4032 6452
301 306 416 368 873

1336 288 1859 353 BllilJOTI—IECA.
1889 310 1956 321 —
1994 285 2155 344 COD.
2218 284 2538 347 CCXXIII.

3462 277 3581 348 871

300 420 570 488 φιλουντα
621 411 937 484 συμϐαίνειν
979 407 1196 462 δοκοῦσι
1234 407 1542 478 προλέγειν,
1573 403 1624 455 τί
1661 402 1876 468 θαυμασ

2015 395 2136 462 llud,
2172 413 2275 450 non
2307 399 2428 452 dico
2465 398 2680 466 smpius,
2705 399 2797 452 sed
2831 397 2998 452 semel
3031 397 3321 451 admodum
3359 401 3568 451 evenis-

299 510 429 562 στὸν
463 509 512 560 εί
540 505 934 574 τυγχάνουσινς
971 501 1045 554 Οὐ
1084 501 1193 567 γὰρ
1220 496 1333 550 ἔστι
1364 495 1559 567 ῥᾳδίως
1591 494 1883 560 ἀποτυχεῖν

297 602 359 652 ὲν
409 597 606 668 πλήθει
651 595 911 665 βάλλοντα
943 594 1067 653 τοὺς
1117 589 1340 656 λόγους·
1387 583 1700 655 θαυμαστὸν
1731 582 1788 634 δὲ
1816 577 1885 650 ἦν

302 690 510 760 μᾶλλον
532 729 549 752 ,
591 689 640 740 εί
679 685 766 740 διὰ
799 683 998 746 παντὸς
1027 682 1423 750 ἀπετύγχανον.
1456 679 1520 730 Εἰ
1549 677 1605 729 δὲ
1636 675 1730 727 καὶ
1773 671 1888 726 δαί-

302 800 477 852 μονας
507 781 694 851 ἔχουσι
731 777 1052 847 συνεργοὺς,
1085 773 1276 842 ὥσπερ
1299 766 1393 824 οὖν
1416 769 1632 840 ἔχουσιν
1660 769 1889 836 ἐπικρα-

300 850 568 932 τύνοντας
609 867 788 922 αὐτῶν
833 865 931 936 τὴν
970 863 1095 936 [565
1122 859 1218 933 Η.]
1248 860 1552 930 πρόρρησιν
1571 896 1587 921 ,
1615 850 1792 908 οὐκέτ’
1822 852 1889 907 ἂν

301 969 351 1020 εἰ
378 962 799 1031 ἐπιτυγχάνοιεν
825 959 1191 1030 ἀπορήσαιμι,
1220 952 1358 1007 ἀλλά
1386 950 1568 1022 πολλῷ
1604 947 1806 1018 μᾶλλον
1840 948 1889 999 εἰ

306 1060 382 1129 μὴ
413 1055 848 1124 ἐπιτυγχάνοιεν.
868 1049 1195 1121 Συνεργοῦσι
1223 1049 1280 1101 δὲ
1305 1044 1514 1108 τούτοις
1543 1045 1592 1096 οί
1617 1039 1889 1111 δαίμονες,

308 1152 512 1213 εἰδότες
545 1149 646 1219 μὲν
675 1147 743 1199 τά
771 1144 924 1214 παρά
965 1145 1078 1206 τοῖς
1119 1139 1472 1210 ἀστρολόγοις
1509 1132 1891 1206 γεγραμμένα,

314 1239 653 1313 πληροῦσθαι
682 1237 739 1290 δὲ
767 1236 940 1290 ταῦτα
969 1233 1155 1302 ἀγῶνα
1185 1232 1365 1286 πάντα
1405 1227 1892 1294 καταϐαλλόμενοι,

289 1357 294 1364 ·
319 1339 407 1390 ἵνα
431 1334 526 1405 τὴν
551 1333 653 1402 τῆς
687 1329 1028 1400 εἱμαρμένης
1060 1324 1268 1393 πλάνην
1309 1325 1422 1387 τοῖς
1449 1319 1792 1389 πειθομένοις
1813 1319 1899 1370 ὲν-

317 1429 575 1499 τήξαντες
610 1423 706 1476 τοῦ
738 1423 894 1474 Θείου
942 1417 1334 1487 κατολιγωρεϊν
1364 1412 1722 1468 ἁναπείσωσι.
1753 1411 1898 1479 Προ⁴

313 1523 464 1589 λέγει
507 1518 564 1570 δὲ
606 1517 674 1569 τὰ
721 1513 901 1584 βιϐλία
951 1508 1182 1564 πλοῦτον
1209 1509 1305 1562 καὶ
1329 1506 1519 1560 πενίαν
1553 1504 1651 1557 καὶ
1692 1503 1793 1556 ὅσα
1841 1501 1900 1552 ἐν

313 1614 436 1683 βίῳ.
458 1611 579 1664 Ἐπὶ
607 1609 664 1661 δε
697 1604 873 1659 ταῦτα
895 1603 1019 1665 τοὺς
1046 1600 1304 1670 δαίμονας
1333 1598 1614 1667 συνεργεῖν
1643 1595 1705 1648 οὗ
1737 1592 1900 1664 χαλε-

311 1706 416 1758 πόν
440 1721 456 1733 ·
491 1701 588 1756 καὶ
627 1699 735 1768 γὰρ
777 1697 873 1749 καὶ
902 1697 1064 1764 ἡμεῖς
1105 1692 1368 1762 ἀλλήλους
1398 1689 1568 1744 πολλὰ
1595 1685 1799 1740 τούτων
1833 1683 1899 1737 ἀν

1985 501 2094 556 set,
2138 493 2334 546 merito
2385 490 2642 546 admirari
2699 489 2911 544 licebat.
2953 491 3024 540 At
3058 503 3180 541 cum
3215 504 3278 544 ea
3315 505 3434 560 quae
3459 492 3568 561 ple-

1985 598 2214 652 rumque
2254 582 2502 637 accidere
2544 580 2721 636 solent
2752 582 3046 650 praedicere
3084 581 3406 645 videantur,
3439 583 3567 650 quid

1988 677 2187 730 mirum
2246 675 2291 729 si
2321 685 2467 729 recte
2488 672 2824 739 conjiciant?
2853 687 2956 726 non
2988 673 3132 727 enim
3167 672 3325 728 facile
3355 683 3567 728 esttam

1991 767 2157 822 multa
2192 766 2460 820 dicentem
2501 767 2775 820 aberrare.
2805 765 3001 834 221a
3045 764 3182 831 Quin
3232 764 3360 818 illud
3391 764 3573 834 potius

1993 861 2298 916 mirandum
2328 859 2419 924 sit,
2472 873 2684 927 semper
2719 857 2764 912 si
2801 857 3139 912 aberrarent.
3169 855 3288 911 Jam
3324 858 3369 912 si
3411 856 3578 912 etiam

1994 956 2264 1009 daemones
2304 951 2540 1006 habeant
2583 951 2864 1020 adjutores
2889 987 2906 1012 ,
2952 949 3405 1018 quemadmodum
3443 959 3581 1005 sane

1994 1046 2214 1108 habent,
2241 1043 2331 1114 qui
2374 1045 2610 1114 ipsorum
2642 1042 3045 1111 praedictionem
3078 1041 3426 1105 confirmant,
3469 1056 3578 1096 non

1995 1135 2227 1204 amplius
2259 1145 2370 1188 tum
2405 1137 2573 1188 mirer
2637 1133 2682 1188 si
2723 1142 2869 1187 recte
2906 1132 3236 1197 conjectent,
3281 1132 3376 1186 sed
3411 1133 3582 1187 multo

1997 1227 2170 1298 magis
2229 1225 2274 1282 si
2320 1241 2424 1280 non
2460 1233 2606 1280 recte
2639 1225 2956 1294 conjiciant.
2994 1223 3267 1292 Adjuvant
3304 1224 3447 1278 enim
3487 1238 3584 1279 eos

1999 1321 2292 1378 daemones.
2322 1319 2373 1371 in
2403 1317 2797 1386 astrologorum
2828 1317 3045 1386 scriptis
3098 1316 3332 1370 maxime
3362 1315 3583 1379 versati,

2000 1410 2148 1463 omni
2185 1409 2252 1463 ad
2283 1409 2400 1463 haec
2443 1409 2768 1479 perficienda
2806 1407 3156 1461 contentione
3193 1406 3587 1475 adhibita,quo

2003 1501 2284 1564 nimirum,
2318 1499 2410 1554 illo
2443 1498 2512 1553 de
2549 1497 2662 1552 fato
2691 1512 2877 1553 errore
2917 1498 3079 1550 nimis
3113 1496 3349 1551 credulis
3383 1497 3584 1562 infuso,

2004 1601 2370 1660 contemptum
2436 1591 2659 1658 insuper
2717 1589 2811 1644 Dei
2862 1589 2947 1643 Itis
3008 1588 3144 1657 ipsis
3202 1588 3586 1654 persuadeant.

2009 1683 2314 1738 Praedicunt
2347 1693 2528 1738 autem
2565 1681 2872 1748 huiusmodi
2905 1681 3032 1736 libri
3078 1681 3318 1746 divitias,
3359 1695 3592 1750 pauper-

312 1745 672 1864 ll'odlqﬁéwws;
699 1745 1061 1856 διαθείημεν,
1143 1745 1423 1843 πείθοντες
1451 1779 1484 1850 ἦ
1512 1777 1827 1838 ἀπατῶντες
1863 1774 1896 1840 ἦ

2015 1787 2191 1844 tatem,
2213 1789 2268 1830 et
2292 1791 2632 1846 quaecunque
2665 1776 2982 1844 contingere
3011 1774 3062 1827 in
3105 1775 3208 1829 hac
3245 1774 3354 1826 vita
3387 1773 3590 1836 solent,

310 1879 843 1950 καταναγκάζοντες.
895 1875 1328 1946 Κατισχύουσιπ
1367 1872 1426 1925 δὲ
1475 1867 1900 1941 ἁμαρτανόντων

308 1983 373 2034 τὸ
404 1979 682 2049 δαιμόνιον
717 1975 903 2045 φῦλον,
934 1971 1125 2041 ἄγουσί
1154 1988 1212 2024 τε
1243 1969 1338 2022 καὶ
1372 1967 1596 2036 φέρουσι
1619 1963 1746 2026 τοὺς
1776 1978 1899 2014 πει-

313 2076 582 2144 θομένους
613 2071 736 2122 ὅποι
785 2068 851 2121 ἂν
898 2065 1171 2136 βούλοιντο
1187 2062 1256 2116 ’⁸.
1303 2059 1592 2112 Βούλονται
1619 2055 1674 2108 δὲ
1705 2054 1838 2124 πρὸς
1856 2052 1902 2084 ⁸⁷

265 2206 268 2208 -
314 2165 414 2228 τὰς
446 2164 557 2216 τῶν
585 2160 930 2233 ἀστρολόγων
958 2157 1174 2218 ἀπάτας
1211 2154 1302 2206 τὸν
1345 2152 1614 2223 ἡμέτερον
1645 2145 1906 2216 ἁρμόζειν

314 2259 459 2329 βίον,
489 2257 579 2311 ἵνα
610 2255 708 2317 τὰς
739 2255 836 2324 μὲν
864 2251 1118 2312 ἐκϐάσεις
1144 2246 1379 2317 ὁρῶντες
1405 2248 1517 2306 τοῖς
1555 2239 1905 2311 ἀστρολόγοις

313 2351 670 2420 συμφώνους,
699 2347 828 2409 τοὺς
865 2344 922 2397 δὲ
950 2344 1123 2396 ταῦτα
1147 2339 1490 2410 πράττοντας
1530 2334 1605 2405 μὴ
1636 2331 1908 2421 συνορῶν-

311 2461 434 2506 τες,
472 2440 565 2494 τοῦ
595 2457 655 2491 τε
687 2437 888 2508 δρόμου
919 2435 1028 2488 τῶν
1058 2432 1305 2499 ἀστέρων
1332 2429 1383 2482 of
1421 2425 1762 2497 ἠπατημένοι
1812 2439 1910 2475 κα-

313 2532 691 2604 ταψεύδοιντο,
724 2530 819 2582 καλ¹
849 2530 949 2598 τῆς
979 2523 1258 2585 εὐσεϐείας
1280 2521 1376 2575 καὶ
1399 2517 1749 2587 δικαιοσύνης
1776 2517 1911 2586 ἀμε-

314 2627 588 2696 λήσαντες
620 2625 700 2686 εἰς
725 2622 816 2675 τὸν
849 2623 948 2692 τῆς
979 2616 1232 2678 ἀσεϐείας
1255 2613 1414 2684 βυθὸν
1435 2609 1784 2680 όλισθήσωσι.
1802 2611 1910 2662 Καὶ

319 2716 458 2770 αὐτὸ
491 2715 548 2769 δὲ
576 2711 732 2767 τοῦτο
753 2754 768 2778 ,
797 2711 858 2764 τδ
883 2709 957 2781 μὴ
984 2711 1216 2779 συνορᾷν
1243 2705 1441 2767 αὐτοὺς
1471 2705 1531 2756 τὸ
1561 2701 1726 2772 ῥηθὲν
1772 2701 1912 2753 κατὰ

316 2808 433 2860 τῶν
463 2804 769 2876 ἀνθρώπων
797 2799 1292 2872 δραματούργημα,
1320 2797 1428 2851 τῶν
1455 2795 1727 2865 δαιμόνων
1752 2792 1913 2863 ἔργον

319 2901 389 2953 ἂν
424 2898 536 2966 εἴη,
562 2896 662 2966 τῆς
689 2893 964 2966 ἁμαρτίας
1009 2891 1106 2944 καὶ
1154 2889 1411 2951 ἀσεϐείας
1446 2885 1842 2956 συναιρομένης
1867 2883 1913 2913 ⁸⁸

323 2991 536 3054 αὐτοῖς,
565 2989 659 3042 καὶ
686 2987 746 3041 τό
788 3003 850 3039 τε
895 2983 1075 3039 αὐτῶν
1110 2982 1413 3053 μηχάνημα
1444 2979 1682 3031 συνιέναι
1712 2977 1914 3029 διακω-

323 3084 564 3154 λυούσης
611 3082 706 3134 καὶ
749 3079 858 3132 τῶν
904 3075 1000 3131 τοῦ
1042 3076 1177 3129 Θεοῦ
1233 3073 1518 3144 κριμάτων
1562 3070 1824 3130 ὡσαύτως
1855 3067 1917 3119 τὸ

326 3176 519 3247 βάθος.
551 3173 674 3235 Πῶς
723 3171 835 3243 γὰρ
884 3168 1226 3237 ἀποκαλύψει
1271 3166 1334 3219 τὸ
1382 3165 1537 3218 Θεῖον
1583 3163 1617 3234 ἢ
1657 3160 1756 3224 τὰς
1807 3160 1916 3212 τῶν

321 3266 601 3336 δαιμόνων
628 3263 847 3334 ἐνέδρας
873 3262 906 3333 ἢ
938 3261 1038 3324 τὰς
1068 3258 1260 3314 ἑαυτοῦ
1291 3258 1630 3327 οἰκονομίας,
1658 3250 1739 3317 οἷς
1773 3269 1916 3323 παρ-

323 3363 466 3432 ορᾷν
512 3358 676 3412 αὐτοῦ
699 3357 744 3388 ν’
795 3355 1154 3420 σπουδάζεται
1204 3353 1272 3406 τά
1320 3352 1760 3422 προστάγματας
1807 3345 1918 3399 Καὶ

325 3455 446 3522 γὰρ
489 3453 632 3518 ειπερ
683 3449 839 3520 ἴσμεν
883 3446 1063 3508 ἄδικα,
1093 3445 1268 3499 ταῦτα
1317 3444 1667 3513 πράττομενο
1716 3439 1813 3508 ούχ
1844 3432 1918 3489 ῶν

327 3545 589 3607 ἐπαίνους
625 3543 806 3611 ἴσμεν,
835 3539 1010 3594 ταῦτα
1049 3536 1480 3610 μεταδιώκομεν.
1507 3535 1615 3587 Καὶ
1639 3535 1753 3596 πῶς
1776 3533 1920 3602 ἅπερ

330 3636 638 3706 ἀγνοοῦμεν
675 3632 1070 3704 μαθησόμεθα;
1122 3627 1405 3701 Ἔπραξας
1436 3628 1472 3681 ἀ
1501 3626 1730 3697 ἔμαθες·
1777 3640 1921 3692 παρ-

329 3732 640 3792 εσκεύασας
694 3726 885 3780 ἑαυτὸν
928 3725 995 3777 δι’
1021 3725 1220 3796 ἀρετῆς
1270 3722 1363 3775 τοῦ
1418 3721 1610 3790 μαθεῖν
1643 3717 1808 3770 πλέον
1845 3711 1922 3770 ὧν

332 3824 634 3878 ἐπίστασαι
661 3819 840 3884 ἀξιον·
870 3815 1118 3887 θαύμαζε
1150 3817 1198 3867 εἰ
1227 3813 1302 3884 μὴ
1333 3811 1524 3883 μαθεῖν
1553 3809 1708 3878 ἔσχες
1732 3808 1801 3860 τά
1828 3822 1920 3859 τε-

332 3913 602 3984 λεώτερα.
638 3911 702 3963 Et
733 3909 792 3962 δὲ
819 3908 1018 3962 πάθεσι
1046 3905 1229 3978 βρύεις
1259 3904 1355 3956 καὶ
1378 3900 1514 3955 Θεοῦ
1540 3898 1920 3970 καταφρονεῖς,

334 4005 460 4068 πῶς
492 4003 713 4074 μαθήσῃ
765 4000 863 4061 τὰς
897 3997 1212 4068 οἰκονομίας
1241 3993 1405 4048 αὑτοῦ
1457 3993 1489 4063 ἦ
1533 3993 1632 4062 τὴν
1664 3990 1803 4043 κατά
1829 3987 1922 4042 σοῦ

331 4099 449 4151 τῶν
491 4095 780 4165 δαιμονίων
810 4093 1108 4160 ὲπήρειαν;
1145 4086 1268 4158 [701
1309 4084 1404 4158 3.]
1435 4084 1558 4146 Πῶς
1600 4083 1657 4135 δὲ
1691 4083 1752 4134 οὐ
1785 4096 1923 4150 κρα-

333 4192 564 4260 τήσειαν
588 4185 838 4256 δαίμονες
869 4181 1106 4253 εὐχερῶς
1131 4175 1207 4234 ῶν
1231 4183 1329 4233 οὐκ
1351 4180 1466 4231 ἐστι
1487 4178 1545 4230 τὸ
1572 4177 1725 4229 Θείον
1755 4173 1926 4242 ὑπέρ-

341 4300 543 4354 μαχον,
596 4281 732 4350 πρὸς
781 4279 961 4330 ἐκεῖνα
1010 4277 1231 4337 τούτους
1277 4269 1680 4340 κατασύροντες
1733 4265 1769 4321 ἃ
1816 4268 1925 4318 τῶν

337 4372 689 4443 ἀστρολόγων
722 4370 778 4423 αἱ
815 4369 989 4438 βίϐλοι
1020 4364 1402 4436 προλέγουσιν,
1435 4360 1510 4423 ὡς
1538 4359 1603 4412 ἂν
1635 4357 1695 4411 τὸ
1723 4358 1822 4428 τῆς
1846 4357 1925 4408 εἱ-

2003 1871 2070 1924 ad
2106 1885 2227 1940 qua:
2253 1881 2383 1922 sane
2403 1868 2678 1922 dmmones
2713 1881 2864 1920 snam
2892 1881 3049 1934 opem
3085 1866 3414 1920 atferrenon
3452 1863 3594 1918 ditii-

2004 1962 2177 2017 cnlter
2208 1969 2455 2029 possunt.
2492 1959 2700 2015 Etenim
2725 1962 2887 2014 etiam
2917 1975 3014 2014 nos
3047 1959 3239 2013 borum
3281 1974 3390 2013 non
3422 1973 3593 2027 pauca

2007 2056 2060 2110 in
2111 2055 2274 2124 alios,
2321 2055 2365 2109 si
2393 2053 2552 2108 modo
2595 2053 2864 2116 velimus,
2907 2053 2993 2107 vel
3041 2053 3456 2122 persuadendo,
3506 2051 3595 2106 vel

2013 2147 2357 2217 decipiendo,
2381 2145 2464 2201 vel
2494 2145 2602 2200 vim
2635 2143 2960 2207 adhibendo,
2995 2141 3442 2197 conferamus.Et
3464 2157 3596 2196 vero

2011 2247 2328 2306 peccatores
2377 2236 2429 2289 in
2457 2250 2551 2291 sua
2586 2242 2733 2288 tenet
2783 2243 3052 2302 potestate
3079 2234 3379 2287 daemonum
3413 2233 3593 2294 turba,

2010 2330 2484 2398 obsequentesque
2537 2326 2684 2380 ducit
2727 2334 2890 2393 atque
2930 2326 3043 2395 agit
3089 2340 3198 2395 quo
3234 2324 3369 2379 vult.
3415 2324 3600 2379 Velint

2013 2433 2196 2478 autem
2241 2424 2308 2477 ad
2343 2421 2743 2492 astrologorum
2788 2413 3030 2474 fallacias
3060 2429 3308 2475 nostram
3345 2418 3599 2488 componi

2013 2515 2181 2570 vitam
2216 2533 2230 2571 :
2269 2524 2325 2569 ut
2347 2526 2574 2570 eventus
2602 2513 2821 2582 quidem
2882 2529 3006 2569 cum
3038 2513 3436 2580 astrologorum
3468 2527 3602 2581 prte-

2014 2609 2346 2663 dictionibus
2376 2608 2691 2662 consentire
2719 2607 3236 2665 animadvertetttes,
3285 2609 3378 2659 sed
3409 2619 3599 2658 eorum

2015 2709 2266 2756 auctores
2289 2715 2395 2752 non
2419 2699 2797 2761 observantes,
2822 2715 2928 2752 non
2951 2699 3126 2753 solum
3151 2707 3419 2772 astrorum
3436 2711 3602 2750 cursu

2016 2792 2222 2861 decepti
2270 2792 2544 2856 fallamur,
2583 2806 2774 2846 verum
2807 2792 2994 2855 etiam,
3024 2791 3243 2859 pietatis
3279 2804 3341 2844 ac
3375 2789 3604 2856 justitire

2017 2883 2160 2938 nulla
2192 2883 2379 2937 habita
2428 2883 2660 2949 ratione,
2688 2883 2742 2936 in
2775 2882 3071 2954 impietatis
3113 2883 3371 2952 abyssum
3396 2880 3604 2936 incida-

2017 2987 2160 3030 mus.
2189 2973 2256 3026 Et
2293 2973 2397 3028 hoc
2425 2973 2641 3042 quidem
2669 2973 2868 3040 ipsum,
2897 2972 3042 3041 quod
3073 2973 3243 3038 illam,
3270 2989 3436 3042 quam
3470 2973 3608 3029 dixi-

2019 3080 2162 3128 mus,
2195 3065 2550 3134 compositam
2575 3065 2838 3120 adversus
2866 3064 3117 3120 homines
3145 3065 3605 3120 machinationem

2022 3157 2076 3211 hi
2105 3171 2210 3210 non
2233 3157 2691 3221 animadvertant,
2713 3156 3017 3212 daemonum
3047 3155 3234 3226 utique
3263 3171 3399 3226 opus
3421 3155 3607 3222 fuerit,

2023 3255 2250 3314 peccato
2295 3246 2458 3301 simul
2524 3257 2685 3314 atque
2737 3246 3012 3313 impietate
3074 3246 3282 3312 ascitis,
3345 3262 3443 3317 per
3485 3261 3608 3316 qua:

2023 3336 2414 3406 prohibeantur
2439 3335 2671 3408 [miseri]
2704 3346 2756 3390 et
2785 3337 2976 3390 horum
3007 3336 3362 3400 molitionem,
3391 3346 3446 3391 et
3475 3337 3610 3390 divi-

2025 3445 2214 3484 norum
2247 3429 2500 3483 similiter
2521 3429 2845 3498 iudiciorum
2883 3427 3305 3497 profunditatem
3335 3426 3607 3495 intellige-

2025 3535 2104 3575 re.
2159 3519 2440 3585 Quomodo
2491 3519 2635 3571 cnim
2686 3515 2830 3571 Deus
2864 3527 2957 3570 aut
2995 3518 3301 3570 daemonum
3356 3517 3604 3579 insidias,

2026 3621 2118 3666 aut
2144 3627 2256 3666 sua:
2283 3611 2634 3680 providentiae
2667 3609 2925 3680 mysteria
2959 3609 3276 3664 manifeslet
3320 3609 3385 3662 iis
3411 3610 3607 3677 quibus

2024 3703 2204 3759 studio
2255 3711 2340 3758 est
2391 3700 2510 3771 ejus
2553 3701 2830 3771 despicere
2869 3711 3135 3770 praecepta
3169 3698 3434 3755 iEtenim
3487 3716 3609 3770 qua:

2026 3796 2207 3866 iniqua
2243 3810 2365 3851 esse
2411 3796 2632 3859 scimus,
2661 3804 3034 3863 perpetramus
3071 3813 3087 3848 :
3117 3808 3290 3863 neque
3334 3805 3510 3847 tamen
3541 3808 3606 3848 ea

2025 3897 2424 3952 consectamur,
2479 3902 2598 3956 quae
2656 3885 2924 3940 laudanda
2970 3886 3261 3950 novimus;
3319 3896 3375 3940 et
3428 3884 3610 3941 adhuc

2027 3995 2312 4050 speramus
2342 3995 2444 4035 nos
2496 3981 2676 4048 ignota
2705 3989 3057 4048 percepturos
3083 3977 3110 4030 ?
3155 3976 3260 4032 Ubi
3291 3991 3354 4032 ea
3387 3977 3605 4043 feceris,

2027 4089 2146 4144 qme
2187 4073 2445 4139 didicisti,
2495 4083 2658 4142 atque
2681 4086 2777 4141 per
2811 4071 3068 4125 virtutem
3118 4070 3353 4140 teipsum
3385 4070 3608 4139 dignum

2028 4165 2354 4229 reddideris,
2382 4165 2448 4218 ad
2479 4163 2629 4233 plura
2668 4169 2864 4232 praeter
2891 4177 2954 4216 ea
2986 4177 3105 4232 quae
3129 4172 3255 4216 ante
3286 4162 3611 4232 cognoveris

2028 4257 2398 4327 percipienda,
2423 4264 2532 4309 tum
2552 4257 2771 4310 demum
2800 4254 3036 4320 mireris,
3056 4254 3100 4308 si
3131 4268 3252 4322 qua;
3285 4253 3611 4322 perfectiora

2028 4357 2178 4413 sunt,
2209 4345 2424 4399 discere
2455 4344 2796 4413 nequiveris.
2828 4345 2896 4396 At
2924 4343 3160 4411 quandiu
3191 4343 3612 4410 perturbationi-

344 4465 636 4538 μαρμένης
696 4463 754 4515 ὲν
800 4462 985 4523 αὐτοῖς
1032 4455 1432 4530 βεϐαιώσαντες
1481 4452 1711 4520 πλάσμα
1763 4448 1911 4500 πλέοι

2029 4439 2130 4492 bus
2174 4434 2405 4490 refertus
2447 4449 2528 4502 es,
2576 4433 2855 4502 Deumque
2897 4433 3223 4499 conteumis,
3253 4435 3524 4501 quomodo
3552 4443 3611 4487 tu

338 4559 482 4612 Θεοῦ
528 4554 1015 4624 ἀποστατήσωσινς
1055 4550 1118 4602 Ei
1174 4547 1357 4618 μέντοι
1405 4561 1470 4614 γε
1511 4544 1642 4612 ὅσην
1686 4541 1816 4612 περὶ
1857 4540 1926 4592 τὰ

341 4651 496 4705 κακὰ
526 4648 760 4717 σπουδὴν
795 4647 1037 4715 εἴχομεν,
1068 4641 1338 4710 τοσαύτην
1378 4636 1506 4706 περὶ
1540 4637 1610 4688 τὰ
1640 4633 1800 4694 καλὰ,
1825 4631 1925 4684 οὐκ

339 4744 411 4797 ἂν
445 4743 790 4812 ἡγνοήσαμεν
821 4738 943 4790 ὅσον
975 4734 1078 4786 ὑπὸ
1108 4731 1240 4785 Θεοῦ
1269 4726 1636 4798 τετιμήμεθα,
1665 4725 1772 4778 οὐδ’
1804 4725 1927 4776 ὅσον

343 4835 493 4889 κατὰ
517 4832 785 4902 δαιμόνων
825 4827 1100 4897 ἰσχύομεν.
1131 4820 1414 4890 Πανταχοῦ
1449 4818 1583 4889 μὲν¹
1625 4815 1734 4886 γὰρ
1773 4814 1928 4876 Θεὸς,

344 4928 560 4996 ἐγγίζει
600 4925 657 4976 δὲ
705 4921 906 4994 μᾶλλον
939 4921 1051 4980 τοῖς
1084 4916 1152 4970 δι’
1181 4916 1359 4984 ἔργων
1398 4910 1686 4980 ἀγαπῶσιν
1730 4907 1926 4960 αὐτόν’

345 4989 486 5074 ὃποῦ
514 5018 570 5069 δὲ
601 5014 754 5078 Θεὸς,
783 5013 866 5077 τίς
893 5013 920 5064 ὁ
945 5008 1222 5062 λανθάνων
1252 5005 1349 5074 τὴν
1373 5001 1664 5071 ἐπιϐουλὴν
1691 5001 1722 5070 ἢ
1755 5001 1784 5051 ό
1810 5000 1929 5049 ἐπι-

348 5107 628 5166 ϐουλεύων
661 5107 832 5171 ὃλως;
877 5100 1066 5156 Ταῦτα
1094 5096 1364 5152 διαλαϐὼν
1389 5095 1457 5148 τά
1489 5092 1612 5163 ίερά
1640 5092 1798 5159 λόγια
1828 5090 1933 5142 πά-

348 5206 439 5257 λιν
490 5199 632 5255 κατά
674 5197 773 5266 τῆς
820 5191 1163 5264 εἱμαρμένης
1213 5185 1445 5249 ὁπλίζει,
1479 5181 1760 5252 παραινῶν
1810 5179 1936 5240 τοὺς

351 5290 678 5362 ἀνθρώπους
706 5278 1146 5338 ἀπαλλάττεσθαι
1175 5277 1272 5346 τῆς
1300 5272 1557 5342 τοιαύτης
1587 5271 1814 5338 πλάνης.
1839 5265 1937 5320 Διά

353 5383 416 5436 δὲ
463 5359 561 5434 τοῦ
608 5378 788 5446 λέγειν
835 5375 914 5436 εἰς
969 5371 1170 5442 σημεῖα
1209 5367 1302 5422 καὶ
1336 5366 1418 5430 είς
1447 5365 1674 5434 καιροὺς
1716 5361 1810 5414 καὶ
1856 5359 1938 5421 εἰς

2033 4539 2128 4582 aut
2153 4528 2272 4599 ejus
2305 4526 2655 4598 providentia:
2685 4526 2941 4597 mysteria
2973 4525 3168 4588 disces,
3209 4524 3292 4578 vel
3339 4535 3528 4579 contra
3559 4535 3613 4580 te

2029 4622 2328 4675 daemonum
2359 4616 2657 4687 impetum?
2683 4615 2750 4669 Et
2772 4615 3038 4684 quomodo
3061 4631 3165 4668 non
3208 4615 3365 4669 facile
3395 4616 3616 4670 vincant

2029 4708 2303 4764 daemones
2332 4723 2425 4762 eos
2454 4707 2648 4776 quibus
2682 4719 2787 4757 non
2814 4712 2897 4757 est
2923 4701 3064 4756 Deus
3095 4713 3463 4770 propugnator
3490 4702 3514 4755 ?
3543 4703 3612 4756 ad

2034 4807 2122 4860 illa
2173 4803 2425 4858 nimirum
2465 4801 2562 4853 hos
2617 4797 2994 4858 attrahentes,
3045 4808 3165 4862 qua:
3212 4792 3612 4863 astrologorum

2032 4897 2158 4952 libri
2197 4893 2494 4964 praedicunt
2525 4907 2540 4944 :
2566 4897 2624 4941 ut
2647 4887 2739 4940 fati
2767 4886 2818 4938 in
2847 4886 2925 4939 eis
2957 4884 3208 4952 figmento
3237 4883 3614 4945 corroborato,

2035 4987 2268 5058 amplius
2309 4984 2472 5038 etiam
2508 4997 2538 5034 a
2572 4979 2683 5034 Deo
2705 4979 2979 5032 deficiant.
3030 4976 3216 5043 Atqui,
3244 4975 3288 5029 si
3317 4985 3521 5043 quanto
3547 4977 3616 5028 ad

2037 5081 2239 5134 malum
2275 5076 2454 5130 Studio
2475 5069 2876 5135 contendimus,
2911 5077 3060 5121 tanto
3093 5068 3219 5121 item
3250 5065 3316 5118 ad
3359 5067 3614 5118 honesta-

2042 5184 2148 5227 tem
2181 5169 2634 5229 iucumberemus,
2666 5178 2770 5218 nou
2821 5162 3195 5232 ignoraremus
3229 5157 3423 5226 2210
3449 5172 3613 5226 quam

2044 5264 2156 5318 Deo
2187 5261 2335 5316 cbari
2354 5260 2547 5323 simus,
2577 5270 2750 5324 neque
2775 5262 3035 5323 quantum
3069 5251 3262 5304 virium
3287 5259 3471 5302 contra
3507 5247 3617 5300 da:-

2045 5370 2258 5410 monem
2296 5353 2612 5406 habeamus.
2655 5345 2767 5401 Etsi
2819 5345 2964 5400 enim
2997 5341 3196 5411 ubique
3225 5340 3387 5404 Deus,
3427 5338 3493 5391 ad
3523 5353 3619 5392 eos

1644 5518 1878 5575 V'AlllIE
1909 5515 2314 5574 LECTIONES.

427 5652 472 5682 ’³
507 5650 856 5724 κατισχύουσι
894 5644 1260 5724 apographum
1293 5639 1550 5724 Stephani
1586 5656 1599 5722 ξ
1636 5635 2046 5724 καῇσχΔύςουσιη
2073 5653 2131 5699 ς.
2212 5634 2258 5666 ’⁵⁸
2295 5630 2567 5703 βούλοιντο
2601 5646 2660 5693 ς.
2736 5627 2778 5658 ⁸⁷
2816 5621 2970 5696 πρὸς]
3001 5620 3073 5683 ὡς
3118 5621 3182 5672 Α.

699 5715 744 5754 ’9
772 5718 939 5774 αὑτοῦ
980 5709 1039 5779 ξ.
1099 5709 1130 5745 ’⁸
1169 5713 1267 5784 μὲν
1295 5724 1351 5766 et
1385 5710 1524 5766 infra
1555 5710 1633 5773 εἰς
1660 5709 1782 5762 add.
1815 5709 1878 5760 Λ.

774 5813 1044 5873 Ρηιιοι.
1077 5809 1192 5868 Gn.
1236 5805 1397 5868 Clll.

367 5728 539 5797 μένης
564 5743 622 5790 ς.

3259 5615 3307 5650 ’⁸
3337 5627 3618 5681 συναιρού-

3142 5772 3220 5834 '28
