4032 6450
532 340 634 404 875

1678 328 1946 394 ῬΠΟΤΙΙ
1984 330 2492 390 ΡΛΤΒΙΛΒΟῙΙῈ
2524 330 2632 389 CP.

3640 346 3728 412 875

526 468 702 509 tamen
718 448 950 523 .pr0pins
974 445 1201 507 accedit,
1229 444 1317 513 qui
1341 457 1436 513 per
1456 455 1619 510 opera
1648 441 1821 510 ipsum
1846 440 2096 509 diligunt.

2221 439 2486 499 ενιαυτοὺς
2514 435 2765 504 γενέσθαι
2794 436 2942 505 παρὰ
2970 435 3106 489 Θεοῦ
3137 434 3228 489 τὸν
3256 436 3399 506 ἧλιον
3424 446 3510 498 καὶ
3547 452 3632 521 τὴν
3657 474 3731 510 σε-

524 546 625 601 Ubi
677 554 856 598 autem
886 540 1027 594 Deus
1049 546 1154 602 est,
1201 550 1445 604 quaenam
1476 534 1586 587 illic
1636 532 1842 587 insidize
1877 530 2098 595 lateant,

525 650 617 694 aut
671 636 792 705 quis
824 631 1049 689 omnino
1076 627 1217 681 adsit
1247 626 1529 680 insidiator
1556 625 1578 677 ?
1626 622 1757 688 Quae
1799 622 1891 676 ubi
1926 620 2101 675 disse-

525 732 657 792 ruit,
683 725 879 782 divinis
910 735 1123 776 rursum
1142 710 1388 787 Eloquiis
1410 716 1670 770 adversus
1702 713 1868 768 fatum
1901 712 2105 766 instru-

2209 529 2376 599 λήνην
2424 528 2520 582 καὶ
2562 530 2685 592 τοὺς
2730 530 2989 599 ἀστέρας,
3020 528 3089 581 τὰ
3134 528 3231 580 ἐπὶ
3272 530 3439 601 Ἰησοῦ
3480 540 3564 592 τοῦ
3603 545 3739 621 Ναυῆ

2211 622 2555 692 γεγενημένα
2586 620 2876 693 δηλοῦσθαι
2908 639 3040 690 φησι
3072 621 3167 672 καὶ
3196 620 3264 673 τά
3293 624 3382 676 ἐπὶ
3419 627 3637 693 Ἐζεκίου
3659 620 3739 694 τοῦ

2215 712 2480 782 βασιλέως
2521 716 2614 768 καὶ
2652 715 2719 767 τὰ
2762 713 2855 766 ἐπὶ
2892 712 2986 765 τοῦ
3024 712 3344 765 δεσποτικοῦ
3382 718 3592 785 πάθους.

524 828 664 884 etus,
694 816 940 873 homines
965 811 1309 875 adhortatur,
1341 820 1397 864 ut
1428 824 1484 864 se
1514 810 1603 863 illo
1626 822 1813 863 errore
1842 806 2097 862 libercut.
2139 806 2292 874 Quod
2321 819 2499 863 autem
2534 808 2589 862 in
2622 807 2775 877 signa
2815 814 2871 861 et
2904 814 3149 873 tempora
3176 816 3203 843 ι
3243 814 3295 857 et
3356 822 3516 865 annos
3574 813 3743 877 iactum

526 928 647 969 esse
672 927 700 965 a
728 911 838 965 Deo
864 906 1032 963 solem
1068 918 1195 959 cum
1226 902 1356 956 luna
1387 910 1441 955 et
1470 900 1642 956 stellis
1674 900 1896 966 dicitur,
1927 900 2013 955 his
2047 914 2111 955 ea
2150 902 2447 971 signiﬁcari
2483 901 2612 965 vult,
2644 914 2765 971 quae
2794 898 2824 939 ιι
2870 898 2972 953 sub
2994 895 3124 952 Jesu
3152 896 3263 950 ﬁlio
3287 894 3429 954 Nave
3483 911 3534 957 et
3559 915 3579 943 ε
3637 908 3748 964 Em.

527 1006 647 1060 chia
699 1015 845 1069 rege,
893 999 1133 1065 itemque
1174 995 1228 1050 in
1256 996 1283 1034 ἀ
1332 994 1533 1049 Christi
1568 995 1823 1064 passione
1864 995 2231 1065 contigerunt.

600 1098 695 1153 llis
728 1097 889 1167 igitur
926 1093 1379 1163 quinquagesimo
1409 1091 1585 1159 capite
1618 1090 1986 1161 pertractatis.
2039 1089 2103 1144 51

528 1191 593 1246 ad
615 1192 868 1256 deinceps
900 1184 1116 1251 transit,
1141 1198 1248 1253 quo
1273 1198 1302 1236 a
1329 1178 1624 1238 Bardisane
1654 1192 1804 1235 ortos
1830 1181 2114 1236 haereticos

528 1281 833 1351 redarguit,
878 1277 1018 1347 quod
1057 1292 1179 1331 cum
1210 1275 1567 1345 proﬁteantur
1595 1288 1655 1329 se
1691 1273 1981 1345 prophetas
2013 1274 2113 1326 ad-

530 1376 766 1439 mittere,
796 1372 1005 1424 animas
1028 1368 1244 1437 quidem
1279 1380 1311 1420 a
1339 1365 1519 1437 genesi
1548 1365 1749 1420 liberas
1778 1375 1833 1420 et
1862 1365 1946 1420 sui
1974 1365 2113 1435 juris

531 1466 914 1525 conﬁteantur,
960 1459 1055 1515 sed
1099 1473 1296 1527 corpus
1325 1456 1686 1511 nihilominus
1722 1456 1884 1524 hujus
1914 1457 2111 1523 guber—

534 1556 746 1613 nationi
781 1552 1094 1622 suhjiciant.
1128 1550 1267 1605 Nam
1294 1548 1534 1613 divitias,
1556 1556 1956 1617 paupertatem,
1976 1563 2122 1601 mor-

539 1654 686 1715 bum,
729 1647 1042 1712 sanitatem,
1094 1644 1281 1708 vitam,
1338 1651 1573 1696 mortem
1622 1648 1678 1695 et
1706 1652 2045 1709 quaecunque
2068 1640 2119 1692 in

537 1754 725 1799 nostra
749 1756 858 1795 non
890 1747 1017 1794 sunt
1040 1744 1339 1807 potestate,
1394 1749 1493 1805 per
1542 1732 1637 1788 fati
1668 1735 1777 1787 vim
1809 1730 1945 1786 eiiici
1979 1729 2123 1785 aliir-

536 1844 708 1890 ruant.
745 1834 817 1886 At
835 1832 878 1887 si
914 1829 1212 1886 secundum
1234 1825 1427 1881 Isaiam
1453 1838 1477 1865 ο
1502 1826 1757 1896 ignorant
1782 1824 1904 1879 caeli
1939 1831 2121 1877 astro.

2304 1092 2467 1145 Ἀλλα
2494 1108 2717 1145 τοιαυτα
2748 1091 2848 1159 μὲν
2879 1088 2979 1143 καὶ
3007 1087 3149 1141 κατὰ
3178 1086 3240 1139 τὸ
3263 1093 3303 1139 ν’
3331 1090 3607 1145 κεφάλαιον
3635 1097 3751 1152 διελ-

2220 1184 2329 1237 θὼν
2361 1185 2603 1255 μέτεισιν
2633 1184 2725 1236 ἐπὶ
2773 1183 2833 1235 τὸ
2861 1188 2909 1235 α’
2963 1181 3059 1235 καὶ
3092 1180 3159 1242 ν’,
3198 1178 3324 1250 [564
3352 1182 3447 1253 H.‘
3476 1184 3531 1236 ὲν
3560 1179 3600 1253 ᾧ
3644 1194 3748 1256 τοὺς

2221 1277 2330 1330 ἀπὸ
2360 1277 2726 1346 Βαρδισάνους
2756 1275 3073 1345 αίρετικούς
3096 1271 3383 1341 διελέγχει,
3417 1273 3647 1344 δέχεσθαι
3673 1283 3754 1349 μὲν

2222 1370 2728 1439 προσποιουμένους
2752 1369 2877 1431 τοὺς
2900 1366 3211 1438 προφήτας,
3242 1366 3337 1419 καὶ
3366 1370 3463 1431 τὰς
3496 1369 3588 1438 μὲν
3606 1372 3757 1443 ψυχὰς

2221 1461 2493 1528 γενέσεως
2524 1460 2819 1530 ἐλευθέρας
2842 1458 2935 1511 καὶ
2964 1455 3346 1524 αὐτεξουσίους
3377 1459 3756 1531 ὁμολογοῦντας,

2217 1554 2278 1606 τὸ
2304 1553 2463 1620 σῶμα
2480 1554 2537 1605 δὲ
2566 1555 2633 1624 τῇ
2654 1552 2860 1622 ταύτης
2883 1552 3285 1613 ὐποτάττοντας
3308 1550 3593 1622 διοικήσει·
3619 1557 3759 1609 πλοῦ-

2218 1658 2309 1695 τον
2342 1643 2453 1713 γὰρ
2474 1642 2568 1695 καὶ
2600 1641 2812 1703 πενίαν,
2850 1642 2944 1694 καὶ
2966 1640 3123 1693 νόσον
3144 1640 3239 1693 καὶ
3268 1640 3498 1709 ὑγίειαν,
3522 1644 3610 1697 καὶ
3632 1648 3753 1717 ζωὴν

2219 1733 2315 1787 καὶ
2336 1733 2593 1798 θάνατον,
2623 1733 2718 1786 καὶ
2744 1733 2845 1785 ὅσα
2863 1732 2963 1785 οὐκ
2989 1733 3073 1801 ἐφ’
3097 1734 3117 1763 ²
3149 1733 3309 1803 ἡμῖν,
3350 1730 3507 1802 ἔργον
3531 1731 3659 1789 εἶναι
3686 1738 3760 1791 λέ-

2221 1846 2377 1897 γουσι
2397 1832 2497 1898 τῆς
2528 1828 2891 1899 εἱμαρμένης.
2937 1828 3000 1881 Εἰ
3026 1828 3083 1881 δὲ
3111 1828 3252 1882 κατὰ
3286 1828 3380 1880 τὸν
3425 1827 3643 1884 Ἡσαΐαν
3681 1835 3761 1888 οὐκ

536 1930 641 1997 logi
695 1940 815 1997 qua}
859 1923 1038 1979 futura
1077 1922 1206 1986 sint,
1256 1929 1311 1975 et
1350 1934 1417 1974 ex
1458 1917 1707 1974 Ieremia:
1736 1916 1755 1955 ί
1822 1917 2116 1979 sententia,

2223 1924 2402 1974 ῐσασιν
2434 1923 2482 1973 oi
2510 1898 2827 1991 ἀστρολόγοι
2856 1918 2950 2001 τοῦ
2993 1919 3227 1991 οὐρανοῦ
3266 1918 3337 1973 τὰ
3386 1920 3654 1990 μέλλοντα,
3687 1928 3763 1980 καὶ

534 2034 733 2073 vanum
767 2018 873 2072 hoc
895 2027 1056 2069 omne
1084 2014 1320 2068 studium
1369 2020 1474 2078 est,
1526 2010 1802 2079 quomodo
1847 2009 1900 2063 hi
1942 2009 2119 2063 susci-

533 2126 664 2180 pere
693 2123 752 2165 se
789 2108 979 2163 dicunt
1010 2108 1329 2175 prophetas,
1376 2104 1469 2173 qui
1512 2116 1710 2171 corpus
1738 2101 1837 2154 fati
1864 2099 2118 2153 servituti

535 2199 873 2272 subjiciunt?
925 2197 1135 2251 Etenim
1192 2195 1333 2251 Deus
1367 2194 1573 2249 Judaeis
1619 2193 1735 2247 sive
1777 2193 1951 2247 minas
2002 2193 2117 2246 sive

533 2308 724 2365 poenas
751 2289 964 2345 nonnisi
997 2300 1290 2358 corporeas
1320 2284 1587 2349 intendit,
1626 2283 1938 2352 similiaque
1966 2295 2121 2352 parat

534 2383 821 2449 beneﬁcia,
875 2397 1105 2451 quorum
1139 2388 1323 2434 tamen
1358 2376 1727 2447 cognitionem
1762 2390 1866 2430 non
1918 2375 2119 2429 habere

536 2472 843 2543 astrologos
883 2486 979 2541 per
1002 2469 1195 2525 Isaiam
1226 2465 1619 2537 pronuntiavit.
1673 2462 1921 2530 Quonam
1952 2463 2120 2533 igitur

536 2576 694 2635 pacto
735 2564 848 2618 ﬁeri
890 2572 1088 2632 potest,
1129 2570 1189 2615 ut
1210 2568 1263 2615 et
1290 2558 1573 2628 prophetis
1600 2557 1732 2614 ﬁdes
1770 2557 2116 2619 adhibeatur,

538 2668 593 2711 et
620 2670 1004 2727 corporeorum
1050 2668 1171 2707 cum
1210 2652 1477 2706 malorum
1510 2660 1626 2705 tum
1662 2650 1931 2705 bonorum
1968 2658 2119 2719 pote-

538 2762 648 2803 stas
691 2750 870 2803 omnis
920 2746 1031 2801 fato
1088 2743 1458 2807 concedatur,
1503 2752 1559 2796 et
1596 2742 1723 2797 huic
1751 2742 1977 2796 nimium
2018 2740 2117 2795 ad-

537 2843 665 2896 dicti
712 2840 902 2895 ‘futura
944 2836 1289 2910 praedicant?
1338 2835 1445 2890 nisi
1508 2833 1648 2891 forte
1700 2848 1796 2902 per
1848 2834 2119 2889 insaniam

538 2932 797 2996 dixerint,
826 2932 965 2987 bona
1001 2930 1219 2999 quidem
1240 2929 1366 2999 piis,
1406 2928 1543 2985 mala
1572 2942 1703 2982 vero
1725 2927 1907 2997 impiis
1932 2927 2117 2980 distri-

540 3022 727 3083 hnere,
760 3031 815 3076 et
853 3021 1023 3089 ipsum
1054 3018 1279 3088 insuper
1304 3034 1505 3073 numen
1538 3016 1651 3073 fato
1691 3016 1986 3072 deservire.
2051 3016 2122 3070 At

540 3114 633 3181 qui
666 3113 859 3167 animm
897 3112 1081 3182 genesi
1125 3126 1229 3166 non
1279 3110 1664 3180 subiiciantur,
1722 3110 1942 3180 quando
1981 3107 2120 3163 Deus

540 3208 677 3275 ipse,
706 3219 888 3258 rerum
924 3204 1165 3258 omnium
1210 3203 1479 3269 conditor,
1503 3217 1608 3257 una
1646 3216 1769 3257 cum
1798 3201 1900 3256 hac
1929 3216 2120 3271 opera-

2222 2014 2363 2068 κατά
2397 2014 2490 2067 τὸν
2540 2014 2816 2083 Ἰερεμίαν
2881 2013 3089 2084 ματαία
3134 2014 3282 2066 ἐστὶν
3332 2015 3366 2084 ἡ
3414 2016 3540 2085 περὶ
3592 2017 3763 2087 ταύτην

2224 2104 2452 2176 σπουδὴ,
2489 2105 2608 2168 πῶς
2635 2100 2780 2158 οὗτοι
2809 2104 3062 2175 δέχεσθαι
3094 2104 3192 2174 μέν
3228 2122 3366 2173 φασι
3406 2107 3527 2169 τοὺς
3575 2112 3762 2180 προεφή-

2221 2213 2342 2259 τας,
2376 2195 2436 2247 τὸ
2457 2195 2616 2265 σῶμα
2645 2194 2703 2247 δὲ
2729 2193 2915 2247 δοῦλον
2946 2194 3164 2247 ποιοῦσι
3183 2195 3283 2264 τῆς
3305 2195 3660 2266 εἱμαρμένηςς
3689 2201 3765 2251 καὶ

2223 2285 2331 2356 γάρ
2359 2287 2387 2338 ὁ
2414 2285 2544 2349 Θεὸς
2575 2286 2689 2348 τοῖς
2716 2285 2995 2349 Ἰουδαίοις
3038 2289 3133 2341 καὶ
3159 2286 3259 2350 τὰς
3313 2286 3547 2351 ἀπειλὰς
3580 2289 3667 2342 καὶ
3710 2292 3765 2342 τά

2223 2377 2371 2448 πάθη
2399 2378 2691 2447 σωματικά
2710 2378 2937 2450 ἐπηφίει
2960 2379 3002 2445 ³,
3028 2377 3285 2442 τοιαύτας
3305 2379 3363 2432 δὲ
3403 2380 3497 2433 καὶ
3527 2379 3620 2443 τὰς
3641 2381 3767 2452 εὐερα

2224 2472 2432 2539 γεσίας,
2466 2464 2541 2525 ὧν
2562 2472 2786 2538 ἄγνοιαν
2826 2471 2970 2542 ἔχειν
2990 2472 3118 2535 τοὺς
3162 2472 3527 2541 ἀστρολόγους
3571 2473 3651 2526 διὰ
3692 2474 3767 2527 τοῦ

2240 2565 2463 2618 Ἡσαΐου
2496 2564 2932 2635 κατεψηφίσατο.
2984 2563 3108 2628 [Ιῶς
3145 2562 3241 2619 οὐν
3289 2566 3525 2635 ἐγχωρεῖ
3552 2566 3640 2618 καὶ
3679 2568 3767 2630 τοῖς

2224 2658 2536 2727 προφήταις
2560 2656 2871 2723 πείθεσθαι,
2890 2655 2989 2710 καὶ
3012 2655 3121 2709 τῶν
3145 2656 3480 2726 σωματικῶν
3508 2656 3771 2709 κακώσεων

2223 2750 2317 2803 καὶ
2348 2747 2679 2819 εὐεργεσιῶν
2703 2750 2771 2818 τῇ
2808 2748 3119 2819 εἱμαρμένῃ
3149 2749 3209 2800 τὸ
3232 2749 3437 2818 κράτος
3483 2747 3771 2818 χαρίζεσθαι

2223 2840 2319 2893 καὶ
2353 2838 2646 2910 προλέγειν
2670 2838 2799 2901 τούς
2819 2839 2951 2908 περὶ
2982 2838 3154 2907 αὐτὴν
3178 2837 3555 2908 ἐπτοημένους
3590 2836 3655 2891 τὰ
3677 2839 3772 2890 ἐσό-

2225 2948 2395 3001 μενα;
2426 2932 2473 2983 εἰ
2510 2930 2585 3001 μὴ
2613 2929 2722 3001 ἄρα
2756 2929 3062 3001 μεμηνότες
3115 2931 3325 2983 εἴποιεν
3366 2928 3437 2982 τά
3478 2929 3574 2999 μὲν
3624 2928 3773 2996 ἀγαθὰ

2221 3026 2334 3088 τοῖς
2363 3023 2649 3077 εὐσεϐοῦσι
2670 3022 2881 3092 νέμειν,
2915 3022 3175 3076 τάναντία
3196 3020 3291 3074 δδὲ
3324 3023 3438 3083 τοῖς
3458 3020 3767 3083 δυσσεϐοῦσι,

2224 3118 2317 3172 καὶ
2350 3116 2412 3169 τὸ
2441 3116 2596 3169 Θεῖον
2640 3112 3151 3185 ὲξυπηρετούμενον
3192 3115 3261 3184 τῇ
3302 3112 3630 3185 εἱμαρμένῃ.
3686 3110 3773 3164 Καὶ

2226 3209 2345 3272 πῶς
2365 3207 2536 3279 ψυχαὶ
2563 3206 2778 3276 γενέσει
2806 3205 2906 3277 οὐχ
2939 3205 3347 3270 ὑποκείσονται,
3385 3203 3518 3257 Θεοῦ
3552 3203 3639 3256 τοῦ
3664 3203 3774 3256 πάν-

541 3308 648 3360 tur,
714 3294 1080 3362 fatalibusquc
1110 3291 1317 3350 eﬂ‘ectis
1368 3291 1683 3348 subservit?
1739 3289 1797 3345 Si
1821 3306 1953 3346 vero
1997 3306 2116 3361 quae

2223 3321 2333 3356 των
2361 3298 2696 3372 δημιουργοῦ
2716 3297 3108 3369 συνεργοῦντος
3159 3296 3299 3367 αὐτῇ
3324 3296 3346 3327 ⁸
3378 3297 3472 3349 καὶ
3509 3296 3774 3366 ὑπηρετου-

542 3404 637 3453 per
665 3388 888 3457 angelos
928 3386 1060 3440 olim
1120 3401 1183 3441 ac
1233 3387 1526 3456 prophetas
1556 3384 1938 3440 administrata
1967 3393 2117 3449 sunt,

540 3494 602 3533 ea
635 3479 851 3549 genesis
881 3494 987 3533 non
1018 3476 1199 3543 elﬁcit,
1250 3486 1310 3531 ut
1359 3491 1459 3532 nec
1489 3489 1552 3529 ea
1585 3491 1705 3545 quae
1735 3474 1993 3531 Dominus
2023 3489 2122 3529 no-

539 3580 653 3625 ster
685 3569 841 3625 Jesus
875 3569 1125 3624 Christus
1156 3569 1209 3623 in
1236 3584 1401 3622 carne
1422 3582 1689 3638 apparens
1733 3576 1991 3637 operatus
2015 3576 2117 3634 est,

545 3666 1149 3723 duminnumerabilem
1202 3667 1561 3721 humanorum
1603 3680 1893 3735 corporum
1935 3665 2121 3719 multi-

542 3761 778 3815 tudinem
810 3758 1045 3826 sanavit,
1098 3773 1354 3827 quorsum
1406 3758 1585 3812 adhue
1620 3757 1808 3812 volunt
1852 3754 2121 3812 afﬁrmare

546 3866 747 3920 corpus
781 3864 811 3904 a
846 3850 1034 3921 genesi
1071 3849 1489 3905 administrari?
1543 3848 1677 3903 Nam
1712 3856 1805 3903 aut
1856 3848 1989 3903 illud
2016 3848 2117 3901 fal-

540 3956 660 3995 sum
693 3940 940 4007 reddent,
976 3941 1118 4010 quod
1152 3938 1295 3995 Deus
1334 3938 1704 4010 immorigeris
1736 3952 1925 4008 poenas
1958 3938 2121 3993 mini-

518 4043 722 4100 tetur,
780 4031 1391 4102 obtemperantibusque
1468 4030 1700 4101 benigne
1758 4030 1922 4086 iaciat
1968 4048 1981 4086 :
2027 4039 2120 4085 aut

542 4135 711 4188 certe,
778 4125 824 4177 si
884 4125 1119 4193 primum
1179 4123 1312 4179 illud
1364 4138 1572 4190 verum,
1609 4122 1905 4179 secundum
1936 4122 2117 4178 fabula

530 4228 643 4271 est.
682 4216 760 4268 Ad
801 4215 917 4270 haec
955 4214 1153 4284 222a
1186 4215 1279 4285 qui
1315 4214 1431 4270 ﬁeri
1463 4223 1660 4285 potest,
1689 4225 1748 4269 ut
1773 4214 1955 4285 genesi
1992 4230 2117 4269 cor-

541 4322 671 4375 pora
693 4306 934 4375 subjecta
952 4320 1076 4360 cum
1109 4306 1245 4368 sint,
1292 4306 1488 4360 anima:
1532 4314 1711 4359 tamen
1744 4304 1859 4372 ejus
1889 4306 2118 4374 imperio

540 4396 945 4452 subducantur?
985 4394 1041 4451 Si
1060 4398 1202 4451 enim
1227 4397 1456 4467 agenesi
1478 4396 1691 4451 accidat
1719 4396 1962 4450 inventio
1998 4396 2117 4451 tlte-

540 4490 709 4555 sauri,
739 4489 824 4545 vel
844 4489 1135 4545 aediﬁcatio
1181 4490 1393 4555 domus,
1439 4489 1523 4543 vel
1556 4489 1783 4542 aliarum
1813 4488 2114 4556 aliquarum

542 4596 922 4652 corporearum
959 4595 1143 4635 rerum
1170 4579 1285 4635 sive
1322 4580 1644 4649 assumptio,
1696 4582 1811 4633 sive
1857 4577 2110 4647 abjectio,

528 4674 649 4727 rimo
693 4680 750 4727 et
796 4670 1221 4726 adulterantium
1258 4678 1421 4739 atque
1468 4669 1861 4724 muachantium
1926 4685 2108 4738 paena,

539 4762 913 4819 necessarium
938 4762 1127 4831 utique
1155 4762 1393 4816 animam
1426 4760 1624 4831 impelli
1644 4760 1718 4833 ad
1747 4760 2114 4815 inventionem

543 4855 783 4909 thesauri
815 4852 1067 4925 [propter
1094 4854 1270 4922 ipsum
1308 4851 1686 4925 thesaurum],
1720 4860 1885 4921 atque
1911 4856 1976 4908 ad
2007 4854 2119 4909 dis-

541 4947 767 5002 cendam
801 4948 884 5003 vel
918 4948 1339 5003 architecturam
1371 4957 1592 5017 propter
1620 4948 1861 5009 domum,
1886 4947 1971 5001 vel
2002 4956 2119 5001 tex-

545 5039 737 5094 toriam
774 5048 996 5109 propter
1037 5050 1267 5095 vestem.
1343 5039 1481 5104 Quin
1528 5052 1559 5091 a
1616 5034 1866 5093 muliebri
1930 5052 2116 5092 amore

542 5132 689 5187 vinci
732 5135 876 5187 hanc
916 5141 1131 5203 oportet
1170 5140 1229 5185 ut
1253 5131 1393 5185 ferat
1443 5146 1641 5201 corpus
1679 5131 1884 5201 proprii
1925 5145 2115 5201 poenas

542 5221 774 5277 delicti:
810 5223 917 5276 imo
979 5223 1143 5276 etiam
1222 5222 1286 5274 ad
1340 5222 1544 5276 ctedem
1611 5221 1829 5276 incitari
1890 5229 2112 5290 propter

541 5315 803 5384 genesim.
850 5330 973 5385 quae
1030 5317 1223 5368 mortis
1260 5314 1587 5368 sententiam
1613 5314 1733 5367 tulit
1763 5331 1776 5367 :
1812 5324 1866 5367 et
1922 5313 2001 5368 sic
2048 5314 2117 5366 de

541 5406 683 5461 aliis.
704 5406 805 5459 Vix
824 5408 968 5462 enim
999 5420 1319 5475 corporeum
1347 5405 1639 5475 quidquam
1671 5405 1902 5471 ﬁet,nisi
1934 5405 2114 5459 anima

2227 3396 2390 3465 μένου
2416 3394 2529 3454 τοῖς
2560 3389 3032 3459 ἀποτελέσμασιν;
3066 3389 3130 3441 Ei
3166 3387 3224 3440 δὲ
3246 3386 3374 3439 οὔτε
3402 3385 3473 3439 τά
3520 3384 3585 3438 δι’
3632 3383 3773 3451 ἀγγέ-

2222 3487 2328 3539 λων
2357 3483 2452 3536 καὶ⁹
2480 3479 2780 3553 προφητῶν
2810 3479 3247 3549 οἰκονομηθέντα
3303 3478 3477 3531 πάλαι
3535 3475 3773 3546 γενέσεως

2221 3580 2382 3648 ἔργον
2396 3571 2485 3648 ἦν,
2503 3575 2615 3629 οὐδ’
2642 3576 2784 3646 ἆπερ
2818 3576 2847 3627 ὁ
2876 3574 3083 3644 Κύριος
3106 3572 3265 3644 ἡμῶν
3311 3571 3521 3643 Ἰησοῦς
3568 3567 3773 3640 Χριστὸς

2220 3666 2308 3720 διά
2362 3666 2617 3737 σώματος
2672 3664 2862 3733 φανεὶς
2923 3663 3241 3735 εἰργάσατο,
3291 3662 3563 3733 μυριάδας
3604 3659 3773 3726 ἀνθρω-

2220 3758 2391 3811 πείων
2434 3758 2728 3826 ίασάμενος
2765 3754 3057 3824 σωμάτων,
3099 3754 3215 3814 πῶς
3271 3755 3480 3807 οἴονται
3528 3752 3588 3806 τὸ
3641 3750 3775 3820 σῶμα

2220 3850 2401 3919 λέγειν
2430 3849 2641 3917 γενέσει
2706 3846 3064 3913 διοικεῖσθαι;
3120 3846 3299 3917 ἣγὰρ
3349 3846 3410 3899 τὸ
3461 3843 3696 3898 ἀπειλεῖν
3725 3840 3774 3893 τὸ

2219 3944 2375 3995 Θεῖον
2411 3944 2519 4003 τοῖς
2544 3938 2977 4010 παρακούουσιν,
3004 3939 3322 4009 εὐεργετεῖν
3355 3937 3414 3990 δὲ
3451 3937 3576 3999 τοὺς
3622 3932 3776 3987 πειθο-

2224 4030 2441 4101 μένους»
2476 4030 2554 4092 εἷς
2573 4029 2769 4098 ψεῦδος
2794 4027 3097 4092 ἀπάξουσιν
3116 4040 3128 4054 ·
3159 4026 3190 4096 ἢ
3226 4027 3275 4078 εἶ
3325 4026 3388 4079 τὸ
3428 4024 3641 4095 πρῶτον
3668 4021 3774 4090 άλη-

2221 4122 2333 4187 θὲς,
2361 4121 2589 4192 πλάσμα
2609 4121 2669 4173 τὸ
2695 4120 2973 4190 δεύτερον.
3012 4118 3200 4188 Χωρὶς
3224 4118 3281 4170 δὲ
3302 4118 3418 4170 τῶν
3464 4114 3769 4187 είρημένων,

2221 4216 2340 4275 πῶς
2357 4207 2554 4278 οἷόντε,
2580 4210 2834 4281 σώματος
2860 4210 3229 4280 ὑποκειμένου
3246 4208 3486 4276 γενέσει,
3514 4208 3608 4269 τὰς
3627 4204 3775 4273 ψυχὰς

2219 4306 2427 4377 ταύτης
2454 4303 2836 4375 ἀπηλλάχθαι;
2870 4304 2918 4355 εί
2963 4302 3072 4372 γὰρ
3106 4302 3213 4354 ἀπὸ
3260 4301 3535 4369 γενέσεως
3586 4297 3775 4366 εὕρεσις

2221 4393 2497 4465 θησαυροῦ
2527 4393 2621 4445 καὶ
2650 4392 2800 4445 οἴκου
2841 4393 3034 4462 κτῆσις
3059 4390 3092 4462 ἢ
3119 4390 3325 4460 ἑτέρων
3358 4388 3528 4445 τινῶν
3562 4402 3775 4455 σωματι-

2221 4489 2335 4542 κῶν
2361 4486 2670 4556 πρόσληψις
2707 4486 2740 4555 ἢ
2772 4483 3040 4553 ἀποϐολὴ,
3084 4482 3178 4537 καὶ
3219 4482 3284 4551 δὴ
3302 4483 3396 4535 καὶ
3438 4483 3471 4552 ἡ
3518 4480 3625 4533 τῶν
3665 4494 3775 4546 πορ-

2220 4580 2487 4634 νευόντων
2510 4579 2545 4649 ἢ
2566 4578 2675 4631 τῶν
2702 4576 3065 4648 μοιχευόντων
3095 4574 3278 4646 ποινὴ,
3310 4575 3528 4642 ἀνάγκη
3559 4572 3655 4642 τὴν
3698 4571 3777 4638 ψυ-

2219 4672 2320 4743 χὴν
2342 4670 2665 4725 ἐλαύνεσθαι
2687 4670 2785 4741 μὲν
2827 4669 2963 4739 πρὸς
2984 4668 3203 4739 εὕρεσιν
3263 4667 3545 4739 θησαυροῦ
3565 4665 3603 4730 ο,
3660 4663 3776 4733 πρὸς

2223 4762 2459 4833 μάθησιν
2479 4761 2535 4814 δὲ
2559 4760 2877 4828 τεκτονικῆς
2904 4758 2997 4812 διὰ
3032 4760 3124 4811 τὸν
3148 4753 3301 4811 οἷκον
3323 4759 3356 4829 ἦ
3376 4754 3674 4826 ὑφαντικῆς
3701 4752 3773 4803 διά

2224 4854 2286 4907 τὸ
2320 4853 2561 4921 ἱμάτιον.
2601 4851 2732 4925 [704
2755 4850 2855 4921 IL]
2891 4852 2984 4903 Δεῖ
3020 4850 3075 4903 δὲ
3116 4849 3213 4903 καὶ
3241 4848 3503 4916 γυναικὸς
3538 4842 3774 4917 ἡττᾶσθαι

2218 4944 2306 4999 διὰ
2334 4943 2397 4996 τὸ
2434 4943 2629 4996 παθεῖν
2658 4942 2720 4994 τὸ
2743 4941 2904 5010 σῶμα
2935 4941 3077 5010 ἅπερ
3106 4938 3255 5009 αὐτῷ
3300 4939 3560 5007 εἵμαρται
3587 4936 3625 4997 ⁷,
3659 4930 3773 4985 ἀλλὰ

2225 5037 2319 5089 καὶ
2350 5035 2487 5104 πρὸς
2522 5033 2683 5103 φόνον
2747 5030 3009 5084 ὠθεῖσθαι
3068 5030 3159 5083 διὰ
3196 5030 3294 5099 τὴν
3332 5020 3773 5097 καταψηφισαμέο

2224 5146 2321 5196 νην
2345 5125 2684 5194 τὸνθάνατον
2707 5124 2940 5192 γένεσιν,
2971 5122 3067 5173 καὶ
3106 5120 3199 5173 ἐπὶ
3233 5120 3340 5172 τῶν
3369 5117 3545 5173 ἄλλων
3573 5112 3768 5182 ὁμοίως·

2222 5215 2387 5268 Οὐδὲν
2420 5214 2529 5284 γὰρ
2581 5213 2769 5284 σχεδὸν
2812 5212 2920 5265 τῶν
2974 5209 3303 5280 σωματικῶν
3353 5209 3456 5276 τῆς
3502 5204 3670 5275 ψυχῆς
3708 5199 3771 5269 μὴ

2224 5308 2613 5376 ὐπακουούσης
2669 5307 2764 5360 καὶ
2815 5302 3303 5372 συλλαμϐανούσης
3344 5300 3647 5370 γενήσεται,
3694 5288 3772 5343 καὶ

2224 5400 2441 5470 ἀνάγκη
2470 5400 2595 5462 τοὺς
2628 5399 2693 5451 ἐκ
2726 5397 3097 5469 Βαρδισάνους
3117 5395 3151 5465 ἢ
3176 5395 3270 5448 καὶ
3301 5393 3401 5462 τὴν
3431 5389 3606 5461 ψυχὴν
3655 5385 3769 5437 tim-

544 5528 569 5554 α
599 5514 732 5571 Gen.
771 5534 810 5581 I,
848 5519 934 5572 M.
988 5518 1040 5601 Ob
1074 5518 1236 5574 Josue
1264 5534 1319 5584 π,
1354 5518 1443 5572 15.
1523 5530 1545 5558 c
1578 5517 1643 5572 IV
1684 5520 1821 5589 Reg.
1851 5534 1943 5583 xx,
1975 5518 2030 5572 9.
2110 5533 2116 5555 ε

2229 5517 2371 5571 atth.
2405 5532 2584 5584 xxvu,
2613 5515 2705 5570 45.
2787 5525 2810 5552 ε
2838 5513 2945 5569 lsa.
2970 5526 3143 5577 vart,
3172 5509 3263 5564 l2.
3343 5504 3363 5544 ί
3406 5504 3603 5561 Jcrem.
3636 5516 3686 5562 ς,
3720 5496 3765 5549 9..

1832 5608 2066 5663 ἻΑΒΙᾸΞ
2109 5606 2514 5663 LECTIONES.

616 5700 635 5727 ²
655 5698 741 5767 ἐφ’
765 5698 1026 5777 Scaliger;
1056 5698 1179 5777 libri
1210 5699 1290 5754 ὲν.
1324 5770 1335 5777 _
1368 5700 1387 5730 ³
1394 5701 1631 5777 Emeisi
1658 5718 1718 5767 ς.
1784 5700 2095 5777 δ’τάναντία
2123 5700 2180 5752 δέ
2210 5701 2282 5777 ᾼι
2307 5698 2369 5750 δὲ
2384 5698 2645 5777 τάναντία
2681 5717 2741 5764 ς’.
2820 5699 2997 5769 δαύτῇ
3016 5698 3059 5755 Α
3088 5714 3099 5753 :
3124 5696 3306 5761 αὐτοῖς
3328 5710 3387 5759 ς.
3445 5691 3465 5724 ⁸
3500 5673 3765 5760 θησαυροῦ]

546 5766 823 5837 θησαυροῦ
861 5766 949 5824 διὰ
972 5770 1066 5825 τὸν
1097 5769 1368 5840 θησαυρόν
1393 5766 1652 5842 Scaliger.
1672 5766 1909 5844 jurist}:
1931 5770 2188 5841 εἵμαρται
2217 5772 2261 5824 Α
2290 5784 2303 5820 :
2338 5768 2472 5823 αὐτὸ
2495 5770 2743 5841 ἥμαρτεν
2779 5788 2837 5834 ς.
