4032 6492
302 398 386 463 877

1280 381 1811 446 BIBLIOTIIECA.
1846 402 1915 413 --
1948 378 2113 438 COD.
2154 376 2455 437 CCXXIV.

3418 370 3526 435 878

292 516 426 580 τάξαι
447 504 906 583 γενέσει,ἢτοῦτο
958 504 1032 575 μὴ
1093 500 1413 572 τολμῶντας
1446 498 1540 551 καὶ
1580 497 1643 549 τὸ
1674 493 1836 564 σῶμα
1866 493 1891 549 ἐ

1976 488 2162 545 bediat
2222 498 2384 557 atque
2439 487 2685 558 adjuvet,
2733 495 2791 541 ut
2844 500 3069 542 necesse
3116 486 3187 541 sit
3219 485 3531 543 Bardisantn

290 607 462 677 ταύτης
479 600 800 671 ἀποφαίνειν
826 597 1131 667 ἐλεύθερον.
1159 594 1316 648 Οὕτω
1341 592 1441 663 μὲν
1462 590 1558 644 καὶ
1582 588 1644 641 τὸ
1667 586 1711 657 β’
1736 583 1832 639 καὶ

292 707 329 753 ν’
346 691 764 767 ἀποπερατοῦται
795 688 1115 759 κεφάλαιον.

360 962 437 1015 Ἔν
468 958 525 1013 δὲ
554 956 634 1028 τῷ
663 952 864 1024 ἑφεξῆς
895 951 995 1021 τὴν
1022 947 1262 1020 ἐσχάτην
1283 944 1543 1001 ἀσέϐειαν
1570 940 1839 1010 διελέγχει

284 1053 381 1107 τῶν
406 1050 610 1120 γενέσει
640 1044 965 1116 τολμώντων
994 1038 1318 1094 ὑποϐάλλειν
1349 1036 1446 1089 καὶ
1500 1032 1591 1086 τὸν
1632 1030 1839 1100 Κύριον

286 1143 424 1216 ήμῶν
448 1136 655 1211 Ἰησοῦν
683 1134 941 1207 Χριστὸν,
972 1132 1063 1184 τὸν
1091 1129 1330 1198 φανέντα
1358 1124 1633 1216 πρόφασιν
1656 1137 1844 1216 ποιου-

298 1211 448 1309 μένων
467 1228 807 1300 ἀστέρα,καλ⁹
838 1225 1044 1293 ταύτην
1068 1218 1127 1276 εὖ
1161 1239 1220 1274 τε
1242 1220 1339 1273 καὶ
1365 1214 1548 1287 σοφῶς
1574 1213 1673 1284 τὴν
1704 1211 1844 1266 ἀπό..

298 1308 422 1382 νοιαν
455 1323 583 1397 [⁸565
614 1319 711 1392 Η.]
762 1316 1113 1379 καταϐάλλει,
1165 1312 1381 1375 πολλοῖς
1430 1308 1631 1369 αὐτοὺς
1681 1320 1847 1397 acacia-7

296 1396 580 1491 strpdtaumv
614 1418 729 1476 τοϊς
765 1410 1181 1481 ἐπιχειρήμασι,
1220 1404 1291 1459 τά
1346 1421 1407 1456 τε
1437 1401 1605 1465 ἄλλα,
1645 1397 1751 1491 καὶ.
1778 1396 1846 1491 δι’

292 1506 355 1564 ὧν
368 1486 601 1563 δείκνυσι
630 1505 722 1557 τὸν
743 1502 983 1572 φανέντα
1022 1498 1230 1569 ἀστέρα
1260 1494 1458 1583 pth-Eva
1495 1491 1606 1544 τῶν
1635 1486 1848 1583 πολλῶν

290 1605 371 1658 καὶ
408 1601 521 1654 κατ’
551 1596 782 1667 οὐρανὸν
810 1589 970 1657 εἶναι,
1029 1590 1165 1646 ἀλλὰ
1213 1579 1443 1657 δύναμιν
1491 1600 1612 1637 τινα
1649 1579 1851 1635 θειοτέ-

289 1712 399 1765 ραν,
429 1693 504 1755 είς
535 1690 734 1759 ἄστρον
794 1686 895 1756 μὲν
934 1680 1442 1755 σχηματιζομένην,
1498 1675 1597 1747 τὴν
1645 1674 1704 1728 δὲ
1753 1669 1849 1726 τοῦ

284 1784 455 1840 κοινοῦ
484 1781 754 1836 Δεσπότου
786 1777 1166 1849 κηρύττουσαν
1189 1774 1424 1840 γένεσιν.
1452 1770 1621 1837 Λέγει
1645 1766 1700 1820 δὲ
1725 1765 1851 1828 τοὺς

1937 591 2264 647 sectatores,
2289 579 2373 634 vel
2408 580 2649 634 animum
2686 573 2958 647 subjicere
2989 586 3199 649 genesi,
3239 577 3325 633 vel
3353 578 3399 633 si
3423 578 3528 634 hoc

1940 689 2046 729 non
2103 673 2359 737 audeant,
2391 671 2554 725 etiam
2596 682 2795 740 corpus
2836 669 2905 723 ab
2944 666 3104 736 hujus
3134 667 3363 736 imperio
3391 668 3531 724 libe—
3573 729 3579 735 ,

1940 783 2058 821 rum
2104 767 2477 837 pronuntiare.
2560 763 2641 820 Ita
2693 763 2990 820 secundum
3041 772 3098 817 et
3144 762 3536 834 quinquagesi-

1942 874 2090 914 mum
2125 868 2291 930 caput
2334 860 2540 913 linitur.

2019 948 2276 1005 Proximo
2304 965 2435 1005 vero
2461 938 2763 1004 extremam
2828 949 2976 1004 illam
3017 948 3353 1018 impietatem
3409 964 3543 1005 con-

1946 1042 2085 1095 futat
2106 1057 2296 1097 eorum
2322 1083 2337 1105 ,
2368 1042 2459 1111 qui
2501 1042 2676 1112 ipsum
2720 1056 2936 1111 quoque
2962 1042 3247 1097 Dominum
3293 1049 3543 1097 nostrum

1946 1134 2132 1190 Jesum
2192 1134 2469 1189 Christum
2502 1135 2681 1205 genesi
2731 1134 3002 1201 subjicere
3066 1136 3316 1205 audent,
3395 1152 3546 1192 sumd

1948 1235 2039 1296 pta
2104 1226 2171 1280 de
2239 1235 2462 1280 ostensa
2516 1228 2688 1297 magis
2767 1226 2923 1281 stella
3003 1228 3318 1283 occasione.
3390 1230 3548 1283 Hanc

1950 1332 2083 1388 ergo
2113 1318 2410 1371 amentiam
2439 1318 2579 1371 bene
2640 1328 2695 1371 et
2742 1318 3023 1388 sapienter
3074 1320 3298 1385 refellit,
3360 1321 3548 1374 multis

1953 1408 2076 1464 illos
2118 1409 2435 1464 confodiens
2492 1411 2855 1477 argumentis,
2906 1426 3029 1466 cum
3089 1411 3241 1478 alibi,
3295 1420 3408 1465 tum
3456 1409 3550 1465 ubi

1954 1501 2195 1557 ostendit
2244 1499 2415 1555 visam
2459 1500 2670 1555 stellam
2706 1516 2810 1556 non
2836 1517 3000 1557 unam
3035 1518 3066 1557 e
3096 1503 3286 1558 multis
3316 1504 3369 1556 in
3412 1502 3551 1555 cmlo

1957 1593 2158 1657 fuisse,
2217 1592 2313 1647 sed
2364 1591 2473 1645 vim
2529 1593 2820 1662 quamdam
2869 1594 3192 1649 diviniorem
3236 1595 3290 1649 in
3340 1603 3552 1648 astrum

1958 1683 2390 1752 conformatami,
2453 1699 2577 1754 qua:
2624 1685 2867 1740 omnium
2912 1685 3130 1741 Domini
3203 1686 3553 1741 nativitatem

1958 1775 2310 1832 denuntiaret
2337 1776 2477 1847 (64).
2511 1775 2684 1833 Porro
2709 1794 2896 1849 magos
2930 1778 3102 1835 refert
3130 1779 3445 1835 aChaldmis
3479 1779 3554 1834 ita

288 1880 490 1950 μάγους
540 1844 881 1945 παραλαὸείν
919 1870 1017 1942 μὲν
1061 1866 1215 1938 παρά
1247 1860 1535 1918 Χαλδαίων
1566 1860 1642 1950 ὡς
1671 1857 1854 1950 ἀστήρ
1886 1844 1891 1854 ¹

1976 1868 2260 1937 tecepisse,
2290 1866 2508 1921 stellam
2544 1868 2839 1936 quamdam
2872 1868 3003 1923 olim
3030 1868 3168 1933 fore,
3208 1884 3330 1938 quae
3369 1880 3556 1924 natum

282 1947 427 2022 ἔσται
458 1967 554 2038 τῆς
576 1964 720 2019 κατά
746 1962 929 2032 σάρκα
988 1957 1297 2027 γεννήσεως
1324 1952 1421 2005 τοῦ
1450 1948 1632 2005 κοινοῦ
1665 1947 1856 2016 Σωτῆ-

285 2077 374 2130 ρος
411 2054 670 2129 μηνυτὴς,
717 2051 952 2113 ἐκείνοις
985 2048 1043 2101 δὲ
1092 2047 1169 2110 ὡς
1215 2042 1530 2114 ὁμοτέχνοις
1578 2038 1859 2130 ἀναθεῖναι

282 2128 378 2222 τήν
412 2128 714 2219 πρόρρησιν
736 2144 829 2196 τὸν
863 2139 1098 2210 Βαλαὰμ
1118 2139 1141 2170 ⁸
1172 2138 1401 2199 ἐκεῖνον,
1454 2132 1513 2196 ὃς
1568 2131 1664 2184 καὶ
1704 2128 1860 2222 ,ἄκων

284 2220 405 2298 ἀντὶ
455 2240 700 2308 κατάρας
758 2235 1067 2304 εὐλογήσας
1103 2230 1196 2284 τὸν
1237 2224 1479 2298 Ἰσραὴλ,
1534 2226 1603 2295 τῇ
1638 2220 1862 2290 εὐλογίᾳ

284 2330 688 2404 συμπεριέλαϐε
716 2327 813 2381 καὶ
837 2325 937 2395 τὴν
963 2322 1059 2377 τοῦ
1085 2339 1146 2374 τε
1152 2317 1492 2391 χθησομένου
1516 2316 1729 2384 γένεσιν
1762 2312 1862 2382 βαι

284 2426 471 2488 σιλέως
497 2424 704 2477 καὶτὸν
721 2418 925 2488 ταύτης
948 2418 1172 2487 κήρυκα
1202 2411 1432 2483 ἀστέρα.
1471 2406 1864 2479 Ἐμφανίζεται

279 2520 341 2573 δὲ
377 2516 586 2587 τεχθεὶς
618 2514 862 2585 Πέρσαις
894 2509 1000 2580 πρὸ
1018 2506 1127 2561 τῶν
1167 2504 1342 2558 ἄλλων
1372 2499 1544 2554 ἐθνῶν
1586 2501 1615 2552 ὁ
1652 2496 1864 2550 Δεσπό-

281 2629 382 2681 της
409 2609 617 2670 έαυτὸν,
648 2604 865 2667 δεικνὺς
907 2603 989 2655 ὅτι
1019 2600 1114 2653 καὶ
1145 2598 1336 2667 μάγων
1382 2593 1479 2648 καὶ
1507 2593 1721 2661 γοήτων
1755 2591 1866 2652 τοῖς

283 2704 565 2757 ἐθέλουσιν
617 2701 652 2771 ἡ
699 2699 765 2752 δι’
829 2692 997 2749 αὐτοῦ
1047 2690 1350 2761 παρέχεται
1408 2687 1571 2759 χάρις
1621 2684 1714 2737 καὶ
1762 2698 1868 2733 σω-

280 2797 471 2869 τηρία.

354 2886 543 2942 Ταῦτα
581 2885 676 2939 καὶ
716 2882 785 2935 τά
814 2878 1042 2937 τοιαῦτα
1069 2877 1235 2945 ἔτερα
1260 2871 1760 2943 διαπερανάμενος,
1809 2869 1870 2921 τὸ

277 2982 594 3036 τελευταῖον
640 2975 937 3045 κεφάλαιον
967 2968 1447 3035 ἀνακεφαλαίωσιν
1494 2964 1603 3018 τῶν
1647 2963 1872 3034 εἰρημέ-

279 3092 392 3128 νων
423 3072 681 3133 ποιεῖται,
717 3066 814 3119 καὶ
841 3064 959 3131 άμα
984 3060 1047 3114 τό
1073 3077 1135 3113 τε
1157 3060 1179 3091 ⁹
1208 3065 1258 3127 γ’
1311 3058 1408 3111 καὶ
1460 3062 1503 3108 ν’
1558 3055 1652 3108 καὶ
1701 3053 1793 3107 τὸν
1822 3052 1873 3122 η’

279 3165 497 3227 τούτοις
524 3157 819 3231 ἀπαρτίζει
852 3156 1034 3224 λόγον.

357 3259 519 3312 Ἐστι
550 3256 608 3307 δὲ
640 3253 738 3324 τὴν
782 3250 984 3322 φράσιν
1010 3242 1251 3316 καθαρός
1298 3260 1361 3296 τε
1402 3244 1497 3296 καὶ
1553 3238 1814 3311 εὐκρινὴς
1845 3238 1873 3290 ὁ

275 3352 450 3421 ἀνὴρ,
484 3350 595 3410 τοῖς
623 3346 679 3399 δὲ
711 3343 1061 3413 ἐνθυμήμασι
1086 3338 1182 3393 καὶ
1201 3339 1270 3408 τῇ
1290 3336 1400 3389 τῶν
1424 3331 1875 3404 ἐπιχειρημάτων

274 3441 599 3499 διαπλάσει.
627 3431 741 3490 οἷον
780 3433 944 3487 αὑτὸν
975 3431 1116 3484 κατὰ
1143 3430 1309 3501 μέρος
1336 3428 1395 3480 ὲν
1446 3428 1513 3497 τῇ
1545 3425 1657 3478 τῶν
1701 3424 1877 3492 λόγων

276 3535 458 3592 αὑτοῦ
495 3529 857 3599 ὑπεδείξαμεν
885 3525 1109 3593 ἐκλογῇ.

1000 3617 1169 3670 ΣΚΔ’.

747 3711 1067 3779 Μέμνονος
1088 3705 1413 3771 ἱστορικόν.

1965 1964 2019 2013 in
2065 1974 2231 2014 carne
2262 1973 2609 2014 communem
2663 1958 3013 2016 Servatorem
3082 1964 3381 2017 nuntiaret.
3444 1960 3559 2015 Hoc

1963 2051 2072 2106 illis
2101 2052 2448 2116 vaticinium,
2504 2062 2765 2122 tanquam
2818 2052 3062 2122 ejusdem
3105 2054 3241 2109 artis
3275 2054 3557 2118 studiosis,

1969 2158 2261 2199 enarrasse
2289 2143 2606 2199 Balaamum
2643 2144 2817 2207 illum,
2876 2146 2966 2216 qui
2997 2146 3080 2200 vel
3116 2147 3321 2201 invitus
3356 2148 3561 2214 impre-

1964 2237 2201 2291 cationis
2247 2238 2369 2291 loco
2428 2238 2569 2292 bene
2598 2239 2873 2309 precando
2931 2237 3139 2305 lsraeli,
3194 2238 3563 2294 benedictionl

1967 2342 2078 2383 suae
2102 2329 2360 2383 nascituri
2399 2328 2547 2399 regis
2578 2339 2784 2394 ortum,
2814 2340 2869 2385 et
2897 2330 3057 2400 hujus
3091 2346 3396 2401 praaconem
3428 2340 3563 2386 stat-

1968 2419 2076 2473 lam
2125 2420 2514 2477 admiscuissct
2550 2422 2599 2475 3.
2668 2421 2805 2477 Dutu
2857 2434 3041 2478 autem
3103 2438 3223 2478 sese
3269 2422 3562 2478 videndum

1968 2513 2165 2568 obtulit
2224 2513 2507 2581 Dominus,
2565 2530 2678 2584 prae
2731 2516 2945 2571 caeteris
3005 2517 3323 2572 nationibus
3382 2516 3566 2571 Persis
3622 2534 3623 2537 η

1970 2603 2317 2672 potissimum
2350 2603 2463 2673 jam
2498 2612 2661 2659 natus
2694 2607 2971 2675 apparuit,
3026 2609 3172 2677 quod
3203 2606 3567 2676 quibuscum-

1972 2708 2078 2762 que
2107 2708 2229 2749 eam
2264 2696 2670 2765 expetentibus,
2708 2698 2823 2753 sive
2858 2699 3030 2768 magis
3064 2699 3177 2753 sive
3208 2698 3569 2753 incantatorio

1973 2789 2101 2852 bus,
2143 2803 2245 2858 per
2273 2789 2447 2857 ipsum
2484 2790 2659 2859 gratia
2695 2799 2753 2845 et
2785 2790 3087 2859 redemptio
3116 2790 3436 2844 donaretur.

2048 2878 2143 2934 His
2175 2895 2306 2951 ergo
2332 2891 2496 2950 atque
2524 2881 2648 2937 aliis
2668 2882 2863 2936 horum
2896 2882 3168 2937 similibus
3196 2881 3568 2952 pertractatis,

1975 2972 2171 3027 ultimo
2221 2975 2438 3028 tandem
2489 2974 2672 3045 capite
2727 2975 3113 3043 repetitionem
3181 2975 3571 3044 praedictorum

1976 3064 2223 3118 omnium
2258 3064 2519 3130 instituit,
2581 3065 2859 3136 simulque
2899 3067 3413 3138 quinquagesimum
3461 3074 3575 3123 ter-

1903 3181 1948 3241 c
1981 3155 2114 3210 tium
2165 3166 2348 3226 caput,
2387 3166 2442 3211 et
2472 3166 2722 3212 octavum
2750 3157 2948 3212 librum
2977 3157 3229 3213 absolvit.

2055 3248 2154 3303 Est
2202 3260 2384 3304 autem
2418 3250 2473 3304 in
2533 3250 2804 3319 loquendo
2838 3265 3007 3318 purus
3037 3261 3200 3319 atque
3259 3250 3572 3314 distinctus,

1983 3340 2253 3413 ejusmodi
2287 3342 2713 3413 enthymematis
2749 3352 2913 3412 atque
2948 3342 3369 3411 cpicherematis
3410 3340 3576 3397 eﬂ'or-

1985 3432 2169 3497 matis,
2212 3433 2393 3502 qualia
2451 3449 2517 3489 ex
2556 3433 2850 3504 parteiam
2889 3435 2944 3489 in
2973 3434 3058 3489 his
3090 3434 3234 3489 illius
3256 3433 3440 3505 operis
3475 3449 3577 3489 ex-

1985 3525 2188 3593 cerptis
2226 3526 2606 3582 indicavimus.

2534 3619 2730 3689 2221,
2784 3617 3069 3674 ccxxrv.

2272 3707 2570 3765 Memnonis
2606 3712 2972 3767 Historiarum
3006 3712 3131 3766 libri
3156 3713 3291 3783 (65).

1074 3825 1202 3880 CAP.
1246 3822 1289 3877 ι.
1312 3851 1382 3862 -
1409 3818 1628 3873 Summa
1651 3818 1886 3872 historia
1918 3822 2174 3889 sequentis
2205 3824 2268 3878 de
2299 3824 2559 3879 Heraclea
2584 3823 2829 3880 Pontica.

371 3950 726 4019 ’Δνεγνὼσθη
759 3945 964 4015 βιϐλίον
997 3940 1280 4009 Μέμνονος
1312 3937 1608 4007 ἱστορικὸν,
1634 3935 1743 3988 ἀπὸ
1783 3934 1883 3988 τοῦ

272 4048 329 4102 θ’
359 4047 411 4078 ¹⁰
455 4044 619 4111 λόγου
666 4043 771 4103 ἓως
808 4044 909 4103 ις’.
962 4037 1025 4088 Ἥ
1059 4035 1115 4086 δὲ
1167 4030 1546 4101 πραγματεία,
1600 4030 1704 4082 ὅσα
1752 4029 1887 4099 περὶ

268 4139 389 4211 τὴν
420 4133 691 4203 Ποντικὴν
717 4130 1049 4201 Ἡράκλειαν
1068 4123 1392 4193 συνηνέχθη,
1416 4121 1621 4175 σκοπὸν
1641 4122 1886 4191 ἀναγρά-

265 4233 391 4302 ψαι
429 4225 769 4299 προτίθεται,
798 4221 927 4283 τοὺς
953 4220 1012 4272 ὲν
1062 4217 1202 4287 αὐτῇ
1242 4214 1689 4285 τυραννήσαντας
1752 4215 1886 4266 ἀνα-

265 4321 575 4393 λεγομένη
591 4317 688 4371 καὶ
716 4313 947 4386 πράξεις
996 4307 1179 4364 αὑτῶν
1206 4306 1302 4360 καὶ
1329 4305 1458 4375 ήθη,
1495 4305 1590 4357 καὶ
1616 4306 1743 4367 τοὺς
1789 4303 1887 4357 ἂλ-

266 4421 405 4472 λων
440 4414 613 4485 βίους,
639 4409 735 4462 καὶ
763 4407 833 4461 τά
869 4405 1001 4475 τέλη
1041 4394 1124 4465 οἷς
1159 4401 1462 4472 ἐχρήσαντο
1520 4399 1616 4450 καὶ
1644 4399 1745 4450 ὅσα
1779 4397 1890 4450 τῶν

263 4507 614 4583 εἰρημένων
644 4503 965 4572 ἐξήρτηται.

2066 3938 2371 3997 Memnonis
2403 3942 2653 4007 historia,
2689 3960 2717 3997 a
2752 3944 2891 3999 libro
2922 3958 2955 3996 v
2987 3957 3157 4011 usque
3187 3942 3254 3997 ad
3290 3957 3402 4006 ιη,
3461 3958 3582 4013 quae

1994 4033 2143 4087 circa
2196 4033 2517 4090 Heracleam
2580 4035 2861 4093 Ponticam
2924 4036 3249 4093 acciderunt
3306 4035 3383 4104 (id
3433 4038 3582 4091 enim

1994 4124 2181 4193 operis
2201 4126 2511 4181 institutum
2531 4128 2636 4200 est)
2666 4130 2888 4199 exponit
2926 4148 2941 4184 :
2983 4138 3094 4183 tum
3120 4128 3273 4184 urbis
3297 4140 3582 4201 tyrannos,

1995 4228 2050 4271 et
2075 4233 2163 4272 res
2193 4219 2388 4273 borum
2419 4230 2598 4288 gestas
2630 4235 2948 4291 moresque,
2998 4230 3112 4275 tum
3147 4221 3383 4277 aliorum
3416 4222 3585 4277 etiam

1996 4310 2163 4362 vitam
2202 4319 2261 4365 et
2310 4311 2537 4377 exitum,
2590 4323 2646 4367 et
2675 4328 3015 4384 quaecunque
3058 4328 3125 4369 eo
3157 4313 3459 4384 pertinent,
3500 4328 3588 4369 re-

1999 4412 2207 4456 censet.

1186 4614 1314 4669 CAP.
1354 4609 1421 4665 11.
1456 4641 1525 4651 —
1560 4609 1800 4662 Clearchi
1830 4610 2045 4678 tyranni
2080 4610 2333 4675 eruditio,
2360 4620 2410 4664 et
2439 4611 2743 4664 crudelitas.

360 4742 664 4810 Κλέαρχον
715 4737 812 4807 μὲν
860 4734 955 4787 οὖν
998 4729 1283 4784 ἐπιθέσθαι
1337 4727 1555 4798 πρῶτον
1612 4724 1890 4794 τυραννίδι

2070 4724 2371 4780 Clearchus
2406 4725 2529 4793 (ait)
2572 4727 2778 4796 primus
2808 4724 3147 4795 tyrannidem
3198 4723 3253 4777 in
3308 4724 3449 4778 hanc
3484 4722 3592 4778 sibi

263 4836 453 4893 κατά
471 4835 570 4904 τῆς
596 4831 806 4892 πόλεως
835 4824 1165 4896 ἀναγράφει.
1217 4822 1355 4891 Φησὶ
1385 4820 1441 4872 δὲ
1494 4817 1741 4880 παιδείας
1804 4818 1891 4886 μὲν

2002 4817 2191 4871 urbem
2241 4816 2561 4878 vindicavit,
2643 4817 2947 4884 disciplina:
2993 4815 3387 4886 philosophica:
3444 4816 3591 4869 haud

264 4932 400 5002 τῆς
440 4928 590 4984 κατά
617 4924 937 4994 φιλοσοφίαν
953 4920 1055 4972 οὑκ
1087 4917 1458 4986 ἀγύμναστον,
1485 4912 1622 5002 ἀλλά
1643 4912 1737 4965 καὶ
1757 4909 1901 5002 Πλάο

265 5000 486 5082 τῴνος
519 5018 627 5070 τῶν
663 5010 955 5084 ἀκροατῶν
997 5009 1096 5061 ἕνα
1146 5005 1452 5073 γεγονέναι,
1507 5001 1603 5055 καὶ
1654 5000 1897 5069 Ἰσοκρά-

2001 4908 2252 4977 equidem
2278 4907 2429 4962 rudis
2460 4908 2512 4972 (e
2547 4908 2788 4961 Platonis
2806 4909 2951 4962 enim
2986 4908 3270 4977 discipulis
3299 4921 3440 4961 unus
3467 4906 3591 4970 fuit,

2003 5011 2057 5055 et
2090 5000 2514 5068 quadriennium
2547 4999 2769 5054 Isocrati
2803 5002 3008 5055 oratori
3042 5016 3263 5069 operam
3298 5000 3499 5067 dedit);
3536 5009 3594 5053 at

266 5127 441 5171 τους
467 5110 528 5161 δὲ
557 5107 653 5160 τοῦ
687 5106 916 5175 ῥήτορος
935 5098 1256 5169 τετραετίαν
1303 5094 1706 5165 ἀκροάσασθαι,
1753 5092 1891 5161 ὠμὸι

2002 5093 2286 5146 enimvero
2317 5091 2612 5156 crudelem,
2676 5096 2721 5146 si
2753 5093 3038 5162 quisquam
3072 5093 3237 5157 alius,
3293 5090 3504 5145 civibus
3531 5105 3592 5143 se

267 5204 346 5256 δὲ
384 5203 517 5263 τοῖς
543 5196 808 5266 ὑπηκόοις
847 5193 943 5248 καὶ
976 5190 1282 5263 μιαιφόνον,
1334 5188 1492 5255 εἴπερ
1546 5185 1669 5238 τινὰ
1721 5184 1891 5239 ἄλλον

2006 5183 2255 5237 exhibuit
2300 5192 2354 5237 et
2404 5192 2692 5238 cruentum
2722 5203 2736 5238 :
2768 5192 2823 5237 et
2849 5187 2915 5236 ad
2943 5198 3213 5238 summum
3242 5194 3415 5250 usque
3446 5180 3598 5234 inso-

266 5291 717 5361 ἐπιδειχθῆναι,
751 5286 847 5341 καὶ
881 5287 963 5348 είς
1015 5284 1181 5353 ἄκρον
1214 5278 1536 5341 ἀλαζονείας
1595 5277 1809 5343 ἐλάσαι,
1833 5275 1891 5339 ὡς

2009 5275 2520 5347 leutiaaprocessit,
2582 5286 2641 5331 ut
2688 5285 2743 5331 et
2770 5271 2936 5346 {Iovis
2981 5292 3040 5331 se
3062 5275 3229 5329 tilium
3263 5272 3595 5328 nominaret.

452 5404 618 5460 Num.
654 5418 801 5469 xxiv,
830 5404 856 5457 ι
896 5416 1049 5470 δθίίίισ
1616 5485 1855 5540 “mm;
1888 5485 2292 5541 LECTIONEs.

1482 5579 1871 5643 ¹⁰θ’Λ;ε’ς.

1860 5669 2096 5726 NOTIE.

378 5788 516 5856 (6t)
570 5784 772 5858 Eadem
825 5777 994 5858 Basil.
1060 5785 1113 5832 et
1163 5771 1390 5845 Nysseni
1433 5767 1705 5826 sententia
1745 5762 1907 5819 "0m.

272 5863 369 5915 de
422 5852 665 5935 Nutiuit.
702 5852 941 5933 Domini.

425 5600 447 5631 ⁸
480 5596 802 5652 ΒαλαάκᾹ.
868 5594 887 5625 ’
924 5591 1063 5645 τότε
1094 5592 1137 5642 Λ
1176 5586 1276 5643 ιτό
1317 5604 1377 5650 ς.

2100 5762 2210 5833 (65)
2239 5760 2342 5833 _De
2398 5757 2674 5833 Heracleae
2728 5757 2964 5833 Pontice
2997 5758 3282 5830 tyrannis.
3315 5758 3608 5816 Latinitate

2026 5829 2419 5916 donati‘Laur.
2439 5830 2832 5912 libodotttantto
2864 5829 3179 5902 interprete.

1688 5938 1789 5960 ιδ’-ο
