4032 6446
536 408 642 473 879

1700 408 1966 470 PHOTII
1990 407 2126 468 PA'I

2234 407 2499 467 ARCH/E
2532 408 2642 467 cp.
3669 419 3757 486 εεο

531 520 647 579 Nec
681 520 865 577 colore
899 519 1157 591 genuino,
1210 534 1320 588 quo
1351 529 1547 575 natura
1578 519 1773 575 faciem
1804 520 1923 591 ejus
1954 520 2126 572 tinxe-

2234 520 2328 572 καὶ
2357 519 2477 579 Διὸς
2508 520 2623 572 υἱὸν
2653 516 2847 571 ἐαυτὸν
2876 518 3121 571 ἀνειπεῖν
3146 515 3262 569 ’καὶ
3292 515 3351 569 τὸ
3377 519 3641 589 πρόσωπον
3701 532 3761 602 μὴ

535 624 649 678 rat,
711 621 1027 675 contentus,
1076 611 1309 666 subinde
1337 613 1460 667 aliis
1493 622 1657 682 atque
1691 612 1813 667 aliis
1841 626 1960 665 eam
1994 610 2130 665 fucis

539 708 804 773 illinebat,
857 715 919 761 ut
943 707 1111 760 nitida
1140 716 1194 759 et
1227 705 1531 761 rubicunda
1562 707 1896 761 intuentibus
1918 705 2130 759 videre-

540 811 645 856 tnr.
688 802 828 867 Quin
862 810 916 855 et
931 812 1110 856 vestes
1144 799 1211 855 ad
1242 808 1484 855 terrores
1509 811 1562 855 et
1593 799 1818 854 delicias
1849 808 2128 868 permuta-

527 894 650 950 .bat.
709 893 818 947 Nec
861 908 993 947 vero
1034 894 1087 948 in
1117 893 1203 949 his
1246 901 1460 949 tantum
1514 891 1796 961 improbus
1846 900 1986 956 erat,
2033 890 2128 946 sed

528 986 703 1038 etiam
733 984 786 1038 in
826 983 1213 1041 benefactores
1252 986 1498 1054 ingratus
1528 1003 1540 1036 :
1576 994 1629 1037 ct
1656 985 1706 1036 in
1742 983 1991 1037 omnibus
2013 981 2131 1034 vio-

538 1078 738 1142 lentus,
775 1076 842 1131 ad
864 1092 953 1132 res
987 1076 1223 1132 nefarias
1259 1078 1458 1132 audax.
1494 1073 1703 1129 Natura
1729 1074 2031 1129 industrius
2062 1074 2129 1127 ad

535 1171 713 1223 ardes
741 1183 931 1223 eorum
973 1184 1110 1238 quos
1148 1170 1454 1237 impeteret,
1512 1182 1620 1221 non
1663 1176 1871 1220 tantum
1906 1164 1950 1220 si
2000 1164 2127 1234 quid

536 1259 733 1315 hosnle
771 1254 1135 1315 meditaretur
1163 1271 1354 1315 contra
1386 1259 1704 1327 populares,
1736 1259 1834 1314 sed
1867 1258 2035 1313 etiam
2072 1259 2124 1310 in

534 1363 775 1407 exteros.
818 1351 1211 1405 Bibliothecam
1238 1362 1416 1405 tamen
1450 1350 1553 1405 sibi
1582 1350 1945 1421 comparavit,
1973 1348 2128 1417 cujus

526 1443 694 1498 blande
728 1442 1101 1513 antegreditur
1130 1442 1264 1497 alios
1306 1457 1441 1512 quos
1475 1441 1726 1512 tyrannis
1749 1440 1987 1495 famosos
2008 1439 2131 1493 red-

532 1540 705 1596 didit.
726 1538 825 1594 llic
852 1538 1079 1593 insidias
1100 1537 1296 1593 crebro
1323 1537 1544 1597 multas.
1565 1547 1786 1607 prepter
1813 1536 2012 1599 caedes,
2030 1535 2132 1588 im-

534 1632 885 1709 manitatem,
906 1638 961 1683 et
992 1629 1225 1699 injurias
1247 1628 1350 1682 sibi
1378 1636 1637 1691 structas,
1658 1625 1881 1696 effugit;
1912 1626 2007 1680 sed
2038 1625 2125 1678 vix

534 1722 751 1776 tandem
780 1735 810 1773 a
841 1718 1050 1774 Chione
1102 1717 1291 1774 Matris
1342 1717 1451 1772 ﬁlio
1484 1718 1597 1788 (qui
1636 1717 1720 1771 vir
1752 1725 1869 1783 erat
1906 1729 2131 1782 magna-

535 1815 736 1877 nimus,
783 1820 837 1866 et
878 1810 1285 1865 necessitudine
1338 1810 1623 1878 sanguinis
1676 1819 1909 1878 tyranno
1942 1807 2128 1861 devin-

534 1904 674 1975 ctus)
708 1914 761 1957 et
796 1902 975 1957 Leone
1004 1913 1058 1955 et
1084 1899 1394 1968 Euxenoue,
1427 1902 1751 1969 ueterisque
1774 1915 1881 1953 non
1914 1898 2125 1966 paucis,

534 1997 914 2064 conjuratione
974 1996 1134 2062 inita,
1196 1994 1390 2050 vulnus
1443 1993 1642 2049 lethale
1700 1991 2129 2062 accepitzcujus

534 2090 721 2144 dolore
756 2088 1118 2141 acerbissimo
1150 2097 1234 2140 est
1260 2088 1587 2141 exstinctus.
1648 2083 1948 2139 Commune
1981 2084 2126 2137 enim

536 2181 713 2252 populi
738 2196 956 2235 sacrum
984 2182 1179 2251 agebat
1233 2190 1522 2251 tyrannus.
1555 2176 1925 2247 Opportunam
1963 2175 2130 2245 igitur

535 2271 880 2326 occasionem
905 2286 963 2325 se
989 2272 1215 2340 adeptos
1250 2271 1352 2325 rati
1380 2270 1473 2340 qui
1508 2285 1632 2324 cum
1664 2268 1873 2323 Chione
1909 2266 2129 2336 conspi-

538 2374 813 2430 ravcrant,
851 2378 1012 2417 manu
1042 2361 1270 2418 Chionis
1316 2376 1503 2418 ensem
1555 2370 1705 2414 trans
1744 2360 1837 2413 ilia
1873 2374 2126 2414 commu-

535 2457 620 2510 nis
652 2458 842 2526 patriae
878 2456 1055 2511 hostis
1089 2457 1332 2527 adigunt.
1375 2453 1476 2520 Qui
1515 2455 1657 2508 inter
1689 2452 1890 2508 multos
1938 2461 1994 2508 et
2032 2466 2127 2507 sa:-

532 2549 788 2604 vissimos
821 2548 1101 2605 cruciatus
1134 2548 1306 2617 magis
1338 2549 1625 2616 magisque
1655 2546 2127 2617 ingravescentes,

524 2655 590 2697 et
611 2657 845 2712 pavores
872 2656 902 2695 a
928 2641 1160 2709 spectris
1192 2641 1446 2695 incussos
1475 2648 1659 2710 (erant
1690 2649 1872 2692 autem
1902 2638 2129 2693 simula-

534 2752 627 2789 cra
652 2749 838 2788 eorum
871 2749 1009 2802 quos
1032 2733 1311 2789 crudelem
1348 2733 1400 2786 in
1440 2734 1657 2787 modum
1686 2740 2022 2800 necaverat),
2050 2729 2130 2784 al-

536 2837 652 2878 tero
697 2827 785 2878 die
828 2833 952 2895 post
994 2824 1162 2877 vitam
1197 2839 1321 2879 cum
1354 2831 1530 2877 morte
1573 2822 1934 2877 commutavit
1963 2860 1977 2883 ,
2004 2836 2127 2875 cum

533 2932 708 2972 annos
731 2917 1005 2985 exegisset
1040 2916 1093 2971 in
1131 2918 1238 2970 vita
1272 2914 1364 2980 58,
1401 2924 1457 2968 et
1486 2914 1553 2967 l9.
1591 2905 1931 2983 tyrannicum
1962 2914 2131 2981 impe-

534 3010 676 3063 rium
714 3009 1002 3062 tenuisset.
1078 3006 1233 3076 Apud
1263 3006 1478 3059 Persas
1508 3014 1636 3058 tunc
1687 3019 1853 3075 regno
1899 3012 2129 3072 praeerat

533 3101 886 3163 Artaxerxes,
921 3106 974 3153 et
1002 3098 1198 3153 exinde
1232 3097 1413 3151 Ochus
1465 3094 1668 3165 223a
1699 3096 1895 3164 .patris
1945 3098 1996 3149 in
2030 3097 2130 3148 itu-

2231 613 2522 682 ἀνέχεσθαι
2564 615 2687 675 ταῖς
2740 614 2807 666 ἐκ
2861 613 3077 682 φύσεως
3110 612 3540 682 χρωματίζεσθαι
3570 617 3763 690 βαφαῖς,

2230 705 2421 767 ἄλλαις
2450 705 2506 757 δέ
2538 704 2635 758 καὶ
2667 705 2858 767 ἄλλαις
2909 704 3077 766 ἰδέαις
3122 701 3524 773 ποικιλλόμενον
3576 711 3660 766 ἐπὶ
3704 720 3761 770 τὸ

2234 796 2486 849 στιλπνόν
2530 812 2589 847 τε
2629 796 2725 849 xa‘t
2775 794 3063 865 ἐνερευθὲς
3096 795 3139 826 ³⁵
3173 791 3290 856 τοῖς
3340 796 3531 863 ὁρῶσιν
3573 802 3770 873 ἐπιφαὶ.

2231 880 2438 953 νεάθαι,
2465 886 2814 953 ἐξαλλάττειν
2850 887 2906 940 δὲ
2941 887 3049 964 καίκ
3064 888 3191 950 τοὺς
3224 887 3454 957 χιτῶνας
3490 890 3576 943 ἐπὶ
3612 895 3667 948 τὸ
3693 916 3773 965 φο-

2233 980 2394 1052 ϐερόν
2425 998 2483 1035 τε
2523 981 2619 1035 καὶ
2651 980 2970 1051 ἁδρότερον.
3012 978 3141 1052 [705
3173 979 3267 1051 IL]
3297 980 3368 1032 Οὐ
3399 982 3563 1036 ταῦτα
3597 986 3648 1039 δὲ
3698 993 3777 1058 μό-

2232 1091 2324 1126 νον
2362 1072 2618 1133 γενέσθαι
2649 1074 2840 1137 κακὸν,
2863 1072 3001 1127 ἀλλὰ
3043 1073 3137 1126 καὶ
3190 1073 3329 1143 πρὸς
3369 1075 3489 1137 τοὺς
3516 1078 3776 1149 εὐεργέτας

2233 1165 2531 1236 ἀχάριστον
2562 1164 2659 1217 καλ⁵
2684 1166 2864 1218 πάντα
2901 1164 3074 1234 βίαιόν
3103 1181 3163 1216 τε
3193 1166 3288 1218 καὶ
3303 1165 3373 1218 τά
3406 1166 3575 1222 ἄτοπα
3603 1172 3779 1243 τολμη-

2236 1260 2327 1328 ρόν
2353 1274 2367 1289 ·
2410 1258 2577 1326 φῦναι
2604 1257 2663 1310 δὲ
2692 1258 2788 1311 καὶ
2831 1258 3161 1329 δραστήριον
3203 1257 3298 1311 τὸν
3348 1258 3672 1328 παλαμναῖον
3710 1262 3779 1329 οἷς

2233 1350 2301 1403 ἂν
2332 1350 2582 1403 ἐπιϐάλοι
2611 1351 2678 1409 ¹²,
2705 1350 2766 1403 οὐ
2798 1350 2941 1404 κατὰ
2969 1350 3079 1404 τῶν
3111 1349 3403 1422 ὁμοφύλων
3443 1353 3615 1422 μόνον,
3669 1358 3786 1413 ἀλλὰ

2235 1443 2329 1496 καὶ
2353 1442 2406 1495 εί
2426 1460 2480 1496 τι
2510 1444 2570 1495 ἐν
2593 1443 2917 1511 ἀλλοφύλοις
2946 1444 3166 1514 ἐφρόνει
3194 1443 3475 1513 πολέμιον.
3530 1447 3784 1521 Βιϐὶιοθή-

2233 1554 2340 1606 κην
2362 1537 2547 1605 μέντοι
2573 1536 2989 1590 κατασκευάσαι
3020 1537 3128 1607 πρὸ
3155 1537 3266 1590 τῶν
3286 1538 3465 1593 ἀλλων
3505 1539 3596 1603 οὓς
3648 1544 3678 1611 ὴ
3704 1562 3786 1596 τυ-

2235 1628 2418 1697 ραννὶς
2438 1626 2725 1697 ἀπέδειξεν
2765 1628 3159 1697 ὀνομάζεσθαι.
3190 1628 3395 1683 Τοῦτον
3434 1630 3492 1683 δὲ
3519 1633 3787 1700 ἐπιϐουλὰς

2236 1719 2336 1788 μὲν
2364 1719 2571 1781 πολλάς
2604 1718 2869 1782 πολλάκις
2899 1719 2989 1773 διά
3014 1718 3078 1772 τὸ
3143 1718 3435 1790 μιαιφόνον
3478 1722 3571 1773 καὶ
3621 1726 3792 1792 μισάν-

2236 1812 2456 1881 θρωπον
2487 1812 2582 1865 καὶ
2620 1810 2940 1882 ὑϐριστικὸν
2995 1810 3119 1864 κατ’
3150 1810 3321 1863 αὐτοῦ
3381 1814 3647 1875 συστάσας
3694 1816 3793 1869 δια-

2233 1907 2446 1973 φυγεῖν,
2473 1903 2574 1973 όψέ
2610 1903 2668 1957 δέ
2690 1905 2787 1958 καὶ
2839 1904 2995 1970 μόλις
3025 1903 3129 1957 ὑπὸ
3149 1905 3364 1968 Χίωνος
3393 1904 3489 1957 τοῦ
3548 1906 3793 1977 Μάτριος,

2233 1994 2430 2064 ἀνδρὸς
2465 1995 2875 2065 μεγαλόφρονος
2908 1994 3006 2048 καὶ
3031 1996 3323 2049 κοινωνίαν
3346 1996 3487 2067 πρὸς
3521 1996 3676 2050 αὑτὸν
3711 2000 3796 2067 τὴν

2231 2086 2291 2152 ἐξ
2311 2088 2544 2157 αἵματος
2570 2086 2809 2158 ἔχοντος,
2840 2086 2968 2159 [566
2986 2085 3079 2159 IL]
3110 2088 3206 2141 καὶ
3238 2086 3477 2150 Λέοντος
3510 2087 3603 2140 καὶ
3652 2087 3799 2153 Εὐξέ-

2231 2186 2400 2242 νωνος
2430 2179 2527 2232 καὶ
2556 2178 2761 2249 ἐτέρων
2812 2180 2913 2232 οὐκ
2950 2178 3148 2249 ὀλίγων
3195 2176 3634 2248 ωσκευασθῆναι
3683 2178 3800 2248 πλη-

2232 2271 2334 2341 γὴν
2362 2272 2589 2342 καιρίαν
2607 2273 2874 2340 ἐνεγκεῖν,
2924 2272 3021 2324 καὶ
3075 2270 3414 2340 τελευτῆσαι
3461 2269 3672 2341 πικρῶς
3712 2273 3803 2323 ἀπὸ

2231 2364 2326 2418 τοῦ
2354 2364 2691 2435 τραύματος.
2730 2364 2897 2418 Ἔθυε
2931 2364 3031 2434 μὲν
3085 2362 3194 2434 γὰρ
3239 2361 3525 2433 δημοτελῆ
3564 2362 3744 2416 θυσίαν
3782 2366 3804 2417 ὀ

2231 2457 2532 2527 τύραννος·
2567 2458 2615 2511 oi
2658 2457 2715 2510 δὲ
2753 2457 2885 2527 περὶ
2932 2455 3027 2509 τὸν
3070 2454 3259 2509 Χίωνα
3306 2455 3624 2525 ἐπιτήδειον
3685 2450 3805 2508 εἶναι

2233 2548 2323 2602 τὸν
2349 2549 2543 2620 καιρὸν
2576 2552 2643 2619 τῇ
2702 2549 2903 2618 πράξει
2950 2547 3283 2618 νομίσαντες
3334 2550 3405 2619 τῇ
3464 2547 3564 2600 τοῦ
3619 2548 3806 2610 Χίωνος

2232 2645 2379 2714 χειρὶ
2415 2643 2477 2697 τὸ
2510 2642 2664 2711 ξίφος
2690 2643 2783 2696 διά
2804 2642 2915 2695 τῶν
2937 2641 3031 2694 τοῦ
3062 2639 3247 2695 κοινοῦ
3279 2639 3554 2711 πολεμίου
3587 2639 3811 2707 λαγόνων

2234 2734 2572 2788 ἐλαύνουσιν.
2595 2734 2654 2786 '0
2682 2732 2761 2797 δέ,
2792 2732 3005 2784 πολλῶν
3023 2731 3187 2785 αὐτὸν
3222 2731 3324 2785 καὶ
3356 2729 3578 2801 πικρῶν
3606 2729 3811 2798 ἀλγηδό-

2232 2842 2337 2879 νων
2376 2822 2830 2887 κατατεινόντων,
2853 2822 2948 2875 καὶ
2977 2821 3255 2876 τοσούτων
3287 2820 3603 2890 φασμάτων
3662 2819 3814 2873 ἐκδει-

2235 2916 2550 2986 ματούντων
2591 2914 2810 2985 (εἴδωλα
2863 2913 2922 2967 δέ
2973 2911 3043 2967 τά
3075 2913 3347 2983 φάσματα
3393 2906 3466 2983 ἦν
3503 2902 3579 2964 ὧν
3632 2910 3815 2972 ἐκεῖιος

2234 3007 2533 3077 μιαιφόνως
2561 3006 2874 3077 ἀνῃρήκει),
2893 3004 3037 3058 οὕτω
3058 3005 3380 3075 δευτεραῖος
3421 3005 3519 3058 τὸν
3554 3004 3666 3076 βίον
3701 3024 3815 3059 κατ·

2232 3094 2482 3170 έστρεψε,
2519 3098 2695 3165 ζήσας
2755 3097 2852 3166 μὲν
2902 3096 2995 3167 ἐτη
3021 3096 3074 3167 η’
3108 3097 3205 3149 καὶ
3238 3102 3310 3161 ν’,
3365 3096 3581 3150 τούτων
3625 3098 3680 3149 δὲ
3740 3115 3817 3150 τυ-

533 3192 685 3261 perio
711 3206 1023 3245 successor.
1085 3190 1167 3244 Ad
1222 3205 1361 3261 quos
1393 3202 1774 3259 saepenumero
1802 3188 2125 3251 Clearchus,

2236 3190 2508 3260 ραννήσας
2539 3187 2888 3243 δυοκαίδεκα.
2923 3183 3053 3257 Εἶχε
3109 3188 3167 3241 δὲ
3231 3188 3336 3259 τὴν
3385 3190 3621 3259 Περσῶν
3665 3191 3819 3261 ἀρχὴν

534 3286 661 3337 dum
722 3285 832 3337 vita
889 3285 1106 3350 fruitur,
1154 3281 1364 3353 legatos
1393 3283 1563 3336 misit.

531 3380 787 3425 auctores
830 3381 1059 3440 tyranno
1087 3369 1335 3435 fuerant,
1371 3385 1539 3440 prope
1583 3385 1794 3435 omnes,
1842 3370 2041 3439 partim
2100 3384 2131 3423 a

532 3463 887 3527 satellitibus,
913 3464 963 3516 in
986 3464 1103 3533 ipso
1131 3464 1502 3541 aggressionis
1533 3463 1767 3517 articulo
1795 3464 1910 3532 (ubi
1945 3472 2129 3518 tamen

533 3564 786 3608 strenuos
814 3569 875 3607 se
902 3553 1049 3608 viros
1070 3556 1353 3623 gerebant)
1384 3555 1612 3619 concisi,
1632 3556 1828 3625 partim
1852 3555 2132 3623 aliquanto

532 3650 655 3709 post
682 3642 848 3711 capti,
887 3652 941 3696 et
964 3644 1243 3699 atrocibus
1270 3644 1557 3716 suppliciis
1586 3647 1730 3715 (qua:
1756 3644 1975 3700 fortiter
2000 3646 2126 3699 tole—

534 3749 748 3809 rarunt)
786 3738 987 3802 affecti,
1013 3741 1341 3797 occubuere.

1655 3281 1759 3348 Qui
1808 3295 1940 3335 vero
1982 3280 2138 3335 necis

2250 3283 2616 3354 Ἀρταξέρξης
2646 3282 2792 3350 τότε,
2835 3277 2957 3336 εἶτα
2990 3283 3085 3335 καὶ
3114 3278 3283 3353 Ὦχος
3342 3285 3373 3337 ὁ
3400 3286 3611 3353 ταύτην
3648 3286 3709 3336 ἐκ
3735 3302 3819 3336 πα-

2238 3373 2363 3443 τρὸς
2400 3372 2761 3441 ἐκδεξάμενος
2792 3389 2805 3401 '
2842 3373 2981 3442 πρὸς
3003 3372 3098 3434 οὓς
3139 3374 3233 3425 καὶ
3263 3375 3544 3438 πολλάκις
3567 3375 3648 3427 ἔτι
3678 3375 3821 3439 ζῶνὸ

2241 3466 2519 3534 Κλέαρχος
2544 3464 3031 3535 διεπρεσϐεύσατο.
3068 3465 3133 3517 Οἱ
3175 3465 3368 3535 μέντοι
3393 3484 3463 3535 γε
3501 3467 3822 3539 ἀνῃρηκότες

2236 3557 2328 3610 τὸν
2357 3556 2623 3625 τύραννον
2656 3556 2860 3627 μικροῦ
2883 3556 3085 3621 πάντες
3115 3558 3165 3609 οί
3202 3557 3305 3627 μὲν
3337 3558 3451 3612 ὑπὸ
3497 3559 3611 3612 τῶν
3652 3576 3821 3627 σωμα-

2236 3649 2561 3718 τοφυλάκων
2614 3649 2737 3701 κατ’
2770 3648 2934 3701 αὐτὸν
2971 3647 3065 3701 τὸν
3122 3649 3224 3716 τῆς
3270 3648 3593 3711 ἐπιθέσεως
3629 3649 3821 3715 καιρὸν,

2248 3745 2624 3813 οὐχ’άγεννῶς
2649 3744 3057 3815 ἀνδρισάμενοι,
3111 3742 3541 3813 κατεκόπησαν,
3564 3744 3615 3797 οἱ
3648 3744 3702 3795 δὲ
3745 3747 3824 3795 καὶ

534 3833 763 3905 ὓστερον
789 3835 1187 3905 συλληφθέντες
1214 3838 1311 3891 καὶ
1356 3842 1584 3906 πικραῖς
1612 3842 1908 3913 τιμωρίαις
1963 3844 2476 3915 ἐγκαρτερήσαντες
2511 3840 2885 3910 ἀνῃρέθησαν.

535 3930 668 3985 CAP.
710 3927 800 3982 ΙΙΙ.
830 3928 1104 3997 —Satyri
1140 3932 1353 3999 tyranni
1390 3933 1695 3989 immanitas
1726 3945 1775 3989 et
1813 3938 2121 4002 crude/itas,
2144 3934 2492 4058 pltliloslorgia
2521 3935 2573 3986 in
2615 3933 2854 4002 fratrem.
2895 3932 3112 3986 Morbus
3152 3941 3329 3987 atrox.
3372 3932 3633 3988 Vindicta
3667 3933 3826 3986 divina

1915 4011 2077 4058 etiam
2121 4012 2176 4058 in
2240 4023 2299 4058 ac
2338 4007 2465 4057 vita.

1915 4011 2077 4062 etiam
2121 4012 2176 4061 in
2203 4008 2299 4058 hac
2338 4007 2465 4057 vita.

608 4092 836 4161 Satyrus
898 4104 1101 4159 autemt
1161 4094 1376 4164 tyranni
1436 4111 1751 4166 germanus,
1803 4110 1861 4155 et
1904 4114 2127 4160 curator

538 4199 830 4253 puerorum
865 4183 1138 4239 Timothei
1171 4196 1227 4239 et
1262 4185 1502 4259 Dionysii
1540 4191 1786 4257 relictus,
1837 4194 2124 4264 imperium

535 4277 784 4344 suscipit,
833 4278 927 4347 qui
981 4292 1088 4331 non
1140 4276 1467 4334 Clearchqu
1520 4283 1883 4349 solummodo,
1938 4302 2123 4342 verum

536 4380 763 4424 cunctos
803 4372 969 4424 etiam
997 4379 1259 4441 tyrannos
1300 4373 1626 4430 crudelitate
1658 4380 1955 4447 superavit.
2009 4380 2124 4436 Non

534 4464 677 4515 enim
741 4462 809 4516 de
845 4462 1258 4517 insidiatoribus
1314 4463 1501 4519 fratris
1558 4476 1765 4522 tantum
1830 4469 2124 4524 vindictam

535 4554 785 4621 sumpsit,
823 4554 914 4607 sed
946 4562 1001 4607 et
1035 4554 1088 4607 in
1126 4554 1325 4610 liberos
1348 4571 1535 4612 eorum
1560 4560 1652 4627 qui
1687 4560 1850 4614 etiam
1884 4562 1960 4616 rei
1998 4578 2124 4630 per-

2305 4101 2547 4169 Σάτυρος
2585 4099 2641 4151 δὲ
2677 4100 2704 4152 ὀ
2746 4098 2840 4151 τοῦ
2887 4098 3156 4169 τυράννου
3195 4098 3459 4169 ἁδελφὸς,
3503 4095 3596 4153 οἷα
3637 4100 3701 4169 δὴ
3727 4098 3826 4152 ἐπί-

2228 4209 2429 4263 τροπος
2465 4191 2857 4259 καταλειφθεὶς
2883 4191 2993 4244 τῶν
3036 4191 3246 4245 παίδων
3277 4192 3571 4262 Τιμοθέου
3608 4196 3702 4246 καὶ
3726 4197 3828 4244 Διο-

2229 4286 2437 4348 νυσίου,
2473 4287 2573 4353 τὴν
2620 4282 2798 4354 ἀρχὴν
2838 4283 3189 4353 ὑποδέχεται·
3228 4284 3287 4346 ὃς
3324 4285 3593 4355 ὠμότητι
3644 4288 3739 4355 μὲν
3776 4285 3824 4337 οὐ

2229 4381 2533 4450 Κλέαρχον,
2566 4379 2706 4432 ἀλλὰ
2748 4380 2842 4431 καὶ
2877 4379 3088 4442 πάντας
3115 4380 3431 4449 τυράννους
3476 4383 3825 4453 ὑπερέϐαλεν.

2229 4474 2302 4527 Οὐ
2351 4473 2511 4542 μόνον
2566 4471 2676 4541 γάρ
2722 4472 2850 4535 τοὺς
2910 4471 3453 4537 ἐπιϐεϐουλευκότας
3499 4476 3583 4545 τῷ
3632 4473 3826 4542 ἀδελφῷ

2227 4566 2633 4635 ἐτιμωρήσατο,
2665 4564 2800 4617 ἀλλὰ
2836 4564 2932 4617 καὶ
2962 4564 3069 4619 τῶν
3101 4566 3311 4619 τέκνων
3340 4567 3381 4620 δι
3418 4571 3601 4639 μηδὲν
3628 4570 3829 4640 συνῄδει

534 4654 759 4715 petram
787 4645 989 4699 conscii
1016 4661 1120 4699 non
1144 4658 1353 4713 essent,
1373 4666 1479 4704 nou
1504 4652 1685 4707 minus
1716 4655 1910 4708 saeviit.
1949 4658 2124 4724 Atque

2234 4660 2339 4719 τοῖς
2364 4657 2774 4726 γεγεννηκόσιν,
2806 4656 2963 4709 οὐδὲν
2989 4658 3349 4729 ἀνεκτότερον
3381 4661 3720 4732 ἐδηλήσατο,
3748 4660 3829 4713 καὶ

536 4736 608 4790 ita
634 4754 661 4789 a
692 4737 875 4791 multis
917 4737 1229 4793 insontibus
1284 4741 1656 4797 maleficorum
1703 4759 1895 4814 pceuas
1919 4747 2119 4813 exegit.

534 4826 659 4882 Fuit
684 4828 771 4883 hic
793 4829 973 4883 omnis
1004 4830 1267 4885 doctrinae
1292 4833 1687 4904 philosophicae
1720 4844 1775 4891 et
1808 4839 2007 4891 artium
2041 4839 2120 4893 in-

535 4934 835 4989 genuarum
865 4921 1090 4976 omnino
1119 4938 1340 4994 expers,
1374 4925 1591 4995 ingenio
1628 4937 1839 4982 tantum
1871 4932 1937 4984 ad
1968 4931 2121 4985 saevi-

533 5012 663 5064 tiam
717 5027 1031 5081 propenso;
1085 5029 1186 5069 nec
1236 5015 1489 5071 voluntas
1536 5017 1587 5072 ei
1638 5028 1777 5083 erat,
1818 5020 2117 5075 humanum

532 5103 736 5172 aliquid
783 5112 838 5157 et
886 5106 1225 5159 moderatum
1271 5108 1536 5173 discendi,
1591 5124 1691 5165 nec
1725 5125 1755 5164 a
1805 5122 1997 5165 natura
2035 5115 2117 5166 in-

532 5196 643 5249 dita
723 5195 952 5250 facultas
1014 5215 1027 5250 :
1090 5199 1186 5251 sed
1245 5211 1341 5268 per
1388 5201 1573 5255 omnia
1651 5210 1772 5256 erat
1821 5204 2119 5272 pessimus,

532 5287 743 5342 etiamsi
800 5299 1013 5356 tempus
1080 5289 1256 5357 ipsum
1325 5289 1655 5362 infringebat
1710 5292 2010 5358 hominem,
2065 5306 2125 5349 ut

533 5381 707 5435 civilis
744 5383 958 5436 tandem
1012 5382 1292 5451 sanguinis
1325 5392 1381 5437 et
1412 5384 1580 5438 caedis
1608 5399 1733 5439 eum
1770 5387 2000 5440 satietas
2028 5402 2121 5440 ca-

533 5482 706 5541 peret.
753 5474 973 5529 Amoris
1010 5484 1187 5528 tamen
1234 5475 1458 5529 fraterni
1507 5477 1714 5545 primas
1768 5477 1908 5533 tulit.
1960 5476 2120 5540 Nam,

534 5573 594 5616 ut
630 5564 965 5620 dominatum
1026 5566 1211 5621 fratris
1272 5567 1397 5621 filiis
1453 5567 1724 5638 integrum
1776 5569 1845 5623 ab
1902 5570 2117 5638 injuriis

536 5665 907 5721 conservaret,
963 5657 1099 5711 adeo
1149 5658 1265 5725 ejus
1312 5657 1581 5711 rationem
1636 5658 1846 5723 habuit,
1903 5668 1959 5713 ut
1994 5660 2120 5714 licet

2233 4749 2463 4811 πολλοὺς
2500 4749 2780 4811 ἀναιτίους
2819 4747 3148 4819 κακούργων
3179 4749 3337 4814 δίκας
3375 4753 3671 4825 ἁπῄτησε.
3708 4753 3831 4806 Τοῦ-

2231 4859 2321 4893 τον
2352 4840 2408 4892 δὲ
2454 4840 2549 4893 καὶ
2584 4840 2928 4909 μαθημάτων
2966 4842 3075 4894 τῶν
3102 4858 3163 4893 τε
3191 4844 3335 4895 κατὰ
3377 4845 3717 4912 φιλοσοφίαν
3748 4845 3830 4896 καὶ

2236 4933 2347 4986 τῶν
2394 4932 2596 4996 παντὸς
2630 4931 2941 5003 ἐλευθερίου
2972 4934 3133 4988 ἄλλου
3168 4934 3213 4964 ¹³
3238 4934 3543 5002 παντελῶς
3605 4939 3831 5007 ὑπάρξαι

2230 5023 2644 5096 ἀπαράδεκτον,
2710 5025 2805 5076 καὶ
2850 5023 2976 5077 νοῦν
3028 5024 3086 5076 δὲ
3136 5026 3274 5097 πρὸς
3341 5028 3455 5093 τὰς
3520 5031 3830 5100 μιαιφονίας

2227 5118 2389 5188 μόνον
2434 5116 2739 5190 ὀξύρροπον
2792 5116 2985 5187 έχοντα
3034 5119 3435 5191 φιλάνθρωπον
3494 5124 3672 5193 μηδὲν
3709 5124 3833 5193 μηδέ

2222 5210 2431 5279 ἥμερον
2457 5212 2595 5281 μήτε
2621 5210 2816 5276 μαθεῖν
2841 5210 3096 5281 ἐθελῆσαι
3125 5214 3265 5284 μήτε
3292 5214 3471 5281 φῦναι
3503 5216 3831 5286 ἐπιτήδειον.

2238 5299 2400 5353 Ἀλλά
2444 5302 2621 5354 πάντα
2654 5302 2755 5370 μὲν
2792 5298 2862 5372 ἦν
2905 5295 3062 5366 οὗτος
3090 5305 3390 5371 κάκιστος,
3422 5309 3477 5361 εί
3524 5311 3627 5363 καὶ
3654 5308 3834 5379 χρόνος

2226 5392 2375 5463 αὑτῷ
2418 5395 2579 5464 κόρον
2610 5394 2796 5446 λαϐεῖν
2833 5394 2942 5447 τῶν
2979 5397 3260 5464 ἐμφυλίων
3302 5398 3582 5467 αἱμάτων
3620 5402 3715 5452 καὶ
3743 5398 3832 5463 τῆς

2231 5486 2546 5552 μιαιφονίας
2577 5484 2895 5551 ὑπεξέλυεν,
2928 5483 3021 5538 ἐπὶ
3046 5487 3103 5539 δὲ
3128 5492 3192 5559 τῇ
3221 5488 3572 5562 φιλαδελφίᾳ
3599 5491 3663 5544 τό
3692 5489 3834 5559 πρῶ-

2228 5590 2321 5627 τον
2370 5576 2677 5644 ἠνέγκατο·
2734 5576 2833 5645 τὴν
2891 5576 3001 5648 γάρ
3062 5578 3239 5650 ἀρχὴν
3285 5583 3414 5643 τοῖς
3469 5581 3570 5635 τοῦ
3610 5579 3830 5649 ἀδελφώ

2229 5665 2417 5719 παισὶν
2471 5667 2883 5738 ἀνεπηρέαστον
2937 5672 3241 5741 συντηρῶν,
3271 5671 3370 5725 ἐπὶ
3432 5672 3700 5728 τοσσοῦτον
3744 5670 3830 5740 τῆς

1826 5773 2062 5830 VARIE
2098 5774 2391 5833 LECTION
2400 5779 2481 5833 ES

641 5868 682 5898 “
705 5868 923 5939 ἐρευθές
948 5888 1008 5933 ς’.

1110 5872 1152 5902 ¹²
1177 5871 1424 5927 ἐπιϐάλοι
1457 5869 1521 5926 ll.
1564 5868 1873 5942 Stephanus
1909 5888 1923 5926 :
1957 5872 2083 5930 libri
2106 5874 2438 5929 ἐπιϐάλοιεν.

2522 5877 2565 5908 ¹³
2595 5875 2773 5931 ἐλευθ.
2808 5876 2963 5932 ἄλλον
2994 5877 3157 5933 ἄλλου
3182 5897 3241 5944 ς.
