4032 6448
355 392 465 457 881

1390 396 1923 458 BIBLIOTHECA.
1961 420 2033 434 --
2055 398 2216 459 COD.
2260 398 2561 461 CCXXIV.

3520 404 3641 467 882‘

353 514 543 571 αὐτῶν
590 514 919 585 κηδεμονίας
962 515 1123 585 λόγον
1143 516 1187 550 ⁸⁸
1221 514 1462 580 ἐτίθετο,
1494 514 1571 577 ὡς
1603 516 1697 569 καὶ
1726 513 1934 582 γυναικί

2048 512 2316 584 coniugali
2350 516 2557 579 uxoris,
2584 529 2746 585 quam
2775 516 2936 571 unice
2964 514 3201 579 amabat,
3233 514 3625 570 consuetudine

354 607 575 675 συνὼν,
630 608 723 663 καὶ
751 608 871 661 τότε
909 608 1033 662 λίαν
1075 608 1451 680 στεργομένῃ,
1492 607 1568 677 μὴ
1613 606 1943 677 ἀνασχέσθαι

352 699 779 770 παιδοπιῆσαι,
817 699 956 755 ἀλλὰ
1013 703 1231 771 μηχανῇ
1278 700 1431 773 πάσῃ
1472 699 1639 768 γονῆς
1684 700 1943 772 στέρησιν

351 791 539 863 ἐαυτῷ
589 791 841 858 δικάσαι,
903 792 981 855 ὡς
1027 791 1095 847 ἂν
1156 792 1280 863 μηδ’
1320 792 1455 855 ὅλως
1516 790 1772 846 ὐπολίποι
1821 790 1945 847 τινὰ

351 883 722 955 ἐφεδρεύοντα
754 886 868 949 τοῖς
898 885 994 939 τοῦ
1030 885 1263 956 ἀδελφοῦ
1288 885 1498 941 παισίν.
1528 881 1698 951 Οὗτος
1723 885 1806 939 ἔτι
1832 883 1943 949 ζῶν

349 978 451 1030 καὶ
476 978 624 1048 γήρᾳ
654 976 1025 1048 βαρυνόμενος
1051 979 1303 1050 Τιμοθέῳ
1329 977 1407 1049 τῷ
1442 978 1804 1051 πρεσϐυτέρῳ
1832 976 1943 1031 τῶν

350 1067 566 1122 παίδων
590 1068 685 1123 τοῦ
720 1069 955 1138 ἀδελφοῦ
987 1071 1284 1141 ἐγχειρίζει
1317 1072 1417 1142 τὴν
1452 1070 1647 1142 ἀρχὴν,
1680 1070 1779 1125 καὶ
1805 1068 1945 1141 μετά

354 1162 551 1235 χρόνον
600 1163 663 1215 οὐ
718 1164 888 1217 πολὺν
932 1164 1141 1235 ἀνιάτῳ
1190 1165 1354 1220 πάθει
1418 1165 1515 1219 καὶ
1566 1164 1943 1236 χαλεπωτάτῳ

363 1255 681 1325 συεχεθεὶς,
720 1286 788 1296 -
832 1257 1162 1329 καρκίνωμα
1190 1258 1298 1329 γὰρ
1333 1258 1536 1330 μεταξὺ
1582 1258 1853 1329 βουϐῶνός
1883 1275 1945 1312 τε

365 1349 458 1401 καὶ
490 1348 686 1418 ὀσχέου
729 1349 973 1419 ὐποφυέν
1001 1350 1100 1419 τὴν
1145 1350 1318 1421 νομὴν
1355 1350 1489 1422 πρὸς
1541 1351 1612 1404 τὰ
1658 1350 1805 1405 ἔνδον
1847 1352 1944 1405 ἐπ-

358 1442 531 1493 εδίδου
570 1442 913 1513 πικρότερον,
945 1442 1073 1514 [708
1107 1442 1199 1515 R.]
1228 1444 1288 1509 ἐξ
1308 1437 1369 1497 οὐ
1408 1443 1603 1514 ἰχῶρες
1622 1444 1943 1513 ἀναστομω-

356 1531 548 1603 θεὶσης
599 1532 700 1603 τῆς
758 1534 960 1604 σαρκὸς
1018 1534 1275 1605 ἐξέρῤεον
1325 1534 1467 1605 βαρύ
1519 1533 1615 1589 καὶ
1662 1534 1944 1587 δύσοιστον

350 1630 641 1691 πνέουσαι,
687 1630 762 1692 ὡς
798 1629 996 1699 μηκέτι
1040 1630 1177 1699 μήτε
1212 1629 1272 1683 τὸ
1322 1627 1770 1698 ὐπηρετούμενον
1803 1628 1943 1698 μήτε

348 1723 482 1785 τοὺς
514 1720 734 1793 ίατρούς
760 1722 820 1775 τὸ
846 1724 945 1794 τῆς
966 1723 1258 1792 σηπεδόνος
1290 1722 1503 1790 στέγειν
1526 1722 1570 1753 ’⁸
1592 1722 1827 1784 δυσῶδες
1847 1721 1944 1774 καὶ

349 1814 752 1870 ἀνυπόστατον.
794 1814 904 1869 Καὶ
958 1820 1203 1887 συνεχεῖς
1233 1814 1359 1888 [567
1394 1814 1487 1885 Η.]
1531 1814 1588 1867 δέ
1617 1814 1801 1867 ὀδύναι
1846 1814 1939 1867 καὶ

342 1907 602 1977 δριμεῖαι
643 1910 764 1962 ὅλον
807 1909 871 1962 τὸ
914 1908 1076 1978 σῶμα
1126 1910 1469 1970 κατέτεινον,
1516 1905 1608 1976 ὑφ’
1651 1899 1726 1961 ὧν
1759 1907 1935 1976 ἀγρυ-

344 2000 542 2064 πνίαις
574 2017 635 2054 τε
681 2000 779 2055 καὶ
806 2003 1078 2071 σπασμοῑς
1110 2000 1373 2065 ἐξεδίδοτο
1394 2039 1411 2062 ,
1446 1999 1553 2062 ἕως
1603 1997 1937 2068 προκύψασα

348 2088 554 2158 μέχρις
596 2088 779 2142 αὐτῶν
813 2089 925 2143 τῶν
965 2089 1290 2159 σπλάγχνων
1339 2086 1435 2141 τοῦ
1470 2088 1680 2151 πάθους
1708 2089 1742 2157 ἡ
1795 2088 1935 2159 νομὴ

342 2179 447 2232 τοῦ
490 2179 606 2250 βίου
652 2179 990 2252 ἀπέρρηξεν.
1037 2181 1236 2234 Ἐδίδου
1287 2180 1386 2251 μὲν
1420 2180 1516 2232 καὶ
1543 2173 1721 2242 οὗτος,
1747 2178 1935 2249 ὥσπερ

340 2270 447 2321 καὶ
492 2270 810 2341 Κλέαρχος,
852 2270 1122 2324 τελευτῶν
1161 2272 1276 2333 τοῖς
1304 2270 1505 2340 ὁρῶσιν
1538 2270 1740 2323 ἐννοεῖν
1778 2268 1936 2333 δίκας

341 2360 700 2414 ἀπαιτεῖσθαι
733 2353 809 2414 ὧν
838 2360 1009 2432 ὠμῶς
1053 2380 1113 2415 τε
1144 2363 1238 2415 καὶ
1292 2361 1631 2432 παρανόμως
1664 2362 1791 2424 τούς
1834 2379 1935 2414 πο-

338 2448 503 2515 λίτας
553 2453 837 2506 διέθεσαν·
877 2453 1140 2517 πολλάκις
1195 2455 1303 2526 γὰρ
1353 2454 1519 2508 αὐτόν
1568 2472 1732 2523 φασιν
1769 2454 1829 2507 ἐν
1864 2455 1931 2526 τῇ

340 2544 492 2612 νόσῳ
534 2544 626 2595 τὸν
669 2544 902 2597 θάνατον
936 2545 1185 2599 ἐπελθεῖν
1222 2543 1373 2614 αὐτῷ
1414 2545 1816 2615 κατευχόμενον
1857 2546 1933 2616 μὴ

341 2639 561 2706 τυχεῖν,
608 2637 745 2691 ἀλλά
778 2640 1003 2709 συχναῖς
1031 2640 1270 2709 ἡμέραις
1297 2642 1361 2710 τῇ
1392 2641 1569 2711 πικρᾷ
1606 2642 1701 2693 καὶ
1737 2639 1935 2711 βαρείᾳ

343 2730 889 2801 καταδαπανώμενον
928 2732 1071 2804 νόσῳ
1114 2730 1287 2796 οὕτως
1324 2734 1583 2785 ἀποτῖσαι
1628 2731 1687 2785 τὸ
1731 2731 1929 2803 χρεὼν,

343 2821 441 2892 ἔτη
488 2822 586 2892 μὲν
619 2822 897 2890 βιώσαντα
928 2824 1090 2877 πέντε
1119 2824 1213 2877 καὶ
1241 2823 1529 2894 ἐξήκοντα,
1562 2817 1637 2878 ὧν
1665 2826 1700 2895 ἡ
1726 2840 1931 2894 τυραν-

339 2916 429 2978 νὶς
458 2910 604 2985 εἶχεν
628 2914 694 2978 ζ’.
732 2915 1059 2988 Ἀγησίλαος
1087 2916 1145 2970 δὲ
1166 2916 1469 2989 τηνικαῦτα
1488 2916 1933 2989 Λακεδαιμονίων

338 3006 663 3062 ἐϐασίλευεν
689 3008 755 3062 ¹⁶.

339 3198 477 3254 CAP.
510 3199 600 3255 IV.
625 3229 695 3239 —
723 3198 1023 3255 Timotheus
1063 3200 1199 3265 ﬁlius
1232 3200 1475 3255 Clearchi
1493 3240 1509 3263 ,
1544 3203 1781 3268 princeps
1811 3198 1935 3267 III;

2047 616 2313 669 uteretur,
2344 605 2549 661 liberos
2581 614 2765 662 tamen
2795 622 2862 662 ex
2895 622 2959 662 ea
2990 620 3281 676 procreare
3310 605 3503 666 nollet,
3529 606 3626 661 sed

2045 698 2192 753 Omni
2230 708 2349 754 arte
2395 699 2536 755 hanc
2565 700 2822 755 orbitatis
2862 707 2918 754 et
2966 715 3072 755 non
3117 699 3397 770 gignendae
3425 697 3636 754 sobolis-

2042 807 2143 848 ceu
2189 808 2403 863 poenam
2451 792 2554 848 sibi
2592 793 2897 863 irrogaret:
2933 806 2999 846 ne
3041 806 3199 860 quem
3231 791 3453 844 omnino
3492 789 3626 843 insi-

2044 884 2309 940 diatorem
2339 883 2526 939 fratris
2553 883 2678 939 ﬁliis
2696 883 3053 952 relinqueret.
3092 879 3391 949 Superstes
3425 880 3627 945 adhuc,

2044 976 2141 1034 sed
2174 977 2327 1032 senio
2372 984 2653 1048 gravatus,
2698 973 3010 1040 Timotheo,
3043 972 3137 1043 qui
3178 972 3246 1027 de
3277 971 3405 1027 ﬁliis
3438 970 3627 1027 fratris

2043 1076 2203 1124 aetate
2233 1067 2534 1137 praecessit,
2571 1081 2753 1122 rerum
2795 1079 3068 1121 summam
3125 1063 3309 1130 tradit,
3332 1077 3432 1119 nec
3458 1062 3627 1117 multo

2047 1169 2289 1229 tempore
2342 1168 2467 1229 post
2507 1157 2826 1213 difﬁcillimo
2861 1156 3158 1226 corripitur
3190 1154 3381 1210 morbo
3425 1164 3482 1210 et
3527 1154 3631 1208 im-

2046 1250 2375 1307 medicabili.
2424 1250 2638 1307 Cancer
2671 1248 2818 1303 enim
2854 1248 2998 1302 inter
3028 1247 3243 1317 inguem
3283 1257 3338 1301 et
3384 1253 3625 1300 scrotum

2045 1350 2239 1397 enatus
2277 1340 2346 1395 ad
2374 1340 2631 1395 interiora
2662 1337 2933 1407 pascendo
2962 1335 3191 1391 subinde
3227 1335 3476 1390 acerbius
3504 1348 3629 1403 pro-

2046 1433 2342 1503 serpebat:
2374 1447 2439 1487 ex
2468 1448 2598 1502 quo,
2648 1444 2811 1485 carne
2860 1429 3065 1494 laxata,
3108 1428 3310 1493 sanies,
3367 1428 3626 1498 gravissi-

2047 1538 2166 1579 mos
2199 1534 2255 1579 et
2291 1523 2661 1578 intolerabiles
2709 1521 2996 1590 exspirans
3036 1520 3256 1584 odores,
3300 1520 3625 1589 profluebat,

2046 1626 2105 1671 ut
2134 1630 2237 1671 nec
2270 1614 2504 1671 ministri
2548 1629 2647 1669 nec
2680 1613 2874 1669 medici
2913 1612 3399 1667 virulentissimum
3436 1621 3625 1681 putre-

2047 1709 2188 1763 dinis
2220 1708 2448 1762 fetorem
2496 1706 2834 1762 sustinerent
2863 1719 2929 1759 ac
2968 1702 3303 1773 perferrent.
3328 1702 3628 1757 Continen-

2048 1807 2128 1853 tes
2170 1809 2351 1853 autem
2391 1808 2445 1851 et
2498 1795 2749 1851 acerrimi
2794 1795 3008 1850 dolores
3054 1803 3225 1850 totum
3272 1794 3390 1863 ejus
3428 1808 3627 1862 corpus

2042 1891 2505 1947 excarniﬁcabant
2534 1908 2547 1944 :
2582 1905 2819 1959 quorum
2867 1886 3068 1957 vigiliis
3099 1896 3154 1943 et
3182 1887 3627 1942 convulsionibus

2043 1998 2282 2053 eousque
2311 1982 2440 2037 mali
2471 1981 2723 2051 contagio
2753 1980 3177 2051 adaugescebat,
3210 1980 3382 2034 donec
3415 1978 3485 2033 ad
3511 1978 3625 2047 ipsa

2042 2075 2253 2129 viscera
2283 2089 2343 2129 se
2382 2073 2684 2137 insinuans,
2712 2072 2880 2126 vitam
2916 2080 3147 2140 tyranno
3187 2071 3428 2139 abrupit.
3477 2069 3623 2135 Qua-

2042 2180 2103 2220 re
2134 2166 2244 2230 bic,
2276 2179 2384 2218 non
2412 2163 2592 2217 minus
2633 2176 2796 2232 quam
2821 2161 3144 2225 Clearchus,
3183 2162 3625 2216 animadverten-

2042 2260 2190 2313 tibus
2217 2255 2678 2312 considerandum
2710 2254 2985 2320 exhibuit,
3017 2269 3209 2323 pmnas
3235 2252 3455 2309 tandem
3482 2253 3622 2324 exig=

2043 2350 2258 2405 illorum
2287 2363 2408 2419 quae
2436 2356 2628 2403 contra
2658 2347 2839 2403 divina
2862 2356 2920 2403 et
2953 2347 3190 2401 humana
3214 2346 3340 2415 jura
3369 2345 3629 2400 immani-

2042 2453 2126 2496 ter
2164 2443 2216 2497 itt
2256 2444 2405 2498 cives
2449 2442 2824 2497 admisissent.
2866 2442 3022 2509 Saepe
3052 2441 3199 2497 enim
3259 2439 3454 2511 223i:
3485 2440 3628 2496 inter

2042 2535 2222 2589 morbi
2274 2544 2519 2589 torturas
2556 2543 2813 2602 precatus
2851 2534 3073 2598 dicitur,
3127 2544 3185 2589 ut
3219 2532 3625 2603 quamprimum

2037 2642 2097 2683 se
2129 2642 2275 2682 mors
2303 2627 2580 2692 obrueret,
2610 2625 2722 2679 voti
2759 2632 2943 2680 tamen
2981 2640 3209 2693 compos
3248 2640 3356 2679 non
3387 2634 3514 2679 ante
3539 2622 3625 2678 fa-

2030 2729 2172 2783 ctus,
2218 2734 2380 2789 quam
2411 2718 2587 2773 morbi
2621 2718 2672 2772 vi
2711 2726 2768 2772 et
2799 2717 3103 2771 acerbitate
3148 2726 3527 2785 consumptus,
3558 2727 3624 2768 eo

2033 2812 2193 2866 modo
2226 2811 2349 2865 fatis
2386 2809 2630 2865 debitum
2656 2809 2891 2866 exsolvit
2919 2826 2934 2863 :
2962 2817 3252 2878 postquam
3277 2806 3351 2862 65
3388 2807 3443 2861 in
3482 2806 3621 2871 vita,

2032 2904 2085 2958 in
2111 2902 2398 2975 tyrannide
2433 2901 2665 2956 7annos
2714 2900 3105 2970 compleverat.
3175 2897 3247 2953 Et
3300 2906 3624 2967 tempestate

2033 2995 2128 3050 illa
2166 3008 2399 3065 regnum
2436 2993 2579 3065 apud
2632 2992 3073 3050 Lacedaemonios
3117 2991 3411 3063 Agesilaus
3446 2992 3623 3046 adrui.-

2040 3087 2332 3142 nistrahat.

2043 3198 2179 3270 Ejus
2218 3200 2406 3271 merita
2430 3201 2484 3253 in
2518 3200 2771 3269 rempubl.
2806 3210 2856 3255 et
2894 3202 3161 3269 privatos.
3219 3199 3357 3271 Ejus
3414 3198 3635 3254 heroica‘

911 3272 969 3323 in
998 3264 1145 3325 bellis
1174 3273 1362 3325 virtus.
1396 3264 1551 3326 Mors
1574 3264 1895 3325 immatura.
1920 3264 2150 3324 Ηουίιὶιε
2187 3272 2233 3323 ei
2266 3287 2298 3323 a
2324 3269 2497 3332 fratre
2528 3264 2697 3325 Iron-os
2726 3280 2842 3337 post
2874 3264 3116 3326 mortem.

428 3366 491 3437 ὅ0
521 3383 576 3436 δέ
610 3383 876 3453 Τιμόθεος
906 3382 1245 3455 παραλαϐὼν
1286 3383 1384 3454 τὴν
1421 3384 1595 3455 ἀρχὴν
1630 3383 1775 3437 οὕτω
1800 3382 1933 3437 ταύ-

2107 3380 2623 3453 Timotheusigitur,
2655 3383 2943 3453 imperium
2966 3384 3213 3453 adeptus,
3242 3384 3315 3438 ita
3336 3386 3406 3441 ad
3433 3386 3622 3441 mode-

345 3491 449 3546 την
481 3475 572 3528 ἐπὶ
594 3476 653 3527 τὸ
679 3474 987 3547 πραότερον
1018 3477 1115 3530 καὶ
1136 3475 1692 3548 δημοκρατικώτερον
1717 3478 1759 3508 ⁸⁷
1792 3493 1925 3548 μετ-

340 3565 715 3636 εβρύθμιζεν,
769 3566 844 3631 ὡς
884 3569 1082 3639 μηκέτι
1132 3567 1418 3638 τύραννον,
1459 3568 1575 3621 ἀλλ’
1631 3568 1931 3640 εὐεργέτην

342 3656 529 3723 αὐτὸν,
555 3652 636 3719 οἷς
669 3657 932 3726 ἔπραττε,
964 3658 1059 3711 καὶ
1092 3660 1314 3729 σωτῆρα
1344 3659 1726 3730 ὀνομάζεσθαι.
1761 3661 1842 3714 Τά
1871 3677 1931 3713 τε

342 3749 459 3819 γάρ
508 3749 647 3818 χρέα
680 3753 793 3813 τοῖς
850 3750 1161 3813 δανεισταῖς
1200 3752 1334 3821 παρ’
1384 3749 1578 3805 ἐαυτοῦ
1609 3748 1930 3813 διελύσατο,

344 3844 449 3894 καὶ
487 3844 598 3903 τοῖς
623 3842 890 3913 χρῄζουσι
924 3841 1062 3913 πρὸς
1092 3842 1191 3907 τὰς
1222 3843 1494 3914 ἐμπορίας
1521 3843 1616 3896 καὶ
1644 3842 1736 3895 τὸν
1772 3842 1931 3896 ἀλλον

346 3933 467 4002 βίον
496 3934 671 3987 τόκων
701 3934 830 3987 ἄνευ
864 3936 1165 4004 ἐπήρκεσε,
1199 3935 1292 3988 καὶ
1318 3934 1428 3987 τῶν
1454 3933 1846 4005 δεσμωτηρίων
1869 3934 1930 3986 οὐ

339 4026 473 4089 τούς
495 4026 825 4091 ἀνευθύνους
862 4026 1023 4097 μόνον
1041 4067 1054 4089 ,
1090 4026 1231 4079 ἀλλὰ
1262 4027 1357 4080 καὶ
1384 4027 1510 4090 τούς
1540 4028 1600 4080 ἐν
1627 4026 1830 4088 αἰτίαις
1854 4025 1933 4078 δι-

339 4119 523 4187 ηφίει,
549 4120 644 4171 καὶ
660 4119 921 4189 δικαστὴς
955 4119 1189 4189 ἀκριϐὴς
1222 4115 1290 4189 ἦν
1322 4119 1458 4189 ὁμοῦ
1496 4119 1593 4172 καὶ
1624 4117 1932 4188 φιλάνθρω-

345 4228 472 4273 πος,
510 4212 604 4263 καὶ
646 4212 716 4265 τὰ
772 4210 907 4265 ἄλλα
957 4213 1194 4282 χρηστὸς
1229 4211 1324 4264 καὶ
1358 4210 1455 4274 τὰς
1500 4209 1790 4273 ὑποθέσεις
1831 4209 1932 4263 οὐκ

343 4304 769 4372 ἀπιστούμενος.
809 4304 926 4373 Ἐφ’
952 4302 997 4335 ’⁸
1028 4298 1108 4368 οἷς
1145 4305 1241 4358 καὶ
1268 4304 1360 4357 τὸν
1391 4304 1623 4371 ἀδελφὸν
1652 4302 1931 4355 Διονύσιον

337 4393 412 4445 τά
444 4409 502 4444 τε
551 4393 687 4445 ἄλλα
724 4394 1009 4465 πατρικῶς
1055 4395 1346 4465 περιεῖπε,
1398 4396 1490 4447 καὶ
1529 4392 1788 4447 κοινωνὸν
1832 4392 1932 4462 μὲν

335 4481 489 4552 εἶχεν
519 4484 717 4536 αὐτίκα
760 4483 862 4552 τῆς
901 4483 1098 4555 ἀρχῆς,
1133 4484 1409 4553 ἐχομένως
1443 4483 1498 4536 δέ
1540 4484 1635 4535 καὶ
1662 4482 1927 4552 διάδοχον.

337 4577 421 4629 Οὐ
456 4575 562 4645 μὴν
594 4574 729 4628 ἀλλὰ
758 4576 868 4646 γὰρ
892 4576 987 4628 καὶ
1020 4574 1161 4646 πρὸς
1190 4574 1289 4638 τὰς
1320 4573 1626 4645 πολεμικὰς
1655 4572 1763 4625 τῶν
1788 4572 1930 4644 πράι⁹

337 4666 479 4733 ξεων
518 4667 779 4736 ἀνδρείως
818 4668 1071 4739 ἐφέρετο,
1111 4666 1473 4737 μεγαλόφρων
1501 4666 1558 4719 δὲ
1588 4662 1657 4737 ἦν
1680 4667 1772 4719 καὶ
1804 4682 1929 4735 γεν-

2036 3471 2321 3535 rationem,
2347 3482 2401 3525 et
2422 3487 2583 3542 quam
2599 3474 2776 3541 putuit
2798 3473 3036 3527 maxime
3058 3474 3374 3543 popularem
3396 3483 3620 3541 statum,

2036 3562 2166 3617 illud
2193 3562 2431 3629 reduxit,
2460 3572 2518 3616 ut
2548 3578 2652 3617 non
2687 3563 2829 3619 ultra
2858 3572 3144 3633 tyrannus,
3181 3566 3275 3620 sed
3304 3564 3623 3621 benefactor

2033 3664 2085 3709 et
2111 3666 2358 3709 servator
2390 3655 2460 3710 ob
2489 3654 2748 3724 praeclare
2780 3659 2971 3711 merita
3013 3664 3437 3726 nuncuparetur.
3484 3657 3620 3712 Nam

2034 3744 2101 3799 de
2132 3758 2231 3799 suo
2253 3744 2471 3798 nomina
2495 3744 2862 3799 creditoribus
2884 3746 3179 3815 expedivit,
3202 3755 3256 3801 et
3277 3746 3458 3816 inopia
3481 3746 3605 3801 Iabo

2035 3837 2283 3891 rantibus
2316 3836 2434 3892 sine
2462 3835 2673 3900 fenore,
2707 3838 2774 3890 ad
2798 3838 3193 3909 negotiationes
3227 3849 3284 3893 et
3325 3838 3463 3894 alios
3495 3840 3620 3894 vim

2035 3945 2188 3994 usus,
2214 3930 2476 3998 pecunias
2497 3928 2883 4001 suppeditavit:
2924 3946 3025 3985 nec
3050 3933 3211 3986 modo
3239 3932 3507 3997 insontes,
3527 3936 3622 3988 scd

2035 4022 2246 4076 etveris
2286 4021 2611 4075 criminibus
2645 4021 2913 4075 obnoxios
2931 4022 3243 4077 carceribus
3262 4021 3508 4077 exsolvit.
3527 4022 3621 4078 Ju-

2035 4109 2138 4163 dex
2170 4110 2387 4178 quidem
2418 4118 2705 4165 accuratus
2724 4120 2781 4165 et
2815 4124 3056 4174 severus,
3093 4111 3389 4181 czeteroqui
3439 4122 3618 4168 tamen

2036 4201 2303 4256 humanus
2324 4211 2379 4257 et
2407 4201 2695 4271 benignus.
2729 4200 2788 4255 In
2832 4202 2995 4257 rebus
3042 4202 3170 4258 ﬁdei
3202 4217 3315 4258 suae
3336 4204 3624 4261 credendis

2034 4293 2262 4348 minime
2290 4303 2593 4362 suspectus.
2611 4294 2819 4350 Idcirco
2841 4303 2896 4350 et
2924 4294 3152 4350 fratrem
3170 4296 3480 4369 Dionysium
3496 4314 3623 4354 cum

2037 4386 2089 4440 in
2113 4388 2239 4442 aliis
2254 4397 2480 4457 paterno
2516 4403 2703 4443 amore
2737 4397 2790 4443 ct
2831 4388 3013 4445 studio
3033 4390 3351 4459 complexus
3367 4401 3473 4456 est,
3506 4400 3623 4446 tum

2035 4479 2218 4532 statim
2264 4478 2478 4548 imperii
2528 4490 2837 4535 consortem
2879 4480 3094 4545 ascivit,
3149 4489 3205 4535 et.
3244 4496 3619 4538 successorem

2035 4567 2138 4622 sibi
2164 4568 2476 4623 destinavit.
2511 4568 2617 4624 Sed
2646 4571 2927 4624 enimvero
2959 4570 3025 4624 ad
3056 4585 3144 4625 res
3176 4571 3401 4628 bellicas
3428 4571 3619 4640 alacri,

2035 4668 2089 4714 et
2123 4662 2215 4729 qui
2258 4662 2432 4714 virum
2467 4660 2647 4725 decet,
2686 4662 2869 4715 animo
2906 4660 3208 4717 ferebatur.
3246 4661 3444 4733 Magno
3473 4663 3620 4719 enim

336 4729 493 4823 ναῖος
550 4729 711 4832 σῶμα
763 4729 874 4814 καὶ.
911 4729 1127 4831 ἀνοχὴν,
1167 4729 1306 4813 ἀλλά
1334 4729 1452 4813 ’καὶ
1502 4729 1638 4830 πρὸξ
1686 4761 1787 4822 τὰς
1816 4729 1930 4829 *τῆς

2038 4750 2254 4820 spiritu,
2293 4760 2348 4805 et
2392 4765 2661 4821 generoso
2700 4753 2946 4821 corporis
2977 4764 3031 4807 et
3067 4754 3232 4808 animi
3270 4756 3463 4809 robore
3505 4764 3626 4809 crat

338 4853 527 4923 μάχης
578 4852 859 4915 διαλύσεις
919 4849 1220 4920 εὐγνώμων
1273 4867 1333 4903 τε
1384 4850 1480 4903 καὶ
1539 4850 1640 4902 οὐκ
1690 4851 1926 4920 ἄχαρις,

336 4945 650 5012 πράγματα
680 4942 780 5011 μὲν
812 4942 1046 4994 συνιδεῖν
1071 4940 1278 5004 ἱκανὸς,
1310 4939 1585 5004 ἐξικέσθαι
1611 4939 1667 4992 δὲ
1696 4940 1830 5009 πρὸς
1862 4937 1932 4991 τά

336 5034 737 5103 συνεωραμένα
770 5033 1124 5103 δραστήριος,
1156 5031 1457 5102 οἰκτίρμων
1484 5049 1544 5084 τε
1572 5031 1636 5082 τὸ
1662 5026 1795 5100 ἦθος
1836 5030 1929 5082 καὶ

333 5124 581 5195 χρηστὸς
599 5167 612 5189 ,
640 5125 732 5176 καὶ
756 5126 823 5195 τῇ
859 5124 957 5195 μὲν
995 5122 1257 5194 εὐτολμίᾳ
1288 5122 1480 5185 δεινῶς
1509 5121 1785 5190 ἀπότομος
1807 5160 1822 5185 ,
1860 5122 1925 5191 τῇ

333 5218 393 5269 δὲ
449 5217 761 5288 μετριότητι
816 5216 1207 5287 φιλάνθρωπός
1259 5232 1319 5268 τε
1366 5216 1460 5269 καὶ
1509 5215 1791 5286 μειλίχιος.
1837 5216 1929 5267 Διὸ

337 5309 548 5379 σρόδρα
599 5308 698 5378 μὲν
736 5311 941 5379 περιὼν
980 5310 1093 5371 τοῖς
1123 5307 1406 5378 πολεμίοις
1441 5308 1671 5378 φοϐερὸς
1710 5304 1801 5379 ἦν,
1834 5309 1929 5361 καὶ

334 5402 546 5464 πάντες
596 5401 759 5454 αὐτὸν
806 5401 1206 5472 κατωρρώδουν
1254 5401 1476 5453 ἐπειδὰν
1528 5402 1924 5471 ἀπεχθάνοιτο,

335 5494 454 5552 τοῖς
474 5490 519 5541 δ’
558 5490 885 5562 ἀρχομένοις
915 5490 1119 5558 γλυκύς
1146 5507 1206 5543 τε
1232 5491 1327 5549 καὶ
1355 5492 1586 5560 ἥμερος.
1617 5490 1811 5543 Ἔνθεν
1832 5492 1927 5543 καὶ

332 5581 609 5634 τελευτῶν
654 5582 822 5635 πόθον
866 5582 1032 5636 αὐτοῦ
1070 5582 1333 5636 κατέλιπε
1362 5582 1553 5646 πολὺν,
1584 5581 1678 5635 καὶ
1724 5581 1921 5645 πένθος

333 5676 531 5743 ἤγειρε
574 5671 651 5743 τῷ
688 5671 838 5743 πόθῳ
885 5673 1196 5744 ἐνάμιλλον.
1242 5673 1300 5725 '0
1349 5673 1406 5725 δὲ
1446 5673 1639 5725 τούτου
1693 5672 1922 5740 ἁδελφὸς

2030 4843 2310 4914 praaditus.
2361 4842 2499 4909 Quin
2548 4852 2603 4898 et
2630 4842 2697 4897 ad
2733 4846 3139 4901 controversias
3173 4846 3435 4901 bellorum
3480 4848 3619 4901 diri-

2031 4935 2254 4989 mendas
2276 4943 2330 4989 et
2360 4936 2764 5003 componendas
2796 4950 3012 5006 aequum
3050 4936 3362 5009 bonumque
3396 4954 3454 4993 se
3476 4953 3620 5007 pra;-

2029 5026 2209 5092 bebat,
2255 5039 2357 5081 nec
2407 5025 2705 5081 difﬁcilem.
2741 5027 2823 5080 Ad
2879 5029 3316 5098 perspiciendum
3359 5045 3446 5084 res
3498 5031 3618 5084 ido-

2030 5132 2186 5181 neus,
2232 5123 2288 5171 et
2332 5118 2397 5169 ad
2429 5118 2833 5187 exsequendum
2880 5119 3021 5174 bene
3067 5120 3441 5175 consideratas
3475 5131 3613 5175 stre-

2036 5226 2190 5263 nuus.
2237 5210 2455 5280 Ingenio
2507 5220 2561 5264 et
2613 5210 2857 5265 moribus
2904 5211 3177 5276 clemens,
3222 5212 3533 5267 misericors
3562 5224 3619 5268 et

2033 5303 2333 5359 beneﬁcus.
2369 5300 2426 5355 in
2462 5301 2718 5371 periculis
2765 5303 2985 5372 quidem
3034 5305 3300 5359 adeundis
3326 5303 3478 5358 ferox
3513 5324 3526 5358 :
3564 5318 3620 5361 at

2040 5397 2091 5450 in
2124 5406 2325 5451 caetera
2375 5396 2482 5449 vita
2529 5410 2790 5464 perquam
2823 5397 3090 5451 humanus
3119 5406 3174 5452 et
3231 5398 3423 5452 comis.
3468 5396 3615 5459 Ideo,

2032 5486 2269 5556 quandiu
2300 5486 2447 5541 salva
2491 5486 2541 5541 ei
2573 5486 2681 5539 vita
2713 5488 2934 5550 mansit,
2973 5488 3219 5543 hostibus
3244 5505 3404 5560 quam
3438 5495 3612 5544 maxi-

2036 5595 2122 5633 tne
2152 5578 2549 5633 formidabilem
2578 5578 2660 5646 (ut
2700 5592 2891 5631 omnes
2926 5579 3253 5647 quibuscum
3297 5581 3611 5637 inimicitias

2032 5680 2371 5737 susceperat,
2416 5684 2539 5723 eum
2582 5671 3043 5739 expavescerent),
3086 5671 3183 5726 sed
3225 5672 3439 5729 ciVIbus
3485 5691 3614 5729 δύος

1629 5768 1866 5823 VARI/1‘]
1918 5766 2328 5823 LECTIONICS.

424 5862 611 5933 “22115.
654 5862 928 5934 τὸνλόγον
960 5881 1017 5929 ς.
1102 5866 1143 5897 ¹⁵
1182 5864 1429 5935 στέργειν
1467 5882 1525 5928 ς.
1611 5864 2022 5919 ίθέϐαςξλευςεν
2048 5879 2109 5927 ς.
2189 5862 2231 5892 ¹⁷
2268 5859 2389 5915 libri
2420 5857 2994 5930 δημοκρατικώτατον.
3076 5862 3117 5893 ⁸⁸
3143 5864 3231 5932 ἐφ.
3269 5863 3313 5917 Δ
3350 5882 3362 5924 ;
3394 5865 3451 5918 ἐν
3482 5881 3542 5929 ς.
