4032 6438
520 394 623 458 333
1688 388 1949 451 PHOTII
1979 385 2510 457 PATRIARCHIE!
2542 390 2651 451 cp.
3642 398 3731 461 334

523 520 643 561 vem
679 511 735 557 et
765 501 953 557 mitem
1020 513 1145 555 sese
1194 498 1468 569 praestitit.
1510 496 1649 551 Hinc
1693 497 1890 551 accidit
1928 504 1995 550 ut
2038 496 2106 550 ad

2141 503 2181 558 Α
2208 496 2485 560 Διονύσιος
2524 497 2670 550 καίει
2703 495 2803 567 μὲν
2830 493 2891 549 τὺ
2918 494 3078 566 σῶμα
3112 495 3435 563 πολυτελῶς,
3468 499 3663 555 σπένδει
3685 506 3733 561 δὲ

521 598 646 651 vitae
683 596 890 649 exitum
925 601 1173 657 vocatus,
1206 592 1399 660 ingens
1426 590 1506 645 sui
1537 588 1865 643 desiderium
1893 587 2103 643 faceret

2206 586 2355 657 αὐτῷ
2409 586 2506 639 καλ⁸
2543 586 2612 640 τὰ
2654 584 2765 639 ἀπὸ
2810 585 3098 657 βλεφάρων
3136 585 3344 657 δάκρυα
3393 588 3607 652 καὶτὰς
3645 595 3736 649 ἀπὸ

522 688 813 757 reliquum,
839 693 895 740 et
918 698 1103 753 parem
1125 682 1398 737 desiderio
1418 681 1617 736 luctum
1646 679 1933 734 excitaret.
1963 678 2103 735 Ger-

2203 678 2313 732 τῶν
2363 677 2691 747 σπλάγχνων
2724 679 2971 749 οίμωγὰς
2993 718 3007 744 ,
3058 678 3295 731 ἐπιτελεί
3333 678 3389 732 δὲ
3427 681 3517 734 καὶ
3549 684 3739 752 ἀγῶνας

523 795 715 837 manus
732 788 911 833 autem
929 775 1046 845 ejus
1062 775 1229 830 frater
1246 773 1536 845 Dionysius
1553 771 1855 843 magnificis
1872 771 2105 826 cadaver

2208 771 2489 838 ἱππικοὺς,
2512 770 2611 840 οὐχ
2642 771 2903 833 ἱππικοὺς
2923 769 2981 823 δὲ
3003 768 3182 839 μόνον,
3200 769 3337 823 ἀλλὰ
3365 771 3456 823 καὶ
3482 778 3742 842 σκηνικοὺς

524 870 834 941 sumptibus
868 883 1001 939 rogo
1048 867 1233 931 tradit,
1264 876 1319 920 et
1342 879 1374 921 e
1402 867 1514 921 suis
1550 864 1708 920 fratri
1732 862 2004 933 palpebris
2029 863 2103 917 la-

2206 864 2302 918 καὶ
2335 862 2662 933 θυμελικοὺς
2700 862 2794 916 καὶ
2827 861 3164 931 γυμνικοὺς,
3219 862 3345 924 τοὺς
3398 864 3492 931 μὲν
3534 864 3741 931 αὐτίκα,

525 979 743 1037 crymas
774 979 876 1019 ceu
924 962 1102 1017 libans
1131 957 1383 1023 effundit,
1428 972 1568 1027 eque
1606 956 1843 1027 propriis
1878 954 2103 1009 visceri-

2205 957 2334 1020 τοὺς
2362 955 2419 1009 δὲ
2442 954 2861 1025 λαμπροτέρους
2880 955 2973 1005 καὶ
3002 951 3251 1023 ὕστερον.
3297 951 3458 1005 Ἀλλά
3478 953 3640 1009 ταῦτα
3662 957 3744 1024 μὲν

524 1056 629 1112 bus
658 1057 706 1111 ei
729 1054 962 1126 gemitus
990 1051 1273 1121 impendit.
1299 1048 1480 1104 Ludos
1508 1048 1673 1104 etiam
1704 1056 2010 1117 equestres,
2047 1052 2103 1101 et

2206 1042 2241 1111 ὴ
2278 1040 2321 1094 θ’
2375 1040 2474 1093 καὶ
2512 1045 2542 1092 ι’
2586 1038 2679 1093 τοῦ
2710 1038 2993 1109 Μέμνονος
3015 1077 3030 1102 ,
3075 1038 3151 1102 ὡς
3190 1041 3248 1092 ἐν
3282 1039 3545 1111 ἐπιδρομῇ
3577 1043 3742 1110 φάναι,

526 1158 726 1221 praeter
767 1148 889 1211 hos,
941 1145 1224 1216 gymnicos
1258 1150 1314 1197 et
1346 1140 1671 1212 thymelicos
1707 1150 1764 1196 et
1809 1137 2097 1209 scenicosf,

1171 1158 1224 1198 os
1258 1150 1314 1197 et
1346 1140 1671 1212 thymelicos
1707 1150 1764 1196 et
1809 1137 2097 1209 scenicosf,
2207 1132 2501 1203 διαγράφει
2535 1131 2763 1201 ἱστορία.

528 1239 666 1295 alios
695 1239 903 1305 statim,
945 1236 1078 1291 alios
1104 1245 1309 1306 postea,
1346 1237 1436 1305 qui
1479 1234 1972 1307 magnificentiores
2010 1238 2214 1297 essent,
2248 1230 2473 1301 peregit.
2503 1227 2628 1283 Haec
2657 1242 2711 1282 ix
2739 1236 2795 1283 et
2816 1227 2868 1295 Ix
2899 1226 3042 1282 libro
3097 1225 3385 1295 (quatenus
3422 1226 3613 1282 cursim
3662 1227 3747 1283 ista

530 1332 969 1405 pet-stringimus)
992 1332 1219 1387 historia
1244 1330 1547 1387 Memnonis
1570 1330 1851 1386 describit.

529 1469 662 1526 CAP.
694 1468 763 1525 V.
796 1496 867 1508 —
904 1464 1190 1536 Dionysius
1255 1465 1496 1534 princeps
1553 1462 1676 1529 IV,
1738 1481 1830 1519 rea:
1879 1464 2341 1587 fortunatissimus
2388 1461 2592 1531 imperii
2644 1460 2874 1530 augendi
2935 1461 3234 1541 occasiones
3272 1475 3375 1513 non
3406 1458 3633 1540 .negligit.
3662 1461 3755 1513 Ad-

601 1556 807 1587 uersam
840 1537 1105 1587 fortunam
1152 1536 1330 1587 studio
1362 1545 1411 1587 et
1458 1534 1567 1587 fato
1601 1545 1840 1587 suberat.
1924 1536 2105 1587 milia:
2181 1534 2471 1587 ambitiosa?
2512 1547 2777 1586 excessus.
2844 1532 2971 1585 Arte
3011 1531 3241 1584 declinat
3308 1530 3605 1587 periculum.
3661 1530 3755 1582 Ma.

601 1556 807 1594 versam
838 1530 1105 1606 fortunent
1152 1530 1330 1606 studio
1362 1545 1411 1589 et
1436 1530 1567 1606 'fato
1601 1530 2105 1606 superat._Laztitiae
2181 1530 2471 1606 ambitiosas
2512 1547 2777 1606 secessus.
2817 1530 3605 1606 __4rte_decli_nat“periculum.
3661 1530 3755 1582 Ma.

609 1596 914 1662 trimonium
949 1605 1100 1675 felix,
1150 1621 1179 1660 e
1234 1596 1776 1675 fortuna-Amastris.
1822 1603 1966 1675 Mira
2015 1600 2605 1675 vicissitudoalmperii
2684 1601 2998 1675 ampiiﬁcati
3045 1604 3205 1675 ratio.
3248 1597 3467 1675 Fat-um.
3536 1596 3758 1675 Humana

601 1678 900 1747 diligentia.
949 1666 961 1675 ”
987 1666 1244 1747 Societas:
1296 1674 1567 1747 Amyntas,
1622 1674 2207 1747 Summusufelicitatis
2243 1666 2482 1747 gradus..—
2510 1666 2951 1747 Ignouiaz'ﬁfors
2984 1679 3033 1747 et
3071 1670 3265 1738 legata.
3333 1666 3553 1739 Benigni
3591 1684 3757 1739 cogno-

600 1733 838 1803 mentum
885 1761 951 1801 ea:
1006 1746 1240 1799 moribus
1273 1733 1474 1801 rei'ulit.
1526 1744 1812 1800 Curatores
1861 1733 2103 1814 ﬁliorum
2143 1733 2404 1813 Dionysii.
2444 1733 2706 1795 Amastris
2729 1739 3047 1811 Lysimacho
3077 1733 3266 1805 nupta.

602 1860 918 1931 Dionysius,
960 1856 1341 1927 gubernaculis
1376 1857 1590 1927 imperii
1625 1858 1891 1929 acceptis,
1925 1859 1979 1913 in
2020 1874 2111 1915 au-
2144 1866 2184 1922 Β

2168 1868 2184 1922 ι
2216 1862 2259 1924 ξ,
2283 1854 2395 1927 Τὴν
2427 1854 2487 1907 δὲ
2511 1852 2687 1925 ἀρχὴν
2708 1851 3094 1922 διαδεξάμενος
3119 1849 3397 1914 Διονύσιος
3425 1848 3622 1921 ηὔξησε
3650 1852 3760 1905 ταῦ.

529 1953 709 2026 gendo
737 1964 804 2007 eo
834 1964 946 2006 non
977 1962 1170 2003 vanam
1213 1946 1503 2003 collocavit
1532 1961 1773 2017 operam.
1802 1948 2112 2005 Alexander

2210 1964 2345 2020 την,
2396 1947 2614 2017 Πέρσας
2654 1945 2750 1999 ἐπὶ
2798 1942 3051 2015 Γρανικῷ
3083 1942 3179 1997 τοῦ
3240 1942 3586 2014 Ἀλεξάνδρου
3636 1944 3760 2016 μάχῃ

531 2042 703 2105 enim,
756 2037 942 2094 Persis
994 2037 1061 2092 ad
1120 2035 1415 2092 Granicum
1472 2035 1798 2108 proﬂigatis,
1859 2053 2110 2094 securam

2211 2036 2861 2107 καταγωνισαμένουχαὶ
2887 2035 3265 2106 παρασχόντος
3298 2034 3484 2089 ἄδειαν
3510 2037 3617 2097 τοῖς
3656 2035 3758 2105 βου-

532 2128 899 2201 ampliﬁcandi
933 2127 1167 2183 ditiones
1209 2142 1337 2183 suas
1387 2129 1729 2185 occasionem
1782 2129 2115 2198 patefecerat

2211 2131 2461 2201 λομένοις
2486 2128 2671 2196 αὐξειν
2700 2128 2767 2181 τὰ
2796 2126 3029 2194 ἑαυτῶν,
3060 2128 3161 2198 τῆς
3179 2127 3321 2191 τέως
3348 2126 3599 2197 ἐμποδὼν
3622 2129 3760 2180 πᾶσιν

532 2224 644 2288 his,
683 2223 773 2294 Qui
823 2221 1065 2278 vellent:
1097 2235 1241 2289 cum,
1273 2236 1396 2292 quae
1425 2224 1694 2280 hactenus
1722 2224 2113 2293 impedimento

2215 2223 2512 2294 ἱσταμένης
2537 2220 2819 2293 Περσικῆς
2851 2220 3034 2293 ἰσχύος
3061 2219 3556 2291 ὑποστελλομένης.
3596 2219 3762 2272 Ὕστε-

531 2312 734 2381 fuerat,
763 2312 1049 2369 Persarum
1080 2312 1319 2383 potentia
1338 2312 1785 2371 labefactaretur.
1811 2315 2113 2387 Sedlvarias

2218 2331 2309 2387 ρον
2374 2315 2434 2369 δὲ
2497 2314 2750 2378 ποικίλας
2818 2312 3029 2383 ὑπέστη
3092 2311 3483 2383 περιστάσεις,
3560 2310 3765 2382 μάλιστά

536 2406 795 2475 deinceps
827 2405 1059 2464 fortuna:
1103 2405 1251 2461 vices
1290 2414 1549 2475 expertus
1578 2415 1681 2473 est,
1719 2408 1956 2463 maxime
1982 2424 2111 2464 cum

2215 2405 2345 2480 [568
2399 2404 2492 2479 IL]
2541 2423 2605 2474 γε
2655 2406 2764 2460 τῶν
2808 2406 2908 2476 τῆς
2970 2403 3308 2476 Ἡρακλείας
3361 2402 3611 2473 φυγάδων
3651 2402 3764 2472 πρὸς

533 2497 810 2554 Heraclea:
855 2497 1055 2570 235.1:
1112 2498 1328 2554 exsules
1375 2499 1719 2556 missitandis
1766 2501 1833 2554 ad
1880 2500 2111 2556 Alexan-

2216 2498 2345 2573 [709
2378 2497 2472 2571 R.]
2537 2497 2891 2569 Ἀλέξανδρον
2938 2496 3258 2569 περιφανῶς
3295 2496 3397 2567 ¹ἤδη
3449 2495 3545 2565 τῆς
3606 2494 3764 2558 Ἀσίας

533 2591 692 2646 drum
726 2590 942 2660 legatis,
968 2591 1079 2660 jam
1126 2592 1268 2647 haud
1292 2591 1455 2648 dubie
1478 2592 1608 2647 Asia
1642 2592 1897 2662 potitum,
1928 2594 1998 2649 de
2023 2610 2111 2650 re-

2215 2589 2525 2661 κρατοῦντα
2560 2588 3135 2660 διαπρεσϐευομένων,
3171 2588 3267 2641 καὶ
3319 2584 3543 2641 κάθοδον
3570 2584 3657 2637 καὶ
3683 2583 3764 2654 τὴν

535 2682 652 2737 ditu
698 2690 755 2738 et
780 2682 960 2754 patria
997 2682 1314 2753 reipublicae
1349 2684 1826 2740 administratione
1852 2685 2114 2741 sollicita-

2213 2683 2314 2753 τῆς
2344 2682 2555 2745 πόλεως
2584 2681 2813 2753 πάτριον
2846 2679 3225 2750 δημοκρατίαν
3260 2674 3672 2746 ἐξαιτουμένων.
3703 2675 3766 2726 Δι’

534 2781 678 2829 rent.
732 2773 914 2839 Quare
967 2788 1075 2828 non
1134 2773 1363 2829 multum
1423 2773 1599 2830 abfuit
1641 2777 1771 2845 quin
1821 2776 2117 2832 excidisset

2216 2775 2360 2844 ἅπερ
2391 2774 2559 2842 ἐγγὺς
2591 2772 2692 2843 μὲν
2736 2770 2973 2840 κατέστη
3014 2767 3110 2822 τοῦ
3142 2768 3405 2821 ἐκπεσεῖν
3448 2766 3547 2836 τῆς
3577 2762 3764 2835 ἀρχῆς·

536 2862 792 2933 imperio.
823 2863 892 2917 Et
923 2863 1213 2919 excidisset
1241 2879 1398 2930 sane,
1430 2865 1534 2920 nisi
1559 2866 1929 2933 prudentia-et
1957 2883 2115 2938 saga-

2216 2865 2313 2918 καὶ
2345 2864 2605 2931 ἐξέπεσεν
2641 2864 2729 2930 ἂν,
2763 2863 2814 2915 εί
2859 2861 2933 2933 μὴ
2965 2860 3182 2915 συνέσει
3214 2858 3391 2928 πολλῇ
3421 2858 3514 2911 καί⁵
3550 2854 3770 2928 ἀγχινοίᾳ

536 2953 706 3008 citate
733 2954 954 3019 mentis,
990 2961 1044 3008 et
1071 2954 1265 3010 studiis
1305 2956 1528 3020 civium,
1561 2967 1617 3011 et
1645 2958 1762 3013 suis
1787 2973 1917 3028 erga
1950 2957 2114 3014 Cleo-

2215 2958 2311 3011 καὶ
2343 2958 2409 3028 τῇ
2444 2955 2555 3011 τῶν
2597 2953 2859 3025 ὑπηκόων
2895 2952 3081 3024 εὐνοίᾳ
3125 2950 3221 3005 καὶ
3252 2949 3527 3021 θεραπείᾳ
3554 2946 3770 3001 Κλεοπά-

537 3051 749 3114 patram
778 3044 1077 3115 obsequiis,
1104 3045 1263 3111 bella,
1294 3061 1417 3102 cum
1445 3048 1608 3104 minis
1637 3049 1741 3104 sibi
1773 3051 2112 3116 denuntiata,

2214 3068 2351 3123 τρας
2395 3051 2521 3115 τοὺς
2548 3048 2946 3121 ἀπειληθέντας
2982 3044 3133 3117 αὐτῷ
3160 3044 3438 3115 πολέμους
3464 3042 3693 3112 διέφυγε,
3716 3040 3771 3093 τὰ

539 3134 821 3202 cii'ugisset
853 3154 869 3191 :
897 3136 1048 3206 ldum
1079 3152 1185 3207 qua
1214 3138 1381 3205 cedit,
1413 3137 1662 3209 iramque
1698 3140 1913 3211 mitigat
1945 3152 2001 3197 et
2034 3143 2114 3197 di-

2178 3208 2185 3215 _
2223 3145 2321 3215 μὲν
2359 3142 2605 3197 ὑπείκων
2644 3141 2741 3196 καὶ
2787 3140 2887 3211 τὴν
2921 3139 3091 3212 ὀργὴν
3121 3136 3339 3191 ἐκλύων
3369 3137 3463 3190 καὶ
3497 3132 3770 3207 μεθοδεύων

536 3224 835 3282 lationibus
887 3237 1126 3294 coercet,
1162 3242 1267 3298 qua
1293 3229 1459 3285 etiam
1488 3244 1549 3285 se
1593 3231 1786 3297 munit,
1830 3242 1887 3287 et
1927 3242 2117 3289 contra

2179 3208 2188 3261 ί
2220 3204 2343 3298 ταῖς
2366 3233 2679 3297 ἀναϐολαῖς,
2710 3231 2778 3286 τὰ
2800 3204 2858 3285 δέ
2894 3204 3597 3301 ἀντιπαρασκευαζόμενος.
3642 3225 3771 3279 Ἐπεὶ

535 3326 826 3392 praeparat.
865 3317 935 3370 At
984 3326 1338 3388 posteaquam
1377 3319 1706 3386 Alexander,
1767 3324 1892 3377 dum
1946 3324 2113 3397 Baby-

2221 3324 2280 3378 δὲ
2327 3323 2361 3394 ἢ
2414 3322 2629 3394 θανάτῳ
2665 3322 2707 3356 ¹⁹
2750 3322 2784 3392 ἢ
2831 3322 2972 3390 νόσῳ
3018 3318 3163 3373 κατὰ
3212 3316 3518 3372 Βαϐυλῶνα
3562 3314 3770 3385 γεγονὼς

535 3407 663 3468 Ione
697 3409 831 3479 agit,
860 3409 988 3467 vita:
1030 3425 1251 3466 cursum
1293 3411 1549 3480 absolvit,
1593 3413 1679 3469 vel
1723 3430 1857 3471 nece
1881 3417 2118 3474 violenta

2234 3414 2582 3485 Ἀλέξανδρος
2631 3411 2723 3466 τὸν
2776 3411 2891 3483 βίον
2940 3411 3267 3482 διέδραμεν,
3319 3407 3583 3481 εὐθυμίας
3631 3407 3773 3480 μὲνὸ

535 3502 625 3559 vel
670 3501 860 3558 morbo
890 3503 1217 3568 exstinctus,
1266 3519 1426 3574 quam
1460 3506 1698 3576 primum
1730 3509 1941 3578 accepit
1984 3524 2122 3565 nun-

2221 3508 2497 3570 Διονύσιος
2519 3505 2769 3575 ἄγαλμα,
2810 3503 2910 3575 τὴν
2944 3500 3208 3572 ἀγγελίαν
3237 3499 3506 3567 ἀκούσας,
3530 3500 3769 3571 ἱδρύσατο,

537 3597 673 3653 tium
722 3596 1035 3669 Dionysius,
1085 3596 1313 3654 Latitiae
1363 3607 1601 3654 statuam
1647 3601 2121 3658 consecravit:et

2222 3598 2415 3653 παθὼν
2442 3600 2509 3669 τῇ
2538 3597 2733 3670 πρώτῃ
2762 3594 3040 3667 προσϐολῇ
3069 3593 3170 3663 τῆς
3196 3593 3396 3664 φήμης
3417 3592 3522 3647 ὑπὸ
3550 3591 3644 3661 τῆς
3664 3587 3770 3642 πολ-

537 3688 607 3747 ad
642 3688 876 3758 primum
910 3688 1070 3745 fama:
1113 3690 1422 3757 adventum,
1465 3706 1532 3747 eo
1580 3689 1807 3749 affectus
1851 3702 1935 3749 est
1963 3696 2120 3750 modo

2221 3692 2321 3762 λῆς
2366 3691 2543 3762 χαρᾶς
2575 3690 2677 3743 ὅσα.
2711 3687 2777 3742 ἂν
2805 3690 2841 3759 ή
2884 3686 3092 3757 σφοδρὰ
3126 3685 3273 3757 λύπη
3313 3685 3533 3757 δράσειε
3556 3699 3570 3714 ⁸
3605 3676 3771 3755 μικροῦ

537 3793 652 3848 prae
703 3781 1025 3835 exuberanti
1080 3782 1299 3856 gaudio,
1351 3798 1459 3854 quo
1515 3786 1797 3854 repentina
1844 3786 2119 3845 hominem

2222 3781 2332 3854 γὰρ
2380 3779 2745 3852 περιτραπεὶς
2774 3779 2854 3843 είς
2890 3778 2951 3831 τὸ
3001 3780 3191 3831 πεσεῖν
3245 3776 3474 3848 ὑπήχθη
3509 3775 3601 3828 καὶ
3643 3771 3773 3831 ἄνους

537 3871 913 3926 consternatio
940 3871 1212 3927 aﬁ'ecerit.
1250 3872 1385 3928 Nam
1414 3890 1585 3945 prope
1613 3887 1733 3932 erat
1765 3888 1824 3933 ut
1851 3880 2121 3950 vertigine

2223 3874 2380 3946 ὤφθη
2400 3874 2709 3945 γενόμενος.
2723 3870 2999 3941 Περδίκκα
3014 3869 3070 3923 δὲ
3092 3868 3200 3923 τῶν
3225 3869 3366 3923 ὅλων
3390 3867 3698 3927 ἐπιστάντος
3716 3863 3770 3925 ³⁸,

537 3972 825 4031 correptus
858 3963 1259 4033 prolaberetur,
1304 3975 1362 4020 et
1390 3981 1421 4020 a
1460 3981 1592 4022 sana
1627 3979 1810 4025 mente
1840 3972 2121 4042 conspice-

2222 3968 2271 4021 οί
2334 3967 2433 4038 μὲν
2459 3966 2560 4035 τῆς
2607 3963 2941 4035 Ἡρακλείας
2994 3962 3235 4032 φυγάδες
3262 3961 3405 4032 πρὸς
3436 3959 3507 4014 τὰ
3539 3957 3669 4013 αὐτὰ
3698 3953 3772 4006 καὶ

539 4059 693 4107 retur
735 4051 965 4107 alienus.
996 4050 1155 4119 Hinc,
1207 4053 1296 4108 ubi
1343 4053 1633 4112 Perdiccas
1663 4058 1871 4113 summi
1907 4059 2120 4129 imperii

2223 4060 2414 4114 τοῦτον
2461 4056 2804 4128 παρώξυνον,
2839 4054 3119 4118 Διοσύσιος
3147 4053 3207 4106 δὲ
3239 4055 3363 4116 ταῖς
3404 4050 3616 4123 ὁμοίαις
3642 4044 3770 4118 μεθό-

538 4140 758 4210 negotia
802 4143 1149 4211 procurabat,
1191 4140 1467 4203 Heraclea:
1496 4146 1718 4203 exsules
1746 4147 1817 4203 ad
1853 4149 2022 4219 petita
2054 4151 2121 4205 ab

2222 4154 2333 4218 δοις
2376 4152 2657 4225 χρώμενος
2701 4149 2798 4204 ἐπὶ
2830 4147 2991 4219 ξυροῦ
3022 4147 3209 4218 ἀκμῆς
3260 4146 3496 4209 πολλοὺς
3528 4140 3774 4198 κινδύνους

538 4232 852 4291 Alexandro
879 4233 1043 4293 etiam
1072 4235 1215 4291 hunc
1245 4237 1599 4307 instigarunt.
1628 4237 1921 4310 Dionysius
1958 4241 2123 4314 igitur

2225 4245 2346 4299 κατ’
2375 4242 2538 4297 αὐτοῦ
2573 4242 2876 4304 συστάντας
2908 4239 3119 4303 πάντας
3145 4237 3452 4308 διέδρασεν.
3489 4234 3627 4290 ’Δλλ⁹
3650 4232 3676 4284 ὁ
3697 4228 3775 4299 μὲν

538 4325 729 4383 eodem
762 4333 921 4384 utens
952 4328 1297 4398 compendio,
1327 4330 1575 4397 quamvis
1614 4329 1667 4384 in
1704 4332 1821 4385 acie
1843 4333 2122 4389 novacula:

2226 4334 2531 4406 Περδίκκας
2576 4334 2683 4387 ὑπὸ
2733 4333 2843 4386 τῶν
2881 4332 3202 4404 ἀρχομένων
3246 4327 3525 4399 μοχθηρὸς
3568 4319 3774 4395 γεγονὼς

538 4428 709 4484 prope
756 4415 1103 4483 consisteret,
1148 4417 1390 4487 pericula
1445 4429 1624 4474 tamen
1680 4421 1960 4491 complura
2017 4423 2120 4478 sibi

2225 4429 2512 4500 ἀνῄρηται,
2551 4426 2643 4480 καὶ
2673 4426 2731 4479 αἱ
2772 4425 2879 4478 τῶν
2915 4422 3175 4494 φυγάδων
3204 4421 3426 4485 ἐλπίδες
3467 4417 3772 4472 ἐσϐέννυντο.

538 4505 805 4561 intentata
879 4507 1156 4563 devitavit.
1217 4507 1421 4563 Verum
1468 4507 1781 4576 Perdiccas,
1833 4514 1975 4582 quod
2019 4516 2122 4571 im-

2183 4565 2199 4591 .
2226 4520 2488 4591 Διονυσίῳ
2509 4519 2567 4572 δὲ
2592 4516 2931 4588 πανταχόθεν
2954 4517 3023 4571 τὰ
3049 4515 3354 4587 πράγματα
3383 4512 3524 4586 πρὸς
3545 4511 3603 4565 τὸ
3625 4507 3775 4561 εὐδαι-

539 4595 710 4667 probe
741 4611 801 4651 se
847 4606 1101 4667 gereret,
1139 4601 1206 4652 ab
1252 4597 1322 4654 iis
1354 4599 1552 4669 quibus
1582 4610 1813 4669 praeerat
1837 4562 2120 4658 interimi-

2606 4562 2985 4681 μετεϐάλοντο.
3036 4562 3121 4662 ἭΓ
3148 4562 3483 4677 ﬁeret-1566‘ng
3501 4562 3654 4676 ⁷ῥοπὴ
3699 4598 3776 4665 τῆς

541 4694 630 4747 tur
652 4704 665 4739 :
685 4696 739 4741 et
763 4687 1145 4747 simulfervida
1178 4689 1262 4751 illa
1295 4705 1420 4760 spes
1447 4692 1696 4746 exsulum
1726 4693 2119 4765 exstinguitur.

2230 4701 2579 4772 εὐδαιμονίας
2609 4702 2638 4753 ὁ
2666 4699 2917 4770 δεύτερος
2941 4698 3090 4769 αὐτῷ
3125 4698 3365 4766 κατέστη
3398 4696 3593 4767 γάμος.
3638 4686 3776 4755 Ἠγά-

539 4776 777 4833 Proinde
816 4794 906 4833 res
937 4779 1193 4851 Dionysio
1233 4782 1285 4836 in
1317 4793 1521 4839 statum
1558 4784 1854 4841 feliciorem
1896 4802 2122 4842 conver-

2230 4811 2359 4864 γετο
2407 4794 2504 4864 μὲν
2545 4791 2654 4861 γὰρ
2686 4792 3019 4860 Ἄμαστριν,
3074 4788 3213 4860 αὐτη
3250 4789 3307 4841 δὲ
3343 4785 3415 4859 ἦν
3478 4776 3774 4851 Ὀξάθρου²¹

542 4878 750 4923 tuntur.
809 4869 892 4924 Ad
943 4872 1263 4931 felicitatem
1312 4890 1442 4929 vero
1499 4875 1793 4944 plurimum
1837 4878 1884 4932 ei
1941 4881 2123 4934 attulit

2232 4887 2480 4958 θυγάτηρ
2508 4903 2522 4916 ·
2557 4884 2787 4953 ἀδελφὸς
2813 4884 2870 4936 δὲ
2900 4880 2968 4955 ἦν
3005 4877 3162 4946 οὗτος
3194 4882 3447 4951 Δαρείου,
3481 4879 3537 4931 ὃν
3565 4868 3777 4929 καθελὼν

540 4961 796 5021 momenti
827 4964 1122 5018 secundum
1173 4967 1601 5023 matrimonium.
1644 4968 1926 5025 Amastrin
1977 4974 2061 5028 eni

2247 4978 2599 5050 Ἀλέξανδρος
2622 4978 2919 5048 Στάτειραν
2945 4976 3043 5047 τὴν
3077 4975 3243 5029 αὐτοῦ
3274 4972 3553 5043 θυγατέρα
3576 4965 3776 5037 γυναῖκα

541 5053 716 5121 duxit,
757 5052 926 5110 tiliam
975 5055 1252 5141 Oxathraa.
1287 5058 1481 5115 Frater
1529 5062 1575 5117 is
1606 5074 1726 5118 erat
1759 5064 1928 5131 Darii,
1959 5083 2123 5135 quem

2230 5071 2494 5141 ἠγάγετο,
2539 5069 2616 5133 ὡς
2659 5064 2800 5122 εἶναι
2834 5067 2932 5130 τὰς
2963 5068 3229 5134 γυναῖκας
3261 5063 3521 5133 ἀλλήλαις
3555 5052 3774 5141 avectos.
3804 5084 3814 5123 γ

540 5146 851 5207 Alexander
903 5139 1131 5220 imperio
1188 5154 1360 5217 exuit,
1390 5154 1616 5225 ejusque
1658 5157 1823 5211 tiliam
1864 5158 2123 5214 Statiram

2230 5139 2375 5234 ἔχειν
2407 5163 2463 5216 δέ
2487 5180 2539 5214 τι
2580 5161 2717 5231 πρὸς
2749 5158 2949 5223 ἑαυτὰς
2972 5161 3017 5190 ²²
3061 5160 3157 5211 καὶ
3199 5157 3423 5226 φίλτρον
3453 5139 3775 5234 ἐξαίρετοει,ὐ

513 5251 765 5357 iuxorem
798 5238 902 5293 sibi
938 5239 1205 5307 adjunxit.
1235 5239 1518 5298 Patrueles
1545 5246 1706 5314 igitur
1725 5257 1885 5302 erant
1940 5249 2022 5303 hat
2053 5248 2105 5304 fe

547 5328 707 5357 ηιῖιιηη
755 5344 939 5357 ,ην-Αιυι
981 5330 1124 5357 ξηιλ..
1147 5346 1202 5357 ..η
1240 5334 1433 5357 η-.ῐ.-.ε-
1477 5335 1731 5357 ..1.--λε.,-.μ
1800 5340 1884 5357 ,ηνξ
1922 5355 1931 5357 -

2227 5255 2291 5307 τὸ
2345 5251 2677 5324 συντρόφους
2726 5250 2967 5320 ὑπάρξαι
3022 5255 3252 5310 ταύταις
3304 5244 3585 5313 ἐνέφυσεν.
3642 5233 3774 5288 Ἀλλα

2317 5346 2328 5357 ι
2511 5344 2521 5357 ι
2627 5342 2680 5357 -ι
2995 5339 3147 5357 ςικιν
3224 5340 3248 5357 θ
3407 5339 3491 5357 εν--
3541 5327 3770 5357 τ’--.ηἷηη

496 5327 728 5393 πἠιίιιω,
753 5344 940 5385 amore
979 5330 1124 5394 inter
1146 5346 1205 5388 se
1236 5334 1439 5391 eximio
1473 5335 1758 5404 devinctae,
1792 5340 1942 5410 quia
1975 5357 2088 5395 com

2231 5346 2439 5415 ταύτην
2471 5344 2573 5413 τὴν
2627 5342 2937 5413 Ἀμαστριν
2995 5339 3495 5411 Ἀλέξανδροςηότε
3541 5327 3772 5393 Στατείρᾳ

546 5420 694 5475 muni
722 5422 1046 5480 educatione
1071 5435 1125 5478 et
1156 5427 1408 5486 convictu
1454 5428 1505 5481 in
1542 5430 1737 5485 animis
1768 5433 2007 5502 ipsarum
2039 5451 2125 5488 τον

2236 5439 2559 5507 συνήπτετο,
2597 5434 3026 5507 Κρατερῴμῶν
3058 5433 3400 5502 φιλουμένων
3442 5424 3507 5498 ἦν
3536 5417 3678 5483 οὗτος
3712 5416 3770 5507 ᾡς

546 5514 695 5569 dices
725 5530 934 5587 egerat.
959 5519 1238 5574 Amastrin
1268 5519 1409 5579 hanc
1448 5520 1781 5590 Alexander,
1807 5540 1928 5579 cum
1961 5523 2125 5581 Stati-

2237 5503 2505 5601 μάλιστα)
2544 5503 2971 5597 συναρμόζειὶη.
3025 5525 3381 5594 Ἀλεξάνδρου
3413 5522 3468 5574 δὲ
3498 5517 3554 5581 ἐξ
3595 5506 3768 5579 ἀνθρώ·

1829 5662 2063 5721 ἾΔΒΙΔΕ
2117 5667 2523 5723 LECTIONES.

621 5747 663 5777 ’³
690 5746 925 5835 θῗινάῖίρί
953 5752 1503 5835 φαρμάκῳριυειιῇειει
1585 5754 1626 5784 ²⁰
1657 5758 2079 5825 ἐπιπτατοῦντος
2112 5760 2369 5835 Scaliger.
2449 5768 2489 5798 ²¹
2534 5765 2787 5832 Ὁξάνθου
2826 5761 2905 5816 \‘cl
2955 5755 3213 5826 ὐἱάροου
3266 5766 3348 5823 pr.
3390 5750 3451 5802 Α.
3522 5744 3563 5775 ³³
3599 5741 3765 5793 eausa;

548 5829 691 5874 corr.
713 5820 758 5873 Α
792 5838 802 5874 :
837 5822 1026 5875 ἑαυτόν
1062 5840 1120 5887 ς.
1200 5826 1242 5855 ³³
1268 5824 1495 5896 ἁρμόζει
1530 5842 1586 5888 ς-
