4032 6458
331 402 443 464 885

1359 404 1893 476 ΒΙΒΕῘΟΤΗΕΟΑ.
1924 407 2173 467 --COD.
2205 406 2501 468 CCXXIV.

3492 406 3595 470 886

326 540 452 576 πων
496 520 879 585 ἁποπτόιντος,
936 519 1034 574 καὶ
1074 521 1361 591 Κρατεροῦ
1414 522 1552 592 πρὸς
1604 520 1774 574 Φίλαν
1815 520 1914 591 τὴν

2036 537 2136 576 'am
2171 519 2389 576 fecisset
2422 534 2668 585 uxorem,
2724 521 2952 577 Cratero
2991 522 3105 593 (qui
3157 523 3295 576 inter
3344 522 3596 577 charissi-

338 612 705 680 ‘Avrmé‘tpou
766 609 1187 675 ἀποκλίναντος,
1248 610 1444 683 γνώμῃ
1506 602 1629 664 τοῦ’
1662 611 1918 676 λιπόντος

326 700 595 769 Διονυσίῳ
622 701 655 769 ἠ
687 699 993 771 Ἀμαστρις
1017 686 1402 764 συνοικίζεται.
1445 699 1535 765 Ἐξ
1560 694 1629 774 οἷ’)¹
1653 701 1745 753 ἐπὶ
1773 702 1918 771 μέγα

323 792 359 860 ἡ
388 789 538 861 ἀρχὴ
564 788 713 858 αὐτῷ
734 788 930 858 διήρθη
958 788 1194 843 πλούτου
1216 808 1275 843 τε
1309 789 1570 861 περιϐολῇ
1604 793 1674 884 τῇ
1706 790 1795 845 διὰ
1822 792 1922 861 τῆς

326 882 640 951 ἐπιγαμίας
668 880 1030 953 προστεθείσῃ
1060 884 1154 934 καὶ
1187 882 1292 953 ἰδίᾳ
1320 880 1647 953 φιλοκαλίᾳ’·
1686 884 1782 938 καὶ
1812 884 1920 955 γὰρ

326 973 430 1026 καὶ
468 974 570 1044 τὴν
602 971 699 1025 τοῦ
750 973 1028 1027 Διονυσίου
1081 976 1261 1028 πᾶσαν
1302 974 1603 1044 ἐπισκευὴν
1637 973 1732 1027 τοῦ
1764 975 1922 1028 Σικε-

276 1097 286 1115 ρ
326 1064 455 1127 λίας
518 1065 962 1134 τυραννήσαντος
1004 1066 1167 1119 αὑτὸν
1221 1063 1456 1136 ἐπῆλθεν
1512 1064 1915 1136 ἐξωνήσασθαι,

332 1158 443 1225 τῆς
466 1155 636 1226 ἀρχῆς
664 1156 874 1211 ἐκείνου
909 1157 1324 1228 διαφθαρείσης.
1353 1158 1430 1212 Οὐ
1455 1157 1633 1212 ταῦτα
1666 1158 1722 1211 δὲ
1761 1158 1921 1228 μόνον

339 1248 493 1319 αὐτῷ
524 1249 621 1317 τὴν
666 1249 843 1321 ἀρχὴν
886 1250 1292 1323 ὲπεκρόιτυνεν,
1332 1250 1470 1304 ἀλλὰ
1499 1251 1594 1304 καὶ¹
1642 1252 1923 1323 εὐπραγία

344 1342 441 1394 καὶ
459 1339 640 1394 εὔνοια
661 1341 771 1394 τῶν
801 1341 1079 1410 ὑπηκόων,
1113 1343 1208 1395 καὶ
1236 1341 1445 1395 πολλῶν
1466 1335 1541 1395 ῶν
1568 1342 1671 1395 οὐκ
1699 1342 1923 1413 ἐκράτει

340 1432 607 1501 πρότερον
646 1431 679 1499 ή
720 1430 1000 1501 κυριότης.
1034 1431 1144 1483 Καὶ
1186 1431 1475 1502 Ἀντιγόνῳ
1500 1431 1559 1484 δὲ
1586 1431 1684 1502 τὴν
1738 1431 1923 1487 Ἀσίαν

337 1519 628 1590 κατέχοντι
657 1520 928 1593 λαμπρῶς
959 1522 1353 1592 συμμαχήσας,
1376 1522 1540 1575 ὁπότε
1571 1522 1670 1594 τὴν
1696 1523 1922 1595 Κύπρον

334 1612 671 1681 ἐπολιόρκει,
712 1614 805 1667 τὸν
845 1613 1161 1682 ἀδελφιδοῦν
1210 1614 1545 1684 Πτολεμαῖον
1594 1617 1924 1687 (στρατηγὸς

330 1705 393 1759 δὲ
418 1699 576 1769 οὗτος
605 1702 674 1777 ἦν
702 1708 812 1760 τῶν
839 1708 968 1778 περὶ
997 1709 1090 1761 τὸν
1134 1707 1561 1779 Ἑλλήσποντον)
1612 1711 1925 1780 φιλοτιμίας

332 1797 581 1869 ἀμοιϐὴν
613 1797 810 1868 εὕρατο
836 1800 969 1871 παρ’
1016 1800 1307 1871 Ἀντιγόνῳ
1342 1802 1594 1871 γαμϐρὸν
1622 1802 1807 1855 λαϐεῖν
1831 1803 1925 1856 ἐπὶ

2024 626 2144 666 mos
2172 612 2221 664 ei
2273 611 2395 675 fuit)
2449 621 2677 680 nuptum
2710 612 2955 669 dederat.
2996 615 3065 667 At
3099 629 3243 679 cum,
3291 614 3600 669 Alexandro

2024 702 2189 757 rebus
2249 702 2562 757 mortalium
2629 718 2857 773 propere
2913 714 3186 775 exempto,
3229 705 3490 761 Craterus
3533 708 3601 761 ad

2022 789 2253 855 Philam,
2284 791 2577 862 Antipatro
2599 802 2801 857 natam,
2839 796 3078 849 animum
3124 795 3408 865 adiiceret,
3436 797 3602 850 Ama-

2027 883 2145 947 tris,
2185 884 2461 939 desertore
2502 901 2607 940 non
2649 887 2838 953 invito,
2888 888 3108 943 domum
3148 904 3180 944 a
3218 888 3474 961 Dionysio
3512 890 3603 944 du-

2024 972 2186 1027 citur.
2219 972 2299 1028 Ex
2342 989 2451 1044 quo
2500 976 2568 1030 ad
2617 992 2872 1047 magnum
2901 978 2951 1033 ei
2987 987 3335 1049 augmentum
3363 979 3601 1034 domina-

2026 1076 2110 1121 tus
2137 1082 2260 1122 sese
2283 1067 2498 1135 extulit,
2532 1076 2643 1122 tum
2672 1084 2833 1138 opum
2864 1085 2895 1124 e
2923 1070 3233 1127 recentibus
3273 1070 3476 1141 nuptiis
3506 1086 3601 1126 ac-

2025 1157 2293 1223 cessione,
2333 1167 2447 1213 tum
2492 1159 2662 1227 ipsius
2702 1160 2867 1213 etiam
2914 1160 3174 1230 principis
3204 1159 3385 1215 studio
3410 1167 3464 1214 et
3490 1174 3605 1213 ma-

2024 1248 2356 1318 gnificentia.
2391 1248 2525 1303 Nam
2555 1259 2609 1305 et
2651 1249 2917 1321 Dionysii,
2967 1252 3060 1322 qui
3092 1252 3293 1308 Siciliae
3317 1264 3605 1324 tyrannum

2026 1352 2236 1412 egerat,
2288 1357 2507 1398 omnem
2561 1341 2611 1398 ei
2660 1343 3050 1412 supellectilem
3104 1343 3341 1400 facultas
3388 1344 3605 1400 emendi

2027 1434 2273 1503 contigit,
2306 1437 2522 1504 quando
2551 1436 2617 1490 de
2656 1437 2883 1506 imperio
2934 1436 3076 1492 illius
3126 1448 3307 1492 actum
3343 1436 3463 1491 fuit.
3495 1436 3608 1491 Nec

2027 1538 2157 1579 vero
2188 1525 2274 1579 bis
2303 1534 2511 1579 tantum
2538 1527 2901 1582 roborabatur
2930 1528 2977 1580 ei
3010 1535 3275 1597 potestas,
3313 1527 3408 1581 sed
3441 1527 3604 1580 etiam

2026 1632 2092 1671 eo
2126 1619 2268 1686 quod
2301 1631 2561 1687 prospero
2597 1632 2851 1673 successu
2880 1626 2935 1672 et
2965 1618 3150 1672 favore
3178 1618 3374 1672 civium
3421 1620 3611 1672 uteba-

2030 1718 2137 1769 tur,
2186 1718 2242 1762 et
2284 1708 2575 1778 imperium
2614 1710 2913 1777 usurpabat
2950 1709 3005 1761 in
3052 1707 3250 1762 multos
3293 1717 3453 1763 antea
3502 1723 3609 1762 non

2030 1797 2320 1867 subjectos.
2375 1798 2650 1868 Antigono
2700 1799 2889 1863 etiam,
2918 1798 3030 1865 jam
3083 1798 3369 1867 magnifice
3423 1798 3608 1851 Asiam

336 1888 595 1962 θυγατρί.
646 1890 709 1943 Ἦ
739 1891 796 1944 δὲ
823 1894 953 1955 παῖς
999 1894 1063 1946 ἐκ
1097 1894 1383 1965 προτέρων
1412 1890 1481 1966 ἦν
1513 1894 1664 1964 αὐτῷ
1693 1912 1923 1963 γεγενη-

2036 1889 2222 1962 224ὁ
2278 1891 2501 1955 tenenti,
2552 1891 2828 1959 suppetias
2872 1889 3033 1954 tulit,
3084 1890 3301 1960 quando
3371 1889 3609 1960 Cyprum

338 1983 482 2053 μένη
499 1984 548 2015 ³⁸
575 1983 792 2053 γάμων.
827 1983 985 2039 Οὕτω
1012 1985 1143 2054 γοῦν
1174 1988 1254 2049 εἰς
1294 1989 1435 2057 μέγα
1483 1987 1643 2058 δόξης
1686 1988 1925 2041 ἀνελθὼν

336 2075 441 2126 καὶ
468 2074 561 2127 τὸν
599 2073 864 2145 τύραννον
891 2075 1213 2141 ἀπαξιώσας
1241 2077 1301 2130 τὸ
1333 2078 1598 2147 βασιλέως
1631 2079 1926 2132 ἀντέλαϐεν

335 2164 539 2235 ὄνομα.
584 2164 711 2238 [569
738 2164 830 2237 H.]
865 2166 1051 2219 Φόϐων
1080 2168 1135 2220 δὲ
1162 2167 1256 2220 καὶ
1285 2168 1583 2238 φροντίδων
1614 2168 1929 2240 ἐλευθεριά-

340 2270 448 2319 σας
509 2256 603 2310 καὶ
654 2259 782 2321 ταῖς
834 2256 1233 2328 καθημεριναίς
1285 2260 1520 2330 τρυφαῖς
1566 2260 1930 2331 ὲκδιαιτηθεὶς

338 2344 642 2418 ἔξωγκώθη
685 2364 746 2400 τε
790 2347 850 2400 τὸ
885 2347 1078 2419 σῶμα,
1133 2350 1228 2402 καὶ
1258 2349 1352 2404 τοῦ
1406 2350 1544 2405 κατὰ
1591 2350 1753 2421 φύσιν
1791 2353 1927 2406 πολὺ

338 2438 514 2491 πλέον
552 2440 838 2511 ὲλιπάνθη.
879 2440 1004 2511 Ὑφ’
1040 2435 1115 2495 ὧν
1158 2443 1217 2495 οὐ
1256 2442 1417 2513 μόνον
1467 2443 1594 2516 περὶ
1626 2445 1727 2515 τὴν
1756 2444 1931 2517 ἀρχὴν

344 2531 611 2603 ῥᾳθύμως
636 2529 818 2605 εἶχεν,
854 2534 991 2589 ἀλλὰ
1040 2536 1134 2590 καὶ
1165 2537 1388 2591 ἐπειδὰν
1422 2537 1794 2607 ἀφυπνώσειε,
1840 2539 1930 2610 βε-

340 2622 531 2687 λόναις
558 2627 799 2695 μακραῖς
839 2626 898 2679 τὸ
932 2627 1092 2699 σῶμα
1134 2628 1552 2701 διαπειρόμενος
1589 2632 1634 2663 ’⁵
1680 2630 1807 2703 [712
1837 2630 1931 2704 R.]

343 2715 543 2783 (τοῦτο
580 2716 688 2787 γὰρ
714 2719 847 2781 ἄκος
884 2719 1044 2787 μόνον
1070 2719 1163 2773 τοῦ
1200 2721 1374 2791 κάρον
1408 2722 1505 2775 καὶ⁸
1533 2722 1632 2791 τῆς
1667 2723 1929 2795 ἀναισθη-

350 2806 478 2871 σίας
503 2807 831 2861 ὐπελείπετο
856 2811 949 2879 ¹⁸),
991 2811 1144 2881 μόλις
1165 2813 1263 2883 τῆς
1289 2813 1430 2867 κατὰ
1453 2814 1543 2868 τὸν
1569 2815 1736 2868 ὕπνον
1761 2833 1932 2870 κατα-

346 2899 526 2969 φορᾶς
549 2897 887 2963 ἐξανίστατο.
922 2901 1351 2973 Τεκνωσάμενος
1382 2905 1439 2958 δὲ
1469 2908 1617 2976 τρεῖς
1641 2907 1837 2970 παῖδας
1871 2909 1934 2960 ἐκ

343 2990 455 3061 τῆς
503 2992 831 3063 Ἀμάστριος
852 2994 930 3059 ’⁷,
979 2994 1281 3066 Κλέαρχον,
1318 2996 1587 3069 Ὀξάθρην
1633 2999 1731 3052 καὶ
1764 2999 1935 3068 θυγα-

343 3096 488 3154 τερα
528 3084 821 3155 ὁμώνυμον
848 3089 915 3158 τῇ
949 3088 1139 3159 μητρὶ,
1178 3088 1386 3159 μέλλων
1432 3090 1693 3162 τελευτᾷν
1729 3092 1935 3163 ταύτην

2028 1985 2385 2056 oppugnavit,
2434 1996 2490 2041 et
2543 1984 2909 2049 Ptolemaeum,
2965 1985 3108 2040 illius
3170 1985 3337 2040 fratre
3418 1995 3608 2040 natum

2032 2077 2137 2147 (cui
2177 2075 2512 2147 Hellesponti
2564 2079 2861 2147 satrapiam
2891 2079 3261 2147 commiserat)
3284 2078 3438 2149 quasi
3465 2094 3609 2148 pra:-

2032 2172 2201 2226 mium
2237 2169 2405 2225 studii
2432 2171 2517 2225 sui
2548 2173 2690 2240 apud
2729 2170 3062 2241 Antigonum
3095 2172 3323 2235 invenit,
3358 2182 3419 2226 ut
3443 2187 3608 2243 gene-

2032 2279 2151 2317 rum
2189 2260 2339 2315 illum
2390 2262 2636 2326 haberet,
2681 2260 2793 2315 filia
2816 2274 2936 2330 qua:
2966 2275 3030 2315 ex
3061 2261 3243 2329 priore
3272 2260 3452 2315 fuerat
3484 2276 3608 2317 sus-

2030 2362 2188 2423 cepta
2214 2352 2487 2422 conjugio,
2525 2354 2578 2407 in
2613 2352 3017 2408 matrimonium
3075 2353 3124 2407 ei
3151 2352 3383 2408 elocata.
3424 2351 3613 2422 Itaque

2032 2444 2099 2499 ad
2140 2457 2391 2513 magnam
2436 2443 2614 2498 elatus
2658 2442 2925 2512 gloriam,
2954 2440 3171 2509 tyranni
3220 2455 3418 2496 nomen
3464 2440 3619 2496 dedi-

2033 2544 2250 2606 gnatur,
2280 2543 2335 2591 et
2368 2534 2513 2605 regis
2567 2533 2821 2589 assumit.
2854 2531 3080 2601 Jamque
3119 2541 3263 2586 metu
3289 2541 3344 2586 et
3370 2532 3521 2587 curis
3554 2532 3617 2586 Ii-

2034 2630 2276 2691 beratus,
2311 2642 2437 2682 cum
2484 2626 2541 2680 in
2577 2624 2912 2696 quotidiauis
2948 2625 3115 2679 vitam
3156 2624 3365 2680 deliciis
3397 2632 3615 2693 ageret,

2036 2719 2089 2773 in
2132 2734 2373 2776 crassam
2432 2718 2687 2788 corporis
2723 2716 2919 2771 molem
2970 2716 3234 2783 excrevit,
3288 2715 3619 2786 pinguedine

2035 2826 2200 2883 supra
2232 2819 2442 2865 natura:
2466 2810 2685 2864 modum
2721 2808 3004 2863 adauctus.
3037 2806 3194 2863 Unde
3218 2806 3399 2862 evenit
3427 2815 3488 2862 ut
3512 2822 3620 2863 non

2037 2904 2197 2962 modo
2230 2904 2568 2975 negligenter
2600 2915 2830 2971 regnum
2858 2900 3285 2965 administraret,
3325 2901 3425 2955 sed
3453 2899 3623 2959 etiam

2037 3012 2228 3055 somno
2258 3009 2574 3066 Oppressus,
2620 2992 2867 3058 aciculis,
2912 2992 3040 3046 licet
3081 2992 3354 3062 oblongis,
3398 2992 3451 3048 in
3502 3006 3625 3048 cor-

2039 3107 2170 3164 pore
2196 3089 2320 3144 ﬁxis
2351 3088 2431 3161 (id
2455 3088 2600 3143 enim
2620 3085 2796 3141 solum
2833 3084 3043 3140 veterni
3074 3094 3129 3139 et
3155 3082 3397 3153 stuporis
3419 3098 3619 3152 super-

342 3190 410 3225 τε
434 3174 541 3227 τῶν
568 3176 705 3229 ὅλων
733 3176 1021 3233 δέσποιναν
1044 3178 1449 3249 καταλιμπάνει
1473 3181 1570 3235 καὶ
1600 3181 1710 3234 τῶν
1730 3181 1932 3237 παίδων

2040 3192 2162 3241 erat
2213 3179 2542 3250 remedium)
2596 3178 2685 3231 vix
2735 3187 2912 3231 tamen
2961 3191 2990 3230 a
3064 3175 3275 3246 soporis
3330 3175 3626 3245 gravedine

348 3266 551 3337 κομιδῇ
589 3268 800 3338 νηπίων
838 3269 1011 3323 ὄντων
1043 3270 1138 3325 σύν
1168 3289 1312 3327 τισιν
1358 3273 1570 3344 ἑτέροις
1618 3274 1932 3345 ἐπίτροπον,

349 3356 505 3427 βιοὺς
542 3357 643 3428 μὲν
674 3358 772 3428 ἐτη
799 3366 843 3412 ε’
876 3362 971 3414 καὶ
991 3367 1055 3426 ν’,
1079 3357 1154 3415 ὧν
1177 3363 1271 3416 ἐπὶ
1299 3363 1399 3433 τῆς
1427 3365 1601 3435 ἀρχῆς
1629 3364 1672 3416 λ’
1712 3365 1937 3437 ἐγνωρί-

350 3447 522 3515 ζετο,
571 3450 881 3520 πραότατος
936 3454 994 3505 ἐν
1032 3454 1170 3524 αὐτῇ
1195 3495 1213 3521 ,
1274 3452 1353 3518 ὡς
1402 3454 1641 3527 εἴρηται,
1695 3454 1937 3524 γεγονὼς

348 3539 452 3591 καὶ
499 3540 562 3593 τὸ
599 3542 849 3612 Χρηστὺς
904 3543 1196 3614 ἐπίκλησιν
1244 3546 1309 3598 ἐκ
1360 3546 1469 3598 τῶν
1511 3545 1662 3616 ἠθῶν
1709 3548 1936 3615 ἐνεγκά-

351 3646 552 3699 μενος,
586 3633 680 3686 καὶ
725 3633 896 3689 πολὺν
924 3635 1090 3690 πόθον
1124 3639 1236 3701 τοῖς
1268 3637 1374 3691 ὑπὸ
1416 3640 1574 3709 χεῖρα
1614 3638 1709 3692 καλ⁵
1742 3638 1938 3703 πένθος

348 3722 549 3781 λιπών.

2041 3275 2495 3331 exsuscitaretur.
2553 3270 2755 3327 Tribus
2801 3279 2980 3323 autem
3027 3283 3096 3322 ex
3146 3267 3386 3321 Amastri
3432 3266 3625 3323 liberis

2041 3368 2146 3423 sibi
2177 3366 2501 3438 procreatis,
2530 3362 2817 3426 Clearcho,
2843 3361 3109 3425 Oxathre,
3149 3368 3203 3413 et
3233 3358 3340 3411 lilia
3375 3357 3624 3427 ejusdem

2042 3470 2164 3510 cum
2200 3464 2372 3507 matre
2418 3452 2675 3516 nominis,
2702 3451 2814 3521 jam
2862 3450 3024 3506 morti
3071 3448 3425 3516 propinquus,
3460 3447 3617 3501 uxori

2046 3546 2574 3601 administrationem
2654 3552 2931 3609 cunctam,
3006 3551 3062 3597 et
3138 3542 3460 3609 liberorum,
3533 3542 3628 3608 qui

2046 3638 2222 3692 adhuc
2260 3647 2463 3694 tenerae
2497 3637 2787 3691 admodum
2837 3635 3013 3689 artatis
3044 3641 3225 3698 erant,
3256 3632 3482 3686 tutelam
3511 3631 3630 3699 (ad-

2040 3728 2245 3799 iunctis
2295 3729 2621 3800 quibusdam
2676 3727 2818 3795 aliis)
2868 3724 3167 3794 relinquit:
3220 3738 3343 3779 cum
3394 3723 3628 3779 vixisset

350 3828 532 3868 annos
561 3828 648 3881 ιν,
679 3815 733 3871 in
758 3816 987 3886 imperio
1019 3828 1201 3877 autem
1225 3823 1557 3892 conspicuus
1584 3822 1777 3879 fuisset
1802 3839 1933 3887 xxx,
1974 3824 2027 3877 in
2067 3836 2177 3890 quo
2228 3837 2287 3877 se
2336 3822 2688 3877 mitissimum
2760 3820 2927 3891 (quod
2980 3818 3114 3888 dixi)
3172 3816 3367 3889 gessit,
3420 3818 3497 3874 ita
3572 3828 3633 3878 ut

348 3918 775 3973 cognomentum
813 3908 1043 3981 Benigni
1091 3925 1160 3967 ex
1195 3912 1438 3968 moribus
1496 3912 1763 3981 referret;
1812 3928 2175 3984 magnumque
2211 3914 2422 3969 civibus
2474 3912 2803 3969 desiderium
2869 3923 2923 3968 et
2970 3913 3176 3969 laetum
3241 3923 3362 3982 post
3431 3927 3491 3967 se
3552 3928 3633 3972 re-

354 4000 540 4067 liquit.

426 4092 596 4146 Οὐδὲν
616 4092 672 4146 δὲ
696 4087 860 4167 ἧττον
884 4094 980 4149 καὶ
1009 4097 1148 4166 μετὰ
1174 4097 1275 4168 τὴν
1307 4096 1517 4150 ἐκείνου
1546 4096 1606 4163 ἐξ
1632 4098 1932 4171 ἀνθρώπιον

2120 4093 2302 4151 Nihilo
2333 4102 2513 4149 tamen
2564 4090 2768 4156 minus,
2797 4098 2917 4160 post
2952 4089 3071 4158 ejus
3103 4105 3133 4144 a
3162 4090 3481 4147 mortalibus
3520 4089 3633 4145 dis-

352 4184 708 4257 ἀναχώρησιν
745 4187 813 4241 τὰ
861 4188 961 4258 τῆς
990 4188 1200 4254 πόλεως
1242 4190 1379 4261 πρὸς
1421 4191 1770 4262 εὐδαιμονίαν
1813 4193 1932 4261 ἐφέ-

2047 4203 2285 4253 cessum,
2313 4202 2401 4243 res
2434 4186 2675 4242 civitatis
2706 4184 2759 4238 in
2788 4186 3026 4239 secundo
3057 4183 3289 4237 fortuna:
3348 4198 3477 4238 casu
3501 4197 3633 4252 per—

359 4295 490 4348 ρετο
511 4318 528 4343 ,
573 4278 880 4348 Ἀντιγόνου
928 4281 1037 4333 τῶν
1065 4297 1124 4335 τε
1171 4282 1375 4336 παίδων
1406 4285 1684 4337 Διονυσίου
1716 4286 1810 4337 καὶ
1837 4284 1932 4337 τῶν

2051 4281 2365 4346 manebant,
2422 4278 2697 4346 Antigono
2752 4276 2985 4331 filiorum
3036 4275 3280 4347 Dionysii
3326 4286 3381 4332 et
3428 4275 3631 4330 civium

356 4369 597 4424 πολιτῶν
642 4370 704 4424 οὐ
760 4372 1057 4443 παρέργως
1102 4376 1528 4445 προνοουμένου.
1590 4376 1834 4430 Ἐκείνου
1882 4377 1932 4431 δὲ

2058 4390 2166 4431 non
2218 4373 2398 4429 obiter
2447 4386 2633 4427 curam
2674 4382 2919 4442 gerente.
2973 4370 3073 4436 Qui
3115 4370 3206 4424 ubi
3243 4370 3310 4423 ad
3363 4369 3467 4423 alia
3509 4379 3633 4423 stu—

358 4462 503 4532 πρὸς
542 4462 708 4535 ἔτερα
758 4464 858 4527 τὰς
900 4465 1188 4535 φροντίδας
1220 4467 1593 4537 τρεψαμένου,
1626 4467 1932 4539 Λυσίμαχος

2047 4467 2196 4521 dium
2230 4463 2451 4527 avertit,
2479 4463 2843 4536 Lysimachus
2865 4465 2919 4518 in
2945 4463 3283 4518 curationem
3312 4462 3630 4518 Heraclieu-

359 4554 531 4607 πάλιν
562 4555 670 4609 τῶν
699 4556 828 4627 περὶ
869 4556 1198 4625 Ἡράκλειαν
1227 4560 1325 4612 καὶ
1355 4559 1464 4613 τῶν
1501 4560 1712 4613 παίδων
1741 4559 1932 4631 ἐπεμε-

2048 4559 2189 4612 sium
2234 4568 2289 4613 et
2320 4573 2613 4628 puerorum
2648 4558 2934 4614 successit.
2965 4556 3067 4622 Qui
3103 4564 3161 4610 et
3188 4555 3463 4611 Amastrin
3496 4572 3633 4610 uxo-

360 4643 529 4708 λεῖτο,
556 4643 615 4707 ὃς
654 4645 751 4699 καὶ
786 4646 1095 4717 ’Ἄμαστριν
1127 4649 1364 4702 ποιεῖται
1392 4650 1647 4716 γυναῖκα.
1683 4649 1797 4703 Καὶ
1822 4651 1932 4703 κατ

2053 4664 2166 4704 rem
2202 4649 2304 4704 sibi
2326 4648 2543 4714 ascivit,
2577 4658 2632 4703 et
2656 4648 3077 4703 initiomiritice
3121 4646 3325 4701 amavit
3354 4658 3369 4697 :
3401 4646 3495 4701 sed
3535 4646 3627 4717 gli-

359 4733 544 4805 ἀρχὰς
569 4734 670 4804 μὲν
703 4735 825 4789 λίαν
848 4708 1095 4809 έστερξε,
1128 4708 1478 4810 πραγμάτων
1505 4742 1564 4798 δὲ
1594 4742 1746 4814 αὐτῷ
1775 4761 1932 4815 προσ-

2054 4740 2335 4799 scentibus
2397 4708 2631 4810 negotiis
2689 4740 2838 4794 illam
2895 4738 3173 4795 Heracleae
3207 4737 3492 4808 relinquit,
3521 4708 3638 4807 ipse

360 4827 646 4882 πεσόντων
675 4828 848 4899 αὐτὴν
890 4829 989 4899 μὲν
1040 4831 1099 4884 ὲν
1144 4831 1445 4904 Ἡρακλεία
1484 4834 1684 4899 λείπει,
1711 4836 1877 4900 αὐτὸς
1902 4836 1949 4889 δ’

361 4919 549 4989 εἴχετο
581 4919 692 4973 τῶν
723 4920 1074 4990 ἐπειγόντων.
1114 4921 1210 4987 Είς
1242 4924 1468 4995 Σάρδεις
1498 4926 1557 4979 δὲ
1594 4927 1711 4996 μετ’
1750 4928 1813 4981 οὐ
1854 4946 1951 4982 πο-

362 5013 467 5067 λὺν
490 5012 703 5084 χρόνον,
728 5014 839 5070 τῶν
871 5015 1084 5069 πολλῶν
1106 5018 1284 5072 πόνων
1307 5020 1526 5089 ῥαΐσας,
1560 5020 1951 5091 μετεπέμψατο

362 5104 595 5175 ταύτην,
625 5108 721 5161 καὶ
762 5106 1021 5180 ἔστεργεν
1050 5110 1273 5181 ὁμοίως.
1302 5111 1568 5183 ’Υστερον
1595 5112 1655 5166 δὲ
1681 5114 1818 5184 πρὸς
1852 5114 1951 5184 τὴν

366 5197 652 5267 θυγατέρα
679 5199 727 5231 ³⁸
754 5200 1091 5272 Πτολεμαίου
1144 5200 1240 5255 τοῦ
1279 5202 1613 5273 Φιλαδέλφου
1663 5204 1949 5277 (Ἀρσινόη

365 5290 431 5342 δὲ
455 5284 524 5360 ἦν
548 5290 609 5344 τὸ
632 5290 843 5362 ὄνομα)
869 5293 962 5347 τὸν
995 5292 1173 5364 ἔρωτα
1201 5294 1475 5365 μεταθεὶς,
1502 5295 1827 5366 διαζυγῆναι
1854 5297 1953 5369 τὴν

373 5383 688 5456 ’Ἄμαστριν
704 5385 1171 5457 αὑτοῦπαρέσχεν
1195 5388 1398 5454 αἰτίαν,
1424 5388 1519 5441 καὶ
1542 5387 1954 5442 καταλιποῦσαν

370 5473 566 5530 τοῦτον
589 5476 917 5531 καταλαϐεῖν
944 5478 1044 5550 τὴν
1077 5478 1430 5549 Ἡράκλειαν.
1467 5478 1705 5551 Ἐγεῐρει
1732 5479 1788 5532 δὲ
1813 5480 1951 5549 αὕτη

371 5568 801 5640 παραγενομένη
829 5569 923 5623 καὶ
952 5571 1245 5635 συνοικίζει
1281 5571 1441 5626 πόλιν
1477 5573 1807 5644 Ἀμαστριν.

2056 4836 2217 4889 rebus
2269 4835 2586 4902 urgentibus
2618 4840 2936 4903 occupatur.
2989 4831 3101 4889 Nec
3145 4832 3308 4903 longo
3349 4831 3637 4886 intervallo

2051 4934 2197 4996 post,
2256 4939 2381 4979 cum
2434 4923 2678 4978 laborum
2731 4924 3087 4979 distractione
3124 4923 3383 4995 quietem.
3431 4931 3637 4985 ageret,

2056 5019 2259 5073 Sardes
2301 5017 2447 5072 illam
2498 5020 2821 5072 accersitam
2848 5018 2967 5088 pari
2994 5032 3184 5072 amore
3212 5015 3635 5086 complectitur:

2056 5120 2345 5181 postquam
2402 5123 2532 5165 vero
2584 5109 2652 5165 ad
2706 5108 2982 5165 Ptolemaei
3037 5106 3390 5179 Philadelphi
3430 5114 3635 5172 natam,

2064 5206 2148 5258 cui
2183 5217 2380 5258 nomen
2416 5202 2675 5268 Arsinoe,
2704 5216 2947 5257 amorem
2990 5201 3379 5265 transtulisset,
3416 5213 3637 5254 causam

2061 5295 2300 5351 Amastri
2351 5296 2585 5367 praebuit
2628 5294 3032 5361 disjunctionis,
3080 5302 3247 5363 utque
3295 5291 3512 5347 deserto
3546 5289 3639 5344 illo

2063 5389 2380 5445 Heracleam
2434 5398 2751 5458 occuparet.
2787 5386 3173 5457 Quozreversa,
3230 5382 3505 5438 Amastrin
3542 5396 3638 5435 ur-

2060 5483 2181 5537 bem
2212 5480 2409 5551 erexit,
2438 5478 2497 5536 et
2532 5481 2737 5537 colonis
2773 5478 3159 5548 frequentavit.

1662 5685 1897 5743 VAliUE
1932 5686 2336 5748 LECTIONES.

472 5774 521 5865 .‘i
540 5778 914 5865 .,Y..EY,“W~‘:"I
943 5780 997 5865 ,εξ
1016 5794 1066 5865 ηε
1122 5779 1488 5865 “tamen
1539 5797 1597 5863 ς·

1694 5780 1738 5810 ³⁸
1774 5778 2188 5850 διαπειρομενος
2235 5794 2380 5835 corr.
2442 5780 2488 5834 Δ

2537 5796 2547 5831 :
2586 5778 3015 5850 διαπειρώμενος
3046 5796 3102 5844 ς.
3192 5778 3234 5809 ¹⁶
3259 5774 3550 5829 ὑπελίπετο
3575 5792 3635 5842 ς.

380 5845 429 5881 ³⁷
470 5845 788 5921 ’Λμάστρης
816 5849 881 5905 A.
903 5845 987 5925 'fs
1016 5845 1312 5924 θυγατέρα]
1332 5845 1601 5921 ’ἀδελφήν
1626 5845 2147 5921 κνοεευιὶιιεξυῡδδ.
2177 5865 2296 5905 var.
2328 5864 2369 5919 ι,
2400 5850 2491 5907 25.
