4032 6506
392 456 509 520 889

1459 450 1980 512 BIBLIOTHECA.
2016 474 2086 484 --
2131 447 2295 507 COD.
2337 446 2634 507 CCXXlV.

3549 438 3659 504 890

392 567 442 620 δ’
473 562 569 621 οὗν
600 567 631 637 ἡ
682 565 926 637 Ἀρσινόη
972 567 1072 637 τῆς
1132 564 1462 637 ’Ἡρακλείας
1494 566 1593 636 τὴν
1622 566 1799 637 ἀρχὴν
1829 565 1973 635 πέμ-

2081 561 2301 617 dederat
2344 559 2743 630 Lysimachum.
2795 556 2970 611 Potita
3014 557 3174 626 igitur
3239 554 3510 611 Heracleae
3564 558 3657 611 do—

396 678 495 713 πει
526 660 640 712 -τὸν
698 659 949 729 Κυμαῖον
1006 658 1379 728 Ἡράκλειτον,
1425 657 1593 729 ἄνδρα
1645 659 1743 729 μὲν
1791 657 1980 711 εὔνουν

394 752 567 820 αὐτῇ,
598 750 871 820 ἀπότομον
900 749 957 803 δὲ
986 749 1161 812 ἄλλως
1194 750 1289 802 καὶ
1319 749 1490 803 δεινὸν
1507 750 1567 802 ἐν
1601 748 1980 818 βουλευμάτων

396 842 685 912 ἐντρεχείᾳ
716 841 814 895 καὶ
842 841 1082 913 ὀξύτητι.
1128 841 1187 894 '0
1216 840 1273 894 δέ
1299 842 1398 910 τῆς
1432 840 1758 912 Ἡρακλείας
1787 838 1980 903 ἐπιϐὰς

391 936 470 988 τά
522 952 582 988 τε
632 930 769 989 ἄλλα
824 935 1028 1005 σφόδρα
1092 933 1437 1005 ἐπιστρόφως
1481 932 1589 985 τῶν
1638 931 1980 1002 πραγμάτων

397 1028 677 1097 ἐξηγεῖτο,
728 1028 825 1081 καὶ
855 1028 1085 1091 πολλοὺς
1117 1026 1323 1090 αίτίαις
1368 1024 1686 1080 ὑποϐάλλων
1735 1024 1843 1077 τῶν
1890 1041 1984 1078 ποο

395 1119 567 1171 λιτῶν
598 1121 699 1173 οὐκ
735 1120 992 1184 ἐλάττους
1032 1120 1377 1189 ἐτιμωρεῖτο,
1431 1116 1507 1180 ὡς
1557 1116 1721 1171 πάλιν
1765 1115 1976 1169 ἀποϐα-

399 1210 516 1261 λεῖν
547 1210 745 1274 αὐτοὺς
769 1209 869 1281 τὴν
901 1209 1057 1280 μόλις
1079 1209 1436 1278 ἐπιφανεῖσαν
1463 1205 1834 1276 εὐδαιμονίαν.

2082 655 2287 707 minatu
2342 653 2597 716 Arsinoe,
2642 650 2978 705 Heraclitum
3029 665 3095 704 eo
3137 649 3413 722 Cymzeum
3472 650 3659 713 mittit,

2081 746 2274 816 225b
2306 746 2481 800 virum
2517 745 2661 799 illius
2692 745 3071 799 observantem
3102 752 3159 797 et
3212 743 3539 807 studiosum,
3565 744 3660 796 sed

2082 838 2283 908 alioqui
2320 836 2691 905 pratfractum,
2731 844 2785 890 et
2816 834 2870 888 in
2908 834 3151 889 consiliis
3179 833 3372 887 dandis
3410 840 3464 885 et
3501 846 3662 885 exsc-

2081 930 2309 1000 quendis
2340 942 2602 997 perquam
2648 926 2978 981 industrium
3016 935 3074 980 et
3101 940 3301 980 acrem.
3334 924 3431 978 llic
3469 924 3663 993 prmfc-

2081 1030 2199 1075 ctus
2230 1019 2525 1083 Heracleae,
2559 1034 2682 1074 cum
2712 1019 2849 1072 alias
2892 1033 2980 1073 res
3009 1018 3173 1072 nimis
3206 1016 3376 1085 rigide
3421 1015 3658 1068 admini-

2083 1123 2240 1177 strat,
2293 1123 2404 1166 tum
2440 1112 2639 1166 inultos
2680 1111 2879 1166 civium
2934 1109 3259 1165 criminibus
3295 1118 3508 1173 onerat,
3561 1124 3659 1163 nec

2084 1205 2366 1277 pauciores
2413 1204 2674 1273 supplicio
2717 1203 2884 1258 allicit
2916 1222 2928 1257 :
2965 1212 3019 1257 et
3051 1203 3132 1257 sic
3179 1202 3495 1257 felicitatem
3536 1204 3657 1255 vix-
3690 1268 3693 1281 ἶ

2084 1299 2211 1353 dum
2244 1307 2490 1351 exortam
2528 1296 2672 1350 cives
2704 1296 2880 1351 denuo
2917 1295 3265 1349 amittebant.

528 1412 664 1467 CAP.
716 1412 808 1473 IX.
860 1443 930 1454 —
983 1412 1063 1466 De
1104 1410 1405 1482 Lysimachi
1428 1411 1715 1477 parricidio
1756 1410 1812 1462 in
1862 1408 2033 1477 ﬁlium
2080 1408 2439 1479 Agathoclem,
2474 1407 2687 1462 consilio
2744 1423 2999 1472 novercae,
3037 1407 3251 1477 ejusque
3277 1407 3515 1462 interitu.

483 1529 543 1581 '0
599 1528 782 1599 μέντοι
830 1527 1144 1597 Λυσίμαχος
1190 1526 1492 1598 περιδρομῇ
1556 1525 1841 1595 Ἀρσινόης
1884 1524 1977 1577 τόν

398 1621 625 1691 ἄριστον
666 1620 776 1672 τῶν
822 1620 1028 1673 παίδων
1083 1620 1178 1671 καὶ
1222 1618 1596 1689 πρεσϐύτερον
1642 1616 1977 1684 Ἀγαθοκλέα

396 1714 486 1780 (ἐκ
520 1710 801 1780 προτέρων
839 1709 896 1761 δέ
937 1709 1039 1777 φὺς
1082 1704 1149 1779 ἦν
1184 1706 1331 1777 αὑτῷ
1384 1707 1600 1776 γάμων)
1646 1706 1768 1758 κατ’
1802 1707 1977 1776 ἀρχὰς

398 1804 503 1874 μὲν
530 1802 849 1855 λανθάνοντι
879 1801 1177 1871 φαρμάκῳ,
1209 1799 1419 1851 ἐκείνου
1457 1798 1515 1851 δέ
1550 1798 1690 1851 κατά
1720 1798 1975 1868 πρόνοιαν

2131 1524 2400 1579 Cmterum
2471 1522 2847 1593 Lysimachus,
2925 1522 3111 1575 fraude
3180 1521 3461 1584 Arsinoes,
3529 1532 3657 1574 natu

2083 1618 2378 1670 maximum
2450 1617 2789 1684 etoptimum
2873 1615 3134 1678 filiorum,
3182 1615 3557 1683 Agathoclem,
3628 1630 3660 1669 e

2080 1710 2262 1776 priore
2314 1708 2416 1762 sibi
2467 1708 2696 1777 conjuge
2731 1717 2939 1771 natum,
2987 1708 3163 1777 primo
3192 1707 3409 1774 quidem
3452 1721 3661 1760 veneno

2083 1800 2431 1863 clanculario,
2478 1800 2571 1854 sed
2616 1809 2836 1868 postea,
2875 1801 2976 1853 hoc
3013 1813 3111 1869 per
3135 1799 3399 1852 vomitum
3439 1799 3662 1867 rejecto,

392 1893 768 1963 ἐξεμεθέντος,
800 1891 1161 1961 ἀναιδεστάτῃ
1187 1889 1580 1960 διαχειρίζεται
1604 1888 1820 1960 γνώμῃ·
1854 1888 1974 1941 δεσ-

2081 1893 2343 1946 sententia
2375 1892 2843 1958 impudentissima
2867 1891 3181 1944 damnatum
3234 1899 3411 1943 necat.
3448 1889 3504 1942 lu
3540 1903 3659 1943 car-

396 1989 665 2058 μωτηρίῳ
710 1985 967 2056 ἐμϐαλὼν
1007 1986 1219 2039 κελεύει
1249 1985 1650 2055 κατακοπῆναι,
1682 1983 1977 2053 ἐπιϐουλὴν

328 2144 331 2147 Α
390 2078 544 2149 αὐτῷ
582 2078 1071 2148 καταψευσάμενος
1095 2079 1159 2131 ³⁹.
1209 2078 1342 2130 ’0δέ
1375 2076 1733 2146 Πτολεμαῖος,
1776 2075 1839 2140 ὃς
1889 2078 1977 2129 αὖε

387 2169 581 2241 τόχειρ
630 2170 723 2223 τοῦ
762 2170 1071 2239 μιάσματος
1102 2170 1367 2237 ἐγεγόνει,
1403 2167 1630 2236 ἀδελφὸς
1665 2164 1732 2240 ἦν
1791 2169 1975 2239 Ἀρσι-

387 2264 542 2335 νόης,
568 2265 664 2317 καὶ
694 2262 983 2332 ἐπώνυμον
1010 2263 1097 2316 διὰ
1126 2262 1224 2332 τὴν
1256 2262 1554 2330 σκαιότητα
1592 2262 1685 2314 καὶ
1717 2261 1975 2315 ἀπόνοιαν

386 2358 487 2410 τὸν
521 2355 796 2427 Κεραυνὸν
839 2355 1055 2425 ἔφερεν.
1101 2355 1159 2409 '0
1190 2354 1371 2407 τοίνυν
1397 2353 1711 2424 Λυσίμαχος
1758 2354 1846 2407 διὰ
1877 2353 1975 2426 τὴν

386 2446 773 2501 παιδοκτονίαν
821 2448 979 2517 μῖσός
1025 2464 1084 2500 τε
1134 2446 1344 2499 δίκαιον
1391 2444 1543 2515 παρά
1573 2446 1680 2497 τῶν
1716 2445 1974 2515 ὑπηκόων

387 2540 688 2610 ἐλάμϐανε,
734 2540 830 2593 καὶ
876 2540 1143 2603 Σέλευκος
1185 2538 1360 2592 ταῦτα
1407 2539 1735 2608 πυθόμενος,
1766 2539 1860 2592 καὶ
1898 2538 1973 2602 ὡς

388 2632 616 2702 εὐχερὲς
647 2632 734 2702 εἴη
762 2630 953 2685 τοῦτον
986 2628 1303 2699 παραλῦσαι
1350 2628 1455 2698 τῆς
1490 2629 1685 2698 ἀρχῆς,
1718 2629 1828 2681 τῶν
1880 2629 1976 2682 πό-

385 2717 529 2770 λεων
588 2718 975 2789 ἀφισταμένων
1028 2717 1198 2771 αὐτοῦ
1225 2757 1240 2782 ,
1294 2717 1475 2787 μάχην
1530 2720 1791 2771 συνάπτει
1837 2718 1974 2787 πρὸς

384 2809 580 2863 αὐτόν.
635 2810 745 2862 Καὶ
796 2810 987 2862 πίπτει
1040 2811 1099 2862 ἐν
1152 2808 1233 2878 τῷ
1282 2809 1511 2879 πολέμῳ
1564 2808 1882 2879 Λυσίμαχος
1925 2808 1972 2841 ⁸⁰

387 2900 583 2971 παλτῷ
626 2900 844 2971 βληθείς
869 2920 883 2933 ·
913 2903 942 2955 ὁ
981 2901 1037 2954 δὲ
1080 2900 1259 2971 βαλὼν
1289 2900 1427 2971 ἀνὴρ
1467 2899 1855 2971 Ἡρακλεώτης
1880 2896 1972 2970 ἦν,

388 2994 517 3067 ἶόΉ
546 2995 641 3068 Η.]
671 2996 839 3066 ὄνομα
867 2996 1165 3059 Μαλάκων,
1204 2994 1308 3048 ὑπὸ
1341 2995 1591 3066 Σελεύκῳ
1619 2995 1968 3065 ταττόμενος.

388 3088 658 3150 Πεσόντος
697 3087 753 3140 δὲ
804 3089 836 3157 ὴ
869 3086 1057 3140 τούτου
1090 3086 1234 3158 ἀρχὴ
1260 3088 1705 3158 προσχωρήσασα
1755 3090 1822 3158 τῇ
1873 3086 1968 3139 τοῦ

384 3181 661 3234 Σελεύκευ
713 3181 877 3252 μέρος
928 3182 1186 3251 κατέστη.
1245 3180 1386 3233 Ἀλλ’
1435 3178 1669 3233 ἐνταῦθα
1730 3179 1830 3251 μὲν
1875 3180 1970 3236 καὶ

384 3274 449 3325 τὸ
479 3272 546 3344 ιβ’
570 3273 670 3343 τῆς
694 3274 973 3344 Μέμνονος
996 3274 1239 3343 ἱστορίας
1264 3273 1442 3345 λήγει.

2080 2000 2257 2039 cerem
2308 1985 2451 2038 enim
2503 1994 2844 2053 compactum
2899 1984 3160 2037 trucidari
3209 1983 3384 2052 jubet,
3433 1982 3659 2037 insidias

2080 2079 2217 2148 patri
2260 2088 2496 2132 structas
2532 2077 2672 2132 falso
2712 2077 3051 2131 criminatus.
3089 2074 3411 2129 Ptolemaeus
3453 2085 3658 2139 autem,

2078 2170 2169 2238 qui
2220 2184 2315 2221 sua
2358 2184 2517 2222 manu
2572 2169 2749 2224 scelus
2797 2168 2849 2221 id
2906 2170 3256 2237 perpetravit,
3318 2169 3487 2223 frater
3540 2179 3661 2223 erat

2076 2262 2359 2328 Arsinoes,
2409 2270 2463 2316 et
2507 2260 2740 2315 Cerauui
2788 2260 2864 2333 [id
2927 2268 3009 2314 est
3041 2259 3308 2333 fulminis]
3336 2277 3664 2331 cognomen-

2077 2362 2189 2407 tum
2233 2354 2301 2406 ab
2366 2352 2773 2421 importunitate
2816 2368 3023 2406 morum
3077 2363 3130 2408 et
3165 2354 3415 2407 vecordia
3456 2353 3660 2407 retulit.

2074 2440 2432 2513 Lysimachus
2476 2444 2639 2513 igitur
2664 2450 2888 2512 propter
2927 2443 3017 2497 lilii
3054 2445 3254 2499 cmdem
3298 2447 3348 2497 in
3385 2446 3511 2497 odio
3543 2455 3662 2498 erat

2074 2534 2435 2590 subditorum.
2481 2533 2549 2587 Et
2581 2533 2866 2600 Seleucus,
2912 2535 2995 2589 his
3025 2536 3278 2605 cognitis,
3308 2545 3364 2590 et
3407 2537 3548 2604 quod
3580 2535 3662 2589 fa-

2074 2627 2178 2681 cile
2212 2628 2281 2680 sit
2313 2641 2480 2695 regno
2512 2626 2789 2680 hominem
2829 2639 3107 2695 excutere,
3142 2628 3455 2683 civitatibus
3497 2630 3564 2683 ab
3595 2644 3663 2684 eo

2073 2718 2472 2784 deﬁcientibus,
2521 2718 2772 2788 prmlium
2822 2735 2945 2775 cum
3005 2735 3069 2775 eo
3122 2721 3380 2787 conserit,
3440 2721 3492 2775 in
3555 2736 3663 2790 qum

2075 2807 2454 2879 Lysimachus,
2500 2811 2625 2863 dum
2678 2810 2890 2865 fortiter
2940 2810 3197 2876 dimicat,
3242 2812 3350 2880 pilo
3403 2810 3663 2881 trajectus

2072 2903 2325 2957 occubat.
2382 2900 2623 2972 Trajecit
2668 2914 2848 2957 autem
2905 2904 2990 2958 vir
3027 2902 3414 2970 Heraclicusis,
3445 2906 3665 2960 nomine

2072 2991 2342 3060 Malacon,
2377 2992 2605 3050 Seleuco
2633 2995 2897 3060 militans,
2925 2994 3296 3064 subversoquc
3324 3011 3412 3058 eo,
3442 3010 3663 3064 regnum

2073 3089 2139 3141 ad
2192 3084 2405 3141 Seleuci
2455 3087 2715 3142 ditionem
2752 3092 2835 3157 (ut
2886 3087 3033 3158 pars)
3070 3088 3323 3143 accessit.
3361 3087 3427 3142 Et
3460 3089 3547 3143 hic
3588 3105 3660 3143 vn

2075 3180 2376 3238 Memnonis
2424 3181 2562 3238 liber
2591 3181 2884 3236 historicus
2918 3180 3137 3235 desinit.

989 3385 1122 3439 Car.
1160 3383 1228 3441 Χ.
1264 3414 1336 3424 -
1367 3382 1757 3451 Heraclienses,
1805 3384 2024 3455 expulso
2055 3394 2303 3455 tyranno,
2339 3400 2394 3438 se
2424 3384 2480 3437 in
2523 3384 2817 3437 libertatem
2851 3396 3116 3440 asserunt.

474 3502 564 3555 Ἐν
604 3501 663 3554 δὲ
713 3500 792 3571 τῷ
838 3506 908 3568 ιγ’
946 3500 1075 3566 τοὺς
1113 3497 1499 3569 Ἡρακλεώτας
1535 3499 1685 3568 λέγει
1729 3499 1974 3572 πυθομέ-

386 3612 517 3657 νους
550 3594 592 3625 δι
616 3594 715 3665 τὴν
746 3593 1033 3663 ἀναίρεσιν
1060 3591 1379 3662 Λυσιμάχου
1404 3593 1499 3644 καὶ
1522 3591 1597 3655 ὼς
1625 3593 1708 3662 εἴη
1729 3594 1757 3645 ὁ
1789 3592 1976 3645 τοῦτον

387 3685 710 3748 ἀπεκτονὼς
749 3683 1157 3755 Ἡρακλεώτης,
1188 3684 1288 3746 τάς
1324 3700 1385 3736 τε
1422 3682 1647 3752 γνώμας
1694 3682 1976 3754 ἀναρρών-

387 3780 584 3835 νυσθαι
608 3779 702 3831 καὶ
728 3780 864 3848 πρὸς
887 3779 977 3829 τὸν
1008 3778 1106 3847 τῆς
1132 3776 1447 3845 ἐλευθερίας
1481 3776 1975 3847 ἀνδραγαθίζεσθαι

389 3871 580 3937 πόθον,
633 3872 699 3942 ἣν
751 3871 792 3923 δ’
847 3871 943 3923 καὶ
991 3876 1044 3922 π’
1098 3868 1274 3921 ἐτεσιν
1301 3869 1406 3921 ὑπό
1444 3886 1504 3922 τε
1534 3870 1642 3923 τῶν
1696 3869 1973 3938 ἐμφυλίων

384 3964 671 4033 τυράννων
719 3962 814 4015 καὶ
871 3960 988 4031 μετ’
1039 3960 1283 4022 ἐκείνους
1336 3960 1442 4013 ὑπὸ
1483 3960 1800 4031 Λυσιμάχου
1828 3959 1970 4031 ἀφῄο

388 4071 578 4125 ρηντο.
610 4053 921 4123 Προσῆλθον
974 4049 1068 4106 οὖν
1111 4052 1381 4124 πρότερον
1450 4053 1800 4127 Ἡρακλείδῃ,
1845 4055 1968 4106 πεί-

2155 3500 2213 3554 In
2248 3516 2345 3554 xm
2408 3500 2667 3568 deinceps
2722 3500 2837 3552 ha’c
2884 3511 3312 3562 commemorat.
3353 3499 3667 3557 Heraclien-

2080 3604 2211 3653 ses,
2269 3591 2455 3645 audito
2508 3590 2817 3662 Lysimachi
2875 3590 3131 3661 interitu,
3181 3604 3235 3650 et
3283 3599 3425 3663 quod
3475 3610 3504 3648 a
3566 3610 3666 3663 po-

2082 3682 2257 3752 pulari
2307 3697 2409 3739 suo
2470 3700 2575 3739 nex
2626 3688 2674 3740 ei
2735 3688 2882 3744 illata
2940 3698 3124 3752 esset,
3189 3687 3403 3742 animos
3460 3688 3665 3741 contir-

2083 3788 2273 3844 mant,
2330 3786 2387 3831 et
2445 3794 2545 3848 pro
2619 3780 2892 3836 libertatis
2956 3782 3341 3851 recuperandae
3396 3781 3666 3834 desiderio

2072 3867 2241 3924 fortes
2277 3884 2337 3923 se
2374 3869 2528 3926 viros
2578 3871 2884 3941 declarant,
2932 3889 3095 3942 quam
3126 3888 3224 3942 per
3263 3888 3435 3927 annos
3467 3872 3536 3926 84
3577 3883 3663 3943 ty-

2072 3966 2236 4016 raunl
2283 3964 2594 4030 domestici,
2625 3974 2681 4019 et
2722 3975 2842 4033 post
2888 3981 2981 4020 eos
3010 3964 3387 4037 Lysimachus,
3419 3976 3661 4035 ereptam

2072 4064 2380 4109 tenuerant.
2442 4056 2623 4123 Quare
2684 4056 3025 4113 Heraclidem
3080 4060 3435 4123 conveniunt,
3488 4070 3544 4113 et
3605 4069 3664 4112 ut

387 4145 576 4208 θοντες
616 4145 778 4198 αὑτὸν
808 4144 910 4213 μὲν
944 4145 1209 4214 ἐκχωρεῖν
1248 4145 1351 4212 τῆς
1386 4143 1616 4209 πόλεως,
1645 4145 1747 4198 οὐκ
1778 4144 1966 4215 ἀπαθῆ

2081 4161 2175 4200 non
2237 4155 2446 4201 tantum
2503 4148 2692 4205 salvus
2724 4158 2778 4205 et
2807 4149 3122 4213 incolumis,
3170 4152 3262 4205 sed
3293 4151 3456 4205 etiam
3481 4151 3666 4221 splen-

384 4233 579 4287 κακῶν
632 4232 815 4303 μόνον,
840 4232 977 4286 ἀλλὰ
1009 4233 1104 4286 καὶ
1131 4232 1404 4302 λαμπροῖς
1449 4231 1643 4303 δώροις
1692 4232 1975 4304 ἐφοδιαξό-

387 4342 575 4394 μενον,
633 4325 718 4393 ἐφ’
750 4318 794 4392 ᾧ
847 4325 945 4395 τὴν
985 4324 1305 4395 ἐλευθερίαν
1352 4324 1598 4388 ἐκείνους
1655 4327 1967 4382 ἀναλαϐεῖν.

397 4418 490 4480 Ὡς
536 4416 593 4470 δὲ
644 4418 705 4469 οὐ
751 4417 913 4486 μόνον
956 4417 1057 4469 οὐκ
1105 4416 1343 4481 ἔπειθον,
1384 4416 1523 4469 ἀλλά
1552 4417 1647 4469 καὶ
1673 4419 1755 4481 είς
1796 4418 1970 4489 ὀργὴν

382 4513 693 4566 ἐκπεσόντα
750 4508 891 4565 εἶδον
942 4512 1037 4565 καί
1087 4528 1238 4574 τινας
1286 4512 1467 4564 αὐτῶν
1522 4510 1619 4564 καὶ
1675 4508 1969 4581 τιμωρίαις

384 4604 688 4671 ὑπάγοντα,
746 4602 873 4673 [716
918 4602 1009 4674 R.]
1065 4603 1340 4673 συνθήκας
1383 4603 1603 4673 θέμενοι
1655 4602 1792 4672 πρὸς
1841 4602 1969 4664 τοὺς

384 4696 771 4767 φρουράρχους
793 4696 843 4747 οί
870 4696 1109 4762 πολῖται,
1166 4696 1223 4748 αἳ
1264 4697 1365 4766 τήν
1400 4695 1446 4727 δ’
1495 4711 1557 4747 τε
1610 4692 1969 4747 ἰσοπολιτείαν

381 4793 569 4853 αὐτοῖς
615 4790 806 4861 ἔνεμον
850 4789 944 4841 καὶ
988 4791 1115 4853 τοὺς
1159 4789 1385 4859 μισθοὺς
1450 4788 1637 4842 λαϐεῖν
1691 4780 1767 4840 ὧν
1819 4786 1973 4839 ἐστέ-

382 4900 555 4956 ρηντο
576 4883 644 4948 ⁸³,
672 4881 1108 4951 συλλαμϐάνουσι
1126 4880 1217 4933 τὸν
1252 4880 1612 4950 Ἡρακλείδην
1642 4878 1739 4931 καὶ
1764 4878 1969 4946 φυλατ-

377 4976 613 5045 τόμενον
657 4971 802 5044 εἶχον
841 4976 936 5028 ἐπὶ
970 4975 1181 5047 χρόνον.
1221 4974 1466 5026 Ἐκεῖθεν
1494 4971 1757 5043 λαμπρὰς
1782 4970 1969 5032 ἀδείας

378 5068 667 5129 λαϐόντες,
701 5068 802 5134 τῆς
839 5082 899 5119 τε
962 5065 1313 5137 ἀκροπόλεως
1374 5064 1569 5135 μέχρις
1617 5064 1851 5130 ἐδάφους
1900 5063 1969 5114 τά

378 5160 541 5229 τείχη
565 5159 884 5221 κατέϐαλον,
908 5158 1002 5210 καὶ
1036 5157 1172 5228 πρὸς
1203 5156 1467 5208 Σέλευκον
1494 5153 1967 5227 διεπρεσϐεύοντο,

376 5251 486 5320 τῆς
512 5251 720 5313 πόλεως
746 5251 1082 5320 ἐπιμελητὴν
1117 5249 1561 5321 προστησάμενοι
1595 5246 1894 5315 Φώκριτον.

2078 4237 2203 4292 dido
2235 4253 2519 4293 munerum
2542 4241 2742 4295 viatico
2772 4240 3073 4296 instructus
3100 4242 3346 4307 excedat,
3378 4242 3663 4312 pristinam

2077 4331 2239 4383 modo
2280 4330 2586 4385 libertatem
2634 4331 2947 4399 obtineant,
3004 4335 3257 4389 suadent.
3296 4337 3367 4388 At
3398 4350 3521 4389 eum
3555 4344 3665 4389 tam

2074 4423 2265 4491 procul
2323 4422 2495 4478 abfuit
2528 4432 2589 4478 ut
2624 4429 3044 4494 persuaderent,
3082 4438 3138 4482 ut
3170 4428 3336 4482 etiam
3365 4428 3445 4482 ira
3479 4440 3666 4499 tyran-

2079 4530 2208 4569 num
2242 4516 2594 4583 inﬂammari,
2634 4529 2690 4574 et
2735 4520 3027 4574 nonnullos
3059 4521 3125 4575 de
3154 4521 3269 4575 suis
3297 4522 3365 4576 ad
3397 4522 3663 4590 supplicia

2079 4606 2192 4674 rapi
2220 4605 2288 4659 ab
2325 4621 2390 4660 eo
2429 4606 2697 4672 viderent,
2736 4618 2896 4676 pacto
2940 4622 3063 4660 cum
3119 4608 3357 4676 przesidii
3393 4606 3666 4677 praefectis

2077 4698 2231 4763 inito,
2264 4708 2323 4751 ut
2353 4700 2549 4767 zequali
2582 4700 2637 4753 in
2669 4700 2946 4769 republica
2969 4699 3091 4768 jure
3120 4709 3426 4765 uterentur,
3469 4712 3519 4754 et
3548 4702 3668 4769 qui-

2072 4788 2175 4845 bus
2223 4790 2460 4845 fraudati
2500 4803 2685 4847 essent
2733 4792 3003 4860 stipeudia
3049 4796 3380 4863 reciperent,
3418 4793 3665 4849 lleracli-

2073 4883 2195 4935 dem
2246 4881 2300 4935 in
2350 4883 2564 4937 vincula
2600 4884 2908 4954 conjectura
2955 4887 3022 4940 ad
3061 4896 3275 4956 tempus
3321 4888 3663 4943 custodiunt.

2072 4969 2215 5024 Metu
2255 4972 2458 5027 dehinc
2509 4973 2699 5039 soluti,
2756 4980 2958 5030 mania
3009 4978 3165 5047 arcis,
3192 4977 3259 5029 ad
3314 4977 3664 5031 fundamenta

2073 5078 2245 5131 usque
2272 5063 2437 5135 226
2458 5082 2489 5118 a
2515 5066 2754 5133 diruunt,
2800 5078 2855 5122 et
2887 5070 3052 5123 missa
3082 5068 3148 5123 ad
3186 5068 3477 5124 Seleucum
3514 5070 3666 5136 lega-

2077 5158 2243 5223 tione,
2284 5155 2602 5213 Phocritum
2653 5162 2892 5218 civitatis
2940 5163 3243 5232 principem
3275 5170 3663 5217 ctcuratorcm

2077 5249 2283 5303 faciunt

1264 5368 1394 5423 CAP.
1421 5367 1513 5420 XI.
1536 5395 1609 5407 —-
1644 5364 1869 5435 Zipmtes
1911 5362 2167 5434 Bithynas
2208 5359 2570 5416 Herarlt'enses
2608 5362 2841 5431 infestat.

461 5485 715 5554 Ζιποίτης
765 5484 820 5537 δὲ
871 5487 899 5539 ὁ
942 5484 1184 5537 Βιθυνῶν
1236 5484 1515 5553 ἐπάρχων,
1562 5480 1774 5551 ἐχθρῶς
1829 5480 1969 5551 ἔχων

396 5576 812 5646 Ἡρακλεώταις
862 5577 1128 5648 πρότερον
1184 5576 1285 5645 μὲν
1335 5574 1424 5627 διὰ
1457 5575 1793 5643 Λυσίμαχον,
1842 5572 1963 5624 τότε

2148 5480 2218 5534 At
2248 5479 2506 5545 Zipoetcs,
2533 5477 2804 5550 Bithynim
2846 5481 3087 5548 regulus,
3117 5478 3451 5535 lleracleotis
3492 5480 3664 5535 iufen.

2076 5588 2189 5636 sus,
2226 5582 2407 5626 'autea
2456 5570 2788 5640 Lysimachi,
2838 5581 2965 5627 tunc
3021 5573 3182 5627 etiam
3230 5572 3442 5627 Seleuci
3499 5588 3666 5628 causa

1674 5733 1911 5788 νΑιιιΛῖ
1950 5732 2367 5789 LECTIONES.

456 5832 503 5863 ³⁵
544 5831 1007 5903 καταῷωὸόμενος
1034 5848 1091 5894 ς.
1170 5830 1215 5861 ⁵ο
1256 5830 1370 5883 πο).
1404 5831 1431 5883 ὁ
1458 5828 1768 5898 Λυσίμαχος
1804 5846 1861 5891 ς.
1941 5828 1980 5860 ³¹
2016 5826 2373 5896 πειθομένους
2406 5842 2463 5889 τ.
2542 5828 2583 5861 ³³
2624 5829 2743 5883 αἰεὶ
2783 5828 2877 5883 ;οἵ
2904 5844 2961 5891 ζ’.

384 5902 539 5957 συλλ.
574 5918 633 5965 ς.

3044 5827 3084 5859 ’³
3117 5828 3404 5899 ἐστέρηντο
3438 5828 3659 5899 ἤλπιζον
