4032 6478
522 370 623 436 891
1678 366 1943 429 PHOTII
1978 365 2487 428 PATRIARCH/E
2522 365 2634 427 CP.
3646 371 3736 435 892

523 482 673 549 (nam
706 488 829 529 cum
846 481 1078 542 utroque
1098 470 1402 527 simultates
1424 471 1705 543 habebat),
1766 473 2110 528 excursioni-

2151 484 2185 538 Α
2213 471 2270 525 δὲ
2320 472 2407 525 διὰ
2451 471 2712 526 Σέλευκον
2763 468 3045 544 (διάφορος
3084 469 3191 539 γὰρ
3228 466 3305 543 ἦν
3334 471 3614 545 ἑκατέρῳ),
3657 483 3743 547 τὴ,

528 574 631 624 bus
656 569 710 623 in
754 581 887 636 agro
919 580 1105 619 eorum
1144 565 1326 629 factis,
1359 580 1388 618 a
1419 564 1566 618 nullo
1594 564 1985 620 maleﬁciorum
2021 582 2107 636 ge-

2202 564 2325 617 κατ’
2374 562 2552 615 αὐτῶν
2581 562 2902 634 ἐπιδρομὴν,
2934 561 3071 634 ἔργα
3106 563 3402 627 κακώσεως
3430 566 3743 641 ἀποδεικνὺς,

525 674 660 716 nere
712 659 993 713 abstinuit.
1046 655 1333 711 Exercitus
1392 666 1570 710 tamen
1612 658 1755 725 ejus,
1805 657 1931 711 dum
1980 658 2107 713 huic

2202 655 2444 707 ἐποιεῖτο
2475 670 2492 686 ·
2546 655 2608 708 οὐ
2661 654 2770 725 μὴν
2794 654 2913 707 οὐδὲ
2942 656 3003 707 τὸ
3034 652 3198 707 αὐτοῦ
3243 655 3557 727 στράτευμα
3586 666 3748 719 κακῶν

527 755 749 824 negotio
775 749 1060 813 incumbit,
1106 747 1338 801 cladium
1362 761 1470 801 non
1500 762 1698 816 expers
1741 755 1846 815 est,
1874 747 1968 802 sed
1997 762 2105 801 non

2202 746 2434 811 ἀπαθεῖς
2476 748 2749 818 ἔπραττον
2786 745 2929 817 άπερ
2970 745 3258 816 ἔπραττον,
3310 745 3543 819 ἔπασχον
3576 753 3629 807 δὲ
3669 759 3748 813 καὶ

525 848 696 901 multo
732 843 999 905 mitiores,
1024 855 1183 909 quam
1214 838 1397 902 infert,
1427 838 1644 905 recipit.

2202 840 2357 894 αὐτοὶ
2382 833 2458 894 ὧν
2486 840 2657 911 ἔδρων
2681 838 2741 892 οὐ
2766 837 2908 893 κατά
2938 837 3074 893 πολύ
3104 838 3434 909 ἀνεκτότερα
3464 840 3528 896 ⁸⁵⁸.

755 976 883 1033 ΟΜ».
913 975 1034 1030 Xll.
1059 1003 1130 1015 —-
1151 973 1353 1029 Seleuci
1382 975 1445 1027 ab
1480 972 1908 1029 Heracliensibus
1940 974 2499 1033 alienatio.E:rsulum
2530 978 2727 1031 reditus
2748 986 2799 1030 et
2829 975 3127 1045 reipublicae
3157 974 3496 1032 instauratio.

599 1092 714 1148 Sub
735 1092 850 1146 lucc
880 1088 1137 1144 Seleucus
1195 1086 1580 1155 Aphrodisium
1608 1100 2014 1156 procuratorem
2048 1089 2101 1143 in

2287 1089 2378 1143 Ἐν
2426 1088 2599 1159 τούτῳ
2626 1087 2685 1141 δὲ
2732 1087 2995 1152 Σέλευκος
3029 1088 3370 1157 Ἀφροδίσιον
3403 1089 3603 1160 πέμπει
3637 1093 3748 1148 διοι-

523 1185 721 1254 oppida
770 1181 1043 1251 Phrygiae,
1089 1193 1209 1248 qua:
1257 1178 1505 1246 adjacent
1548 1178 1743 1241 Ponto,
1790 1179 1976 1237 mittit.
2004 1178 2107 1235 Hic

2205 1179 2382 1250 κητὴν
2430 1178 2512 1240 είς
2558 1195 2617 1231 τε
2664 1176 2763 1240 τὰς
2797 1178 2856 1229 έν
2886 1177 3097 1247 Φρυγίᾳ
3143 1177 3332 1240 πόλεις
3362 1178 3458 1231 καὶ
3485 1178 3579 1242 τάς
3606 1181 3750 1252 ὑπερ-

527 1277 692 1333 rebus
723 1287 956 1343 quarum
1000 1286 1165 1327 causa
1213 1279 1438 1325 venerat
1486 1270 1770 1336 confectis,
1813 1283 1935 1343 post
1963 1275 2106 1330 redi.

2206 1270 2467 1340 κειμένας
2489 1268 2582 1322 τοῦ
2608 1268 2834 1323 Πόντου.
2877 1268 2935 1322 '0
2971 1268 3050 1331 δὲ,
3087 1267 3525 1340 διαπραξάμενος
3552 1271 3586 1324 ἀ
3616 1272 3748 1327 ἐϐού-

526 1376 666 1435 tum,
708 1368 761 1420 in
812 1364 1041 1418 aliarum
1077 1363 1300 1432 quidem
1336 1362 1615 1417 civitatum
1655 1364 1816 1419 laude
1862 1366 2107 1434 prolixus

2207 1362 2328 1415 λετο
2356 1362 2451 1415 καὶ
2477 1359 2735 1424 ἐπανιὼν,
2766 1360 2875 1413 τῶν
2909 1360 3007 1431 μὲν
3035 1359 3211 1416 ἄλλων
3259 1361 3469 1414 πόλεων
3494 1364 3567 1418 ,ὲν
3613 1366 3751 1419 ἐπαί-

523 1469 648 1517 erat
673 1500 689 1523 ,
722 1456 1102 1511 Heraclienses
1142 1462 1321 1508 autem
1369 1455 1763 1510 criminabatur
1788 1468 1847 1512 ut
1879 1458 2106 1515 Seleuco

2206 1468 2316 1514 νοις
2346 1446 2436 1521 ἦν,
2482 1448 2876 1519 Ἡρακλεωτῶν
2921 1448 2979 1502 δὲ
3035 1449 3336 1521 κατηγόρει
3388 1449 3463 1520 μὴ
3519 1452 3753 1519 εὐνοῖκῶς

522 1565 714 1621 parum
754 1546 1017 1601 addictos.
1068 1542 1327 1598 Seleucus
1369 1558 1523 1613 ergo,
1569 1542 1672 1597 hoc
1714 1544 1980 1611 irritatus,
2023 1546 2104 1603 le-

2205 1539 2349 1610 ἔχειν
2384 1541 2495 1602 τοῖς
2542 1536 2638 1592 τοῦ
2688 1537 2955 1591 Σελεύκου
3000 1538 3345 1609 πράγμασιν.
3417 1539 3535 1609 Ὑφ’
3582 1535 3639 1595 οὐ
3676 1544 3754 1597 Σέ-

524 1649 681 1709 gatos
713 1636 779 1689 ad
807 1650 865 1689 se
904 1634 1179 1704 profectos
1217 1632 1448 1696 fastidit,
1478 1641 1533 1686 et
1571 1632 1733 1687 minis
1770 1633 2102 1702 increpitans

2205 1632 2397 1694 λευκος
2429 1630 2788 1699 παροξυνθεὶς
2819 1630 2947 1692 τούς
2977 1647 3037 1683 τε
3067 1632 3204 1701 πρὸς
3226 1629 3392 1683 αὐτὸν
3422 1632 3752 1702 ἀφικομένους

524 1737 715 1785 terret.
772 1726 1015 1793 Quorum
1064 1734 1246 1780 tamen
1290 1741 1429 1779 unus
1462 1724 1812 1781 Chamaeleon
1846 1727 1980 1782 nihil
2012 1730 2098 1785 his

2208 1723 2467 1795 πρέσϐεις
2504 1722 2876 1791 ἀπειλητικοῖς
2908 1721 3230 1791 ὲξεφαύλιζε
3286 1722 3471 1791 λόγοις
3508 1726 3599 1777 καὶ
3644 1745 3753 1781 κατ-

522 1819 829 1890 perculsus,
884 1818 958 1871 ita
986 1832 1169 1887 regem
1216 1818 1548 1884 compellat:
1601 1815 1859 1872 Hercules
1910 1836 2103 1874 carron

2162 1805 2177 1856 ι
2206 1819 2496 1890 έπληττεν,
2515 1818 2632 1882 sva;
2656 1817 2752 1869 τοῦ
2777 1816 3186 1887 Χαμαιλέοντος
3202 1815 3357 1868 οὐδὲν
3375 1816 3754 1887 ὀρρωδήσαντος

524 1909 741 1965 Seleuco
772 1908 1019 1979 (κάρρων
1047 1918 1228 1961 autem
1272 1906 1624 1961 Doriensibus
1667 1923 1788 1961 eum
1831 1908 2103 1978 signiﬁcat

2205 1913 2305 1975 τάς
2354 1910 2605 1975 ἁπειλάς,
2652 1910 2785 1964 ἀλλά
2825 1910 3093 1979 φαμένου,
3140 1909 3443 1979 Ἡρακλῆς
3466 1910 3510 1942 ⁸⁵
3548 1913 3753 1980 mier

528 2001 626 2073 qui
654 2011 739 2057 est
767 2000 1003 2070 fortior).
1044 2002 1215 2067 Quam
1252 2014 1438 2053 vocem
1466 2015 1588 2053 cum
1620 2016 1714 2054 rex
1750 2017 1855 2054 non
1903 2002 2106 2056 intelli-

2209 2007 2468 2063 Σέλευκε
2503 2006 2757 2078 (κάρῥων
2797 2006 2843 2037 ⁸⁸
2874 2007 2930 2059 δὲ
2971 2008 2998 2059 ό
3034 2006 3383 2075 ἰσχυρότερος
3420 2004 3571 2075 παρά
3610 2009 3753 2079 Δωρι-

525 2106 701 2172 geret,
741 2103 996 2165 concepta
1029 2095 1080 2148 in
1116 2094 1194 2147 ira
1231 2093 1556 2163 persistens,
1590 2108 1650 2148 se
1678 2095 1897 2149 avertit.
1932 2094 2108 2166 Lega-

2207 2099 2403 2167 εὖσιν).
2425 2099 2482 2153 '0
2510 2100 2554 2153 δ’
2593 2096 2686 2152 οὖν
2709 2099 2968 2162 Σέλευκος
3003 2098 3065 2150 τὸ
3104 2098 3204 2168 μὲν
3235 2096 3402 2167 ῥηθὲν
3431 2099 3491 2150 οὐ
3526 2098 3752 2168 συνῆκεν,

527 2193 598 2247 tis
622 2190 806 2261 igitur,
841 2202 1015 2257 neque
1046 2187 1263 2241 domum
1293 2186 1492 2249 redire,
1516 2199 1693 2253 neque
1724 2185 1833 2240 illic
1863 2202 2103 2253 manere,

2206 2191 2377 2263 ὀργῆς
2415 2190 2461 2243 δ’
2487 2190 2563 2254 ὼς
2620 2187 2757 2260 εἶχε,
2821 2192 2917 2243 καὶ
2963 2189 3330 2261 ἀπετρέπετο.
3388 2188 3514 2252 Τοῖς
3558 2189 3611 2241 δὲ
3652 2190 3753 2243 οὐτε

524 2296 707 2349 opera:
740 2280 970 2349 pretium
996 2278 1305 2331 videbatur.
1332 2274 1461 2341 Quae
1494 2290 1617 2330 cum
1658 2273 2106 2332 Heracliensihus

2206 2284 2267 2336 τὸ
2298 2283 2601 2354 ἀναχωρεῖν
2624 2282 2828 2346 οἶκαδε,
2854 2281 2980 2336 οὔτε
3010 2283 3074 2336 τὸ
3126 2281 3466 2353 προσμένειν
3512 2281 3754 2347 λυσιτελὲς

523 2373 990 2436 renuntiarentur,
1036 2378 1147 2423 tmn
1198 2367 1414 2422 cmteris
1461 2382 1520 2422 se
1548 2367 1822 2433 muniunt,
1871 2378 1981 2423 tum
2011 2385 2105 2424 co-

2206 2375 2403 2428 ὲδόκει.
2461 2375 2645 2428 Ταῦτα
2704 2376 2761 2430 δὲ
2821 2374 3200 2446 Ἡρακλεῶται
3245 2373 3545 2443 πυθόμενοι
3602 2374 3667 2428 τά
3709 2392 3756 2428 τε

521 2464 643 2535 pias
680 2463 975 2517 auxiliares
1018 2460 1300 2529 adﬁgunt,
1351 2465 1405 2513 et
1439 2473 1534 2528 per
1573 2458 1780 2529 legatos
1815 2458 2104 2516 Mithrida-

2206 2464 2343 2521 ἀλλα
2402 2464 2879 2535 παρεσκευάζοντο
2952 2465 3047 2518 καὶ
3111 2463 3441 2534 συμμάχους
3494 2462 3752 2535 ἤθροιζον,

522 2564 657 2621 tem,
709 2553 867 2608 Ponti
922 2567 1127 2621 regem,
1160 2560 1214 2604 et
1262 2551 1593 2620 Byzantinos
1626 2558 1681 2604 et
1709 2549 2105 2608 Chalcedonios

2206 2557 2345 2627 πρός
2389 2573 2450 2609 τε
2494 2556 2833 2627 Μιθριδάτην
2877 2556 2967 2609 τὸν
3005 2555 3209 2609 Πόντου
3242 2553 3474 2624 βασιλέα
3523 2553 3752 2623 διαπρεσ-

521 2648 589 2701 de
616 2662 719 2715 cpe
748 2645 970 2700 ferenda
1041 2644 1354 2698 sollicitant.
1388 2645 1454 2696 At
1497 2642 1711 2697 exsules
1745 2644 1814 2698 ab
1847 2642 2105 2699 Heraclea

2207 2647 2493 2717 δευόμενοι
2534 2649 2630 2701 καὶ
2681 2648 2818 2719 πρὸς
2868 2647 3199 2712 Βυζαντίους
3228 2647 3330 2701 καὶ
3367 2644 3750 2716 Χαλκηδονίους.

525 2740 620 2809 qui
666 2747 1012 2807 supererant,
1053 2738 1126 2791 ila
1186 2736 1399 2791 tandem
1446 2735 1801 2790 conveniunt.
1847 2734 2104 2806 Nymphi-

2207 2740 2270 2792 Oi.
2308 2739 2364 2791 δὲ
2390 2738 2834 2810 περιλειπόμενοι
2861 2739 2971 2792 τῶν
3002 2738 3111 2792 ἀπὸ
3149 2737 3482 2809 Ἡρακλείας
3511 2737 3753 2805 φυγάδων,

519 2832 666 2898 dius,
710 2830 930 2900 quidam
969 2844 1035 2883 ex
1072 2843 1260 2882 eorum
1302 2840 1549 2893 numero,
1591 2825 1826 2880 reditum
1857 2828 1936 2881 eis
1975 2842 2104 2881 sua-

2204 2830 2506 2900 Νύμφιδος,
2536 2833 2627 2884 καὶ
2658 2830 2823 2884 αὐτοῦ
2854 2830 2974 2893 ἑνὸς
3006 2830 3351 2903 ὑπάρχοντος
3371 2829 3595 2893 τούτων,
3642 2826 3754 2881 κάο-

521 2922 656 2976 det:
690 2935 789 2975 nec
823 2919 1107 2975 difﬁcilem
1150 2919 1296 2972 hunc
1341 2932 1465 2972 esse
1497 2918 1859 2985 demonstrat,
1889 2919 1935 2973 si
1967 2918 2103 2975 nihil

2204 2923 2322 2976 οδον
2384 2923 2776 2994 βουλεύσαντος
2803 2924 3010 2989 αὐτοῖς,
3046 2924 3140 2976 καὶ
3176 2923 3375 2995 ῥᾳδίαν
3409 2916 3549 2974 εἶναι
3580 2920 3754 2988 ταύτην

519 3028 711 3068 eorum
745 3029 865 3081 qua:
897 3011 1133 3081 majores
1168 3011 1483 3066 amisissent
1523 3012 1748 3067 moleste
1790 3013 2104 3070 viderentur

2205 3014 2634 3079 ὲπιδεικνύντος,
2672 3015 2721 3066 εἰ
2756 3013 2921 3083 μηδὲν
2949 3031 3024 3067 ων
3047 3014 3091 3045 ⁸⁷
3138 3015 3187 3066 oi.
3239 3014 3501 3082 πρόγονοι
3550 3011 3754 3063 ἀπεστέ-

516 3110 577 3157 et
619 3100 924 3156 turbulente
973 3116 1281 3171 reposcere,
1316 3112 1371 3157 et
1410 3118 1573 3172 quam
1610 3105 1834 3159 minimo
1883 3109 2101 3178 negotio

2160 3156 2175 3178 ,
2210 3124 2372 3177 ρηντο
2422 3106 2579 3159 αὐτοὶ
2628 3108 2847 3174 φανεῖεν
2891 3104 3226 3174 διοχλούντες
3268 3102 3404 3174 [572
3429 3101 3522 3173 IL]
3580 3100 3752 3169 ἀναλή-

520 3194 813 3262 persuasit.
867 3193 1050 3259 Quare
1096 3210 1218 3249 cum
1265 3209 1331 3250 eo
1375 3211 1485 3265 quo
1529 3197 1883 3254 consuluerat
1940 3200 2101 3256 modo

2160 3156 2177 3219 :
2205 3156 2426 3269 ᾆέσθαι,
2459 3156 2653 3250 ἔπεισέ
2678 3214 2741 3249 τε
2774 3198 2872 3251 σὺν
2902 3156 3224 3268 τῷῆρᾴστῳζ
3271 3156 3371 3249 Ικαὶ
3410 3156 3522 3264 τῆς]
3556 3156 3752 3246 καθόδόν

520 3284 732 3341 felicem
766 3286 1038 3341 inveniret
1080 3302 1397 3342 successum
1447 3289 1677 3354 reditus,
1717 3301 1826 3345 tum
1867 3292 2099 3360 reducti,

2204 3291 2263 3344 ὃν
2296 3289 2585 3343 ἐϐούλευσε
2618 3290 2822 3363 τρόπον
2849 3288 3226 3359 γεγενημένης
3256 3290 3315 3341 οἵ
3340 3305 3399 3340 τε
3431 3286 3752 3356 καταχθέντες

520 3387 633 3432 tum
664 3392 785 3446 quae
830 3379 1037 3448 recepit
1078 3380 1201 3435 illos
1236 3382 1407 3450 patria
1460 3382 1510 3435 in
1547 3383 1821 3437 communi
1861 3392 1915 3438 et
1946 3400 2100 3454 aequa

2205 3382 2298 3435 καὶ
2330 3384 2362 3453 ἡ
2396 3380 2667 3452 δεξαμένη
2700 3380 2857 3444 πόλις
2888 3382 2947 3433 ὲν
2971 3381 3185 3450 ὁμοίαις
3215 3381 3436 3450 ἡδοναῖς
3470 3379 3560 3431 καὶ
3587 3378 3753 3446 εὐφρο-

517 3469 879 3524 versabantur
926 3469 1113 3525 laetitia
1146 3481 1199 3526 et
1228 3472 1536 3543 voluptate.
1568 3472 1701 3527 Nam
1734 3484 1787 3529 et
1818 3475 2101 3532 humanis-

2206 3473 2395 3536 σύναις
2442 3473 2858 3544 ἀνεστρέφοντο,
2916 3472 3257 3542 φιλοφρόνως
3287 3471 3400 3524 τῶν
3441 3472 3496 3523 ὲν
3526 3472 3589 3539 τῇ
3627 3468 3750 3519 πόλει

512 3562 657 3615 sime
703 3576 800 3632 eos
842 3562 990 3616 cives
1039 3562 1369 3627 tractabant,
1403 3574 1459 3618 et
1492 3566 1628 3620 nihil
1659 3567 1852 3621 horum
1878 3582 1997 3636 quae
2029 3569 2098 3623 ad

2204 3565 2425 3630 τούτους
2483 3564 2894 3635 δεξιωσαμένων
2949 3564 3041 3618 καὶ
3097 3563 3268 3635 μηδὲν
3312 3564 3423 3616 τῶν
3465 3564 3541 3625 είς
3578 3559 3750 3627 αὐτὰρ·

517 3653 848 3708 mediocrem
896 3653 1020 3709 vita:
1063 3658 1517 3711 sustentationem
1549 3660 1879 3725 conducunt,
1908 3662 2096 3716 deﬁeri

2205 3674 2361 3709 κειαν
2417 3657 2605 3718 αὐτοῖς
2658 3656 3057 3711 συντελούντων
3120 3655 3622 3726 παραλελοιπότων.
3663 3652 3751 3704 Καὶ

516 3745 889 3813 patiebantur.
932 3744 1046 3801 Hoc
1084 3747 1265 3815 itaque
1308 3749 1470 3802 modo
1500 3749 1552 3802 in
1581 3750 1866 3819 antiquum
1903 3751 2099 3807 nobili-

2204 3751 2254 3804 οί
2298 3750 2702 3821 Ἡρακλειῶται
2733 3749 2827 3802 τὸν
2863 3749 3155 3820 εἰρημένον
3196 3751 3401 3822 τρόπον
3429 3748 3523 3817 τῆς
3549 3744 3751 3803 παλαιᾶς

518 3834 647 3891 tatis
674 3844 731 3891 et
757 3835 1171 3905 gubernationis
1210 3836 1378 3891 decus
1408 3851 1527 3892 sese
1557 3838 1923 3894 vindicarunt.

1908 3879 1923 3893 .
2208 3842 2491 3911 εὐγενείας
2518 3858 2578 3894 τε
2599 3841 2695 3895 καὶ
2729 3841 3008 3904 πολιτείας
3038 3841 3500 3912 ἐπελαμϐάνοντο.

981 3967 1113 4025 CAP.
1142 3968 1283 4026 XIII.
1311 4000 1381 4010 —
1408 3972 1655 4055 Seleucus
1681 3975 1735 4028 in
1758 3976 2086 4045 expeditione
2112 3976 2453 4033 Macedonica
2484 3994 2516 4032 a
2554 3976 2692 4032 Ptol.
2720 3975 2962 4032 Cerauno
2989 3977 3312 4032 trucidatur.

588 4083 658 4138 At
708 4081 993 4148 Seleucus,
1032 4097 1287 4137 successu
1340 4093 1532 4140 contra
1570 4084 1959 4156 Lysimachum
1987 4088 2102 4143 ela-

2269 4090 2535 4153 Σέ).ευκος
2577 4088 2637 4141 δὲ
2688 4090 2804 4153 τοῖς
2853 4088 3311 4159 κατωρθωμένοις
3362 4087 3499 4139 κατά
3530 4086 3573 4117 ⁸⁸
3611 4087 3748 4138 Λυσι·

519 4186 626 4241 tus,
663 4175 953 4230 transitum
1006 4175 1060 4230 in
1114 4175 1487 4231 Macedoniam
1541 4180 1779 4235 instituit
1836 4180 2102 4253 (impulit

2201 4181 2376 4252 μάχου
2409 4180 2692 4252 ἐπαρθεὶς,
2720 4182 2801 4245 είς
2848 4178 2948 4250 τὴν
2979 4180 3322 4233 Μακεδονίαν
3351 4179 3631 4234 διαϐαίνειν
3657 4179 3746 4247 ὡρ-

517 4267 663 4322 enim
702 4281 857 4319 amor
914 4265 1126 4335 patriae,
1174 4281 1241 4320 ex
1306 4283 1412 4336 qua
1439 4269 1581 4337 [cum
1613 4268 1922 4326 Alexandro
1956 4272 2096 4327 mili-

2201 4291 2361 4344 μητο,
2415 4273 2580 4326 πόθον
2610 4273 2750 4343 έχων
2788 4272 2888 4342 τῆς
2930 4270 3209 4341 πατρίδος,
3254 4271 3315 4335 ἐξ
3369 4267 3435 4342 ἦς
3466 4272 3559 4323 σὺν
3598 4268 3750 4331 Ἀλεξ-

518 4369 687 4414 tatum
717 4358 889 4413 iverat
913 4357 957 4437 ),
998 4358 1180 4428 ibique
1214 4357 1478 4429 reliquum
1534 4363 1658 4416 vita:
1691 4372 1903 4432 tempus
1927 4364 2097 4418 conti.

2196 4364 2376 4436 άνδρῳ
2423 4364 2773 4436 ἐστράτευτο,
2822 4365 2986 4417 κάκεῖ
3044 4363 3139 4416 τοῦ
3195 4362 3313 4432 βίου
3360 4362 3422 4417 τὸ
3477 4361 3648 4414 λεῖπον
3679 4357 3745 4409 δι-

516 4465 642 4505 cere
689 4449 969 4504 destinans
1014 4449 1165 4520 (nam
1202 4449 1357 4504 senio
1390 4449 1672 4506 confectus
1707 4451 1869 4521 erat),
1908 4454 2094 4508 Asiam

2153 4504 2172 4527 ι
2199 4456 2398 4510 ανύσαι
2454 4456 2682 4527 γηραιὸς
2708 4456 2808 4527 ἤδη
2838 4454 2915 4509 ὢν
2963 4455 3368 4526 διανοούμενος,
3393 4454 3489 4525 τὴν
3510 4453 3563 4505 δὲ
3590 4448 3745 4503 Ἀσίαν

514 4542 712 4612 2261)
763 4539 874 4596 ﬁlio
921 4541 1195 4612 Antigono
1272 4540 1697 4597 commendavit.
1770 4542 2096 4601 Ptolemaeus

2152 4537 2172 4557 ’
2205 4550 2499 4621 Ἀντιγόνῳ
2523 4550 2569 4581 ⁸⁸
2601 4548 2947 4621 παραθέσθαι
2976 4548 3056 4619 τῷ
3104 4548 3276 4602 παιδί.
3338 4546 3651 4615 Πτολεμαῖος
3702 4537 3744 4589 δὲ

518 4644 696 4687 autem
751 4632 1054 4697 Ceraunus,
1104 4632 1412 4702 Lysimachi
1464 4649 1632 4705 regno
1681 4636 1782 4691 sub
1810 4637 2097 4692 arbitrium

2204 4643 2233 4694 ό
2255 4642 2557 4711 Κεραυνὸς,
2585 4640 2693 4694 τῶν
2712 4640 3032 4710 Λυσιμάχου
3056 4641 3395 4711 πραγμάτων
3414 4637 3517 4691 ὑπὸ
3534 4630 3743 4695 Σελεύκῳ

518 4724 731 4779 Seleuci
788 4728 1024 4791 redacto,
1078 4736 1134 4781 et
1172 4727 1287 4795 ipse
1324 4728 1425 4782 sub
1461 4743 1528 4783 eo
1576 4728 1835 4785 vivebat:
1870 4745 1971 4786 nec
2011 4740 2097 4785 ta-

2205 4733 2621 4802 γεγενημένων,
2658 4731 2754 4785 καὶ
2799 4731 2965 4795 αὐτὸς
3009 4733 3099 4783 ὐπ’
3132 4730 3292 4783 αὐτὸν
3336 4730 3522 4790 ἐτέλει,
3553 4727 3639 4792 οὐχ
3681 4720 3740 4781 ὡς

515 4830 661 4883 men,
721 4830 819 4871 ceu
871 4817 1071 4885 captivi
1110 4817 1253 4884 loco,
1299 4820 1611 4888 neglectim,
1666 4821 1764 4877 sed
1818 4830 1878 4877 ut
1949 4822 2094 4892 regia

2205 4823 2551 4895 αἰχμάλωτος
2583 4821 3000 4894 παρορώμενος,
3030 4821 3144 4876 ἀλλ’
3166 4819 3253 4875 οἷα
3274 4821 3338 4889 δὴ
3368 4821 3493 4882 παῖς
3512 4812 3739 4888 βασιλέως

514 4905 750 4973 soboles,
786 4906 840 4959 in
871 4906 1078 4962 honore
1106 4918 1163 4963 et
1192 4913 1541 4968 accuratione
1575 4912 1811 4978 habitus,
1848 4914 1958 4968 imo
1983 4930 2099 4968 ma-

2204 4920 2372 4988 τιμῆς
2408 4933 2469 4969 τε
2493 4915 2591 4970 καὶ
2619 4914 2878 4985 προνοίας
2912 4916 3258 4986 ἀξιούμενος,
3294 4914 3355 4967 οὐ
3386 4914 3481 4983 μὲν
3508 4905 3630 4963 ἀλλά
3663 4903 3738 4955 καί

513 4993 728 5064 gniﬁcis
776 4996 939 5050 etiam
974 4997 1259 5067 promissis
1285 5012 1515 5057 ornatus
1542 5018 1573 5056 a
1602 5002 1852 5068 Seleuco,
1893 5003 2011 5059 fore
2043 5016 2103 5058 ut

2206 5008 2535 5078 ὑποσχέσεσι
2608 5005 3100 5076 λαμπρυνάμενος,
3164 5006 3233 5069 ἃς
3298 5003 3446 5075 αὐτῷ
3514 4997 3736 5053 Σέλευκος

515 5084 768 5140 defuncto
811 5099 1035 5156 parente
1066 5088 1119 5142 in
1152 5101 1437 5158 paternum
1468 5091 1692 5163 IEgypli
1726 5109 1951 5164 regnum
2000 5095 2099 5150 de-

2204 5098 2548 5171 προύτεινεν,
2590 5099 2640 5150 εἰ
2671 5099 3047 5168 τελευτήσειεν
3092 5099 3120 5150 ὁ
3171 5098 3511 5168 γεινάμενος,
3568 5088 3657 5156 τὴν
3698 5082 3734 5113 ⁵⁰

513 5175 824 5232 duceretur.
890 5176 965 5232 Ita
1014 5194 1145 5235 sane
1201 5180 1503 5237 liberaliter
1553 5193 1609 5238 et
1655 5186 1953 5243 honoriﬁce
2007 5189 2097 5243 ille

2203 5194 2502 5262 Αἴγυπτον,
2540 5191 2808 5263 πατρῴαν
2836 5188 3005 5246 οὖσαν
3036 5191 3235 5262 ἀρχὴν,
3268 5186 3603 5257 καταγαγεῖν.
3632 5173 3733 5249 [717

513 5267 866 5323 tractabatur.
920 5271 991 5324 At
1033 5271 1308 5327 hominem
1355 5274 1661 5349 improbum
1718 5279 1859 5334 bene
1901 5283 2097 5338 merita

2204 5286 2300 5359 Β·]
2350 5286 2489 5339 Ἀλλ’
2519 5288 2548 5340 ὁ
2575 5286 2672 5357 μὲν
2694 5285 2951 5355 τοιαύτης
2981 5284 3308 5355 κηδεμονίας
3351 5282 3556 5353 ἠξίωτο,
3595 5267 3733 5359 κακὸν

514 5357 686 5413 nihilo
719 5362 1000 5417 meliorem
1036 5362 1234 5418 fecere.
1266 5364 1405 5418 Nam
1445 5367 1853 5424 benefactorem
1885 5372 2097 5429 insidiis

2204 5378 2263 5431 δὲ
2281 5357 2409 5448 ’ἀρα
2435 5378 2491 5431 αί
2519 5376 2831 5448 εὐεργεσίαι
2859 5377 3012 5430 οὐδὲν
3037 5376 3314 5430 ἐϐελτίουν
3341 5376 3408 5429 ⁸¹.
3450 5357 3730 5425 Ἐπιϐουλὴν

513 5464 831 5520 oppressum
860 5455 1117 5521 trucidat,
1152 5466 1206 5511 et
1235 5457 1360 5526 equi
1399 5474 1565 5516 cursu
1591 5461 1811 5530 adjutus
1849 5461 2098 5533 Lysima-

2208 5468 2316 5538 γάρ
2367 5470 2662 5540 συστήσας,
2688 5466 3017 5541 προσπεσὼν
3064 5468 3154 5520 τὸν
3205 5468 3493 5539 εὐεργέτην
3534 5449 3725 5520 ἀναιρεῖ,

1801 5575 2041 5630 VARl/E
2074 5576 2480 5633 LECTIONES.

588 5654 634 5686 “
663 5658 1016 5741 ἀνεκτότερον
1054 5678 1113 5723 ς.
1190 5661 1236 5695 ’⁸⁵
1287 5665 1566 5741 Ἡρακλῆς
1591 5683 1746 5741 corr.
1779 5668 1817 5721 A
1856 5686 1880 5741 ςΔ
1917 5669 2207 5741 Ἡρακλεῖς
2236 5688 2307 5741 ς.
2374 5669 2419 5701 ⁸⁵
2446 5667 2692 5741 κάρρων]
2740 5666 2861 5741 libri
2896 5666 3100 5741 7:195?"-
3136 5666 3395 5741 ,ἐτμηδέκ
3420 5662 3460 5715 Α

523 5722 749 5855 είκατὲ
772 5717 1196 5851 lllgodbgtaﬁuus
1236 5752 1247 5788 :
1286 5717 1423 5807 μετά
1449 5717 1563 5801 7."
1590 5717 2263 5812 uirgae/«(’1‘Miéiq?
2283 5717 2632 5799 'l‘almeriitrs.“
2651 5717 2695 5773 δέ
2882 5717 3100 5807 εἰξτῆν
3131 5717 3477 5795 Ηαξέεἱίθιὶυσ.
3531 5717 3722 5773 δ”έδείθ

582 5812 675 5850 ουν
782 5816 795 5851 :
860 5815 960 5853 πετ
995 5816 1117 5853 mw
1146 5818 1204 5855 ς.

582 5812 675 5850 ουν
704 5812 749 5855 Α
782 5816 795 5851 :
830 5812 1117 5853 επετει.ουν
1146 5818 1204 5865 ς.
