4032 6460
307 374 414 438 893

1416 373 1941 436 BIBLIOTHECA.
1979 399 2046 411 —
2078 375 2243 436 COD.
2275 375 2577 440 CCXXIV.

3469 380 3578 443 894

306 488 405 541 καὶ
437 486 607 540 ἵππου
636 486 833 551 ὲπιϐἀς
872 487 1008 557 πρὸς
1057 486 1406 558 Λυσιμαχίαν
1462 487 1689 556 φεύγειν
1742 490 1801 541 ὲν

2012 486 2170 540 :hiam
2216 484 2490 555 profugit:
2526 486 2618 539 ub.
2654 487 3038 558 unposito_sibi
3080 487 3411 553 diademate,
3448 506 3570 544 cum

299 579 543 648 διάδημα
571 579 929 651 περιθέμενος
953 580 1090 649 μετὰ
1113 579 1373 651 λαμπρᾶς
1396 579 1720 651 δορυφορίας
1746 597 1883 632 κατ-

1994 578 2284 633 satellitum
2316 594 2476 631 manu
2501 578 2905 646 speciosissima
2947 582 3013 634 ad
3047 581 3347 635 exercitum
3379 583 3572 636 tendit.

302 669 524 721 ἐϐαινεν
572 671 652 731 είς
713 669 777 721 τὸ
819 671 1168 739 στράτευμα,
1218 670 1524 739 δεχομένων
1569 670 1733 723 αὐτὸν
1778 669 1884 724 ὑπὸ

2012 670 2075 725 ζῦί
2116 668 2440 723 necessitate
2472 671 2739 739 compulsi
2795 686 2917 725 eum
2969 673 3259 742 recipiunt,
3288 682 3342 725 et
3396 688 3577 741 regem

299 761 403 827 τῆς
462 760 711 829 ἀνάγκης
753 763 851 814 καὶ
890 760 1116 832 βασιλέα
1156 762 1463 817 καλούντων
1517 763 1566 816 οἳ
1618 762 1883 833 πρότερον

2012 762 2254 826 salutant,
2301 762 2389 829 qui
2435 762 2596 829 paulo
2641 771 2766 815 ante
2817 763 3044 820 Seleuco
3091 766 3422 820 sacramenti
3453 765 3578 818 reli-

299 850 558 919 Σελεύκῳ
590 851 885 920 ὑπήκουον.

1997 856 2156 925 gione
2184 854 2392 908 astricti
2426 864 2607 908 erant.

461 969 593 1024 CAP.
637 967 777 1023 XIV.
815 999 885 1009 —
917 969 1164 1038 Antigoni
1208 969 1471 1034 expeditio
1518 967 1570 1021 in
1610 965 1938 1031 Ceraunum,
1974 963 2394 1019 Heracliensium
2425 964 2625 1019 auxilio
2652 967 2991 1019 instructum.
3024 966 3267 1036 Antigoni
3288 968 3438 1037 fuga.

389 1062 700 1129 Ἀντίγονος
732 1061 789 1113 δὲ
823 1062 852 1113 ὁ
879 1061 1194 1132 Δημητρίου
1233 1062 1303 1114 τὰ
1341 1060 1735 1131 συνενεχθέντα
1783 1076 1892 1129 μα⁴

2065 1057 2372 1126 Antigonus
2413 1067 2592 1111 autem
2653 1057 2909 1112 Demetrii
2962 1059 3125 1123 filius,
3157 1061 3260 1114 hoc
3295 1062 3579 1117 intellecto

303 1156 441 1220 θὼν,
479 1156 576 1207 ἐπὶ
612 1154 952 1207 Μακεδονίαν
994 1154 1290 1207 διαϐαίνειν
1312 1152 1588 1223 ἐπεχείρει
1623 1150 1774 1221 πεζῷ
1796 1151 1892 1203 καὶ

2012 1164 2149 1213 :asu,
2185 1148 2588 1217 expeditionem
2637 1150 2875 1221 suscepit
2902 1152 2953 1204 in
2990 1152 3383 1218 Macedoniam,
3411 1160 3577 1224 pede-
3614 1220 3617 1223 _

306 1244 469 1315 νηϊτῃ
500 1241 897 1312 στρατεύματι,
921 1240 1234 1311 προφθάσαι
1268 1239 1514 1293 σπεύδων
1554 1239 1646 1291 τὸν
1686 1238 1893 1291 Πτολε-

1998 1242 2204 1297 stribus
2261 1252 2315 1295 et
2358 1240 2591 1295 nauticis
2632 1242 2804 1310 capiis
2854 1243 3205 1299 Ptolemaeum
3268 1249 3583 1303 antevenire

319 1334 493 1403 μαῖον.
549 1329 611 1383 '0
645 1329 703 1382 δὲ
737 1331 1073 1398 Πτολεμαῖος
1095 1329 1195 1390 τὰς
1225 1327 1543 1397 Λυσιμάχου
1570 1327 1705 1397 νῆας
1751 1324 1891 1395 ἔχων

2012 1346 2318 1401 ηόρθιόηε.
2353 1332 2423 1385 At
2454 1329 2781 1386 Ptolemaeus
2848 1335 3131 1403 expeditas
3185 1337 3389 1391 habens
3421 1336 3581 1408 Lysi-

312 1424 533 1492 ἁπήντα
562 1420 658 1475 καὶ
690 1418 1206 1490 ἀντιπαρετάττετο.
1250 1414 1433 1472 1Ἦσαν
1487 1418 1533 1471 δ’
1580 1418 1639 1470 ἐν
1695 1417 1889 1480 αὐταῖς

2012 1421 2173 1475 nachi
2226 1435 2410 1487 naves,
2481 1420 2744 1475 instructa
2787 1424 2904 1478 acie
2957 1426 3236 1480 occurrit:
3270 1428 3412 1481 inter
3450 1444 3584 1497 quas

305 1510 468 1565 ἄλλαι
502 1526 560 1561 τε
594 1508 820 1580 καὶτῆς
863 1509 1188 1581 Ἡρακλείας
1241 1511 1297 1562 αἱ
1342 1509 1751 1580 μετάπεμπτοι,
1792 1508 1885 1575 ἐξ·

305 1604 468 1673 ἠρεις
501 1620 559 1655 τε
592 1602 687 1654 καὶ
713 1603 1005 1671 πεντήρεις
1032 1618 1094 1653 τε
1137 1600 1231 1654 καὶ
1259 1600 1551 1672 ἄφρακτοι,
1591 1599 1687 1653 καὶ
1724 1599 1889 1669 ὀκτή-

309 1713 417 1767 ρης
449 1695 548 1767 μία
576 1697 610 1765 ἡ
636 1694 990 1763 λεοντοφόρος
1006 1693 1338 1764 καλουμένη,
1366 1692 1631 1763 μεγέθους
1649 1692 1695 1723 ⁸¹
1725 1692 1888 1744 ἓνεκα

304 1791 409 1843 καὶ
447 1788 679 1851 κάλλους
701 1787 911 1858 ἥκουσα
937 1789 1016 1850 εἰς
1043 1786 1227 1856 θαῦμα
1250 1802 1263 1817 ·
1301 1787 1358 1839 έν
1381 1783 1556 1857 ταύτῃ
1576 1784 1684 1855 γάρ
1718 1790 1762 1855 ρ’
1790 1784 1891 1854 μὲν

1996 1526 2155 1572 erant
2186 1525 2298 1571 tum
2339 1516 2479 1583 alite,
2517 1526 2627 1570 tum
2658 1518 2723 1572 ab
2754 1518 3013 1573 Heraclea
3052 1523 3333 1575 accersitae
3357 1523 3585 1579 hexeres

2002 1618 2348 1679 etpenteres,
2379 1620 2431 1664 et
2466 1611 2662 1678 quibus
2696 1610 2987 1680 Aphractis
3017 1624 3101 1667 est
3124 1628 3317 1668 nomen
3355 1624 3447 1667 :et
3478 1631 3583 1667 una

1998 1701 2224 1767 oeteris,
2260 1700 2434 1756 leonis
2466 1700 2596 1755 ferre
2657 1702 2874 1756 nomine
2904 1703 3159 1773 insignis,
3196 1721 3317 1771 qua:
3373 1705 3583 1773 magni-

2002 1791 2190 1846 tudine
2235 1798 2289 1845 et
2329 1791 2595 1860 elegantia
2651 1791 2705 1845 in
2752 1792 3170 1847 admirationem
3223 1795 3497 1848 veniebat.
3524 1793 3582 1846 ln

301 1879 503 1949 ἄνδρες
544 1879 776 1931 ἕκαστον
826 1880 1036 1946 στοῖχον
1064 1876 1109 1908 ⁸³
1139 1876 1386 1947 ἡρεττον,
1420 1875 1495 1937 ὡς
1538 1882 1595 1927 ω’
1627 1876 1692 1927 ὲκ
1734 1874 1895 1927 θατέ-

2012 1896 2099 1935 iac
2119 1882 2264 1935 enim
2293 1881 2395 1936 100
2424 1882 2544 1948 viri,
2571 1896 2683 1937 sua:
2712 1883 2912 1951 quique
2947 1884 3207 1937 centuriae
3255 1884 3465 1948 ordine,
3504 1899 3588 1937 re.

306 1990 408 2045 ρου
446 1973 645 2043 μέρους
670 1969 945 2040 γενέσθαι,
972 1970 1031 2034 ἐξ
1065 1968 1345 2038 ἑκατέρων
1369 1968 1426 2021 δὲ
1454 1966 1659 2037 χιλίους
1696 1964 1789 2019 καὶ
1809 1969 1856 2036 χι
1875 1981 1889 1995 .

304 2065 360 2117 oi
405 2064 463 2118 δὲ
486 2063 593 2117 ἀπὸ
624 2062 734 2115 τῶν
781 2060 1267 2130 καταστρωμάτων
1319 2055 1689 2127 μαχησόμενοι
1731 2055 1891 2124 χίλιοι

303 2156 412 2210 καὶ
451 2160 495 2208 σ¹
522 2195 536 2220 ,
571 2155 666 2207 καὶ
706 2152 1037 2224 κυϐερνῆται
1079 2150 1144 2221 β’.
1178 2150 1288 2221 Τῆς
1312 2148 1406 2202 οὖν
1435 2146 1711 2218 συμϐολῆς
1746 2163 1895 2215 γενο-

312 2242 730 2313 μένης,κρατεῖ
763 2240 1101 2309 Πτολεμαῖος
1142 2238 1204 2292 τὸ
1248 2238 1505 2293 ναυτικὸν
1549 2236 1895 2307 τρεψάμενος

302 2334 411 2388 τοῦ
442 2333 777 2403 Ἀντιγόνου,
809 2334 1180 2405 ἀνδρειότερον
1203 2331 1313 2385 τῶν
1344 2330 1520 2385 ἄλλων
1546 2327 1895 2398 ἀγωνισαμέ-

307 2445 424 2485 νων
472 2429 519 2462 ⁸⁸
571 2428 629 2482 αϊ
672 2423 816 2499 ἦσαν
856 2428 916 2495 ἐξ
963 2423 1397 2497 Ἡρακλεώτιδος
1421 2440 1435 2453 ·
1470 2422 1652 2477 αὐτῶν
1681 2422 1741 2476 δὲ
1782 2421 1894 2475 τῶν

319 2522 774 2595 Ἠρακλεωτίδων
805 2521 866 2574 τὸ
915 2520 1194 2591 ἐξαίρετον
1234 2519 1430 2590 ἔφερεν
1464 2521 1498 2589 ἡ
1543 2517 1895 2588 λεοντοφόρος

307 2616 575 2685 ὀκτήρης.
617 2612 773 2668 Οὕτω
807 2611 995 2676 κακῶς
1039 2610 1347 2681 Ἀντίγονος
1374 2609 1451 2680 τῷ
1479 2608 1650 2680 στόλῳ
1680 2608 1895 2680 πράξας

309 2705 398 2768 είς
448 2704 548 2775 τὴν
606 2704 871 2757 Βοιωτίαν
918 2703 1258 2774 ἀνεχώρησε.
1313 2702 1648 2770 Πτολεμαῖος
1696 2700 1755 2753 δὲ
1802 2700 1897 2753 ἐπὶ

308 2797 657 2855 Μακεδονίαν
681 2797 855 2870 διέϐη,
883 2799 978 2851 καὶ
1005 2797 1238 2867 βεϐαίως
1267 2795 1393 2867 ἔσχε
1422 2794 1523 2867 τὴν
1554 2796 1752 2866 ἀρχήν.

2003 1987 2121 2025 mos
2140 1972 2428 2035 ducebant,
2458 1981 2517 2025 ut
2570 1988 2634 2027 ex
2690 1972 2859 2027 altera
2898 1982 3053 2043 parte
3086 1974 3211 2038 800,
3240 1991 3305 2029 ex
3359 1989 3588 2043 utraque

2002 2070 2182 2113 autem
2216 2058 2355 2113 1600
2390 2074 2613 2113 numero
2644 2069 2827 2115 essent
2860 2074 2875 2113 :
2908 2062 3001 2130 qui
3048 2076 3180 2116 vero
3222 2062 3288 2116 de
3316 2062 3452 2117 foris
3487 2079 3589 2131 pu-

2002 2160 2256 2219 gnarent,
2303 2150 2465 2204 1200.
2497 2151 2566 2205 Et
2595 2151 2699 2206 duo
2740 2152 2951 2206 inerant
2975 2154 3391 2222 gubernatores.
3429 2154 3592 2208 Post-

2003 2258 2167 2312 quam
2195 2244 2249 2297 in
2284 2245 2455 2299 aciem
2490 2245 2817 2299 descensum
2844 2246 3214 2315 est,superior
3250 2246 3432 2301 evadit
3461 2245 3588 2300 Pto-

2002 2335 2316 2400 lenmus,in
2343 2334 2528 2405 fugam
2565 2351 2721 2391 versa
2752 2336 3008 2406 Antigoni
3047 2337 3246 2391 classe.
3267 2330 3366 2392 Ubi
3391 2338 3591 2392 fortius

2000 2428 2217 2483 caeteris
2258 2438 2568 2498 pugnarunt
2605 2444 2776 2484 naves
2836 2443 2903 2482 ex
2961 2429 3359 2495 lleracleotide,
3394 2440 3449 2483 et
3477 2430 3597 2499 pal-

2004 2535 2146 2573 mam
2180 2519 2324 2574 inter
2359 2520 2457 2574 has
2490 2521 2614 2574 tulit
2648 2521 3249 2575 octoremisleonifera.
3288 2522 3586 2575 Sinistram

2004 2611 2189 2682 itaque
2218 2612 2486 2666 fortunam
2507 2612 2701 2668 classis
2728 2624 2985 2682 expertus
3001 2614 3329 2683 Antigonus,
3358 2616 3410 2669 in
3430 2614 3598 2670 Boeo-

2005 2705 2138 2759 tiam
2168 2720 2229 2760 se
2254 2707 2463 2775 recepit
2488 2725 2501 2760 :
2526 2717 2581 2761 et
2614 2705 2966 2772 Ptolemaeus,
2995 2708 3228 2762 transitu
3261 2708 3315 2762 in
3352 2707 3601 2764 Macedo-

2008 2797 2155 2851 niam
2191 2797 2357 2862 facto,
2385 2798 2499 2865 jam
2532 2798 2766 2853 firmiter
2799 2814 3024 2870 regnum
3072 2802 3313 2854 tenebat.

684 2913 814 2969 CAP.
844 2911 962 2966 XV.
987 2941 1054 2954 —-
1082 2912 1309 2966 Cerauni
1356 2912 1563 2983 ﬂagitia
1592 2922 1641 2967 et
1699 2911 1966 2971 interitus.
1988 2886 2241 2982 Antigoni
2273 2912 2331 2965 in
2364 2927 2521 2981 regno
2554 2910 2885 2965 Macedoniae
2914 2913 3198 2966 successio.

384 3006 597 3061 Αύτικα
620 3004 778 3075 γοῦν,
816 3006 915 3076 τὴν
940 3006 1148 3058 οἰκείαν
1178 3004 1379 3076 μᾶλλον
1405 3005 1682 3075 ὲκφαίνων
1719 3004 1900 3058 σκαιό-

312 3115 478 3170 τητα,
519 3098 806 3169 Ἀρσινόην
833 3097 954 3169 μὲν,
978 3095 1055 3160 ὡς
1107 3096 1339 3165 πάτριον
1378 3094 1536 3149 τοῦτο
1576 3096 1691 3156 τοῖς
1730 3094 1901 3162 Λίγυ-

313 3192 524 3255 πτίοις,
552 3191 652 3260 τὴν
697 3190 934 3260 ἀδελφὴν
985 3190 1174 3258 γαμεῖ,
1201 3189 1329 3252 τοὺς
1381 3188 1446 3241 ὲκ
1477 3186 1796 3258 Λυσιμάχου
1842 3185 1901 3239 δὲ
1926 3220 1971 3279 C

311 3285 519 3348 παῖδας
566 3284 704 3354 αὐτῇ
730 3283 1131 3352 γεγενημένους
1158 3283 1371 3352 ἀναιρεῖ
1395 3297 1410 3312 ·
1450 3280 1568 3351 μεθ’
1597 3279 1693 3344 οὓς
1713 3278 1899 3333 κάκεί-

309 3393 421 3447 νην
445 3376 543 3445 τῆς
585 3374 861 3446 βασιλείας
887 3373 1206 3445 ἐξεκήρυξε.
1244 3373 1354 3426 Καὶ
1381 3369 1553 3424 πολλὰ
1579 3371 1675 3424 καὶ
1705 3369 1900 3440 παρά-

313 3485 463 3539 νομα
497 3469 555 3520 ὲν
598 3468 719 3520 δυσὶ
792 3465 1237 3536 διαπραξάμενος
1276 3465 1323 3496 ⁵⁸
1376 3462 1545 3527 ἔτεσι,
1596 3458 1900 3515 Γαλατικοῦ

318 3562 454 3635 [375
498 3559 593 3632 Η.]
644 3561 845 3630 μέρους
893 3559 994 3629 τῆς
1042 3557 1301 3629 πατρίδος
1335 3556 1773 3626 μεταναστάντος
1813 3553 1904 3607 διὰ

318 3654 505 3725 λιμὸν,
531 3651 627 3705 καὶ
648 3651 994 3707 Μακεδονίαν
1031 3647 1452 3703 καταλαϐόντων
1472 3646 1569 3699 καὶ
1608 3647 1687 3708 είς
1719 3644 1903 3715 μάχην

317 3744 479 3816 αὐτῷ
508 3744 883 3814 συναψάντων,
914 3741 1082 3806 ἀξίως
1106 3740 1206 3808 τῆς
1228 3739 1507 3809 ὠμότητος
1535 3736 1903 3807 καταστρέφει

318 3837 418 3891 τὸν
472 3836 605 3907 βίον,
658 3834 1094 3905 διασπαραχθεὶς
1143 3833 1249 3885 ὑπὸ
1288 3830 1396 3884 τῶν
1442 3828 1737 3882 Γαλατῶν·
1793 3826 1904 3891 ζῶν

318 3931 437 4001 γάρ
471 3928 702 3999 ἐλήφθη,
735 3927 831 3981 τοῦ
857 3928 1173 3997 ἐλέφαντος,
1199 3927 1257 3979 ἐν
1280 3917 1326 3991 ᾧ
1357 3923 1571 3993 ὠχεῖτο,
1604 3919 1906 3991 τρωθέντος

320 4027 425 4079 καὶ
452 4023 852 4085 καταϐαλόντος
889 4021 1074 4074 αὐτόν.
1120 4016 1425 4082 Ἀντίγονος
1450 4015 1509 4069 δὲ
1538 4016 1566 4067 ὁ
1589 4009 1906 4083 Δημητρίου

319 4115 583 4186 ἡττηθεὶς
631 4116 678 4147 ⁵⁸
724 4113 802 4185 τῷ
842 4111 1104 4182 ναυτικῷ,
1155 4108 1495 4179 Πτολεμαίου
1551 4103 1905 4179 ἀνῃρημένου

318 4209 429 4280 τὴν
457 4208 786 4265 Μακεδόνων
818 4205 1086 4279 λαμϐάνει
1113 4205 1309 4275 ἀρχήν.

2084 3003 2282 3059 Statim
2313 3004 2497 3073 igitur,
2536 3014 2594 3058 ut
2659 3004 2981 3074 improbitas
3040 3004 3160 3074 ejus
3216 3018 3282 3061 eo
3337 3004 3511 3073 magis
3545 3005 3598 3058 in

2008 3094 2197 3152 oculos
2232 3097 2514 3151 hominum
2551 3097 2817 3163 incurrat,
2848 3097 3124 3151 Arsinoen
3153 3111 3423 3160 sororem,
3455 3097 3600 3165 quod

2009 3189 2247 3258 patrium
2284 3189 2387 3244 hoc
2421 3190 2493 3243 sit
2542 3187 2813 3259 [Egyptiis
2845 3189 3207 3258 praetendens,
3267 3188 3601 3242 matrimonii

2009 3282 2211 3339 ftedere
2240 3280 2341 3335 sibi
2394 3280 2667 3351 astringit,
2718 3289 2775 3335 et
2820 3289 2974 3335 natos
3023 3279 3075 3335 ei
3154 3294 3220 3334 ex
3276 3278 3604 3348 Lysimacho

2011 3374 2247 3430 trucidat
2280 3391 2294 3427 :
2326 3373 2457 3442 quin
2482 3388 2607 3427 mox
2635 3371 2800 3427 etiam
2834 3372 3031 3441 ipsam,
3061 3386 3165 3425 non
3207 3371 3346 3425 citra
3405 3380 3603 3426 contu-

2011 3466 2256 3530 meliam,
2316 3480 2485 3535 regno
2534 3464 2775 3534 expellit.
2823 3464 3069 3531 Cumque
3115 3462 3348 3532 plurima
3411 3473 3603 3517 contra

2021 3557 2181 3611 deum
2208 3554 2599 3623 hominumque
2640 3553 2950 3623 legesintra
2982 3553 3259 3607 biennium
3289 3560 3604 3621 perpetras-

2014 3660 2121 3716 set,
2175 3648 2377 3704 accidit
2435 3657 2495 3702 ut
2552 3662 2680 3718 pars
2734 3648 2981 3717 quaedam
3038 3645 3315 3700 Gallorum
3353 3643 3496 3697 fame
3537 3658 3602 3697 ex

2010 3742 2188 3812 patria
2246 3742 2484 3811 migrare
2553 3748 2766 3802 coacta,
2808 3737 3181 3793 Macedoniam
3237 3734 3605 3799 invaderet,a

2012 3833 2227 3901 quibus,
2283 3841 2539 3888 conserto
2574 3832 2791 3903 prtPlio.
2852 3845 2949 3885 rex
3008 3829 3163 3883 vivus
3203 3828 3443 3897 capitur,
3490 3825 3601 3879 ele-

2013 3926 2240 3995 phanto,
2273 3937 2380 3994 quo
2432 3923 2753 3986 vehebatur,
2812 3919 3058 3975 sauciato
3113 3932 3399 3984 excussus,
3450 3914 3609 3970 etab

2008 4014 2265 4069 hostibus
2315 4014 2641 4082 discerptus,
2672 4013 2891 4081 dignum
2918 4010 3362 4066 crudelitatesua
3403 4006 3608 4076 227a

2014 4108 2220 4162 exitum
2249 4106 2476 4161 invenit.
2514 4106 2821 4175 Antigonus
2848 4113 3029 4159 autem
3082 4101 3369 4165 Demetrii,
3389 4101 3479 4169 qui
3508 4114 3609 4167 pu-

2018 4214 2120 4268 gna
2147 4196 2312 4266 (quod
2362 4196 2567 4251 dictum
2599 4196 2703 4265 est)
2754 4195 2932 4249 navali
2964 4192 3485 4260 succubuerat,jam
3513 4192 3611 4244 ho-

2020 4299 2105 4347 ste
2123 4288 2359 4353 sublato,
2388 4286 2726 4342 Macedonia:
2749 4302 2975 4357 regnum
3003 4295 3253 4355 occupat.

711 4410 841 4465 CAP.
876 4406 1016 4462 XVI.
1049 4436 1118 4447 —
1159 4406 1430 4461 Patrocles
1466 4406 1717 4462 Antiochi
1767 4405 2051 4474 prwfertus
2096 4421 2128 4458 a
2206 4401 2450 4472 Bithynis
2511 4417 2633 4454 cum
2673 4399 2907 4454 exercitu
2958 4398 3183 4453 creditur

415 4503 474 4557 Ὅ
496 4501 551 4556 δὲ
583 4501 845 4556 Σελεύκου
888 4502 1161 4571 Ἀντίοχος
1194 4500 1408 4563 πολλοῖς
1436 4498 1717 4567 πολέμοις,
1742 4498 1791 4550 εί
1815 4497 1901 4549 καὶ

2084 4491 2388 4548 Antiochus
2428 4490 2670 4557 interim,
2710 4489 2923 4546 Seleuci
2978 4489 3152 4553 filius,
3188 4502 3311 4542 cum
3351 4488 3436 4541 vix
3486 4495 3614 4540 tan-

327 4596 488 4670 μιλις
514 4597 610 4650 καὶ
637 4596 759 4649 οὐδὲ
796 4597 1000 4659 πᾶσαν,
1031 4596 1183 4664 ὅμως
1223 4592 1650 4660 ἀνασωσάμενος
1684 4589 1785 4659 τὴν
1810 4607 1917 4642 πα-

2022 4588 2146 4641 dem
2177 4586 2364 4639 multis
2432 4583 2617 4647 bellis,
2674 4597 2775 4636 nec
2834 4581 3150 4634 universum
3192 4590 3375 4634 tamen
3440 4580 3615 4648 patris

319 4689 514 4762 τρῴαν
565 4688 760 4760 ἀρχὴν,
819 4689 1030 4758 πέμπει
1088 4686 1397 4755 στρατηγὸν
1446 4682 1767 4753 Πατροκλέα
1818 4682 1901 4734 oin

2023 4694 2249 4749 regnum
2285 4684 2683 4746 recuperasset,
2751 4673 3061 4743 expeditam
3120 4687 3341 4727 manum
3386 4672 3440 4726 in
3471 4672 3616 4727 ulte-

323 4781 775 4853 ὲκστρατεύματι
824 4781 905 4842 είς
949 4780 1048 4848 τὴν
1093 4779 1313 4831 ἐπιτάδε
1345 4778 1442 4831 τοῦ
1491 4776 1738 4846 Ταύρου·
1783 4779 1811 4830 ὁ
1857 4776 1901 4829 δὲ

2023 4772 2168 4826 riora
2203 4769 2367 4824 Tauri
2389 4769 2580 4830 mittit,
2605 4767 2858 4821 Patrocle
2881 4766 3039 4831 duce,
3070 4766 3163 4835 qui
3192 4765 3615 4835 Hermogenem,

338 4876 684 4947 Ἑρμογένην
706 4875 749 4907 ⁸⁷
780 4874 1182 4942 προσαιρεῖται,
1216 4873 1278 4924 τὸ
1315 4872 1471 4939 γένος
1513 4870 1825 4923 Ἀσπένδιον
1846 4870 1916 4935 ⁸⁸,

325 4968 395 5032 ὃς
445 4967 537 5025 έπί
590 4984 652 5021 τε
704 4966 889 5030 πόλεις
934 4964 1099 5025 ἄλλας
1150 4964 1245 5017 καὶ
1290 4964 1383 5016 ἐπὶ
1430 4962 1529 5031 τὴν
1585 4960 1919 5029 Ἡράκλειαν

208 5120 216 5126 _
327 5060 566 5129 ὥρμητο
592 5058 885 5113 εἰσϐαλεῖν.
917 5056 1040 5110 Τῶν
1068 5056 1126 5109 δὲ
1168 5053 1565 5125 Ἡρακλεωτῶν
1591 5053 1730 5123 πρὸς
1757 5050 1901 5105 αύτὸε

2022 5048 2278 5102 stituerat
2311 5060 2325 5099 :
2359 5060 2550 5099 verum
2593 5041 3027 5097 lleraclieusium
3062 5039 3333 5109 legatione
3368 5038 3617 5108 placatus

2019 4863 2358 4932 Aspendium
2402 4876 2627 4931 genere,
2658 4859 2897 4927 legatmn
2931 4858 3035 4912 sibi
3065 4859 3307 4927 adoptat.
3346 4856 3443 4911 Hic
3489 4872 3616 4911 eum

2034 4957 2171 5011 alias
2212 4954 2396 5019 urbes,
2430 4961 2544 5007 tum
2588 4950 2906 5007 Heracleam
2946 4963 3165 5019 quoque
3197 4949 3459 5003 infestare
3479 4962 3615 5001 con-

329 5149 840 5219 στρεσϐευσαμένων
866 5149 934 5210 ⁵⁹,
958 5147 1057 5216 τῆς
1087 5144 1271 5216 χώρας
1299 5144 1573 5214 ἀναχωρεῖ
1610 5142 1705 5195 καὶ
1738 5141 1901 5209 φιλία’

2022 5153 2053 5192 e
2072 5138 2267 5191 ﬁnibus
2289 5151 2478 5191 eorum
2495 5134 2731 5196 excedit,
2751 5144 2807 5187 et
2831 5147 3093 5202 percusso
3115 5130 3371 5185 amicitiae
3388 5129 3613 5193 taedere,

335 5243 672 5309 συντίθεται,
698 5241 791 5294 ἐπὶ
837 5239 936 5310 τὴν
970 5238 1222 5291 Βιθυνίαν
1264 5236 1354 5290 διὰ
1384 5236 1486 5305 τῆς
1517 5233 1758 5305 Φρυγίας
1791 5250 1926 5303 τρα-

2027 5245 2125 5301 per
2148 5229 2399 5299 Phrygize
2432 5243 2597 5297 agros
2626 5228 2679 5280 in
2715 5225 3032 5296 Bithyniam
3066 5238 3127 5278 se
3178 5222 3471 5279 convertit.
3508 5220 3617 5273 Ex-

336 5339 600 5409 πόμενος.
642 5333 1008 5405 Ἐνεδρευθεὶς
1031 5332 1087 5385 δὲ
1118 5332 1221 5384 ὑπὸ
1250 5330 1359 5382 τῶν
1386 5328 1629 5381 Βιθυνῶν
1658 5326 1901 5397 διεφθάρη

2028 5332 2217 5393 ceptus
2252 5336 2377 5376 vero
2408 5319 2764 5388 Bithynorum
2818 5318 3055 5381 insidiis,
3088 5330 3195 5369 una
3228 5312 3612 5368 cumexereitn

338 5405 602 5493 τιναύτὸς
638 5428 735 5481 καὶ
772 5430 807 5498 ἡ
854 5430 951 5480 συν
982 5425 1131 5496 αὐτῷ
1161 5423 1410 5494 στρατιά,
1445 5422 1639 5491 ἀνδρὸς
1680 5419 1821 5491 ἔργα
1864 5420 1901 5472 τὲ

2037 5415 2413 5472 internecione
2466 5413 2713 5477 caeditur,
2754 5428 2881 5467 cum
2936 5408 3144 5466 strenui
3194 5405 3296 5463 viri
3349 5405 3618 5469 facinora,

343 5522 471 5580 καθ’
506 5522 697 5579 ἑαυτὸν
723 5523 801 5585 εἰς
829 5520 1120 5590 πολεμίους
1143 5519 1186 5550 ⁶⁰
1212 5514 1640 5584 ἐπιδειξάμενος.

2039 5526 2137 5565 suo
2160 5510 2302 5571 loco,
2343 5508 2397 5562 in
2434 5506 2618 5561 hostes
2657 5507 2939 5561 edidisset.

1628 5630 1864 5685 VARIAS
1902 5624 2308 5683 LECTIONES.

422 5733 467 5764 "
505 5730 627 5784 καλ.
664 5732 696 5797 ἡ
728 5727 989 5797 μεγέθους
1018 5744 1076 5789 ς.
1153 5728 1195 5757 ⁵³
1228 5726 1456 5778 ἕκαστον
1490 5726 1699 5791 στοῖχον
1738 5722 2036 5777 l‘almerius
2057 5761 2071 5781 .
2120 5722 2325 5797 ἕκατον.
2352 5730 2561 5793 στοιχον
2660 5733 2670 5767 :
2723 5712 3104 5797 éZE‘Céi‘tOtXO‘I.
3130 5726 3191 5772 ς.
3268 5707 3314 5739 ⁵⁸
3346 5705 3621 5797 (ﬂammai.

355 5774 1132 5874 pgvoJEI'_A'if’e'éiikgaiio;
1171 5774 1354 5874 si“
1378 5774 1644 5874 ⁷ἡττηθείξ
1673 5774 1768 5874 .A‘:
1798 5791 2001 5862 ἡττήθη
2026 5774 2081 5858 ς’.
2122 5786 2395 5848 audentius
2432 5774 2714 5841 articulus.
2789 5785 2831 5815 “
2872 5774 3211 5852 Ἑρμογένης
3241 5796 3303 5845 ς.
3349 5774 3625 5850 ⁵⁸,Άσπέ-

353 5866 466 5928 διον
489 5866 569 5928 Α(
630 5872 676 5903 ⁵³
708 5868 1292 5941 διαπρεσϐευπαμενων
1320 5884 1378 5931 τ.
1461 5867 1504 5897 ’⁵ο
1558 5866 1823 5935 π’δλέμους
1846 5880 1903 5926 ς.
