4032 6484
507 5864 516 5895 ι

529 364 633 427 8θὲ-

1694 353 1962 420 PHOTII
1996 351 2507 418 PATRIARCH/E
2547 342 2660 415 Cp.

3690 353 3780 420 896

939 471 1069 528 Car.
1125 468 1290 527 XVII.
1337 502 1410 515 —
1439 469 1865 524 Heracliemium
1931 484 2051 522 cum
2113 464 2402 520 Nicomede
2450 465 2698 518 'socielas
2734 472 2783 517 et
2837 463 3043 516 urbium
3075 460 3426 528 recuperatio.

603 588 717 645 Ilac
733 590 799 645 de
830 602 1018 655 causa,
1046 587 1318 642 Antiocho
1352 587 1405 641 in
1434 585 1699 656 Bithynos
1726 584 2125 653 expeditionem

2302 578 2404 632 Διά
2446 580 2622 633 ταῦτα
2650 580 2713 649 δὴ
2749 576 3168 647 ἐπιστρατεύειν
3197 574 3507 644 ἐγνωκότος
3538 576 3784 651 Ἀντιόχου

533 683 875 742 instituente,
918 694 1011 734 rex
1041 679 1233 733 horum
1252 678 1574 734 Nicomedes
1600 692 1696 746 per
1724 676 1928 746 legatos
1944 676 2122 730 subsi-

534 775 682 828 dium
714 776 779 826 ab
812 772 1259 827 lleracliensibus
1299 772 1436 840 petit
1481 780 1539 825 et
1577 771 1861 841 impetrat:
1888 770 2118 838 gratiam

533 880 591 919 se
618 865 937 927 relaturum,
972 864 1062 917 ubi
1097 863 1151 918 in
1185 864 1347 918 simili
1391 863 1723 917 necessitate
1757 868 1973 931 tempus
2022 860 2121 914 ﬂa-

538 957 689 1024 gitet,
732 954 1029 1023 pollicitus.
1082 953 1194 1010 Ilac
1231 954 1523 1010 occasione
1543 953 1786 1017 Cierum,
1833 964 1889 1007 et
1938 950 2120 1020 Tium,

534 1056 589 1099 et
633 1045 916 1100 Thinidem
952 1056 1176 1111 terram,
1210 1047 1396 1100 multis
1425 1047 1681 1115 expensis
1720 1044 1785 1098 ad
1848 1058 1909 1099 se
1960 1043 2123 1098 redu-

534 1143 757 1191 xerunt.
798 1136 1074 1189 Amastrin
1120 1136 1331 1191 interea
1363 1139 1509 1206 (quae
1554 1145 1609 1190 et
1649 1135 1762 1204 ipsa
1822 1148 1945 1189 cum
2004 1133 2125 1189 aliis

537 1229 789 1297 adempta
824 1228 1024 1295 fuerat)
1063 1236 1176 1281 tam
1207 1228 1350 1282 bello
1392 1243 1553 1297 quam
1585 1230 1764 1297 pretio
1798 1241 2123 1297 recuperare

538 1322 663 1375 dum
694 1320 1040 1390 percupiunt,
1077 1334 1333 1376 successu
1358 1329 1548 1377 carent
1599 1320 1755 1375 l‘elice
1785 1337 1799 1379 :
1838 1328 2122 1389 pr0pterea

538 1413 683 1481 quod
723 1412 814 1483 qui
844 1412 990 1466 illam
1027 1413 1249 1468 tenebat
1308 1414 1602 1479 Eumenes,
1636 1412 1991 1479 Ariobazani,
2024 1412 2125 1466 Mi-

539 1504 795 1558 thridatis
823 1502 951 1567 lilio,
1002 1504 1171 1574 gratis
1229 1520 1348 1557 eam
1398 1504 1642 1569 tradere,
1674 1519 1837 1574 quam
1895 1504 2123 1575 pecunia

537 1596 837 1653 revendere
874 1597 1546 1663 lleracliensibusimallet,
1579 1599 1801 1653 vesania
1852 1597 1948 1653 ira:
1993 1599 2124 1655 sub-

538 1697 714 1741 ﬂClllS.

2226 673 2371 728 κατὰ
2394 671 2659 737 Βιθυνῶν,
2683 673 2713 725 ὁ
2736 670 2942 724 τούτων
2964 667 3220 739 βασιλεὺς
3242 666 3566 737 Νικομήδης
3586 669 3786 743 διαπρε-

2226 765 2482 819 σϐεύεται
2534 764 2673 837 πρὸς
2741 762 3072 832 Ἡράκλειαν
3124 759 3452 830 συμμαχίαν
3482 761 3664 827 αἰτῶν,
3706 767 3789 820 καὶ

2224 857 2485 929 τυγχάνει
2507 859 2605 928 τῆς
2630 858 2886 926 σπουδῆς,
2916 858 2975 911 ἐν
3000 854 3213 927 ὁμοίοις
3231 856 3456 925 καιροῖς
3479 855 3573 909 καὶ
3601 857 3788 925 χρείαις

2225 949 2325 1022 τὴν
2354 950 2590 1021 ἀμοιϐὴν
2624 948 3011 1019 ὑποσχόμενος.
3074 949 3164 1001 Ἐν
3194 947 3377 1017 τούτῳ
3403 946 3462 1000 δὲ
3502 946 3789 1017 Ἠρακλεῶ-

2225 1062 2316 1097 ται
2344 1045 2447 1114 τήν
2488 1061 2546 1097 τε
2584 1043 2784 1114 Κίερον
2812 1042 2908 1096 καὶ
2934 1041 3032 1111 τὴν
3059 1043 3184 1094 Τῖον
3219 1038 3574 1094 ἀνεσώσαντο
3598 1042 3685 1094 καὶ
3707 1044 3791 1111 τὴν

2224 1137 2423 1191 Θυνίδα
2458 1139 2584 1208 γῆν,
2630 1138 2760 1209 [7'20
2796 1135 2888 1207 IL]
2925 1136 3099 1189 πολλά
3143 1134 3253 1188 τῶν
3300 1132 3605 1204 χρημάτων
3644 1134 3792 1190 δαπα-

2226 1230 2512 1300 νήσαντες
2543 1229 2642 1301 τὴν
2671 1230 2729 1281 δέ
2759 1230 3067 1299 ’Ἄμαστριν
3099 1222 3201 1298 (ἦν
3233 1224 3349 1296 γὰρ
3383 1225 3482 1279 καὶ
3511 1225 3646 1295 αὐτὴ
3677 1228 3795 1296 μετὰ

2225 1322 2335 1375 τῶν
2380 1321 2558 1375 ἀλλων
2606 1321 2980 1393 ἀφῃρημένη)
3029 1321 3124 1374 καὶ¹
3170 1318 3401 1389 πολέμῳ
3434 1317 3531 1371 καὶ
3575 1320 3795 1389 χρήμασι

2232 1413 2594 1484 βουληθέντες
2618 1412 2758 1475 τέως
2788 1412 3078 1466 ἀναλαϐεῖν
3110 1411 3288 1481 αὐτὴν
3319 1411 3384 1464 οὑ
3424 1410 3794 1479 κατώρθωσαν,

2229 1506 2326 1559 τοῦ
2366 1507 2693 1576 κατέχοντος
2739 1507 2912 1577 αὐτὴν
2956 1506 3234 1575 Εὐμένους
3293 1504 3691 1576 Ἀριοϐαρζάνῃ
3733 1508 3797 1577 τῷ

2230 1598 2564 1666 Μιθριδάτου
2589 1599 2740 1651 παιδί¹
2762 1601 2968 1670 προῖκα
2994 1598 3196 1668 μᾶλλον
3220 1594 3570 1666 παραδοῦναι
3598 1597 3795 1667 ταύτην,

2230 1692 2264 1761 ἢ
2315 1692 2618 1763 παρέχουσι
2664 1693 2927 1762 χρήματα
2970 1693 3086 1755 τοῖς
3141 1688 3604 1761 Ἡρακλεώταις,
3636 1689 3717 1743 διὰ
3751 1692 3798 1744 τὸ

2227 1783 2330 1854 τῆς
2358 1784 2529 1855 ὀργῆς
2554 1784 2893 1855 ὑπαχθέντος
2917 1784 3227 1853 ἀλόγιστον.

1116 1889 1248 1945 CAP.
1291 1888 1480 1945 XVIII.
1507 1920 1578 1930 —
1618 1888 2046 1949 Heracliemium
2075 1911 2193 1948 cum
2216 1894 2416 1965 Zipceta
2448 1898 2661 1967 bellum,
2682 1898 2859 1954 clades
2888 1908 2936 1954 et
2965 1900 3207 1956 victoria.

599 2011 945 2082 Subjlempus
974 2011 1126 2075 illud,
1145 2011 1348 2067 bellum
1371 2010 1633 2067 adversus
1664 2010 1911 2082 Zipmten
1934 2012 2127 2085 Bithy-
2159 2023 2204 2078 Β

540 2121 694 2169 num,
717 2106 807 2173 qui
839 2104 1177 2175 Thyniacam
1209 2119 1331 2157 cum
1374 2104 1608 2171 imperio
1657 2103 1952 2159 Thraciam
1986 2105 2128 2160 obti-

542 2198 733 2260 nebat,
762 2195 1139 2251 Ileraclienses
1175 2197 1410 2265 excepit.
1467 2194 1585 2261 Quo
1642 2197 1695 2250 in
1756 2195 1898 2251 bello
1961 2194 2131 2251 Hera-

546 2291 845 2346 cleotarum
887 2289 1024 2344 bona
1044 2303 1192 2359 pars,
1224 2287 1443 2343 fortiter
1473 2288 1805 2355 dimicando,
1836 2303 1977 2343 caesa
2007 2288 2129 2344 fuit.

543 2383 613 2438 Et
646 2382 872 2437 victoria
906 2382 1124 2452 quidem
1157 2397 1367 2436 summa
1398 2381 1446 2435 vi
1502 2381 1707 2450 potitur
1742 2380 1977 2450 Ziptetes
1999 2398 2013 2437 :
2038 2383 2133 2439 sed

543 2477 635 2531 ubi
676 2476 949 2531 sociorum
1018 2475 1219 2530 auxilia
1274 2483 1711 2544 supervenerant
1774 2475 2131 2545 Heracleotis,

547 2570 671 2637 fuga
694 2570 841 2623 illam
861 2568 1208 2623 dehonestat.
1238 2568 1380 2639 Ergo
1411 2570 1499 2639 qui
1523 2571 1682 2624 modo
1710 2568 2133 2635 succubuerant,

546 2665 811 2717 cadavera
879 2678 1103 2718 suorum
1155 2672 1428 2727 asserunt,
1479 2672 1533 2716 et
1579 2670 1829 2716 cremant
1892 2675 2131 2716 secure:

544 2754 813 2809 etexinde
837 2756 937 2808 sub
971 2753 1261 2807 arbitrium
1290 2769 1447 2807 suum
1486 2753 1759 2822 redigunt,
1824 2751 1895 2808 de
1932 2752 2134 2822 quibus

545 2849 691 2904 bello
716 2848 1145 2917 disceptabatur,
1178 2855 1234 2900 et
1290 2860 1413 2899 ossa
1487 2845 1900 2900 interfectorum
1939 2845 1996 2899 in
2037 2860 2132 2898 ur-

546 2941 670 2995 bem
710 2940 901 3005 relata,
937 2939 1227 3009 magniﬁce
1281 2940 1334 2993 in
1370 2939 1631 3006 praeclare
1690 2939 2013 2994 meritorum
2067 2936 2137 2993 de

550 3034 727 3103 patria
765 3041 1118 3088 monumequ
1153 3031 1488 3086 conducunt.

2320 2015 2454 2069 Ὑπὸ
2479 2016 2537 2070 δὲ
2563 2017 2689 2080 τοὺς
2717 2018 2916 2082 αὐτοὺς
2940 2018 3166 2089 χρόνους
3189 2017 3480 2088 ἐκδέχεται
3503 2019 3629 2080 τοὺς
3657 2016 3797 2089 Ἦρα-

2236 2106 2479 2171 κλεώτας
2519 2110 2547 2160 6
2596 2109 2734 2177 πρὸς
2764 2110 3025 2179 Ζιποίτην
3058 2110 3150 2163 τὸν
3186 2108 3419 2163 Βιθυνὸν
3467 2107 3727 2179 πόλεμος,
3753 2110 3799 2173 ὃς

2234 2201 2337 2268 τῆς
2362 2199 2637 2270 Θυνιακῆς
2665 2200 2875 2271 ἐπῆρχε
2905 2201 3153 2272 Θρᾴκης.
3194 2201 3287 2254 Ἑν
3318 2194 3364 2269 ᾧ
3393 2199 3615 2271 πολέμῳ
3644 2200 3800 2255 πολλοὶ

2236 2291 2347 2343 τῶν
2384 2291 2781 2362 Ἡρακλεωτῶν
2804 2292 3073 2361 γενναίως
3098 2292 3495 2364 ἀνδρισάμενοι
3521 2294 3799 2364 κατεκόπη-

2242 2404 2360 2450 σαν,
2402 2387 2495 2439 καὶ
2523 2387 2649 2457 νικᾷ
2676 2386 2778 2457 μὲν
2818 2386 2961 2441 κατὰ
2987 2387 3031 2418 ⁶¹
3076 2387 3281 2457 κράτος
3303 2387 3333 2439 6
3366 2386 3658 2457 Ζιποίτης,
3688 2404 3801 2458 συμ-

2241 2482 2466 2552 μαχίδος
2491 2480 2549 2534 δὲ
2570 2481 2854 2552 δυνάμεως
2887 2484 2999 2545 τοῖς
3028 2480 3446 2552 Ἡρακλεώταις
3474 2479 3795 2551 ἐπελθούσης,

2237 2576 2382 2644 φυγῇ
2414 2572 2513 2645 τὴν
2544 2572 2701 2643 νίκην
2731 2574 3113 2643 καταισχύνει.
3158 2574 3223 2626 Oi
3257 2572 3320 2626 δὲ
3368 2572 3661 2643 ἡττημένοι
3695 2573 3799 2636 τοὺς

2237 2665 2540 2738 σφετέρους
2579 2666 2810 2739 νεκροὺς
2847 2666 3024 2731 ἀδεῶς
3052 2666 3427 2726 ἀναλαϐόντες
3458 2667 3554 2719 καὶ
3591 2666 3796 2719 καύσαν-

2236 2780 2350 2827 τες,
2375 2758 2497 2818 εῐτα
2520 2762 2615 2816 καλ⁵
2645 2763 2866 2817 πάντων
2892 2760 3077 2833 κύριοι
3104 2803 3119 2827 ,
3150 2761 3283 2832 περὶ
3319 2754 3398 2815 ὧν
3416 2755 3485 2832 ἦν
3518 2762 3547 2814 6
3571 2760 3793 2828 πόλεμος,

2241 2855 2632 2921 καταστάντες,
2663 2855 2758 2908 καὶ
2796 2853 2867 2907 τὰ
2896 2855 3031 2909 ὀστᾶ
3062 2852 3170 2908 τῶν
3216 2854 3587 2926 ἀνῃρημένων
3624 2853 3772 2907 ἀνακο

2245 2946 2505 3016 μίσαντες
2540 2947 2621 3009 είς
2646 2944 2748 3017 τὴν
2795 2944 2974 3011 πόλιν,
3019 2945 3304 3014 ἐπιφανῶς
3354 2946 3416 2998 ἐν
3456 2942 3537 3015 τῷ
3566 2942 3671 2998 τῶν
3699 2941 3797 3015 ἀρι-

2250 3037 2421 3092 στέων
2455 3037 2662 3109 ἔθαψαν
2687 3037 2959 3108 μνήματι.

1045 3149 1174 3202 CAP.
1218 3146 1704 3204 XIX—Antiochi
1724 3163 1847 3201 cum
1874 3146 2138 3218 Antigono
2160 3160 2209 3205 et
2239 3148 2527 3206 Nicomede
2557 3150 2746 3205 bellum
2767 3158 2818 3204 et
2854 3148 3077 3203 Heracl.
3111 3147 3341 3203 auxilia.

619 3266 775 3319 Circa
806 3264 923 3319 haec
962 3264 1395 3333 tempora,inter
1447 3263 1775 3318 Antiochum
1835 3262 2053 3319 Seleuci
2079 3274 2135 3320 et

532 3354 882 3425 Antigonum
937 3351 1442 3422 Deinetrii,ingens
1502 3362 1752 3407 movetur
1800 3353 2045 3409 bellum:
2080 3363 2137 3409 et

549 3448 678 3504 dum
720 3459 946 3513 magnos
983 3443 1245 3511 utrinque
1285 3453 1585 3513 apparatus
1615 3444 1826 3498 faciunt
1852 3444 1906 3499 in
1947 3444 2133 3514 copias

548 3539 835 3603 militares,
889 3545 1104 3605 tempus
1142 3538 1277 3590 satis
1320 3535 1539 3606 longum
1562 3540 1921 3592 consumitur.
1964 3537 2134 3593 Alteri

545 3629 873 3685 Nicomedes
904 3628 1101 3698 227i»
1135 3627 1405 3700 Bithynia:
1443 3644 1537 3683 rex
1595 3644 1817 3699 Operam
1856 3630 2134 3697 navabat;

554 3722 827 3777 Antiocho
890 3720 1200 3790 complures
1283 3721 1397 3777 alii.
1460 3720 1702 3776 Necdum
1793 3723 2135 3792 eruptionem

552 3816 762 3870 fecerat
807 3813 858 3866 in
917 3812 1251 3882 Antigonum
1289 3812 1615 3875 Antiochus,
1643 3828 1765 3867 cum
1808 3814 2005 3866 bellum
2038 3814 2137 3867 ad-

551 3922 744 3961 versus
770 3905 1117 3959 Nicomedem
1160 3904 1416 3959 instituit.
1455 3904 1552 3959 llic
1608 3906 1772 3975 igitur
1812 3904 2136 3960 Nicomedes

550 4009 605 4054 et
638 3999 853 4053 aliunde
879 3998 1078 4051 auxilia
1113 3997 1340 4063 colligit,
1374 4006 1429 4051 et
1456 3998 1522 4051 de
1553 3997 1677 4051 belli
1710 4000 1973 4053 societate
2026 3996 2139 4053 IIe-

555 4092 789 4145 racleam
848 4090 1034 4143 missis
1083 4090 1297 4157 legatis,
1325 4088 1392 4144 I5
1425 4090 1481 4144 in
1521 4089 1822 4145 subsidium
1882 4092 2135 4146 triremes

552 4181 771 4248 accipit,
832 4190 888 4233 et
943 4189 1052 4233 tum
1094 4179 1312 4233 demum
1389 4179 1622 4234 classem
1668 4195 1823 4233 suam
1874 4182 2136 4236 Antiochi

552 4275 718 4328 classi
756 4273 1000 4342 Opponit.
1054 4272 1179 4326 Etsi’
1203 4281 1389 4326 autem
1422 4274 1681 4327 adversas
1715 4272 2028 4342 aliquandiu
2064 4284 2137 4327 te-

554 4370 753 4423 nebant
777 4369 945 4432 acies,
983 4367 1158 4422 neutri
1195 4377 1377 4422 tamen
1400 4381 1594 4437 pugnae
1642 4368 1857 4422 initium
1899 4366 2132 4432 faciunt,

551 4459 647 4515 sed
679 4459 883 4528 absque
900 4456 1095 4513 elIectu
1129 4458 1353 4513 tandem
1395 4455 1753 4512 divelluntur.

2314 3265 2474 3320 Κατὰ
2515 3264 2574 3319 δέ
2616 3265 2745 3329 τοὺς
2784 3263 2986 3327 αὐτοὺς
3034 3262 3262 3334 χρόνους
3314 3261 3577 3332 Ἀντιόχῳ
3616 3258 3688 3331 τῷ
3723 3260 3795 3313 Σι-

2242 3359 2437 3414 λεύκου
2462 3359 2555 3413 καὶ
2593 3357 2886 3427 Ἀντιγόνῳ
2912 3355 2993 3427 τῷ
3028 3354 3380 3426 Δημητρίου,
3414 3352 3665 3424 μεγάλων
3691 3352 3796 3404 ἐκα-

2244 3448 2479 3519 τέρωθεν
2494 3446 2917 3518 στρατευμάτων
2933 3444 3587 3515 άντιπαραταττομένων,
3604 3442 3795 3496 κινεῖτα.

2242 3543 2273 3595 ὁ
2302 3541 2558 3612 πόλεμος,
2587 3542 2682 3595 καὶ
2709 3540 2905 3609 χρόνον
2938 3537 3134 3610 συχνὸν
3176 3536 3501 3607 κατέτριψε·
3540 3535 3795 3605 συνεμάχει

2244 3635 2301 3689 δὲ
2323 3635 2403 3705 τῷ
2435 3635 2533 3705 μὲν
2562 3636 2591 3688 6
2615 3634 2714 3705 τῆς
2750 3632 3005 3695 Βιθυνίας
3034 3630 3291 3702 βασιλεὺς
3317 3629 3629 3702 Νικομήδης
3648 3668 3663 3694 ,
3702 3629 3794 3680 ‘Av-

2243 3729 2408 3799 τιόχῳ
2432 3726 2490 3780 δέ
2508 3725 2693 3781 πολλοὶ
2716 3726 2915 3796 ἕτεροι.
2949 3723 3024 3778 Οὕ
3035 3743 3117 3779 πω
3135 3724 3195 3778 δὲ
3226 3725 3531 3796 συῤῥαγεὶς
3559 3720 3791 3790 Ἀντίοχος

2256 3819 2548 3890 Ἀντιγόνῳ
2578 3818 2670 3872 τδν
2693 3817 2832 3889 πρὸς
2849 3816 3169 3888 Νικομήδην
3195 3813 3500 3887 χειρίζεται
3521 3809 3793 3881 πόλεμοψὸ

2244 3914 2302 3968 δὲ
2329 3910 2650 3982 Νικομήδης
2692 3908 2990 3979 ἀλλαχόθεν
3019 3925 3082 3961 τε
3120 3907 3385 3977 δυνάμεις
3411 3903 3646 3977 ἀθροίζει
3666 3942 3680 3967 ,
3721 3898 3792 3953 καὶ

2243 4003 2558 4073 συμμαχεῖν
2628 4001 2766 4073 πρὸς
2814 3997 3203 4071 Ἡρακλεώτας
3266 3992 3792 4068 διαπρεσϐευσάμενος

2238 4095 2486 4166 τριήρεις
2516 4092 2587 4165 ιγ’
2617 4092 2747 4165 [5⁷4
2775 4089 2871 4164 Ηο]
2898 4091 3225 4162 συμμάχους
3257 4088 3552 4159 λαμϐάνει,
3596 4084 3684 4139 καὶ
3705 4082 3790 4133 λοι-

2240 4187 2342 4241 πὸν
2378 4186 2829 4241 ἀντικαθίσταται
2880 4184 2961 4254 τῷ
3007 4181 3104 4235 τοῦ
3143 4182 3424 4252 Ἀντιόχου
3481 4177 3660 4246 στόλῳ.
3700 4170 3792 4225 Ἐπὶ

2240 4280 2433 4351 χρόνον
2473 4279 2531 4332 δέ
2559 4295 2683 4331 τινα
2725 4273 3227 4335 ἁντικαταστάντες
3254 4272 3529 4341 ἀλλήλοις,
3562 4267 3790 4335 οὐδέτεροι

2244 4372 2427 4443 μάχης
2455 4367 2650 4444 ἦρξαν,
2679 4368 2795 4424 ἀλλ’
2826 4368 3104 4440 ἄπρακτοι
3131 4366 3177 4398 ⁸³
3209 4364 3554 4436 διελύθησαν.

1259 4574 1387 4630 CAP.
1420 4572 1541 4629 XX.
1563 4605 1635 4615 —
1660 4572 1936 4632 Gallorum
1961 4580 2017 4632 in
2040 4577 2225 4631 Asiam
2248 4572 2663 4644 transmigratio,
2694 4580 2742 4626 et
2769 4571 2915 4625 sedes
2947 4569 3219 4623 distincta.

624 4686 919 4755 Postquam
948 4701 1079 4741 vero
1108 4684 1246 4741 Galli
1272 4686 1339 4740 ad
1389 4685 1715 4758 Byzantium
1740 4687 1925 4753 delati,
1960 4688 2141 4743 maxi-
2172 4691 2218 4747 D

554 4798 699 4836 mani
730 4779 952 4834 ditionis
982 4789 1192 4849 partem
1248 4779 1739 4848 depopularentur,
1800 4780 1958 4835 fracti
2000 4781 2143 4837 bello

554 4871 865 4941 Byzantini,
910 4871 1211 4935 sociorum,
1246 4871 1354 4925 huc
1386 4870 1515 4925 illuc
1548 4872 1910 4936 missitantes,
1944 4874 2142 4927 auxilia

554 4964 879 5032 implorant,
901 4972 956 5018 et
984 4962 1218 5031 quisque
1238 4978 1335 5031 pro
1372 4964 1568 5017 virium
1603 4964 1767 5018 modo
1809 4965 2141 5034 suppeditat.

2329 4686 2483 4741 Ἐπεὶ
2510 4685 2567 4737 δέ
2596 4682 2834 4737 Γαλάται
2858 4682 2996 4754 πρὸς
3027 4683 3090 4735 τὸ
3112 4681 3411 4745 Βυζάντιον
3446 4673 3575 4747 ἧκον
3607 4670 3690 4725 καὶ
3713 4666 3788 4734 τὴν

2253 4780 2516 4850 πλείστην
2545 4778 2716 4847 αὐτῆς
2748 4776 3013 4849 ἐδῄωσαν,
3047 4774 3127 4845 τῷ
3159 4773 3386 4844 πολέμῳ
3409 4761 3786 4823 ταπεινωθέντες

2252 4874 2303 4928 οἱ
2363 4875 2422 4926 ἐν
2482 4870 2763 4940 Βυζαντίῳ
2814 4870 3095 4940 πέμπουσι
3147 4867 3282 4938 πρὸς
3338 4867 3464 4927 τοὺς
3517 4856 3787 4940 συμμάχους

2250 4966 2493 5036 δεόμενοι
2517 4937 2807 5033 ὠφελείας.
2840 4937 2950 5015 καὶ
2985 4937 3260 5032 παρέσχον
3291 4960 3389 5030 μὲν
3429 4957 3621 5014 πάντες
3644 4949 3706 5010 ὼς
3725 4937 3784 4996 εἷο

555 5057 936 5112 Ileraclienses
966 5058 1127 5111 etiam
1164 5070 1366 5111 aureos
1408 5056 1557 5111 mille
1584 5057 1819 5127 (tantum
1875 5059 2021 5112 enim
2069 5059 2160 5121 le-.

555 5151 667 5221 gati
696 5148 989 5220 petierant)
1017 5148 1456 5203 subministrant.
1507 5148 1619 5204 Nec
1641 5149 1858 5220 longum
1889 5150 1941 5203 in
1968 5150 2147 5204 medio

557 5245 815 5313 spatium,
866 5258 992 5299 cum
1030 5242 1357 5297 Nicomedes
1396 5239 1566 5296 Gallis
1625 5241 1721 5313 [aL
1787 5241 2017 5315 Calatis]
2057 5244 2146 5312 qui

557 5338 854 5394 iucursatis
892 5338 1071 5393 adhuc
1130 5335 1560 5407 Byzantinorum
1628 5336 1847 5401 ﬁnibus,
1924 5335 2145 5390 tametsi

566 5446 947 5501 saepenumero
977 5431 1034 5486 in
1084 5430 1273 5485 Asiam
1328 5428 1586 5496 trajicere
1616 5430 1821 5495 conati,
1872 5430 2032 5484 toties
2084 5428 2153 5482 ab

563 5525 781 5594 incepto
799 5525 1087 5590 desistere,
1120 5522 1543 5578 adversantibus
1606 5522 1944 5592 Byzantinis,
1975 5521 2149 5576 coacti

568 5624 771 5682 essent,
799 5616 967 5672 certis
994 5625 1177 5669 tamen
1231 5612 1644 5668 conditionibus
1681 5612 1975 5666 transitum
2027 5624 2148 5663 con-

2252 5075 2348 5130 χον
2382 5058 2564 5127 ἰσχύος
2589 5099 2604 5121 ,
2638 5056 2913 5127 παρέσχον
2940 5055 2996 5107 δὲ
3027 5054 3123 5108 καὶ
3144 5054 3195 5106 oi
3224 5055 3323 5123 τῆς
3358 5044 3659 5121 Ἡρακλείας
3687 5041 3782 5105 (το’

2255 5150 2448 5205 σοῦτον
2496 5148 2609 5220 γὰρ
2644 5150 2678 5215 ἠ
2726 5147 2996 5220 πρεσϐεία
3033 5144 3173 5217 ᾔτει)
3227 5143 3459 5216 χρυσοῦς
3488 5143 3779 5207 τετρακισχι’

2254 5243 2424 5305 λίους.
2464 5241 2597 5295 Μετ’
2644 5240 2704 5293 οὐ
2750 5240 2885 5292 πολὺ
2924 5238 2981 5292 δὲ
3029 5235 3349 5307 Νικομήδης
3382 5233 3504 5294 τοὺς
3542 5221 3777 5281 Γαλάταςν

2256 5328 2337 5396 οἷς
2359 5334 2394 5404 ἡ
2422 5330 2743 5401 καταδρομὴ
2766 5329 2874 5386 τῶν
2900 5328 3208 5394 Βυζαντίων
3233 5325 3534 5395 ἐγεγένητο,
3564 5309 3776 5369 πολλάκις

2262 5425 2364 5495 μὲν
2392 5425 2853 5496 ἐπιχειρήσαντας
2877 5423 2978 5493 τὴν
3019 5421 3207 5475 Ἀσίαν
3228 5415 3606 5492 περαιωθῆναι,
3632 5414 3777 5496 τοῠξιξιθ

2258 5518 2416 5581 τάκις
2448 5517 2505 5569 δὲ
2555 5515 2949 5586 ἀποτυχόντας,
2977 5515 3076 5568 οὐκ
3121 5514 3460 5586 ἀνεχομένων
3508 5503 3594 5574 τὴν
3620 5491 3772 5567 πρᾶξίν

2260 5608 2592 5674 Βυζαντίων,
2627 5608 2720 5662 ἐπὶ
2757 5608 3053 5679 συνθήκαις
3106 5607 3259 5677 ὅμως
3300 5592 3675 5674 παρασκευάζει
3698 5596 3771 5635 ’κί’

1856 5745 2093 5800 VARI/If.
2137 5743 2543 5803 LECTIONES.

646 5846 690 5879 "
723 5844 863 5902 κατά
895 5847 973 5910 A;
1006 5846 1109 5902 ἀνά
1133 5863 1192 5913 ς’.
1273 5844 1316 5879 ⁶²
1345 5842 1624 5914 ἄπρακτοι
1658 5842 1702 5896 Λ
1737 5861 1747 5895 ;
1788 5841 2150 5912 ἁπέρὰδεκτοι
2185 5858 2245 5905 ς.

2484 5926 2519 5945 κ
