4032 6464
263 406 367 472 891

1349 400 1883 464 BIBLIOTHECA.
1924 425 1994 436 -
2031 400 2198 461 COD.
2236 401 2542 466 CCXXIV.

3436 408 3547 471 898

258 519 581 592 ραιωθῆναι.
622 519 688 573 Δί
713 519 770 572 δὲ
814 518 1102 590 συνθῆκαι,
1134 516 1440 586 Νικομήδει
1473 514 1576 585 μὲν
1605 513 1702 568 καὶ
1728 514 1841 575 τοῖς

1959 511 2172 567 :iliavit.
2199 512 2591 568 Conditionum
2620 513 2856 569 formula
2882 514 2997 570 hate
3019 524 3175 570 erat:
3210 513 3281 570 Ut
3327 518 3545 574 barbari

253 611 503 680 ἐκγόνοις
549 611 638 664 ἀεὶ
667 610 797 679 φίλα
828 613 1047 680 φρονεῖν
1086 610 1212 671 τοὺς
1243 608 1556 680 βαρϐάρους
1578 647 1594 672 ,
1624 607 1720 659 καὶ
1745 604 1846 675 τῆς

252 703 482 773 γνώμης
526 701 624 755 τοῦ
673 701 1019 771 Νικομήδους
1074 700 1248 771 χωρὶς
1297 700 1487 770 μηδενὶ
1534 698 1847 767 συμμαχεῖν

249 797 355 850 τῶν
391 796 531 866 πρὸς
578 795 782 859 αὐτοὺς
815 795 1386 865 διαπρεσϐευομένων,
1420 791 1536 846 ἀλλ’
1569 788 1711 845 εἶναι
1755 788 1847 858 φί-

249 890 372 950 λους
416 888 517 958 μέν
545 891 657 951 τοῖς
700 888 900 957 φίλοις,
933 886 1235 957 πολεμίους
1263 886 1321 939 δὲ
1352 888 1466 949 τοῖς
1496 884 1558 937 ού
1607 882 1848 951 φιλοῦσι,

251 981 568 1049 συμμαχεῖν
610 978 668 1031 δὲ
715 980 810 1032 καὶ
845 979 1167 1043 Βυζαντίοις
1194 1019 1209 1043 ,
1259 976 1313 1031 εἴ
1349 995 1453 1030 που
1500 976 1720 1046 δεήσοι,
1754 974 1850 1028 καὶ

248 1074 467 1134 Τιανοῖς
495 1071 556 1124 δὲ
586 1073 682 1125 καὶ
723 1072 1139 1142 Ἡρακλεώταις
1169 1072 1264 1125 καὶ
1311 1070 1704 1140 Καλχηδονίοις
1754 1068 1850 1122 καὶ

249 1165 546 1233 Κιερανοίς
582 1164 677 1217 καί
716 1181 859 1216 τισιν
893 1165 1105 1235 ἑτέροις
1152 1164 1323 1218 ἐθνῶν
1368 1164 1654 1234 ἄρχουσιν.
1724 1160 1850 1213 Ἐπὶ

252 1256 476 1317 ταύταις
504 1256 607 1325 μὲν
626 1258 747 1319 ταῖς
772 1257 1075 1326 συνθήκαις
1104 1255 1427 1326 Νικομήδης
1455 1254 1516 1307 τὸ
1546 1252 1851 1306 Γαλατικδν

266 1347 459 1417 πλῆθος
488 1348 571 1408 είς
612 1346 800 1401 Ἀσίαν
822 1347 1150 1411 διαϐιϐάζει·
1174 1341 1249 1400 ὧν
1278 1347 1600 1418 περιφανεῖς
1627 1346 1726 1413 μὲν
1757 1343 1851 1396 ἐπὶ

265 1438 324 1489 τὸ
354 1438 397 1469 ⁸³
427 1437 620 1508 ἄρχειν
655 1437 721 1502 ιζ’
759 1440 851 1492 τὸν
884 1439 1118 1510 ἀριθμὸν
1169 1435 1335 1510 ἦσαν,
1373 1442 1422 1492 oi
1457 1438 1514 1491 δέ
1543 1438 1636 1490 καὶ
1668 1435 1850 1488 αὐτῶν

259 1529 465 1581 τούτων
520 1531 952 1601 προκεκριμένοι
1004 1531 1102 1584 καὶ
1156 1533 1445 1602 κορυφαῖοι
1501 1527 1851 1598 Λεωννώριος

254 1623 433 1692 ήστην
477 1624 573 1675 καὶ
606 1622 955 1695 Λουτούριος.

329 1780 473 1853 [721
530 1780 636 1855 R.]
700 1782 849 1863 Αὕτη
921 1784 1101 1838 τοίνυν
1165 1784 1276 1838 τῶν
1346 1786 1605 1841 Γαλατῶν
1660 1791 1693 1859 ἡ
1757 1790 1850 1843 ἐπὶ

1948 604 2233 661 Nicomedi
2278 604 2509 674 ejusque
2541 607 2780 673 posteris
2824 616 3093 676 perpetuo
3140 607 3396 662 amicitia:
3452 610 3549 664 las-

1948 699 2403 768 dereconjuncti
2448 711 2759 767 manerent,
2812 702 3019 770 absque
3051 700 3364 757 Nicomedis
3423 716 3546 757 sen-

1951 792 2120 848 tentia
2152 802 2207 849 et
2234 793 2513 847 voluntate
2548 792 2778 858 nemini,
2819 807 2849 846 a
2887 808 2996 863 quo
3022 808 3121 862 per
3154 792 3360 863 legatos
3392 793 3547 850 solli-

1950 885 2277 947 citarentur,
2314 885 2368 938 in
2389 886 2546 939 bellis
2567 899 2723 953 opem
2764 886 3008 939 ferrent:
3040 885 3134 939 sed
3166 885 3359 940 amicis
3387 885 3546 952 hujus

1950 979 2136 1045 amici,
2162 987 2214 1034 et
2235 979 2473 1033 inimicis
2502 979 2689 1033 hostes
2716 977 2915 1033 forent.
2939 978 2986 1031 Α
3031 977 3347 1049 Byzantiuis
3379 979 3546 1034 etiam

1952 1078 2189 1136 starent,
2248 1071 2295 1127 si
2351 1086 2457 1141 qua
2508 1070 2812 1125 necessitas
2867 1069 3152 1125 incideret.
3206 1069 3544 1125 Societatem

1951 1172 2220 1232 praeterea
2246 1162 2497 1218 colerent
2526 1160 2867 1218 eum‘Tianis
2888 1172 2945 1218 et
2988 1162 3457 1228 Heracliensibus,
3489 1175 3546 1217 et

1956 1254 2361 1318 Chalcedoniis,
2409 1264 2458 1309 et
2514 1254 2790 1318 Cieranis,
2842 1264 2900 1309 et
2952 1256 3230 1309 nonnullis
3260 1256 3353 1324 qui
3409 1255 3546 1309 alias

1952 1347 2052 1402 sub
2098 1347 2486 1417 jurisdietione
2531 1356 2719 1416 gentes
2774 1346 3057 1402 haberent.
3119 1346 3215 1401 llis
3263 1358 3545 1416 pactorum

1952 1436 2168 1507 legibus
2202 1435 2529 1491 Nicomedes
2567 1436 2846 1490 Gallorum
2905 1435 3007 1507 [αι.
3031 1435 3371 1509 Galatarum]
3407 1436 3548 1492 mul-

1956 1530 2240 1582 litudiuem
2282 1530 2333 1583 in
2369 1530 2554 1583 Asiam
2594 1529 2925 1583 transmisit.
2957 1527 3161 1583 Horum
3200 1531 3467 1598 principes
3490 1530 3547 1585 in

1952 1618 2180 1689 imperio
2215 1618 2455 1674 illustres
2487 1620 2553 1674 l7
2582 1618 2757 1684 fuere,
2806 1620 2952 1675 inter
3006 1635 3145 1689 quos
3190 1620 3447 1691 ρι’ωείρυί
3491 1628 3549 1675 et

1953 1710 2174 1774 summi,
2208 1708 2515 1764 Leonorius
2549 1719 2601 1764 et
2628 1709 2910 1764 Lutarius.

2027 1801 2155 1857 Haec
2200 1803 2367 1873 igitur
2423 1802 2703 1858 Gallorum
2754 1802 2807 1856 in
2868 1802 3055 1855 Asiam
3114 1799 3546 1870 transmigratio,

245 1876 350 1945 τὴν
420 1876 609 1930 Ἀσίαν
655 1876 910 1940 διάϐασις
967 1880 1089 1931 κατ’
1149 1879 1325 1950 ἀρχὰς
1379 1880 1480 1950 μὲν
1535 1880 1631 1933 ἐπὶ
1694 1882 1850 1953 κακῷ

1960 1895 2137 1964 primo
2175 1895 2421 1963 quidem,
2453 1895 2518 1948 ad
2556 1894 2860 1948 incolarum
2890 1893 3277 1946 detrimentum
3297 1905 3548 1961 progres-

246 1968 365 2019 τῶν
418 1970 719 2039 οἰκητόρων
778 1969 1063 2041 προελθεῖν
1115 1971 1415 2043 ἐνομίσθη,
1479 1973 1541 2026 τὸ
1594 1974 1650 2026 δέ
1699 1976 1853 2038 τέλος

253 2060 468 2125 ἔδειξεν
515 2061 812 2133 ἀποκριθὲν
843 2061 980 2133 πρὸς
1010 2064 1071 2117 τὸ
1110 2064 1423 2136 συμφέρονο
1475 2065 1588 2119 τῶν
1621 2066 1731 2139 γὰρ
1759 2068 1855 2138 βα-

250 2153 458 2207 σιλέων
492 2154 590 2225 τὴν
629 2154 741 2207 τῶν
768 2156 978 2209 πόλεων
1023 2156 1401 2228 δημοκρατίαν
1443 2159 1664 2229 ἀφελεῖν
1689 2178 1858 2213 σπου·-

247 2246 550 2313 δαζόντων,
592 2248 751 2301 αὐτοὶ
786 2248 989 2320 μᾶλλον
1023 2250 1229 2321 ταύτην
1259 2251 1305 2283 “¹⁵
1347 2250 1653 2317 ἐϐεϐαίουν,
1703 2254 1855 2307 ἀντι-

251 2338 653 2410 καθιστάμενοι
681 2342 793 2405 τοῖς
819 2341 1249 2412 ἐπιτιθεμένοις.
1283 2343 1605 2415 Νικομήδης
1628 2344 1685 2398 δέ
1712 2345 1854 2399 κατὰ

255 2427 506 2484 Βιθυνῶν
539 2432 776 2502 πρῶτον,
833 2432 1272 2504 συμμαχούντων
1315 2434 1466 2505 αὐτῷ
1502 2436 1595 2488 καὶ
1640 2436 1748 2488 τῶν
1794 2435 1857 2502 ἐξ

268 2520 603 2591 Ἡρακλείας
620 2563 635 2589 ,
670 2524 800 2588 τοὺς
832 2523 1143 2595 βαρϐάρους
1170 2524 1461 2590 ἐξοπλίσας
1483 2564 1499 2588 ,
1527 2528 1629 2595 τῆς
1654 2543 1712 2580 τε
1744 2526 1854 2597 χώ-

258 2633 368 2687 ρας
400 2616 670 2687 ἐκράτησε
712 2617 810 2670 καὶ
852 2618 981 2680 τοὺς
1031 2616 1380 2680 ἐνοικοῦντας
1412 2617 1685 2687 κατέκοψε
1707 2658 1722 2681 ,
1755 2618 1855 2690 τὴν

257 2710 436 2779 ἄλλην
476 2709 628 2763 λείαν
675 2709 785 2763 τῶν
826 2709 1087 2764 Γαλατῶν
1123 2710 1340 2773 ἑαυτοῖς
1388 2708 1852 2780 διανειμαμένων.

260 2794 435 2856 Οὗτοι
473 2801 528 2855 δὲ
560 2801 763 2870 πολλὴν
801 2801 1126 2863 ἐπελθόντες
1155 2798 1345 2871 χώραν
1378 2794 1539 2863 αὖθις
1569 2801 1856 2872 ἀνεχώρη-

263 2912 394 2959 σαν,
427 2895 521 2947 καὶ
552 2895 652 2965 τῆς
684 2894 1003 2965 αἰρεθείσης
1037 2894 1226 2956 αὐτοῖς
1260 2893 1605 2965 ἀπετέμοντο
1633 2894 1733 2966 τὴν
1761 2895 1857 2950 νῦν

263 2986 538 3040 Γαλατίαν
571 2984 937 3056 καλουμένην,
968 2987 1049 3049 είς
1089 2988 1238 3055 τρεῖς
1277 2986 1471 3056 μοίρας
1502 2985 1710 3052 ταύτην
1739 2987 1856 3040 δια-

269 3079 599 3148 νείμαντες,
650 3079 906 3141 καὶτοὺς
952 3078 1053 3150 μὲν
1101 3079 1407 3148 Τρωγμοῦς
1455 3077 1855 3148 ὀνομάσαντες,

266 3173 395 3233 τοὺς
424 3170 481 3222 δὲ
513 3169 994 3238 Τολοστοϐογίους,
1026 3169 1154 3233 τοὺς
1182 3169 1238 3222 δὲ
1270 3169 1645 3236 Τεκτοσάγας.
1687 3170 1857 3223 Ἐδεί-

267 3278 443 3331 μαντο
475 3261 532 3315 δὲ
567 3263 753 3326 πόλεις
784 3260 1048 3332 Τρωγμολ¹
1079 3262 1177 3332 μὲν
1198 3262 1509 3332 Ἀγκυραν,
1530 3260 1857 3315 Τολοστοϐὁ-

262 3372 382 3425 γιοι
410 3356 467 3409 δὲ
496 3355 726 3421 Ταϐίαν,
761 3355 1104 3424 Τεκτοσάγες
1131 3353 1188 3407 δὲ
1221 3353 1567 3408 Πισινοῦντα.

1954 2002 2082 2042 sura
2108 1987 2524 2043 existimabatur
2559 2007 2572 2041 :
2617 1989 2708 2039 sed
2739 1985 2935 2050 exitus,
2971 1984 3270 2038 commodis
3308 1984 3545 2051 ipsorum

1956 2081 2286 2136 destinatum
2311 2082 2416 2137 hoc
2432 2081 2695 2135 ostendit.
2722 2078 2853 2131 Dum
2880 2077 3023 2129 enim
3056 2091 3211 2146 rcges
3228 2076 3546 2143 popularem

1956 2170 2266 2225 civitatibus
2304 2178 2509 2227 statum
2572 2172 2838 2239 abrogare
2887 2178 3178 2231 satagunt,
3215 2167 3375 2229 Galli,
3434 2168 3551 2219 hazc

1957 2258 2319 2314 molientibus
2356 2259 2696 2321 obsistendo,
2748 2256 2923 2326 magis
2972 2255 3119 2309 illam
3171 2257 3548 2311 corroborant.

1957 2347 2286 2405 Nicomedes
2316 2351 2482 2421 igitur
2509 2360 2702 2404 contra
2742 2348 3010 2420 Bithynos
3034 2349 3296 2418 primum,
3332 2348 3551 2404 illorum

1957 2443 2160 2497 auxilio
2182 2453 2237 2498 et
2267 2458 2404 2512 quos
2433 2459 2500 2499 ex
2531 2443 2794 2499 Heraclea
2857 2452 3128 2496 armasset
3165 2442 3550 2507 barbarorum,

1958 2540 2012 2585 et
2046 2532 2385 2601 provinciam
2432 2534 2682 2603 subegit,
2726 2541 2782 2586 et
2829 2533 3069 2587 concidit
3118 2533 3367 2588 incolas:
3408 2534 3553 2601 quod

1959 2623 2201 2692 alioquin
2257 2636 2377 2679 erat
2407 2625 2625 2692 praedae,
2679 2624 2825 2678 inter
2868 2639 2927 2679 se
2967 2624 3240 2695 dispertiti
3275 2636 3401 2680 sunt
3434 2624 3552 2681 Ga-

1960 2714 2099 2769 latae.
2151 2714 2215 2769 Hi
2274 2718 2420 2770 enim
2477 2715 2635 2786 longe
2684 2715 2903 2784 lateque
2974 2726 3177 2771 terram
3241 2716 3554 2786 depopulati

1960 2817 2110 2860 retro
2144 2809 2359 2861 demum
2394 2819 2715 2863 cesserunt:
2752 2818 2809 2864 et
2840 2809 2906 2864 de
2936 2809 3169 2863 subacta
3201 2809 3254 2863 id
3291 2808 3396 2864 sibi
3436 2826 3556 2862 am-

1958 2905 2239 2965 putarunt,
2282 2898 2424 2967 quod
2456 2913 2601 2953 nunc
2641 2898 2868 2953 Galatiae
2899 2914 3097 2953 nomen
3133 2899 3317 2962 habet,
3341 2899 3557 2969 228a

1958 2988 2013 3041 in
2043 2999 2155 3043 tres
2184 2999 2371 3059 partes
2403 2990 2779 3045 distributum.
2802 2991 2954 3046 Alios
2980 2992 3127 3045 enim
3159 2990 3428 3061 Trogmos
3457 3007 3560 3045 no-

1960 3080 2217 3147 minant;
2272 3081 2452 3148 alios,
2504 3081 2939 3154 Tolistobogios;
2988 3084 3154 3150 alios,
3204 3083 3558 3152 Tectosages,
3606 3132 3609 3133 ν

1960 3173 2138 3229 Urbes
2164 3175 2326 3229 etiam
2350 3174 2713 3231 condiderunt
2745 3191 2762 3231 :
2796 3173 3015 3246 Trogmi
3054 3175 3349 3246 Ancyram,
3373 3172 3559 3231 Tolis-

1968 3267 2169 3339 tobogii
2210 3266 2460 3333 Tabiam,
2499 3265 2828 3339 Tectosages
2857 3268 3207 3323 Pesinuntem
3241 3264 3385 3338 (65).

703 3467 835 3520 CAP.
868 3463 1013 3519 XXI.
1053 3492 1127 3504 —-
1163 3462 1239 3517 De
1264 3464 1460 3517 Astaco
1501 3473 1548 3517 et
1580 3463 1895 3521 Nicomedia
1936 3467 2169 3523 urbibus.
2191 3468 2539 3541 Bithynorum
2571 3470 2867 3540 principum
2910 3470 3093 3524 series.

354 3587 418 3640 '0
445 3584 500 3637 δὲ
530 3583 853 3653 Νικομήδης
882 3583 962 3645 είς
990 3580 1254 3652 λαμπρὰν
1288 3579 1635 3648 εὐδαιμονίαν
1677 3579 1866 3650 ἀρθεὶς

272 3676 436 3729 πόλιν
467 3673 647 3743 ἐαυτῷ
672 3671 973 3741 ὁμώνυμον
1003 3670 1280 3740 ἀνεγείρει
1301 3669 1531 3739 ἀντικρὺ
1575 3668 1863 3723 Ἀστακοῦ.

272 3770 392 3837 Τὴν
459 3766 721 3819 Ἀστακὸν
781 3764 838 3816 δὲ
892 3761 1210 3832 ,Μεγαρέων
1244 3760 1496 3831 ιῷκισαν
1548 3760 1592 3793 ⁸⁸
1648 3760 1867 3814 ἄποικοι

288 3858 656 3929 ὐλυμπιάδος
690 3856 991 3925 ἱσταμένης
1024 3855 1110 3919 ιζ’,
1156 3852 1424 3906 ’Λστακδν
1453 3851 1688 3919 ἐπίκλην
1726 3852 1866 3905 κατὰ

274 3953 531 4025 χρησμὸν
562 3952 780 4020 θέμενοι
816 3948 925 4001 ἀπό
957 3965 1103 4009 τινος
1128 3946 1239 3999 τῶν
1264 3945 1575 4016 λεγομένων
1607 3942 1865 4016 σπαρτῶν

2044 3582 2368 3639 Nicomedes
2393 3592 2597 3651 autem,
2640 3583 2698 3648 in
2756 3583 3047 3652 conspicuo
3068 3581 3349 3639 felicitatis
3383 3587 3553 3657 gradu

1972 3676 2206 3745 positus,
2230 3676 2299 3731 de
2319 3676 2540 3731 nomine
2589 3690 2687 3731 suo
2711 3674 2982 3729 exstruxit
3028 3675 3217 3730 urbem
3261 3690 3292 3731 e
3333 3678 3560 3747 regione

1974 3767 2183 3821 Astaci.
2233 3766 2406 3833 Quam
2460 3765 2856 3835 Megarensium
2906 3764 3118 3821 colonia
3171 3768 3276 3822 sub
3340 3768 3557 3822 initium

1971 3858 2307 3928 Olympiadis
2377 3873 2489 3912 xvu
2561 3857 2960 3927 frequentarat,
3031 3857 3290 3910 Astacum
3347 3857 3559 3911 oraculi

1965 3947 2122 4016 jussu
2178 3947 2582 4002 denominatam
2609 3986 2624 4010 ,
2660 3946 2730 4000 ab
2770 3948 2971 3999 Astaco
3013 3945 3247 4015 quodam
3292 3959 3559 4012 generoso

274 4047 378 4101 καὶ
402 4043 652 4113 γηγενῶν
673 4042 781 4095 τῶν
797 4043 843 4072 ⁵⁸
866 4040 1152 4107 ἀπογόνων
1170 4037 1279 4090 τῶν
1300 4038 1359 4089 ὲν
1393 4036 1619 4107 Θήϐαις,
1666 4037 1854 4087 Ἀστα-

1973 4049 2027 4095 et
2059 4039 2291 4095 cordato
2341 4039 2486 4101 viro,
2518 4054 2585 4092 ex
2618 4053 2805 4092 eorum
2852 4037 3101 4107 prosapia
3142 4037 3235 4105 qui
3276 4036 3460 4107 Sparti
3501 4045 3559 4092 et

276 4136 382 4192 κοῦ
413 4136 510 4206 τὴν
542 4134 756 4202 κλῆσιν,
785 4131 979 4200 ἀνδρὸς
1008 4129 1262 4197 γενναίου
1306 4126 1401 4180 xui.
1441 4124 1854 4196 μεγαλόφρονος.

1977 4133 2265 4201 terrigenae
2295 4130 2423 4185 olim
2462 4129 2667 4185 Thebis
2696 4130 3053 4184 vocabantur.
3089 4126 3215 4182 Haec
3265 4127 3493 4181 multum
3524 4143 3558 4182 a

275 4227 435 4299 Αὕτη
485 4224 685 4287 πολλὰς
730 4222 1010 4284 ἐπιθέσεις
1054 4220 1208 4289 παρά
1256 4235 1315 4271 τε
1369 4218 1477 4272 τῶν
1525 4216 1854 4288 ὁμορούντωι

1983 4223 2228 4278 linitimis
2259 4222 2520 4294 appetita,
2541 4233 2597 4276 et
2618 4223 2830 4278 crebris
2849 4223 3031 4275 accisa
3064 4221 3240 4285 bellis,
3259 4221 3560 4275 Athenien-

278 4321 571 4376 ὑποστᾶσα
630 4318 726 4370 καὶ
783 4315 1045 4383 πολέμοις
1109 4312 1371 4373 πολλάκις
1424 4309 1837 4380 ἐκτρυχωθεῖσα

1977 4317 2116 4371 sium
2182 4316 2404 4371 colonis
2465 4315 2815 4385 postmodum
2879 4314 3135 4383 adjectis,
3207 4313 3560 4368 vexationum

294 4410 600 4482 Ἀθηναίων
628 4408 759 4479 [575
786 4405 880 4477 H.]
908 4405 1078 4475 αὐτὴν
1104 4403 1240 4474 μετὰ
1264 4403 1561 4473 Μεγαρέας
1589 4398 1854 4471 ἐπῳκηκόι

1978 4406 2167 4471 ﬁnem,
2202 4417 2259 4461 et
2292 4408 2629 4462 incrementa
2686 4406 2873 4477 gloria:
2905 4414 2959 4461 et
3008 4407 3262 4475 potentiae
3294 4421 3397 4459 non
3443 4419 3562 4457 me-

277 4524 399 4559 των
426 4503 580 4573 anas
606 4519 665 4554 τε
696 4500 806 4553 τῶν
838 4496 1139 4567 συμφορῶν
1172 4497 1266 4549 καὶ
1297 4496 1390 4547 ἐπὶ
1426 4494 1568 4564 μέγα
1593 4494 1755 4562 δόξης
1783 4510 1854 4547 κα

1978 4500 2183 4554 diocria
2235 4501 2427 4568 adepta
2483 4509 2587 4565 est,
2635 4498 2871 4569 Dydalso
2919 4508 3048 4552 tunc
3105 4498 3248 4551 inter
3297 4497 3563 4567 Bithynos

287 4597 479 4666 ἰσχύος
512 4595 765 4662 ἐγένετο,
819 4587 1092 4642 Δυδαλσοῦ
1138 4586 1443 4657 τηνικαῦτα
1493 4586 1595 4655 τὴν
1639 4583 1854 4638 Βιθυνῶι

1976 4606 2161 4645 rerum
2214 4592 2480 4659 potiente.
2538 4587 2660 4655 Quo
2718 4589 3003 4650 defuncto,
3062 4586 3276 4640 Botiras
3346 4597 3561 4657 regnat,

282 4691 467 4759 ἀρχὴν
500 4685 752 4755 ἔχοντοςο
798 4677 859 4735 οὗ
902 4680 1331 4749 τελευτήσαντος
1374 4678 1533 4747 ἄρχει
1582 4676 1844 4746 Βοτείρας

1981 4684 2047 4737 ad
2079 4683 2148 4736 76
2177 4697 2351 4736 annos
2380 4689 2541 4735 aetate
2578 4682 2860 4751 producta.
2896 4678 2957 4732 Ei
2984 4678 3127 4732 filius
3152 4676 3257 4731 Bas
3282 4679 3565 4733 succedit:

285 4780 466 4849 ζήσας
496 4784 549 4841 ς’
583 4778 679 4828 καὶ
706 4774 746 4826 o'
781 4773 900 4842 ἔτη.
932 4770 1135 4824 Τοῦτον
1173 4769 1479 4837 διαδέχεται
1509 4767 1618 4830 Βᾶς
1645 4768 1674 4819 ό
1721 4767 1837 4829 υἱὸς

1986 4772 2077 4842 qui
2094 4773 2260 4827 etiam
2284 4771 2596 4835 Galantum,
2617 4769 2905 4824 Alexandri
2927 4770 3203 4838 copiarum
3222 4768 3566 4838 praelectum,

284 4874 354 4934 ὃς
392 4872 488 4924 καὶ
520 4868 802 4922 Κάλαντον
827 4868 869 4897 ⁶⁷
936 4862 1292 4931 Ἀλεξάνδρου
1339 4860 1667 4931 στρατηγὸν,
1700 4860 1854 4914 καίτο

1987 4863 2114 4918 Licet
2162 4863 2367 4932 optime
2410 4863 2481 4916 ad
2547 4876 2781 4930 pugnam
2846 4862 3197 4922 instructum,
3262 4859 3570 4929 proﬂigavit

285 4979 360 5031 γε
387 4962 506 5014 λίαν
535 4956 1056 5031 παρεσκευασμένον
1090 4954 1226 5026 πρὸς
1254 4954 1355 5021 τὴν
1388 4952 1589 5023 μάχην,
1623 4964 1854 5020 κατηγο)

1989 4955 2125 5020 acie,
2156 4964 2209 5009 et
2239 4964 2296 5009 ut
2326 4954 2646 5009 Macedones
2665 4970 2693 5007 a
2717 4954 2968 5025 Bithynia
2998 4954 3333 5009 abstinerent
3362 4953 3564 5009 eﬂecit.

286 5056 515 5117 νίσατο,
562 5055 657 5105 καὶ
703 5052 801 5120 τῆς
835 5047 1086 5109 Βιθυνίας
1120 5045 1504 5116 παρεσκεύασε
1532 5046 1660 5107 τοὺς
1691 5045 1850 5097 Μακε

1990 5045 2142 5100 Vixit
2178 5049 2268 5102 hic
2324 5047 2387 5100 71
2438 5062 2631 5113 annos,
2664 5055 2719 5100 et
2768 5046 2834 5099 de
2876 5046 2943 5099 iis
2985 5044 3053 5098 50
3113 5059 3340 5115 regnum
3375 5044 3569 5107 tenuit,

287 5146 457 5208 δόνας
488 5143 848 5213 ἀποσχέσθαι.
903 5139 1108 5194 Τούτου
1163 5138 1276 5207 βίος
1326 5135 1425 5206 μὲν
1457 5136 1702 5203 ἐγεγόνει
1746 5132 1851 5187 ἐτῶ

1997 5137 2277 5207 liliumque
2311 5137 2501 5190 habuit
2522 5152 2899 5191 successorem
2925 5137 3195 5205 Zipmten,
3226 5137 3343 5205 qui,
3390 5138 3571 5190 clarus

291 5246 348 5293 α’
369 5240 464 5292 καὶ
493 5244 556 5303 o',
589 5230 665 5289 ὧν
700 5233 1021 5289 ἐϐασίλευσε
1052 5230 1118 5286 ν’.
1150 5229 1226 5283 0¹ύ
1254 5229 1386 5289 παῖς
1404 5269 1419 5292 ,
1445 5226 1543 5297 τῆς
1570 5226 1745 5297 ἀρχῆς
1772 5224 1854 5278 διά

1996 5229 2175 5296 bellis,
2208 5246 2239 5285 e
2268 5229 2572 5301 Lysimachi
2606 5230 2878 5299 prml‘ectis
2907 5229 3073 5284 alium
3126 5229 3357 5291 occidit,
3402 5228 3571 5281 alium

292 5334 478 5401 δοχος,
510 5330 802 5399 Ζιποίτηςῖ,
833 5325 1089 5396 λαμπρὸς
1118 5325 1177 5377 ὲν
1210 5320 1470 5389 πολέμοις
1494 5318 1769 5388 γεγονὼς,
1795 5334 1854 5369 xa

1996 5336 2159 5390 quam
2207 5321 2524 5387 longissime
2580 5336 2609 5373 a
2654 5319 2856 5376 ﬁnibus
2897 5318 3013 5374 suis
3051 5318 3277 5386 depulit.
3331 5316 3470 5382 Quin
3514 5324 3575 5371 et

296 5428 431 5488 τοὺς
470 5424 793 5494 Λυσιμάχου
825 5419 1166 5493 στρατηγοὺς
1200 5417 1290 5470 τὸν
1318 5415 1418 5487 μὲν
1449 5412 1677 5477 ἀνελὼν,
1706 5411 1798 5464 τὸν
1828 5411 1854 5463 δ

1993 5412 2173 5481 ipsum
2248 5410 2630 5482 Lysimachum
2672 5411 2947 5480 repressit.
3010 5408 3243 5465 Posthac
3299 5408 3571 5464 Antiocho

1586 5541 1824 5599 VARIIE
1866 5540 2268 5597 LECTIONES.

1516 5641 1562 5674 ⁸⁸
1587 5640 1709 5695 libri
1735 5636 1979 5709 ᾤκησαν.
2059 5638 2103 5670 ⁸⁸
2130 5639 2238 5694 τῶν
2260 5650 2383 5709 post
2404 5640 2653 5711 γηγενῶν
2682 5657 2791 5697 om.
2822 5641 2888 5695 A.
2964 5640 3006 5672 ⁸⁷
3028 5638 3212 5695 Κάλαν
3240 5639 3333 5693 τὸν
3365 5640 3476 5693 Ἀλ.
3514 5658 3576 5705 ς’.

1825 5750 2054 5809 NOTAE.

390 5866 506 5941 (65)
539 5864 659 5922 για.
684 5863 777 5921 lib.
807 5875 843 5917 ιι
871 5858 998 5916 Rer.
1032 5854 1181 5913 Boie.
1215 5850 1381 5909 Marci
1409 5845 1637 5912 Velscri,
1670 5859 1724 5915 p.
1756 5843 1844 5898 7|.

385 5658 432 5689 ⁸³
462 5655 553 5708 ἐπὶ
576 5651 662 5724 τό]
684 5653 791 5707 imo
812 5650 902 5704 ἐπὶ
928 5649 1028 5721 τῷ.
1104 5648 1150 5680 ⁸⁸
1181 5646 1352 5715 αὐτήν
1378 5660 1437 5707 ς.
