4032 6454
579 392 686 453 899
1762 386 2024 449 PHOTII
2074 385 2581 447 PATRIARCII/E
2607 385 2715 444 (ΣΡ.
3692 390 3778 456 sm

582 497 817 561 Seleuci,
853 495 943 566 qui
998 492 1183 549 Asiam
1237 501 1415 546 tamen
1464 502 1518 545 et
1571 490 1893 547 Macedones
1944 494 2172 563 imperio

2201 502 2243 556 Α
2276 494 2370 545 ἐπὶ
2399 495 2660 565 μήκιστον
2684 492 2783 560 τῆς
2809 492 3014 555 οἰκείας
3044 490 3319 555 ἀπελάσας
3347 493 3532 565 ἀρχῆς,
3556 498 3673 556 ἀλλὰ
3702 509 3779 562 καὶ

581 591 891 654 coercebat,
934 587 1184 659 superior
1212 585 1411 649 factus,
1451 583 1640 641 urbem
1675 586 1859 639 condit
1890 586 1957 639 ad
2000 586 2173 656 Lype-

2274 584 2441 639 αὑτοῦ
2472 586 2787 654 Λυσιμάχου
2812 584 2879 647 ³⁸,
2912 580 3028 637 εἷτα
3065 584 3161 637 καὶ
3206 584 3470 654 Ἀντιόχου
3510 589 3595 642 τοῦ
3624 598 3779 663 παιδὸς

582 698 708 737 rum
733 691 1000 745 montem,
1025 679 1262 732 nomine
1299 692 1401 730 suo
1422 676 1716 745 insignem.
1759 675 1859 730 llic
1883 676 1970 730 vbi
2002 678 2167 730 vitam

2272 677 2536 730 Σελεύκου
2567 676 3027 746 ἐπικρατέστερος
3050 674 3307 743 γεγονὼς,
3326 677 3418 729 τοῦ
3443 694 3500 731 τε
3519 681 3609 749 τῆς
3631 684 3783 753 Ἀσίας

582 776 637 829 in
665 774 753 840 76,
788 783 843 828 et
878 768 1415 827 administrationem
1444 766 1594 836 regni
1643 767 1695 820 in
1736 765 1805 820 48
1836 781 2009 821 annos
2072 780 2166 821 ex-

2271 769 2647 839 βασιλεύοντος
2680 768 2895 822 καὶτοῦ
2932 768 3280 831 Μακεδόνων,
3316 769 3486 832 κτίζει
3524 773 3663 828 πόλιν
3700 779 3784 835 ὑπὸ

582 868 855 931 tenderat,
888 864 923 918 4
955 863 1095 917 ﬁlios
1137 860 1378 931 reliquit.
1432 859 1685 926 Eumque
1727 857 1781 911 in
1811 872 1978 928 regno
2005 856 2166 912 Nico—

2267 860 2346 931 τῷ
2375 861 2610 933 Λυπερῷ
2630 862 2745 932 ὄρει
2769 901 2782 925 ,
2813 864 2877 931 τῇ
2911 858 3075 913 αὑτοῦ
3109 864 3296 933 κλήσει
3329 862 3619 933 ἐπώνυμον.
3647 863 3786 936 Οὗτος

580 957 767 1010 tnedes
797 964 926 1008 natu
952 954 1221 1008 maximus
1255 950 1492 1020 excepit,
1527 948 1793 1004 fratribus
1825 963 1929 1003 non
1971 948 2164 1015 frater,

2271 954 2420 1023 βιοὺς
2456 956 2554 1025 μὲν
2596 955 2691 1026 ἐτη
2719 962 2772 1019 ς’
2803 957 2897 1009 καὶ
2920 962 2983 1018 o',
3018 957 3302 1026 κρατήσας
3335 957 3393 1010 δὲ
3441 959 3532 1029 τῆς
3572 962 3723 1033 ἀρχῆς
3748 965 3785 1036 η’

580 1049 674 1102 sed
732 1048 894 1102 lictor
966 1048 1164 1101 factus.
1215 1043 1573 1098 Conﬁrmavit
1626 1051 1805 1095 tamen
1854 1040 2018 1095 etiam
2077 1041 2166 1098 hic

2268 1047 2364 1099 καὶ
2395 1053 2469 1116 μ’,
2501 1046 2823 1100 καταλείπει
2854 1048 3051 1110 παῖδας
3087 1048 3152 1101 δ’.
3188 1048 3386 1102 Τοῦτον
3411 1050 3453 1089 ⁸⁸
3481 1052 3510 1103 ό
3534 1054 3789 1122 πρεσϐύτε-

582 1140 849 1211 Bithyniae
877 1153 1128 1209 regnum,
1166 1136 1401 1191 maxime
1428 1149 1514 1197 eo,
1548 1135 1693 1203 quod
1733 1131 1957 1189 Galatas
2004 1136 2161 1191 sedes

2270 1152 2364 1206 ρος
2388 1138 2495 1189 τῶν
2524 1139 2733 1192 παίδων
2764 1139 3083 1209 Νικομήδης
3106 1138 3423 1210 διαδέχεται,
3452 1144 3558 1205 τοῖς
3581 1144 3790 1215 ἀδελφοῖς

577 1233 633 1286 in
675 1234 855 1287 Asiam
890 1229 1286 1285 transferentes
1335 1226 1563 1295 adjuvit,
1593 1228 1918 1298 urbemque,
1948 1236 2008 1281 ut
2044 1226 2158 1297 jam

2264 1229 2365 1281 οὐκ
2387 1228 2608 1297 ἀδελφὸς
2637 1231 2773 1283 ἀλλὰ
2800 1231 2991 1299 δήμιος
3014 1231 3277 1300 γεγονώς.
3318 1233 3662 1302 Ἐκρατύνατο
3686 1239 3790 1306 μέν-

464 1338 469 1345 τ
578 1321 874 1374 indicatum
908 1329 1016 1382 est,
1041 1318 1125 1373 sui
1160 1316 1399 1371 nominis
1435 1316 1641 1371 eduxit.

2260 1337 2344 1372 τοι
2378 1322 2471 1373 καὶ
2508 1316 2663 1386 οὗτος
2703 1322 2802 1393 τὴν
2839 1323 3082 1377 Βιθυνῶν
3122 1325 3317 1395 ἀρχὴν,
3351 1324 3574 1394 μάλιστά
3609 1344 3667 1394 γε
3692 1330 3792 1394 τοὺς

575 1412 821 1473 Γαλάτας
854 1411 947 1463 ἐπὶ
991 1410 1091 1479 τὴν
1129 1408 1316 1462 Ἀσίαν
1347 1407 1815 1479 διαπεραιωθῆναι
1848 1410 2241 1480 συναράμενοςο
2266 1416 2362 1463 καὶ
2398 1411 2571 1478 πόλιν,
2651 1414 2728 1477 ὡς
2760 1416 3103 1486 προείρηται,
3169 1416 3268 1486 τὴν
3336 1415 3498 1470 αὐτοῦ
3558 1434 3793 1491 προσηγο-

579 1506 701 1578 ρίαν
730 1505 998 1575 ἀνέστησε
1022 1502 1319 1574 φέρουσαν.

1057 1622 1192 1678 CAP.
1221 1619 1385 1677 XXII.
1419 1650 1490 1661 —-
1523 1619 1945 1691 Byzantinorum
1979 1621 2170 1674 bellum
2214 1639 2333 1675 cum
2369 1621 2665 1678 Calatianis
2706 1621 3131 1677 Heradiensium
3157 1621 3387 1676 colonia.

645 1740 944 1810 lnterlapso
976 1739 1105 1793 hinc
1139 1748 1385 1808 tempore
1418 1736 1623 1805 aliquo,
1666 1736 1983 1807 Byzantinis
2035 1734 2155 1790 bel-

2336 1739 2412 1791 Οὐ
2471 1737 2652 1810 πολλῷ
2677 1738 2733 1792 δὲ
2777 1738 3006 1811 ὕστερον
3051 1738 3229 1808 χρόνῳ
3278 1737 3512 1807 πόλεμος
3554 1739 3788 1815 ἀνερράγη

574 1834 684 1889 lum
734 1835 997 1888 adversus
1044 1831 1358 1887 Calatianos
1389 1829 1863 1901 (Heracleotarum
1934 1829 2153 1884 colonia

2262 1828 2579 1895 Βυζαντίοις
2649 1829 2787 1901 πρὸς
2841 1829 3221 1892 Καλατιανοὺς
3274 1830 3525 1900 (ἄποικοι
3580 1831 3634 1884 δὲ
3676 1830 3791 1888 οὗτοι

574 1929 688 1981 lucc
712 1926 815 1995 est)
851 1934 905 1979 et
939 1923 1202 1979 Istrianos
1258 1924 1461 1992 erupit,
1521 1930 1744 1991 propter
1777 1919 1999 1987 Tomin,
2038 1936 2157 1975 em-

2200 1908 2229 1964 Β
2274 1920 2669 1990 Ἡρακλεωτῶν
2698 1917 2864 1992 ἦσαν)
2909 1921 3005 1974 καὶ
3044 1921 3179 1991 πρὸς
3223 1921 3548 1990 Ἰστριανοὺς
3572 1924 3689 1995 περὶ
3714 1926 3792 1978 Τό-

571 2018 781 2088 porium
807 2016 1103 2071 Calatianis
1127 2015 1389 2079 vicinum,
1423 2013 1567 2085 quod
1608 2014 1976 2082 monopolium
2008 2028 2074 2067 ex
2093 2026 2159 2067 co

2267 2031 2414 2085 μεως
2439 2012 2531 2067 τοῦ
2574 2014 2841 2084 ἐμπορίου
2866 2051 2881 2076 ,
2912 2014 2941 2067 ὃ
2982 2016 3095 2077 τοῖς
3121 2013 3483 2076 Καλατιανοῖς
3520 2015 3703 2084 ὅμορον
3722 2012 3790 2087 ἦν,

572 2110 756 2164 facere
826 2108 1008 2162 animo
1062 2116 1437 2177 conceperant
1503 2105 1795 2161 Calatiani.
1858 2103 2156 2174 Propterea

2266 2106 2603 2179 μονοπώλιον
2649 2106 2809 2159 τοῦτο
2850 2106 3251 2176 διανοουμένων
3292 2110 3685 2161 κατασκευάσαι
3708 2108 3793 2161 τῶν

576 2204 835 2271 utrinque
870 2201 936 2255 ad
978 2199 1358 2255 Heraclienses
1389 2200 1456 2253 de
1479 2198 1605 2254 belli
1633 2198 1896 2253 societate
1922 2198 2158 2251 mittitur

2261 2197 2641 2255 Καλατιανῶν.
2672 2196 3135 2267 Διεπρεσὸεύοντο
3161 2192 3254 2250 οὖν
3283 2197 3424 2268 πρὸς
3460 2197 3794 2267 Ἡρακλεώτας

572 2294 788 2365 legatio.
815 2292 889 2345 At
921 2291 977 2345 hi
1016 2292 1195 2345 neutri
1258 2290 1457 2359 22817
1511 2289 1650 2358 parti
1701 2288 1947 2343 bellicam
1996 2303 2154 2357 opem

2264 2290 2358 2343 ἐπὶ
2386 2286 2703 2357 συμμαχίαν
2729 2287 2774 2319 ⁷ο
2798 2288 3073 2356 ἑκάτεροι.
3104 2289 3168 2341 Oi
3195 2286 3251 2341 δὲ
3284 2287 3583 2358 πολεμικὴν
3616 2289 3703 2358 μὲν
3728 2293 3794 2360 ῥο-

574 2388 841 2450 tribuunt,
874 2384 967 2439 sed
996 2383 1181 2454 legant
1210 2382 1276 2437 ad
1313 2394 1591 2450 utrosque,
1630 2382 1721 2451 qui
1771 2382 1994 2450 pacilice
2024 2396 2159 2435 con-.-

2264 2381 2373 2451 πὴν
2419 2380 2686 2450 οὐδετέρῳ
2715 2380 2909 2449 ἔνεμον
2957 2381 3135 2451 μέρει,
3171 2380 3618 2451 διαλλακτηρίους
3647 2382 3697 2434 δὲ
3725 2383 3796 2435 ἄν·

572 2478 891 2531 troversiam
917 2476 1226 2543 transigant
1260 2492 1275 2529 :
1329 2475 1545 2529 tametsi
1594 2474 1798 2543 absque
1828 2472 2022 2527 eII‘ectn
2053 2473 2157 2528 hoc

2262 2473 2394 2543 δρας
2440 2472 2721 2544 ἑκατέροις
2757 2472 3111 2536 ἀπέστελλον,
3145 2472 3247 2525 κᾶν
3283 2473 3565 2544 ἄπρακτος
3594 2474 3793 2545 αὐτῶνή

571 2568 705 2637 ipsis
753 2568 993 2622 studium
1040 2566 1230 2622 exivit.
1265 2565 1447 2621 Multis
1493 2566 1659 2635 igitur
1701 2566 2047 2621 detrimentis
2078 2565 2159 2621 af-

2266 2565 2471 2636 σπουδὴ
2500 2565 2621 2617 τότε
2643 2564 2855 2633 γέγονε.
2889 2564 3017 2636 [7‘24
3036 2563 3130 2637 8.]
3163 2565 3346 2617 Πολλά
3366 2566 3422 2618 δὲ
3451 2566 3497 2618 οί
3524 2565 3620 2635 τῆς
3646 2567 3797 2621 Καλα-

571 2659 696 2714 fecti
720 2658 982 2713 Calatidis
1016 2658 1227 2722 incolae,
1263 2658 1328 2711 ad
1363 2658 1516 2727 pacis
1544 2657 1762 2711 demum
1816 2657 2161 2711 conditiones

2261 2655 2406 2719 τίδος
2444 2656 2550 2710 ὑπὸ
2579 2657 2687 2710 τῶν
2720 2657 2999 2725 πολεμίων
3035 2658 3336 2721 παθόντες,
3376 2658 3597 2729 ὕστερον
3620 2659 3691 2723 είς
3711 2659 3798 2712 διαο

571 2749 985 2803 descenderunt.
1012 2747 1124 2802 Nec
1147 2747 1445 2818 quidquam
1473 2747 1588 2803 fere
1617 2746 1686 2802 ab
1717 2747 1823 2802 ista
1850 2746 2163 2802 calamitate

2264 2746 2448 2809 λύσεις
2479 2744 2666 2816 ἦλθον,
2693 2749 2804 2802 ἀπὸ
2827 2749 3030 2820 ταύτης
3051 2750 3153 2818 τῆς
3180 2750 3473 2821 συμφορᾶς
3501 2749 3673 2803 οὐκέτι
3700 2767 3797 2821 σχε-

571 2841 771 2894 virium
808 2848 1105 2909 potuerunt
1135 2841 1397 2909 recipere.

2260 2839 2349 2892 δὸν
2380 2824 2669 2893 ἀναλαϐεῖν
2695 2841 2893 2903 αὐτοὺς
2920 2840 3260 2912 δυνηθέντες.

698 2953 832 3007 CAP.
855 2950 1045 3006 XXIII.
1075 2982 1147 2992 —
1173 2950 1564 3006 Testamentum
1610 2951 1922 3007 Nicomedis
1946 2995 1961 3021 ,
2007 2962 2054 3007 et
2096 2951 2258 3007 Zeila:
2309 2954 2509 3007 exclusi
2540 2954 2732 3008 bellum
2770 2972 2888 3009 cum
2920 2954 3183 3025 Bithynis,
3220 2974 3317 3025 ope
3376 2956 3699 3013 Galatarum.

647 3076 755 3132 Nec
791 3076 1023 3131 multum
1062 3077 1322 3145 temporis
1362 3076 1595 3141 emuxit,
1640 3091 1769 3131 cum
1809 3091 1908 3131 rex
1968 3075 2157 3147 Bithy-

2337 3079 2411 3131 Οὐ
2442 3076 2722 3141 πολλοῦδὲ
2760 3078 2902 3133 πάνυ
2928 3083 2939 3147 _'
2948 3079 3169 3151 ῥυέντος
3195 3079 3391 3149 χρόνου
3421 3082 3448 3132 ὀ
3472 3078 3579 3132 τῶν
3606 3078 3801 3133 Βιθυνῶν

574 3185 773 3225 norum
822 3168 1145 3224 Nicomedes
1198 3170 1511 3239 (postquam
1567 3184 1597 3223 e
1652 3170 1835 3237 priore
1889 3168 1938 3222 ei
1994 3178 2158 3222 natus

2267 3170 2523 3239 βασιλεὺς
2552 3172 2873 3243 Νικομήδης
2896 3214 2910 3237 ,
2940 3174 3065 3226 ἐπεὶ
3098 3176 3124 3225 ό
3154 3174 3252 3242 μὲν
3284 3175 3352 3225 ἐκ
3387 3173 3659 3244 προτέρων
3684 3173 3802 3243 αὐτῷ

571 3260 828 3331 coniugio
880 3259 1063 3314 Zeilas
1088 3261 1152 3313 ad
1186 3261 1567 3314 Armeniorum
1608 3274 1785 3329 regem
1808 3258 2159 3327 profugisset,

2265 3262 2459 3332 γάμων
2489 3263 2726 3331 γεγονὼς
2751 3268 2883 3327 παῖς
2914 3264 3114 3335 Ζηῖλας
3141 3265 3319 3335 φυγὰς
3360 3262 3429 3337 ἦν
3463 3266 3594 3336 πρὸς
3617 3265 3698 3318 τὸν
3720 3266 3801 3318 τῶν

572 3355 831 3423 expulsus
885 3368 1142 3407 novercae
1192 3352 1430 3406 Etazeta:
1479 3351 1770 3416 machinis,
1818 3350 1973 3419 cujus
2001 3349 2158 3403 liberi

2209 3395 2227 3417 ς
2280 3353 2583 3423 Ἀρμενίων
2630 3354 2877 3423 βασιλέα,
2905 3359 3024 3420 ταῖς
3071 3357 3173 3427 τῆς
3218 3361 3495 3430 μητρυιᾶς
3557 3358 3801 3423 Ἐταζέτας

572 3449 749 3501 adhuc
782 3446 835 3499 in
871 3455 1053 3499 tenera
1077 3453 1239 3499 aetate
1262 3442 1461 3514 erant),
1480 3452 1653 3496 morte
1674 3443 1785 3510 jam
1814 3440 2153 3505 imminente,

2210 3440 2229 3457 ⁴
2265 3448 2539 3514 μηχαναῖς
2567 3446 2818 3511 ἐλαθεὶς,
2864 3450 2913 3500 οἱ
2941 3449 3000 3502 δὲ
3032 3450 3097 3502 ὲκ
3130 3451 3342 3521 ταύτης
3370 3452 3520 3522 αὐτῷ
3558 3451 3802 3519 γεγονότες

569 3553 638 3593 ex
696 3538 865 3591 altera
900 3546 1057 3591 natos
1090 3551 1258 3591 uxore
1308 3534 1551 3589 baeredes
1596 3533 1747 3603 regni
1797 3532 2017 3601 scripsit
2052 3550 2067 3587 :
2102 3539 2157 3585 et

2260 3534 2577 3603 ὲνηπίαζον,
2611 3537 2748 3606 πρὸς
2768 3538 2847 3609 τῷ
2861 3540 2906 3570 ⁷¹
2932 3539 3191 3611 τελευτᾷν
3213 3542 3457 3609 γεγονὼς
3479 3545 3801 3614 κληρονόμους

569 3640 885 3692 curatores,
942 3627 1295 3683 Ptolemaeum
1368 3640 1492 3680 cum
1538 3624 1814 3694 Antigono
1860 3632 1914 3678 et
1961 3624 2157 3694 populo

2261 3627 2360 3695 μὲν
2389 3628 2517 3692 τοὺς
2564 3629 2630 3682 ὲκ
2662 3631 2762 3699 τῆς
2794 3631 3052 3703 δευτέρας
3081 3635 3341 3701 γυναικὸς
3369 3636 3567 3705 γράφει
3609 3638 3799 3698 παῖδας,

570 3722 1147 3793 Byzantinorum,ncc
1190 3735 1297 3774 non
1349 3718 1779 3773 Ileracliensinm
1833 3716 2158 3771 Cianorum-

2258 3717 2589 3788 ἐπιτρόπους
2636 3720 2693 3773 δὲ
2740 3722 3078 3793 Πτολεμαῖον
3129 3728 3225 3778 καὶ
3271 3727 3581 3797 Ἀντίγονον
3625 3729 3800 3782 καὶτὸν

570 3830 697 3884 que,
729 3815 1049 3883 designavit.
1083 3812 1259 3865 Zeilas
1284 3821 1463 3864 autem
1502 3825 1624 3863 cum
1658 3812 1935 3865 instructa
1966 3824 2152 3873 manu,

2258 3808 2431 3880 δῆμον
2461 3812 2570 3863 τῶν
2600 3812 2912 3878 Βυζαντίων
2938 3818 3031 3868 καὶ
3069 3817 3132 3888 δὴ
3165 3818 3263 3872 καὶ
3291 3818 3406 3875 τῶν
3448 3822 3799 3893 ’Ἡρακλεωτῶν

570 3906 657 3957 cui
689 3918 720 3957 e
745 3902 952 3957 Galatis
986 3901 1342 3971 Tolistohogii
1375 3900 1586 3955 animos
1620 3903 1933 3970 augebant,
1975 3903 2029 3955 in
2063 3913 2151 3954 re-

2260 3902 2484 3955 καὶτὸν
2518 3903 2628 3957 τῶν
2676 3906 2896 3959 Κιανῶν
2948 3909 3254 3979 ὲφίστησιν;
3306 3911 3368 3965 '0
3412 3914 3593 3983 μέντοι
3638 3912 3799 3982 Ζηῖλας

567 4009 733 4061 gnum
767 4003 1051 4061 paternum
1086 3993 1246 4047 redit.
1292 3992 1361 4044 At
1386 3990 1629 4061 Bithyni,
1668 3993 1792 4046 dum
1824 4006 2152 4047 conservare

2262 3994 2401 4062 μετά
2426 3995 2710 4066 δυνάμεως
2733 4038 2748 4063 ,
2785 3999 2852 4069 ἣν
2883 4000 3033 4070 αὐτῷ
3060 4003 3167 4055 τῶν
3197 4004 3458 4059 Γαλατῶν
3499 4008 3547 4060 οῖ
3579 4006 3798 4059 Τολοστο-

568 4085 900 4139 dominatum
975 4083 1214 4153 parvulis
1292 4093 1593 4153 satagunt,
1649 4094 1877 4137 matrem
1952 4085 2148 4137 horum

2258 4088 2431 4155 6όγιοι
2463 4090 2702 4161 θάρσους
2733 4093 3031 4163 ἐπλήρουν,
3060 4097 3153 4148 ἐπὶ
3179 4098 3279 4167 τὴν
3310 4099 3593 4168 βασιλείαν
3620 4099 3794 4169 κατῄει.

567 4174 877 4229 Nicomedis
907 4175 1066 4229 fratri
1112 4175 1166 4228 in
1220 4176 1626 4228 matrimonium
1674 4175 1908 4237 elocant,
1940 4186 1995 4229 et
2046 4174 2148 4244 ipsi

2257 4178 2476 4234 Βιθυνοὶ
2501 4182 2560 4235 δὲ
2610 4184 2710 4254 τὴν
2739 4185 2917 4257 ἀρχὴν
2948 4186 3142 4251 σώζειν
3188 4193 3300 4253 τοῖς
3339 4192 3555 4261 νηπίοις
3598 4191 3796 4245 σπουδά-

565 4276 793 4334 accepto
822 4282 850 4319 a
881 4266 1225 4320 curatoribus
1252 4267 1495 4320 exercitu
1526 4264 1731 4320 Zeilam
1770 4267 2147 4335 opperiuntur.

2256 4271 2459 4337 ζοντες,
2493 4272 2592 4344 τὴν
2622 4276 2721 4344 μὲν
2750 4277 2957 4331 τούτων
2986 4281 3199 4349 μητέρα
3226 4281 3448 4353 ἀδελφῷ
3478 4283 3794 4346 συνοικίζουσι

565 4359 630 4413 Et
651 4358 857 4413 crebris
881 4359 1169 4425 utrobique
1195 4358 1401 4427 proeliis
1425 4367 1481 4412 et
1509 4356 1717 4410 viribus
1740 4356 1841 4421 nsi,
1871 4372 2057 4425 pacem
2081 4356 2149 4410 ad

2252 4361 2331 4431 τῷ
2360 4363 2726 4435 Νικομήδους,
2759 4368 2915 4421 αὐτοὶ
2945 4370 3004 4422 δὲ
3031 4372 3349 4443 στράτευμα
3378 4375 3529 4445 παρά
3549 4375 3648 4428 τῶν
3672 4376 3796 4443 εἰρη-

562 4461 871 4504 extrenmm
950 4450 1137 4504 ineunt
1188 4465 1365 4504 :cum
1424 4447 1804 4503 Heraclienses
1846 4448 1901 4502 in
1955 4449 2151 4518 pugnis

2255 4454 2431 4525 μένων
2476 4459 2791 4528 ἐπιτρόπων
2846 4460 3102 4525 λαϐόντες
3148 4464 3422 4533 ὑπέμενον
3475 4466 3565 4520 τὸν
3611 4466 3791 4536 Ζηῖλαν.

563 4542 671 4597 illis
703 4542 1124 4606 excelluissent,
1153 4549 1208 4596 et
1240 4541 1291 4594 in
1324 4540 1719 4610 compositione
1752 4539 1873 4595 belli
1906 4542 2148 4607 egissent

2252 4546 2480 4616 Συχναίς
2505 4548 2561 4599 δὲ
2591 4550 2792 4619 μάχαις
2833 4552 2926 4604 καὶ
2961 4554 3281 4622 μεταϐολαῖς
3306 4556 3557 4629 ἑκάτεροι
3584 4555 3698 4629 [576
3721 4552 3792 4622 IL]

560 4650 682 4702 quae
703 4637 755 4689 in
794 4651 907 4689 rem
945 4634 1141 4690 forent.
1196 4634 1409 4688 Idcirco
1460 4632 1663 4687 Galatas
1702 4631 2041 4697 Heracleam,
2088 4644 2146 4688 ut

2253 4639 2735 4711 ἀποχρησάμενοι,
2760 4644 2821 4697 τὸ
2843 4645 3152 4700 τελευταῖον
3181 4649 3525 4721 κατέστησαν
3546 4648 3789 4719 εἰςξδιαλύ-

562 4727 860 4793 inimicam,
886 4728 1229 4791 invaserunt,
1262 4724 1332 4779 ad
1376 4724 1636 4779 Callelem
1669 4740 1845 4794 usque
1871 4724 2091 4779 ﬂuvium
2129 4742 2143 4778 :

2200 4735 2227 4791 )
2256 4747 2388 4797 σεις,
2424 4733 2817 4801 Ἡρακλεωτῶν
2844 4738 2903 4789 έν
2925 4740 3048 4801 ταῖς
3074 4739 3277 4808 μάχαις
3305 4741 3689 4811 ἀριστευόντων
3714 4741 3792 4791 κὰν

561 4817 838 4887 multaque
869 4818 1023 4872 dilati
1050 4819 1251 4885 praeda,
1288 4816 1508 4869 domum
1545 4816 1897 4884 repetierunt.

2252 4826 2372 4887 ταῖς
2409 4827 2712 4898 συμϐάσεσι
2757 4831 2819 4883 τὸ
2855 4834 3135 4903 συμφέρον
3184 4839 3683 4908 καταπραττόντων.
3722 4835 3791 4888 Διδ

562 4906 799 5005 Γαλάται
827 4908 903 5005 ὠς
931 4907 1133 5005 ἐχθρὰν
1166 4906 1265 4976 τὴν
1305 4905 1633 4975 Ἡράκλειαν
1677 4905 2020 4977 κατέδραμον
2046 4905 2149 4970 ἓως
2184 4912 2469 4986 Κάλλητος
2553 4929 2838 4997 ποταμοῦ.
2892 4931 2986 4984 καὶ
3066 4924 3265 4996 πολλῆς
3312 4905 3492 5005 χάρισι
3548 4934 3791 5005 γεγονότες

561 5001 709 5064 λείας
744 5000 927 5054 οἴκαδε
959 4999 1340 5070 ἀνεχώρησαν.

1096 5112 1226 5166 CAP.
1264 5110 1455 5166 XXIV.
1480 5141 1553 5156 —
1587 5110 2005 5164 [Ieraciiensium
2038 5115 2342 5182 paciﬁcatio
2364 5119 2503 5176 inter
2530 5127 2849 5184 Antiochum
2870 5144 2917 5185 et
2947 5133 3296 5204 Byzantinos.

630 5230 743 5283 Sub
776 5230 889 5284 haec
918 5226 1235 5297 Byzantinis
1287 5226 1553 5279 inferente
1599 5224 1800 5278 bellum
1853 5225 2148 5291 Antiocho,

2328 5212 2658 5281 Βυζαντίους
2713 5222 2771 5276 δὲ
2834 5222 3108 5295 Ἀντιόχου
3164 5225 3528 5299 πολεμοῦντος
3581 5225 3788 5294 τριήρεσι

562 5322 630 5375 40
655 5321 969 5374 triremibus
1017 5317 1353 5371 Heracleotte
1401 5316 1733 5371 auxiliantur
1776 5330 1792 5366 :
1849 5325 1903 5369 et
1957 5317 2151 5369 horum

2255 5310 2643 5379 συνεμάχησαν
2686 5319 2738 5383 μ’
2780 5315 2829 5367 οἱ
2889 5316 3294 5385 Ἡρακλεῶται,
3327 5321 3425 5378 καὶ
3472 5320 3561 5373 τὸν
3592 5318 3787 5385 πόλεμον

562 5413 760 5466 factum
804 5421 887 5466 est
934 5424 1095 5478 opera
1148 5417 1207 5461 ut
1271 5406 1339 5461 ad
1394 5405 1570 5463 minas
1610 5405 1981 5460 tantummodo
2024 5421 2151 5474 pro-

1976 5426 1981 5454 ι
2024 5421 2151 5474 pro.
2252 5402 2676 5470 παρεαιεύασαν
2702 5405 2747 5437 ⁷³
2789 5406 2983 5477 μέχρις
3011 5409 3255 5464 ἀπειλῶν
3282 5412 3568 5483 προκόψαι.

561 5518 805 5571 gressum
839 5502 1071 5557 haberet
1106 5500 1328 5555 bellum.

1865 5637 2095 5695 VARUE
2148 5637 2557 5695 LECTIONES.

639 5740 682 5771 ⁸⁸
706 5739 869 5821 αὑτὸν
896 5742 1205 5813 Λυσίμαχον
1273 5755 1416 5797 corr.
1474 5740 1538 5796 Α.
1618 5741 1661 5774 ⁸ο
1692 5738 1894 5794 τούτων
1932 5754 2072 5794 corr.
2099 5737 2164 5793 A.
2241 5740 2305 5801 το,
2321 5735 2610 5817 συμμαχίᾳ
2640 5734 2963 5805 Stephanus.
3079 5739 3121 5769 '“
3168 5736 3242 5809 τῷ
3265 5740 3308 5792 Λ
3338 5758 3350 5794 :
3385 5740 3443 5794 τό
3470 5757 3525 5801 ς.
3621 5738 3660 5767 τε
3681 5748 3774 5787 κατ·

561 5819 860 5862 εσκευασαν
888 5828 946 5874 ς.
2286 5819 2309 5823 ’⁷
2364 5819 2374 5827 ”
2408 5822 2415 5825 '
2450 5826 2453 5827 '
