  <div class='ocr_page' id='page_1' title='image "/cluster/home/n/w/nwhite01/storage/ocr_20150623/103:no.3/coo.31924054870070/464.png"; bbox 0 0 4032 6460; ppageno 0'>
   <div class='ocr_carea' id='block_1_1' title="bbox 254 362 355 431">
    <p class='ocr_par' dir='ltr' id='par_1_1' title="bbox 254 362 355 431">
     <span class='ocr_line' id='line_1_1' title="bbox 254 362 355 431; baseline 0 -4"><span class='ocrx_word' id='word_1_1' title='bbox 254 362 355 431; x_wconf 77' lang='lat'><strong><em>9‘01</em></strong></span> 
     </span>
    </p>
   </div>
   <div class='ocr_carea' id='block_1_2' title="bbox 1352 357 2558 421">
    <p class='ocr_par' dir='ltr' id='par_1_2' title="bbox 1352 357 2558 421">
     <span class='ocr_line' id='line_1_2' title="bbox 1352 357 2558 421; baseline 0.001 -2"><span class='ocrx_word' id='word_1_2' title='bbox 1352 358 1883 419; x_wconf 82' lang='lat' dir='ltr'><strong><em>BIBLIOTHECA.</em></strong></span> <span class='ocrx_word' id='word_1_3' title='bbox 1936 382 2005 395; x_wconf 83' lang='lat'><strong><em>—</em></strong></span> <span class='ocrx_word' id='word_1_4' title='bbox 2045 357 2211 418; x_wconf 86' lang='lat' dir='ltr'><strong><em>COD.</em></strong></span> <span class='ocrx_word' id='word_1_5' title='bbox 2254 358 2558 421; x_wconf 77' lang='lat' dir='ltr'><strong><em>CCXXIV.</em></strong></span> 
     </span>
    </p>
   </div>
   <div class='ocr_carea' id='block_1_3' title="bbox 3429 364 3537 431">
    <p class='ocr_par' dir='ltr' id='par_1_3' title="bbox 3429 364 3537 431">
     <span class='ocr_line' id='line_1_3' title="bbox 3429 364 3537 431; baseline -0.028 0"><span class='ocrx_word' id='word_1_6' title='bbox 3429 364 3537 431; x_wconf 75' lang='lat'><strong><em>902</em></strong></span> 
     </span>
    </p>
   </div>
   <div class='ocr_carea' id='block_1_4' title="bbox 498 463 3288 537">
    <p class='ocr_par' dir='ltr' id='par_1_4' title="bbox 498 463 3288 537">
     <span class='ocr_line' id='line_1_4' title="bbox 498 463 3288 537; baseline -0.001 -12"><span class='ocrx_word' id='word_1_7' title='bbox 498 468 651 526; x_wconf 57' lang='lat' dir='ltr'><strong><em>CAP,</em></strong></span> <span class='ocrx_word' id='word_1_8' title='bbox 682 468 848 524; x_wconf 72' lang='lat' dir='ltr'><strong>XXV.</strong></span> <span class='ocrx_word' id='word_1_9' title='bbox 868 500 935 510; x_wconf 89' lang='lat'>—</span> <span class='ocrx_word' id='word_1_10' title='bbox 960 465 1175 522; x_wconf 83' lang='lat' dir='ltr'><strong><em>lleracl.</em></strong></span> <span class='ocrx_word' id='word_1_11' title='bbox 1210 465 1513 521; x_wconf 73' lang='lat' dir='ltr'><strong><em>Mithridati</em></strong></span> <span class='ocrx_word' id='word_1_12' title='bbox 1546 467 1883 520; x_wconf 73' lang='lat' dir='ltr'><strong><em>auxiliantur</em></strong></span> <span class='ocrx_word' id='word_1_13' title='bbox 1912 478 2096 522; x_wconf 86' lang='lat' dir='ltr'><strong><em>contra</em></strong></span> <span class='ocrx_word' id='word_1_14' title='bbox 2134 465 2315 521; x_wconf 80' lang='lat' dir='ltr'><strong><em>Gallos</em></strong></span> <span class='ocrx_word' id='word_1_15' title='bbox 2340 507 2355 532; x_wconf 93' lang='lat'><strong><em>,</em></strong></span> <span class='ocrx_word' id='word_1_16' title='bbox 2382 468 2472 519; x_wconf 83' lang='lat' dir='ltr'><strong><em>sed</em></strong></span> <span class='ocrx_word' id='word_1_17' title='bbox 2505 481 2651 519; x_wconf 89' lang='lat' dir='ltr'><strong><em>caro.</em></strong></span> <span class='ocrx_word' id='word_1_18' title='bbox 2694 463 2956 537; x_wconf 81' lang='lat' dir='ltr'><strong><em>Nymphis</em></strong></span> <span class='ocrx_word' id='word_1_19' title='bbox 2986 468 3288 524; x_wconf 76' lang='lat' dir='ltr'><strong><em>historicus.</em></strong></span> 
     </span>
    </p>
   </div>
   <div class='ocr_carea' id='block_1_5' title="bbox 320 586 1869 663">
    <p class='ocr_par' dir='ltr' id='par_1_5' title="bbox 320 586 1869 663">
     <span class='ocr_line' id='line_1_5' title="bbox 320 586 1869 663; baseline -0.006 -14"><span class='ocrx_word' id='word_1_20' title='bbox 320 592 527 663; x_wconf 87' lang='grc' dir='ltr'><strong>Συνέϐη</strong></span> <span class='ocrx_word' id='word_1_21' title='bbox 558 591 614 644; x_wconf 83' lang='grc' dir='ltr'><strong>δὲ</strong></span> <span class='ocrx_word' id='word_1_22' title='bbox 639 591 756 661; x_wconf 78' lang='grc' dir='ltr'><strong>μετ’</strong></span> <span class='ocrx_word' id='word_1_23' title='bbox 785 589 845 643; x_wconf 88' lang='grc' dir='ltr'><strong><em>ού</em></strong></span> <span class='ocrx_word' id='word_1_24' title='bbox 878 588 1012 643; x_wconf 84' lang='grc' dir='ltr'><strong>πολὺ</strong></span> <span class='ocrx_word' id='word_1_25' title='bbox 1041 589 1100 655; x_wconf 81' lang='grc' dir='ltr'><strong>ἐξ</strong></span> <span class='ocrx_word' id='word_1_26' title='bbox 1128 586 1434 659; x_wconf 83' lang='grc' dir='ltr'><strong>ἀνθρώπων</strong></span> <span class='ocrx_word' id='word_1_27' title='bbox 1478 588 1837 660; x_wconf 78' lang='grc' dir='ltr'><strong>Ἀριοϐαρζά-</strong></span> <span class='ocrx_word' id='word_1_28' title='bbox 1866 645 1869 653; x_wconf 23' lang='grc'><em>⁴</em></span> 
     </span>
    </p>
   </div>
   <div class='ocr_carea' id='block_1_6' title="bbox 1935 586 3535 663">
    <p class='ocr_par' dir='ltr' id='par_1_6' title="bbox 2012 586 3535 657">
     <span class='ocr_line' id='line_1_6' title="bbox 2012 586 3535 657; baseline 0.005 -15"><span class='ocrx_word' id='word_1_29' title='bbox 2012 586 2124 642; x_wconf 88' lang='lat' dir='ltr'><strong><em>Nec</em></strong></span> <span class='ocrx_word' id='word_1_30' title='bbox 2160 587 2324 657; x_wconf 84' lang='lat' dir='ltr'><strong><em>longe</em></strong></span> <span class='ocrx_word' id='word_1_31' title='bbox 2354 596 2476 656; x_wconf 90' lang='lat' dir='ltr'><strong><em>post</em></strong></span> <span class='ocrx_word' id='word_1_32' title='bbox 2520 601 2551 641; x_wconf 94' lang='lat' dir='ltr'><strong>e</strong></span> <span class='ocrx_word' id='word_1_33' title='bbox 2592 588 2700 641; x_wconf 89' lang='lat' dir='ltr'><strong><em>vita</em></strong></span> <span class='ocrx_word' id='word_1_34' title='bbox 2735 590 3049 644; x_wconf 80' lang='lat' dir='ltr'><strong><em>mortalium</em></strong></span> <span class='ocrx_word' id='word_1_35' title='bbox 3080 592 3343 647; x_wconf 75' lang='lat' dir='ltr'><strong><em>eximitur</em></strong></span> <span class='ocrx_word' id='word_1_36' title='bbox 3369 595 3535 649; x_wconf 86' lang='lat' dir='ltr'><strong><em>Ario-</em></strong></span> 
     </span>
    </p>
   </div>
   <div class='ocr_carea' id='block_1_7' title="bbox 251 682 1837 758">
    <p class='ocr_par' dir='ltr' id='par_1_7' title="bbox 251 682 1837 758">
     <span class='ocr_line' id='line_1_7' title="bbox 251 682 1837 758; baseline -0.004 -18"><span class='ocrx_word' id='word_1_37' title='bbox 251 705 343 758; x_wconf 90' lang='grc' dir='ltr'><strong><em>νην</em></strong></span> <span class='ocrx_word' id='word_1_38' title='bbox 373 683 651 754; x_wconf 88' lang='grc' dir='ltr'><strong>γενέσθαι,</strong></span> <span class='ocrx_word' id='word_1_39' title='bbox 684 682 847 735; x_wconf 86' lang='grc' dir='ltr'><strong>παῖδα</strong></span> <span class='ocrx_word' id='word_1_40' title='bbox 876 682 1217 751; x_wconf 77' lang='grc' dir='ltr'><strong><em>Μιθριδάτην</em></strong></span> <span class='ocrx_word' id='word_1_41' title='bbox 1241 682 1613 736; x_wconf 84' lang='grc' dir='ltr'><strong><em>καταλιπόντα</em></strong></span> <span class='ocrx_word' id='word_1_42' title='bbox 1651 682 1747 735; x_wconf 79' lang='grc' dir='ltr'><strong>καὶ</strong></span> <span class='ocrx_word' id='word_1_43' title='bbox 1780 683 1837 733; x_wconf 88' lang='grc' dir='ltr'><strong><em>ἐν</em></strong></span> 
     </span>
    </p>
   </div>
   <div class='ocr_carea' id='block_1_8' title="bbox 248 774 1838 850">
    <p class='ocr_par' dir='ltr' id='par_1_8' title="bbox 248 774 1838 850">
     <span class='ocr_line' id='line_1_8' title="bbox 248 774 1838 850; baseline -0.003 -18"><span class='ocrx_word' id='word_1_44' title='bbox 248 780 481 850; x_wconf 75' lang='grc' dir='ltr'><strong>διαφορᾷ</strong></span> <span class='ocrx_word' id='word_1_45' title='bbox 514 778 649 848; x_wconf 79' lang='grc' dir='ltr'><strong>πρὸς</strong></span> <span class='ocrx_word' id='word_1_46' title='bbox 681 776 808 839; x_wconf 75' lang='grc' dir='ltr'><strong>τοὺς</strong></span> <span class='ocrx_word' id='word_1_47' title='bbox 851 775 1098 839; x_wconf 84' lang='grc' dir='ltr'><strong><em>Γαλάτας</em></strong></span> <span class='ocrx_word' id='word_1_48' title='bbox 1120 775 1410 845; x_wconf 83' lang='grc' dir='ltr'><strong><em>γεγονότα·</em></strong></span> <span class='ocrx_word' id='word_1_49' title='bbox 1456 774 1524 827; x_wconf 88' lang='grc' dir='ltr'><strong>δι’</strong></span> <span class='ocrx_word' id='word_1_50' title='bbox 1560 775 1626 846; x_wconf 81' lang='grc' dir='ltr'><strong><em>ἢν</em></strong></span> <span class='ocrx_word' id='word_1_51' title='bbox 1655 775 1838 829; x_wconf 78' lang='grc' dir='ltr'><strong>αἰτίαν</strong></span> 
     </span>
    </p>
   </div>
   <div class='ocr_carea' id='block_1_9' title="bbox 250 862 1838 941">
    <p class='ocr_par' dir='ltr' id='par_1_9' title="bbox 250 862 1838 941">
     <span class='ocr_line' id='line_1_9' title="bbox 250 862 1838 941; baseline -0.003 -18"><span class='ocrx_word' id='word_1_52' title='bbox 250 871 760 941; x_wconf 72' lang='grc' dir='ltr'><strong>καταφρονήσαντες</strong></span> <span class='ocrx_word' id='word_1_53' title='bbox 799 867 894 921; x_wconf 79' lang='grc' dir='ltr'><strong><em>τού</em></strong></span> <span class='ocrx_word' id='word_1_54' title='bbox 925 869 1117 931; x_wconf 89' lang='grc' dir='ltr'><strong>παιδὸς</strong></span> <span class='ocrx_word' id='word_1_55' title='bbox 1148 862 1295 922; x_wconf 77' lang='grc' dir='ltr'><strong>οὗτοι</strong></span> <span class='ocrx_word' id='word_1_56' title='bbox 1344 867 1444 939; x_wconf 83' lang='grc' dir='ltr'><strong>τὴν</strong></span> <span class='ocrx_word' id='word_1_57' title='bbox 1483 866 1649 921; x_wconf 80' lang='grc' dir='ltr'><strong>αὑτοῦ</strong></span> <span class='ocrx_word' id='word_1_58' title='bbox 1686 866 1838 936; x_wconf 88' lang='grc' dir='ltr'><strong>βασι-</strong></span> 
     </span>
    </p>
   </div>
   <div class='ocr_carea' id='block_1_10' title="bbox 248 958 1837 1031">
    <p class='ocr_par' dir='ltr' id='par_1_10' title="bbox 248 958 1837 1031">
     <span class='ocr_line' id='line_1_10' title="bbox 248 958 1837 1031; baseline -0.003 -16"><span class='ocrx_word' id='word_1_59' title='bbox 248 964 393 1015; x_wconf 85' lang='grc' dir='ltr'><strong>λείαν</strong></span> <span class='ocrx_word' id='word_1_60' title='bbox 448 961 709 1015; x_wconf 89' lang='grc' dir='ltr'><strong>ἐσίνοντο.</strong></span> <span class='ocrx_word' id='word_1_61' title='bbox 746 961 860 1014; x_wconf 73' lang='grc' dir='ltr'><strong><em>Καὶ</em></strong></span> <span class='ocrx_word' id='word_1_62' title='bbox 907 961 1143 1031; x_wconf 80' lang='grc' dir='ltr'><strong><em>ἀπορίας</em></strong></span> <span class='ocrx_word' id='word_1_63' title='bbox 1189 961 1387 1025; x_wconf 81' lang='grc' dir='ltr'><strong>αὐτοὺς</strong></span> <span class='ocrx_word' id='word_1_64' title='bbox 1417 958 1837 1028; x_wconf 90' lang='grc' dir='ltr'><strong>καταλαϐούσης</strong></span> 
     </span>
    </p>
   </div>
   <div class='ocr_carea' id='block_1_11' title="bbox 249 1051 1835 1129">
    <p class='ocr_par' dir='ltr' id='par_1_11' title="bbox 249 1051 1835 1129">
     <span class='ocr_line' id='line_1_11' title="bbox 249 1051 1835 1129; baseline -0.006 -18"><span class='ocrx_word' id='word_1_65' title='bbox 249 1055 623 1124; x_wconf 78' lang='grc' dir='ltr'><strong>ἀνελάμϐανον</strong></span> <span class='ocrx_word' id='word_1_66' title='bbox 645 1054 695 1106; x_wconf 80' lang='lat' dir='ltr'><strong><em>oi</em></strong></span> <span class='ocrx_word' id='word_1_67' title='bbox 724 1054 832 1106; x_wconf 82' lang='grc' dir='ltr'><strong><em>ἀπὸ</em></strong></span> <span class='ocrx_word' id='word_1_68' title='bbox 860 1054 957 1120; x_wconf 80' lang='grc' dir='ltr'><strong>τῆς</strong></span> <span class='ocrx_word' id='word_1_69' title='bbox 1000 1052 1353 1129; x_wconf 75' lang='grc' dir='ltr'><strong>Ἡρακλείας,</strong></span> <span class='ocrx_word' id='word_1_70' title='bbox 1387 1054 1532 1105; x_wconf 90' lang='grc' dir='ltr'><strong>σῖτον</strong></span> <span class='ocrx_word' id='word_1_71' title='bbox 1564 1052 1644 1113; x_wconf 86' lang='grc' dir='ltr'><strong><em>είς</em></strong></span> <span class='ocrx_word' id='word_1_72' title='bbox 1680 1051 1835 1119; x_wconf 85' lang='grc' dir='ltr'><strong>’Δμι-</strong></span> 
     </span>
    </p>
   </div>
   <div class='ocr_carea' id='block_1_12' title="bbox 252 1141 1833 1218">
    <p class='ocr_par' dir='ltr' id='par_1_12' title="bbox 252 1141 1833 1218">
     <span class='ocr_line' id='line_1_12' title="bbox 252 1141 1833 1218; baseline -0.004 -16"><span class='ocrx_word' id='word_1_73' title='bbox 252 1149 396 1202; x_wconf 74' lang='grc' dir='ltr'><strong>σὸντ³</strong></span> <span class='ocrx_word' id='word_1_74' title='bbox 429 1148 761 1218; x_wconf 76' lang='grc' dir='ltr'><strong>πέμποντες,</strong></span> <span class='ocrx_word' id='word_1_75' title='bbox 788 1148 848 1211; x_wconf 81' lang='grc' dir='ltr'><strong>ἐξ</strong></span> <span class='ocrx_word' id='word_1_76' title='bbox 868 1141 934 1218; x_wconf 80' lang='grc' dir='ltr'><strong>ἧς</strong></span> <span class='ocrx_word' id='word_1_77' title='bbox 963 1147 1094 1216; x_wconf 76' lang='grc' dir='ltr'><strong>ῥᾷον</strong></span> <span class='ocrx_word' id='word_1_78' title='bbox 1121 1142 1190 1216; x_wconf 82' lang='grc' dir='ltr'><strong>ἦν</strong></span> <span class='ocrx_word' id='word_1_79' title='bbox 1217 1148 1342 1209; x_wconf 78' lang='grc' dir='ltr'><strong>τοὺς</strong></span> <span class='ocrx_word' id='word_1_80' title='bbox 1372 1145 1465 1197; x_wconf 80' lang='grc' dir='ltr'><strong>τοῦ</strong></span> <span class='ocrx_word' id='word_1_81' title='bbox 1501 1143 1833 1213; x_wconf 79' lang='grc' dir='ltr'><strong><em>Μιθριδάτου</em></strong></span> 
     </span>
    </p>
   </div>
   <div class='ocr_carea' id='block_1_13' title="bbox 255 1234 1837 1310">
    <p class='ocr_par' dir='ltr' id='par_1_13' title="bbox 255 1234 1837 1310">
     <span class='ocr_line' id='line_1_13' title="bbox 255 1234 1837 1310; baseline -0.003 -18"><span class='ocrx_word' id='word_1_82' title='bbox 255 1243 491 1310; x_wconf 78' lang='grc' dir='ltr'><strong>σιτηγεῖν</strong></span> <span class='ocrx_word' id='word_1_83' title='bbox 531 1240 743 1302; x_wconf 80' lang='grc' dir='ltr'><strong>ἑαυτοῖς</strong></span> <span class='ocrx_word' id='word_1_84' title='bbox 796 1241 890 1293; x_wconf 76' lang='grc' dir='ltr'><strong>καὶ</strong></span> <span class='ocrx_word' id='word_1_85' title='bbox 933 1237 1249 1304; x_wconf 76' lang='grc' dir='ltr'><strong>ἐξακεῖσθαι</strong></span> <span class='ocrx_word' id='word_1_86' title='bbox 1303 1236 1401 1308; x_wconf 85' lang='grc' dir='ltr'><strong>τὴν</strong></span> <span class='ocrx_word' id='word_1_87' title='bbox 1455 1235 1684 1289; x_wconf 78' lang='grc' dir='ltr'><strong>ἔνδειαν.</strong></span> <span class='ocrx_word' id='word_1_88' title='bbox 1735 1234 1837 1287; x_wconf 78' lang='grc' dir='ltr'><strong><em>Διὰ</em></strong></span> 
     </span>
    </p>
   </div>
   <div class='ocr_carea' id='block_1_14' title="bbox 258 1326 1835 1401">
    <p class='ocr_par' dir='ltr' id='par_1_14' title="bbox 258 1326 1835 1401">
     <span class='ocr_line' id='line_1_14' title="bbox 258 1326 1835 1401; baseline -0.005 -16"><span class='ocrx_word' id='word_1_89' title='bbox 258 1332 420 1386; x_wconf 75' lang='grc' dir='ltr'><strong>ταῦτα</strong></span> <span class='ocrx_word' id='word_1_90' title='bbox 446 1330 607 1385; x_wconf 89' lang='grc' dir='ltr'><strong>πάλιν</strong></span> <span class='ocrx_word' id='word_1_91' title='bbox 634 1334 682 1385; x_wconf 90' lang='grc' dir='ltr'><strong><em>οἱ</em></strong></span> <span class='ocrx_word' id='word_1_92' title='bbox 716 1330 950 1385; x_wconf 85' lang='grc' dir='ltr'><strong>Γαλάται</strong></span> <span class='ocrx_word' id='word_1_93' title='bbox 988 1331 1069 1393; x_wconf 86' lang='grc' dir='ltr'><strong><em>είς</em></strong></span> <span class='ocrx_word' id='word_1_94' title='bbox 1108 1330 1205 1401; x_wconf 84' lang='grc' dir='ltr'><strong>τὴν</strong></span> <span class='ocrx_word' id='word_1_95' title='bbox 1254 1326 1627 1399; x_wconf 82' lang='grc' dir='ltr'><strong>Ἡρακλεῶτιν</strong></span> <span class='ocrx_word' id='word_1_96' title='bbox 1662 1326 1835 1396; x_wconf 81' lang='grc' dir='ltr'><strong>ἔπεμ-</strong></span> 
     </span>
    </p>
   </div>
   <div class='ocr_carea' id='block_1_15' title="bbox 259 1413 1833 1493">
    <p class='ocr_par' dir='ltr' id='par_1_15' title="bbox 259 1413 1833 1493">
     <span class='ocr_line' id='line_1_15' title="bbox 259 1413 1833 1493; baseline -0.005 -18"><span class='ocrx_word' id='word_1_97' title='bbox 259 1425 357 1491; x_wconf 73' lang='grc' dir='ltr'><strong>ψαν</strong></span> <span class='ocrx_word' id='word_1_98' title='bbox 385 1422 700 1493; x_wconf 85' lang='grc' dir='ltr'><strong>στράτευμα</strong></span> <span class='ocrx_word' id='word_1_99' title='bbox 720 1462 734 1486; x_wconf 90' lang='grc'><strong><em>,</em></strong></span> <span class='ocrx_word' id='word_1_100' title='bbox 771 1422 867 1475; x_wconf 77' lang='grc' dir='ltr'><strong>καὶ</strong></span> <span class='ocrx_word' id='word_1_101' title='bbox 912 1421 1117 1491; x_wconf 90' lang='grc' dir='ltr'><strong>ταύτην</strong></span> <span class='ocrx_word' id='word_1_102' title='bbox 1150 1420 1504 1489; x_wconf 79' lang='grc' dir='ltr'><strong>κατέτρεχον,</strong></span> <span class='ocrx_word' id='word_1_103' title='bbox 1544 1418 1737 1487; x_wconf 81' lang='grc' dir='ltr'><strong>μέχρις</strong></span> <span class='ocrx_word' id='word_1_104' title='bbox 1765 1413 1833 1468; x_wconf 80' lang='grc' dir='ltr'><strong>ἂν</strong></span> 
     </span>
    </p>
   </div>
   <div class='ocr_carea' id='block_1_16' title="bbox 255 1505 1832 1586">
    <p class='ocr_par' dir='ltr' id='par_1_16' title="bbox 255 1505 1832 1586">
     <span class='ocr_line' id='line_1_16' title="bbox 255 1505 1832 1586; baseline -0.005 -19"><span class='ocrx_word' id='word_1_105' title='bbox 255 1518 300 1568; x_wconf 86' lang='grc' dir='ltr'><strong><em>οί</em></strong></span> <span class='ocrx_word' id='word_1_106' title='bbox 333 1516 704 1585; x_wconf 83' lang='grc' dir='ltr'><strong>Ἡρακλεῶται</strong></span> <span class='ocrx_word' id='word_1_107' title='bbox 727 1514 1221 1586; x_wconf 83' lang='grc' dir='ltr'><strong>διεπρεσϐεύσαντο</strong></span> <span class='ocrx_word' id='word_1_108' title='bbox 1257 1510 1394 1582; x_wconf 84' lang='grc' dir='ltr'><strong>πρὸς</strong></span> <span class='ocrx_word' id='word_1_109' title='bbox 1424 1507 1645 1570; x_wconf 85' lang='grc' dir='ltr'><strong>αύτούς.</strong></span> <span class='ocrx_word' id='word_1_110' title='bbox 1681 1505 1832 1576; x_wconf 89' lang='grc' dir='ltr'><strong>Νύμ-</strong></span> 
     </span>
    </p>
   </div>
   <div class='ocr_carea' id='block_1_17' title="bbox 252 1600 1826 1680">
    <p class='ocr_par' dir='ltr' id='par_1_17' title="bbox 252 1600 1826 1680">
     <span class='ocr_line' id='line_1_17' title="bbox 252 1600 1826 1680; baseline -0.006 -18"><span class='ocrx_word' id='word_1_111' title='bbox 252 1627 336 1677; x_wconf 81' lang='grc' dir='ltr'><strong>φις</strong></span> <span class='ocrx_word' id='word_1_112' title='bbox 363 1609 421 1661; x_wconf 86' lang='grc' dir='ltr'><strong><em>δὲ</em></strong></span> <span class='ocrx_word' id='word_1_113' title='bbox 460 1605 528 1680; x_wconf 83' lang='grc' dir='ltr'><strong>ἦν</strong></span> <span class='ocrx_word' id='word_1_114' title='bbox 581 1611 610 1661; x_wconf 89' lang='grc' dir='ltr'><strong>ὁ</strong></span> <span class='ocrx_word' id='word_1_115' title='bbox 644 1609 914 1680; x_wconf 80' lang='grc' dir='ltr'><strong>ἱστορικὸς</strong></span> <span class='ocrx_word' id='word_1_116' title='bbox 942 1610 970 1661; x_wconf 87' lang='grc' dir='ltr'>ὁ</span> <span class='ocrx_word' id='word_1_117' title='bbox 1019 1607 1320 1678; x_wconf 81' lang='grc' dir='ltr'><strong>κορυφαῖος</strong></span> <span class='ocrx_word' id='word_1_118' title='bbox 1356 1602 1467 1659; x_wconf 82' lang='grc' dir='ltr'><strong>τῶν</strong></span> <span class='ocrx_word' id='word_1_119' title='bbox 1516 1600 1826 1674; x_wconf 61' lang='grc' dir='ltr'><strong>πρέσϐεων</strong></span> 
     </span>
    </p>
   </div>
   <div class='ocr_carea' id='block_1_18' title="bbox 246 1695 1829 1769">
    <p class='ocr_par' dir='ltr' id='par_1_18' title="bbox 246 1695 1829 1769">
     <span class='ocr_line' id='line_1_18' title="bbox 246 1695 1829 1769; baseline -0.001 -24"><span class='ocrx_word' id='word_1_120' title='bbox 246 1696 301 1758; x_wconf 81' lang='grc' dir='ltr'><strong><em>ὃς</em></strong></span> <span class='ocrx_word' id='word_1_121' title='bbox 323 1696 413 1749; x_wconf 83' lang='grc' dir='ltr'><strong>τὸν</strong></span> <span class='ocrx_word' id='word_1_122' title='bbox 452 1696 551 1766; x_wconf 84' lang='grc' dir='ltr'><strong><em>μὲν</em></strong></span> <span class='ocrx_word' id='word_1_123' title='bbox 577 1699 807 1769; x_wconf 73' lang='grc' dir='ltr'><strong>στρατὸν</strong></span> <span class='ocrx_word' id='word_1_124' title='bbox 837 1699 895 1749; x_wconf 81' lang='grc' dir='ltr'><strong><em>ἐν</em></strong></span> <span class='ocrx_word' id='word_1_125' title='bbox 919 1695 997 1766; x_wconf 83' lang='grc' dir='ltr'><strong>τῷ</strong></span> <span class='ocrx_word' id='word_1_126' title='bbox 1026 1695 1192 1766; x_wconf 86' lang='grc' dir='ltr'><strong>κοινῷ</strong></span> <span class='ocrx_word' id='word_1_127' title='bbox 1216 1697 1440 1766; x_wconf 82' lang='grc' dir='ltr'><strong>χρυσοῖς</strong></span> <span class='ocrx_word' id='word_1_128' title='bbox 1471 1709 1829 1762; x_wconf 87' lang='grc' dir='ltr'><strong>πεντακισχι-</strong></span> 
     </span>
    </p>
   </div>
   <div class='ocr_carea' id='block_1_19' title="bbox 243 1782 1830 1861">
    <p class='ocr_par' dir='ltr' id='par_1_19' title="bbox 243 1782 1830 1861">
     <span class='ocr_line' id='line_1_19' title="bbox 243 1782 1830 1861; baseline -0.001 -22"><span class='ocrx_word' id='word_1_129' title='bbox 243 1786 395 1854; x_wconf 85' lang='grc' dir='ltr'><strong>λίοις,</strong></span> <span class='ocrx_word' id='word_1_130' title='bbox 432 1790 559 1853; x_wconf 85' lang='grc' dir='ltr'><strong>τοὺς</strong></span> <span class='ocrx_word' id='word_1_131' title='bbox 594 1789 651 1843; x_wconf 84' lang='grc' dir='ltr'><strong>δὲ</strong></span> <span class='ocrx_word' id='word_1_132' title='bbox 679 1788 955 1861; x_wconf 76' lang='grc' dir='ltr'><strong>ἡγεμόνας</strong></span> <span class='ocrx_word' id='word_1_133' title='bbox 990 1789 1098 1858; x_wconf 70' lang='grc' dir='ltr'><strong>ἰδίᾳ</strong></span> <span class='ocrx_word' id='word_1_134' title='bbox 1127 1788 1423 1849; x_wconf 79' lang='grc' dir='ltr'><strong>διακοσίοις</strong></span> <span class='ocrx_word' id='word_1_135' title='bbox 1448 1782 1830 1855; x_wconf 81' lang='grc' dir='ltr'><strong>ὑποθεραπεύ-</strong></span> 
     </span>
    </p>
   </div>
   <div class='ocr_carea' id='block_1_20' title="bbox 246 1878 1574 1952">
    <p class='ocr_par' dir='ltr' id='par_1_20' title="bbox 246 1878 1574 1952">
     <span class='ocr_line' id='line_1_20' title="bbox 246 1878 1574 1952; baseline 0.002 -20"><span class='ocrx_word' id='word_1_136' title='bbox 246 1895 365 1946; x_wconf 84' lang='grc' dir='ltr'><strong>σας,</strong></span> <span class='ocrx_word' id='word_1_137' title='bbox 392 1881 491 1951; x_wconf 82' lang='grc' dir='ltr'><strong>τῆς</strong></span> <span class='ocrx_word' id='word_1_138' title='bbox 514 1880 698 1952; x_wconf 88' lang='grc' dir='ltr'><strong>χώρας</strong></span> <span class='ocrx_word' id='word_1_139' title='bbox 727 1879 1109 1951; x_wconf 80' lang='grc' dir='ltr'><strong>ἀπαναστῆναι</strong></span> <span class='ocrx_word' id='word_1_140' title='bbox 1138 1878 1574 1950; x_wconf 86' lang='grc' dir='ltr'><strong>παρεσκεύασεν.</strong></span> 
     </span>
    </p>
   </div>
   <div class='ocr_carea' id='block_1_21' title="bbox 1944 676 3537 748">
    <p class='ocr_par' dir='ltr' id='par_1_21' title="bbox 1944 676 3537 748">
     <span class='ocr_line' id='line_1_21' title="bbox 1944 676 3537 748; baseline 0.005 -15"><span class='ocrx_word' id='word_1_141' title='bbox 1944 679 2237 745; x_wconf 87' lang='lat' dir='ltr'><strong><em>barzanes,</em></strong></span> <span class='ocrx_word' id='word_1_142' title='bbox 2298 676 2581 747; x_wconf 85' lang='lat' dir='ltr'><strong><em>liliumque</em></strong></span> <span class='ocrx_word' id='word_1_143' title='bbox 2640 679 2902 748; x_wconf 82' lang='lat' dir='ltr'><strong><em>relinquit</em></strong></span> <span class='ocrx_word' id='word_1_144' title='bbox 2948 680 3322 737; x_wconf 76' lang='lat' dir='ltr'><strong><em>Mithridatem</em></strong></span> <span class='ocrx_word' id='word_1_145' title='bbox 3376 703 3392 738; x_wconf 88' lang='lat'><strong>:</strong></span> <span class='ocrx_word' id='word_1_146' title='bbox 3446 685 3537 741; x_wconf 84' lang='lat' dir='ltr'><strong><em>cui</em></strong></span> 
     </span>
    </p>
   </div>
   <div class='ocr_carea' id='block_1_22' title="bbox 1937 768 3535 838">
    <p class='ocr_par' dir='ltr' id='par_1_22' title="bbox 1937 768 3535 838">
     <span class='ocr_line' id='line_1_22' title="bbox 1937 768 3535 838; baseline 0.004 -13"><span class='ocrx_word' id='word_1_147' title='bbox 1937 771 2065 826; x_wconf 83' lang='lat' dir='ltr'><strong><em>lites</em></strong></span> <span class='ocrx_word' id='word_1_148' title='bbox 2098 785 2221 825; x_wconf 91' lang='lat' dir='ltr'><strong><em>cum</em></strong></span> <span class='ocrx_word' id='word_1_149' title='bbox 2273 768 2483 825; x_wconf 87' lang='lat' dir='ltr'><strong><em>Galatis</em></strong></span> <span class='ocrx_word' id='word_1_150' title='bbox 2522 770 2908 826; x_wconf 80' lang='lat' dir='ltr'><strong><em>intercessere.</em></strong></span> <span class='ocrx_word' id='word_1_151' title='bbox 2964 772 3138 838; x_wconf 84' lang='lat' dir='ltr'><strong><em>Quam</em></strong></span> <span class='ocrx_word' id='word_1_152' title='bbox 3187 774 3258 828; x_wconf 94' lang='lat' dir='ltr'><strong><em>ob</em></strong></span> <span class='ocrx_word' id='word_1_153' title='bbox 3307 789 3535 831; x_wconf 84' lang='lat' dir='ltr'><strong><em>causam</em></strong></span> 
     </span>
    </p>
   </div>
   <div class='ocr_carea' id='block_1_23' title="bbox 1949 862 3531 933">
    <p class='ocr_par' dir='ltr' id='par_1_23' title="bbox 1949 862 3531 933">
     <span class='ocr_line' id='line_1_23' title="bbox 1949 862 3531 933; baseline 0.003 -17"><span class='ocrx_word' id='word_1_154' title='bbox 1949 863 2027 928; x_wconf 87' lang='lat' dir='ltr'><strong><em>hi,</em></strong></span> <span class='ocrx_word' id='word_1_155' title='bbox 2052 871 2364 931; x_wconf 91' lang='lat' dir='ltr'><strong><em>contempta</em></strong></span> <span class='ocrx_word' id='word_1_156' title='bbox 2400 862 2553 930; x_wconf 78' lang='lat' dir='ltr'><strong><em>pueri</em></strong></span> <span class='ocrx_word' id='word_1_157' title='bbox 2608 870 2794 926; x_wconf 63' lang='lat' dir='ltr'><strong><em>agtate,</em></strong></span> <span class='ocrx_word' id='word_1_158' title='bbox 2826 877 3059 933; x_wconf 79' lang='lat' dir='ltr'><strong>regnum</strong></span> <span class='ocrx_word' id='word_1_159' title='bbox 3102 864 3220 933; x_wconf 90' lang='lat' dir='ltr'><strong><em>ejus</em></strong></span> <span class='ocrx_word' id='word_1_160' title='bbox 3251 865 3531 922; x_wconf 78' lang='lat' dir='ltr'><strong><em>divexant.</em></strong></span> 
     </span>
    </p>
   </div>
   <div class='ocr_carea' id='block_1_24' title="bbox 1936 952 3531 1025">
    <p class='ocr_par' dir='ltr' id='par_1_24' title="bbox 1936 952 3531 1025">
     <span class='ocr_line' id='line_1_24' title="bbox 1936 952 3531 1025; baseline 0.004 -16"><span class='ocrx_word' id='word_1_161' title='bbox 1936 952 2183 1023; x_wconf 89' lang='lat' dir='ltr'><strong>Cumque</strong></span> <span class='ocrx_word' id='word_1_162' title='bbox 2205 954 2384 1023; x_wconf 86' lang='lat' dir='ltr'><strong><em>inopia</em></strong></span> <span class='ocrx_word' id='word_1_163' title='bbox 2412 970 2592 1008; x_wconf 90' lang='lat' dir='ltr'><strong><em>rerum</em></strong></span> <span class='ocrx_word' id='word_1_164' title='bbox 2617 953 2934 1009; x_wconf 91' lang='lat' dir='ltr'><strong><em>laborarent</em></strong></span> <span class='ocrx_word' id='word_1_165' title='bbox 2955 955 3085 1025; x_wconf 93' lang='lat' dir='ltr'><strong><em>regii</em></strong></span> <span class='ocrx_word' id='word_1_166' title='bbox 3110 994 3127 1021; x_wconf 91' lang='lat'><strong><em>,</em></strong></span> <span class='ocrx_word' id='word_1_167' title='bbox 3150 954 3531 1015; x_wconf 80' lang='lat' dir='ltr'><strong><em>Heraelienses</em></strong></span> 
     </span>
    </p>
   </div>
   <div class='ocr_carea' id='block_1_25' title="bbox 1937 1044 3532 1111">
    <p class='ocr_par' dir='ltr' id='par_1_25' title="bbox 1937 1044 3532 1111">
     <span class='ocr_line' id='line_1_25' title="bbox 1937 1044 3532 1111; baseline 0.002 -9"><span class='ocrx_word' id='word_1_168' title='bbox 1937 1062 2034 1103; x_wconf 90' lang='lat' dir='ltr'><strong><em>eos</em></strong></span> <span class='ocrx_word' id='word_1_169' title='bbox 2085 1054 2422 1109; x_wconf 89' lang='lat' dir='ltr'><strong><em>sustentant,</em></strong></span> <span class='ocrx_word' id='word_1_170' title='bbox 2488 1044 2765 1099; x_wconf 82' lang='lat' dir='ltr'><strong><em>frumento</em></strong></span> <span class='ocrx_word' id='word_1_171' title='bbox 2806 1045 3054 1099; x_wconf 86' lang='lat' dir='ltr'><strong><em>Amisum</em></strong></span> <span class='ocrx_word' id='word_1_172' title='bbox 3106 1048 3355 1111; x_wconf 85' lang='lat' dir='ltr'><strong><em>advecto,</em></strong></span> <span class='ocrx_word' id='word_1_173' title='bbox 3385 1050 3532 1105; x_wconf 89' lang='lat' dir='ltr'><strong><em>unde</em></strong></span> 
     </span>
    </p>
   </div>
   <div class='ocr_carea' id='block_1_26' title="bbox 1936 1137 3529 1210">
    <p class='ocr_par' dir='ltr' id='par_1_26' title="bbox 1936 1137 3529 1210">
     <span class='ocr_line' id='line_1_26' title="bbox 1936 1137 3529 1210; baseline 0.001 -18"><span class='ocrx_word' id='word_1_174' title='bbox 1936 1138 2153 1193; x_wconf 81' lang='lat' dir='ltr'><strong><em>facilior</em></strong></span> <span class='ocrx_word' id='word_1_175' title='bbox 2186 1147 2333 1193; x_wconf 88' lang='lat' dir='ltr'><strong><em>esset</em></strong></span> <span class='ocrx_word' id='word_1_176' title='bbox 2362 1137 2755 1193; x_wconf 84' lang='lat' dir='ltr'><strong><em>Mithridaticis</em></strong></span> <span class='ocrx_word' id='word_1_177' title='bbox 2788 1140 2967 1193; x_wconf 91' lang='lat' dir='ltr'><strong><em>victus</em></strong></span> <span class='ocrx_word' id='word_1_178' title='bbox 2999 1140 3152 1209; x_wconf 85' lang='lat' dir='ltr'><strong><em>copia</em></strong></span> <span class='ocrx_word' id='word_1_179' title='bbox 3175 1182 3190 1204; x_wconf 94' lang='lat'><strong><em>,</em></strong></span> <span class='ocrx_word' id='word_1_180' title='bbox 3226 1147 3282 1195; x_wconf 87' lang='lat' dir='ltr'><strong><em>et</em></strong></span> <span class='ocrx_word' id='word_1_181' title='bbox 3311 1150 3529 1210; x_wconf 84' lang='lat' dir='ltr'><strong><em>egesta-</em></strong></span> 
     </span>
    </p>
   </div>
   <div class='ocr_carea' id='block_1_27' title="bbox 1940 1228 3533 1299">
    <p class='ocr_par' dir='ltr' id='par_1_27' title="bbox 1940 1228 3533 1299">
     <span class='ocr_line' id='line_1_27' title="bbox 1940 1228 3533 1299; baseline -0.001 -13"><span class='ocrx_word' id='word_1_182' title='bbox 1940 1232 2010 1287; x_wconf 88' lang='lat' dir='ltr'><strong><em>tis</em></strong></span> <span class='ocrx_word' id='word_1_183' title='bbox 2062 1231 2295 1287; x_wconf 90' lang='lat' dir='ltr'><strong><em>medela.</em></strong></span> <span class='ocrx_word' id='word_1_184' title='bbox 2328 1228 2561 1299; x_wconf 89' lang='lat' dir='ltr'><strong><em>Propter</em></strong></span> <span class='ocrx_word' id='word_1_185' title='bbox 2613 1230 2731 1285; x_wconf 80' lang='lat' dir='ltr'><strong><em>ltaec</em></strong></span> <span class='ocrx_word' id='word_1_186' title='bbox 2784 1231 2983 1285; x_wconf 87' lang='lat' dir='ltr'><strong><em>iterum</em></strong></span> <span class='ocrx_word' id='word_1_187' title='bbox 3037 1233 3265 1287; x_wconf 90' lang='lat' dir='ltr'><strong><em>hostiles</em></strong></span> <span class='ocrx_word' id='word_1_188' title='bbox 3310 1234 3363 1285; x_wconf 91' lang='lat' dir='ltr'><strong><em>in</em></strong></span> <span class='ocrx_word' id='word_1_189' title='bbox 3422 1232 3533 1285; x_wconf 85' lang='lat' dir='ltr'><strong><em>llc-</em></strong></span> 
     </span>
    </p>
   </div>
   <div class='ocr_carea' id='block_1_28' title="bbox 1936 1322 3531 1394">
    <p class='ocr_par' dir='ltr' id='par_1_28' title="bbox 1936 1322 3531 1394">
     <span class='ocr_line' id='line_1_28' title="bbox 1936 1322 3531 1394; baseline 0 -16"><span class='ocrx_word' id='word_1_190' title='bbox 1936 1323 2289 1379; x_wconf 87' lang='lat' dir='ltr'><strong><em>racleotidem</em></strong></span> <span class='ocrx_word' id='word_1_191' title='bbox 2340 1322 2529 1390; x_wconf 91' lang='lat' dir='ltr'><strong><em>copias</em></strong></span> <span class='ocrx_word' id='word_1_192' title='bbox 2589 1324 2830 1391; x_wconf 88' lang='lat' dir='ltr'><strong><em>mittunt,</em></strong></span> <span class='ocrx_word' id='word_1_193' title='bbox 2888 1339 3121 1394; x_wconf 87' lang='lat' dir='ltr'><strong><em>eamque</em></strong></span> <span class='ocrx_word' id='word_1_194' title='bbox 3189 1324 3531 1392; x_wconf 70' lang='lat' dir='ltr'><strong><em>depopulan-</em></strong></span> 
     </span>
    </p>
   </div>
   <div class='ocr_carea' id='block_1_29' title="bbox 1935 1415 3532 1488">
    <p class='ocr_par' dir='ltr' id='par_1_29' title="bbox 1935 1415 3532 1488">
     <span class='ocr_line' id='line_1_29' title="bbox 1935 1415 3532 1488; baseline 0.002 -19"><span class='ocrx_word' id='word_1_195' title='bbox 1935 1424 2025 1469; x_wconf 88' lang='lat' dir='ltr'><strong><em>tur</em></strong></span> <span class='ocrx_word' id='word_1_196' title='bbox 2068 1433 2083 1470; x_wconf 87' lang='lat'><strong>:</strong></span> <span class='ocrx_word' id='word_1_197' title='bbox 2128 1430 2301 1486; x_wconf 88' lang='lat' dir='ltr'><strong><em>usque</em></strong></span> <span class='ocrx_word' id='word_1_198' title='bbox 2372 1415 2501 1471; x_wconf 93' lang='lat' dir='ltr'><strong><em>dum</em></strong></span> <span class='ocrx_word' id='word_1_199' title='bbox 2550 1417 2619 1471; x_wconf 89' lang='lat' dir='ltr'><strong><em>ab</em></strong></span> <span class='ocrx_word' id='word_1_200' title='bbox 2678 1415 3121 1472; x_wconf 85' lang='lat' dir='ltr'><strong><em>lleracliensibus</em></strong></span> <span class='ocrx_word' id='word_1_201' title='bbox 3176 1432 3275 1488; x_wconf 88' lang='lat' dir='ltr'><strong><em>per</em></strong></span> <span class='ocrx_word' id='word_1_202' title='bbox 3325 1419 3532 1487; x_wconf 80' lang='lat' dir='ltr'><strong><em>legatos</em></strong></span> 
     </span>
    </p>
   </div>
   <div class='ocr_carea' id='block_1_30' title="bbox 1934 1506 3526 1578">
    <p class='ocr_par' dir='ltr' id='par_1_30' title="bbox 1934 1506 3526 1578">
     <span class='ocr_line' id='line_1_30' title="bbox 1934 1506 3526 1578; baseline -0.001 -16"><span class='ocrx_word' id='word_1_203' title='bbox 1934 1508 2267 1577; x_wconf 78' lang='lat' dir='ltr'><strong><em>mitigantur.</em></strong></span> <span class='ocrx_word' id='word_1_204' title='bbox 2302 1506 2566 1578; x_wconf 87' lang='lat' dir='ltr'><strong><em>Princeps</em></strong></span> <span class='ocrx_word' id='word_1_205' title='bbox 2595 1517 2776 1562; x_wconf 90' lang='lat' dir='ltr'><strong><em>autem</em></strong></span> <span class='ocrx_word' id='word_1_206' title='bbox 2809 1508 3021 1578; x_wconf 82' lang='lat' dir='ltr'><strong><em>legatus</em></strong></span> <span class='ocrx_word' id='word_1_207' title='bbox 3067 1517 3188 1562; x_wconf 90' lang='lat' dir='ltr'><strong><em>erat</em></strong></span> <span class='ocrx_word' id='word_1_208' title='bbox 3240 1506 3526 1577; x_wconf 84' lang='lat' dir='ltr'><strong><em>Nymphis,</em></strong></span> 
     </span>
    </p>
   </div>
   <div class='ocr_carea' id='block_1_31' title="bbox 1943 1599 3527 1671">
    <p class='ocr_par' dir='ltr' id='par_1_31' title="bbox 1943 1599 3527 1671">
     <span class='ocr_line' id='line_1_31' title="bbox 1943 1599 3527 1671; baseline -0.001 -15"><span class='ocrx_word' id='word_1_209' title='bbox 1943 1601 2186 1657; x_wconf 67' lang='lat' dir='ltr'><strong><em>historia:</em></strong></span> <span class='ocrx_word' id='word_1_210' title='bbox 2254 1602 2492 1671; x_wconf 88' lang='lat' dir='ltr'><strong><em>scriptor</em></strong></span> <span class='ocrx_word' id='word_1_211' title='bbox 2543 1620 2558 1657; x_wconf 89' lang='lat'><strong>:</strong></span> <span class='ocrx_word' id='word_1_212' title='bbox 2614 1602 2704 1671; x_wconf 93' lang='lat' dir='ltr'><strong><em>qui</em></strong></span> <span class='ocrx_word' id='word_1_213' title='bbox 2740 1616 2861 1655; x_wconf 91' lang='lat' dir='ltr'><strong><em>cum</em></strong></span> <span class='ocrx_word' id='word_1_214' title='bbox 2900 1600 3201 1655; x_wconf 83' lang='lat' dir='ltr'><strong><em>exercitum</em></strong></span> <span class='ocrx_word' id='word_1_215' title='bbox 3238 1599 3437 1669; x_wconf 74' lang='lat' dir='ltr'><strong>229a</strong></span> <span class='ocrx_word' id='word_1_216' title='bbox 3472 1600 3527 1655; x_wconf 90' lang='lat' dir='ltr'><strong><em>in</em></strong></span> 
     </span>
    </p>
   </div>
   <div class='ocr_carea' id='block_1_32' title="bbox 1932 1692 3523 1763">
    <p class='ocr_par' dir='ltr' id='par_1_32' title="bbox 1932 1692 3523 1763">
     <span class='ocr_line' id='line_1_32' title="bbox 1932 1692 3523 1763; baseline -0.001 -14"><span class='ocrx_word' id='word_1_217' title='bbox 1932 1708 2222 1749; x_wconf 91' lang='lat' dir='ltr'><strong><em>commune</em></strong></span> <span class='ocrx_word' id='word_1_218' title='bbox 2266 1696 2450 1750; x_wconf 89' lang='lat' dir='ltr'><strong><em>aureis</em></strong></span> <span class='ocrx_word' id='word_1_219' title='bbox 2485 1694 2645 1761; x_wconf 85' lang='lat'><strong>5000,</strong></span> <span class='ocrx_word' id='word_1_220' title='bbox 2682 1695 2957 1763; x_wconf 89' lang='lat' dir='ltr'><strong><em>ducesque</em></strong></span> <span class='ocrx_word' id='word_1_221' title='bbox 2992 1708 3241 1749; x_wconf 87' lang='lat' dir='ltr'><strong><em>seorsum</em></strong></span> <span class='ocrx_word' id='word_1_222' title='bbox 3272 1692 3380 1747; x_wconf 76' lang='lat'><strong>‘200</strong></span> <span class='ocrx_word' id='word_1_223' title='bbox 3426 1693 3523 1747; x_wconf 85' lang='lat' dir='ltr'><strong><em>de-</em></strong></span> 
     </span>
    </p>
   </div>
   <div class='ocr_carea' id='block_1_33' title="bbox 1932 1785 3239 1853">
    <p class='ocr_par' dir='ltr' id='par_1_33' title="bbox 1932 1785 3239 1853">
     <span class='ocr_line' id='line_1_33' title="bbox 1932 1785 3239 1853; baseline 0 -12"><span class='ocrx_word' id='word_1_224' title='bbox 1932 1785 2218 1852; x_wconf 87' lang='lat' dir='ltr'><strong><em>linivisset,</em></strong></span> <span class='ocrx_word' id='word_1_225' title='bbox 2258 1796 2319 1842; x_wconf 92' lang='lat' dir='ltr'><strong><em>ut</em></strong></span> <span class='ocrx_word' id='word_1_226' title='bbox 2352 1803 2382 1842; x_wconf 90' lang='lat' dir='ltr'><strong><em>a</em></strong></span> <span class='ocrx_word' id='word_1_227' title='bbox 2408 1787 2604 1843; x_wconf 88' lang='lat' dir='ltr'><strong><em>ﬁnibus</em></strong></span> <span class='ocrx_word' id='word_1_228' title='bbox 2632 1786 3002 1853; x_wconf 88' lang='lat' dir='ltr'><strong><em>discederent,</em></strong></span> <span class='ocrx_word' id='word_1_229' title='bbox 3034 1785 3239 1842; x_wconf 78' lang='lat' dir='ltr'><strong><em>effecit.</em></strong></span> 
     </span>
    </p>
   </div>
   <div class='ocr_carea' id='block_1_34' title="bbox 1086 1988 2691 2052">
    <p class='ocr_par' dir='ltr' id='par_1_34' title="bbox 1086 1988 2691 2052">
     <span class='ocr_line' id='line_1_34' title="bbox 1086 1988 2691 2052; baseline -0.006 0"><span class='ocrx_word' id='word_1_230' title='bbox 1086 1994 1215 2052; x_wconf 78' lang='lat' dir='ltr'><strong><em>CAP.</em></strong></span> <span class='ocrx_word' id='word_1_231' title='bbox 1253 1994 1443 2049; x_wconf 78' lang='lat' dir='ltr'><strong><em>XXVI.</em></strong></span> <span class='ocrx_word' id='word_1_232' title='bbox 1466 2023 1539 2034; x_wconf 91' lang='lat'><strong><em>—-</em></strong></span> <span class='ocrx_word' id='word_1_233' title='bbox 1565 1992 1840 2048; x_wconf 68' lang='lat' dir='ltr'><strong><em>Ptolemaei</em></strong></span> <span class='ocrx_word' id='word_1_234' title='bbox 1880 1990 2172 2046; x_wconf 77' lang='lat' dir='ltr'><strong><em>liberalitas</em></strong></span> <span class='ocrx_word' id='word_1_235' title='bbox 2201 1992 2256 2045; x_wconf 89' lang='lat' dir='ltr'><strong><em>in</em></strong></span> <span class='ocrx_word' id='word_1_236' title='bbox 2303 1988 2691 2045; x_wconf 75' lang='lat' dir='ltr'><strong><em>Heraclienses.</em></strong></span> 
     </span>
    </p>
   </div>
   <div class='ocr_carea' id='block_1_35' title="bbox 312 2122 1817 2197">
    <p class='ocr_par' dir='ltr' id='par_1_35' title="bbox 312 2122 1817 2197">
     <span class='ocr_line' id='line_1_35' title="bbox 312 2122 1817 2197; baseline -0.003 -18"><span class='ocrx_word' id='word_1_237' title='bbox 312 2124 639 2194; x_wconf 86' lang='grc' dir='ltr'><strong>Πτολεμαῖος</strong></span> <span class='ocrx_word' id='word_1_238' title='bbox 669 2124 727 2178; x_wconf 86' lang='grc' dir='ltr'><strong>δὲ</strong></span> <span class='ocrx_word' id='word_1_239' title='bbox 756 2125 785 2178; x_wconf 85' lang='grc' dir='ltr'>ὁ</span> <span class='ocrx_word' id='word_1_240' title='bbox 811 2125 912 2197; x_wconf 81' lang='grc' dir='ltr'><strong>τῆς</strong></span> <span class='ocrx_word' id='word_1_241' title='bbox 937 2124 1215 2194; x_wconf 80' lang='grc' dir='ltr'><strong>Αἰγύπτου</strong></span> <span class='ocrx_word' id='word_1_242' title='bbox 1246 2124 1501 2195; x_wconf 73' lang='grc' dir='ltr'><strong>βασιλεὺς</strong></span> <span class='ocrx_word' id='word_1_243' title='bbox 1538 2126 1618 2188; x_wconf 83' lang='grc' dir='ltr'><strong><em>εἰς</em></strong></span> <span class='ocrx_word' id='word_1_244' title='bbox 1644 2122 1817 2194; x_wconf 84' lang='grc' dir='ltr'><strong>ἄκρον</strong></span> 
     </span>
    </p>
   </div>
   <div class='ocr_carea' id='block_1_36' title="bbox 236 2215 1817 2287">
    <p class='ocr_par' dir='ltr' id='par_1_36' title="bbox 236 2215 1817 2287">
     <span class='ocr_line' id='line_1_36' title="bbox 236 2215 1817 2287; baseline -0.001 -18"><span class='ocrx_word' id='word_1_245' title='bbox 236 2215 582 2285; x_wconf 71' lang='grc' dir='ltr'><strong>εὐδαιμονίας</strong></span> <span class='ocrx_word' id='word_1_246' title='bbox 640 2216 849 2279; x_wconf 80' lang='grc' dir='ltr'><strong>ἀναϐὰς</strong></span> <span class='ocrx_word' id='word_1_247' title='bbox 920 2216 1337 2287; x_wconf 87' lang='grc' dir='ltr'><strong>λαμπροτάταις</strong></span> <span class='ocrx_word' id='word_1_248' title='bbox 1419 2215 1516 2287; x_wconf 77' lang='grc' dir='ltr'><strong>μὲν</strong></span> <span class='ocrx_word' id='word_1_249' title='bbox 1589 2216 1817 2287; x_wconf 83' lang='grc' dir='ltr'><strong>δωρεαῖς</strong></span> 
     </span>
    </p>
   </div>
   <div class='ocr_carea' id='block_1_37' title="bbox 1994 2122 3523 2195">
    <p class='ocr_par' dir='ltr' id='par_1_37' title="bbox 1994 2122 3523 2195">
     <span class='ocr_line' id='line_1_37' title="bbox 1994 2122 3523 2195; baseline 0.001 -18"><span class='ocrx_word' id='word_1_250' title='bbox 1994 2122 2317 2179; x_wconf 73' lang='lat' dir='ltr'><strong><em>Ptolemaeus</em></strong></span> <span class='ocrx_word' id='word_1_251' title='bbox 2358 2132 2538 2179; x_wconf 88' lang='lat' dir='ltr'><strong><em>autem</em></strong></span> <span class='ocrx_word' id='word_1_252' title='bbox 2582 2138 2677 2178; x_wconf 88' lang='lat' dir='ltr'><strong><em>rex</em></strong></span> <span class='ocrx_word' id='word_1_253' title='bbox 2719 2122 2937 2195; x_wconf 61' lang='lat' dir='ltr'><strong><em>[Egypti</em></strong></span> <span class='ocrx_word' id='word_1_254' title='bbox 2973 2163 2987 2189; x_wconf 91' lang='lat'><strong><em>,</em></strong></span> <span class='ocrx_word' id='word_1_255' title='bbox 3043 2123 3367 2179; x_wconf 87' lang='lat' dir='ltr'><strong><em>altissimum</em></strong></span> <span class='ocrx_word' id='word_1_256' title='bbox 3424 2125 3523 2179; x_wconf 87' lang='lat' dir='ltr'><strong><em>be-</em></strong></span> 
     </span>
    </p>
   </div>
   <div class='ocr_carea' id='block_1_38' title="bbox 1931 2216 3523 2287">
    <p class='ocr_par' dir='ltr' id='par_1_38' title="bbox 1931 2216 3523 2287">
     <span class='ocr_line' id='line_1_38' title="bbox 1931 2216 3523 2287; baseline -0.001 -16"><span class='ocrx_word' id='word_1_257' title='bbox 1931 2216 2109 2287; x_wconf 68' lang='lat' dir='ltr'><strong><em>nignae</em></strong></span> <span class='ocrx_word' id='word_1_258' title='bbox 2183 2216 2412 2270; x_wconf 65' lang='lat' dir='ltr'><strong><em>fortuna:</em></strong></span> <span class='ocrx_word' id='word_1_259' title='bbox 2486 2216 2711 2287; x_wconf 85' lang='lat' dir='ltr'><strong><em>gradum</em></strong></span> <span class='ocrx_word' id='word_1_260' title='bbox 2783 2225 3106 2281; x_wconf 88' lang='lat' dir='ltr'><strong><em>assecutus,</em></strong></span> <span class='ocrx_word' id='word_1_261' title='bbox 3162 2217 3523 2285; x_wconf 79' lang='lat' dir='ltr'><strong><em>magniﬁcen-</em></strong></span> 
     </span>
    </p>
   </div>
   <div class='ocr_carea' id='block_1_39' title="bbox 237 2305 1869 2380">
    <p class='ocr_par' dir='ltr' id='par_1_39' title="bbox 237 2305 1820 2380">
     <span class='ocr_line' id='line_1_39' title="bbox 237 2305 1820 2380; baseline 0 -21"><span class='ocrx_word' id='word_1_262' title='bbox 237 2308 547 2377; x_wconf 85' lang='grc' dir='ltr'><strong>εὐεργετεῖν</strong></span> <span class='ocrx_word' id='word_1_263' title='bbox 607 2307 707 2372; x_wconf 82' lang='grc' dir='ltr'><strong>τὰς</strong></span> <span class='ocrx_word' id='word_1_264' title='bbox 761 2309 945 2373; x_wconf 87' lang='grc' dir='ltr'><strong>πόλεις</strong></span> <span class='ocrx_word' id='word_1_265' title='bbox 994 2309 1290 2380; x_wconf 85' lang='grc' dir='ltr'><strong>προήγετο,</strong></span> <span class='ocrx_word' id='word_1_266' title='bbox 1347 2305 1563 2378; x_wconf 77' lang='grc' dir='ltr'><strong>ἔπεμψε</strong></span> <span class='ocrx_word' id='word_1_267' title='bbox 1620 2306 1677 2359; x_wconf 86' lang='grc' dir='ltr'><strong>δὲ</strong></span> <span class='ocrx_word' id='word_1_268' title='bbox 1725 2306 1820 2360; x_wconf 76' lang='grc' dir='ltr'><strong>καὶ</strong></span> 
     </span>
    </p>
   </div>
   <div class='ocr_carea' id='block_1_40' title="bbox 1935 2305 3519 2380">
    <p class='ocr_par' dir='ltr' id='par_1_40' title="bbox 1935 2308 3519 2364">
     <span class='ocr_line' id='line_1_40' title="bbox 1935 2308 3519 2364; baseline -0.001 0"><span class='ocrx_word' id='word_1_269' title='bbox 1935 2308 2149 2364; x_wconf 88' lang='lat' dir='ltr'><strong><em>tissimis</em></strong></span> <span class='ocrx_word' id='word_1_270' title='bbox 2176 2308 2427 2363; x_wconf 81' lang='lat' dir='ltr'><strong><em>civitates</em></strong></span> <span class='ocrx_word' id='word_1_271' title='bbox 2458 2309 2774 2364; x_wconf 90' lang='lat' dir='ltr'><strong><em>muneribus</em></strong></span> <span class='ocrx_word' id='word_1_272' title='bbox 2817 2308 3083 2363; x_wconf 88' lang='lat' dir='ltr'><strong><em>demereri</em></strong></span> <span class='ocrx_word' id='word_1_273' title='bbox 3140 2309 3519 2363; x_wconf 82' lang='lat' dir='ltr'><strong><em>constituerat.</em></strong></span> 
     </span>
    </p>
   </div>
   <div class='ocr_carea' id='block_1_41' title="bbox 232 2398 1817 2472">
    <p class='ocr_par' dir='ltr' id='par_1_41' title="bbox 232 2398 1817 2472">
     <span class='ocr_line' id='line_1_41' title="bbox 232 2398 1817 2472; baseline 0.002 -22"><span class='ocrx_word' id='word_1_274' title='bbox 232 2402 348 2462; x_wconf 81' lang='grc' dir='ltr'><strong>τοῖς</strong></span> <span class='ocrx_word' id='word_1_275' title='bbox 407 2398 819 2469; x_wconf 83' lang='grc' dir='ltr'><strong>Ἡρακλεώταις</strong></span> <span class='ocrx_word' id='word_1_276' title='bbox 889 2401 1133 2471; x_wconf 84' lang='grc' dir='ltr'><strong>ἀρτάϐας</strong></span> <span class='ocrx_word' id='word_1_277' title='bbox 1189 2399 1364 2472; x_wconf 82' lang='grc' dir='ltr'><strong>πυροῦ</strong></span> <span class='ocrx_word' id='word_1_278' title='bbox 1428 2400 1817 2465; x_wconf 81' lang='grc' dir='ltr'><strong>πεντακοσίας,</strong></span> 
     </span>
    </p>
   </div>
   <div class='ocr_carea' id='block_1_42' title="bbox 1926 2396 3521 2469">
    <p class='ocr_par' dir='ltr' id='par_1_42' title="bbox 1926 2396 3521 2469">
     <span class='ocr_line' id='line_1_42' title="bbox 1926 2396 3521 2469; baseline -0.003 -16"><span class='ocrx_word' id='word_1_279' title='bbox 1926 2397 2115 2469; x_wconf 90' lang='lat' dir='ltr'><strong><em>Itaque</em></strong></span> <span class='ocrx_word' id='word_1_280' title='bbox 2148 2400 2314 2454; x_wconf 90' lang='lat' dir='ltr'><strong><em>etiam</em></strong></span> <span class='ocrx_word' id='word_1_281' title='bbox 2361 2398 2803 2453; x_wconf 84' lang='lat' dir='ltr'><strong><em>Heracliensibus</em></strong></span> <span class='ocrx_word' id='word_1_282' title='bbox 2833 2397 2937 2452; x_wconf 82' lang='lat'><strong>500</strong></span> <span class='ocrx_word' id='word_1_283' title='bbox 2972 2398 3194 2452; x_wconf 86' lang='lat' dir='ltr'><strong><em>artabas</em></strong></span> <span class='ocrx_word' id='word_1_284' title='bbox 3228 2397 3323 2468; x_wconf 84' lang='lat' dir='ltr'><strong><em>(sic</em></strong></span> <span class='ocrx_word' id='word_1_285' title='bbox 3344 2396 3521 2449; x_wconf 76' lang='lat' dir='ltr'><strong><em>Persa:</em></strong></span> 
     </span>
    </p>
   </div>
   <div class='ocr_carea' id='block_1_43' title="bbox 236 2488 1869 2565">
    <p class='ocr_par' dir='ltr' id='par_1_43' title="bbox 236 2492 1823 2565">
     <span class='ocr_line' id='line_1_43' title="bbox 236 2492 1823 2565; baseline 0 -20"><span class='ocrx_word' id='word_1_286' title='bbox 236 2500 332 2545; x_wconf 82' lang='grc' dir='ltr'><strong><em>καὶ</em></strong></span> <span class='ocrx_word' id='word_1_287' title='bbox 362 2492 496 2545; x_wconf 86' lang='grc' dir='ltr'><strong>νεὼν</strong></span> <span class='ocrx_word' id='word_1_288' title='bbox 534 2493 720 2555; x_wconf 85' lang='grc' dir='ltr'><strong>αὐτοῖς</strong></span> <span class='ocrx_word' id='word_1_289' title='bbox 752 2494 1155 2565; x_wconf 88' lang='grc' dir='ltr'><strong>Προκοννησίας</strong></span> <span class='ocrx_word' id='word_1_290' title='bbox 1185 2493 1391 2565; x_wconf 86' lang='grc' dir='ltr'><strong>πέτρας</strong></span> <span class='ocrx_word' id='word_1_291' title='bbox 1433 2494 1492 2547; x_wconf 85' lang='grc' dir='ltr'><strong>ὲν</strong></span> <span class='ocrx_word' id='word_1_292' title='bbox 1535 2494 1602 2564; x_wconf 79' lang='grc' dir='ltr'><strong>τῇ</strong></span> <span class='ocrx_word' id='word_1_293' title='bbox 1652 2494 1823 2562; x_wconf 87' lang='grc' dir='ltr'><strong>ἀκρο-</strong></span> 
     </span>
    </p>
   </div>
   <div class='ocr_carea' id='block_1_44' title="bbox 1935 2488 3523 2565">
    <p class='ocr_par' dir='ltr' id='par_1_44' title="bbox 1935 2488 3523 2561">
     <span class='ocr_line' id='line_1_44' title="bbox 1935 2488 3523 2561; baseline -0.004 -14"><span class='ocrx_word' id='word_1_294' title='bbox 1935 2494 2251 2547; x_wconf 85' lang='lat' dir='ltr'><strong><em>medimnum</em></strong></span> <span class='ocrx_word' id='word_1_295' title='bbox 2279 2491 2486 2561; x_wconf 75' lang='lat' dir='ltr'><strong><em>rorant)</em></strong></span> <span class='ocrx_word' id='word_1_296' title='bbox 2532 2489 2697 2544; x_wconf 86' lang='lat' dir='ltr'><strong><em>tritici</em></strong></span> <span class='ocrx_word' id='word_1_297' title='bbox 2732 2490 2898 2556; x_wconf 87' lang='lat' dir='ltr'><strong><em>misit,</em></strong></span> <span class='ocrx_word' id='word_1_298' title='bbox 2915 2499 2968 2543; x_wconf 90' lang='lat' dir='ltr'><strong><em>et</em></strong></span> <span class='ocrx_word' id='word_1_299' title='bbox 3003 2489 3259 2558; x_wconf 85' lang='lat' dir='ltr'><strong><em>templum</em></strong></span> <span class='ocrx_word' id='word_1_300' title='bbox 3276 2488 3523 2543; x_wconf 78' lang='lat' dir='ltr'><strong><em>HerCulis</em></strong></span> 
     </span>
    </p>
   </div>
   <div class='ocr_carea' id='block_1_45' title="bbox 236 2584 1869 2656">
    <p class='ocr_par' dir='ltr' id='par_1_45' title="bbox 236 2584 1103 2656">
     <span class='ocr_line' id='line_1_45' title="bbox 236 2584 1103 2656; baseline 0.005 -20"><span class='ocrx_word' id='word_1_301' title='bbox 236 2585 390 2637; x_wconf 82' lang='grc' dir='ltr'><strong>πόλει</strong></span> <span class='ocrx_word' id='word_1_302' title='bbox 438 2584 734 2654; x_wconf 80' lang='grc' dir='ltr'><strong>Ἡρακλέος</strong></span> <span class='ocrx_word' id='word_1_303' title='bbox 761 2585 1103 2656; x_wconf 76' lang='grc' dir='ltr'><strong>ἀνεδείματο.</strong></span> 
     </span>
    </p>
   </div>
   <div class='ocr_carea' id='block_1_46' title="bbox 1935 2584 3176 2656">
    <p class='ocr_par' dir='ltr' id='par_1_46' title="bbox 1935 2584 3176 2642">
     <span class='ocr_line' id='line_1_46' title="bbox 1935 2584 3176 2642; baseline -0.003 0"><span class='ocrx_word' id='word_1_304' title='bbox 1935 2602 1957 2642; x_wconf 80' lang='lat' dir='ltr'><strong><em>e</em></strong></span> <span class='ocrx_word' id='word_1_305' title='bbox 1983 2586 2351 2642; x_wconf 90' lang='lat' dir='ltr'><strong><em>Proconnesio</em></strong></span> <span class='ocrx_word' id='word_1_306' title='bbox 2376 2600 2510 2640; x_wconf 81' lang='lat' dir='ltr'><strong><em>saxo</em></strong></span> <span class='ocrx_word' id='word_1_307' title='bbox 2537 2584 2590 2639; x_wconf 91' lang='lat' dir='ltr'><strong><em>in</em></strong></span> <span class='ocrx_word' id='word_1_308' title='bbox 2622 2598 2749 2639; x_wconf 90' lang='lat' dir='ltr'><strong><em>arce</em></strong></span> <span class='ocrx_word' id='word_1_309' title='bbox 2777 2584 2857 2638; x_wconf 89' lang='lat' dir='ltr'><strong><em>eis</em></strong></span> <span class='ocrx_word' id='word_1_310' title='bbox 2887 2584 3176 2638; x_wconf 79' lang='lat' dir='ltr'><strong><em>exstruxit.</em></strong></span> 
     </span>
    </p>
   </div>
   <div class='ocr_carea' id='block_1_47' title="bbox 233 2723 3519 2796">
    <p class='ocr_par' dir='ltr' id='par_1_47' title="bbox 233 2723 3519 2796">
     <span class='ocr_line' id='line_1_47' title="bbox 233 2723 3519 2796; baseline -0.002 -16"><span class='ocrx_word' id='word_1_311' title='bbox 233 2725 368 2780; x_wconf 72' lang='lat' dir='ltr'><strong><em>Car.</em></strong></span> <span class='ocrx_word' id='word_1_312' title='bbox 425 2725 643 2782; x_wconf 77' lang='lat' dir='ltr'><strong><em>XXVII.</em></strong></span> <span class='ocrx_word' id='word_1_313' title='bbox 690 2756 760 2765; x_wconf 92' lang='lat'><strong><em>——</em></strong></span> <span class='ocrx_word' id='word_1_314' title='bbox 803 2725 1024 2781; x_wconf 85' lang='lat' dir='ltr'><strong><em>Summa</em></strong></span> <span class='ocrx_word' id='word_1_315' title='bbox 1089 2729 1458 2781; x_wconf 82' lang='lat' dir='ltr'><strong><em>narrationum</em></strong></span> <span class='ocrx_word' id='word_1_316' title='bbox 1503 2729 1565 2781; x_wconf 86' lang='lat' dir='ltr'><strong><em>de</em></strong></span> <span class='ocrx_word' id='word_1_317' title='bbox 1620 2726 1795 2781; x_wconf 75' lang='lat' dir='ltr'><strong><em>Roma:</em></strong></span> <span class='ocrx_word' id='word_1_318' title='bbox 1852 2727 2020 2781; x_wconf 89' lang='lat' dir='ltr'><strong><em>initiis</em></strong></span> <span class='ocrx_word' id='word_1_319' title='bbox 2075 2738 2125 2781; x_wconf 81' lang='lat' dir='ltr'><strong><em>et</em></strong></span> <span class='ocrx_word' id='word_1_320' title='bbox 2172 2728 2543 2791; x_wconf 74' lang='lat' dir='ltr'><strong><em>incrementis,</em></strong></span> <span class='ocrx_word' id='word_1_321' title='bbox 2590 2744 2770 2796; x_wconf 87' lang='lat' dir='ltr'><strong><em>regno,</em></strong></span> <span class='ocrx_word' id='word_1_322' title='bbox 2834 2724 3158 2786; x_wconf 76' lang='lat' dir='ltr'><strong><em>consulibus,</em></strong></span> <span class='ocrx_word' id='word_1_323' title='bbox 3232 2723 3519 2790; x_wconf 85' lang='lat' dir='ltr'><strong><em>imperato-</em></strong></span> 
     </span>
    </p>
   </div>
   <div class='ocr_carea' id='block_1_48' title="bbox 1120 2796 2737 2868">
    <p class='ocr_par' dir='ltr' id='par_1_48' title="bbox 1120 2796 2737 2868">
     <span class='ocr_line' id='line_1_48' title="bbox 1120 2796 2737 2868; baseline 0.002 -19"><span class='ocrx_word' id='word_1_324' title='bbox 1120 2800 1287 2863; x_wconf 84' lang='lat' dir='ltr'><strong><em>ribus,</em></strong></span> <span class='ocrx_word' id='word_1_325' title='bbox 1313 2800 1460 2853; x_wconf 88' lang='lat' dir='ltr'><strong><em>bellis</em></strong></span> <span class='ocrx_word' id='word_1_326' title='bbox 1497 2814 1614 2853; x_wconf 85' lang='lat' dir='ltr'><strong><em>cum</em></strong></span> <span class='ocrx_word' id='word_1_327' title='bbox 1630 2797 1859 2868; x_wconf 76' lang='lat' dir='ltr'><strong><em>Pyrrho,</em></strong></span> <span class='ocrx_word' id='word_1_328' title='bbox 1900 2800 2180 2867; x_wconf 81' lang='lat' dir='ltr'><strong><em>Annibale,</em></strong></span> <span class='ocrx_word' id='word_1_329' title='bbox 2216 2796 2432 2864; x_wconf 76' lang='lat' dir='ltr'><strong><em>Perseo,</em></strong></span> <span class='ocrx_word' id='word_1_330' title='bbox 2456 2798 2737 2853; x_wconf 77' lang='lat' dir='ltr'><strong><em>Antiocho.</em></strong></span> 
     </span>
    </p>
   </div>
   <div class='ocr_carea' id='block_1_49' title="bbox 306 2932 1824 3009">
    <p class='ocr_par' dir='ltr' id='par_1_49' title="bbox 306 2932 1824 3009">
     <span class='ocr_line' id='line_1_49' title="bbox 306 2932 1824 3009; baseline 0.005 -25"><span class='ocrx_word' id='word_1_331' title='bbox 306 2932 484 3003; x_wconf 83' lang='grc' dir='ltr'><strong>Μέχρι</strong></span> <span class='ocrx_word' id='word_1_332' title='bbox 525 2932 715 2986; x_wconf 82' lang='grc' dir='ltr'><strong>τούτου</strong></span> <span class='ocrx_word' id='word_1_333' title='bbox 758 2935 973 3002; x_wconf 79' lang='grc' dir='ltr'><strong>φθάσας</strong></span> <span class='ocrx_word' id='word_1_334' title='bbox 1012 2937 1041 2989; x_wconf 84' lang='grc' dir='ltr'>ὁ</span> <span class='ocrx_word' id='word_1_335' title='bbox 1082 2938 1431 3008; x_wconf 72' lang='grc' dir='ltr'><strong>συγγραφεὺς</strong></span> <span class='ocrx_word' id='word_1_336' title='bbox 1460 2940 1543 3003; x_wconf 87' lang='grc' dir='ltr'><strong><em>είς</em></strong></span> <span class='ocrx_word' id='word_1_337' title='bbox 1582 2937 1681 3009; x_wconf 85' lang='grc' dir='ltr'><strong>τὴν</strong></span> <span class='ocrx_word' id='word_1_338' title='bbox 1710 2938 1824 2991; x_wconf 64' lang='grc' dir='ltr'><strong><em>τῶν</em></strong></span> 
     </span>
    </p>
   </div>
   <div class='ocr_carea' id='block_1_50' title="bbox 250 3022 1826 3101">
    <p class='ocr_par' dir='ltr' id='par_1_50' title="bbox 250 3022 1826 3101">
     <span class='ocr_line' id='line_1_50' title="bbox 250 3022 1826 3101; baseline 0.005 -26"><span class='ocrx_word' id='word_1_339' title='bbox 250 3022 538 3093; x_wconf 82' lang='grc' dir='ltr'><strong>Ῥωμαίων</strong></span> <span class='ocrx_word' id='word_1_340' title='bbox 584 3026 948 3096; x_wconf 84' lang='grc' dir='ltr'><strong>ἐπικράτειαν</strong></span> <span class='ocrx_word' id='word_1_341' title='bbox 980 3027 1079 3099; x_wconf 79' lang='grc' dir='ltr'><strong>τὴν</strong></span> <span class='ocrx_word' id='word_1_342' title='bbox 1130 3029 1359 3101; x_wconf 79' lang='grc' dir='ltr'><strong>ἐκϐολὴν</strong></span> <span class='ocrx_word' id='word_1_343' title='bbox 1406 3032 1665 3093; x_wconf 85' lang='grc' dir='ltr'><strong>ποιεῖται,</strong></span> <span class='ocrx_word' id='word_1_344' title='bbox 1704 3031 1826 3083; x_wconf 87' lang='grc' dir='ltr'><strong>ὅθεν</strong></span> 
     </span>
    </p>
   </div>
   <div class='ocr_carea' id='block_1_51' title="bbox 235 3115 1822 3189">
    <p class='ocr_par' dir='ltr' id='par_1_51' title="bbox 235 3115 1822 3189">
     <span class='ocr_line' id='line_1_51' title="bbox 235 3115 1822 3189; baseline 0.001 -21"><span class='ocrx_word' id='word_1_345' title='bbox 235 3134 292 3169; x_wconf 82' lang='grc' dir='ltr'><strong><em>τε</em></strong></span> <span class='ocrx_word' id='word_1_346' title='bbox 324 3117 516 3185; x_wconf 83' lang='grc' dir='ltr'><strong>γένους</strong></span> <span class='ocrx_word' id='word_1_347' title='bbox 542 3115 770 3183; x_wconf 75' lang='grc' dir='ltr'><strong>ἔφυσαν,</strong></span> <span class='ocrx_word' id='word_1_348' title='bbox 803 3117 897 3169; x_wconf 79' lang='grc' dir='ltr'><strong><em>καὶ</em></strong></span> <span class='ocrx_word' id='word_1_349' title='bbox 934 3118 1058 3171; x_wconf 85' lang='grc' dir='ltr'><strong>τίνα</strong></span> <span class='ocrx_word' id='word_1_350' title='bbox 1088 3118 1289 3188; x_wconf 87' lang='grc' dir='ltr'><strong>τρόπον</strong></span> <span class='ocrx_word' id='word_1_351' title='bbox 1338 3120 1435 3189; x_wconf 84' lang='grc' dir='ltr'><strong>τῆς</strong></span> <span class='ocrx_word' id='word_1_352' title='bbox 1471 3118 1699 3181; x_wconf 84' lang='grc' dir='ltr'><strong>Ἰταλίας</strong></span> <span class='ocrx_word' id='word_1_353' title='bbox 1732 3119 1822 3169; x_wconf 87' lang='grc' dir='ltr'><strong><em>ὲν-</em></strong></span> 
     </span>
    </p>
   </div>
   <div class='ocr_carea' id='block_1_52' title="bbox 231 3208 1820 3283">
    <p class='ocr_par' dir='ltr' id='par_1_52' title="bbox 231 3208 1820 3283">
     <span class='ocr_line' id='line_1_52' title="bbox 231 3208 1820 3283; baseline 0.005 -22"><span class='ocrx_word' id='word_1_354' title='bbox 231 3208 409 3261; x_wconf 76' lang='grc' dir='ltr'><strong><em>ταῦθα</em></strong></span> <span class='ocrx_word' id='word_1_355' title='bbox 441 3208 791 3279; x_wconf 77' lang='grc' dir='ltr'><strong>κατῴκησαν,</strong></span> <span class='ocrx_word' id='word_1_356' title='bbox 810 3208 910 3261; x_wconf 85' lang='grc' dir='ltr'><strong>ὅσα</strong></span> <span class='ocrx_word' id='word_1_357' title='bbox 937 3226 995 3261; x_wconf 89' lang='grc' dir='ltr'><strong><em>τε</em></strong></span> <span class='ocrx_word' id='word_1_358' title='bbox 1027 3212 1107 3272; x_wconf 88' lang='grc' dir='ltr'><strong><em>είς</em></strong></span> <span class='ocrx_word' id='word_1_359' title='bbox 1130 3210 1229 3281; x_wconf 86' lang='grc' dir='ltr'><strong><em>τὴν</em></strong></span> <span class='ocrx_word' id='word_1_360' title='bbox 1257 3212 1358 3282; x_wconf 84' lang='grc' dir='ltr'><strong>τῆς</strong></span> <span class='ocrx_word' id='word_1_361' title='bbox 1392 3212 1610 3283; x_wconf 87' lang='grc' dir='ltr'><strong>Ῥώμης</strong></span> <span class='ocrx_word' id='word_1_362' title='bbox 1641 3214 1820 3270; x_wconf 88' lang='grc' dir='ltr'><strong>κτίσιν</strong></span> 
     </span>
    </p>
   </div>
   <div class='ocr_carea' id='block_1_53' title="bbox 230 3300 1821 3376">
    <p class='ocr_par' dir='ltr' id='par_1_53' title="bbox 230 3300 1821 3376">
     <span class='ocr_line' id='line_1_53' title="bbox 230 3300 1821 3376; baseline 0.004 -20"><span class='ocrx_word' id='word_1_363' title='bbox 230 3301 515 3373; x_wconf 77' lang='grc' dir='ltr'><strong>προῦλαϐέ</strong></span> <span class='ocrx_word' id='word_1_364' title='bbox 539 3319 598 3354; x_wconf 93' lang='grc' dir='ltr'><strong><em>τε</em></strong></span> <span class='ocrx_word' id='word_1_365' title='bbox 625 3302 721 3354; x_wconf 74' lang='grc' dir='ltr'><strong><em>καὶ</em></strong></span> <span class='ocrx_word' id='word_1_366' title='bbox 749 3300 1025 3372; x_wconf 80' lang='grc' dir='ltr'><strong>ἐπράχθη,</strong></span> <span class='ocrx_word' id='word_1_367' title='bbox 1060 3304 1154 3356; x_wconf 75' lang='grc' dir='ltr'><strong><em>καὶ</em></strong></span> <span class='ocrx_word' id='word_1_368' title='bbox 1183 3303 1291 3357; x_wconf 88' lang='grc' dir='ltr'><strong>τῶν</strong></span> <span class='ocrx_word' id='word_1_369' title='bbox 1329 3306 1689 3376; x_wconf 82' lang='grc' dir='ltr'><strong>ἐπαρξάντων</strong></span> <span class='ocrx_word' id='word_1_370' title='bbox 1722 3309 1821 3362; x_wconf 89' lang='grc' dir='ltr'><strong>αύ-</strong></span> 
     </span>
    </p>
   </div>
   <div class='ocr_carea' id='block_1_54' title="bbox 228 3394 1819 3472">
    <p class='ocr_par' dir='ltr' id='par_1_54' title="bbox 228 3394 1819 3472">
     <span class='ocr_line' id='line_1_54' title="bbox 228 3394 1819 3472; baseline 0.006 -25"><span class='ocrx_word' id='word_1_371' title='bbox 228 3396 343 3448; x_wconf 84' lang='grc' dir='ltr'><strong>τῶν</strong></span> <span class='ocrx_word' id='word_1_372' title='bbox 370 3394 695 3466; x_wconf 78' lang='grc' dir='ltr'><strong>ἐπιτρέχων,</strong></span> <span class='ocrx_word' id='word_1_373' title='bbox 716 3396 811 3448; x_wconf 76' lang='grc' dir='ltr'><strong><em>καὶ</em></strong></span> <span class='ocrx_word' id='word_1_374' title='bbox 837 3397 973 3467; x_wconf 72' lang='grc' dir='ltr'><strong>πρὸς</strong></span> <span class='ocrx_word' id='word_1_375' title='bbox 998 3394 1092 3461; x_wconf 84' lang='grc' dir='ltr'><strong><em>οὓς</em></strong></span> <span class='ocrx_word' id='word_1_376' title='bbox 1117 3396 1374 3468; x_wconf 83' lang='grc' dir='ltr'><strong>πολέμοις</strong></span> <span class='ocrx_word' id='word_1_377' title='bbox 1398 3400 1819 3472; x_wconf 74' lang='grc' dir='ltr'><strong>διηγωνίσαντο,</strong></span> 
     </span>
    </p>
   </div>
   <div class='ocr_carea' id='block_1_55' title="bbox 230 3487 1826 3567">
    <p class='ocr_par' dir='ltr' id='par_1_55' title="bbox 230 3487 1826 3567">
     <span class='ocr_line' id='line_1_55' title="bbox 230 3487 1826 3567; baseline 0.006 -29"><span class='ocrx_word' id='word_1_378' title='bbox 230 3489 330 3539; x_wconf 79' lang='grc' dir='ltr'><strong>καὶ</strong></span> <span class='ocrx_word' id='word_1_379' title='bbox 379 3488 478 3553; x_wconf 86' lang='grc' dir='ltr'><strong><em>τήν</em></strong></span> <span class='ocrx_word' id='word_1_380' title='bbox 510 3504 567 3539; x_wconf 87' lang='grc' dir='ltr'><strong><em>τε</em></strong></span> <span class='ocrx_word' id='word_1_381' title='bbox 599 3487 707 3541; x_wconf 85' lang='grc' dir='ltr'><strong><em>τῶν</em></strong></span> <span class='ocrx_word' id='word_1_382' title='bbox 754 3487 1023 3557; x_wconf 86' lang='grc' dir='ltr'><strong>βασιλέων</strong></span> <span class='ocrx_word' id='word_1_383' title='bbox 1079 3490 1417 3545; x_wconf 85' lang='grc' dir='ltr'><strong>κατάστασιν</strong></span> <span class='ocrx_word' id='word_1_384' title='bbox 1459 3494 1555 3548; x_wconf 73' lang='grc' dir='ltr'><strong>καὶ</strong></span> <span class='ocrx_word' id='word_1_385' title='bbox 1598 3494 1698 3567; x_wconf 82' lang='grc' dir='ltr'><strong>τὴν</strong></span> <span class='ocrx_word' id='word_1_386' title='bbox 1745 3496 1826 3559; x_wconf 83' lang='grc' dir='ltr'><strong><em>είς</em></strong></span> 
     </span>
    </p>
   </div>
   <div class='ocr_carea' id='block_1_56' title="bbox 227 3580 1826 3655">
    <p class='ocr_par' dir='ltr' id='par_1_56' title="bbox 227 3580 1826 3655">
     <span class='ocr_line' id='line_1_56' title="bbox 227 3580 1826 3655; baseline 0.006 -25"><span class='ocrx_word' id='word_1_387' title='bbox 227 3580 478 3641; x_wconf 79' lang='grc' dir='ltr'><strong>ὑπάτους</strong></span> <span class='ocrx_word' id='word_1_388' title='bbox 532 3580 630 3649; x_wconf 84' lang='grc' dir='ltr'><strong>τῆς</strong></span> <span class='ocrx_word' id='word_1_389' title='bbox 690 3580 993 3650; x_wconf 85' lang='grc' dir='ltr'><strong>μοναρχίας</strong></span> <span class='ocrx_word' id='word_1_390' title='bbox 1049 3582 1373 3655; x_wconf 83' lang='grc' dir='ltr'><strong>μεταϐολὴν,</strong></span> <span class='ocrx_word' id='word_1_391' title='bbox 1404 3584 1554 3650; x_wconf 82' lang='grc' dir='ltr'><strong>ὅπως</strong></span> <span class='ocrx_word' id='word_1_392' title='bbox 1610 3604 1671 3639; x_wconf 87' lang='grc' dir='ltr'><strong><em>τε</em></strong></span> <span class='ocrx_word' id='word_1_393' title='bbox 1720 3586 1826 3640; x_wconf 81' lang='grc' dir='ltr'><strong><em>ὑπὸ</em></strong></span> 
     </span>
    </p>
   </div>
   <div class='ocr_carea' id='block_1_57' title="bbox 226 3670 1822 3749">
    <p class='ocr_par' dir='ltr' id='par_1_57' title="bbox 226 3670 1822 3749">
     <span class='ocr_line' id='line_1_57' title="bbox 226 3670 1822 3749; baseline 0.007 -28"><span class='ocrx_word' id='word_1_394' title='bbox 226 3670 492 3723; x_wconf 83' lang='grc' dir='ltr'><strong>Γαλατῶν</strong></span> <span class='ocrx_word' id='word_1_395' title='bbox 534 3670 795 3740; x_wconf 85' lang='grc' dir='ltr'><strong>Ῥωμαῖοι</strong></span> <span class='ocrx_word' id='word_1_396' title='bbox 826 3672 1143 3743; x_wconf 78' lang='grc' dir='ltr'><strong>ἡττήθησαν</strong></span> <span class='ocrx_word' id='word_1_397' title='bbox 1176 3674 1245 3741; x_wconf 71' lang='grc'><strong><em>⁷⁸,</em></strong></span> <span class='ocrx_word' id='word_1_398' title='bbox 1288 3677 1383 3729; x_wconf 80' lang='grc' dir='ltr'><strong><em>καὶ</em></strong></span> <span class='ocrx_word' id='word_1_399' title='bbox 1412 3676 1530 3747; x_wconf 75' lang='grc' dir='ltr'><strong>ἥλω</strong></span> <span class='ocrx_word' id='word_1_400' title='bbox 1560 3677 1628 3731; x_wconf 84' lang='grc' dir='ltr'><strong>ἂν</strong></span> <span class='ocrx_word' id='word_1_401' title='bbox 1658 3680 1693 3749; x_wconf 93' lang='grc' dir='ltr'><strong><em>ή</em></strong></span> <span class='ocrx_word' id='word_1_402' title='bbox 1722 3681 1822 3732; x_wconf 85' lang='grc' dir='ltr'><strong>πό-</strong></span> 
     </span>
    </p>
   </div>
   <div class='ocr_carea' id='block_1_58' title="bbox 227 3761 1829 3839">
    <p class='ocr_par' dir='ltr' id='par_1_58' title="bbox 227 3761 1829 3839">
     <span class='ocr_line' id='line_1_58' title="bbox 227 3761 1829 3839; baseline 0.003 -25"><span class='ocrx_word' id='word_1_403' title='bbox 227 3762 345 3826; x_wconf 88' lang='grc' dir='ltr'><strong>λις,</strong></span> <span class='ocrx_word' id='word_1_404' title='bbox 395 3763 445 3813; x_wconf 80' lang='grc' dir='ltr'><strong><em>εἰ</em></strong></span> <span class='ocrx_word' id='word_1_405' title='bbox 494 3761 569 3831; x_wconf 89' lang='grc' dir='ltr'><strong>μὴ</strong></span> <span class='ocrx_word' id='word_1_406' title='bbox 608 3761 893 3833; x_wconf 86' lang='grc' dir='ltr'><strong>Κάμιλλος</strong></span> <span class='ocrx_word' id='word_1_407' title='bbox 922 3762 970 3792; x_wconf 85' lang='grc'>⁷³</span> <span class='ocrx_word' id='word_1_408' title='bbox 1001 3762 1375 3836; x_wconf 78' lang='grc' dir='ltr'><strong>ἐπιϐοηθήσας</strong></span> <span class='ocrx_word' id='word_1_409' title='bbox 1416 3765 1515 3836; x_wconf 85' lang='grc' dir='ltr'><strong>τὴν</strong></span> <span class='ocrx_word' id='word_1_410' title='bbox 1549 3766 1707 3820; x_wconf 86' lang='grc' dir='ltr'><strong>πόλιν</strong></span> <span class='ocrx_word' id='word_1_411' title='bbox 1743 3770 1829 3839; x_wconf 61' lang='lat' dir='ltr'><strong><em>ep.</em></strong></span> 
     </span>
    </p>
   </div>
   <div class='ocr_carea' id='block_1_59' title="bbox 228 3852 1827 3926">
    <p class='ocr_par' dir='ltr' id='par_1_59' title="bbox 228 3852 1827 3926">
     <span class='ocr_line' id='line_1_59' title="bbox 228 3852 1827 3926; baseline 0.006 -22"><span class='ocrx_word' id='word_1_412' title='bbox 228 3853 462 3924; x_wconf 76' lang='grc' dir='ltr'><strong>ῥύσατο.</strong></span> <span class='ocrx_word' id='word_1_413' title='bbox 488 3852 617 3923; x_wconf 67' lang='lat'><strong><em>[725</em></strong></span> <span class='ocrx_word' id='word_1_414' title='bbox 652 3852 741 3923; x_wconf 61' lang='lat' dir='ltr'><strong><em>IL]</em></strong></span> <span class='ocrx_word' id='word_1_415' title='bbox 769 3852 959 3916; x_wconf 88' lang='grc' dir='ltr'><strong>Ὅπως</strong></span> <span class='ocrx_word' id='word_1_416' title='bbox 985 3871 1044 3907; x_wconf 91' lang='grc' dir='ltr'><strong><em>τε</em></strong></span> <span class='ocrx_word' id='word_1_417' title='bbox 1073 3855 1168 3907; x_wconf 84' lang='grc' dir='ltr'><strong><em>ἐπί</em></strong></span> <span class='ocrx_word' id='word_1_418' title='bbox 1190 3857 1289 3926; x_wconf 81' lang='grc' dir='ltr'><strong>τὴν</strong></span> <span class='ocrx_word' id='word_1_419' title='bbox 1330 3857 1519 3911; x_wconf 78' lang='grc' dir='ltr'><strong>Ἀσίαν</strong></span> <span class='ocrx_word' id='word_1_420' title='bbox 1575 3858 1827 3925; x_wconf 77' lang='grc' dir='ltr'><strong>Ἀλεξάν-</strong></span> 
     </span>
    </p>
   </div>
   <div class='ocr_carea' id='block_1_60' title="bbox 224 3947 1828 4023">
    <p class='ocr_par' dir='ltr' id='par_1_60' title="bbox 224 3947 1828 4023">
     <span class='ocr_line' id='line_1_60' title="bbox 224 3947 1828 4023; baseline 0.003 -23"><span class='ocrx_word' id='word_1_421' title='bbox 224 3948 352 4018; x_wconf 59' lang='lat' dir='ltr'><strong><em>Epig</em></strong></span> <span class='ocrx_word' id='word_1_422' title='bbox 381 3947 736 4010; x_wconf 87' lang='grc' dir='ltr'><strong>διαϐαίνοντι,</strong></span> <span class='ocrx_word' id='word_1_423' title='bbox 785 3947 877 3999; x_wconf 81' lang='grc' dir='ltr'><strong><em>καὶ</em></strong></span> <span class='ocrx_word' id='word_1_424' title='bbox 922 3948 1257 4020; x_wconf 80' lang='grc' dir='ltr'><strong>γράψαντιῆ</strong></span> <span class='ocrx_word' id='word_1_425' title='bbox 1306 3952 1553 4021; x_wconf 87' lang='grc' dir='ltr'><strong>κρατεῖν,</strong></span> <span class='ocrx_word' id='word_1_426' title='bbox 1592 3951 1688 4005; x_wconf 76' lang='grc' dir='ltr'><strong>ἐὰν</strong></span> <span class='ocrx_word' id='word_1_427' title='bbox 1730 3951 1828 4023; x_wconf 83' lang='grc' dir='ltr'><strong><em>ἄρ-</em></strong></span> 
     </span>
    </p>
   </div>
   <div class='ocr_carea' id='block_1_61' title="bbox 226 4038 1826 4113">
    <p class='ocr_par' dir='ltr' id='par_1_61' title="bbox 226 4038 1826 4113">
     <span class='ocr_line' id='line_1_61' title="bbox 226 4038 1826 4113; baseline 0.004 -21"><span class='ocrx_word' id='word_1_428' title='bbox 226 4057 356 4110; x_wconf 86' lang='grc' dir='ltr'><strong>χειν</strong></span> <span class='ocrx_word' id='word_1_429' title='bbox 378 4038 665 4103; x_wconf 81' lang='grc' dir='ltr'><strong>δύνωνται,</strong></span> <span class='ocrx_word' id='word_1_430' title='bbox 696 4038 727 4108; x_wconf 80' lang='grc' dir='ltr'><strong>ῆ</strong></span> <span class='ocrx_word' id='word_1_431' title='bbox 766 4041 881 4101; x_wconf 90' lang='grc' dir='ltr'><strong>τοῖς</strong></span> <span class='ocrx_word' id='word_1_432' title='bbox 916 4039 1223 4110; x_wconf 84' lang='grc' dir='ltr'><strong>κρείττοσιν</strong></span> <span class='ocrx_word' id='word_1_433' title='bbox 1255 4041 1522 4107; x_wconf 83' lang='grc' dir='ltr'><strong>ὑπείκειν,</strong></span> <span class='ocrx_word' id='word_1_434' title='bbox 1562 4044 1826 4113; x_wconf 86' lang='grc' dir='ltr'><strong>στέφανον</strong></span> 
     </span>
    </p>
   </div>
   <div class='ocr_carea' id='block_1_62' title="bbox 228 4131 1823 4209">
    <p class='ocr_par' dir='ltr' id='par_1_62' title="bbox 228 4131 1823 4209">
     <span class='ocr_line' id='line_1_62' title="bbox 228 4131 1823 4209; baseline 0.004 -23"><span class='ocrx_word' id='word_1_435' title='bbox 228 4131 477 4205; x_wconf 80' lang='grc' dir='ltr'><strong>χρυσοῦν</strong></span> <span class='ocrx_word' id='word_1_436' title='bbox 510 4133 619 4186; x_wconf 77' lang='grc' dir='ltr'><strong><em>ἀπὸ</em></strong></span> <span class='ocrx_word' id='word_1_437' title='bbox 653 4131 853 4185; x_wconf 78' lang='grc' dir='ltr'><strong>ἱκανῶν</strong></span> <span class='ocrx_word' id='word_1_438' title='bbox 876 4132 1153 4186; x_wconf 83' lang='grc' dir='ltr'><strong>ταλάντων</strong></span> <span class='ocrx_word' id='word_1_439' title='bbox 1187 4134 1448 4202; x_wconf 78' lang='grc' dir='ltr'><strong>Ῥωμαῖοι</strong></span> <span class='ocrx_word' id='word_1_440' title='bbox 1475 4136 1823 4209; x_wconf 81' lang='grc' dir='ltr'><strong>ἐξέπεμψαν·</strong></span> 
     </span>
    </p>
   </div>
   <div class='ocr_carea' id='block_1_63' title="bbox 230 4224 1828 4297">
    <p class='ocr_par' dir='ltr' id='par_1_63' title="bbox 230 4224 1828 4297">
     <span class='ocr_line' id='line_1_63' title="bbox 230 4224 1828 4297; baseline 0.003 -18"><span class='ocrx_word' id='word_1_441' title='bbox 230 4227 336 4279; x_wconf 78' lang='grc' dir='ltr'><strong><em>καὶ</em></strong></span> <span class='ocrx_word' id='word_1_442' title='bbox 376 4227 453 4289; x_wconf 81' lang='grc' dir='ltr'><strong>ὡς</strong></span> <span class='ocrx_word' id='word_1_443' title='bbox 487 4226 623 4295; x_wconf 84' lang='grc' dir='ltr'><strong>πρὸς</strong></span> <span class='ocrx_word' id='word_1_444' title='bbox 651 4224 1023 4295; x_wconf 86' lang='grc' dir='ltr'><strong>Ταραντίνους</strong></span> <span class='ocrx_word' id='word_1_445' title='bbox 1062 4227 1158 4279; x_wconf 72' lang='grc' dir='ltr'><strong>καὶ</strong></span> <span class='ocrx_word' id='word_1_446' title='bbox 1192 4227 1408 4297; x_wconf 64' lang='grc' dir='ltr'><strong>Πύρρον</strong></span> <span class='ocrx_word' id='word_1_447' title='bbox 1432 4229 1478 4260; x_wconf 86' lang='grc'><strong><em>⁷⁶</em></strong></span> <span class='ocrx_word' id='word_1_448' title='bbox 1508 4229 1599 4282; x_wconf 84' lang='grc' dir='ltr'><strong>τὸν</strong></span> <span class='ocrx_word' id='word_1_449' title='bbox 1639 4230 1828 4284; x_wconf 83' lang='grc' dir='ltr'><strong>Ἠπει-</strong></span> 
     </span>
    </p>
   </div>
   <div class='ocr_carea' id='block_1_64' title="bbox 229 4316 1828 4393">
    <p class='ocr_par' dir='ltr' id='par_1_64' title="bbox 229 4316 1828 4393">
     <span class='ocr_line' id='line_1_64' title="bbox 229 4316 1828 4393; baseline 0.006 -23"><span class='ocrx_word' id='word_1_450' title='bbox 229 4317 428 4389; x_wconf 81' lang='grc' dir='ltr'><strong>ρώτην</strong></span> <span class='ocrx_word' id='word_1_451' title='bbox 486 4316 879 4387; x_wconf 81' lang='grc' dir='ltr'><strong>συμμαχοῦντα</strong></span> <span class='ocrx_word' id='word_1_452' title='bbox 926 4316 1140 4381; x_wconf 87' lang='grc' dir='ltr'><strong>τούτοις</strong></span> <span class='ocrx_word' id='word_1_453' title='bbox 1196 4319 1565 4393; x_wconf 87' lang='grc' dir='ltr'><strong>ἐπολέμησαν,</strong></span> <span class='ocrx_word' id='word_1_454' title='bbox 1616 4326 1710 4377; x_wconf 77' lang='grc' dir='ltr'><strong><em>καὶ</em></strong></span> <span class='ocrx_word' id='word_1_455' title='bbox 1759 4324 1828 4379; x_wconf 82' lang='grc' dir='ltr'><strong>τὰ</strong></span> 
     </span>
    </p>
   </div>
   <div class='ocr_carea' id='block_1_65' title="bbox 227 4406 1827 4483">
    <p class='ocr_par' dir='ltr' id='par_1_65' title="bbox 227 4406 1827 4483">
     <span class='ocr_line' id='line_1_65' title="bbox 227 4406 1827 4483; baseline 0.005 -22"><span class='ocrx_word' id='word_1_456' title='bbox 227 4409 346 4477; x_wconf 85' lang='grc' dir='ltr'><strong><em>μὲν</em></strong></span> <span class='ocrx_word' id='word_1_457' title='bbox 378 4408 678 4473; x_wconf 89' lang='grc' dir='ltr'><strong>παθόντες,</strong></span> <span class='ocrx_word' id='word_1_458' title='bbox 712 4408 780 4461; x_wconf 77' lang='grc' dir='ltr'><strong>τὰ</strong></span> <span class='ocrx_word' id='word_1_459' title='bbox 810 4406 866 4460; x_wconf 84' lang='grc' dir='ltr'><strong>δὲ</strong></span> <span class='ocrx_word' id='word_1_460' title='bbox 896 4408 1081 4470; x_wconf 87' lang='grc' dir='ltr'><strong>κακῶς</strong></span> <span class='ocrx_word' id='word_1_461' title='bbox 1128 4410 1257 4473; x_wconf 81' lang='grc' dir='ltr'><strong>τοὺς</strong></span> <span class='ocrx_word' id='word_1_462' title='bbox 1316 4412 1610 4483; x_wconf 88' lang='grc' dir='ltr'><strong>πολεμίους</strong></span> <span class='ocrx_word' id='word_1_463' title='bbox 1645 4416 1827 4469; x_wconf 87' lang='grc' dir='ltr'><strong>διαθέ-</strong></span> 
     </span>
    </p>
   </div>
   <div class='ocr_carea' id='block_1_66' title="bbox 227 4499 1828 4576">
    <p class='ocr_par' dir='ltr' id='par_1_66' title="bbox 227 4499 1828 4576">
     <span class='ocr_line' id='line_1_66' title="bbox 227 4499 1828 4576; baseline 0.006 -23"><span class='ocrx_word' id='word_1_464' title='bbox 227 4517 420 4570; x_wconf 86' lang='grc' dir='ltr'><strong>μενοι,</strong></span> <span class='ocrx_word' id='word_1_465' title='bbox 453 4499 822 4570; x_wconf 86' lang='grc' dir='ltr'><strong>Ταραντίνους</strong></span> <span class='ocrx_word' id='word_1_466' title='bbox 856 4499 955 4569; x_wconf 85' lang='grc' dir='ltr'><strong><em>μέν</em></strong></span> <span class='ocrx_word' id='word_1_467' title='bbox 980 4499 1352 4570; x_wconf 81' lang='grc' dir='ltr'><strong>ὑπηγάγοντο,</strong></span> <span class='ocrx_word' id='word_1_468' title='bbox 1376 4502 1595 4576; x_wconf 76' lang='grc' dir='ltr'><strong>Πύρρον</strong></span> <span class='ocrx_word' id='word_1_469' title='bbox 1624 4506 1681 4559; x_wconf 79' lang='grc' dir='ltr'><strong><em>δὲ</em></strong></span> <span class='ocrx_word' id='word_1_470' title='bbox 1716 4507 1828 4562; x_wconf 86' lang='grc' dir='ltr'><strong><em>τῶν</em></strong></span> 
     </span>
    </p>
   </div>
   <div class='ocr_carea' id='block_1_67' title="bbox 220 4592 1830 4670">
    <p class='ocr_par' dir='ltr' id='par_1_67' title="bbox 220 4592 1830 4670">
     <span class='ocr_line' id='line_1_67' title="bbox 220 4592 1830 4670; baseline 0.007 -26"><span class='ocrx_word' id='word_1_471' title='bbox 220 4593 343 4663; x_wconf 71' lang='grc' dir='ltr'><strong>τῆς</strong></span> <span class='ocrx_word' id='word_1_472' title='bbox 384 4592 617 4656; x_wconf 84' lang='grc' dir='ltr'><strong>Ἰταλίας</strong></span> <span class='ocrx_word' id='word_1_473' title='bbox 641 4594 955 4663; x_wconf 85' lang='grc' dir='ltr'><strong>ἀπήλασαν.</strong></span> <span class='ocrx_word' id='word_1_474' title='bbox 993 4593 1135 4648; x_wconf 89' lang='grc' dir='ltr'><strong><em>Ὅσα</em></strong></span> <span class='ocrx_word' id='word_1_475' title='bbox 1163 4613 1222 4648; x_wconf 85' lang='grc' dir='ltr'><strong><em>τε</em></strong></span> <span class='ocrx_word' id='word_1_476' title='bbox 1252 4596 1390 4666; x_wconf 76' lang='grc' dir='ltr'><strong>πρὸς</strong></span> <span class='ocrx_word' id='word_1_477' title='bbox 1419 4598 1830 4670; x_wconf 83' lang='grc' dir='ltr'><strong>Καρχηδονίους</strong></span> 
     </span>
    </p>
   </div>
   <div class='ocr_carea' id='block_1_68' title="bbox 221 4682 1829 4759">
    <p class='ocr_par' dir='ltr' id='par_1_68' title="bbox 221 4682 1829 4759">
     <span class='ocr_line' id='line_1_68' title="bbox 221 4682 1829 4759; baseline -0.002 -22"><span class='ocrx_word' id='word_1_478' title='bbox 221 4684 340 4737; x_wconf 76' lang='grc' dir='ltr'><strong>καὶ</strong></span> <span class='ocrx_word' id='word_1_479' title='bbox 384 4682 633 4735; x_wconf 79' lang='grc' dir='ltr'><strong>Ἀννίϐαν</strong></span> <span class='ocrx_word' id='word_1_480' title='bbox 668 4682 966 4752; x_wconf 83' lang='grc' dir='ltr'><strong>Ῥωμαίοις</strong></span> <span class='ocrx_word' id='word_1_481' title='bbox 1014 4683 1285 4754; x_wconf 77' lang='grc' dir='ltr'><strong>ἐπράχθη,</strong></span> <span class='ocrx_word' id='word_1_482' title='bbox 1343 4685 1439 4737; x_wconf 80' lang='grc' dir='ltr'><strong>καὶ</strong></span> <span class='ocrx_word' id='word_1_483' title='bbox 1470 4686 1571 4738; x_wconf 81' lang='grc' dir='ltr'><strong>ὅσα</strong></span> <span class='ocrx_word' id='word_1_484' title='bbox 1606 4687 1651 4718; x_wconf 83' lang='grc'><strong>⁷⁷</strong></span> <span class='ocrx_word' id='word_1_485' title='bbox 1692 4688 1829 4759; x_wconf 80' lang='grc' dir='ltr'><strong>πρὸς</strong></span> 
     </span>
    </p>
   </div>
   <div class='ocr_carea' id='block_1_69' title="bbox 2002 2938 3521 3010">
    <p class='ocr_par' dir='ltr' id='par_1_69' title="bbox 2002 2938 3521 3010">
     <span class='ocr_line' id='line_1_69' title="bbox 2002 2938 3521 3010; baseline 0.003 -17"><span class='ocrx_word' id='word_1_486' title='bbox 2002 2939 2123 2994; x_wconf 83' lang='lat' dir='ltr'><strong><em>Huc</em></strong></span> <span class='ocrx_word' id='word_1_487' title='bbox 2147 2947 2339 2994; x_wconf 76' lang='lat' dir='ltr'><strong><em>auctor</em></strong></span> <span class='ocrx_word' id='word_1_488' title='bbox 2381 2954 2708 3010; x_wconf 86' lang='lat' dir='ltr'><strong><em>progressus</em></strong></span> <span class='ocrx_word' id='word_1_489' title='bbox 2757 2939 2825 2994; x_wconf 88' lang='lat' dir='ltr'><strong><em>ad</em></strong></span> <span class='ocrx_word' id='word_1_490' title='bbox 2891 2939 3182 3010; x_wconf 91' lang='lat' dir='ltr'><strong><em>imperium</em></strong></span> <span class='ocrx_word' id='word_1_491' title='bbox 3217 2938 3521 2997; x_wconf 82' lang='lat' dir='ltr'><strong><em>Romanum</em></strong></span> 
     </span>
    </p>
   </div>
   <div class='ocr_carea' id='block_1_70' title="bbox 1934 3029 3525 3101">
    <p class='ocr_par' dir='ltr' id='par_1_70' title="bbox 1934 3029 3525 3101">
     <span class='ocr_line' id='line_1_70' title="bbox 1934 3029 3525 3101; baseline 0.003 -16"><span class='ocrx_word' id='word_1_492' title='bbox 1934 3030 2318 3086; x_wconf 81' lang='lat' dir='ltr'><strong><em>excursionem</em></strong></span> <span class='ocrx_word' id='word_1_493' title='bbox 2348 3029 2479 3086; x_wconf 78' lang='lat' dir='ltr'><strong><em>fecit</em></strong></span> <span class='ocrx_word' id='word_1_494' title='bbox 2509 3048 2524 3086; x_wconf 87' lang='lat'><strong>:</strong></span> <span class='ocrx_word' id='word_1_495' title='bbox 2550 3046 2660 3101; x_wconf 91' lang='lat' dir='ltr'><strong><em>quo</em></strong></span> <span class='ocrx_word' id='word_1_496' title='bbox 2695 3046 2896 3100; x_wconf 80' lang='lat' dir='ltr'><strong><em>genere</em></strong></span> <span class='ocrx_word' id='word_1_497' title='bbox 2940 3032 3069 3098; x_wconf 90' lang='lat' dir='ltr'><strong><em>orti,</em></strong></span> <span class='ocrx_word' id='word_1_498' title='bbox 3101 3034 3372 3101; x_wconf 85' lang='lat' dir='ltr'><strong><em>quomodo</em></strong></span> <span class='ocrx_word' id='word_1_499' title='bbox 3407 3034 3525 3090; x_wconf 66' lang='lat' dir='ltr'><strong><em>haec</em></strong></span> 
     </span>
    </p>
   </div>
   <div class='ocr_carea' id='block_1_71' title="bbox 1930 3123 3522 3194">
    <p class='ocr_par' dir='ltr' id='par_1_71' title="bbox 1930 3123 3522 3194">
     <span class='ocr_line' id='line_1_71' title="bbox 1930 3123 3522 3194; baseline 0.002 -16"><span class='ocrx_word' id='word_1_500' title='bbox 1930 3123 2098 3179; x_wconf 80' lang='lat' dir='ltr'><strong><em>Italiae</em></strong></span> <span class='ocrx_word' id='word_1_501' title='bbox 2124 3124 2245 3179; x_wconf 88' lang='lat' dir='ltr'><strong><em>loca</em></strong></span> <span class='ocrx_word' id='word_1_502' title='bbox 2289 3124 2591 3179; x_wconf 91' lang='lat' dir='ltr'><strong><em>insederint</em></strong></span> <span class='ocrx_word' id='word_1_503' title='bbox 2622 3141 2636 3179; x_wconf 89' lang='lat'><strong>:</strong></span> <span class='ocrx_word' id='word_1_504' title='bbox 2663 3138 2896 3194; x_wconf 70' lang='lat' dir='ltr'><strong><em>quaeque</em></strong></span> <span class='ocrx_word' id='word_1_505' title='bbox 2936 3133 3063 3179; x_wconf 85' lang='lat' dir='ltr'><strong><em>ante</em></strong></span> <span class='ocrx_word' id='word_1_506' title='bbox 3095 3127 3285 3180; x_wconf 90' lang='lat' dir='ltr'><strong><em>urbem</em></strong></span> <span class='ocrx_word' id='word_1_507' title='bbox 3327 3127 3522 3181; x_wconf 86' lang='lat' dir='ltr'><strong><em>condi-</em></strong></span> 
     </span>
    </p>
   </div>
   <div class='ocr_carea' id='block_1_72' title="bbox 1930 3216 3525 3297">
    <p class='ocr_par' dir='ltr' id='par_1_72' title="bbox 1930 3216 3525 3297">
     <span class='ocr_line' id='line_1_72' title="bbox 1930 3216 3525 3297; baseline 0.002 -26"><span class='ocrx_word' id='word_1_508' title='bbox 1930 3226 2040 3271; x_wconf 90' lang='lat' dir='ltr'><strong><em>tam</em></strong></span> <span class='ocrx_word' id='word_1_509' title='bbox 2070 3216 2357 3273; x_wconf 81' lang='lat' dir='ltr'><strong><em>evenerint</em></strong></span> <span class='ocrx_word' id='word_1_510' title='bbox 2386 3225 2441 3271; x_wconf 92' lang='lat' dir='ltr'><strong><em>et</em></strong></span> <span class='ocrx_word' id='word_1_511' title='bbox 2477 3225 2629 3285; x_wconf 86' lang='lat' dir='ltr'><strong><em>gesta</em></strong></span> <span class='ocrx_word' id='word_1_512' title='bbox 2668 3218 2795 3273; x_wconf 90' lang='lat' dir='ltr'><strong><em>sint.</em></strong></span> <span class='ocrx_word' id='word_1_513' title='bbox 2848 3216 2995 3283; x_wconf 87' lang='lat' dir='ltr'><strong><em>Quos</em></strong></span> <span class='ocrx_word' id='word_1_514' title='bbox 3044 3218 3208 3272; x_wconf 89' lang='lat' dir='ltr'><strong><em>etiam</em></strong></span> <span class='ocrx_word' id='word_1_515' title='bbox 3248 3219 3525 3297; x_wconf 78' lang='lat' dir='ltr'><strong><em>principes</em></strong></span> 
     </span>
    </p>
   </div>
   <div class='ocr_carea' id='block_1_73' title="bbox 1929 3307 3526 3379">
    <p class='ocr_par' dir='ltr' id='par_1_73' title="bbox 1929 3307 3526 3379">
     <span class='ocr_line' id='line_1_73' title="bbox 1929 3307 3526 3379; baseline -0.001 -15"><span class='ocrx_word' id='word_1_516' title='bbox 1929 3307 2221 3364; x_wconf 87' lang='lat' dir='ltr'><strong><em>habuerint</em></strong></span> <span class='ocrx_word' id='word_1_517' title='bbox 2254 3348 2269 3375; x_wconf 95' lang='lat'><strong><em>,</em></strong></span> <span class='ocrx_word' id='word_1_518' title='bbox 2294 3308 2614 3379; x_wconf 87' lang='lat' dir='ltr'><strong><em>perstringit</em></strong></span> <span class='ocrx_word' id='word_1_519' title='bbox 2668 3326 2681 3362; x_wconf 94' lang='lat'><strong>:</strong></span> <span class='ocrx_word' id='word_1_520' title='bbox 2710 3323 2831 3378; x_wconf 67' lang='lat' dir='ltr'><strong><em>qua:</em></strong></span> <span class='ocrx_word' id='word_1_521' title='bbox 2859 3323 2981 3363; x_wconf 92' lang='lat' dir='ltr'><strong><em>cum</em></strong></span> <span class='ocrx_word' id='word_1_522' title='bbox 3015 3308 3135 3363; x_wconf 89' lang='lat' dir='ltr'><strong><em>aliis</em></strong></span> <span class='ocrx_word' id='word_1_523' title='bbox 3170 3308 3311 3363; x_wconf 88' lang='lat' dir='ltr'><strong><em>bella</em></strong></span> <span class='ocrx_word' id='word_1_524' title='bbox 3340 3323 3526 3378; x_wconf 87' lang='lat' dir='ltr'><strong><em>gesse-</em></strong></span> 
     </span>
    </p>
   </div>
   <div class='ocr_carea' id='block_1_74' title="bbox 1928 3399 3523 3469">
    <p class='ocr_par' dir='ltr' id='par_1_74' title="bbox 1928 3399 3523 3469">
     <span class='ocr_line' id='line_1_74' title="bbox 1928 3399 3523 3469; baseline 0.001 -14"><span class='ocrx_word' id='word_1_525' title='bbox 1928 3402 2059 3467; x_wconf 89' lang='lat' dir='ltr'><strong><em>rint,</em></strong></span> <span class='ocrx_word' id='word_1_526' title='bbox 2090 3399 2221 3469; x_wconf 89' lang='lat' dir='ltr'><strong><em>quid</em></strong></span> <span class='ocrx_word' id='word_1_527' title='bbox 2267 3400 2486 3455; x_wconf 90' lang='lat' dir='ltr'><strong><em>condito</em></strong></span> <span class='ocrx_word' id='word_1_528' title='bbox 2534 3415 2698 3467; x_wconf 85' lang='lat' dir='ltr'><strong><em>regno</em></strong></span> <span class='ocrx_word' id='word_1_529' title='bbox 2737 3400 3030 3465; x_wconf 89' lang='lat' dir='ltr'><strong><em>acciderit;</em></strong></span> <span class='ocrx_word' id='word_1_530' title='bbox 3089 3408 3144 3455; x_wconf 85' lang='lat' dir='ltr'><strong><em>et</em></strong></span> <span class='ocrx_word' id='word_1_531' title='bbox 3193 3408 3251 3454; x_wconf 84' lang='lat' dir='ltr'><strong><em>ut</em></strong></span> <span class='ocrx_word' id='word_1_532' title='bbox 3306 3400 3523 3456; x_wconf 83' lang='lat' dir='ltr'><strong><em>tandem</em></strong></span> 
     </span>
    </p>
   </div>
   <div class='ocr_carea' id='block_1_75' title="bbox 1931 3491 3523 3562">
    <p class='ocr_par' dir='ltr' id='par_1_75' title="bbox 1931 3491 3523 3562">
     <span class='ocr_line' id='line_1_75' title="bbox 1931 3491 3523 3562; baseline -0.001 -15"><span class='ocrx_word' id='word_1_533' title='bbox 1931 3493 2076 3562; x_wconf 85' lang='lat' dir='ltr'><strong><em>regia</em></strong></span> <span class='ocrx_word' id='word_1_534' title='bbox 2096 3503 2342 3562; x_wconf 89' lang='lat' dir='ltr'><strong><em>potestas</em></strong></span> <span class='ocrx_word' id='word_1_535' title='bbox 2369 3492 2421 3546; x_wconf 91' lang='lat' dir='ltr'><strong><em>in</em></strong></span> <span class='ocrx_word' id='word_1_536' title='bbox 2450 3491 2745 3547; x_wconf 87' lang='lat' dir='ltr'><strong><em>consulare</em></strong></span> <span class='ocrx_word' id='word_1_537' title='bbox 2772 3500 2977 3545; x_wconf 88' lang='lat' dir='ltr'><strong><em>mutata</em></strong></span> <span class='ocrx_word' id='word_1_538' title='bbox 3004 3491 3167 3546; x_wconf 80' lang='lat' dir='ltr'><strong><em>fuerit</em></strong></span> <span class='ocrx_word' id='word_1_539' title='bbox 3207 3492 3523 3561; x_wconf 85' lang='lat' dir='ltr'><strong><em>imperium,</em></strong></span> 
     </span>
    </p>
   </div>
   <div class='ocr_carea' id='block_1_76' title="bbox 1932 3582 3522 3654">
    <p class='ocr_par' dir='ltr' id='par_1_76' title="bbox 1932 3582 3522 3654">
     <span class='ocr_line' id='line_1_76' title="bbox 1932 3582 3522 3654; baseline 0.001 -16"><span class='ocrx_word' id='word_1_540' title='bbox 1932 3592 2096 3652; x_wconf 92' lang='lat' dir='ltr'><strong><em>utque</em></strong></span> <span class='ocrx_word' id='word_1_541' title='bbox 2143 3599 2173 3637; x_wconf 93' lang='lat' dir='ltr'><strong><em>a</em></strong></span> <span class='ocrx_word' id='word_1_542' title='bbox 2205 3582 2371 3639; x_wconf 89' lang='lat' dir='ltr'><strong><em>Gallis</em></strong></span> <span class='ocrx_word' id='word_1_543' title='bbox 2401 3583 2633 3639; x_wconf 81' lang='lat' dir='ltr'><strong><em>Romani</em></strong></span> <span class='ocrx_word' id='word_1_544' title='bbox 2666 3584 2890 3647; x_wconf 85' lang='lat' dir='ltr'><strong><em>devicti,</em></strong></span> <span class='ocrx_word' id='word_1_545' title='bbox 2942 3594 3099 3653; x_wconf 89' lang='lat' dir='ltr'><strong><em>capta</em></strong></span> <span class='ocrx_word' id='word_1_546' title='bbox 3125 3584 3522 3654; x_wconf 88' lang='lat' dir='ltr'><strong><em>propemodum</em></strong></span> 
     </span>
    </p>
   </div>
   <div class='ocr_carea' id='block_1_77' title="bbox 1928 3676 3523 3745">
    <p class='ocr_par' dir='ltr' id='par_1_77' title="bbox 1928 3676 3523 3745">
     <span class='ocr_line' id='line_1_77' title="bbox 1928 3676 3523 3745; baseline 0.002 -16"><span class='ocrx_word' id='word_1_547' title='bbox 1928 3692 2056 3731; x_wconf 90' lang='lat' dir='ltr'><strong><em>arce</em></strong></span> <span class='ocrx_word' id='word_1_548' title='bbox 2094 3692 2219 3731; x_wconf 89' lang='lat' dir='ltr'><strong><em>cum</em></strong></span> <span class='ocrx_word' id='word_1_549' title='bbox 2246 3677 2379 3731; x_wconf 88' lang='lat' dir='ltr'><strong><em>urbe</em></strong></span> <span class='ocrx_word' id='word_1_550' title='bbox 2408 3719 2423 3743; x_wconf 91' lang='lat'><strong><em>,</em></strong></span> <span class='ocrx_word' id='word_1_551' title='bbox 2461 3676 2564 3730; x_wconf 89' lang='lat' dir='ltr'><strong><em>nisi</em></strong></span> <span class='ocrx_word' id='word_1_552' title='bbox 2619 3686 2837 3730; x_wconf 90' lang='lat' dir='ltr'><strong><em>maturo</em></strong></span> <span class='ocrx_word' id='word_1_553' title='bbox 2882 3677 3275 3745; x_wconf 88' lang='lat' dir='ltr'><strong><em>superveniens</em></strong></span> <span class='ocrx_word' id='word_1_554' title='bbox 3314 3677 3523 3732; x_wconf 78' lang='lat' dir='ltr'><strong><em>auxilio</em></strong></span> 
     </span>
    </p>
   </div>
   <div class='ocr_carea' id='block_1_78' title="bbox 1926 3765 3519 3829">
    <p class='ocr_par' dir='ltr' id='par_1_78' title="bbox 1926 3765 3519 3829">
     <span class='ocr_line' id='line_1_78' title="bbox 1926 3765 3519 3829; baseline 0.003 -10"><span class='ocrx_word' id='word_1_555' title='bbox 1926 3765 2188 3820; x_wconf 80' lang='lat' dir='ltr'><strong><em>Camillus</em></strong></span> <span class='ocrx_word' id='word_1_556' title='bbox 2226 3781 2348 3821; x_wconf 91' lang='lat' dir='ltr'><strong><em>eam</em></strong></span> <span class='ocrx_word' id='word_1_557' title='bbox 2398 3766 2689 3821; x_wconf 90' lang='lat' dir='ltr'><strong><em>liberasset</em></strong></span> <span class='ocrx_word' id='word_1_558' title='bbox 2722 3785 2735 3820; x_wconf 89' lang='lat'><strong>:</strong></span> <span class='ocrx_word' id='word_1_559' title='bbox 2765 3775 2823 3819; x_wconf 91' lang='lat' dir='ltr'><strong><em>ut</em></strong></span> <span class='ocrx_word' id='word_1_560' title='bbox 2862 3767 3026 3820; x_wconf 91' lang='lat' dir='ltr'><strong><em>etiam</em></strong></span> <span class='ocrx_word' id='word_1_561' title='bbox 3076 3765 3410 3829; x_wconf 82' lang='lat' dir='ltr'><strong><em>Alexandro,</em></strong></span> <span class='ocrx_word' id='word_1_562' title='bbox 3462 3772 3519 3823; x_wconf 87' lang='lat' dir='ltr'><strong><em>in</em></strong></span> 
     </span>
    </p>
   </div>
   <div class='ocr_carea' id='block_1_79' title="bbox 1930 3857 3517 3928">
    <p class='ocr_par' dir='ltr' id='par_1_79' title="bbox 1930 3857 3517 3928">
     <span class='ocr_line' id='line_1_79' title="bbox 1930 3857 3517 3928; baseline 0.001 -17"><span class='ocrx_word' id='word_1_563' title='bbox 1930 3858 2114 3911; x_wconf 85' lang='lat' dir='ltr'><strong><em>Asiam</em></strong></span> <span class='ocrx_word' id='word_1_564' title='bbox 2149 3857 2461 3927; x_wconf 89' lang='lat' dir='ltr'><strong><em>trajicienti,</em></strong></span> <span class='ocrx_word' id='word_1_565' title='bbox 2490 3866 2547 3913; x_wconf 90' lang='lat' dir='ltr'><strong><em>et</em></strong></span> <span class='ocrx_word' id='word_1_566' title='bbox 2572 3873 2671 3928; x_wconf 90' lang='lat' dir='ltr'><strong><em>per</em></strong></span> <span class='ocrx_word' id='word_1_567' title='bbox 2700 3857 2909 3913; x_wconf 87' lang='lat' dir='ltr'><strong><em>litteras</em></strong></span> <span class='ocrx_word' id='word_1_568' title='bbox 2935 3859 3015 3913; x_wconf 87' lang='lat' dir='ltr'><strong><em>eis</em></strong></span> <span class='ocrx_word' id='word_1_569' title='bbox 3048 3857 3415 3923; x_wconf 87' lang='lat' dir='ltr'><strong><em>denuntianti,</em></strong></span> <span class='ocrx_word' id='word_1_570' title='bbox 3455 3869 3517 3914; x_wconf 93' lang='lat' dir='ltr'><strong><em>nt</em></strong></span> 
     </span>
    </p>
   </div>
   <div class='ocr_carea' id='block_1_80' title="bbox 1930 3951 3516 4021">
    <p class='ocr_par' dir='ltr' id='par_1_80' title="bbox 1930 3951 3516 4021">
     <span class='ocr_line' id='line_1_80' title="bbox 1930 3951 3516 4021; baseline 0.001 -17"><span class='ocrx_word' id='word_1_571' title='bbox 1930 3960 2023 4005; x_wconf 89' lang='lat' dir='ltr'><strong><em>aut</em></strong></span> <span class='ocrx_word' id='word_1_572' title='bbox 2054 3951 2359 4018; x_wconf 89' lang='lat' dir='ltr'><strong><em>vincerent,</em></strong></span> <span class='ocrx_word' id='word_1_573' title='bbox 2412 3952 2456 4007; x_wconf 90' lang='lat' dir='ltr'><strong><em>si</em></strong></span> <span class='ocrx_word' id='word_1_574' title='bbox 2508 3951 2749 4021; x_wconf 81' lang='lat' dir='ltr'><strong><em>gerendo</em></strong></span> <span class='ocrx_word' id='word_1_575' title='bbox 2796 3951 3026 4019; x_wconf 85' lang='lat' dir='ltr'><strong><em>imperio</em></strong></span> <span class='ocrx_word' id='word_1_576' title='bbox 3065 3962 3250 4006; x_wconf 81' lang='lat' dir='ltr'><strong><em>essent</em></strong></span> <span class='ocrx_word' id='word_1_577' title='bbox 3304 3952 3516 4016; x_wconf 88' lang='lat' dir='ltr'><strong><em>idonei,</em></strong></span> 
     </span>
    </p>
   </div>
   <div class='ocr_carea' id='block_1_81' title="bbox 1929 4042 3517 4113">
    <p class='ocr_par' dir='ltr' id='par_1_81' title="bbox 1929 4042 3517 4113">
     <span class='ocr_line' id='line_1_81' title="bbox 1929 4042 3517 4113; baseline 0 -16"><span class='ocrx_word' id='word_1_578' title='bbox 1929 4051 2021 4097; x_wconf 90' lang='lat' dir='ltr'><strong><em>aut</em></strong></span> <span class='ocrx_word' id='word_1_579' title='bbox 2052 4042 2455 4113; x_wconf 86' lang='lat' dir='ltr'><strong><em>potentioribus</em></strong></span> <span class='ocrx_word' id='word_1_580' title='bbox 2509 4045 2786 4107; x_wconf 85' lang='lat' dir='ltr'><strong><em>cederent,</em></strong></span> <span class='ocrx_word' id='word_1_581' title='bbox 2824 4058 3045 4098; x_wconf 86' lang='lat' dir='ltr'><strong><em>auream</em></strong></span> <span class='ocrx_word' id='word_1_582' title='bbox 3085 4058 3341 4098; x_wconf 89' lang='lat' dir='ltr'><strong><em>coronam</em></strong></span> <span class='ocrx_word' id='word_1_583' title='bbox 3371 4044 3517 4113; x_wconf 77' lang='lat' dir='ltr'><strong><em>(qua:</em></strong></span> 
     </span>
    </p>
   </div>
   <div class='ocr_carea' id='block_1_82' title="bbox 1927 4134 3524 4205">
    <p class='ocr_par' dir='ltr' id='par_1_82' title="bbox 1927 4134 3524 4205">
     <span class='ocr_line' id='line_1_82' title="bbox 1927 4134 3524 4205; baseline 0 -16"><span class='ocrx_word' id='word_1_584' title='bbox 1927 4134 2146 4190; x_wconf 86' lang='lat' dir='ltr'><strong><em>talentis</em></strong></span> <span class='ocrx_word' id='word_1_585' title='bbox 2173 4150 2277 4189; x_wconf 93' lang='lat' dir='ltr'><strong><em>non</em></strong></span> <span class='ocrx_word' id='word_1_586' title='bbox 2302 4135 2492 4204; x_wconf 87' lang='lat' dir='ltr'><strong><em>paucis</em></strong></span> <span class='ocrx_word' id='word_1_587' title='bbox 2519 4136 2816 4205; x_wconf 87' lang='lat' dir='ltr'><strong><em>constaret)</em></strong></span> <span class='ocrx_word' id='word_1_588' title='bbox 2845 4143 3038 4190; x_wconf 87' lang='lat' dir='ltr'><strong><em>contra</em></strong></span> <span class='ocrx_word' id='word_1_589' title='bbox 3061 4134 3329 4190; x_wconf 89' lang='lat' dir='ltr'><strong><em>miserint.</em></strong></span> <span class='ocrx_word' id='word_1_590' title='bbox 3366 4135 3435 4189; x_wconf 88' lang='lat' dir='ltr'><strong><em>Et</em></strong></span> <span class='ocrx_word' id='word_1_591' title='bbox 3463 4144 3524 4189; x_wconf 81' lang='lat' dir='ltr'><strong><em>ut</em></strong></span> 
     </span>
    </p>
   </div>
   <div class='ocr_carea' id='block_1_83' title="bbox 1928 4227 3518 4300">
    <p class='ocr_par' dir='ltr' id='par_1_83' title="bbox 1928 4227 3518 4300">
     <span class='ocr_line' id='line_1_83' title="bbox 1928 4227 3518 4300; baseline -0.001 -17"><span class='ocrx_word' id='word_1_592' title='bbox 1928 4228 2069 4283; x_wconf 89' lang='lat' dir='ltr'><strong><em>bella</em></strong></span> <span class='ocrx_word' id='word_1_593' title='bbox 2110 4229 2379 4299; x_wconf 87' lang='lat' dir='ltr'><strong><em>gesserint</em></strong></span> <span class='ocrx_word' id='word_1_594' title='bbox 2428 4230 2689 4284; x_wconf 76' lang='lat' dir='ltr'><strong><em>adversus</em></strong></span> <span class='ocrx_word' id='word_1_595' title='bbox 2718 4228 3088 4295; x_wconf 84' lang='lat' dir='ltr'><strong><em>Tarentinos,</em></strong></span> <span class='ocrx_word' id='word_1_596' title='bbox 3139 4238 3197 4283; x_wconf 82' lang='lat' dir='ltr'><strong><em>et</em></strong></span> <span class='ocrx_word' id='word_1_597' title='bbox 3244 4227 3518 4300; x_wconf 84' lang='lat' dir='ltr'><strong><em>Pyrrhum</em></strong></span> 
     </span>
    </p>
   </div>
   <div class='ocr_carea' id='block_1_84' title="bbox 1927 4316 3523 4391">
    <p class='ocr_par' dir='ltr' id='par_1_84' title="bbox 1927 4316 3523 4391">
     <span class='ocr_line' id='line_1_84' title="bbox 1927 4316 3523 4391; baseline 0.001 -19"><span class='ocrx_word' id='word_1_598' title='bbox 1927 4318 2222 4388; x_wconf 89' lang='lat' dir='ltr'><strong><em>Epiroten,</em></strong></span> <span class='ocrx_word' id='word_1_599' title='bbox 2278 4320 2379 4374; x_wconf 89' lang='lat' dir='ltr'><strong><em>bos</em></strong></span> <span class='ocrx_word' id='word_1_600' title='bbox 2424 4316 2627 4375; x_wconf 73' lang='lat' dir='ltr'><strong><em>auxilio</em></strong></span> <span class='ocrx_word' id='word_1_601' title='bbox 2678 4319 2961 4391; x_wconf 86' lang='lat' dir='ltr'><strong><em>juvantem</em></strong></span> <span class='ocrx_word' id='word_1_602' title='bbox 2996 4337 3011 4375; x_wconf 91' lang='lat'><strong>:</strong></span> <span class='ocrx_word' id='word_1_603' title='bbox 3052 4329 3109 4375; x_wconf 90' lang='lat' dir='ltr'><strong><em>et</em></strong></span> <span class='ocrx_word' id='word_1_604' title='bbox 3147 4328 3227 4385; x_wconf 87' lang='lat' dir='ltr'><strong><em>ut,</em></strong></span> <span class='ocrx_word' id='word_1_605' title='bbox 3271 4335 3378 4390; x_wconf 84' lang='lat' dir='ltr'><strong><em>qua</em></strong></span> <span class='ocrx_word' id='word_1_606' title='bbox 3423 4336 3523 4389; x_wconf 83' lang='lat' dir='ltr'><strong><em>pa-</em></strong></span> 
     </span>
    </p>
   </div>
   <div class='ocr_carea' id='block_1_85' title="bbox 1926 4411 3523 4481">
    <p class='ocr_par' dir='ltr' id='par_1_85' title="bbox 1926 4411 3523 4481">
     <span class='ocr_line' id='line_1_85' title="bbox 1926 4411 3523 4481; baseline 0 -14"><span class='ocrx_word' id='word_1_607' title='bbox 1926 4413 2129 4477; x_wconf 90' lang='lat' dir='ltr'><strong><em>tiendo,</em></strong></span> <span class='ocrx_word' id='word_1_608' title='bbox 2172 4427 2279 4481; x_wconf 93' lang='lat' dir='ltr'><strong><em>qua</em></strong></span> <span class='ocrx_word' id='word_1_609' title='bbox 2324 4411 2610 4467; x_wconf 82' lang='lat' dir='ltr'><strong><em>inferendo</em></strong></span> <span class='ocrx_word' id='word_1_610' title='bbox 2649 4414 2865 4478; x_wconf 89' lang='lat' dir='ltr'><strong><em>clades,</em></strong></span> <span class='ocrx_word' id='word_1_611' title='bbox 2907 4414 3093 4468; x_wconf 85' lang='lat' dir='ltr'><strong><em>hostes</em></strong></span> <span class='ocrx_word' id='word_1_612' title='bbox 3146 4413 3361 4467; x_wconf 89' lang='lat' dir='ltr'><strong><em>tandem</em></strong></span> <span class='ocrx_word' id='word_1_613' title='bbox 3418 4413 3523 4467; x_wconf 82' lang='lat' dir='ltr'><strong><em>do-</em></strong></span> 
     </span>
    </p>
   </div>
   <div class='ocr_carea' id='block_1_86' title="bbox 1929 4505 3524 4576">
    <p class='ocr_par' dir='ltr' id='par_1_86' title="bbox 1929 4505 3524 4576">
     <span class='ocr_line' id='line_1_86' title="bbox 1929 4505 3524 4576; baseline 0.001 -17"><span class='ocrx_word' id='word_1_614' title='bbox 1929 4505 2212 4569; x_wconf 87' lang='lat' dir='ltr'><strong><em>muerint,</em></strong></span> <span class='ocrx_word' id='word_1_615' title='bbox 2267 4515 2323 4559; x_wconf 87' lang='lat' dir='ltr'><strong><em>et</em></strong></span> <span class='ocrx_word' id='word_1_616' title='bbox 2376 4505 2646 4576; x_wconf 86' lang='lat' dir='ltr'><strong><em>Pyrrhum</em></strong></span> <span class='ocrx_word' id='word_1_617' title='bbox 2702 4505 2855 4560; x_wconf 86' lang='lat' dir='ltr'><strong><em>Italia</em></strong></span> <span class='ocrx_word' id='word_1_618' title='bbox 2911 4505 3234 4575; x_wconf 75' lang='lat' dir='ltr'><strong><em>expulerint.</em></strong></span> <span class='ocrx_word' id='word_1_619' title='bbox 3281 4506 3524 4576; x_wconf 68' lang='lat' dir='ltr'><strong><em>Quaeque</em></strong></span> 
     </span>
    </p>
   </div>
   <div class='ocr_carea' id='block_1_87' title="bbox 1928 4597 3519 4668">
    <p class='ocr_par' dir='ltr' id='par_1_87' title="bbox 1928 4597 3519 4668">
     <span class='ocr_line' id='line_1_87' title="bbox 1928 4597 3519 4668; baseline 0 -16"><span class='ocrx_word' id='word_1_620' title='bbox 1928 4613 2050 4652; x_wconf 89' lang='lat' dir='ltr'><strong><em>eum</em></strong></span> <span class='ocrx_word' id='word_1_621' title='bbox 2083 4599 2607 4668; x_wconf 78' lang='lat' dir='ltr'><strong><em>Carthaginensibus</em></strong></span> <span class='ocrx_word' id='word_1_622' title='bbox 2653 4607 2709 4652; x_wconf 88' lang='lat' dir='ltr'><strong><em>et</em></strong></span> <span class='ocrx_word' id='word_1_623' title='bbox 2753 4597 3022 4653; x_wconf 85' lang='lat' dir='ltr'><strong><em>Annibale</em></strong></span> <span class='ocrx_word' id='word_1_624' title='bbox 3070 4599 3285 4666; x_wconf 87' lang='lat' dir='ltr'><strong><em>negotia</em></strong></span> <span class='ocrx_word' id='word_1_625' title='bbox 3327 4600 3519 4654; x_wconf 82' lang='lat' dir='ltr'><strong><em>conle-</em></strong></span> 
     </span>
    </p>
   </div>
   <div class='ocr_carea' id='block_1_88' title="bbox 1931 4686 3519 4757">
    <p class='ocr_par' dir='ltr' id='par_1_88' title="bbox 1931 4686 3519 4757">
     <span class='ocr_line' id='line_1_88' title="bbox 1931 4686 3519 4757; baseline 0.003 -18"><span class='ocrx_word' id='word_1_626' title='bbox 1931 4688 2105 4742; x_wconf 80' lang='lat' dir='ltr'><strong><em>cerint</em></strong></span> <span class='ocrx_word' id='word_1_627' title='bbox 2137 4705 2151 4741; x_wconf 88' lang='lat'><strong>:</strong></span> <span class='ocrx_word' id='word_1_628' title='bbox 2182 4697 2238 4741; x_wconf 90' lang='lat' dir='ltr'><strong><em>et</em></strong></span> <span class='ocrx_word' id='word_1_629' title='bbox 2271 4702 2390 4756; x_wconf 74' lang='lat' dir='ltr'><strong><em>qua:</em></strong></span> <span class='ocrx_word' id='word_1_630' title='bbox 2442 4697 2630 4742; x_wconf 88' lang='lat' dir='ltr'><strong><em>contra</em></strong></span> <span class='ocrx_word' id='word_1_631' title='bbox 2693 4686 2999 4757; x_wconf 83' lang='lat' dir='ltr'><strong><em>Hispanos,</em></strong></span> <span class='ocrx_word' id='word_1_632' title='bbox 3055 4702 3181 4742; x_wconf 89' lang='lat' dir='ltr'><strong><em>cum</em></strong></span> <span class='ocrx_word' id='word_1_633' title='bbox 3230 4688 3345 4753; x_wconf 88' lang='lat' dir='ltr'><strong><em>alii,</em></strong></span> <span class='ocrx_word' id='word_1_634' title='bbox 3405 4698 3519 4743; x_wconf 90' lang='lat' dir='ltr'><strong><em>tum</em></strong></span> 
     </span>
    </p>
   </div>
   <div class='ocr_carea' id='block_1_89' title="bbox 226 4775 1869 4850">
    <p class='ocr_par' dir='ltr' id='par_1_89' title="bbox 226 4775 1869 4850">
     <span class='ocr_line' id='line_1_89' title="bbox 226 4775 1869 4850; baseline 0.018 -34"><span class='ocrx_word' id='word_1_635' title='bbox 226 4776 474 4847; x_wconf 71' lang='grc' dir='ltr'><strong>Ἴϐηρας</strong></span> <span class='ocrx_word' id='word_1_636' title='bbox 504 4775 688 4837; x_wconf 77' lang='grc' dir='ltr'><strong>ἄλλοις</strong></span> <span class='ocrx_word' id='word_1_637' title='bbox 725 4792 785 4827; x_wconf 89' lang='grc' dir='ltr'><strong><em>τε</em></strong></span> <span class='ocrx_word' id='word_1_638' title='bbox 818 4776 909 4828; x_wconf 79' lang='grc' dir='ltr'><strong><em>καὶ</em></strong></span> <span class='ocrx_word' id='word_1_639' title='bbox 939 4775 1199 4828; x_wconf 85' lang='grc' dir='ltr'><strong>Σκιπίωνι</strong></span> <span class='ocrx_word' id='word_1_640' title='bbox 1232 4777 1593 4850; x_wconf 85' lang='grc' dir='ltr'><strong>κατωρθὼθη,</strong></span> <span class='ocrx_word' id='word_1_641' title='bbox 1634 4781 1729 4834; x_wconf 74' lang='grc' dir='ltr'><strong>καὶ</strong></span> <span class='ocrx_word' id='word_1_642' title='bbox 1752 4781 1828 4845; x_wconf 82' lang='grc' dir='ltr'><strong>ὡς</strong></span> <span class='ocrx_word' id='word_1_643' title='bbox 1858 4792 1869 4849; x_wconf 84' lang='lat' dir='ltr'><strong><em>l</em></strong></span> 
     </span>
    </p>
   </div>
   <div class='ocr_carea' id='block_1_90' title="bbox 1935 4775 3521 4850">
    <p class='ocr_par' dir='ltr' id='par_1_90' title="bbox 1936 4776 3521 4849">
     <span class='ocr_line' id='line_1_90' title="bbox 1936 4776 3521 4849; baseline 0.003 -19"><span class='ocrx_word' id='word_1_644' title='bbox 1936 4777 2136 4847; x_wconf 89' lang='lat' dir='ltr'><strong><em>Scipio,</em></strong></span> <span class='ocrx_word' id='word_1_645' title='bbox 2174 4776 2345 4831; x_wconf 84' lang='lat' dir='ltr'><strong><em>Marte</em></strong></span> <span class='ocrx_word' id='word_1_646' title='bbox 2380 4780 2619 4833; x_wconf 85' lang='lat' dir='ltr'><strong><em>secundo</em></strong></span> <span class='ocrx_word' id='word_1_647' title='bbox 2659 4779 2974 4849; x_wconf 80' lang='lat' dir='ltr'><strong><em>peregerint</em></strong></span> <span class='ocrx_word' id='word_1_648' title='bbox 3012 4797 3027 4834; x_wconf 90' lang='lat'><strong>:</strong></span> <span class='ocrx_word' id='word_1_649' title='bbox 3062 4788 3229 4849; x_wconf 90' lang='lat' dir='ltr'><strong><em>utque</em></strong></span> <span class='ocrx_word' id='word_1_650' title='bbox 3263 4780 3351 4834; x_wconf 91' lang='lat' dir='ltr'><strong><em>hic</em></strong></span> <span class='ocrx_word' id='word_1_651' title='bbox 3390 4779 3521 4835; x_wconf 73' lang='lat' dir='ltr'><strong><em>Ilis-</em></strong></span> 
     </span>
    </p>
   </div>
   <div class='ocr_carea' id='block_1_91' title="bbox 219 4866 1822 4939">
    <p class='ocr_par' dir='ltr' id='par_1_91' title="bbox 219 4866 1822 4939">
     <span class='ocr_line' id='line_1_91' title="bbox 219 4866 1822 4939; baseline 0.006 -21"><span class='ocrx_word' id='word_1_652' title='bbox 219 4870 397 4937; x_wconf 75' lang='grc' dir='ltr'><strong>παρὰ</strong></span> <span class='ocrx_word' id='word_1_653' title='bbox 424 4866 533 4920; x_wconf 85' lang='grc' dir='ltr'><strong><em>τῶν</em></strong></span> <span class='ocrx_word' id='word_1_654' title='bbox 578 4867 801 4935; x_wconf 82' lang='grc' dir='ltr'><strong>Ἰϐήρων</strong></span> <span class='ocrx_word' id='word_1_655' title='bbox 836 4866 1089 4936; x_wconf 78' lang='grc' dir='ltr'><strong>βασιλεὺς</strong></span> <span class='ocrx_word' id='word_1_656' title='bbox 1132 4868 1426 4938; x_wconf 78' lang='grc' dir='ltr'><strong>ψηφισθεὶς</strong></span> <span class='ocrx_word' id='word_1_657' title='bbox 1453 4872 1555 4925; x_wconf 89' lang='grc' dir='ltr'><strong><em>ούκ</em></strong></span> <span class='ocrx_word' id='word_1_658' title='bbox 1583 4872 1822 4939; x_wconf 75' lang='grc' dir='ltr'><strong>ἐδέξατο,</strong></span> 
     </span>
    </p>
   </div>
   <div class='ocr_carea' id='block_1_92' title="bbox 219 4958 1827 5030">
    <p class='ocr_par' dir='ltr' id='par_1_92' title="bbox 219 4958 1827 5030">
     <span class='ocr_line' id='line_1_92' title="bbox 219 4958 1827 5030; baseline 0.002 -16"><span class='ocrx_word' id='word_1_659' title='bbox 219 4963 391 5023; x_wconf 78' lang='grc' dir='ltr'><strong>ὅπως</strong></span> <span class='ocrx_word' id='word_1_660' title='bbox 427 4977 487 5012; x_wconf 88' lang='grc' dir='ltr'><strong><em>τε</em></strong></span> <span class='ocrx_word' id='word_1_661' title='bbox 520 4958 999 5030; x_wconf 76' lang='grc' dir='ltr'><strong>καταπολεμηθεὶς</strong></span> <span class='ocrx_word' id='word_1_662' title='bbox 1039 4958 1241 5030; x_wconf 79' lang='grc' dir='ltr'><strong>ἔφυγεν</strong></span> <span class='ocrx_word' id='word_1_663' title='bbox 1276 4958 1546 5025; x_wconf 80' lang='grc' dir='ltr'><strong>Ἀννίϐας.</strong></span> <span class='ocrx_word' id='word_1_664' title='bbox 1599 4965 1711 5019; x_wconf 76' lang='grc' dir='ltr'><strong><em>Καὶ</em></strong></span> <span class='ocrx_word' id='word_1_665' title='bbox 1750 4965 1827 5030; x_wconf 85' lang='grc' dir='ltr'><strong>ὡς</strong></span> 
     </span>
    </p>
   </div>
   <div class='ocr_carea' id='block_1_93' title="bbox 223 5051 1829 5127">
    <p class='ocr_par' dir='ltr' id='par_1_93' title="bbox 223 5051 1829 5127">
     <span class='ocr_line' id='line_1_93' title="bbox 223 5051 1829 5127; baseline 0.002 -22"><span class='ocrx_word' id='word_1_666' title='bbox 223 5056 422 5123; x_wconf 77' lang='grc' dir='ltr'><strong>πέραν</strong></span> <span class='ocrx_word' id='word_1_667' title='bbox 452 5052 547 5105; x_wconf 77' lang='grc' dir='ltr'><strong>τοῦ</strong></span> <span class='ocrx_word' id='word_1_668' title='bbox 591 5053 800 5105; x_wconf 88' lang='grc' dir='ltr'><strong>Ἰωνίου</strong></span> <span class='ocrx_word' id='word_1_669' title='bbox 845 5052 1104 5122; x_wconf 83' lang='grc' dir='ltr'><strong>Ῥωμαῖοι</strong></span> <span class='ocrx_word' id='word_1_670' title='bbox 1133 5051 1390 5122; x_wconf 88' lang='grc' dir='ltr'><strong>διέϐησαν</strong></span> <span class='ocrx_word' id='word_1_671' title='bbox 1413 5069 1428 5084; x_wconf 87' lang='grc'><strong>·</strong></span> <span class='ocrx_word' id='word_1_672' title='bbox 1461 5054 1557 5107; x_wconf 75' lang='grc' dir='ltr'><strong><em>καὶ</em></strong></span> <span class='ocrx_word' id='word_1_673' title='bbox 1584 5054 1662 5119; x_wconf 84' lang='grc' dir='ltr'><strong>ὡς</strong></span> <span class='ocrx_word' id='word_1_674' title='bbox 1686 5058 1829 5127; x_wconf 75' lang='grc' dir='ltr'><strong>Περο</strong></span> 
     </span>
    </p>
   </div>
   <div class='ocr_carea' id='block_1_94' title="bbox 222 5145 1828 5219">
    <p class='ocr_par' dir='ltr' id='par_1_94' title="bbox 222 5145 1828 5219">
     <span class='ocr_line' id='line_1_94' title="bbox 222 5145 1828 5219; baseline 0.001 -19"><span class='ocrx_word' id='word_1_675' title='bbox 222 5150 376 5210; x_wconf 81' lang='grc' dir='ltr'><strong>σεὺς</strong></span> <span class='ocrx_word' id='word_1_676' title='bbox 405 5148 435 5200; x_wconf 82' lang='grc' dir='ltr'><strong><em>ό</em></strong></span> <span class='ocrx_word' id='word_1_677' title='bbox 456 5146 730 5199; x_wconf 82' lang='grc' dir='ltr'><strong>Φιλίππου</strong></span> <span class='ocrx_word' id='word_1_678' title='bbox 754 5145 854 5215; x_wconf 83' lang='grc' dir='ltr'><strong><em>τὴν</em></strong></span> <span class='ocrx_word' id='word_1_679' title='bbox 881 5145 1209 5199; x_wconf 82' lang='grc' dir='ltr'><strong>Μακεδόνων</strong></span> <span class='ocrx_word' id='word_1_680' title='bbox 1242 5146 1419 5218; x_wconf 77' lang='grc' dir='ltr'><strong>ἀρχὴν</strong></span> <span class='ocrx_word' id='word_1_681' title='bbox 1447 5145 1828 5219; x_wconf 80' lang='grc' dir='ltr'><strong>ἐκδεξάμενος,</strong></span> 
     </span>
    </p>
   </div>
   <div class='ocr_carea' id='block_1_95' title="bbox 219 5236 1830 5311">
    <p class='ocr_par' dir='ltr' id='par_1_95' title="bbox 219 5236 1830 5311">
     <span class='ocr_line' id='line_1_95' title="bbox 219 5236 1830 5311; baseline 0.001 -18"><span class='ocrx_word' id='word_1_682' title='bbox 219 5242 338 5293; x_wconf 77' lang='grc' dir='ltr'><strong><em>καὶ</em></strong></span> <span class='ocrx_word' id='word_1_683' title='bbox 368 5239 472 5303; x_wconf 82' lang='grc' dir='ltr'><strong>τὰς</strong></span> <span class='ocrx_word' id='word_1_684' title='bbox 508 5239 783 5309; x_wconf 83' lang='grc' dir='ltr'><strong>συνθήκας</strong></span> <span class='ocrx_word' id='word_1_685' title='bbox 809 5238 936 5311; x_wconf 81' lang='grc'>[577</span> <span class='ocrx_word' id='word_1_686' title='bbox 986 5236 1080 5308; x_wconf 86' lang='grc' dir='ltr'><strong><em>Η.]</em></strong></span> <span class='ocrx_word' id='word_1_687' title='bbox 1109 5237 1209 5301; x_wconf 82' lang='grc' dir='ltr'><strong>τὰς</strong></span> <span class='ocrx_word' id='word_1_688' title='bbox 1235 5240 1373 5309; x_wconf 74' lang='grc' dir='ltr'><strong>πρὸς</strong></span> <span class='ocrx_word' id='word_1_689' title='bbox 1402 5239 1496 5293; x_wconf 76' lang='grc' dir='ltr'><strong><em>τὸν</em></strong></span> <span class='ocrx_word' id='word_1_690' title='bbox 1526 5240 1693 5294; x_wconf 79' lang='grc' dir='ltr'><strong>αὐτοῦ</strong></span> <span class='ocrx_word' id='word_1_691' title='bbox 1723 5258 1830 5294; x_wconf 88' lang='grc' dir='ltr'><strong>πα-</strong></span> 
     </span>
    </p>
   </div>
   <div class='ocr_carea' id='block_1_96' title="bbox 216 5331 1833 5403">
    <p class='ocr_par' dir='ltr' id='par_1_96' title="bbox 216 5331 1833 5403">
     <span class='ocr_line' id='line_1_96' title="bbox 216 5331 1833 5403; baseline 0.002 -20"><span class='ocrx_word' id='word_1_692' title='bbox 216 5332 379 5400; x_wconf 84' lang='grc' dir='ltr'><strong>τέρα</strong></span> <span class='ocrx_word' id='word_1_693' title='bbox 438 5331 735 5402; x_wconf 83' lang='grc' dir='ltr'><strong>Ῥωμαίοις</strong></span> <span class='ocrx_word' id='word_1_694' title='bbox 780 5332 1153 5402; x_wconf 87' lang='grc' dir='ltr'><strong>γεγενημένας</strong></span> <span class='ocrx_word' id='word_1_695' title='bbox 1201 5331 1415 5403; x_wconf 85' lang='grc' dir='ltr'><strong>νεότητι</strong></span> <span class='ocrx_word' id='word_1_696' title='bbox 1459 5332 1645 5399; x_wconf 84' lang='grc' dir='ltr'><strong>κινῶν,</strong></span> <span class='ocrx_word' id='word_1_697' title='bbox 1700 5351 1833 5388; x_wconf 81' lang='grc' dir='ltr'><strong>κατο</strong></span> 
     </span>
    </p>
   </div>
   <div class='ocr_carea' id='block_1_97' title="bbox 1932 4871 3520 4941">
    <p class='ocr_par' dir='ltr' id='par_1_97' title="bbox 1932 4871 3520 4941">
     <span class='ocr_line' id='line_1_97' title="bbox 1932 4871 3520 4941; baseline 0.003 -19"><span class='ocrx_word' id='word_1_698' title='bbox 1932 4885 2198 4939; x_wconf 88' lang='lat' dir='ltr'><strong><em>panorutn</em></strong></span> <span class='ocrx_word' id='word_1_699' title='bbox 2230 4871 2450 4925; x_wconf 85' lang='lat' dir='ltr'><strong><em>decreto</em></strong></span> <span class='ocrx_word' id='word_1_700' title='bbox 2482 4886 2575 4925; x_wconf 82' lang='lat' dir='ltr'><strong><em>rex</em></strong></span> <span class='ocrx_word' id='word_1_701' title='bbox 2606 4872 2936 4941; x_wconf 85' lang='lat' dir='ltr'><strong><em>appellatus,</em></strong></span> <span class='ocrx_word' id='word_1_702' title='bbox 2971 4872 3232 4927; x_wconf 89' lang='lat' dir='ltr'><strong><em>honorem</em></strong></span> <span class='ocrx_word' id='word_1_703' title='bbox 3276 4887 3383 4926; x_wconf 92' lang='lat' dir='ltr'><strong><em>non</em></strong></span> <span class='ocrx_word' id='word_1_704' title='bbox 3416 4873 3520 4927; x_wconf 83' lang='lat' dir='ltr'><strong><em>ad-</em></strong></span> 
     </span>
    </p>
   </div>
   <div class='ocr_carea' id='block_1_98' title="bbox 1936 4961 3522 5033">
    <p class='ocr_par' dir='ltr' id='par_1_98' title="bbox 1936 4961 3522 5033">
     <span class='ocr_line' id='line_1_98' title="bbox 1936 4961 3522 5033; baseline 0.003 -18"><span class='ocrx_word' id='word_1_705' title='bbox 1936 4961 2145 5016; x_wconf 88' lang='lat' dir='ltr'><strong><em>miserit</em></strong></span> <span class='ocrx_word' id='word_1_706' title='bbox 2200 4976 2214 5015; x_wconf 92' lang='lat'><strong>:</strong></span> <span class='ocrx_word' id='word_1_707' title='bbox 2270 4972 2329 5015; x_wconf 91' lang='lat' dir='ltr'><strong><em>ut</em></strong></span> <span class='ocrx_word' id='word_1_708' title='bbox 2382 4961 2683 5017; x_wconf 86' lang='lat' dir='ltr'><strong><em>debellatus</em></strong></span> <span class='ocrx_word' id='word_1_709' title='bbox 2728 4964 2965 5017; x_wconf 86' lang='lat' dir='ltr'><strong><em>Annibal</em></strong></span> <span class='ocrx_word' id='word_1_710' title='bbox 3028 4964 3250 5033; x_wconf 78' lang='lat' dir='ltr'><strong><em>fugerit.</em></strong></span> <span class='ocrx_word' id='word_1_711' title='bbox 3309 4963 3409 5021; x_wconf 88' lang='lat' dir='ltr'><strong><em>Hic</em></strong></span> <span class='ocrx_word' id='word_1_712' title='bbox 3460 4976 3522 5019; x_wconf 86' lang='lat' dir='ltr'><strong><em>ut</em></strong></span> 
     </span>
    </p>
   </div>
   <div class='ocr_carea' id='block_1_99' title="bbox 1933 5050 3517 5125">
    <p class='ocr_par' dir='ltr' id='par_1_99' title="bbox 1933 5050 3517 5125">
     <span class='ocr_line' id='line_1_99' title="bbox 1933 5050 3517 5125; baseline 0.003 -20"><span class='ocrx_word' id='word_1_713' title='bbox 1933 5050 2143 5106; x_wconf 90' lang='lat' dir='ltr'><strong><em>Ionium</em></strong></span> <span class='ocrx_word' id='word_1_714' title='bbox 2176 5057 2754 5118; x_wconf 87' lang='lat' dir='ltr'><strong><em>maretransmissum,</em></strong></span> <span class='ocrx_word' id='word_1_715' title='bbox 2780 5063 2983 5109; x_wconf 89' lang='lat' dir='ltr'><strong><em>etcum</em></strong></span> <span class='ocrx_word' id='word_1_716' title='bbox 3014 5055 3233 5120; x_wconf 87' lang='lat' dir='ltr'><strong><em>Perseo,</em></strong></span> <span class='ocrx_word' id='word_1_717' title='bbox 3286 5056 3517 5125; x_wconf 86' lang='lat' dir='ltr'><strong><em>Philippi</em></strong></span> 
     </span>
    </p>
   </div>
   <div class='ocr_carea' id='block_1_100' title="bbox 1934 5142 3515 5214">
    <p class='ocr_par' dir='ltr' id='par_1_100' title="bbox 1934 5142 3515 5214">
     <span class='ocr_line' id='line_1_100' title="bbox 1934 5142 3515 5214; baseline 0.003 -16"><span class='ocrx_word' id='word_1_718' title='bbox 1934 5145 1989 5198; x_wconf 89' lang='lat' dir='ltr'><strong><em>in</em></strong></span> <span class='ocrx_word' id='word_1_719' title='bbox 2021 5158 2192 5214; x_wconf 84' lang='lat' dir='ltr'><strong><em>regno</em></strong></span> <span class='ocrx_word' id='word_1_720' title='bbox 2237 5142 2597 5199; x_wconf 82' lang='lat' dir='ltr'><strong><em>Macedonum</em></strong></span> <span class='ocrx_word' id='word_1_721' title='bbox 2654 5145 2905 5212; x_wconf 66' lang='lat' dir='ltr'><strong><em>baerede,</em></strong></span> <span class='ocrx_word' id='word_1_722' title='bbox 2964 5148 3091 5201; x_wconf 90' lang='lat' dir='ltr'><strong><em>dum</em></strong></span> <span class='ocrx_word' id='word_1_723' title='bbox 3146 5147 3321 5203; x_wconf 58' lang='lat' dir='ltr'><strong><em>{medus</em></strong></span> <span class='ocrx_word' id='word_1_724' title='bbox 3392 5163 3515 5202; x_wconf 88' lang='lat' dir='ltr'><strong><em>cntn</em></strong></span> 
     </span>
    </p>
   </div>
   <div class='ocr_carea' id='block_1_101' title="bbox 1937 5234 3516 5307">
    <p class='ocr_par' dir='ltr' id='par_1_101' title="bbox 1937 5234 3516 5307">
     <span class='ocr_line' id='line_1_101' title="bbox 1937 5234 3516 5307; baseline 0 -16"><span class='ocrx_word' id='word_1_725' title='bbox 1937 5249 2094 5307; x_wconf 86' lang='lat' dir='ltr'><strong><em>patre</em></strong></span> <span class='ocrx_word' id='word_1_726' title='bbox 2122 5252 2150 5291; x_wconf 90' lang='lat' dir='ltr'><strong><em>a</em></strong></span> <span class='ocrx_word' id='word_1_727' title='bbox 2179 5234 2817 5307; x_wconf 72' lang='lat' dir='ltr'><strong><em>Romanisfpercussum,</em></strong></span> <span class='ocrx_word' id='word_1_728' title='bbox 2830 5237 3059 5306; x_wconf 85' lang='lat' dir='ltr'><strong><em>juvenili</em></strong></span> <span class='ocrx_word' id='word_1_729' title='bbox 3091 5240 3395 5295; x_wconf 84' lang='lat' dir='ltr'><strong><em>temeritate</em></strong></span> <span class='ocrx_word' id='word_1_730' title='bbox 3429 5255 3516 5292; x_wconf 87' lang='lat' dir='ltr'><strong><em>rc-</em></strong></span> 
     </span>
    </p>
   </div>
   <div class='ocr_carea' id='block_1_102' title="bbox 1938 5329 3518 5401">
    <p class='ocr_par' dir='ltr' id='par_1_102' title="bbox 1938 5329 3518 5401">
     <span class='ocr_line' id='line_1_102' title="bbox 1938 5329 3518 5401; baseline -0.001 -16"><span class='ocrx_word' id='word_1_731' title='bbox 1938 5329 2174 5395; x_wconf 87' lang='lat' dir='ltr'><strong><em>scindit,</em></strong></span> <span class='ocrx_word' id='word_1_732' title='bbox 2225 5330 2297 5385; x_wconf 83' lang='lat' dir='ltr'><strong><em>sit</em></strong></span> <span class='ocrx_word' id='word_1_733' title='bbox 2351 5330 2715 5395; x_wconf 87' lang='lat' dir='ltr'><strong><em>debellatum,</em></strong></span> <span class='ocrx_word' id='word_1_734' title='bbox 2779 5330 3006 5386; x_wconf 66' lang='lat' dir='ltr'><strong><em>AEmilio</em></strong></span> <span class='ocrx_word' id='word_1_735' title='bbox 3052 5331 3218 5386; x_wconf 83' lang='lat' dir='ltr'><strong><em>Paulo</em></strong></span> <span class='ocrx_word' id='word_1_736' title='bbox 3281 5331 3349 5385; x_wconf 89' lang='lat' dir='ltr'><strong><em>de</em></strong></span> <span class='ocrx_word' id='word_1_737' title='bbox 3398 5332 3518 5401; x_wconf 87' lang='lat' dir='ltr'><strong><em>ipso</em></strong></span> 
     </span>
    </p>
   </div>
   <div class='ocr_carea' id='block_1_103' title="bbox 217 5421 1869 5496">
    <p class='ocr_par' dir='ltr' id='par_1_103' title="bbox 217 5422 1835 5496">
     <span class='ocr_line' id='line_1_103' title="bbox 217 5422 1835 5496; baseline 0.002 -20"><span class='ocrx_word' id='word_1_738' title='bbox 217 5423 585 5495; x_wconf 83' lang='grc' dir='ltr'><strong>επολεμήθη,</strong></span> <span class='ocrx_word' id='word_1_739' title='bbox 639 5422 853 5477; x_wconf 87' lang='grc' dir='ltr'><strong>Παύλου</strong></span> <span class='ocrx_word' id='word_1_740' title='bbox 900 5423 963 5477; x_wconf 85' lang='grc' dir='ltr'><strong><em>τὸ</em></strong></span> <span class='ocrx_word' id='word_1_741' title='bbox 1001 5424 1124 5478; x_wconf 88' lang='grc' dir='ltr'><strong>κατ’</strong></span> <span class='ocrx_word' id='word_1_742' title='bbox 1174 5424 1402 5479; x_wconf 83' lang='grc' dir='ltr'><strong>αύτὸν⁷⁸</strong></span> <span class='ocrx_word' id='word_1_743' title='bbox 1433 5425 1835 5496; x_wconf 76' lang='grc' dir='ltr'><strong>ἁναστὴσαντος</strong></span> 
     </span>
    </p>
   </div>
   <div class='ocr_carea' id='block_1_104' title="bbox 1935 5421 3521 5496">
    <p class='ocr_par' dir='ltr' id='par_1_104' title="bbox 1944 5421 3521 5494">
     <span class='ocr_line' id='line_1_104' title="bbox 1944 5421 3521 5494; baseline 0.001 -18"><span class='ocrx_word' id='word_1_744' title='bbox 1944 5423 2331 5493; x_wconf 86' lang='lat' dir='ltr'><strong><em>triumphante.</em></strong></span> <span class='ocrx_word' id='word_1_745' title='bbox 2362 5421 2434 5479; x_wconf 90' lang='lat' dir='ltr'><strong><em>Ut</em></strong></span> <span class='ocrx_word' id='word_1_746' title='bbox 2477 5424 2833 5488; x_wconf 86' lang='lat' dir='ltr'><strong><em>Antiochum,</em></strong></span> <span class='ocrx_word' id='word_1_747' title='bbox 2888 5424 3062 5494; x_wconf 73' lang='lat' dir='ltr'><strong><em>Syria:</em></strong></span> <span class='ocrx_word' id='word_1_748' title='bbox 3100 5433 3156 5479; x_wconf 87' lang='lat' dir='ltr'><strong><em>et</em></strong></span> <span class='ocrx_word' id='word_1_749' title='bbox 3196 5422 3521 5493; x_wconf 72' lang='lat' dir='ltr'><strong><em>Comagenae</em></strong></span> 
     </span>
    </p>
   </div>
   <div class='ocr_carea' id='block_1_105' title="bbox 1527 5598 2225 5656">
    <p class='ocr_par' dir='ltr' id='par_1_105' title="bbox 1527 5598 2225 5656">
     <span class='ocr_line' id='line_1_105' title="bbox 1527 5598 2225 5656; baseline 0.006 -5"><span class='ocrx_word' id='word_1_750' title='bbox 1527 5598 1765 5655; x_wconf 64' lang='lat' dir='ltr'><strong><em>VARIIE</em></strong></span> <span class='ocrx_word' id='word_1_751' title='bbox 1822 5598 2225 5656; x_wconf 75' lang='lat' dir='ltr'><strong><em>LECTIONES.</em></strong></span> 
     </span>
    </p>
   </div>
   <div class='ocr_carea' id='block_1_106' title="bbox 312 5737 737 5808">
    <p class='ocr_par' dir='ltr' id='par_1_106' title="bbox 312 5737 737 5808">
     <span class='ocr_line' id='line_1_106' title="bbox 312 5737 737 5808; baseline 0 -17"><span class='ocrx_word' id='word_1_752' title='bbox 312 5740 362 5769; x_wconf 83' lang='grc'>⁷³</span> <span class='ocrx_word' id='word_1_753' title='bbox 407 5737 643 5808; x_wconf 81' lang='grc' dir='ltr'><strong>Ἀμησόν</strong></span> <span class='ocrx_word' id='word_1_754' title='bbox 674 5754 737 5801; x_wconf 82' lang='grc' dir='ltr'><strong><em>ς.</em></strong></span> 
     </span>
    </p>
   </div>
   <div class='ocr_carea' id='block_1_107' title="bbox 213 5808 1548 5882">
    <p class='ocr_par' dir='ltr' id='par_1_107' title="bbox 213 5808 1548 5882">
     <span class='ocr_line' id='line_1_107' title="bbox 213 5808 1548 5882; baseline 0.004 -19"><span class='ocrx_word' id='word_1_755' title='bbox 213 5809 413 5863; x_wconf 67' lang='grc' dir='ltr'><strong>αὑτοῦ</strong></span> <span class='ocrx_word' id='word_1_756' title='bbox 463 5809 722 5878; x_wconf 75' lang='lat' dir='ltr'><strong><em>Scaliger.</em></strong></span> <span class='ocrx_word' id='word_1_757' title='bbox 756 5808 921 5864; x_wconf 86' lang='lat' dir='ltr'><strong><em>idem</em></strong></span> <span class='ocrx_word' id='word_1_758' title='bbox 950 5825 1069 5865; x_wconf 80' lang='lat' dir='ltr'><strong><em>ntox</em></strong></span> <span class='ocrx_word' id='word_1_759' title='bbox 1103 5808 1359 5882; x_wconf 67' lang='lat' dir='ltr'><strong><em>espungit</em></strong></span> <span class='ocrx_word' id='word_1_760' title='bbox 1396 5808 1548 5880; x_wconf 77' lang='grc' dir='ltr'><strong>πρός.</strong></span> 
     </span>
    </p>
   </div>
   <div class='ocr_carea' id='block_1_108' title="bbox 814 5737 2207 5811">
    <p class='ocr_par' dir='ltr' id='par_1_108' title="bbox 814 5737 2207 5811">
     <span class='ocr_line' id='line_1_108' title="bbox 814 5737 2207 5811; baseline 0.017 -29"><span class='ocrx_word' id='word_1_761' title='bbox 814 5738 861 5769; x_wconf 69' lang='grc'>⁷⁸</span> <span class='ocrx_word' id='word_1_762' title='bbox 892 5737 1227 5809; x_wconf 71' lang='grc' dir='ltr'><strong>ἡττήθησαν,</strong></span> <span class='ocrx_word' id='word_1_763' title='bbox 1284 5739 1605 5810; x_wconf 78' lang='grc' dir='ltr'><strong>ἡττηθέντες</strong></span> <span class='ocrx_word' id='word_1_764' title='bbox 1630 5741 1693 5796; x_wconf 71' lang='grc' dir='ltr'><strong>Α.</strong></span> <span class='ocrx_word' id='word_1_765' title='bbox 1770 5740 2097 5811; x_wconf 34' lang='grc' dir='ltr'><strong>⁷³,Κὰμηλος</strong></span> <span class='ocrx_word' id='word_1_766' title='bbox 2143 5742 2207 5796; x_wconf 70' lang='lat' dir='ltr'><strong><em>Av</em></strong></span> 
     </span>
    </p>
   </div>
   <div class='ocr_carea' id='block_1_109' title="bbox 2290 5742 3520 5815">
    <p class='ocr_par' dir='ltr' id='par_1_109' title="bbox 2290 5742 3520 5815">
     <span class='ocr_line' id='line_1_109' title="bbox 2290 5742 3520 5815; baseline -0.002 -19"><span class='ocrx_word' id='word_1_767' title='bbox 2290 5744 2359 5814; x_wconf 71' lang='lat'><strong><em>_&quot;</em></strong></span> <span class='ocrx_word' id='word_1_768' title='bbox 2419 5742 2593 5815; x_wconf 82' lang='grc' dir='ltr'><strong>Πύρον</strong></span> <span class='ocrx_word' id='word_1_769' title='bbox 2624 5744 2687 5796; x_wconf 81' lang='lat' dir='ltr'><strong><em>A.</em></strong></span> <span class='ocrx_word' id='word_1_770' title='bbox 2771 5742 2965 5815; x_wconf 76' lang='lat' dir='ltr'><strong><em>_&quot;6&lt;ra</em></strong></span> <span class='ocrx_word' id='word_1_771' title='bbox 3011 5756 3071 5794; x_wconf 79' lang='grc' dir='ltr'><strong><em>τε</em></strong></span> <span class='ocrx_word' id='word_1_772' title='bbox 3102 5759 3160 5805; x_wconf 85' lang='grc' dir='ltr'><strong><em>ς.</em></strong></span> <span class='ocrx_word' id='word_1_773' title='bbox 3236 5743 3282 5775; x_wconf 73' lang='grc'><strong><em>’⁸</em></strong></span> <span class='ocrx_word' id='word_1_774' title='bbox 3335 5742 3520 5815; x_wconf 76' lang='grc' dir='ltr'><strong>αὐτὸν]</strong></span> 
     </span>
    </p>
   </div>
  </div>
