4032 6448
615 327 722 390 003

1797 332 2062 394 PHOTII
2102 335 2608 397 PATRIARCIIIE
2637 337 2743 397 op.
3708 355 3792 418 9m

613 456 670 498 et
725 441 926 500 Judazte
977 458 1192 512 regem,
1253 443 1467 500 duabus
1509 446 1702 515 pugnis
1758 445 2070 512 infractum,
2115 463 2180 502 ex

2294 451 2589 519 τρόπαιον·
2629 451 2778 512 ὅπως
2819 466 2877 502 τε
2919 449 3054 519 πρὸς
3094 447 3356 516 Ἀντίοχον
3395 451 3485 502 ’τὸν
3527 454 3698 525 Συρίας
3718 469 3795 519 καὶ

615 536 831 608 Europa
859 535 1146 608 eiet-crint.

2303 542 2638 612 Κομαγήνης
2691 542 2786 595 καὶ
2827 541 3085 604 Ἰουδαίας
3134 542 3180 573 ⁷⁹
3231 539 3450 608 βασιλέα
3484 545 3594 599 δυσὶ
3635 552 3799 622 μάχαις

2297 633 2616 702 νικήσαντες
2643 635 2740 704 τῆς
2765 632 3032 703 Εὐρώπης
3064 631 3341 697 ἐξέϐαλον.

982 758 1113 815 CAP.
1140 757 1374 814 XXVIII.
1403 789 1472 800 —
1491 759 1909 815 Heractiemium
1939 761 2093 831 legati
2131 778 2165 815 a
2200 759 2452 818 Romanis
2491 765 2546 817 in
2572 765 2698 818 Asia
2726 765 2944 820 ducibus
2985 763 3284 818 humaniter
3303 766 3506 833 accepti.

692 884 787 940 Illa
819 884 982 956 igitur
1009 883 1308 953 hucusque
1340 884 1409 940 de
1433 884 1675 952 {imperio
1702 884 1944 939 Romano
1991 900 2202 942 comme

622 988 796 1032 morat
821 985 1030 1032 auctor.
1070 975 1277 1030 Exinde
1318 976 1649 1045 propositam
1674 975 1774 1030 sibi
1811 975 2093 1030 historiam
2122 979 2196 1032 ita

619 1070 921 1124 continuat.
940 1066 1340 1130 IIeraclienses,
1363 1066 1730 1121 Romanorum
1761 1067 1927 1122 duces
1951 1068 2002 1120 in
2020 1069 2203 1123 Asiam

623 1173 1013 1227 transgressos,
1045 1158 1226 1211 missis
1261 1159 1450 1227 legatis
1473 1158 1826 1222 conveniunt,
1861 1159 1950 1227 qui
1980 1160 2207 1211 comiter

621 1254 850 1322 accepti,
877 1252 1084 1306 litteras
1103 1251 1298 1321 229b
1325 1252 1679 1307 humanitatis
1699 1253 1964 1321 plenasah
1981 1252 2202 1307 Emilio

623 1345 788 1398 Paulo
819 1344 934 1413 (al.
973 1342 1166 1396 Publio
1199 1341 1446 1410 IEmilio)
1491 1343 1790 1398 retulerant
1835 1359 1849 1396 :
1890 1344 2086 1413 quibus
2147 1354 2202 1399 et

623 1435 856 1488 amicum
888 1434 1018 1502 ipsis
1055 1433 1169 1487 fore
1205 1443 1479 1497 senatum,
1513 1449 1613 1489 nec
1644 1433 1750 1487 ulla
1792 1435 1843 1488 in
1869 1450 1928 1488 re
1969 1436 2200 1502 pruden—

625 1526 754 1579 tiam
803 1525 1168 1578 Romanorum
1219 1533 1275 1579 et
1322 1541 1510 1580 curam
1543 1526 1624 1594 (si
1671 1528 1886 1595 quando
1943 1527 2027 1582 his
2056 1529 2198 1583 iudi-

622 1615 820 1685 geant)
863 1615 1172 1669 defuturam
1229 1616 1536 1685 pollicetur.
1583 1618 1844 1687 Deinceps
1889 1619 2048 1672 etiam
2131 1621 2196 1673 ad

621 1708 941 1762 Cornelium
997 1706 1330 1774 Scipionem,
1374 1708 1465 1777 qui
1502 1709 1738 1765 Africam
1772 1710 2032 1766 Romanis
2063 1711 2199 1766 bello

623 1801 880 1863 asseruit,
925 1799 1249 1868 legationem
1297 1801 1518 1867 misere,
1566 1811 1817 1857 testatam
1856 1804 2007 1874 prius
2058 1806 2197 1859 ami-

622 1893 804 1946 citiam
836 1900 892 1945 ut
925 1891 1334 1946 confirmarent.
1359 1893 1425 1948 Et
1449 1906 1570 1962 post
1593 1895 1708 1950 haec
1731 1898 1980 1951 eumdem
2011 1911 2200 1951 rursus

622 1999 720 2052 per
745 1983 950 2054 legatos
983 1993 1161 2050 orant,
1200 1995 1260 2038 ut
1290 1986 1618 2041 Antiochum
1650 1987 1702 2042 in
1729 1988 1953 2058 gratiam
1974 2001 2201 2057 reponat

623 2079 765 2143 apud
793 2076 1068 2132 Romanos
1099 2094 1110 2130 :
1143 2089 1199 2132 et
1227 2081 1531 2149 perscripto
1567 2081 1634 2136 ad
1672 2097 1850 2152 regem
1891 2082 2196 2150 plebiscito,

623 2178 683 2223 ut
717 2169 912 2222 bellum
966 2178 1153 2222 contra
1200 2168 1475 2225 Romanos
1521 2173 1775 2242 deponat,
1820 2173 2196 2229 adhortantur.

619 2258 905 2314 Cornelius
944 2259 1108 2314 etiam
1164 2258 1352 2328 Scipio
1384 2300 1399 2326 ,
1460 2260 1798 2320 IleracleOtis
1843 2264 2148 2324 rescribeus
2181 2305 2197 2329 .

621 2350 727 2405 hac
765 2351 1120 2419 inscriptione
1177 2352 1350 2405 utitur
1379 2371 1392 2405 ι
1435 2351 1613 2420 Scipio
1647 2355 1956 2424 imperator.
1990 2375 2195 2424 procos.

627 2439 1008 2509 Romanorum,
1038 2443 1247 2498 senatui
1273 2442 1566 2515 populoque
1598 2444 2010 2501 Heracliemium
2061 2447 2200 2501 salu-

625 2545 744 2588 tem.
775 2535 838 2589 Et
879 2535 963 2596 his
995 2535 1193 2590 litteris
1228 2535 1663 2591 benevolentiam
1689 2554 1816 2607 erga
1855 2540 1998 2607 ipsos
2021 2549 2195 2594 ratam

618 2639 672 2679 et
701 2627 907 2680 firmam
939 2642 1091 2691 esse,
1139 2636 1196 2679 et
1225 2626 1424 2682 bellum
1455 2643 1578 2684 cum
1619 2629 1889 2685 Antiocho
1945 2631 2194 2698 solvisse,

620 2717 892 2773 Itomanos
975 2717 1233 2773 allirmat.
1314 2718 1693 2791 Eademlqute
1742 2720 1965 2788 Lucius,
2031 2724 2194 2780 etiam

617 2808 679 2862 P.
712 2809 1001 2864 Cornelius
1053 2809 1236 2877 Scipio
1280 2810 1398 2880 ejus
1444 2809 1636 2878 frater,
1681 2820 1736 2866 et
1770 2812 1960 2867 classis
1989 2813 2196 2882 prafe-

615 2911 762 2964 ctus,
792 2899 1255 2965 IIeracliensibus,
1298 2910 1424 2970 post
1471 2902 1690 2956 missam
1735 2902 2060 2973 legationem
2111 2921 2196 2961 re-

617 2991 856 3060 spondit.
884 2991 1043 3046 Brevi
1070 3001 1194 3060 post
1223 2991 1525 3047 Antiochus
1558 2992 1754 3046 bellum
1797 2994 2059 3048 adversus
2086 2993 2194 3048 Ro-

2372 886 2453 939 Τὰ
2473 888 2518 919 ⁸ο
2561 887 2660 956 μὲν
2702 882 2794 940 οὖν
2830 887 2960 953 περὶ
3004 885 3104 954 τῆς
3150 883 3458 952 Ῥωμαῖκῆς
3491 886 3651 957 ἀρχῆς
3677 893 3806 963 μέχρι

2301 980 2453 1032 τοῦδε
2491 979 2682 1032 δίεισιν
2735 981 2764 1032 ὁ
2803 976 3154 1047 συγγραφεύς
3185 992 3201 1008 ο
3239 975 3513 1029 ἀναλαδὼν
3547 978 3600 1030 δὲ
3646 984 3808 1051 γράφει

2303 1073 2450 1130 ὅπως
2509 1071 2905 1142 Ἡρακλεῶται,
2959 1066 3510 1139 διαπρεσϐευσάμενοι
3550 1071 3672 1138 «pa;
3711 1077 3810 1138 τοὺς

2304 1163 2412 1215 τῶν
2453 1161 2740 1232 Ῥωμαίων
2767 1162 3108 1232 στρατηγοὺς
3139 1160 3230 1213 ἐπὶ
3263 1159 3361 1229 τὴν
3402 1157 3576 1212 Ἀσίαν
3599 1162 3812 1234 διαδεῦη-

2307 1253 2493 1317 κδτας.
2542 1253 2794 1322 ἀσμένως
2821 1269 2880 1305 τε
2919 1250 3293 1320 ἀπεδέχθησαν
3339 1250 3430 1302 καὶ
3470 1252 3727 1323 ἐπιστολῆς
3746 1275 3812 1324 φι-

2307 1341 2728 1413 λοφρονούμενοι
2767 1342 2954 1411 ἔτυχον
2991 1342 3060 1405 ⁸⁸,
3107 1340 3342 1394 Ποπλίου
3381 1340 3577 1407 ταύτην
3602 1346 3813 1398 ἀποστεί-

2305 1435 2518 1498 λαντος,
2547 1435 2607 1488 ὲν
2703 1435 2887 1505 φιλίαν
2909 1451 2979 1503 τε
3020 1433 3157 1504 πρὸς
3197 1432 3394 1494 αὐτοὺς
3427 1433 3525 1501 τῆς
3561 1437 3813 1504 συγκλήτου

2307 1526 2506 1596 βουλῆς
2551 1527 2887 1597 ὑπισχνεῖτο,
2929 1526 3022 1578 καὶ
3076 1525 3144 1577 τὰ
3202 1523 3336 1576 ἄλλα
3384 1524 3624 1594 προνοίας
3653 1544 3704 1578 τε
3744 1531 3815 1580 καὶ

2305 1619 2645 1685 ἐπιμελείας,
2677 1617 2896 1671 ἐπειδάν
2934 1633 3080 1679 τινος
3128 1614 3307 1668 αὐτῶν
3348 1613 3564 1673 δέοιντο,
3596 1615 3813 1683 μηδεμιᾶς

2309 1710 2674 1780 ὑστερεῖσθαι.
2709 1709 2976 1779 ’Ὕστερον
3019 1707 3075 1760 δὲ
3120 1707 3213 1759 καὶ
3248 1706 3383 1774 πρὸς
3416 1705 3694 1774 Κορνήλιον
3720 1708 3814 1758 Ex:-

2304 1803 2479 1856 πίωνα
2499 1802 2592 1855 τὸν
2608 1801 2708 1870 τὴν
2727 1800 2934 1868 Λιϐύην
2958 1798 3250 1868 Ῥωμαίοις
3283 1797 3614 1866 στησάμενον
3631 1797 3814 1866 διαπέμ-

2302 1910 2463 1945 πουσι
2505 1892 2820 1962 πρεσϐείαν,
2858 1891 2958 1961 τὴν
3011 1889 3434 1957 ὡμολογημένην
3468 1889 3638 1955 φιλίαν
3675 1889 3815 1939 ἐπικυ-

2305 1985 2543 2055 ροῦντες.
2569 1985 2724 2038 Μετὰ
2745 1983 2915 2037 ταῦτα
2936 1981 2993 2034 δὲ
3015 1980 3175 2034 πάλιν
3199 1981 3336 2049 πρὸς
3355 1980 3444 2030 τὸν
3471 1979 3622 2031 αὐτὸν
3638 1980 3811 2046 διαπρε-

2301 2077 2606 2138 σϐεύονται,
2662 2075 2998 2128 διαλλάττειν
3043 2073 3177 2144 πρὸς
3232 2072 3536 2142 Ῥωμαίους
3590 2070 3814 2138 ἀξιοῦντες

2298 2169 2392 2222 τδν
2451 2167 2676 2237 βασιλέα.
2721 2167 3023 2238 Ἀντίοχον·
3077 2166 3172 2219 καὶ
3220 2164 3475 2233 ψήφισμα
3533 2164 3657 2232 πρὸς
3694 2164 3814 2215 am

2301 2259 2542 2332 ἔγραψαν
2565 2261 2634 2326 ⁸³,
2663 2258 3053 2331 παραινοῦντες
3086 2257 3247 2311 αὑτὸν
3275 2257 3377 2326 τὴν
3400 2255 3533 2323 πρὸς
3566 2254 3814 2322 Ῥιιιμαίονς

2299 2354 2654 2409 διαλύσασθαι
2688 2355 2734 2386 ⁸³
2780 2353 3006 2424 ἔχθραν.
3053 2353 3112 2405 Ὀ
3173 2351 3227 2404 δὲ
3292 2349 3584 2418 Κορνήλιος
3625 2349 3813 2400 Σκιπίων

2299 2446 2728 2502 ἁντεπιστέλλων
2774 2449 2887 2509 τοῖς
2934 2442 3339 2514 Ἡρακλεώταις
3379 2440 3660 2508 ἐπιγράφει
3689 2437 3809 2489 οὕτωσ

2299 2542 2560 2595 Σκιπίων
2658 2537 2995 2608 στρατηγὸς
3022 2577 3038 2597 ,
3127 2535 3472 2598 ἀνθύπατος
3545 2532 3809 2600 Ῥωμαίων,

2308 2629 2733 2701 Ἡρακλεωτῶν
2754 2628 2828 2697 τῇ
2846 2627 3050 2696 ,ϐουλῇ
3086 2625 3184 2680 καί
3214 2623 3295 2690 τῷ
3326 2624 3490 2692 δήμῳ
3528 2625 3745 2692 χαΙρειν,
3773 2623 3812 2670 ἐν

2297 2727 2471 2798 ταύτῃ
2513 2726 2612 2795 τήν
2637 2742 2696 2778 τε
2725 2723 2865 2795 πρὸς
2891 2723 3086 2788 αὐτοὺς
3119 2721 3341 2776 εὔνοιαν
3375 2717 3706 2777 ὲπιϐεϐαιῶν,
3747 2715 3813 2767 καὶ

2296 2821 2373 2884 ὡς
2431 2817 2772 2872 διαλύσαιντο
2803 2817 3066 2886 Ῥωμαῖοι
3102 2815 3203 2884 τὴν
3252 2811 3395 2882 πρὸς
3439 2810 3692 2878 Ἀντίοχον
3737 2809 3813 2875 μάν

2296 2929 2420 2982 χην.
2483 2911 2564 2964 Τὰ
2610 2911 2751 2963 αὐτὰ
2812 2908 2871 2962 δὲ
2921 2906 3139 2976 Λευκίῳ
3172 2905 3218 2938 ⁸⁸
3278 2901 3514 2964 Πόπλιος
3569 2897 3813 2970 Κορνήλιος

2295 3002 2538 3056 Σκιπίων
2581 3001 2610 3053 ὁ
2645 3000 2872 3069 ἁδελφὸς
2903 3001 2998 3052 καὶ
3027 2997 3332 3068 στρατηγὸς
3352 2995 3445 3048 τοῦ
3475 2991 3710 3047 ναυτικοῦ
3733 2993 3815 3052 τοῖς

616 3096 806 3135 manos
838 3081 1197 3151 redintegrat,
1246 3089 1302 3136 et
1335 3081 1528 3151 proelio
1553 3083 1780 3137 summis
1806 3083 2012 3140 viribus
2040 3099 2190 3138 com-

2307 3087 2716 3164 Ἡρακλεώταις
2747 3087 3347 3160 διαπρεσϐευσαμένοις
3375 3083 3686 3153 ἀντέγραψε.
3717 3079 3815 3134 Μετ’

614 3175 782 3226 misso
837 3174 1036 3244 victus,
1089 3188 1240 3227 arma
1314 3174 1555 3244 deponit,
1602 3176 1751 3244 pacis
1793 3176 2194 3232 conditionibus

615 3263 871 3330 acceptis.
909 3241 1040 3329 dum
1069 3273 1123 3318 et
1159 3273 1271 3318 tota
1303 3241 1425 3320 eum
1470 3264 1600 3319 Asia
1637 3265 1846 3321 Minore
1878 3267 2190 3333 excludunt,

612 3365 669 3408 et
696 3355 1002 3423 elephantis
1051 3357 1378 3424 naviumque
1436 3357 1603 3412 classi
1635 3372 1756 3412 eum
1807 3361 2043 3427 privant,
2091 3360 2194 3414 Co-

615 3462 840 3514 magena
885 3457 940 3502 et
989 3447 1145 3518 Syria
1189 3460 1241 3503 et
1284 3448 1479 3518 {Iudaea
1526 3453 1905 3507 tantummodo
1964 3453 2190 3509 relictis.

612 3538 1046 3595 Ileraclicnsiutn
1097 3541 1297 3596 deliine
1354 3543 1548 3598 civitas
1597 3542 1735 3612 apud
1782 3543 2192 3613 imperatorum,

611 3633 790 3702 (quos
830 3631 988 3686 modo
1013 3632 1167 3699 dixi)
1204 3633 1399 3689 missos
1430 3649 1461 3688 a
1507 3633 1768 3689 Romanis
1819 3648 2192 3699 successores,

611 3725 799 3777 eadem
827 3724 1001 3794 gratia
1034 3734 1090 3780 et
1117 3725 1454 3780 humanitate
1513 3729 1758 3796 potitur:
1797 3729 1968 3785 donec
1997 3730 2063 3784 ad
2099 3730 2196 3785 has

612 3817 825 3870 tandem
859 3817 1001 3885 leges
1027 3817 1170 3871 inter
1200 3816 1476 3874 Retnanos
1501 3829 1552 3874 et
1579 3819 1930 3876 Heracleotes
1979 3837 2196 3891 proces-

523 3907 531 3918 '
611 3923 728 3962 sum
746 3919 860 3962 est:
889 3920 942 3962 ut
970 3927 1070 3962 non
1093 3911 1246 3963 modo
1267 3912 1552 3965 amicitiam
1569 3914 1706 3968 inter
1733 3930 1810 3980 se,
1836 3930 2012 3968 verum
2036 3916 2194 3968 etiam

608 4001 927 4064 sacietatem,
971 4010 1154 4054 contra
1192 4019 1322 4070 quos
1357 4013 1405 4057 et
1461 4021 1682 4070 quorum
1715 4007 1893 4074 gratia
1940 4023 2068 4075 opus
2095 4009 2186 4071 sit,

609 4090 806 4142 colant.
844 4089 1090 4158 Suntque
1121 4091 1342 4147 Iaederis
1386 4093 1542 4162 hujus
1589 4105 1779 4163 pacta,
1827 4095 2065 4164 ejusdem
2104 4107 2188 4150 te-

609 4181 761 4235 noris
810 4192 866 4235 et
939 4181 1148 4250 formae,
1207 4184 1258 4237 in
1315 4183 1523 4240 tabulas
1592 4202 1770 4242 aeneas
1819 4187 1984 4242 relata
2031 4189 2186 4254 duas,

608 4287 838 4338 quorum
866 4273 1035 4330 altera
1085 4291 1250 4344 penes
1300 4276 1596 4341 Romanos,
1649 4279 1701 4332 in
1731 4278 2054 4347 Capitolino,
2091 4279 2186 4334 Jo-

607 4365 690 4420 vis
716 4367 933 4436 templo,
964 4368 1135 4423 altera
1172 4366 1465 4432 Ileraclea',
1499 4371 1662 4424 etiam
1688 4371 1801 4440 ipsa
1831 4374 1885 4426 in
1916 4371 2069 4428 Jovis
2095 4388 2185 4428 sa-

607 4461 784 4511 crario
809 4467 892 4513 est
917 4459 1097 4512 aﬂixa.

2294 3183 2354 3236 ού
2407 3182 2542 3236 πολὺ
2585 3181 2643 3235 δὲ
2687 3180 2852 3234 πάλιν
2907 3181 2989 3243 εἰς
3035 3183 3215 3248 μάχην
3263 3177 3536 3245 Ἀντίοχος
3576 3173 3816 3243 Ῥωμαίοις

2292 3274 2558 3343 κατέστη,
2619 3274 2714 3326 καὶ
2765 3273 2870 3327 ἀνὰ
2901 3272 3104 3342 κράτος
3135 3269 3396 3340 ἡττηθεὶς
3432 3269 3522 3321 ἐπὶ
3575 3265 3818 3327 συνθήκαις

2289 3367 2572 3421 διελύσατο
2613 3366 2713 3435 τὴν
2777 3365 3000 3436 ἔχθραν,
3064 3365 3122 3418 αἳ
3183 3363 3278 3417 καὶ
3322 3363 3424 3432 τῆς
3480 3359 3653 3420 Ἀσίας
3695 3355 3816 3410 αὑτὸν

2291 3462 2511 3530 ἁπάσης
2540 3462 2828 3529 ἀπεῖργον,
2861 3460 2954 3513 καὶ
2983 3459 3109 3524 τοὺς
3135 3458 3438 3526 ἐλέφαντας
3469 3457 3561 3508 καὶ
3589 3453 3686 3505 τῶν
3710 3449 3818 3517 νηῶν

2295 3551 2706 3621 συναφῃροῦντο
2745 3551 2836 3604 τὸν
2861 3549 3067 3613 στόλον,
3105 3550 3205 3617 τῆς
3235 3550 3616 3618 Κομμαγὴνης
3644 3541 3766 3608 αὖτῷ
3786 3540 3815 3568 ﬂ

2293 3643 2389 3694 καὶ
2429 3644 2528 3710 τῆς
2573 3643 2832 3704 Ἰουδαίας
2868 3642 2948 3696 εἰς
2990 3623 3168 3710 άρχὴν
3207 3637 3668 3705 ὑπολειπομένων.
3703 3630 3754 3682 'Il
3777 3628 3816 3680 δὲ

2291 3732 2401 3786 τῶν
2443 3732 2833 3800 Ἡρακλεωτῶν
2874 3731 3030 3792 πόλις
3082 3729 3219 3800 πρὸς
3243 3729 3372 3790 τοὺς
3421 3720 3816 3792 ὲκπεμπομένους
3902 3721 3903 3732 λ

2294 3822 2445 3888 παρὰ
2468 3823 2576 3875 τῶν
2629 3820 2919 3890 Ῥωμαίων
2967 3818 3076 3872 τῶν
3117 3814 3447 3887 στρατηγῶν
3489 3811 3740 3878 διαδόχους
3771 3804 3816 3855 τὰ

2294 3912 2433 3964 αὐτά
2482 3927 2541 3964 τε
2595 3908 3034 3981 διεπρεσϐεύετο,
3085 3906 3178 3959 καὶ¹
3225 3909 3348 3968 ταῖς
3401 3902 3605 3972 ὁμοίαις
3649 3893 3814 3950 ἀντεδε·

2297 4001 2474 4066 ξιοῦτο
2501 4002 2735 4063 εὐνοίαις
2784 4003 2879 4053 καὶ
2915 3999 3358 4070 φιλοφρονήσεσι.
3408 3996 3515 4047 Καὶ
3551 3991 3689 4052 τέλος
3729 4001 3815 4038 0W-

2296 4093 2458 4162 θῆκαι
2509 4092 2776 4161 προῆλθον
2824 4090 3114 4159 Ῥωμαίοις
3169 4106 3228 4140 τε
3301 4088 3395 4140 καὶ
3442 4079 3812 4154 Ἡρακλεώταις,

2299 4185 2373 4255 μὴ
2397 4184 2583 4254 φίλους
2609 4179 2746 4236 εἶναι
2775 4182 2955 4251 μόνον,
2983 4181 3118 4234 ἀλλὰ
3139 4179 3232 4231 καὶ
3255 4179 3575 4247 συμμάχους
3599 4171 3810 4237 ἀλλήλοις,

2295 4277 2415 4329 καθ’
2445 4269 2520 4328 ὧν
2554 4293 2612 4327 τε
2634 4275 2727 4327 καὶ
2756 4274 2894 4343 ὑπὲρ
2931 4266 3006 4325 ὧν
3034 4273 3274 4343 δεηθεῖεν
3306 4271 3579 4339 ἑκάτεροι.
3616 4263 3726 4336 [728
3751 4256 3808 4324 IL]

2293 4367 2406 4420 Καὶ
2460 4369 2651 4436 χαλκοῖ
2701 4365 2928 4428 πίνακες
2977 4364 3069 4417 δύο
3120 4365 3217 4425 τὰς
3259 4361 3554 4431 ὁμολογίας
3599 4360 3726 4415 ἴσους
3750 4350 3810 4402 7-1"-

2290 4458 2481 4522 ὁμοίας
2499 4456 2692 4524 ἔφερον
2715 4475 2726 4487 ο
2748 4448 2822 4508 ὧν
2843 4455 2871 4506 ὁ
2905 4455 3003 4525 μὲν
3031 4455 3182 4525 παρά
3222 4453 3516 4524 Ῥωμαίοις
3548 4453 3601 4502 ἐν
3619 4448 3688 4514 τῷ
3713 4456 3808 4494 κατα

2289 4546 2351 4598 τὸ
2416 4545 2762 4598 Καπιτώλιον
2787 4545 2917 4614 ἱερῷ
2961 4544 3054 4597 τοῦ
3083 4544 3204 4607 Διὸς
3237 4541 3554 4613 καθηλὼθη,
3583 4541 3609 4592 ὁ
3643 4538 3690 4590 δὲ
3712 4530 3806 4585 κατὰ

2287 4639 2386 4710 τὴν
2426 4637 2754 4708 Ἡράκλειαν
2790 4637 2884 4689 καὶ
2923 4637 3084 4698 αὐτὸς
3113 4639 3158 4668 ⁸⁸
3198 4637 3254 4688 ἐν
3302 4635 3380 4704 τῷ
3409 4634 3502 4688 τοῦ
3546 4631 3658 4691 Διὸς
3699 4629 3803 4692 i392)-

1125 4724 1253 4780 CAP.
1287 4724 1478 4782 XXIX.
1507 4759 1578 4768 —
1598 4725 1960 4782 Ileraclienses
1988 4747 2020 4782 a
2055 4729 2248 4783 Prusia
2275 4731 2328 4784 in
2359 4733 2627 4801 angustias
2665 4731 2831 4783 coacti
2853 4747 2875 4794 ;
2901 4729 3154 4805 liujusque
3180 4730 3373 4783 clades.

679 4835 804 4889 llzec
855 4847 1145 4908 postquam
1181 4855 1278 4894 xm
1311 4851 1365 4895 et
1402 4855 1490 4894 xiv
1539 4839 1792 4894 Historia:
1841 4841 1980 4896 libro
2011 4857 2180 4910 expo-

2361 4843 2546 4896 Ταῦτα
2607 4841 2894 4908 διεξελθὼν
2934 4842 2963 4893 ὁ
2995 4841 3344 4911 συγγραφεὺς
3385 4836 3527 4891 κατὰ
3579 4833 3635 4885 τὸ
3663 4835 3719 4896 ιγ’
3743 4824 3803 4880 xz"-

606 4929 738 4990 Suit,
772 4943 841 4979 xv
898 4944 1124 4984 exorsus
1177 4932 1289 4988 haec
1325 4931 1513 4987 refert.
1565 4930 1812 4998 Prusias,
1856 4931 2048 5000 inquit,
2093 4930 2184 4985 Bi-

610 5018 896 5087 thynorum
944 5037 1064 5082 rex.
1112 5021 1337 5076 mirifice
1367 5022 1665 5076 industrius
1693 5032 1746 5077 et
1780 5039 2008 5091 gnavus,
2045 5023 2183 5077 mul-

612 5111 792 5180 tisque
821 5117 981 5168 rebus
1010 5116 1176 5184 gestis
1198 5115 1400 5181 clarus,
1433 5116 1575 5170 inter
1603 5115 1704 5168 alia
1746 5118 1910 5170 etiam
1941 5115 2182 5180 Cierum,

609 5205 974 5261 IIeracliensis
1047 5208 1270 5262 ditionis
1323 5208 1533 5274 urbem,
1583 5208 1724 5264 bello
1781 5209 2032 5279 subjecit,
2083 5223 2182 5277 pro

608 5298 768 5352 Ciero
805 5298 1125 5352 Prusiadem
1171 5299 1507 5367 nuncupans.
1553 5301 1710 5354 Tiutu
1749 5302 1914 5354 etiam
1966 5315 2182 5354 eorum-

609 5388 730 5442 dem
759 5389 1122 5458 jurisdictioni
1170 5391 1458 5445 obnoxiam
1495 5393 1640 5460 cepit
1681 5409 1696 5445 :
1736 5403 1793 5446 ut
1837 5392 1917 5446 sic
1947 5393 2182 5461 undique

609 5477 806 5549 230a
835 5495 982 5533 mare
1002 5481 1475 5536 circumscriberet
1499 5481 1832 5537 Ilcracleam.
1863 5481 1992 5535 Inde
2015 5483 2177 5535 etiam

2307 4935 2365 4988 ιδ’
2400 4934 2498 5003 τῆς
2555 4935 2814 5001 ἱστορίας,
2863 4933 2944 4995 είς
3001 4937 3100 5001 τὴν
3160 4937 3221 4983 ιε’
3275 4925 3544 4982 εἰσϐαλὼν
3595 4920 3802 4990 διηγείτιι

2289 5027 2437 5089 ὅπως
2465 5026 2736 5095 Προυσίας
2767 5027 2796 5077 ὁ
2818 5024 3060 5078 Βιθυνῶν
3093 5022 3368 5092 βασιλεὺς,
3412 5019 3716 5091 δραστήριος
3754 5022 3803 5056 ων

2289 5118 2386 5171 καὶ
2414 5117 2584 5170 πολλὰ
2610 5116 2846 5187 πράξας,
2878 5116 3028 5187 μετὰ,
3044 5116 3149 5168 τῶν
3176 5115 3352 5169 ἄλλων
3377 5114 3471 5166 καὶ
3493 5111 3676 5180 Κίερον
3692 5100 3802 5154 πόλιν

2301 5209 2692 5280 Ἡρακλεωτῶν
2727 5204 2891 5261 οὖσαν
2936 5208 3027 5275 ὑφ’
3053 5207 3240 5261 ἑαυτὸν
3283 5206 3438 5258 ἔθετο
3487 5202 3562 5272 τῷ
3605 5195 3799 5280 πολέμῳν

2287 5276 2408 5354 ἀντὶ
2439 5302 2640 5371 Κιέρου
2686 5299 2992 5371 Προυσιάδα
3018 5300 3270 5364 καλέσας,
3301 5294 3412 5350 εἷλε
3435 5297 3489 5350 δὲ
3509 5287 3714 5362 καὶβῖὸ
3735 5276 3797 5347 II-i

2288 5395 2387 5464 τὴν
2422 5395 2569 5465 Τῖον,
2601 5393 2698 5445 καὶ
2727 5392 2895 5462 αὐτὴν
2921 5393 3160 5460 ὑπήκοον
3188 5390 3373 5450 αὐτοῖς
3407 5387 3589 5447 οὖσαν,
3623 5381 3736 5433 ὥστε
3756 5387 3796 5422 εκ

2287 5483 2556 5552 Θαλάττης
2579 5484 2658 5547 είς
2687 5483 2960 5536 θάλασσαν
2990 5481 3087 5552 τὴν
3127 5480 3456 5553 Ἡράκλειαν
3495 5466 3790 5545 περιγράψω·

1915 5603 2147 5659 VARI/IS
2186 5604 2589 5660 LECTIONES.

683 5709 730 5780 7’
770 5710 863 5780 καὶ
884 5712 984 5777 τῆς
1029 5716 1290 5778 Ἰουδαίας
1322 5735 1381 5780 ς’.

1485 5719 1530 5750 ⁸⁸
1556 5720 1625 5772 τά
1655 5721 1697 5773 A
1735 5739 1747 5772 :
1779 5719 1949 5774 ταῦτα
1981 5740 2040 5786 ς.

616 5775 660 5809 ⁸³
676 5775 982 5836 διαλύεσθαι
1012 5801 1070 5849 ς.

1149 5785 1195 5818 ⁸⁸
1229 5787 1445 5858 Λευκίῳ
1477 5789 1520 5842 Α
1553 5809 1563 5845 :
1605 5791 1871 5860 Σελευκίῳ
1907 5810 1962 5856 ς.

2118 5722 2162 5753 ⁸⁸
2191 5723 2511 5792 φιλοφρονου
2537 5722 2634 5791 μὲν
2664 5721 2851 5791 ἔτυχον
2891 5738 2950 5784 ςι.

2040 5794 2086 5825 ⁸⁸
2111 5790 2258 5862 αὐτῷ
2313 5790 2373 5848 ll}
2400 5790 2706 5862 Stephanus
2735 5790 2896 5846 :libri
2945 5790 3143 5845 αὐτῶν.

3046 5720 3090 5752 ⁸³
3114 5719 3250 5790 ψηφ.
3276 5707 3727 5790 προσαντέγραψπν
3746 5715 3781 5761 ῖ-

3219 5791 3263 5820 36
3318 5787 3452 5839 αύτό
3505 5801 3561 5848 ς.
