4032 6446
296 332 409 396 905

1383 332 1906 391 BlBLlOTIIECA.
1934 358 2001 366 -
2021 334 2185 394 COD.
2226 335 2521 395 CCXXIV.

3460 340 3572 403 906

311 447 432 515 Ἐφ’
455 441 544 508 αἷς
570 443 836 514 κάκείνην
864 443 1140 515 κραταιῶς
1179 443 1508 512 ἐπολιόρκει,
1540 443 1632 494 καὶ
1665 442 1889 505 πολλοὺς

1998 444 2237 497 violenta
2265 459 2387 499 eam
2417 444 2707 498 obsidione
2746 445 2970 514 pressit,
2998 453 3051 500 et
3096 447 3361 516 plurimos
3382 448 3570 505 obses-

298 535 404 605 μὲν
431 533 541 586 τῶν
582 533 1056 605 πολιορκουμένων
1105 532 1452 598 ἀπέκτεινεν,
1515 532 1683 600 ἐγγὺς
1729 531 1775 583 δ’
1819 531 1888 586 ἂν

294 624 397 677 καὶ
441 626 490 694 ξή
538 624 692 687 πόλις
740 623 836 676 τοῦ
884 623 1089 677 ἀλῶναι
1145 625 1418 690 κατέστη,
1476 624 1633 692 είμὴ
1670 623 1761 675 ἐπὶ
1788 622 1890 690 τῆς

296 716 568 787 κλίμακος
620 715 925 769 ἀναϐαίνων
976 716 1254 785 Προυσίας
1305 716 1438 787 λίθῳ
1473 716 1726 785 βαλόντος
1770 716 1889 779 ἐνὸς

296 809 407 862 τῶν
439 809 549 862 ἀπὸ
579 810 677 879 τῆς
704 809 985 875 ὲπάλξεως
1015 810 1307 879 συνετρίϐη
1338 810 1397 861 τὸ
1417 810 1632 872 σκέλος,
1661 808 1759 861 καὶ
1782 809 1881 876 τὴν

296 901 623 971 πολιορκίαν
680 903 742 954 τὸ
791 902 963 964 πάθος
1023 903 1268 955 διέλυσεν
1330 904 1571 973 φοράδην
1618 903 1727 972 γὰρ
1782 902 1880 955 ὁ⁸⁷

297 992 542 1061 βληθεὶς,
579 992 680 1046 οὐκ
718 993 844 1046 ἄνευ
872 993 1105 1060 ἀγῶνος,
1137 994 1241 1045 ὑπὸ
1266 993 1375 1045 τῶν
1408 993 1650 1045 Βιθυνων
1689 993 1885 1044 ἀνακο-

301 1085 522 1153 μισθεὶς
562 1086 640 1146 εἰς
674 1084 742 1136 τά
774 1085 948 1137 οἰκεῖα
982 1083 1305 1153 ἀνέστρεψε,
1337 1085 1500 1135 κάκεῖ
1532 1082 1681 1151 βιοὺς
1704 1080 1798 1149 ἐτη
1822 1080 1883 1132 οὗ
1914 1068 1919 1075 ’

298 1178 497 1237 πολλὰ,
534 1177 630 1229 καὶ
669 1176 839 1246 χωλὸς
883 1180 975 1231 καὶ
1006 1176 1081 1229 ὢν
1111 1178 1205 1229 καὶ
1247 1175 1601 1246 καλούμενος,
1641 1175 1730 1227 τὸν
1774 1173 1886 1242 βίον

301 1269 673 1340 κατέστρεψεν
703 1268 772 1322 ⁸⁸.

1989 552 2176 590 sorum
2214 535 2507 589 iuterl’eeil.
2561 536 2625 590 Et
2648 536 2762 602 jam
2810 552 2976 607 prope
2998 547 3117 593 erat
3150 548 3209 593 ut
3238 540 3370 595 urbs
3400 556 3569 610 cape-

1991 637 2165 690 retur,
2208 626 2311 680 nisi
2347 625 2575 689 Prusiae,
2609 627 2737 680 dum
2780 627 2941 682 scalis
2978 642 3192 683 sursum
3236 630 3453 696 nititur,
3487 634 3569 684 Ia-

1991 714 2115 784 pide
2143 714 2444 784 cujuspiam
2470 715 2535 769 de
2565 718 2982 786 propugnaculis
3013 718 3141 783 icto,
3174 734 3302 775 crus
3336 720 3569 778 fraetum

1989 815 2156 871 esset,
2185 814 2239 859 et
2266 808 2353 860 hic
2400 821 2559 861 casus
2601 808 2670 862 ab
2705 812 3105 878 oppugnatione
3150 813 3417 869 desistere
3444 830 3565 869 eum

1988 899 2278 968 coegisset.
2313 898 2388 952 ita
2424 899 2567 953 enim
2592 916 2909 968 percussus,
2937 901 3151 966 lectica,
3187 918 3291 957 non
3324 906 3444 960 sine
3474 909 3571 957 (1ης

1986 988 2122 1043 loris
2151 991 2469 1056 acerbitate,
2526 992 2744 1044 domum
2794 1007 2824 1044 a
2866 993 3113 1065 Bithynis
3149 996 3262 1048 suis
3294 994 3567 1058 refertur,

1987 1095 2088 1135 nec
2123 1081 2307 1135 multis
2352 1090 2482 1150 post
2503 1083 2675 1148 ,annis
2720 1084 2946 1145 exactis,
2984 1086 3205 1140 nomine
3249 1098 3303 1141 et
3328 1102 3387 1145 re
3418 1088 3570 1142 clau-

1991 1174 2109 1238 dus,
2143 1172 2306 1226 ﬁnem
2333 1173 2546 1228 vivendi
2579 1172 2730 1228 fecit.

1237 1382 1365 1437 CAP.
1394 1382 1562 1436 XXX.
1587 1411 1656 1422 ——
1689 1382 1961 1435 Heraclea:
1988 1380 2249 1433 obsidium
2277 1397 2309 1433 a
2340 1376 2568 1433 Calatis.

372 1481 433 1532 Οἱ
462 1479 519 1532 δὲ
557 1480 698 1551 ὑπὲρ
745 1480 836 1533 τὸν
868 1480 1070 1533 Πόντον
1094 1480 1333 1534 Γαλάται
1366 1524 1379 1544 ,
1417 1482 1570 1535 οὔπω
1601 1482 1708 1535 τῶν
1750 1480 1874 1533 Ῥω-

305 1574 504 1641 μαίων,
551 1574 631 1635 είς
662 1572 761 1643 τὴν
803 1574 993 1626 Ἀσίαν
1021 1574 1447 1645 διαϐεϐηκότων,
1470 1574 1635 1627 πόθον
1671 1574 1888 1644 ἔχοντες

297 1667 501 1733 πεῖραν
522 1664 706 1717 λαϐεῖν
728 1664 828 1733 τῆς
851 1664 1128 1735 Θαλάσσης
1155 1667 1410 1736 προελεῖν
1447 1666 1766 1737 ἐπεχείρουν
1790 1666 1887 1734 τὴν

312 1756 664 1824 Ἡράκλειαν,
700 1758 795 1810 καὶ
816 1758 876 1809 οὐ
893 1757 1140 1827 ,χαλεπὸν
1177 1758 1424 1827 ἐνόμιζον
1449 1776 1462 1789 ο
1489 1758 1626 1811 πολὺ
1652 1759 1762 1829 γὰρ
1785 1758 1885 1826 τῆς

2062 1478 2312 1533 Nondum
2345 1478 2399 1531 in
2430 1479 2612 1532 Asiam
2646 1479 2874 1533 Romani
2925 1482 3274 1551 trajecerant,
3310 1500 3431 1539 cum
3466 1485 3573 1540 Ga-

1990 1571 2132 1634 lattc,
2164 1569 2320 1625 Ponti
2354 1570 2574 1633 accolte,
2616 1570 2780 1625 maris
2822 1574 3067 1626 tentandi
3114 1575 3431 1643 cupiditate,
3464 1575 3570 1629 lle-

1992 1663 2226 1716 racleam
2270 1661 2423 1730 prius
2470 1676 2738 1731 occupare
2779 1675 3068 1729 conantur,
3113 1681 3219 1719 non
3272 1666 3487 1722 dillicile
3518 1670 3571 1721 id

1991 1755 2109 1809 fore
2163 1755 2587 1809 existimantes:
2640 1757 2905 1824 siquidem
2945 1759 3012 1811 de
3054 1760 3276 1827 antiqua
3331 1762 3570 1829 potentia

296 1849 540 1912 παλαιᾶς
572 1848 787 1919 Ῥώμης
812 1849 1000 1917 ὑφεῖτο
1037 1850 1280 1921 καὶπρὸς
1299 1852 1357 1904 τὸ
1370 1851 1880 1922 καταφρονούμενον

1995 1845 2347 1915 umltumjam
2372 1845 2723 1910 diminutum,
2759 1856 2814 1899 ct
2851 1848 2917 1899 ad
2959 1856 3328 1916 contemptum
3356 1849 3566 1918 prolabi

296 1940 557 2010 ὑπέρρει.
600 1940 965 2009 Στρατεύουσι
1007 1941 1063 1994 δὲ
1095 1942 1215 1995 κατ’
1247 1942 1415 2011 αὐτῆς
1472 1942 1711 2004 ἀπάσαις
1759 1944 1880 2003 ταῖς

300 2032 621 2101 δυνάμεσιν,
650 2031 759 2084 οὐδ’
783 2032 953 2103 αὐτῆς
976 2034 1282 2103 συμμάχων
1298 2033 1643 2102 ἁμελούσης,.
1661 2032 1775 2085 ἀλλ’
1802 2033 1882 2095 είς

298 2127 401 2178 ὅσα
428 2128 688 2196 παρεῖχεν
710 2128 738 2178 6
764 2126 958 2196 καιρὸς
976 2128 1558 2198 παρασκευαζομένης.
1602 2126 1881 2194 Ἑπολιορ-

298 2222 452 2271 κεῖτο
504 2218 602 2287 μὲν
635 2218 729 2271 οὖν
781 2216 1069 2287 αὖτη,κα“ι
1116 2220 1307 2287 χρόνος
1353 2218 1620 2289 ἐτρίϐετο,
1659 2219 1716 2283 ὃς
1757 2222 1883 2284 τοὺς

299 2310 548 2373 Γαλάτας
612 2312 691 2374 εἰς
741 2310 951 2363 ἔνδειαν
997 2310 1105 2364 τῶν
1155 2312 1473 2378 ἀναγκαίων
1534 2312 1831 2382 συνήλαυνε
1866 2330 1880 2342 ·

301 2400 461 2472 θυμῷ
519 2402 627 2473 γὰρ
676 2404 769 2455 καὶ
820 2403 882 2455 οὐ
928 2405 1248 2473 παρασκευῇ
1292 2407 1359 2474 τῇ
1399 2403 1591 2474 δεούσῃ
1637 2405 1884 2475 Γαλάτης

298 2492 441 2561 ἀνὴρ
492 2490 582 2544 τὸν
621 2492 861 2561 πόλεμον
908 2493 1192 2564 διαφέρειν
1239 2490 1373 2548 οἶδε.
1427 2496 1570 2564 Πρὸς
1615 2493 1708 2550 οὖν
1761 2498 1884 2551 συλ-

300 2582 467 2653 λογὴν
516 2583 623 2637 τῶν
655 2585 981 2655 ἐπιτηδείων
1010 2587 1071 2639 τὸ
1120 2587 1481 2657 στρατόπεδον
1527 2588 1884 2642 ἀπολελοιπό-

300 2693 434 2741 τιιη,
480 2676 848 2747 ἐκδραμόντες
895 2680 943 2730 oi
999 2678 1098 2746 τῆς
1144 2679 1352 2742 πόλεως
1393 2680 1489 2732 καὶ
1527 2680 1812 2747 ἀδοκήτοις
1838 2680 1883 2711 ⁸⁸

301 2770 659 2833 ἐπιπεσόντες
700 2771 833 2823 αὑτό
874 2788 937 2824 τε
982 2765 1127 2823 εἷλον
1158 2771 1252 2823 καὶ
1292 2771 1521 2834 πολλοὺς
1550 2772 1757 2825 ἀνεῖλον
1790 2771 1886 2825 καὶ

297 2864 428 2924 τοὺς
467 2864 563 2915 ἐπὶ
600 2863 699 2932 τῆς
745 2862 930 2934 χώρας
974 2863 1369 2927 σκεδασθέντας
1398 2864 1457 2917 οὺ
1482 2864 1731 2934 χαλεπῶς
1762 2882 1887 2917 συν-

301 2952 628 3022 ελάμϐανον,
664 2953 739 3017 ὡς
788 2954 921 3025 μηδὲ
953 2955 1055 3025 τὴν
1089 2953 1279 3025 τρίτην
1313 2958 1509 3026 μοῖραν
1535 2956 1631 3008 τοῦ
1656 2956 1887 3009 Γαλατι-

301 3042 401 3096 κοῦ
430 3048 840 3113 στρατεύματος
876 3047 957 3108 είς
988 3046 1253 3099 Γαλατίαν
1283 3046 1641 3117 ἀναστρέψαι.
1698 3047 1793 3100 Ἐκ
1821 3046 1878 3100 δὲ

302 3134 399 3189 τοῦ
456 3136 886 3204 κατορθώματος
946 3138 1110 3192 πάλιν
1171 3140 1250 3201 εἰς
1306 3138 1403 3211 τὴν
1463 3141 1739 3213 προτέραν
1791 3141 1884 3194 εὕρ

299 3226 488 3280 κλειαν
515 3228 561 3260 ⁹⁰
604 3230 699 3280 καὶ
736 3229 1083 3299 εὐδαιμονίαν
1131 3228 1354 3293 ἐλπίδας
1392 3231 1700 3302 ἐλάμϐανον
1746 3234 1886 3288 ἀνα·
1915 3270 1960 3328 C

298 3319 487 3389 ϐῆναι.

1985 1937 2190 1991 sensim
2232 1945 2493 2006 cmperat.
2532 1934 2659 1989 ldeo
2696 1938 2968 1992 universis
3014 1954 3134 1992 eam
3175 1939 3345 2008 copiis
3392 1941 3572 2010 impu-

1986 2040 2177 2099 gnant.
2213 2027 2333 2099 lpsa
2370 2040 2550 2083 tamen
2578 2031 2850 2084 sociorum
2884 2030 3098 2084 interim
3134 2045 3239 2085 non
3268 2040 3352 2086 est
3381 2033 3573 2087 imme-

1988 2138 2127 2186 mor,
2156 2121 2251 2176 sed
2286 2130 2547 2189 quantum
2590 2122 2810 2175 occasio
2854 2136 3088 2191 praesens
3134 2121 3412 2177 facultatis
3438 2139 3572 2177 cou-

1988 2214 2153 2276 ccdit,
2189 2229 2251 2268 se
2277 2222 2467 2268 contra
2515 2215 2708 2267 munit.
2747 2212 3041 2267 Obsidione
3086 2214 3247 2284 igitur
3279 2216 3331 2269 in
3361 2224 3573 2284 tempus

1986 2305 2205 2372 aliquod
2256 2314 2523 2371 extracta,
2574 2314 2974 2359 commeatuum
3033 2306 3213 2375 inopia
3260 2308 3314 2361 in
3362 2321 3572 2362 arctum

1985 2408 2257 2468 coguntur
2288 2397 2513 2454 Galatae.
2559 2398 2641 2452 lra
2690 2399 2859 2460 enim,
2894 2414 3001 2452 non
3030 2410 3291 2469 apparatu
3324 2416 3573 2457 necessa-

1988 2491 2071 2545 rio
2111 2490 2429 2554 instructus,
2458 2490 2657 2545 bellum
2694 2490 2897 2545 iulerre.
2938 2491 3159 2547 Galatas
3190 2494 3361 2548 novit.
3392 2492 3574 2559 Quare

1987 2597 2111 2636 cum
2144 2581 2211 2636 ad
2238 2584 2686 2652 comportandum
2714 2586 3020 2639 necessaria
3048 2585 3243 2639 castris
3269 2585 3573 2641 abscessis-

1987 2683 2127 2739 sent,
2157 2674 2328 2742 cives,
2358 2675 2645 2745 eruptione
2687 2676 2851 2739 facta,
2880 2685 2934 2731 et
2964 2679 3163 2731 castris
3190 2678 3491 2746 potiuntur,
3518 2686 3578 2731 et.

1988 2765 2254 2834 plurimos
2296 2768 2535 2822 caedunt.
2583 2768 2922 2837 Dispalantes
2956 2770 3120 2823 etiam
3152 2784 3248 2839 per
3275 2785 3433 2838 agros
3467 2785 3571 2823 nou

1988 2872 2185 2927 magno
2215 2859 2433 2927 negotio
2463 2862 2955 2930 comprehemlunt.
2993 2864 3169 2930 Atque
3202 2863 3277 2916 ita
3309 2878 3409 2916 nec
3439 2877 3572 2931 pars

1991 2950 2157 3004 tertia
2204 2952 2431 3007 Galatici
2462 2954 2741 3007 exercitus
2789 2952 2842 3006 in
2889 2952 3154 3008 Galatiam
3186 2954 3494 3008 revertitur.
3529 2954 3575 3007 Α

1989 3057 2097 3112 quo
2138 3057 2453 3098 successum
2496 3043 2563 3096 ad
2612 3043 2895 3111 pristinam
2944 3045 3260 3114 emergendi
3300 3044 3577 3100 fortunam

1989 3140 2044 3185 et
2071 3130 2442 3186 celebritatem
2490 3146 2614 3200 spes
2642 3134 2911 3202 concepit.

912 3462 1041 3518 CAP.
1076 3463 1267 3518 XXXI.
1303 3497 1368 3507 —
1407 3467 1731 3524 Heracleam:
1770 3470 2020 3526 Romanis
2060 3474 2413 3530 auxiliantur.
2454 3475 2749 3528 Marrucini
2786 3475 2987 3544 papuli.

387 3552 677 3621 Ῥωμαίοις
707 3554 761 3606 δὲ
791 3555 926 3624 πρὸς
962 3556 1221 3624 Μάρσους
1244 3574 1301 3609 τε
1333 3559 1429 3610 καὶ
1464 3560 1757 3627 Πελιγνοὺς
1788 3563 1883 3615 καὶ

300 3645 683 3715 Μαρουκίνους
706 3647 747 3676 ‘”
779 3646 924 3717 (ἔθνη
957 3647 1135 3700 δὲείσι
1156 3650 1331 3702 ταῦτα
1347 3651 1489 3721 ὑπὲρ
1514 3652 1721 3723 Λιϐύης
1749 3672 1882 3707 κατ-

302 3740 588 3809 ῳκημένα,
640 3740 912 3810 Γαδείρων
948 3742 1144 3813 ὅμορα)
1172 3743 1295 3795 δυσί
1324 3761 1383 3795 τε
1436 3746 1686 3815 τριήρεσι
1718 3747 1762 3777 θ’
1790 3765 1886 3799 κα-

301 3831 643 3899 ταφράκτοις
699 3831 1078 3900 Ἡρακλεῶται
1135 3834 1542 3903 συνεμάχησαν,
1602 3837 1696 3888 καὶ
1754 3852 1885 3905 συγ-

303 3924 757 3993 κατορθώσαντες
805 3924 897 3976 τὸν
948 3926 1186 3995 πόλεμον
1220 3928 1310 3979 καὶ
1351 3927 1561 3980 πολλῶν
1595 3928 1886 3999 ἀριστείων

302 4014 637 4078 ἀξιωθέντες
699 4022 769 4068 ια’
822 4004 933 4070 ἔτει
982 4017 1118 4087 πρὸς
1174 4019 1275 4087 τὴν
1325 4020 1561 4090 πατρίδα
1630 4021 1893 4092 ἀνεκομί-

308 4109 546 4173 σῦησαν.

2065 3568 2328 3623 Romanis
2359 3568 2521 3621 etiam
2574 3567 2713 3621 bello
2740 3575 2927 3620 contra
2961 3565 3187 3629 Marsos,
3218 3564 3489 3636 Pelignos,
3522 3578 3577 3623 et

1991 3662 2331 3717 Marrucinos
2360 3659 2638 3731 (gentium
2682 3661 2873 3713 harum
2907 3662 3065 3712 sedes
3122 3667 3203 3712 est
3241 3674 3401 3726 supra
3430 3658 3578 3713 Afri-

1993 3766 2134 3813 cam,
2180 3750 2232 3802 in
2284 3749 2534 3803 conﬁniis
2580 3747 2852 3817 Gadium)
2895 3747 3105 3801 duabus
3140 3746 3579 3816 quadriremibus

1993 3843 2153 3897 tectis
2202 3842 2537 3897 Heracleotze
2604 3841 2959 3895 auxiliantur.
3010 3840 3076 3894 Et
3126 3841 3264 3895 bello
3316 3855 3573 3911 prospere

1995 3934 2265 3999 confecto,
2316 3935 2498 3990 multis
2540 3934 2755 3989 exitni;e
2817 3934 3035 3988 virtutis
3098 3934 3275 3988 ornati
3319 3934 3577 4002 praemiis,

2002 4028 2291 4082 undecimo
2322 4028 2541 4081 tandem
2580 4042 2724 4081 anno
2756 4027 2807 4080 in
2841 4026 3072 4095 patriam
3103 4036 3227 4080 sunt
3260 4025 3484 4080 revecti.

1062 4222 1192 4277 CAP.
1226 4220 1443 4280 XXXII.
1477 4254 1546 4265 —-
1572 4224 1775 4279 Bellum
1828 4225 2159 4279 Mithridatis
2190 4241 2305 4277 cum
2339 4222 2584 4277 Romanis
2607 4234 2653 4276 et
2682 4239 2878 4277 causam

379 4320 532 4374 Μετά
574 4320 745 4372 ταῦτα
795 4319 851 4371 δὲ
897 4320 925 4371 6
971 4320 1106 4390 πρὸς
1145 4321 1447 4389 Ῥωμαίους
1482 4320 1651 4390 βαρὺς
1700 4322 1894 4393 Μιθρι-

302 4413 442 4481 δάτῃ
474 4411 551 4480 τῷ
578 4411 778 4463 Πόντου
815 4411 1029 4480 βασιλεῖ
1075 4412 1307 4481 συνέστη
1340 4413 1598 4481 πόλεμος,
1628 4414 1894 4481 φαινομέ-

302 4520 407 4573 νην
428 4500 608 4554 λαϐὼν
632 4502 811 4554 αἰτίαν
845 4503 945 4571 τὴν
983 4503 1082 4572 τῆς
1114 4503 1513 4564 Καππαδοκίας
1548 4502 1851 4573 κατάληψιν
1874 4519 1889 4533 ’

302 4594 512 4661 ταύτης
543 4593 651 4663 γάρ
682 4594 749 4646 δι’
778 4595 995 4664 ἀπάτης
1037 4595 1130 4647 καὶ
1163 4595 1344 4665 ὅρκων
1373 4594 1767 4664 συμϐατηρίων
1801 4596 1894 4650 τὸν

301 4686 622 4754 ἀδελφιδοῦν
662 4686 902 4756 ’Λράθην
957 4686 1238 4739 συλλαϐὼν
1274 4688 1302 4738 6
1338 4685 1698 4755 Μιθριδάτης,
1732 4687 1893 4740 αὑτο-

301 4782 491 4849 χειρία
521 4780 870 4847 ἀποσφάξας,
908 4778 1184 4848 ἐκράτησε
1214 4794 1228 4807 ⁸
1268 4781 1397 4841 παῖς
1424 4778 1480 4831 δὲ
1503 4779 1532 4830 6
1578 4779 1813 4849 Ἀράθης
1833 4781 1896 4833 ὲκ

300 4873 412 4937 τῆς
452 4870 686 4939 ἀδελφῆς
720 4870 815 4922 τοῦ
862 4869 1195 4938 Μιθριδάτου
1240 4870 1555 4941 ’Λριαράθῳ
1606 4872 1892 4943 γεγένητο.

299 4962 683 5025 Φονικώτατος
739 4963 783 5015 δ’
835 4963 898 5012 ὲκ
956 4960 1143 5023 παιδὸς
1186 4962 1215 5013 6
1254 4963 1591 5031 Μιθριδάτης
1628 4959 1695 5033 ἦν
1726 4979 1741 4992 ·
1796 4964 1898 5031 τὴν

296 5054 425 5123 γὰρ
454 5053 628 5123 ἀρχὴν
649 5053 1139 5124 τρισκαιδεκαέτης
1168 5052 1500 5121 παραλαϐὼν
1543 5055 1661 5122 μετ’
1680 5054 1739 5105 οὐ
1764 5053 1897 5105 πολὺ

296 5150 409 5214 τὴν
451 5146 683 5215 μητέρα,
710 5146 963 5198 κοινωνὸν
1004 5144 1151 5214 αὑτῷ
1204 5144 1353 5212 παρά
1394 5144 1489 5196 τοῦ
1551 5145 1754 5213 πατρὸς
1801 5145 1898 5213 τῆς

299 5237 591 5307 βασιλείας
622 5236 1096 5303 καταλειφθεῖσαν,
1126 5233 1367 5305 1729Ιῖ.]
1401 5234 1759 5306 δεσμωτηρίῳ
1791 5253 1893 5287 κα-

297 5328 528 5398 τασχὼν
562 5328 651 5398 βίᾳ
670 5331 763 5382 καὶ
792 5330 968 5399 χρόνῳ
988 5326 1295 5393 ἑξανάλωσε
1322 5326 1387 5391 9³,
1426 5328 1518 5378 καὶ
1548 5327 1638 5378 τὸν
1662 5328 1890 5396 ἀδελφὸν

297 5422 625 5475 ἀπέκτεινε.
669 5420 1094 5491 Κατεστρέψατο
1118 5418 1174 5472 δὲ
1210 5416 1433 5490 πολέμῳ
1468 5419 1561 5471 καὶ
1600 5421 1727 5483 τοὺς
1758 5422 1888 5491 περὶ

2067 4321 2197 4373 Post
2233 4323 2344 4374 haec
2372 4321 2701 4374 acerrimum
2722 4319 3053 4373 Mithridatis
3092 4319 3354 4374 adversus
3381 4320 3579 4374 Roma-

1996 4429 2093 4466 uos
2129 4412 2329 4466 bellum
2381 4412 2663 4465 conﬂatur.
2688 4410 3044 4479 Cappadociae
3074 4412 3125 4464 in
3157 4412 3389 4479 speciem
3414 4427 3579 4467 causa

1995 4507 2281 4574 arripitur.
2321 4504 2472 4557 Hanc
2526 4505 2669 4559 enim
2730 4503 3090 4567 Mithridates,
3139 4518 3260 4556 cum
3297 4503 3581 4558 Ariatltum

1998 4598 2201 4650 sororis
2231 4594 2799 4664 ﬁlium,jurisjuraudi
2840 4595 3049 4662 pacilici
3074 4594 3197 4646 dolo
3246 4595 3298 4648 in
3336 4604 3583 4663 potesta-

2003 4699 2108 4741 letn
2134 4688 2438 4750 redactum,
2472 4702 2566 4739 sua
2604 4700 2763 4737 mauu
2787 4686 3190 4746 ohtruucasset,
3220 4700 3314 4753 per
3340 4687 3445 4737 vim
3474 4688 3580 4740 sibi

2001 4782 2322 4834 viudicarat.
2350 4778 2638 4832 Ariathum
2663 4779 2804 4831 hunc
2830 4777 3036 4846 2306
3060 4793 3124 4831 ex
3156 4793 3343 4830 sorore
3372 4777 3582 4831 Mithri-

2000 4872 2145 4924 datis
2188 4880 2454 4939 genuerat
2494 4869 2774 4922 Ariuthus.
2831 4869 2963 4921 Nam
3020 4884 3241 4937 apuero
3290 4869 3355 4921 ad
3408 4871 3583 4923 (uades

2004 4962 2471 5031 pmpensissimus
2502 4972 2619 5015 erat
2650 4960 3014 5024 Mithridates,
3049 4978 3171 5013 cum
3204 4963 3346 5014 enim
3388 4963 3456 5015 15
3486 4980 3583 5014 au-

2003 5070 2193 5108 norum
2228 5053 2549 5107 adolescens
2578 5068 2801 5123 regnum
2834 5055 3151 5121 accepisset,
3178 5054 3389 5107 modico
3413 5054 3583 5105 iuler-

2004 5144 2154 5212 lapso
2194 5154 2460 5211 tempore,
2508 5152 2762 5209 matrem,
2808 5144 2957 5210 regni
3003 5152 3311 5199 COHSO"ll‘llI
3355 5156 3382 5193 a
3430 5152 3581 5208 patre

2000 5237 2353 5300 destinatam,
2404 5236 2531 5290 dum
2563 5249 2781 5289 carcere
2818 5236 3056 5288 vinctam
3111 5246 3276 5297 leuet,
3321 5233 3576 5285 violentia

2003 5328 2128 5393 ista,
2184 5338 2239 5383 et
2287 5327 2548 5395 temporis
2597 5325 2960 5379 diuturnitate
3020 5325 3272 5379 confer-it.
3328 5322 3573 5375 Fratrem

1993 5421 2157 5474 etiam
2192 5421 2425 5473 necavit.
2459 5418 2612 5474 Bello
2639 5428 2819 5472 autem
2852 5418 3067 5486 subegit
3096 5433 3245 5486 reges
3278 5418 3419 5469 circa
3446 5414 3587 5468 Pha.

1548 5578 1785 5633 VARUE
1821 5578 2225 5635 LECTIONES.

387 5690 431 5720 s1
462 5689 567 5758 γὰρ
613 5689 704 5741 καὶ
734 5690 761 5740 ὁ
796 5707 859 5752 ς,
967 5689 1011 5719 ⁸⁸
1041 5690 1404 5758 μετέστρεψεν
1444 5706 1507 5752 ς.

302 5761 361 5795 ⁶¹
399 5760 679 5826 πιλιγνοὺς
712 5762 807 5812 καὶ
871 5760 1267 5827 μαργουκίνους
1304 5763 1365 5817 Α.

559 5853 825 5911 Parnm.
862 5854 976 5909 (iu.
1013 5850 1169 5911 Clll.

1603 5689 1647 5721 ⁸9
1673 5690 1767 5765 καὶ
1819 5688 2103 5765 ἀδοκήτοις
2134 5689 2177 5741 Α
2213 5706 2225 5741 :
2263 5689 2542 5765 άδοκῆτως
2573 5707 2633 5765 ς.
2673 5692 2754 5765 β’
2771 5689 3035 5765 εὔκλειαν
3065 5690 3105 5740 Α
3137 5706 3149 5741 :
3184 5687 3470 5744 εὐλάϐειαν
3518 5706 3584 5753 ς.

1443 5763 1487 5793 θ’
1518 5776 1578 5812 τε
1616 5757 1887 5830 τριήρεσι]
1936 5757 2224 5829 τετρήρεσι
2268 5757 2595 5829 Stephanus.

2670 5762 2713 5793 ’³
2735 5760 3041 5831 ὲξηνάλωσε
3074 5777 3133 5824 ς.

3124 5847 3201 5907 29
