4004 6440
542 322 646 384 907
1682 325 1946 385 PIIOTII
1986 325 2492 386 ramuscula
2528 328 2635 388 cr.
3640 353 3728 418 θυι

540 442 647 504 sin,
682 452 858 509 usque
906 439 973 493 ad
1013 439 1230 495 climata
1265 449 1417 495 trans
1463 439 1811 495 Caucasum:
1847 457 2121 512 regnoque

2154 446 2199 505 Α
2222 440 2318 494 τὸν
2338 442 2507 494 Φᾶσιν
2536 440 2777 507 βασιλεῖς
2812 439 2919 503 ἕως
2941 438 3050 494 τῶν
3086 440 3360 510 κλιμάτων
3385 448 3483 505 τῶν
3511 455 3634 531 ὑπὲρ
3662 469 3735 523 τδν

539 532 751 601 magnis
788 532 992 587 viribus
1019 532 1369 603 amplilicato,
1407 550 1660 604 magnum
1686 536 2009 604 arrogantiae
2034 546 2120 590 tu-

2226 534 2541 627 Ιςαύκασον,
2590 536 2685 627 καί
2737 536 2838 605 τήν
2889 533 3332 627 άρχήνᾲηύξησε,
3372 546 3461 595 καὶ
3498 549 3580 603 ἐπὶ
3622 558 3738 627 μέγα

538 642 743 680 morem
795 627 1137 694 Lostcntabat.
1196 624 1586 691 Quamobrem,
1654 640 1775 679 cum
1838 640 1904 679 eo
1951 628 2119 697 magis

2225 625 2546 722 ἀλαζονεία-ς
2596 625 2904 722 ἐξώγκωτο.
2960 625 3128 722 ρ..
3154 628 3349 722 μάλλον
3383 632 3620 707 Ῥωμαῖοι
3661 624 3740 722 τήν

535 718 765 772 consilio
820 716 938 783 ejus
982 726 1234 785 suspecta
1290 716 1552 770 haberent
1610 714 1840 770 Romani
1873 729 2116 771 senatus-

2228 716 2395 770 αὐτοῦ
2440 716 2681 770 διάνοιαν
2721 714 2965 770 ὕποπτον
3004 716 3134 788 [578
3196 716 3251 771 b.
3311 719 3399 792 H.]
3452 714 3742 805 ποιούμενοι,

536 809 845 863 consultum
879 807 1150 870 feret-ant,
1178 816 1237 860 ut
1271 815 1491 877 paterna
1538 806 1754 875 regibus
1794 805 2117 875 Scytharum

2222 810 2339 872 τοῖς
2396 807 2622 862 Σκυθῶν
2669 807 2987 879 βασιλεῦσιν
3024 806 3355 878 ἐψηφίσαντο
3392 814 3486 878 τὰς
3524 825 3746 895 πατρῴας

537 912 702 967 regna
752 896 1126 952 constitueret.
1168 898 1240 952 At
1288 898 1333 952 is
1397 897 1674 951 moderate
1715 898 1931 967 quidem
1969 914 2118 953 man-

2223 898 2391 953 αὑτὸν
2426 898 2603 970 ἀρχάς
2634 899 3110 969 ἀποκαταστῆσαι.
3145 898 3274 953 ’0δέ
3300 906 3525 974 μετρίως
3545 912 3634 978 μὲν
3654 920 3747 983 τοῖς

536 989 677 1045 datis
724 988 952 1059 obsequi
1000 1005 1014 1041 :
1051 989 1145 1044 sed
1185 990 1401 1044 interim
1453 987 1686 1044 Parthos
1716 999 1766 1045 et
1811 989 2021 1057 Medos,
2067 1000 2117 1046 et

2225 993 2723 1062 προσταττομένοις
2744 993 3011 1064 ὑπήκουε,
3027 991 3349 1062 συμμάχους
3368 994 3423 1047 δὲ
3440 998 3749 1069 Πάρθουςκαὶ

534 1080 831 1153 Tigranem
859 1082 1204 1149 Armenium,
1239 1097 1503 1153 regesque
1527 1084 1881 1154 Scytharum,
1916 1094 1969 1139 et
2000 1085 2115 1139 lbe-

2222 1080 2445 1152 Μήδους
2472 1083 2569 1136 καὶ
2594 1081 2875 1153 Τιγράνην
2912 1083 3196 1152 Ἀρμένιον
3222 1083 3318 1136 καὶ
3345 1086 3466 1150 τοὺς
3492 1090 3750 1162 Σκυθικοὺς

536 1187 649 1238 ras,
683 1172 738 1226 in
787 1172 1104 1227 societatem
1166 1172 1290 1227 belli
1317 1174 1626 1230 asciscere:
1687 1176 1930 1245 aliasque
1991 1176 2114 1231 belli

2226 1172 2470 1244 βασιλεῖς
2514 1173 2720 1227 καὶτὸν
2746 1174 2943 1244 Ἵδηρα
2975 1175 3442 1246 προσηταιρίζετο.
3474 1180 3751 1251 Προσετίθει

538 1279 735 1320 causas
765 1265 1083 1334 adjuugere.
1120 1263 1256 1320 Cum
1290 1275 1517 1321 senatus
1547 1266 1693 1320 enim
1732 1268 1917 1322 Romae
1960 1267 2119 1324 Nico-

2223 1262 2280 1316 δὲ
2313 1262 2410 1316 καὶ
2439 1263 2633 1335 ἑτέρας
2664 1263 2759 1317 τοῦ
2798 1263 3040 1332 πολέμου
3083 1264 3296 1329 αίτίας’
3337 1266 3438 1336 τῆς
3468 1271 3570 1342 γὰρ
3612 1274 3663 1326 ὲν
3696 1282 3751 1349 τῇ

538 1359 775 1423 medem,
802 1372 867 1412 ex
912 1355 1203 1413 Nicomede
1245 1368 1300 1412 et
1320 1357 1463 1429 Nysa
1520 1359 1894 1430 progenitum,
1936 1358 2119 1441 Bithy:

2235 1354 2422 1427 Ῥώμῃ
2455 1357 2763 1426 συγκλήτου
2798 1355 3119 1427 Νικομήδην
3147 1356 3239 1410 τὸν
3274 1359 3322 1389 ’⁸
3363 1361 3426 1413 ὲκ
3454 1361 3753 1437 Νικομήδους

536 1448 643 1503 nite
670 1462 847 1518 regem
876 1448 1223 1515 instituisset,
1247 1448 1587 1505 Mithridates
1603 1450 1972 1518 Nicomedem,
1988 1451 2117 1505 Fru-

2224 1448 2320 1501 καὶ
2338 1445 2526 1518 Νύσης
2553 1447 2775 1518 βασιλέα
2790 1448 3046 1512 Βιθυνίας
3071 1448 3433 1520 καθιστώσης,
3460 1454 3754 1529 Μιθριδάτης

535 1541 587 1609 gi
618 1551 998 1610 cognomento,
1038 1540 1111 1595 illi
1144 1544 1419 1610 opposuit.
1450 1540 1743 1598 Praevaluit
1779 1552 1959 1599 tamen
2011 1542 2116 1599 ele-

2222 1538 2317 1591 τὺν
2378 1538 2615 1609 χρηστὸν
2663 1538 3029 1609 ἐπικληθέντα
3090 1539 3409 1611 Νικομήδην
3459 1543 3504 1574 ⁸⁸
3564 1547 3754 1600 ἀντεκα.

536 1631 648 1687 ctio
679 1630 1070 1697 Romanorum,
1105 1629 1416 1686 Mithridate
1449 1632 1638 1687 invito.

2225 1627 2386 1697 θίστη
2410 1643 2425 1658 ·
2468 1629 2767 1699 ἐπεκράτει
2810 1627 2854 1681 δ’
2902 1628 3055 1698 ὅμως
3087 1629 3123 1699 ἡ
3175 1629 3459 1701 Ῥωμαίων
3492 1633 3658 1704 κρίσις
3681 1639 3756 1691 καὶ

2226 1720 2453 1784 ἄκοντος
2474 1718 2832 1791 Μιθριδάτου.

922 1830 1051 1886 CAP.
1083 1826 1320 1903 XXXIII.
1349 1858 1420 1868 —
1447 1825 1769 1883 Mithridatis
1797 1830 2029 1885 victoria
2054 1831 2117 1884 de
2158 1829 2463 1897 Nicomede,
2495 1843 2542 1888 et
2572 1844 2772 1905 strages
2798 1833 2990 1888 civium
3013 1833 3168 1888 Rom.
3197 1833 3258 1887 in
3296 1834 3446 1892 Asia.

604 1924 899 1994 Interiectu
933 1934 1196 1993 tempore,
1228 1938 1351 1979 cum
1377 1923 1537 1995 Sylla:
1578 1932 1633 1980 et
1689 1922 1846 1977 Marii
1878 1922 1932 1978 in
1965 1938 2121 1993 repu-
2156 1930 2185 1989 Ι

2177 1931 2204 1989 3
2311 1925 2581 1997 ’Υστερον
2612 1926 2669 1981 δὲ
2708 1926 2884 1982 Σύλλα
2912 1928 3007 1981 καὶ
3034 1926 3250 1997 Μαρίου
3281 1927 3406 1995 περὶ
3434 1926 3533 1997 τήν
3562 1928 3758 1999 Ῥωμαῖ-

534 2018 681 2073 blica
707 2018 951 2073 Romana
978 2017 1176 2072 seditio
1216 2017 1543 2081 exarsisset,
1581 2014 1909 2071 Archelaum
1941 2015 2115 2084 copia-

2224 2016 2327 2089 κὴν
2351 2018 2630 2073 πολιτείαν
2656 2020 3137 2092 ἀναῤῥιπισάντων
3153 2020 3252 2089 τὴν
3284 2019 3492 2086 στάσιν,
3525 2020 3758 2091 τέσσαρας

536 2125 655 2165 rum
679 2111 869 2165 ducem
907 2108 1246 2163 Mithridates
1278 2108 1446 2163 45000
1467 2106 1954 2178 peditum,et1000
1971 2107 2117 2177 equi-

2226 2106 2496 2177 μυριάδας
2560 2109 2745 2173 πεζῶν
2791 2109 2889 2162 καὶ
2926 2109 3153 2180 μυρίους
3182 2110 3230 2140 ⁹⁶
3280 2109 3480 2172 ἱππέας
3519 2111 3759 2180 ’Δρχελάῳ

538 2208 685 2264 tum,
722 2199 773 2251 in
826 2197 1089 2268 Bithynos
1126 2198 1328 2253 ducere
1367 2196 1554 2267 jussit,
1596 2197 1916 2267 collatisque
1952 2197 2119 2267 signis

2221 2197 2300 2268 τῷ
2323 2198 2616 2270 στρατηγῷ
2657 2201 2937 2269 παραδοὺς
2962 2202 2990 2254 ὁ
3022 2200 3364 2271 Μιθριδάτης
3395 2204 3534 2256 κατὰ
3556 2204 3759 2257 Βιθυνῶν

538 2293 714 2346 victor
746 2292 934 2346 evadit
960 2290 1285 2347 Archelaus.
1312 2291 1380 2345 Et
1406 2291 1543 2361 fugit
1572 2306 1697 2346 cum
1726 2292 1917 2362 paucis
1958 2292 2119 2346 etiam

2222 2289 2478 2344 ἐκέλευσε
2508 2292 2849 2362 στρατεύειν.
2896 2294 3006 2347 Καὶ
3037 2294 3234 2365 κρατεί
3264 2296 3363 2364 τῆς
3391 2295 3563 2363 μάχης
3582 2295 3759 2364 συμϐα-

536 2382 878 2438 Nicomedes.
897 2383 1014 2449 Quo
1030 2383 1249 2453 cognito
1282 2382 1648 2448 Mithridates,
1670 2399 1791 2439 cum
1818 2383 1923 2438 sub
1958 2398 2117 2439 manu

2222 2379 2330 2433 λὼν
2356 2382 2673 2452 Ἀρχέλαος,
2730 2384 2924 2453 φεύγει
2968 2385 3025 2438 δὲ
3057 2386 3149 2439 καὶ
3178 2385 3500 2456 Νικομήδης
3540 2386 3647 2455 μετ’
3677 2386 3760 2438 ὀλί-

532 2484 718 2537 essent
751 2474 1076 2542 auxiliares,
1111 2475 1308 2530 castris
1332 2490 1364 2530 e
1396 2474 1639 2546 subjecto
1664 2476 1897 2531 Amasize
1929 2490 2113 2545 campo

2220 2487 2353 2539 γων.
2382 2472 2569 2526 Ταῦτα
2596 2472 2785 2543 μαθὼν
2812 2475 3158 2547 Μιθριδάτης
3180 2477 3615 2544 παραγεγονότος
3640 2477 3761 2544 αὑτῷ

534 2572 717 2639 motis,
732 2586 828 2642 per
847 2565 1265 2642 Paphlagoniam
1289 2565 1393 2626 iter
1417 2564 1571 2632 fac“.
1589 2563 1802 2621 150000
1816 2566 2115 2621 exercitum

2221 2562 2318 2617 καὶ
2343 2562 2436 2616 τοῦ
2467 2565 2843 2636 συμμαχικοῦ,
2873 2567 3012 2639 ἄρας
3033 2569 3143 2622 ἀπὸ
3168 2568 3270 2622 τοῦ
3296 2569 3423 2641 πρὸς
3446 2573 3511 2639 τῇ
3530 2569 3761 2640 Ἀμασείᾳ

533 2664 829 2717 adducens.
861 2660 1064 2717 Marius
1094 2672 1272 2718 autem
1295 2661 1397 2717 sub
1428 2662 1601 2732 signis
1630 2656 1837 2717 habens
1863 2655 2114 2718 Nicome-

2220 2654 2404 2708 πεδίου
2448 2655 2539 2709 διὰ
2564 2657 2666 2727 τῆς
2706 2658 3097 2729 Παφλαγονίας
3124 2661 3235 2732 ᾔει,
3288 2663 3663 2716 πεντεκαίδεκα
3687 2681 3764 2733 μυ-

534 2756 620 2809 dis
647 2756 834 2824 copias
881 2756 1022 2826 (quae
1052 2756 1119 2809 ad
1145 2754 1319 2810 solam
1358 2753 1686 2809 Mithridatis
1711 2754 1911 2809 famam
1953 2755 2115 2812 dissi-

2222 2744 2413 2822 ριάδας
2433 2748 2668 2824 στρατὸν
2701 2748 3067 2821 ἐπαγόμενος.
3104 2753 3317 2817 Μάνιος
3354 2756 3397 2786 ’⁷
3432 2754 3487 2807 δὲ
3510 2754 3613 2807 τῶν
3647 2755 3763 2824 ἀμφὶ

534 2846 848 2915 pabautur),
876 2863 1001 2901 cum
1029 2847 1221 2915 exigua
1257 2845 1630 2903 Romanorum
1664 2862 1825 2902 manu
1857 2849 2115 2904 seseSub-

2216 2842 2540 2915 Νικομήδην
2598 2842 3121 2919 συστρατευομένων
3176 2843 3331 2922 αὐτῷ
3375 2844 3513 2923 μόνῃ
3570 2847 3630 2921 τῇ
3685 2848 3758 2902 τοῦ

530 2938 665 3007 jecit
716 2938 1066 3010 Menophani,
1105 2939 1439 2995 Mithridatis
1497 2939 1736 3005 tribuno,
1768 2949 1825 2995 et
1871 2940 2111 3010 repulsus

2217 2936 2556 3009 Μιθριδάτου
2587 2940 2747 3011 ἐρήμῃ
2774 2940 3300 3009 διασκεδασθέντων,
3330 2944 3468 3013 μετά
3511 2942 3764 3013 Ῥωμαίων

532 3028 696 3100 fugit,
728 3032 876 3086 omni
908 3032 1155 3086 exercitu
1196 3030 1420 3085 amisso.
1468 3029 1673 3086 Secure
1725 3030 1891 3100 igitur
1932 3031 2113 3102 Bithy-

2216 3027 2416 3097 ὀλίγων
2441 3030 2982 3101 ἀντιπαρατάσσεται
3018 3034 3343 3106 Μηνοφάνει
3362 3033 3441 3105 τῷ
3472 3034 3765 3104 Μιθριδάτου

534 3123 683 3177 niam
728 3122 995 3179 invadens
1031 3122 1395 3188 Mithridates,
1427 3132 1483 3178 et
1528 3124 1693 3179 urbes
1739 3134 1796 3179 et
1837 3126 2115 3195 regionem

2218 3120 2541 3192 στρατηγῷ,
2589 3122 2686 3175 καὶ
2718 3126 2951 3194 τραπεὶς
2980 3127 3194 3195 φεύγει,
3240 3128 3426 3180 πᾶσαν
3452 3126 3549 3197 τὴν
3571 3126 3766 3195 δύναμιν

534 3216 673 3270 citra
716 3231 953 3287 pugnam
990 3216 1203 3272 obtinet
1233 3232 1247 3270 :
1278 3226 1711 3285 ceterarumque
1742 3216 1887 3272 Asia:
1919 3218 2113 3272 civita-

2187 3212 2537 3290 |dno6aktbv.
2574 3214 2864 3285 Ἐμϐαλὼν
2911 3216 2969 3269 δὲ
3014 3218 3114 3271 σὺν
3162 3218 3322 3290 ἀδείᾳ
3360 3217 3679 3288 Μιθριδάτης
3704 3218 3768 3278 εἰς

532 3317 650 3363 tum
710 3279 830 3364 alia:
861 3310 1171 3380 capiuntur,
1194 3308 1315 3364 alite
1342 3308 1399 3363 in
1428 3308 1586 3364 ﬁdem
1616 3279 1758 3379 regis
1793 3311 2113 3365 concedunt.

2183 3280 2191 3339 ί
2221 3304 2320 3372 τὴν
2347 3305 2601 3361 Βιθυνίαν
2628 3279 2727 3370 τάς
2750 3325 2810 3360 τε
2844 3308 3029 3372 πόλεις
3070 3312 3164 3363 καὶ
3190 3279 3308 3381 τὴν·
3344 3279 3526 3382 χώραν
3563 3279 3764 3377 dealt“

530 3399 601 3456 Et
636 3413 856 3471 repente
915 3402 1111 3474 ingens
1163 3400 1216 3455 lit
1260 3400 1855 3467 rerum‘commutatio,
1890 3400 2111 3459 Rhodiis

2224 3398 2456 3470 κατέσχε
2483 3415 2497 3429 ·
2534 3400 2630 3454 καὶ
2674 3400 2783 3454 τῶν
2812 3400 2991 3457 ἄλλων
3016 3403 3075 3456 δὲ
3123 3403 3340 3457 πόλεων
3380 3405 3490 3458 τῶν
3534 3402 3666 3456 κατὰ
3689 3402 3768 3471 τὴν

531 3493 877 3549 solummodo
900 3493 954 3548 in
988 3492 1226 3548 amicitia
1265 3490 1637 3547 Romanorum
1671 3491 2112 3563 perdurantibus.

2231 3491 2418 3546 Ἀσίαν
2454 3493 2510 3545 αἱ
2554 3493 2654 3563 μὲν
2689 3490 2981 3563 ήλίσκοντο
3017 3496 3153 3550 αἰδὲ
3185 3497 3570 3569 προσεχώρουν
3596 3495 3667 3565 τῷ
3693 3494 3768 3564 βα-

532 3585 765 3653 Ideoque
806 3591 951 3638 terra
990 3583 1235 3652 marique
1276 3581 1477 3637 bellum
1506 3590 1702 3637 contra
1750 3582 1898 3652 ipsos
1947 3581 2113 3635 movit

2220 3583 2377 3649 σιλεί,
2426 3585 2522 3638 καὶ
2576 3586 2847 3659 μεταϐολὴ
2898 3589 3007 3642 τῶν
3072 3591 3210 3644 ὅλων
3266 3591 3445 3661 ἀθρόα
3486 3591 3766 3649 καθίστατο,

535 3673 902 3739 Mithridates,
938 3674 1065 3730 licet
1092 3673 1289 3729 Rhodii
1320 3675 1521 3728 virtute
1543 3682 1598 3728 et
1618 3672 1833 3727 fortuna
1860 3672 1935 3726 ita
1966 3682 2116 3727 ante-

2232 3673 2449 3729 Ῥοδίων
2495 3677 2654 3746 μόνον
2704 3678 2802 3750 τὴν
2837 3680 2976 3750 πρὸς
3008 3679 3323 3750 Ῥωμαίους
3358 3680 3677 3752 στεργόντων
3701 3694 3767 3740 φι-

532 3767 815 3833 cellerent,
837 3776 1077 3839 utprope
1108 3776 1255 3824 esset
1303 3768 1479 3837 ipsum
1511 3781 1692 3838 regem
1728 3764 1903 3821 navali
1932 3765 2113 3834 praelia

2221 3766 2365 3822 λίαν.
2415 3768 2495 3822 Δι’
2541 3770 2610 3840 ἣν
2658 3773 2779 3825 κατ’
2804 3772 2987 3825 αὐτῶν
3030 3773 3376 3844 Μιθριδάτης
3418 3775 3510 3828 καὶ
3535 3770 3665 3825 κατὰ
3687 3769 3769 3837 γῆν

535 3861 589 3913 in
640 3861 874 3914 hostium
926 3860 1113 3914 venire
1163 3875 1379 3915 manus.
1427 3859 1705 3915 Intellecto
1752 3867 1872 3928 post
1911 3857 2115 3928 231a

2222 3862 2319 3915 καὶ
2375 3864 2519 3917 κατὰ
2551 3864 2821 3919 θάλατταν
2878 3866 3049 3920 ἐκίνει
3095 3867 3188 3920 τὸν
3231 3869 3494 3938 πόλεμον,
3542 3867 3589 3918 εί
3621 3861 3770 3917 καὶτὸ

532 3950 896 4014 Mithridates,
922 3950 1072 4005 cives
1104 3950 1379 4005 Romanos
1402 3965 1501 4019 per
1534 3949 1707 4005 urbes
1732 3948 1877 4004 Asia:
1902 3950 2113 4019 disper-

2224 3955 2387 4008 πλέον
2423 3956 2619 4010 Ῥόδιοι
2650 3958 2827 4029 ἔσχον,
2867 3959 2944 4023 ὠς
2977 3960 3074 4013 καὶ
3114 3961 3279 4015 αὐτὸν
3316 3961 3643 4035 Μιθριδάτην
3664 3974 3769 4010 ναυ-

534 4055 626 4095 sos
669 4040 912 4096 consiliis
951 4041 1063 4096 suis
1115 4041 1506 4111 impedimento
1549 4056 1693 4106 esse,
1743 4040 1810 4095 ad
1863 4042 2115 4097 civitates

2226 4048 2508 4118 μαχοῦντα
2542 4051 2708 4119 ἐγγὺς
2738 4051 2832 4104 τοῦ
2863 4052 3070 4106 ἁλῶναι
3100 4053 3306 4107 ἐλθεῖν.
3356 4053 3510 4108 Μετὰ
3537 4053 3593 4106 δὲ
3629 4049 3771 4103 ταῦτα

534 4134 780 4203 scripsit,
822 4142 882 4188 ut
908 4149 1018 4189 uno
1051 4134 1138 4188 die
1168 4149 1359 4190 omnes
1391 4136 1531 4204 apud
1567 4149 1628 4190 se
1662 4134 1939 4191 Romanos
1963 4135 2115 4191 occi-

2227 4140 2418 4212 μαθὼν
2458 4143 2800 4215 Μιθριδάτης
2828 4145 2904 4210 ὡς
2931 4147 2982 4199 oi
3017 4148 3156 4200 κατὰ
3184 4146 3285 4211 τὰς
3326 4145 3512 4210 πόλεις
3543 4141 3771 4214 σποράδες

535 4227 746 4281 dereut.
782 4225 848 4280 Et
886 4225 1158 4296 pleneque
1203 4225 1350 4281 dicto
1384 4226 1503 4297 ejus
1543 4225 1862 4293 audientes,
1912 4229 2114 4282 ctedem

2238 4234 2506 4307 Ῥωμαῖοι
2545 4239 2656 4293 τῶν
2704 4242 2838 4313 παρ’
2891 4241 3059 4295 αὑτοῦ
3102 4242 3508 4312 διανοουμένων
3556 4236 3772 4312 ἐμποδὼν

537 4327 745 4372 tantam
794 4326 1116 4388 patrarunt,
1168 4326 1227 4373 ut
1278 4333 1387 4374 uno
1438 4319 1738 4388 eodemque
1790 4319 1880 4375 die
1940 4318 2116 4375 80000

2223 4326 2495 4393 ἵστανται,
2538 4333 2741 4402 γράφει
2772 4334 2908 4405 πρὸς
2936 4337 3121 4400 πάσας
3150 4337 3255 4390 ὑπὸ
3287 4338 3423 4407 μίαν
3445 4336 3651 4406 ήμέραν
3670 4330 3770 4389 τοὺς

535 4410 717 4481 gladio
747 4422 976 4467 mortem
1015 4420 1362 4481 oppeterent.

2221 4421 2353 4491 παρ’
2370 4421 2560 4487 αὑταῖς
2600 4424 2907 4495 Ῥωμαίους
2921 4427 3193 4495 φονεύειν.
3215 4430 3329 4483 Καὶ
3351 4428 3537 4482 πολλοὶ
3558 4421 3769 4479 πεισθέν-

530 4522 621 4570 τες
649 4503 906 4560 τοσοῦτον
954 4504 1117 4576 φόνον
1151 4504 1518 4576 εἰργάσαντο,
1547 4505 1625 4569 ὠς
1670 4503 1939 4577 μυριάδας
1965 4504 2112 4560 ὀκτὼ
2154 4507 2215 4563 ἐν
2257 4517 2360 4587 μιᾷ
2394 4519 2491 4572 καὶ
2538 4521 2606 4591 τῇ
2638 4519 2778 4591 αὐτῇ
2823 4519 3009 4592 ἡμέρᾳ
3067 4521 3159 4575 τὸν
3185 4521 3273 4575 διὰ
3348 4523 3537 4594 ξίφους
3586 4499 3771 4588 ὄλεθρον

532 4597 855 4666 ὑποστῆναι.
2606 4610 2607 4613 ‘

1036 4711 1164 4767 CAP.
1201 4708 1440 4766 XXXIV.
1470 4743 1532 4751 —
1560 4709 1726 4781 Sylla:
1750 4713 1980 4767 victoria:
2006 4714 2071 4767 de
2098 4714 2282 4769 Taxile
2317 4725 2368 4769 et
2393 4716 2650 4772 Archelao
2684 4717 3016 4776 Mithridatis
3041 4722 3283 4778 ducibus.

608 4824 708 4880 Ubi
745 4839 873 4880 vero
908 4824 1114 4880 Eretria
1145 4835 1200 4879 et
1226 4825 1443 4881 Chalcis
1470 4828 1715 4895 adeoque
1752 4836 1861 4883 tota
1921 4829 2122 4884 Eubma
2156 4832 2189 4891 ι]

2189 4838 2202 4884 I
2312 4829 2596 4901 Ἐρετρίας
2627 4830 2684 4885 δὲ
2723 4832 2818 4886 καὶ
2849 4834 3114 4900 Χαλκίδος
3144 4838 3241 4892 καὶ
3274 4838 3407 4909 ὅλης
3435 4834 3654 4898 Εὐϐοίας
3682 4831 3770 4891 τοῖς

531 4919 599 4972 ad
637 4918 999 4973 Mithridatem
1033 4932 1156 4973 sese
1194 4918 1574 4986 applicarant,
1613 4918 1843 4988 aliaeque
1883 4923 1951 4976 ad
1992 4938 2112 4977 eum

2223 4919 2320 4974 τοῦ
2376 4921 2708 4994 Μιθριδάτου
2751 4925 3179 4997 προσθεμένων,
3228 4931 3324 4983 καὶ
3377 4930 3551 4985 ἄλλων
3598 4926 3771 4980 πόλεων

532 5013 783 5065 civitates
817 5011 1208 5075 transiverant,
1253 5011 1413 5065 victis
1458 5012 1623 5066 etiam
1667 5010 2113 5075 Lacedaemoniis.

2225 5013 2377 5083 αύτῷ
2417 5017 2917 5086 προσχωρούντων,
2950 5020 3048 5073 καὶ
3087 5020 3195 5093 μήν
3234 5023 3327 5076 καὶ
3370 5017 3770 5090 Λακεδαιμονίων

532 5100 735 5172 Syllam
770 5116 893 5154 cum
928 5101 1076 5169 justo
1107 5104 1325 5171 agmine
1371 5098 1600 5154 Romani
1634 5102 1911 5154 emittunt.
1949 5101 2113 5168 Cujus

2226 5105 2607 5174 ἡττηθέντων,
2651 5109 2861 5164 Σύλλαν
2881 5113 2925 5144 ’⁸
2976 5113 3357 5183 ἐκπέμπουσιν
3403 5115 3454 5169 οἱ
3508 5111 3768 5181 Ῥωμαῖοις

533 5197 765 5250 adventu
784 5195 1060 5260 civitates,
1079 5193 1277 5263 partim
1309 5201 1501 5260 sponte
1520 5192 1854 5247 deditionem
1879 5192 2085 5248 faciunt
2099 5235 2114 5259 ,

2227 5196 2421 5268 ἱκανήν
2449 5199 2600 5269 αὐτῷ
2630 5203 3118 5274 συνεκπέμψαντες
3143 5207 3429 5277 στρατιάν.
3473 5206 3530 5258 ’0
3550 5204 3604 5257 δὲ
3625 5214 3771 5268 παρα-

532 5289 727 5360 partim
781 5289 831 5342 vi
886 5288 939 5341 in
1012 5293 1329 5355 potestatem
1381 5283 1500 5353 ejus
1557 5285 1809 5341 veniunt.
1841 5283 1953 5339 Nec
1999 5286 2113 5339 exi-

2227 5289 2467 5359 γεγονὼς
2496 5291 2606 5345 τῶν
2646 5292 2855 5346 πόλεων
2892 5295 2991 5358 τὰς
3023 5296 3121 5366 μὲν
3164 5298 3506 5368 έκουσιότητι
3543 5288 3772 5365 μεταϐαλ-

530 5397 667 5450 guas
701 5380 1050 5436 Ponticorum
1093 5377 1277 5447 copias
1331 5376 1510 5430 fundit
1552 5386 1606 5431 et
1652 5375 1825 5448 fugat.
1875 5379 2111 5433 Athenas

2225 5383 2490 5449 λομένας,
2522 5385 2621 5447 τὰς
2653 5384 2708 5438 δὲ
2738 5386 2834 5439 καλ⁸
2862 5386 2955 5458 βίᾳ
2986 5389 3274 5459 κατέσχεν,
3306 5391 3407 5444 οὐκ
3436 5389 3608 5456 ὀλίγον
3638 5383 3766 5453 στράτ

531 5475 692 5528 etiam
726 5472 871 5540 cepit
900 5482 997 5526 :et
1035 5469 1150 5525 solo
1195 5469 1324 5525 urbs
1354 5478 1562 5538 aequata
1598 5479 1763 5537 esset,
1812 5470 1918 5524 nisi
1966 5471 2112 5525 ocius

2224 5491 2401 5545 τευμα
2425 5475 2534 5529 τῶν
2564 5476 2843 5532 Ποντικῶν
2886 5481 3037 5552 μάχῃ
3082 5481 3443 5555 τρεψάμενος.
3472 5477 3593 5536 Είλε
3626 5477 3674 5530 δὲ
3699 5473 3769 5527 καὶ

1816 5613 2053 5669 VARI/13
2100 5615 2508 5679 LECTIONES.

533 5778 577 5813 ,ς
602 5709 912 5847 ἒμξιδῇκθὲ·
946 5710 1021 5812 At;
1055 5708 1361 5833 .331"
1385 5708 1728 5781 Νικομήδην]
1761 5711 2058 5784 Σωκράτην
2080 5713 2168 5769 τὸν
2186 5715 2567 5789 -Νικομήδει
2595 5716 2916 5776 Ρειιηιετῖυεο
2985 5721 3031 5799 ⁹Ῡ
3058 5697 3262 5793 μυρίαέ
3293 5738 3353 5788 ς·
3430 5721 3475 5753 ’⁷
3504 5716 3693 5787 Μάριος
3717 5724 3762 5773 ς’
