4004 6484
310 344 416 406 909
434 424 439 427 γ

1380 343 1903 408 BIBLIOTHECA.
1925 370 1992 380 —
2020 344 2180 404 COD.
2204 345 2499 405 CCXXIV.

3450 338 3556 405 910

307 456 409 518 τὰς
460 451 691 523 Ἀθήνας
717 468 733 484 ο
790 452 887 506 καὶ
942 452 1290 507 κατέσκαπτο
1322 454 1389 509 ἂν
1435 457 1469 524 ἡ
1510 456 1685 520 πόλις,
1729 456 1778 507 εί
1815 455 1889 524 μὴ

2014 466 2210 510 enatus
2238 455 2513 508 Romanus
2535 452 2695 524 Syllae
2716 452 3051 524 propositum
3084 452 3409 525 infregisset.
3431 452 3557 507 Post
3628 474 3631 475 ν

309 547 524 601 θᾶττον.
549 546 583 616 ἡ
610 542 915 614 σύγκλητος
946 544 1235 613 Ῥωμαίων
1261 545 1359 615 τὴν
1408 545 1504 598 τοῦ
1548 546 1723 599 Σύλλα
1750 544 1890 613 γνώ-

2014 549 2209 602 rebros
2258 556 2439 601 autem
2486 545 2810 611 conﬂictus,
2861 546 2920 600 in
2976 545 3175 616 quibus
3226 546 3562 601 excellebant

310 653 419 705 μην
449 634 704 704 ἀνέκοψε.
737 633 955 701 Συχνῶν
984 633 1039 686 δέ
1067 635 1425 703 παρατάξεων
1455 636 1884 706 συνισταμένων,

307 730 366 782 ἐν
391 723 483 791 αἷς
512 728 572 780 τὸ
599 726 784 781 πλεῖον
814 720 963 797 εἶχον
992 729 1045 780 οἱ
1075 728 1353 790 Ποντικοί,
1384 730 1479 781 καὶ
1504 728 1891 799 συμμεταϐαλ-

276 818 553 893 μηλομένων
591 816 699 871 τῶν
734 817 1081 888 πραγμάτων
1132 820 1246 875 τοῖς
1279 817 1771 889 κατορθουμένοις,
1806 818 1890 872 ἐν·

304 911 423 964 δεια
453 911 569 971 τοῖς
621 908 923 979 βασιλικοῖς
956 910 1058 980 τῆς
1102 909 1310 978 διαίτης
1344 910 1567 978 ἐπέστη,
1617 910 1745 983 [752
1792 909 1888 981 IL]

305 1000 536 1063 ἀσώτως
572 1017 633 1052 τε
669 1000 805 1069 πρὸς
851 1000 1053 1070 ταύτην
1085 999 1214 1070 [579
1250 996 1341 1069 IL]
1388 998 1755 1068 διακειμένοις
1795 998 1890 1052 καὶ

307 1096 592 1168 ταμιεύειν
629 1097 699 1149 τὰ
737 1097 1006 1167 κτηθέντα
1036 1097 1052 1127 ί
1099 1097 1174 1167 μὴ
1208 1098 1617 1168 ἐπισταμένοις.
1655 1098 1766 1151 Καὶ
1807 1096 1888 1159 είς

317 1188 608 1261 συμφορῶν
642 1189 707 1242 ἂν
738 1188 994 1254 ἐξέπεσον
1017 1190 1117 1257 τὴν
1147 1191 1405 1261 ἐσχάτην,
1438 1193 1487 1244 εί
1519 1190 1593 1261 μὴ
1623 1188 1891 1258 Ταξίλλης

333 1278 648 1351 Ἀμφίπολιν
708 1278 876 1343 ἐλὼν,
919 1278 1014 1333 καὶ
1044 1280 1136 1333 διὰ
1182 1280 1356 1334 ταῦτα
1405 1282 1506 1351 τῆς
1551 1264 1892 1343 Μακεδονίας

322 1375 451 1444 πρὸς
512 1372 672 1425 αὑτὸν
728 1371 1201 1442 μεταϐαλομένης.
1235 1373 1444 1427 ἐκεῖθεν
1491 1375 1589 1442 τὴν
1630 1371 1893 1441 ἀφθονίαν

317 1463 621 1535 ἐχορήγησε
650 1462 758 1515 τῶν
790 1461 1133 1531 ἐπιτηδείων.
1176 1457 1343 1525 Οὗτος
1378 1463 1435 1516 δὲ
1470 1463 1563 1514 καὶ
1604 1460 1896 1531 Ἀρχέλαος

316 1555 685 1628 συμμίξαντες
705 1555 774 1608 τὰ
800 1555 1187 1627 στρατεύματα
1204 1556 1224 1586 ¹
1256 1554 1396 1624 ὑπὲρ
1422 1552 1519 1615 τὰς
1539 1552 1598 1617 ἓξ
1626 1554 1896 1625 μυριάδας

313 1648 372 1701 τὺ
426 1648 671 1719 πλῆθος³
708 1644 862 1718 ἦγον.
913 1647 1023 1701 Καὶ
1071 1645 1584 1717 στρατοπεδεύονται
1625 1647 1766 1701 κατὰ
1794 1646 1894 1717 τὴν

313 1741 531 1795 Φωκίδα
561 1735 744 1812 χώραν
764 1781 779 1803 ,
812 1738 1240 1801 ὑπαντιάσοντες
1268 1737 1347 1806 τῷ
1378 1736 1575 1806 Σύλλα.
1620 1737 1677 1789 'U
1712 1737 1767 1790 δὲ
1799 1737 1895 1791 καὶ

1986 639 2220 703 Pontici,
2241 654 2363 693 cum
2383 638 2525 693 felici
2542 639 2651 707 jam
2683 654 2938 695 successu
2961 654 3052 695 res
3074 648 3561 699 commutarentur,

1991 731 2263 786 alimoniae
2296 730 2475 798 inopia
2505 731 2669 801 regiis
2692 732 2956 798 incubuit,
2993 732 3135 801 quod
3161 732 3385 801 prodige
3416 731 3563 785 victu

1995 822 2373 886 abuterentur,
2394 830 2449 875 et
2475 821 2742 890 acquisita
2765 831 2913 877 recte
2935 822 3250 892 dispensare
3266 822 3562 877 nescirent.

1992 911 2059 967 Et
2090 913 2141 966 in
2173 921 2469 967 extremam
2504 913 2791 968 deventum
2838 923 2983 968 esset
3015 914 3413 979 calamitatem,
3461 913 3564 969 nisi

1992 1004 2230 1070 Taxilcs,
2278 1014 2435 1072 capta
2484 1004 2814 1074 Amphipoli,
2867 1006 3096 1075 ideoque
3140 1005 3450 1060 Macedonia
3497 1009 3565 1062 ad

1992 1096 2166 1167 ipsum
2228 1096 2532 1162 deﬁciente,
2607 1097 2810 1165 largam
2870 1099 3199 1152 cibariorum
3256 1099 3566 1153 facultatem

1992 1189 2115 1244 inde
2148 1190 2640 1246 subministrassct.
2682 1191 2781 1244 llic
2818 1200 2872 1245 et
2906 1191 3229 1257 Archelaus,
3267 1188 3567 1247 comniistis

1994 1283 2319 1351 agminibus,
2372 1282 2493 1351 plus
2532 1296 2692 1350 quam
2726 1281 2901 1337 60000
2951 1283 3227 1337 hominum
3271 1286 3369 1338 sub
3401 1286 3570 1354 signis

1993 1373 2285 1437 ducebant,
2313 1383 2367 1427 et
2399 1375 2677 1428 occursuri
2714 1375 2874 1445 Sylla:
2922 1375 2973 1429 in
3008 1374 3245 1430 Phocide
3298 1376 3571 1431 habebant

1995 1466 2213 1519 stativa.
2248 1463 2341 1519 ille
2362 1479 2509 1529 vero,
2546 1464 2608 1519 L.
2648 1464 2939 1522 Hortensio
2969 1476 3271 1536 assumpto,
3306 1467 3396 1536 qui
3428 1466 3570 1522 6000

1994 1569 2058 1609 ex
2095 1553 2243 1608 Italia
2288 1553 2613 1623 adduxerat,
2652 1557 2788 1612 satis
2821 1557 3036 1627 longum
3089 1557 3143 1611 in
3182 1558 3359 1613 medio
3403 1559 3573 1613 inter-

1998 1647 2195 1701 vallum
2232 1648 2568 1718 relinquens,
2588 1659 2768 1704 castra
2790 1652 2962 1720 ponit.
2986 1651 3236 1706 Archelai
3267 1662 3447 1706 autem
3475 1652 3577 1706 tui-

1996 1740 2182 1794 litibus
2239 1741 2599 1809 incomposite
2644 1743 2710 1797 ad
2778 1744 3215 1799 frumentandum
3274 1747 3575 1808 conversis,

313 1828 551 1882 Λούκιον
586 1829 903 1899 Ὀρτήνσιον
929 1828 950 1857 ⁸
986 1826 1130 1898 ὑπὲρ
1165 1827 1265 1903 τὰς
1290 1824 1349 1890 ἒξ
1373 1826 1618 1896 χιλιάδας
1638 1825 1658 1857 ⁵
1682 1827 1886 1891 ἄγοντα

2019 1830 2290 1899 mproviso
2320 1832 2541 1887 adortus
2568 1841 2768 1896 castra,
2817 1843 3079 1905 quotquot
3097 1836 3288 1891 robore
3315 1836 3580 1904 pollentes

314 1919 379 1984 ἐξ
416 1919 648 1981 Ἰταλίας
677 1917 1148 1990 συμπαραλαϐὼν,
1173 1918 1280 1971 ἀπὸ
1312 1915 1507 1988 συχνοῦ
1528 1917 1897 1987 διαστήματος

314 2010 929 2084 ἀντεστρατοπεδεύετο.
994 2010 1116 2064 Ἐπὶ
1174 2010 1474 2078 σιτολογίαν
1534 2009 1590 2062 δὲ
1635 2010 1787 2080 παρά
1838 2010 1899 2063 τὸ

313 2105 532 2175 πρέπον
566 2103 674 2157 τῶν
707 2102 837 2174 περὶ
867 2103 959 2155 τὸν
1000 2102 1292 2173 Ἀρχέλαον
1334 2099 1652 2171 τραπέντων
1673 2140 1688 2165 ,
1720 2100 1899 2172 ἀπρο-

315 2195 501 2256 όπτως
533 2193 737 2257 Σύλλας
773 2192 1074 2247 ἐπιτίθεται
1102 2191 1179 2263 τῷ
1204 2190 1315 2244 τῶν
1355 2190 1628 2260 πολεμίων
1671 2207 1900 2262 στρατο-

316 2287 497 2356 πέδῳ,
529 2285 625 2338 καὶ
654 2286 778 2347 τοὺς
811 2285 910 2355 μὲν
940 2281 1246 2354 εὐρώστους
1293 2269 1399 2337 τῶν
1427 2281 1664 2335 ἁλόντων
1694 2280 1895 2335 αὐτίκα

315 2378 542 2443 κτείνει,
573 2378 631 2443 ἐξ
660 2370 733 2430 ὧν
762 2376 819 2430 δὲ
842 2376 1005 2446 φόϐον
1036 2376 1333 2438 ἐπιθέσεως
1370 2374 1470 2427 οὐκ
1508 2369 1644 2445 εἶχε,
1679 2373 1902 2437 τούτους

2002 1921 2144 1990 cepit
2174 1922 2343 1992 Sylla,
2392 1924 2592 1978 occidit
2626 1942 2639 1979 :
2671 1940 2700 1978 a
2745 1925 2944 1994 quibus
2979 1936 3159 1981 autem
3203 1927 3381 1982 nullus
3426 1929 3579 1982 inva-

2004 2010 2163 2064 dendi
2206 2021 2378 2066 metus
2412 2022 2553 2075 erat,
2600 2014 2699 2069 hos
2732 2013 2852 2069 loco
2883 2015 3249 2070 circumdatos
3292 2016 3442 2084 ignes
3485 2030 3578 2069 ac-

2002 2101 2233 2155 cendere
2246 2100 2420 2168 jubet,
2443 2114 2499 2157 ttt
2523 2121 2550 2157 a
2577 2104 2919 2173 pabulatione
2944 2115 3279 2160 revertentes
3304 2107 3584 2176 opperian-

2008 2200 2118 2256 tur,
2156 2191 2300 2246 nnlla
2330 2195 2542 2249 adversi
2575 2210 2737 2251 casus
2767 2198 3078 2266 suspicione
3108 2198 3351 2268 praebita.
3387 2197 3497 2253 Hoc
3528 2207 3588 2253 ut

2003 2284 2302 2352 prudenter
2341 2287 2409 2340 ab
2455 2287 2785 2353 imperatore
2841 2291 3116 2358 provisum
3159 2302 3300 2357 erat,
3354 2291 3587 2346 feliciter

2007 2376 2181 2428 exivit
2218 2394 2230 2429 :
2275 2380 2671 2452 magniﬁcaque
2696 2383 2922 2440 victoria
2950 2388 3229 2457 potiuntur
3262 2388 3490 2460 Syllaui.

318 2474 636 2545 περιίστησι
677 2472 754 2543 τῷ
788 2472 972 2544 χωρίῳ
1001 2471 1099 2524 καὶ
1136 2471 1288 2541 πυρά
1321 2469 1534 2523 κελεύει
1588 2468 1792 2534 καίειν,
1838 2469 1913 2534 ὡς
1960 2470 2089 2533 τοὺς
2132 2471 2241 2524 ἀπὸ
2319 2476 2420 2545 τῆς
2483 2479 2790 2548 σιτολογίας
2848 2481 3279 2554 ἀφικνουμένους
3349 2485 3588 2555 δέχοιντο

320 2568 593 2639 μηδεμίαν
639 2566 898 2620 ὑπόνοιαν
956 2564 1321 2636 παρεχόμενοι
1360 2563 1456 2618 τοῦ
1500 2563 1741 2628 πάθους·
1804 2564 1899 2617 καὶ⁵
1945 2563 2149 2637 συνέϐη
2193 2567 2273 2631 ὡς
2317 2570 2744 2646 ἐστρατηγήθη,
2778 2575 2874 2630 καὶ
2921 2576 3186 2649 λαμπρὰν
3259 2578 3359 2649 τὴν
3430 2580 3589 2650 νίκην

320 2666 483 2735 ἔσχον
519 2665 572 2716 οἱ
612 2665 741 2733 περὶ
775 2662 868 2715 τὸν
899 2660 1128 2715 Σύλλαν.

729 2784 859 2840 Car.
893 2782 1112 2838 XXXV.
1144 2813 1213 2823 —
1247 2782 1609 2837 Heraclienses
1663 2780 1817 2836 Chios
1872 2799 1905 2835 α
1950 2781 2184 2855 Dorylae
2229 2785 2284 2839 in
2313 2788 2607 2842 servitutem
2637 2790 2873 2845 redactos
2907 2792 3193 2849 vindicant.

393 2883 561 2943 Χίους
608 2882 667 2935 δὲ
712 2881 787 2945 ὡς
855 2878 1084 2941 Ῥοδίοις
1136 2878 1607 2949 συμμαχήσαντας
1659 2876 1912 2930 αἰτιασά-

326 2993 487 3046 μενος
514 2976 543 3028 ὁ
567 2973 929 3045 Μιθριδάτης,
957 2973 1076 3024 κατ’
1098 2971 1276 3023 αὐτῶν
1306 2970 1585 3040 Δορύλαον
1608 2969 1912 3038 ἐκπέμπει,

322 3066 406 3131 ὃς,
444 3067 493 3118 εἰ
522 3065 618 3118 καὶ
646 3061 827 3133 πολλῷ
865 3061 1036 3131 πόνῳ,
1066 3060 1167 3129 τὴν
1196 3058 1355 3111 πόλιν
1390 3058 1645 3128 κατέσχε,
1678 3057 1774 3111 καὶ
1811 3056 1913 3126 τὴν

328 3158 430 3229 μὲν
474 3155 658 3227 χώραν
686 3154 980 3224 κατένειμε
1024 3154 1138 3215 τοῖς
1175 3152 1478 3214 Ποντικοῖς,
1523 3149 1650 3212 τοὺς
1675 3147 1733 3201 δὲ
1763 3147 1910 3200 πολί-

323 3264 428 3311 τας
457 3245 664 3307 πλοίοις
685 3241 943 3313 ἐμϐαλὼν
972 3241 1222 3312 διέφερεν
1241 3242 1333 3293 ἐπὶ
1360 3241 1450 3292 τὸν
1476 3240 1695 3293 Πόντον.
1741 3238 1915 3311 Ἥραο

326 3334 565 3389 κλεῶται
598 3333 678 3401 δὲ,
709 3333 831 3384 ἐπεὶ
854 3331 1007 3401 φιλία
1041 3331 1224 3393 αὐτοῖς
1252 3329 1390 3401 πρὸς
1417 3329 1580 3390 Χίους
1607 3324 1698 3401 ἦν,
1736 3330 1797 3384 ἐν
1832 3330 1911 3401 τῷ

327 3425 603 3495 παράπλῳ
641 3424 740 3487 τὰς
770 3423 1038 3486 Ποντικὰς
1073 3424 1229 3492 νῆας,
1271 3421 1327 3476 αἳ
1367 3423 1494 3483 τοὺς
1531 3422 1911 3492 αἰχμαλώτους

326 3514 487 3587 ἦγον,
520 3518 935 3587 ἐφορμήσαντες
960 3515 1151 3579 αὑταῖς
1182 3514 1292 3569 οὐδ’
1316 3512 1741 3582 ἀνθισταμέναις
1766 3512 1909 3583 (οὐδὲ

329 3610 441 3678 γὰρ
472 3607 776 3681 ἐξήρκουν)
807 3607 1048 3678 κατῆγον
1085 3609 1178 3662 ἐπὶ
1207 3608 1307 3679 τὴν
1337 3606 1517 3662 πόλιν.
1547 3606 1658 3660 Καὶ
1696 3621 1909 3676 παραυ-

326 3706 462 3757 τίκα
502 3704 572 3757 τά
607 3704 746 3774 πρὸς
772 3704 871 3774 τὴν
900 3703 1088 3774 χρείαν
1114 3703 1480 3776 χορηγοῦντες
1515 3702 1765 3771 ἀφθόνως
1796 3704 1910 3765 τοῖς

328 3800 573 3863 Χιὼταις
619 3799 843 3863 τούτους
885 3799 1296 3871 ἀνελάμϐανον,
1336 3800 1432 3854 καὶ
1473 3796 1915 3868 ὕστερονομεγα-

328 3891 626 3961 λοπρεπῶς
674 3891 1054 3963 δωρησάμενοι
1102 3892 1162 3945 ἐν
1226 3892 1294 3962 τῇ
1368 3888 1588 3960 πατρίδι
1634 3888 1913 3943 ἀπεκατέ-

330 4002 560 4055 στησαν.

2086 2877 2249 2934 Chios
2283 2889 2411 2937 tunc
2457 2881 2715 2938 incusans
2747 2883 3105 2951 Mithridates,
3168 2885 3313 2953 quod
3366 2883 3593 2939 Rhodiis

2015 2972 2219 3025 auxilia
2269 2973 2570 3033 misissent.
2636 2972 2848 3046 Dorylai
2908 2990 3069 3044 Opera
3130 2975 3454 3045 impugnat:
3493 2974 3586 3042 qui

2015 3062 2210 3132 (multo
2244 3063 2370 3119 licet
2408 3064 2617 3136 labore)
2657 3074 2710 3118 et
2740 3065 2926 3119 urbem
2961 3064 3124 3133 cepit,
3156 3074 3211 3119 et
3252 3078 3410 3132 agros
3455 3061 3597 3116 Pon-

2018 3154 2140 3209 ticis
2166 3154 2369 3219 divisit,
2395 3165 2449 3209 et
2477 3154 2624 3210 cives
2670 3157 2895 3225 navigiis
2942 3154 3135 3226 23ιὸ
3183 3154 3462 3224 impositos
3489 3153 3596 3207 huc

2020 3246 2147 3301 illuc
2175 3250 2226 3302 in
2257 3247 2432 3303 Ponto
2466 3249 2694 3303 distulit.
2740 3250 2811 3302 At
2852 3246 3246 3312 Heraclienses,
3280 3245 3423 3313 quod
3461 3245 3601 3298 ami-

2017 3341 2145 3396 citia
2172 3341 2301 3411 ipsis
2324 3356 2445 3396 eum
2470 3341 2621 3397 Chiis
2643 3340 2969 3405 intercessit,
3002 3338 3255 3393 Ponticas
3282 3338 3336 3393 in
3366 3336 3597 3390 transitur

2018 3450 2203 3499 naves,
2230 3450 2347 3504 quae
2381 3436 2626 3503 captivos
2646 3433 2931 3497 vehebant,
2957 3432 3152 3495 adorti,
3186 3446 3253 3485 ne
3285 3429 3600 3484 resistentes

2017 3529 2231 3600 quidem
2277 3529 2408 3597 (non
2454 3527 2600 3582 enim
2648 3536 2733 3583 sat
2780 3527 2976 3579 virium
3014 3522 3154 3593 erat)
3189 3524 3242 3577 in
3278 3522 3466 3576 urbem
3507 3522 3600 3574 dc-

2015 3626 2239 3681 doxere.
2270 3621 2337 3677 Et
2354 3635 2497 3676 nunc
2524 3618 2741 3691 quidem
2766 3618 2914 3690 tat-ge
2939 3617 3100 3674 rebus
3122 3616 3446 3673 necessariis
3469 3630 3601 3683 sup-

2015 3716 2273 3787 peditatis
2338 3713 2589 3771 reficiunt
2618 3712 2842 3768 Chiotas
2875 3727 2889 3767 ε
2921 3711 3265 3782 postmodum
3307 3724 3457 3773 vero,
3488 3710 3603 3763 exi-

2022 3806 2149 3862 miis
2176 3808 2401 3861 auectos
2428 3803 2779 3869 muneribus,
2808 3801 2864 3856 in
2892 3803 3123 3873 patriam
3155 3801 3463 3857 restituunt.

560 4099 691 4155 Car.
731 4097 976 4154 XXXVI.
1010 4129 1058 4141 —
1118 4097 1360 4153 Valerius
1382 4095 1629 4165 Flaccus,
1671 4111 1940 4152 successor
1964 4091 2149 4165 Syllaz,
2192 4087 2489 4143 trucidatur
2509 4100 2541 4138 a
2563 4077 2807 4138 Fimbria
2828 4082 3091 4153 hujusque
3117 4097 3405 4137 successus.

422 4227 485 4280 Ἦ
511 4228 569 4281 δὲ
600 4224 903 4297 σύγκλητος
935 4224 1187 4278 Φλάκκον
1209 4222 1504 4293 Οὐαλέριον
1530 4224 1627 4276 καὶ
1653 4220 1925 4293 Φιμϐρίαν

2102 4213 2217 4270 Sub
2242 4226 2305 4267 ea
2342 4210 2528 4266 Romae
2556 4217 2781 4265 senatus
2810 4204 3030 4260 Valerio
3059 4203 3257 4259 Flacco
3278 4212 3332 4258 et
3358 4201 3611 4256 Fimbria:

334 4319 549 4387 πέμπει
580 4294 837 4389 πολεμείν
875 4317 1209 4391 Μιθριδάτῃ,
1244 4315 1581 4387 ἐπιτρέψασα
1619 4316 1715 4368 καὶ
1746 4314 1906 4383 Σύλλᾳ

2029 4305 2228 4361 bellum
2256 4300 2677 4357 Mithridaticum
2705 4296 2999 4353 committit
3028 4309 3043 4347 :
3075 4310 3197 4349 cum
3227 4294 3516 4357 mandatis,
3549 4306 3609 4346 ιιι

333 4386 744 4483 συλλαμϐάνειν
796 4409 875 4482 τῷ
928 4386 1225 4481 πολέμῳτδ,
1281 4410 1444 4482 ὅμοια
1509 4407 1796 4479 φρονοῦντι
1853 4410 1906 4476 τῇ

2030 4398 2267 4467 Syllam,
2307 4397 2351 4451 si
2398 4405 2583 4464 partes
2622 4401 2849 4448 senatus
2895 4396 3133 4450 tueatur,
3181 4386 3481 4456 adjuveut;
3524 4387 3610 4440 sin

336 4505 665 4576 συγκλήτῳ·
698 4503 826 4557 είδέ
860 4504 956 4574 μὴ,
978 4503 1079 4574 τὴν
1113 4502 1252 4574 πρὸς
1294 4501 1457 4556 αὐτὸν
1490 4501 1758 4571 πρότερον
1793 4516 1924 4552 συνο

336 4596 477 4664 ἅψαι
524 4595 726 4666 μάχην.
784 4586 955 4657 Οὗτος
990 4593 1112 4648 κατ’
1153 4593 1330 4664 ἀρχὰς
1359 4593 1458 4664 μὲν
1495 4592 1769 4650 ποικίλαις
1793 4590 1929 4644 ἐπά-

2032 4492 2232 4555 minus,
2264 4502 2387 4544 cum
2418 4488 2535 4557 ipso
2569 4485 2719 4554 prius
2764 4497 2957 4537 manus
2982 4488 3289 4535 conserant.
3324 4479 3415 4533 Ille
3447 4480 3616 4545 igitur

2031 4584 2199 4639 variis
2237 4583 2391 4637 initio
2424 4578 2822 4636 culluetabatur
2862 4574 3029 4631 sortis
3075 4573 3318 4629 adversm
3371 4574 3614 4628 casibus.

336 4686 460 4738 λαιε
491 4664 797 4755 συμφοραῖς
830 4682 1009 4754 (λιμόν
1037 4699 1098 4736 τε
1126 4682 1236 4753 γὰρ
1264 4682 1446 4735 καὶτὰ
1480 4680 1591 4735 ἀπὸ
1614 4681 1713 4750 τῆς
1746 4679 1906 4751 μάχη‹

2032 4674 2166 4729 Nam
2192 4683 2245 4727 et
2274 4676 2471 4727 famem
2515 4682 2571 4727 et
2611 4669 2799 4723 Martis
2836 4667 3181 4736 iniquitatem
3208 4665 3468 4719 sustinuit
3506 4683 3520 4718 :
3558 4664 3613 4717 in

336 4777 664 4846 πταίσματα
695 4775 886 4845 ἔσχε),
916 4774 1248 4844 κατώρθωσε
1283 4773 1467 4844 μέντοι
1495 4773 1566 4826 τὰ
1596 4772 1766 4825 πλείω
1789 4788 1803 4803 ο
1838 4772 1906 4823 et:

2032 4768 2306 4837 plerisque
2344 4775 2523 4818 tamen
2570 4778 2831 4833 prospero
2873 4762 3107 4815 fortuna:
3154 4774 3412 4813 successu
3461 4774 3615 4811 usus.

337 4870 404 4923 δὲ
439 4868 747 4932 Βυζαντίων
779 4869 874 4920 ἐπὶ¹
900 4866 1155 4918 Βιθυνίαν
1193 4865 1467 4919 διαϐαλὼν
1488 4904 1503 4929 ,
1543 4864 1800 4918 κάκεῖθεν
1837 4866 1906 4915 ἐπ

2032 4861 2243 4928 Perque
2282 4857 2701 4928 Byzantinorum
2748 4855 2884 4910 ﬁnes
2931 4855 2983 4907 in
3030 4854 3332 4925 Bithyniam
3362 4867 3617 4922 progres—

335 4961 601 5024 Νίκαιαν,
640 4961 738 5030 τῆς
786 4957 1013 5029 πορείας
1046 4956 1200 5026 ἔστη.
1241 4956 1517 5020 Ὡσαύτως
1565 4956 1624 5010 δέ
1657 4955 1752 5009 καὶ
1796 4957 1932 5025 Φιμ-

2035 4968 2150 5017 sus,
2211 4960 2264 5005 et
2310 4951 2432 5002 inde
2471 4947 2709 5002 Nicazam
2764 4962 2980 5012 versus,
3032 4948 3229 5000 stativa
3281 4944 3491 4998 halmit.
3546 4945 3614 4995 At

341 5053 511 5123 ϐρίας
546 5053 663 5122 ἃμα
692 5052 807 5114 τοῖς
857 5052 955 5103 σὺν
991 5048 1142 5118 αύτῷ
1168 5046 1555 5116 διεπεραιώθη.
1583 5046 1836 5099 Φλάκκου
1875 5046 1901 5097 δ

2037 5041 2333 5104 Flaccum,
2372 5041 2501 5093 dum
2551 5039 2772 5106 indigne
2818 5037 2924 5091 fert
2970 5038 3037 5091 ah
3072 5037 3314 5091 exercitu
3366 5033 3619 5087 Fimbriae

339 5143 793 5213 δυσχεραίνοντος
826 5141 909 5194 ὅτι
948 5139 1221 5210 Φιμϐρίαν
1259 5138 1461 5208 μᾶλλον
1482 5177 1496 5200 ,
1531 5138 1625 5191 ἆτε
1654 5136 1719 5206 δὴ
1750 5136 1937 5206 φιλαν-

2038 5133 2158 5201 plus
2207 5132 2374 5186 favori
2403 5172 2418 5194 ,
2479 5131 2878 5199 imperiumque
2920 5130 3067 5198 ejus,
3104 5137 3285 5194 utpote
3334 5128 3517 5179 mitius
3564 5134 3618 5177 et

342 5234 584 5306 θρώπως
625 5234 897 5305 ἄρχοντα,
952 5232 1015 5285 τὸ
1062 5231 1264 5301 πλῆθος
1300 5228 1546 5301 [ἄρχειν]
1578 5229 1793 5297 ἠγάπα,
1843 5245 1906 5279 κα

2043 5226 2352 5290 humanius,
2387 5223 2656 5292 praeferri,
2698 5226 2929 5293 ideoque
2972 5231 3029 5275 et
3072 5221 3245 5291 ipsum
3284 5229 3340 5272 et
3388 5218 3616 5271 militum

343 5327 854 5398 διαλοιδορουμένου
885 5324 1035 5395 αὐτῷ
1074 5340 1135 5377 τε
1169 5324 1263 5375 καὶ
1291 5321 1402 5374 τῶν
1434 5320 1785 5391 στρατιωτῶν
1828 5319 1906 5373 τοι

2043 5319 2338 5374 nobiliores
2372 5318 2720 5377 criminatur,
2757 5318 2863 5368 duo
2901 5330 3009 5383 prte
3040 5313 3161 5366 aliis
3187 5312 3263 5363 ira
3302 5309 3615 5363 inﬂammat:

345 5418 829 5488 ἑπιφανεστέροις,
861 5415 954 5469 δύο
985 5416 1095 5468 τῶν
1121 5414 1296 5468 ἄλλων
1342 5412 1505 5465 πλέον
1528 5412 1607 5473 είς
1654 5411 1827 5483 ὀργὴν
1853 5407 1942 5475 ἐξ·

344 5511 615 5579 αφθέντες
636 5511 1073 5576 ἀποσφάττουσιν
1099 5508 1282 5561 αὐτόν.
1316 5505 1430 5573 Ἐφ-
1464 5498 1545 5570 οἷς
1568 5505 1607 5576 ἡ
1637 5503 1942 5575 σύγκλητος

2044 5413 2335 5466 trucidant.
2383 5410 2501 5476 Quo
2530 5410 2745 5463 nomine
2778 5417 2999 5463 senatus
3030 5406 3282 5461 Fimbria:
3312 5403 3471 5458 irasci
3501 5403 3619 5472 qui-

2047 5506 2192 5568 dem,
2230 5507 2323 5559 sed
2361 5512 2540 5557 tamen
2583 5502 2921 5557 dissimulata
2966 5499 3335 5570 indignatione
3370 5496 3621 5553 consula-

1628 5617 1869 5672 V’AlilAi
1896 5617 2303 5672 LECTIONES.

465 5712 481 5785 ξ
513 5710 803 5764 κτισθέντα
831 5728 890 5775 ς.
947 5712 987 5785 7‘
1019 5710 1078 5785 τὸ
1110 5712 1426 5785 στράτευμα
1459 5731 1519 5779 ς’.
1572 5714 1617 5785 7³
1653 5714 1852 5782 πλῆθος
1893 5714 1958 5765 Λ.
1979 5713 2057 5785 Δτό
2108 5712 2290 5785 πλεῖον
2321 5729 2383 5785 ς,

2498 5710 2518 5741 ⁸
2551 5710 2853 5764 λουκίνσιον
2908 5705 3177 5777 ὀρτίνσιον
3231 5704 3297 5758 Α.
3357 5702 3624 5757 λουϐίσιον

348 5782 593 5849 ὀρτίσιον
629 5799 688 5846 ς’.
748 5784 983 5837 correxit
1028 5780 1287 5853 Scaliger.
1351 5780 1385 5818 ’⁸
1416 5784 1656 5851 χιλιάδας
1687 5780 1767 5837 Α’;
1802 5782 2067 5849 μυριάδας
2103 5801 2163 5845 ς.
2242 5784 2262 5814 ⁸
2292 5782 2385 5837 τοῦ
2427 5782 2663 5845 πολέμου
2705 5780 3027 5836 Sclurl‘erus.
