4004 6436
501 369 600 432 ιιι

1657 353 1923 415 PilOTIi
1966 330 2484 410 Pyrenaeum
2504 345 2611 406 cp.
2664 303 2674 318 ’
3631 337 3722 401 912

492 501 602 540 tum
631 483 679 538 ei
732 478 1132 538 decernendum
1182 489 1392 531 curare.
1435 473 1534 528 llic
1571 488 1723 540 ergo,
1752 483 1941 525 omnes
1985 467 2084 522 sub

2199 464 2325 518 ιω.τά
2346 460 2612 532 Φιμϐρίου
2637 457 3036 526 ἠγανάκτησεν.
3065 451 3257 520 Ὅμως
3299 450 3390 504 οὖν
3415 451 3508 520 τὴν
3549 454 3726 522 ἀγανά.

497 579 720 649 imperio
746 577 930 646 copias
968 571 1193 634 habens,
1229 568 1500 630 civitates,
1535 566 1668 619 alias
1699 563 1973 617 voluntate
2006 557 2087 642 ip-

497 688 701 734 sarum,
726 669 861 722 alias
881 666 931 720 vi
962 680 1057 718 sua
1082 661 1345 732 adjunxit.
1367 657 1692 713 Mithridatis
1721 663 1896 708 autem
1921 652 2082 715 filius,

498 779 614 818 cum
658 760 846 814 Taxile
880 768 934 811 et
985 755 1288 824 Diophanto
1333 761 1387 804 et
1429 749 1750 813 Menandro,
1790 746 2080 799 ductorum

497 850 956 924 prmstantissimis
999 849 1342 917 conjunctus,
1381 852 1435 898 et
1483 857 1680 911 magno
1727 843 1941 908 agmine
2001 838 2086 891 in-

498 956 758 1009 structus,
794 941 1052 997 Fimbriae
1095 948 1349 993 occursat
1378 955 1391 991 :
1417 945 1472 988 et
1503 934 1679 1003 primo
1721 932 2084 984 Barbarorum

500 1039 644 1091 vires
673 1033 1013 1106 praecellunt.
1053 1030 1232 1097 Quare
1262 1029 1592 1084 detrimenta
1621 1025 1673 1077 in
1706 1023 1958 1077 conflictu
1989 1036 2086 1074 ac-

499 1140 694 1198 cepta,
761 1133 1147 1193 stratagemate
1213 1121 1481 1176 resarcire
1534 1119 1778 1188 cogitans
1843 1113 2085 1169 Fimbria

500 1219 694 1288 (hostis
719 1219 863 1273 enim
897 1229 1121 1270 numero
1156 1213 1384 1268 militum
1406 1210 1652 1278 superior
1679 1207 1842 1278 erat),
1868 1222 1989 1261 cum
2022 1205 2086 1258 ad

502 1310 697 1364 flumen
733 1309 1005 1378 quoddam
1054 1315 1373 1376 perventum
1405 1313 1588 1366 esset,
1631 1301 1771 1369 quod
1803 1309 2090 1367 utrumque

502 1403 799 1458 exercitum
823 1400 1112 1463 divideret,
1134 1399 1306 1452 imbre
1327 1397 1426 1451 sub
1452 1409 1703 1449 auroram
1732 1393 1874 1446 forte
1897 1389 2088 1453 effuso,

501 1510 569 1550 ex
610 1493 900 1564 improviso
947 1492 1221 1545 Romanus
1277 1488 1574 1556 imperator
1619 1484 1839 1538 fluvium
1906 1492 2089 1536 trans-

503 1600 746 1654 gressus,
801 1584 985 1638 hostes
1033 1581 1086 1636 in
1141 1580 1390 1634 tentoriis
1443 1591 1633 1630 somno
1693 1585 1945 1646 gravatos
2013 1571 2090 1626 ita

504 1678 796 1746 oppressit,
829 1686 885 1730 ut
918 1691 987 1729 ne
1019 1673 1287 1728 sentirent
1317 1670 1532 1741 quidem
1563 1686 1576 1722 :
1609 1679 1664 1723 et
1693 1683 1883 1737 magna
1910 1675 2092 1733 strage

505 1769 670 1833 edita,
720 1765 1098 1836 prtefectorum
1157 1779 1261 1818 non
1320 1761 1472 1817 multi
1528 1771 1584 1815 et
1634 1760 1844 1828 equites
1901 1772 2088 1812 necem

2188 571 2382 624 κτησιν
2400 552 2718 622 κρύπτουσα
2740 545 3003 601 ὑπατείαν
3021 542 3169 612 αὐτῷ
3191 541 3520 612 ψηφισθῆναι
3534 544 3730 616 διεπρά.

2187 647 2337 714 ξατο.
2385 645 2443 697 '0
2474 643 2552 704 δὲ,
2587 642 2769 710 πάσης
2800 636 3041 706 γεγονὼς
3079 636 3177 705 ἡγε
3189 631 3306 703 μὼν
3333 633 3428 703 τῆς
3455 633 3730 705 δυνάμεως,

2185 739 2284 800 τὰς
2315 737 2414 808 μὲν
2449 734 2683 794 ἑκούσας
2723 733 2820 794 τάς
2849 729 2906 782 δὲ
2937 727 3034 781 καὶ
3061 725 3378 796 βιαζόμενος
3409 723 3514 776 τῶν
3549 727 3732 782 πόλεων

2187 833 2523 904 προσήγετο.
2564 828 2622 882 '0
2649 827 2704 878 δὲ
2734 823 2828 878 τοῦ
2864 819 3195 890 Μιθριδάτου
3219 818 3356 884 υἱὸς,
3382 817 3633 902 Ταξίλλην
3655 823 3738 874 καὶ.

2187 927 2480 993 Διόφαντον
2521 921 2617 975 καὶ
2651 916 2960 986 Μένανδρον
2984 913 3111 974 τοὺς
3145 909 3399 981 ἀρίστους
3434 909 3537 971 τῶν
3562 927 3737 981 στρατ.

2189 1018 2340 1089 ηγῶν
2376 1017 2515 1086 ἔχων
2552 1012 2671 1083 μεθ’
2698 1007 2892 1063 ἑαυτοῦ
2953 1005 3047 1058 καὶ
3095 1002 3303 1069 πολλὴν
3343 1001 3488 1067 ἀγων
3515 1000 3738 1070 δύναμιν,

2187 1111 2267 1180 τῷ
2295 1107 2537 1179 Φιμϐρίᾳ
2564 1102 2883 1175 ὑπηντίαζε.
2912 1099 2993 1153 Τά
3022 1098 3119 1168 μὲν
3151 1094 3280 1167 [580
3313 1093 3410 1165 HJ,
3447 1089 3534 1146 οὖν
3574 1095 3743 1164 πρῶτα,

2189 1203 2250 1256 τὸ
2292 1198 2759 1270 ἐπικρατέστερον
2789 1194 2838 1243 οἱ
2870 1187 3139 1260 βάρῦαροι
3179 1183 3396 1254 ἔφερον.
3422 1182 3674 1252 Φιμϐρίας
3697 1184 3745 1238 δὲ

2189 1286 2622 1350 ἀνασώσασθαι⁷
2675 1282 3095 1354 στρατηγήματι
3153 1276 3251 1338 τὰς
3301 1275 3367 1327 ὲκ
3417 1272 3746 1344 παρατάξεως

2191 1381 2512 1444 ἐλαττώσεις
2537 1376 2916 1446 διανοούμενος
2947 1371 3044 1443 (τὺ
3073 1369 3184 1440 γὰρ
3232 1365 3492 1436 πολέμιον
3515 1364 3747 1433 ὑπερεῖχε

2194 1474 2448 1546 πλήθει),
2486 1473 2561 1535 ὡς
2591 1469 2681 1522 ἐπί
2711 1485 2832 1520 τινα
2879 1463 3122 1532 ποταμὸν
3157 1459 3262 1513 τῶν
3295 1456 3611 1528 μαχομένων
3640 1456 3749 1508 ἑκα-

2191 1571 2324 1640 τέρα
2348 1567 2578 1636 δύναμις
2607 1558 2708 1635 ἦκε
2747 1560 2874 1632 [755
2903 1556 2998 1628 IL]
3027 1554 3122 1610 καὶ
3155 1554 3319 1624 μέσον
3352 1551 3554 1618 ἀμφοῖν
3582 1547 3747 1601 τοῦτον

2193 1661 2555 1731 ἐποιήσαντο,
2612 1653 2822 1725 ὄμϐρου
2876 1649 3004 1719 περὶ
3057 1649 3150 1700 τὸν
3186 1646 3208 1678 ⁸
3267 1644 3464 1714 ὄρθρον
3521 1641 3750 1731 ῥαγέντος

2193 1729 2601 1826 ἀπροσδόκητος
2628 1749 2648 1779 ⁸
2691 1747 2719 1799 ὁ
2751 1745 2861 1798 τῶν
2905 1739 3194 1811 Ῥωμαίων
3226 1732 3530 1826 στρατηγὸς
3563 1729 3747 1785 διαϐαί-

503 1821 825 1926 elfugernnt.
863 1857 1006 1911 Inter
1031 1870 1168 1924 quos
1197 1856 1361 1907 etiam
1387 1851 1716 1906 Mithridatis
1744 1851 1888 1918 regis
1920 1849 2080 1913 filius,

2199 1821 2288 1901 νει⁷
2327 1845 2420 1899 τὸν
2455 1841 2735 1912 ποταμὸν,
2785 1835 2881 1889 καὶ
2924 1833 3079 1902 ’ύπνῳ
3119 1829 3228 1884 τῶν
3261 1824 3538 1896 πολεμίων
3573 1825 3626 1876 ὲν
3653 1825 3751 1886 ταῖς

505 1949 826 2020 Pergamum
882 1947 949 2001 ad
1004 1958 1248 2018 patrem,
1279 1961 1383 1998 una
1427 1960 1549 1998 cum
1609 1944 1853 2011 equitum
1907 1941 2081 1997 comi-

2201 1938 2425 2007 σκηναῖς
2456 1929 2840 2001 κατεχομένων
2875 1921 3153 1978 ἐπιπεσὼν
3190 1917 3318 1992 μηδ’
3357 1915 3749 1984 αἰσθανομένους

509 2053 646 2109 tatu,
700 2042 897 2112 232a
939 2041 1126 2096 salvus
1169 2042 1360 2093 evasit.
1401 2038 1534 2090 Tam
1601 2038 1782 2105 gravis
1829 2035 1992 2104 igitur
2036 2043 2090 2086 et

2199 2027 2572 2087 κατέκτεινεν,
2603 2023 2800 2089 ὀλίγων
2826 2017 2936 2071 τῶν
2965 2017 3023 2068 ἐν
3059 2011 3385 2086 ἡγεμονίαις
3422 2005 3751 2075 διαπεφευγό-

2898 2110 2919 2112 ﬂ
2997 2111 3003 2112 γ
3112 2107 3123 2112 -
3264 2105 3322 2112 --
3361 2102 3406 2112 ιι.
3452 2092 3480 2112 ιν
3609 2099 3620 2112 ι
3664 2098 3709 2112 ι.

513 2092 972 2200 ἱηείεηξνρῖηίεε
1002 2130 1092 2184 ubi
1123 2128 1286 2199 regiis
1315 2127 1533 2192 accidit,
1563 2126 1809 2196 plurimae
1837 2125 2089 2178 civitates

2199 2137 2303 2175 των
2341 2119 2431 2171 τὸν
2469 2115 2691 2186 ὄλεθρον
2725 2113 2821 2166 καὶ
2855 2110 2961 2164 τῶν
2993 2107 3226 2162 ἱππέων.
3264 2102 3406 2158 Μεθ’
3446 2092 3518 2155 ὧν
3540 2099 3630 2152 καὶ
3664 2098 3753 2200 Μι-

509 2227 577 2278 ad
617 2223 892 2278 Romanos
921 2223 1289 2278 desciverunt.

2207 2211 2467 2283 θριδάτης
2497 2210 2525 2262 ὁ
2557 2204 2914 2276 Μιθριδάτου,
2941 2201 3038 2254 καὶ
3075 2198 3213 2268 πρὸς
3240 2195 3305 2248 τὸ
3339 2195 3621 2265 Πέργαμον
3643 2188 3754 2283 πρὸς

508 2318 602 2372 τὸν
634 2318 852 2388 πατέρα
881 2315 1221 2386 Μιθριδάτην
1276 2314 1392 2384 ἅμα
1431 2316 1546 2376 τοῖς
1591 2311 2152 2382 συνεξιππασαμένοις
2214 2281 2560 2370 διασώζεται.
2617 2299 2776 2354 οὕτω
2835 2298 2893 2351 δὲ
2943 2295 3166 2366 βαρείας
3219 2290 3326 2360 τῆς
3365 2286 3638 2359 συμφορᾶς
3681 2281 3755 2336 καὶ

509 2412 770 2483 λαμπρᾶς
799 2415 912 2474 τοῖς
944 2411 1243 2482 βασιλικοῖς
1293 2409 1678 2480 συμπεσούσης
1699 2449 1713 2473 ,
1743 2410 1798 2461 αί
1828 2408 2077 2462 πλεῖσται
2103 2408 2213 2460 τῶν
2239 2405 2446 2458 πόλεων
2469 2401 2605 2471 πρὸς
2629 2400 2755 2462 τοὺς
2789 2393 3092 2465 Ῥωμαίους
3129 2389 3439 2462 μετέθεντο.

1519 2526 1646 2581 CAP.
1693 2523 1954 2581 XXXVII.
1982 2553 2052 2563 —-
2083 2524 2248 2595 Sylla:
2277 2538 2382 2592 pax
2437 2535 2555 2573 cum
2590 2515 2920 2571 Mithridate.

584 2639 792 2696 Interea
833 2642 1005 2699 Mario
1033 2659 1064 2698 e
1105 2644 1228 2714 fuga
1271 2646 1487 2700 domum
1539 2657 1800 2710 reverso,
1852 2651 2098 2698 metuens

515 2734 662 2804 Sylla
709 2735 857 2804 (nam
903 2735 968 2789 de
1003 2735 1345 2788 inimicorum
1382 2734 1500 2802 ejus
1543 2733 1778 2787 factione
1822 2732 1909 2786 ille
1958 2732 2096 2798 erat)

519 2840 585 2877 ne
631 2825 842 2890 simile,
887 2835 1106 2894 propter
1144 2825 1371 2893 injurias
1405 2825 1456 2878 in
1494 2823 1677 2887 illum,
1720 2825 1820 2877 sibi
1852 2824 2098 2877 exsilium

522 2916 827 2984 irrogaret,
856 2917 1019 2971 missa
1069 2916 1368 2986 legatione,
1412 2917 1476 2969 de
1510 2930 1642 2983 pace
1679 2931 1799 2968 cmn
1842 2914 2102 2970 Romanis

518 3007 742 3061 consilia
799 3005 1099 3061 Mithridati
1153 3007 1442 3078 suggessit.
1501 3005 1618 3072 Quo
1674 3005 1857 3074 pactam
1910 3005 2104 3074 cupide

517 3100 787 3168 amplexo,
812 3110 866 3154 et
895 3110 1118 3169 rogante
1142 3109 1199 3153 nt
1232 3102 1297 3153 ad
1329 3101 1706 3168 paciscendum
1729 3099 2100 3162 convenirent,

517 3189 607 3243 ille
631 3201 874 3258 prompte
898 3205 956 3245 se
984 3191 1075 3244 dat
1105 3191 1158 3244 in
1204 3191 1370 3244 viam.
1399 3189 1643 3258 Cmnqne
1671 3205 1764 3258 per
1799 3189 2013 3259 aliquod
2047 3189 2099 3240 in

2273 2638 2489 2709 Μαρίου
2539 2637 2596 2689 δὲ
2629 2634 2737 2688 ἀπὸ
2781 2632 2878 2702 τῆς
2921 2628 3102 2697 φυγῆς
3141 2622 3524 2684 ἀνασωθέντος
3561 2621 3636 2683 εἰς
3681 2619 3757 2690 τὴν

2215 2732 2436 2802 Ῥώμην
2457 2775 2470 2795 ,
2499 2728 2707 2790 Σύλλας
2735 2722 2920 2784 δεδιὼς
2949 2721 3078 2792 (τῶν
3115 2713 3557 2773 ἀντιστασιωτῶν
3583 2713 3681 2782 γάρ
3705 2709 3758 2782 ἦν

2204 2822 2449 2892 ἐκεῖνος)
2503 2819 2577 2891 μὴ
2630 2821 2698 2890 τῇ
2748 2816 2912 2885 ὁμοίᾳ
2962 2813 3109 2882 φυγῇ
3156 2809 3254 2880 τὴν
3307 2807 3386 2871 είς
3427 2803 3583 2858 αὑτὸν
3626 2802 3756 2872 ὓϐριν

2205 2914 2484 2985 ἀπαιτήσῃ
2505 2913 2580 2975 ¹⁰,
2614 2908 2753 2981 πρὸς
2787 2904 3127 2977 Μιθριδάτην
3157 2896 3609 2970 διεπρεσόεύετο,
3643 2910 3757 2960 συμ-

2208 3009 2396 3070 ϐάσεις
2423 3004 2574 3074 αὐτῷ
2594 3003 2634 3033 ¹¹
2669 3003 2766 3063 τὰς
2793 3001 2931 3068 πρὸς
2982 2993 3293 3064 Ῥωμαίους
3339 2986 3758 3056 ὑποϐαλλόμενος.

2205 3099 2312 3154 Τοῦ
2349 3100 2406 3152 δὲ
2451 3097 2545 3150 καὶ
2587 3097 2706 3156 ταῖς
2755 3091 3091 3162 συμϐάσεσιν
3139 3083 3564 3155 ἀσμενίσαντος,
3601 3077 3758 3144 ἁφικέ·

2207 3195 2332 3248 σθαι
2370 3209 2428 3245 τε
2463 3190 2556 3244 ἐπὶ
2601 3189 2828 3249 ταύταις
2871 3184 3224 3252 αἰτήσαντος,
3283 3176 3450 3237 αὐτὸς
3494 3171 3759 3243 προθύμως

518 3283 696 3336 medio
725 3283 980 3350 spatium,
1011 3281 1144 3336 alter
1167 3283 1217 3336 in
1248 3280 1470 3336 alterius
1493 3296 1776 3335 occursum
1801 3279 2096 3350 processis-

2202 3283 2504 3338 ἐστέλλετο.
2533 3278 2692 3333 Οὕτω
2713 3275 2842 3346 γοῦν
2871 3272 2980 3326 τῶν
3006 3265 3327 3339 ἀναμεταξὺ
3359 3264 3595 3335 ἀλλήλων
3645 3275 3758 3330 προ-

518 3383 677 3439 sent,
719 3375 1064 3440 Dardanum,
1103 3374 1170 3427 ad
1215 3373 1657 3442 transigendum,
1692 3371 2100 3441 eishuspitium

515 3467 682 3521 dedit.
735 3465 835 3532 lbi,
874 3467 1042 3536 jussis
1084 3467 1340 3522 secedere
1393 3466 1658 3520 ministris
1701 3475 1756 3520 et
1791 3464 2102 3529 comitibus,

431 3620 436 3626 ,
517 3569 674 3628 pacta
696 3561 828 3614 fiunt
861 3560 913 3614 in
941 3559 1084 3613 hunc
1115 3559 1328 3613 modum
1374 3576 1389 3613 :
1427 3576 1446 3610 ι
1477 3558 1816 3612 Mithridates
1850 3556 2105 3611 Romanis

515 3651 644 3706 Asia
698 3653 978 3717 concedat,
1004 3651 1245 3723 Bithynis
1265 3661 1316 3705 et
1346 3649 1758 3722 Cappadocibus
1796 3664 1951 3719 reges
1972 3663 2106 3717 prae-

517 3742 629 3794 sint
676 3741 921 3809 gentiles.
986 3733 1285 3794 Mithridati
1338 3742 1505 3795 totius
1553 3739 1709 3795 Ponti
1761 3754 1986 3809 regnum
2036 3739 2107 3792 sit

518 3833 920 3888 confirmatum.
963 3833 1328 3886 Peculiariter
1353 3847 1482 3887 vero
1513 3829 1672 3902 Syllae
1717 3831 1967 3901 expediat
2003 3828 2104 3882 tri-

520 3938 696 3981 remes
721 3925 792 3980 80
819 3934 872 3980 et
915 3923 1057 3979 5000
1102 3925 1358 3978 talentum
1379 3964 1396 3989 ,
1427 3926 1492 3978 ad
1537 3924 1768 3978 reditum
1801 3938 1960 3991 quem
1994 3923 2106 3990 ipse

519 4018 746 4072 Romam
778 4019 1116 4072 instituisset.
1131 4015 1456 4072 Civitatibus
1479 4015 1620 4086 apud
1659 4015 1933 4068 Romanos
1957 4013 2098 4067 haud

521 4112 594 4164 sit
625 4125 776 4172 noxae
813 4111 955 4179 quod
983 4112 1049 4161 ad
1077 4108 1438 4163 Mithridatem
1487 4107 1805 4163 defecerint.
1845 4125 1864 4157 ι
1889 4106 1943 4161 Id
1963 4105 2104 4175 quod

520 4212 737 4267 tamen,
765 4201 917 4273 juxta
947 4202 1095 4271 pacis
1123 4201 1434 4266 formulam,
1466 4217 1572 4255 non
1608 4200 1796 4255 habuit
1825 4211 2101 4254 eventum.

519 4293 655 4348 Nam
691 4295 888 4348 multas
931 4305 1116 4364 postea
1163 4294 1348 4348 servili
1390 4294 1520 4364 jugo
1550 4305 1956 4364 oppresserunt.
1998 4293 2106 4348 IIo-

523 4387 750 4440 norilice
780 4386 975 4440 dehinc
1011 4384 1155 4456 Sylla
1189 4386 1242 4439 in
1272 4385 1480 4440 Italiam
1523 4396 1749 4440 remeat.
1782 4385 2092 4454 Mariusque

521 4480 696 4533 denuo
729 4479 860 4532 urbe
886 4478 1138 4543 excedit;
1171 4488 1226 4532 et
1247 4476 1585 4532 Mithridates
1608 4478 1674 4530 ad
1699 4493 1794 4531 sua
1818 4493 1876 4532 se
1901 4477 2064 4532 refert
2087 4494 2101 4530 :

521 4569 828 4638 multasque
881 4569 1058 4622 denuo
1103 4577 1317 4637 gentes,
1367 4583 1488 4636 qum
1541 4579 1764 4638 propter
1817 4571 2100 4623 adversam

520 4659 638 4728 ejus
672 4661 942 4716 fortunam
974 4660 1337 4722 desciverant,
1377 4661 1479 4715 sub
1516 4676 1730 4714 manum
1763 4662 1984 4732 redegit.

2207 3375 2574 3446 εληλυθότων,
2611 3369 2882 3440 Δάρδανον
2922 3364 3118 3424 αὐτοὺς
3145 3363 3186 3392 ³³
3221 3359 3318 3414 ἐπὶ
3351 3359 3470 3420 ταῖς
3506 3354 3760 3422 συνθήκαις

2208 3467 2564 3536 ὑποδέχεται,
2599 3465 2695 3516 καὶ
2739 3459 2851 3513 τῶν
2898 3456 3028 3525 περ)⁹
3059 3453 3258 3514 αὐτοὺς
3320 3444 3757 3518 ὑποχωρησάντων

2207 3556 2492 3628 ὁμολογίαι
2514 3554 2776 3622 γίνονται,
2799 3543 3141 3615 Μιθριδάτην
3171 3542 3271 3612 μὲν
3312 3537 3599 3606 Ῥωμαίοις
3620 3536 3759 3628 ἐκχω·

2209 3624 2322 3723 ρεῖν
2351 3649 2447 3720 τῆς
2488 3646 2694 3708 Ἀσίας,
2719 3642 2814 3696 καὶ
2843 3641 2886 3672 ¹³
2913 3636 3153 3693 Βιθυνῶν
3182 3635 3238 3688 δὲ
3283 3633 3381 3687 καὶ
3407 3624 3759 3723 Καππαδοκίας

2207 3713 2415 3811 ἀρχειν.
2456 3738 2581 3800 τοὺς
2614 3736 2678 3788 ὲκ
2722 3733 2914 3802 γένους
2971 3726 3257 3798 βασιλέας,
3325 3718 3672 3792 βεδαιωθῆναι
3708 3713 3751 3765 δὲ

2206 3831 2516 3903 Μιθριδάτῃ
2547 3830 2640 3884 τοῦ
2672 3829 2874 3883 Πόντου
2899 3824 3101 3885 παντὸς
3136 3819 3233 3890 τὴν
3275 3813 3576 3892 βασιλείαν,
3607 3822 3757 3876 παρα-

2209 3931 2358 3998 σχεῖν
2389 3925 2433 3978 δ’
2469 3925 2612 3986 ἰδίως
2653 3920 2826 3990 Σύλλᾳ.
2857 3918 3106 3988 τριήρεις
3135 3919 3186 3965 π’
3215 3910 3313 3963 καὶ
3358 3906 3590 3998 τάλαντα
3619 3914 3748 3998 τρισῗ

2207 3987 2355 4087 χίλια
2387 4015 2526 4086 πρὸς
2566 4013 2665 4084 τὴν
2710 3987 2845 4064 ἰδίαν
2873 3987 2965 4060 ἐπὶ
2999 4005 3099 4074 τὴν
3137 3999 3366 4070 Ῥώμην
3405 3987 3755 4087 κάθοδον,

2218 4081 2530 4183 Ῥωμαίους
2582 4081 2749 4181 μηδὲν
2801 4107 2923 4166 ταῖς
2972 4100 3162 4155 πόλεσι
3214 4081 3756 4183 μνησικακῆσαι-,ἀνθ’

2181 4199 2282 4264 ,ὧν
2331 4175 2624 4276 μετὲσαλον
2647 4175 2737 4263 ἐἰς
2776 4195 3139 4266 Μιθριδάτην,
3174 4191 3221 4242 εί
3251 4189 3351 4242 καὶ
3409 4185 3483 4276 μὴ
3508 4180 3640 4235 κατά
3676 4175 3755 4275 sic

2207 4266 2502 4369 ὁμολογίας
2533 4293 2696 4348 τοῦτο
2746 4288 2950 4356 συνέϐη
2972 4303 2986 4316 ·
3040 4283 3244 4344 πολλὰς
3285 4281 3405 4370 γὰρ
3431 4275 3646 4370 ὕστερον
3671 4266 3758 4370 τιῖιν

2209 4391 2420 4446 πόλεων
2443 4386 2830 4442 ἐδουλώσαντο.
2856 4381 3063 4442 Σύλλας
3101 4377 3200 4447 μὲν
3231 4373 3325 4427 οὖν
3352 4369 3495 4424 οὕτω
3519 4366 3755 4434 λαμπρῶς

2207 4486 2290 4547 εἰς
2337 4481 2436 4553 τὴν
2493 4479 2723 4534 Ἰταλίαν
2770 4475 3032 4544 ἀφίκετο,
3090 4470 3186 4523 καὶ
3241 4466 3457 4534 Μάριος
3505 4453 3648 4553 αύθις

2209 4542 2418 4636 πάλεως
2484 4542 2847 4640 ὑπεχώρησεν,
2906 4567 3002 4618 καὶ
3063 4558 3405 4626 Μιθριδάτης
3468 4542 3754 4640 ἀνέστρεψεν

2137 4637 2183 4694 D
2213 4661 2399 4715 οἴκαδε
2421 4702 2436 4722 ,
2469 4636 2774 4712 πολλά
2808 4654 2898 4708 διὰ
2937 4653 3035 4722 τὴν
3070 4643 3203 4723 ένοῇ
3248 4641 3555 4714 κατηνέχθη
3577 4636 3617 4668 ’⁸
3647 4647 3754 4698 συμ⁶

2213 4751 2387 4822 φοράν
2413 4750 2772 4804 ἀποστάντων
2798 4746 2971 4799 ὲθνῶν
3001 4744 3060 4809 ἐξ
3087 4738 3342 4810 ὑπαρχῆς
3366 4727 3749 4805 χειρωσάμενος·

659 4891 789 4946 (λιιι.
815 4888 1107 4947 XXXVIII.
1139 4922 1207 4931 —
1242 4891 1466 4945 Murena
1506 4891 1697 4946 bellum
1748 4893 1998 4948 adversus
2033 4893 2395 4950 Mithridatem
2445 4901 2681 4948 renovat.
2721 4889 3091 4944 Ileraclieuses
3138 4880 3314 4935 neutri
3363 4872 3685 4943 apitulantur.

601 5003 730 5059 Post
755 5004 867 5058 lucc
896 5002 1112 5059 Murena
1139 5004 1279 5058 bello
1307 5004 1626 5072 praeficitur.
1662 5005 1739 5058 Ad
1776 5020 1935 5075 quem
1961 5005 2107 5076 lega-

523 5085 610 5154 tbs
636 5099 890 5154 amandat
921 5097 1294 5163 Mithridates,
1340 5099 1486 5166 pacis
1517 5113 1638 5151 cum
1673 5097 1818 5168 Sylla
1859 5100 2005 5153 initae
2029 5099 2104 5154 le-

533 5206 628 5261 ges
649 5198 978 5262 praetexens,
999 5201 1053 5244 et
1079 5199 1138 5243 ut
1169 5199 1300 5242 rata:
1326 5190 1434 5242 sint
1455 5190 1729 5257 firmaeque
1751 5191 2104 5244 contendens.

523 5281 595 5332 At
640 5279 686 5334 is
721 5278 987 5348 legatione
1030 5293 1137 5332 non
1177 5277 1426 5346 placatus
1466 5279 1667 5345 (erant
1713 5279 1854 5332 enim
1888 5281 2107 5335 natione

521 5369 716 5435 Graeci,
746 5378 800 5424 et
856 5369 980 5425 vita:
1036 5369 1242 5424 ratione
1280 5368 1610 5438 philosophi,
1669 5371 1760 5440 qni
1819 5371 1940 5440 plus
1991 5372 2106 5426 cul-

2283 5006 2442 5079 Παρά
2485 5007 2585 5076 τῆς
2629 5004 2936 5073 συγκλήτου
2970 4999 3026 5052 δὲ
3064 4993 3361 5065 Μουρήνας
3394 4983 3604 5079 ἡγεμὼν

2212 5116 2398 5162 πεται,
2440 5099 2535 5152 καὶ
2575 5096 2915 5166 Μιθριδάτης
2943 5085 3400 5159 διαπρεσϐεύεται
3441 5077 3570 5148 πρὸς
3597 5065 3748 5166 αὖτδνς

2209 5193 2310 5252 τὰς
2345 5156 2482 5261 πρὸς
2511 5156 2718 5241 Σύλλαν
2757 5156 3049 5256 ὁμολογίας
3077 5156 3195 5248 ἀμα
3222 5195 3282 5230 τε
3303 5175 3345 5206 ¹³
3378 5156 3750 5261 προτείνων..καί

2213 5252 2470 5352 βεὸαίους
2498 5280 2666 5347 ἀξιῶν
2700 5252 2864 5331 εἶναι.
2903 5276 2964 5328 '0
2990 5274 3046 5326 δὲ
3073 5272 3148 5341 μὴ
3180 5269 3407 5338 θέμενος
3435 5263 3497 5331 τῇ
3526 5252 3749 5352 πρεξὸεξᾳ

2213 5372 2331 5445 (καὶ
2377 5375 2484 5444 γὰρ
2521 5372 2615 5426 καὶ
2657 5372 2708 5424 oi
2753 5366 3038 5440 πρέσϐεις,
3073 5363 3338 5432 ’Έλληνες
3385 5356 3531 5412 ὄντες
3571 5345 3652 5400 καὶ
3678 5341 3747 5391 τὸν

1822 5525 2057 5580 unus
2103 5495 2506 5583 LECTIONES.

590 5651 613 5684 τ
643 5645 918 5700 ἀνασῶσαι
955 5663 1015 5710 ς.

525 5731 666 5768 corr:
702 5719 744 5767 Α
777 5731 791 5768 :
825 5715 1009 5776 αὐτοῖς
1049 5732 1109 5777 ς.

527 5803 579 5854 ρ,
623 5786 722 5838 I85
749 5785 1037 5838 α15.206
1073 5805 1102 5837 ιι
1131 5783 1217 5838 te.
1253 5785 1360 5836 eos
1385 5783 1412 5835 b
1445 5784 1532 5836 ιδ.

1090 5644 1113 5675 ⁸
1138 5645 1231 5698 τὸν
1282 5659 1393 5697 mil.
1429 5645 1492 5696 A.
1570 5645 1591 5675 ⁸
1630 5642 2052 5713 ἀπροσδοκήτως
2083 5663 2144 5708 ς.
2223 5645 2265 5677 ¹⁰
2301 5644 2533 5713 ἀποτίσῃ

1190 5713 1232 5744 ’³
1268 5714 1365 5767 καὶ
1393 5783 1399 5785 _
1426 5714 1703 5785 alutndare
1734 5723 1920 5766 censet
1959 5715 2220 5785 Scaliger.

2507 5660 2533 5714 ῃ
2598 5641 2862 5714 Scaliger.
2957 5641 3181 5714 iiabnp
3235 5640 3358 5714 add.
3393 5635 3469 5714 ΑἨ
3515 5633 3554 5665 ¹²
3583 5627 3738 5714 ατότοῐξ

2319 5693 2808 5784 “assignas.
2841 5693 2882 5774 ς
2973 5712 3015 5744 ι’
3043 5693 3172 5782 διμὲ
3204 5693 3361 5764 τείΑ.
3396 5724 3408 5759 ;
3446 5705 3534 5759 tua
3591 5719 3642 5765 ς.
3680 5693 3731 5749 cf.
