4004 6450
326 389 439 457 913

1369 391 1889 452 ΒΙΒΙᾸΟΤΙῘΕΟΑ.
1907 392 2154 454 --COD.
2186 392 2478 453 CCXXIV.

3486 378 3588 442 014

326 502 451 574 βίον
480 498 778 573 φιλόσοφοι,
830 502 922 556 τὸν
965 502 1303 573 Μιθριδάτην
1342 503 1542 572 μᾶλλον
1574 501 1824 571 διέσυρον
1871 500 1899 571 ἢ

2010 502 2200 571 parent
2232 501 2598 555 Mithridatem
2624 511 2784 568 quam
2810 492 3278 563 commendarent)
3311 494 3363 546 in
3400 505 3584 561 regem

328 594 632 658 συνίστων)
670 593 894 664 ὥρμητο
927 593 1021 646 ἐπὶ
1057 593 1147 645 τὸν
1182 592 1539 662 Μιθριδάτην.
1575 590 1688 643 Καὶ
1733 589 1810 659 τῷ
1843 607 1902 641 τε

327 685 733 748 Καππαδοκίας
778 685 1169 756 ⁹Δριοϐαρζάνῃ
1202 684 1301 754 τὴν
1343 682 1516 753 ἀρχὴν
1552 681 1904 751 βεϐαιοτέραν

327 778 545 839 ἐποίει,
595 776 689 829 καὶ
738 778 830 829 ἐπὶ
876 781 995 840 ταῖς
1035 777 1302 839 εἰσϐολαῖς
1330 776 1375 807 ¹⁶
1415 777 1515 844 τῆς
1569 774 1901 842 Μιθριδάτου

331 868 618 938 βασιλείας
670 867 843 929 κτίζει
877 868 1032 922 πόλιν
1080 867 1367 921 Ἐκίνειαν.
1423 867 1511 918 Ἐν
1552 864 1763 928 τούτοις
1787 866 1815 918 ὃ
1843 882 1902 918 τε

326 962 628 1030 Μουρήνας
660 962 757 1014 καὶ
787 962 815 1014 6
865 962 1201 1030 Μιθριδάτης
1246 961 1733 1031 διαπρεσϐεύονται
1767 958 1904 1030 πρὸς

342 1054 751 1121 Ἡρακλεώτας,
800 1053 903 1106 ἀνὰ
935 1053 1101 1125 μέρος
1130 1054 1387 1123 ἑκάτερος
1418 1052 1558 1105 κατὰ
1590 1051 1685 1104 τοῦ
1714 1051 1901 1121 ἐτέρου

329 1144 513 1197 καλῶν
565 1143 660 1196 ἐπὶ
711 1146 1019 1216 συμμαχία.
1065 1143 1187 1196 Τῶν
1219 1144 1317 1214 μὲν
1360 1139 1452 1197 οὖν
1493 1142 1776 1212 Ῥωμαίων
1803 1140 1901 1211 τὴν

339 1236 491 1305 ἰσχὺν
515 1234 752 1305 φοϐεράν
802 1237 1051 1305 ἡγοῦντο,
1098 1235 1388 1307 ὠρρώδουν
1427 1234 1485 1287 δὲ
1528 1235 1622 1287 καὶ
1650 1234 1750 1304 τὴν
1785 1249 1902 1300 γει-

337 1329 541 1379 τνίασιν
572 1326 668 1379 τοῦ
731 1328 1086 1398 Μιθριδάτου.
1126 1327 1218 1380 Διὸ
1272 1327 1659 1398 ἀποκρίνονται
1688 1326 1731 1356 ⁸⁷
1788 1326 1901 1387 τοῖς

307 1415 455 1495 λδδι
492 1416 582 1489 ιιι
631 1419 760 1490 παρ’
792 1420 971 1474 αὐτῶν
1003 1420 1297 1492 πρέσϐεσιν
1330 1420 1406 1483 ὡς
1431 1418 1701 1472 τοσούτων
1740 1417 1898 1470 πολέ-

330 1525 451 1577 μων
479 1510 900 1581 ἀναρραγέντων
932 1512 1082 1581 μόλις
1111 1512 1177 1565 ἂν
1206 1511 1305 1582 τὴν
1340 1510 1477 1564 ίδίαν
1514 1511 1701 1580 τηρεῖν
1741 1507 1900 1567 δύνα-

328 1599 475 1664 σθαι,
513 1602 643 1671 μήτι
683 1619 747 1669 γε
790 1602 997 1672 ἑτέροις
1039 1603 1374 1672 ἐπικουρεῖν.
1421 1600 1581 1654 Ἀλλὰ
1614 1599 1722 1670 γὰρ
1754 1600 1900 1652 Μου-

329 1691 471 1761 ρήνᾳ
504 1691 603 1761 μὲν
633 1692 1015 1745 συνεϐούλευον
1040 1694 1140 1746 οὐκ
1164 1694 1334 1761 ὀλίγοι
1361 1692 1496 1761 πρὸς
1523 1691 1621 1763 τὴν
1647 1690 1898 1760 Σινώπην

320 1781 507 1852 ὁρμᾷν
539 1783 628 1835 καὶ
674 1784 926 1854 περὶτοῦ
965 1784 1237 1855 βασιλείου
1279 1786 1450 1838 κινεῖν
1487 1784 1579 1838 τὸν
1625 1784 1893 1854 πόλεμον,

2008 594 2176 649 movit
2210 612 2223 648 :
2259 603 2315 647 et
2351 591 2700 647 Ariobarzani
2748 604 2970 660 regnum
3007 586 3358 653 Cappadocia:
3415 584 3588 653 magis

2005 684 2291 741 conﬁrmat
2323 700 2337 737 :
2368 692 2422 738 et
2458 683 2603 738 circa
2651 683 2955 750 ingressum
2996 678 3148 746 regni
3192 675 3540 731 Mithridatici
3563 715 3577 737 ,

2005 779 2193 832 urbem
2224 777 2405 831 condit
2431 773 2687 829 Nicaeam.
2714 773 2857 828 lnter
2886 772 2999 826 haec
3032 769 3251 825 Murena
3285 778 3341 823 et
3367 768 3577 822 Mithri-

2004 871 2179 932 dates,
2204 883 2302 939 pro
2335 883 2394 924 se
2423 867 2654 938 quisque
2684 874 2875 921 contra
2909 864 3138 917 alterum
3163 862 3372 932 legatis,
3407 862 3582 915 Hera-

2004 962 2233 1017 clienses
2277 961 2343 1016 de
2394 960 2612 1016 auxiliis
2664 958 2975 1014 sollicitant.
3028 956 3133 1010 Sed
3170 970 3291 1009 cum
3340 953 3579 1023 potentia

2002 1049 2369 1105 Romanorum
2402 1047 2759 1103 formidabilis
2788 1046 3062 1099 videretur
3093 1041 3244 1111 ipsis,
3270 1051 3323 1095 et
3363 1040 3575 1094 Mithri-

2002 1138 2144 1194 datis
2174 1137 2503 1193 vicinitatem
2530 1137 2689 1191 etiam
2717 1136 2989 1195 timerent,
3021 1133 3210 1201 legatis
3230 1130 3573 1200 respondent,

2003 1231 2057 1285 iu
2095 1238 2244 1286 tanta
2301 1228 2565 1284 bellorum
2610 1235 2948 1295 tempestate,
2994 1222 3279 1278 diﬂiculter
3326 1221 3574 1291 proprios

2002 1335 2061 1376 se
2089 1320 2231 1375 lares
2262 1317 2425 1381 tueri,
2460 1317 2654 1371 nedum
2687 1314 2810 1369 aliis
2848 1311 3054 1383 2326
3106 1309 3354 1365 auxiliari
3394 1323 3573 1379 posse.

2001 1410 2238 1467 Murena
2296 1396 2494 1463 tamen
2560 1422 2666 1461 non
2724 1406 2882 1475 pauci
2942 1406 3072 1458 dant
3143 1403 3463 1465 consilium,
3517 1410 3578 1454 ut

2001 1504 2254 1572 Sinopem
2300 1501 2581 1565 invadens,
2611 1498 2679 1553 de
2718 1498 2861 1567 regia
2891 1498 3002 1566 ipsa
3031 1496 3227 1550 bellum
3255 1504 3485 1548 moveat.
3517 1492 3573 1548 Si

1998 1597 2142 1652 enim
2177 1595 2316 1649 hanc
2349 1594 2575 1662 ceperit,
2619 1591 2776 1645 facile
2816 1592 2978 1646 etiam
3014 1598 3206 1643 caztera
3249 1587 3301 1641 in
3336 1597 3576 1656 potesta-

1999 1699 2106 1743 tem
2133 1698 2382 1741 ventura.
2421 1685 2491 1739 At
2523 1684 2880 1745 Mithridates,
2924 1682 3117 1735 validis
3160 1680 3267 1734 hac
3311 1680 3576 1748 praasidiis

2002 1782 2355 1842 communita,
2387 1776 2503 1846 ipse
2546 1774 2685 1829 bello
2712 1773 2948 1843 gerendo
2992 1771 3279 1825 incumbit.
3322 1769 3575 1838 interque

318 1872 399 1935 ὼς
440 1874 487 1925 εί
518 1874 722 1945 ταύτην
753 1875 884 1941 ἕλοι,
912 1876 1020 1929 τῶν
1058 1876 1260 1929 λοιπῶν
1295 1877 1563 1947 κρατήσει
1608 1876 1840 1947 ῥᾳδίως·
1872 1875 1899 1928 6

2008 1871 2160 1926 initia
2193 1871 2279 1924 ubi
2312 1870 2377 1923 ad
2416 1883 2607 1922 manus
2634 1875 2855 1919 ventum
2875 1873 3011 1930 erat,
3048 1863 3179 1932 regii
3210 1862 3415 1916 viribus
3438 1876 3575 1929 prze-

318 1965 380 2017 δὲ
438 1965 774 2036 Μιθριδάτης
818 1968 989 2038 πολλῇ
1060 1968 1288 2038 δυνάμει
1349 1968 1901 2038 κατασφαλισάμενος

316 2054 534 2126 ταύτην
564 2057 643 2119 είς
666 2058 1091 2129 αὐτοπρόσωπον
1120 2058 1357 2128 πόλεμον
1384 2058 1755 2128 καθειστήκει.
1790 2058 1901 2112 Καὶ

320 2149 549 2217 πείραις
582 2151 680 2219 μὲν
725 2154 845 2214 ταῖς
896 2151 1017 2205 κατ’
1045 2152 1220 2222 ἀρχάς
1250 2153 1693 2222 ἐπικρατέστερα
1726 2148 1794 2223 ἦν
1829 2151 1900 2205 τὰ

316 2239 420 2293 τοῦ
470 2240 773 2311 βασιλέως·
826 2241 945 2297 εἶτα
987 2244 1068 2307 είς
1118 2244 1510 2316 ἁγχὼμαλονή
1572 2246 1721 2315 μάχη
1779 2262 1904 2299 συν-

317 2332 592 2403 εστράφη,
632 2334 727 2387 καὶ
760 2336 839 2399 εἰς
864 2336 1018 2389 δκνον
1050 2335 1082 2407 ἡ
1120 2336 1265 2407 μάχη
1322 2336 1382 2389 τὸ
1429 2335 1707 2406 πρόθυμον
1747 2353 1904 2406 περι-

2005 1964 2228 2035 pollent.
2262 1962 2452 2016 Postea
2488 1960 2703 2015 fortuna
2736 1972 2927 2029 pugnae
2959 1965 3290 2025 exaequatum
3328 1952 3568 2008 Tandem

2005 2056 2277 2127 prmliandi
2316 2055 2527 2109 taedium
2558 2053 2802 2107 hostibus
2833 2050 3169 2104 alacritatem
3200 2047 3361 2100 animi
3406 2046 3575 2101 demi-

2008 2147 2142 2201 nuit.
2180 2145 2304 2199 ldeo
2339 2145 2404 2198 ad
2445 2144 2703 2197 interiora
2748 2141 2891 2196 circa
2938 2140 3134 2194 Phasin
3174 2147 3227 2191 et
3268 2138 3570 2190 Caucasum

2008 2255 2067 2297 se
2088 2237 2374 2295 convertit.
2400 2236 2621 2291 Murena
2651 2248 2781 2288 vero
2803 2232 2988 2301 c0pias
3017 2232 3069 2286 in
3101 2231 3283 2284 Asiam
3317 2228 3573 2293 traducit,

2008 2344 2063 2389 et
2089 2347 2183 2388 sua
2209 2341 2318 2384 tum
2341 2328 2574 2399 quisque
2600 2326 2962 2380 administrat.

318 2419 527 2491 ἐστησε
573 2423 682 2480 τῶν
708 2426 1004 2496 πολεμίων.
1045 2426 1174 2499 [736
1194 2418 1287 2498 8.]
1326 2426 1417 2479 Διὸ
1445 2427 1541 2479 καὶ
1576 2425 1912 2497 Μιθριδάτης
1936 2422 2034 2495 μὲν
2062 2424 2141 2484 είς
2172 2421 2241 2474 τὰ
2269 2418 2399 2490 περὶ
2427 2417 2517 2471 τὸν
2559 2417 2729 2471 Φᾶσιν
2793 2415 2896 2469 καῖ’
2937 2412 3031 2467 τὸν
3073 2411 3366 2467 Καύκασον
3410 2410 3574 2480 ἐτρά-

266 2560 269 2561 ν
318 2534 480 2585 πετο,
524 2520 821 2591 Μουρήνας
864 2522 921 2576 δὲ
949 2524 1167 2593 ἀπῆρεν
1208 2525 1288 2586 είς
1314 2522 1414 2593 τὴν
1471 2521 1677 2585 Ἀσίαν,
1707 2520 1802 2574 καὶ
1833 2522 1900 2574 τά
1928 2520 2102 2573 οἰκεῖα
2131 2518 2359 2579 ἕκαστος
2389 2513 2628 2568 διετίθει.

918 2708 924 2715 _
1033 2637 1164 2695 CAP.
1204 2636 1448 2693 XXXIX.
1475 2668 1547 2678 —-
1570 2636 1783 2692 Luculli
1810 2646 1859 2691 et
1890 2634 2057 2691 Cotta:
2090 2634 2143 2687 in
2188 2631 2547 2685 Mithridatem
2600 2626 2876 2695 expeditio.

394 2752 529 2807 Μετ’
576 2753 636 2806 ού
674 2754 843 2808 πολὺν
888 2756 945 2809 δὲ
976 2756 1170 2826 χρόνον
1211 2756 1418 2819 Σύλλας
1467 2758 1528 2810 ἐν
1570 2755 1759 2828 Ῥώμῃ
1804 2772 1898 2807 τε·-

317 2845 525 2917 λιυτᾷ,
565 2847 662 2901 καὶ⁹
710 2848 1021 2917 πέμπουσιν
1071 2851 1104 2919 ἠ
1154 2848 1460 2919 σύγκλητος
1506 2851 1597 2903 ἐπὶ
1649 2850 1747 2921 μὲν
1799 2850 1898 2921 τὴν

320 2935 578 2989 Βιθυνίαν
607 2937 877 3009 Δύρήλιον
906 2940 1141 3004 Κότταν,
1173 2942 1267 2994 ἐπὶ
1297 2940 1356 2993 δὲ
1398 2940 1499 3011 τὴν
1542 2941 1726 2998 Ἀσίαν
1755 2941 1898 2994 Λεύ-

318 3043 443 3081 κιον
481 3029 780 3082 Λεύκολλον
806 3070 822 3095 ,
866 3024 949 3092 οἷς
984 3033 1015 3099 ὴ
1053 3032 1242 3102 ἐντολὴ
1271 3033 1531 3101 πολεμεῖν
1564 3032 1893 3104 Μιθριδάτῃ.

318 3117 661 3189 Μιθριδάτης
688 3120 746 3173 δὲ
777 3120 935 3174 ἄλλον
964 3139 1024 3174 τε
1068 3124 1298 3193 στρατὸν
1331 3123 1522 3193 συχνὸν
1554 3124 1899 3194 παρεσκευά-

2076 2749 2187 2805 Nec
2212 2749 2370 2819 longe
2398 2755 2519 2817 post
2547 2744 2696 2814 Sylla
2728 2744 2912 2799 Romae
2934 2759 2965 2798 e
2993 2743 3129 2796 vivis
3150 2742 3345 2811 migrat
3370 2756 3386 2795 :
3413 2747 3468 2795 et
3491 2753 3579 2796 ee-

2006 2854 2163 2898 natus
2220 2845 2274 2897 in
2327 2839 2635 2909 Bithyniam
2688 2837 2855 2892 mittit
2906 2834 3181 2891 Aurelium
3232 2833 3467 2897 Cottam,
3522 2833 3577 2887 in

2002 2932 2186 2989 Asiam
2210 2946 2338 2986 vero
2364 2929 2424 2983 L.
2461 2926 2742 2982 Lucullum
2762 2963 2778 2989 ,
2832 2940 2952 2978 cum
2984 2922 3252 2977 mandatis
3294 2930 3354 2974 ut
3381 2919 3577 2974 bellum

2004 3024 2302 3082 Mithridati
2334 3021 2627 3077 facessant.
2659 3018 2728 3071 At
2758 3017 3118 3079 Mithridates,
3156 3030 3276 3068 cum
3310 3013 3471 3067 alium
3520 3011 3576 3065 in

2006 3117 2290 3188 procinctu
2335 3113 2537 3168 habens
2562 3110 2866 3164 exercitum
2898 3106 3392 3177 frequentissimum
3414 3145 3430 3171 ,
3465 3116 3576 3159 tum

318 3212 470 3276 ζετο,
501 3212 594 3264 καὶ
630 3213 876 3283 τριήρεις
917 3213 1017 3283 μὲν
1044 3213 1111 3278 υ’,
1153 3214 1260 3267 τῶν
1291 3214 1347 3267 δὲ
1377 3214 1718 3285 μικροτέρων
1755 3212 1899 3284 νηῶν

2006 3210 2255 3266 triremes
2286 3206 2391 3262 400
2420 3204 2745 3271 naviumque
2777 3202 3071 3263 minorum,
3113 3212 3251 3268 quas
3286 3208 3578 3267 penteoon-

315 3303 768 3371 πεντηκοντέρων
794 3303 836 3335 ⁸⁸
861 3321 921 3356 τε
953 3306 1047 3357 καὶ
1079 3304 1397 3373 κερκούρων
1434 3305 1668 3375 ἀριθμὸς
1696 3302 1763 3377 ἦν
1797 3308 1900 3359 οὐκ

313 3393 525 3459 ὀλίγος.
566 3394 849 3466 Διοφάντῳ
897 3395 954 3448 δὲ
1002 3394 1081 3466 τῷ
1130 3396 1363 3468 Μιθάρῳ
1394 3398 1436 3429 ιθ
1491 3397 1721 3466 δύναμιν
1775 3398 1899 3461 δοὺῖ

318 3483 532 3551 πέμπει
560 3486 695 3554 πρὸς
720 3487 819 3555 τὴν
859 3487 1278 3554 Καππαδοκίαν,
1311 3489 1554 3559 φρουρὰς
1594 3491 1711 3551 ταῖς
1743 3489 1901 3541 πόλε-

324 3590 412 3626 σιν
450 3575 871 3641 ἐγκαθιστάναι,
907 3579 955 3630 εί
991 3578 1047 3631 δὲ
1096 3581 1397 3646 Λεύκολλος
1442 3583 1525 3644 είς
1554 3582 1646 3636 τὸν
1698 3583 1899 3635 Πόντον

318 3665 607 3734 ἀφίκοιτο,
685 3669 1036 3734 ὑπαντιάζειν
1099 3673 1195 3726 καὶ
1254 3674 1354 3741 τῆς
1415 3675 1603 3745 πρόσω
1675 3675 1901 3744 πορείας

318 3756 626 3825 ἀπείργειν.
663 3759 835 3822 Αὐτὸς
863 3760 920 3813 δὲ
960 3763 1077 3831 μεθ’
1106 3763 1304 3815 ἑαυτοῦ
1347 3764 1510 3827 πεζὸν
1540 3764 1639 3834 μὲν
1667 3765 1898 3832 στρατὸν

322 3844 429 3916 ἦγε
454 3854 514 3900 ιε’
546 3851 834 3919 μυριάδας,
869 3853 1052 3917 ἱππεῖς
1074 3854 1130 3906 δὲ
1148 3855 1436 3925 δισχιλίους
1457 3856 1502 3887 ¹⁰
1526 3856 1620 3908 ἐπὶ
1650 3858 1765 3919 τοῖς
1798 3874 1900 3927 μυ-

323 3940 482 4005 ρίοις.
534 3940 794 4010 Ἀρματά
841 3961 900 3996 τε
941 3944 1335 4017 δρεπανηφόρα
1365 3947 1670 4017 συνεπῆγεν
1718 3947 1769 3998 κ’
1804 3946 1901 4001 καὶ

320 4045 393 4097 σε,
444 4031 536 4085 καὶ
594 4034 777 4087 πᾶσαν
818 4035 984 4105 ἄλλην
1040 4039 1409 4107 μηχανοποιὺν
1458 4040 1558 4091 οὐκ
1611 4038 1900 4095 ἐνδέουσαν

319 4121 554 4191 πληθύν.
600 4123 890 4193 Ἦπείγετο
924 4126 982 4179 δὲ
1025 4126 1114 4180 διὰ
1139 4128 1239 4198 τῆς
1271 4128 1628 4197 Τιμωνιτίδος
1676 4130 1899 4197 Παφλα-

318 4214 510 4280 γονίας
538 4215 619 4279 είς
642 4217 742 4287 τὴν
768 4218 1058 4285 Γαλατίαν,
1102 4220 1197 4273 καὶ
1228 4221 1477 4284 ἐναταῖος
1503 4223 1583 4284 είς
1616 4223 1717 4291 τὴν
1742 4223 1901 4275 Βιθυ-

316 4304 443 4359 νίαν
468 4306 800 4374 ἀφικνεῖται.
838 4310 1143 4374 Λεύκολλος
1171 4310 1227 4363 δὲ
1256 4312 1469 4365 Κότταν
1497 4312 1596 4384 μὲν
1637 4316 1899 4385 ἐφορμεῖν

317 4395 536 4449 κελεύει
578 4397 657 4468 τῷ
688 4398 1072 4470 Καλχηδονίων
1101 4401 1282 4472 λιμένι
1321 4404 1487 4456 παντὶ
1519 4404 1597 4474 τῷ
1634 4404 1896 4477 ναυτικῷ.

2005 3316 2147 3359 teres
2163 3311 2218 3356 et
2252 3313 2510 3355 cercuras
2565 3295 2828 3359 vocitant,
2856 3308 2960 3347 non
2996 3292 3221 3363 exiguus
3243 3300 3364 3343 erat
3385 3304 3574 3341 nume-

2003 3413 2113 3452 rus.
2146 3394 2507 3463 Diophantum
2529 3390 2691 3444 etiam
2720 3387 3032 3450 Mitharum,
3050 3400 3171 3438 cum
3191 3382 3363 3441 valida
3385 3396 3575 3443 manu,

2004 3490 2056 3542 in
2102 3485 2500 3556 Cappadociam
2547 3480 2790 3555 dimittit,
2850 3486 2909 3532 ut
2954 3474 3199 3545 praesidia
3248 3473 3299 3527 in
3354 3472 3580 3526 urbibus

2005 3579 2234 3633 eolloeet
2264 3592 2281 3632 :
2316 3584 2393 3641 et,
2425 3574 2474 3629 si
2507 3570 2758 3626 Lucullus
2794 3569 3024 3623 Pontum
3072 3564 3449 3636 ingrediatur,
3484 3579 3579 3619 occ

2004 3680 2220 3736 currat,
2270 3678 2326 3724 et
2374 3679 2715 3738 progressum
2756 3661 2873 3729 ejus
2906 3658 3251 3714 intercludat.
3288 3656 3405 3725 Ipse
3444 3670 3575 3711 vero

2007 3760 2218 3818 150000
2256 3760 2493 3830 peditum
2534 3757 2633 3811 sub
2682 3752 2893 3809 vexillis
2941 3751 3080 3821 apud
3132 3765 3192 3804 se
3238 3749 3475 3812 retinet,
3522 3758 3581 3802 et

2006 3854 2180 3909 12000
2211 3852 2453 3922 equitum
2472 3890 2488 3915 ,
2512 3862 2648 3919 quos
2676 3846 2859 3902 falcati
2896 3852 3194 3914 sequuntur
3225 3854 3415 3895 currus
3446 3836 3577 3904 ιεο,

2005 3962 2108 4002 nec
2148 3945 2255 3999 ulla
2299 3943 2676 3999 machinarum
2725 3940 2904 3997 omnis
2939 3938 3154 4008 generis
3199 3936 3353 4005 copia
3400 3932 3574 3985 abest.

2006 4036 2289 4095 Concitan
2333 4035 2495 4103 igitur
2536 4034 2750 4097 itinere,
2792 4046 2891 4101 per
2917 4028 3324 4091 Titnonitidem,
3360 4026 3577 4094 Cappa-

2007 4131 2218 4186 dociam
2258 4139 2314 4185 et
2346 4127 2613 4184 Galatiam
2674 4138 2927 4196 pergens,
2966 4124 3034 4178 ad
3082 4123 3222 4177 diem
3259 4135 3457 4174 nonum
3493 4118 3582 4171 Bi-

2010 4223 2251 4294 thyniam
2282 4222 2519 4291 attingit.
2542 4218 2796 4275 Lucullus
2825 4217 3048 4272 interim
3073 4214 3287 4270 Cottam
3330 4212 3383 4266 in
3414 4209 3579 4266 Chal-

2006 4314 2357 4369 cedoniorum
2406 4323 2565 4383 portu
2643 4310 2931 4367 stationem
2986 4305 3189 4362 habere
3249 4302 3403 4373 jubet
3453 4317 3579 4355 eum

2006 4406 2155 4461 omni
2188 4405 2381 4460 classe.

599 4510 730 4567 CAP.
773 4512 883 4568 XL.
910 4543 982 4554 —
1028 4512 1392 4570 Heraclienses
1436 4514 1734 4570 Mithridati
1783 4535 1839 4571 se
1891 4517 2184 4588 adjungunt
2223 4525 2274 4571 et
2303 4515 2608 4585 publicanos
2652 4513 2915 4568 Romanos
2951 4509 3294 4577 interﬁciunt.

395 4627 469 4680 Τὸ
501 4627 558 4681 δὲ
601 4629 936 4700 Μιθριδάτου
966 4635 1221 4689 ναυτικὸν
1251 4625 1565 4708 παραπλέον
1594 4637 1694 4707 τὴν
1729 4636 1899 4708 Ἱίρά-

2077 4637 2402 4693 Mithridatis
2428 4646 2607 4691 autem
2630 4635 2818 4690 classis
2840 4632 3149 4687 Heracleam
3173 4627 3579 4701 prmterlegens,

316 4720 509 4774 κλειαν
550 4722 682 4793 παρ’
722 4723 893 4795 αὐτῆς
942 4727 1042 4778 οὐκ
1094 4727 1323 4799 ἐδέχθη,
1377 4730 1491 4783 ἀλλ’
1531 4730 1735 4802 ἀγορὰν
1800 4732 1900 4800 μὲν

316 4812 703 4881 αἰτησαμένων
759 4816 1057 4885 παρέσχον.
1106 4812 1209 4871 Οἴα
1254 4819 1311 4872 δὲ
1368 4820 1549 4884 εἰκὸς,
1614 4822 1899 4891 ἐπιμιξίας

311 4903 618 4975 γενομένης
691 4905 982 4978 Ἀρχέλαος
1045 4910 1074 4962 6
1128 4908 1225 4961 τοῦ
1287 4910 1542 4963 ναυτικοῦ
1597 4914 1899 4983 στρατηγὸς

312 4991 579 5046 συνέλαϐε
652 4994 875 5065 Σιλῆνον
905 4998 951 5027 ³⁸
1004 4998 1101 5051 καὶ
1160 4990 1400 5070 Σάτυρον
1462 5003 1744 5069 ἐπιφανεῖς
1798 5005 1897 5075 τῆς

327 5083 661 5152 Ίῐρακλείας
698 5086 919 5157 ἄνδρας,
953 5094 1047 5142 καὶ
1088 5091 1188 5143 οὐκ
1231 5092 1433 5161 ἀνῆκεν
1465 5091 1568 5156 ἐως
1604 5093 1669 5146 ἂν
1711 5093 1899 5149 ἔπεισε

312 5173 507 5226 λαϐεῖν
531 5176 693 5229 πέντε
728 5181 974 5249 τριήρεις
1002 5181 1349 5252 συμμαχίδας
1378 5185 1457 5245 εἰς
1491 5184 1584 5236 τὸν
1627 5186 1766 5240 κατὰ
1790 5186 1900 5240 τῶν

324 5263 618 5333 Ῥωμαίων
669 5268 930 5339 πόλεμον.
967 5271 1079 5325 Καὶ
1126 5273 1235 5326 ἀπὸ
1275 5273 1479 5342 ταύτης
1506 5277 1605 5345 τῆς
1648 5276 1902 5345 πράξεως

317 5356 481 5425 (Ξπερ
541 5359 633 5411 καὶ
685 5357 977 5430 Ἀρχέλαος
1029 5363 1381 5435 ἐμηχανᾶτο)
1442 5365 1543 5435 τὴν
1615 5366 1901 5435 Ῥωμαίων

312 5447 618 5516 ἀπέχθειαν
665 5450 695 5503 ὁ
750 5450 1138 5524 Ἡρακλεώτης
1171 5454 1342 5526 δῆμος
1379 5457 1669 5526 ἐκτήσατο.
1714 5462 1897 5528 Δημο-

315 5541 549 5605 σιωνίας
593 5542 651 5596 δὲ
693 5541 804 5596 τῶν
864 5544 1152 5616 Ῥωμαίων
1206 5546 1265 5599 ἐν
1313 5548 1435 5611 ταῖς
1472 5547 1661 5611 ἄλλαις
1711 5548 1899 5602 πόλεσι

2000 4731 2074 4786 ab
2113 4744 2177 4784 ea
2210 4746 2315 4784 non
2348 4730 2607 4799 recipitur
2636 4744 2651 4782 :
2687 4726 2862 4781 forum
2903 4734 3081 4780 tamen
3108 4725 3298 4779 venale
3340 4725 3584 4793 roganti-

2007 4821 2106 4874 bus
2138 4821 2381 4889 przebent
2416 4835 2430 4873 :
2461 4830 2513 4874 et
2535 4818 2915 4884 commerciis,
2946 4826 3007 4871 ut
3044 4816 3160 4871 ﬁeri
3198 4816 3368 4882 solet,
3410 4818 3580 4883 initis,

2006 4911 2303 4967 Archelaus
2343 4913 2620 4981 copiarum
2670 4908 2941 4963 navalium
2990 4909 3201 4971 ductor.
3243 4908 3483 4963 Silenum
3527 4921 3583 4965 et

2008 5002 2286 5075 Satyrum,
2318 5002 2527 5057 nobiles
2551 5018 2617 5057 ex
2645 5001 2906 5057 Heraclea
2937 5001 3108 5065 viros,
3134 5001 3579 5069 comprehendit:

2005 5112 2105 5150 nec
2147 5097 2294 5163 prius
2332 5095 2572 5160 dimisit,
2620 5108 2783 5164 quam
2830 5095 3195 5164 persuasisset
3244 5102 3299 5146 ut
3341 5094 3581 5161 quinque

2009 5189 2322 5243 triremibus
2366 5188 2542 5256 ipsum
2573 5189 2624 5242 in
2657 5189 2757 5242 hoc
2786 5202 2907 5241 cum
2948 5186 3210 5242 Romanis
3251 5186 3390 5240 bello
3426 5185 3576 5253 adju-

2006 5289 2217 5335 varent.
2262 5278 2375 5334 Hoc
2417 5278 2560 5334 facto
2604 5279 2769 5350 (quod
2814 5289 2868 5333 et
2910 5278 3212 5333 Archelaus
3255 5278 3579 5331 veteratorie

2009 5370 2230 5425 molitus
2256 5370 2396 5441 erat)
2442 5370 2807 5424 Romanorum
2848 5370 3183 5423 inimicitiam
3217 5367 3446 5437 populus
3475 5365 3581 5421 lle-

2006 5459 2288 5514 racliensis
2310 5459 2414 5528 sibi
2444 5458 2773 5513 conciliavit.
2799 5458 2933 5512 Cum
2974 5458 3139 5526 igitur
3170 5456 3448 5511 auctiones
3483 5472 3580 5524 pu-

2008 5550 2175 5605 blicas
2197 5548 2423 5605 Romani
2459 5550 2515 5605 in
2554 5551 2677 5606 aliis
2706 5550 3021 5605 civitatibus
3058 5550 3427 5614 instituerent,
3469 5551 3577 5605 lle-

1564 5639 1800 5695 VARIAE
1847 5640 2250 5697 LECTIONES.

396 5729 439 5810 ¹ξ
474 5727 813 5810 ἐκϐρλαῖςις.
892 5730 934 5762 ¹⁷
955 5730 1315 5810 απεκρίνοντο
1339 5750 1403 5801 ς’,
1479 5735 1520 5767 ³⁸
1552 5733 1672 5790 libri
1697 5737 2164 5809 πεντηκοντήρων.
2249 5736 2290 5768 ¹⁹
2324 5734 2571 5806 ΜιΘάρου
2607 5737 2687 5793 vel
2712 5736 2971 5810 Μιθάρεω
3026 5736 3288 5806 Scaliger.

316 5796 526 5868 χιλίους
556 5800 597 5852 Α
639 5816 653 5853 :
688 5800 782 5853 δύο
817 5816 877 5864 ς.
954 5802 998 5833 ’ί
1027 5796 1225 5856 σιλῖνον
1252 5796 1314 5859 Α.

3390 5735 3436 5768 ²⁶
3461 5736 3577 5792 δισο
