4004 6432
487 359 588 427 915
1642 366 1903 427 PHOTII
1943 364 2444 426 PATRIARCHAZ
2483 366 2593 425 CP.
3622 364 3716 429 916

489 480 721 533 racleam
761 494 977 551 quoque
1000 522 1013 546 ,
1044 488 1267 551 propter
1296 494 1516 535 causam
1548 488 1676 532 ante
1706 479 1940 542 dictam,
1986 478 2071 531 his

2191 476 2575 539 ιαθιστώντων,
2604 472 2698 527 καὶ
2723 472 2823 542 τὴν
2854 468 3186 542 Ἡράκλειαν
3210 469 3299 523 διά
3324 469 3421 541 τὴν
3447 471 3716 547 εἰρημένην

487 581 871 640 exposuerunt.
935 570 1180 641 Cumque
1248 573 1653 625 auctionatores
1725 569 1913 621 urbem
1974 568 2072 621 iu-

2191 571 2356 623 ιίτίαν
2403 569 2628 631 ταύταις
2679 565 3001 618 ὑπέϐαλλον.
3050 565 3113 617 Ol
3142 562 3200 616 δὲ
3232 562 3561 634 δημοσιῶναι
3603 571 3721 639 πρὸς

489 662 660 729 gressi
682 702 697 727 ,
729 671 917 717 contra
938 662 1248 732 reipublicae
1265 676 1469 717 morem
1490 669 1776 731 argentum
1793 660 2074 729 exigerent

2191 663 2271 734 τὴν
2323 662 2479 715 πόλιν
2514 660 2839 729 ἀφικόμενοι
2886 655 3041 727 παρά
3091 654 3163 708 τά
3193 655 3286 726 έθη
3338 656 3434 725 τῆς
3474 658 3722 725 πολιτείας

488 754 706 825 233a,
738 755 790 808 in
825 769 1114 810 maerorem
1175 755 1320 809 cives
1362 754 1737 825 coniecerunt,
1772 752 1866 821 qui
1902 752 2075 806 servio

2191 756 2267 808 ιαὶ
2307 753 2571 825 ἀργύριον
2628 749 2993 811 ἀπαιτοῦντες
3040 747 3171 811 τοὺς
3220 746 3442 811 πολίτας
3492 749 3724 819 ἐλύπουν,

493 849 621 901 tutis
644 848 858 903 initium
893 850 995 904 hoc
1023 863 1147 904 esse
1178 848 1589 904 existimabant.
1622 847 1803 913 Quare
1830 859 1955 899 cum
1977 860 2074 915 per

2191 847 2350 917 ίρχὴν
2379 862 2506 898 τινα
2550 842 2796 905 δουλείας
2846 840 3007 895 τοῦτο
3050 838 3390 911 νομίζοντας.
3420 842 3479 892 Ol
3504 840 3576 904 δὲ,
3615 844 3727 897 δια-

492 936 812 1006 legationem
854 939 922 994 ad
977 950 1224 995 senatum
1290 939 1594 995 Romanum
1649 937 2067 1007 publicationem

2191 936 2616 1010 πρεσϐεύσασθαι
2659 936 2780 989 δέον
2809 936 2948 1005 πρὸς
2994 933 3096 1002 τὴν
3135 931 3438 1003 σύγκλητον
3482 933 3614 988 ὥστε
3642 937 3728 1007 τῆς

493 1030 753 1084 honorum
800 1030 1081 1102 deprecari
1128 1047 1220 1087 res
1264 1032 1587 1102 postularet,
1616 1030 1719 1099 ipsi
1766 1045 1797 1083 a
1835 1029 2069 1100 quodam

2191 1030 2542 1101 Βημοσιωνίας
2589 1026 2963 1095 ἀπολυθῆναι,
2999 1024 3424 1089 ἀναπεισθέντες
3460 1026 3561 1079 ὑπό
3603 1045 3730 1095 τινος

495 1120 545 1172 in
590 1122 721 1175 urbe
754 1124 1120 1180 audacissimo
1152 1128 1440 1196 persuasi,
1482 1123 1801 1195 publicanos
1832 1137 1864 1177 e
1895 1120 2071 1176 medio

2191 1122 2520 1195 )paou'cdttou
2561 1119 2670 1173 τῶν
2720 1120 2779 1171 ὲν
2812 1121 2877 1189 τῇ
2914 1118 3070 1171 πόλει
3099 1118 3228 1179 τοὺς
3252 1114 3492 1179 τελώνας
3528 1118 3731 1187 ἀφανεῖς

496 1210 725 1279 tollunt,
778 1223 889 1268 tam
930 1226 1173 1283 secreto,
1224 1226 1282 1272 ut
1321 1217 1389 1272 de
1426 1230 1561 1271 nece
1608 1214 1825 1269 illorum
1868 1210 2071 1268 nemini

2191 1214 2462 1286 ἐποίησαν,
2486 1211 2564 1276 ὡς
2593 1212 2689 1265 καὶ
2712 1209 2806 1263 τὸν
2836 1208 3068 1264 θάνατον
3096 1207 3281 1263 αὐτῶν
3313 1209 3637 1274 ἀγνοεῖσθαι.

490 1303 785 1374 quidquam
818 1318 1114 1362 constaret.

989 1420 1119 1478 CAP.
1155 1420 1293 1476 XLI.
1326 1452 1397 1463 —
1434 1420 1626 1493 Pugna
1657 1423 1727 1477 ad
1764 1421 2146 1478 Chalcedonam
2193 1430 2309 1469 cum
2363 1410 2697 1476 Mithridate,
2736 1407 2989 1463 Romanis
3026 1407 3254 1478 funesta.

561 1530 759 1588 Prtelio
800 1534 999 1591 dehinc
1038 1538 1218 1594 navali
1245 1541 1314 1595 ad
1348 1540 1748 1597 Chalcedonem
1789 1541 1933 1596 inter
1962 1539 2075 1594 lio-

2254 1528 2501 1599 Πολέμου
2527 1527 2585 1582 δὲ
2612 1525 2873 1584 ναυτικοῦ
2898 1526 3044 1581 κατά
3073 1525 3399 1597 Καλχηδόνα
3434 1524 3585 1579 πόλιν
3619 1526 3735 1581 Ῥωο

493 1637 684 1677 manus
715 1634 767 1679 et
797 1624 1055 1683 Ponticos
1096 1632 1416 1696 commisso,
1450 1631 1579 1687 dum
1608 1631 1752 1702 regis
1774 1640 1830 1686 et
1869 1629 2073 1686 Roma-

2191 1623 2367 1695 μαίοις
2420 1639 2481 1675 τε
2522 1620 2616 1675 καὶ
2660 1620 2943 1681 Ποντικοῖς
2993 1617 3325 1685 συστάντος,
3352 1617 3449 1671 καὶ
3491 1616 3653 1688 πεζῆς

495 1730 686 1768 norum
718 1717 997 1787 pedeStres
1054 1722 1196 1777 inter
1225 1737 1283 1778 se
1315 1723 1614 1794 conﬂigunt
1645 1724 1789 1779 acies
1822 1723 2071 1795 (quarum

2191 1715 2464 1786 δυνάμεως
2489 1714 2591 1784 τῆς
2620 1730 2681 1766 τε
2723 1711 3013 1784 βασιλικῆς
3050 1710 3144 1764 καὶ
3174 1710 3274 1780 τῆς
3333 1710 3641 1781 Ῥωμαῖκῆς
3673 1713 3737 1787 είς

492 1801 621 1857 huic
654 1803 833 1871 Cotta,
868 1806 940 1861 illi
974 1806 1314 1865 Mithridates
1339 1811 1617 1883 praeerat),
1656 1810 1932 1866 Basternte
1969 1810 2074 1865 lla-

2190 1808 2372 1881 μάχην
2437 1806 2695 1874 ἀλλήλαις
2743 1804 2890 1877 [582.
2933 1803 3031 1875 IL]
3086 1804 3458 1875 συρραγείσης
3514 1803 3739 1874 (ἐστρατα

494 1895 668 1949 lorum
696 1898 904 1962 pedites
945 1900 999 1954 in
1042 1902 1222 1972 lugam
1253 1912 1490 1971 vertunt,
1519 1914 1575 1959 et
1613 1907 1879 1975 prolixam
1906 1906 2076 1959 edunt

2191 1902 2309 1973 ἡγει
2336 1900 2394 1954 δὲ
2427 1899 2528 1968 τῆς
2563 1899 2660 1970 μὲν
2688 1898 2922 1961 Κόττας,
2954 1897 3055 1966 τῆς
3076 1896 3131 1950 δὲ
3154 1895 3513 1968 Μιθριδάτης)
3535 1897 3739 1967 τρέπου·

494 1997 754 2059 stragem.
790 1988 991 2046 Eadem
1020 1994 1240 2049 fortuna
1270 1996 1433 2050 etiam
1461 1994 1651 2051 classis
1690 2011 1784 2051 usa
1807 2003 1909 2061 est,
1934 2010 2078 2050 uno-

495 2090 602 2143 que
639 2076 725 2131 die
772 2092 922 2131 mare
954 2089 1008 2133 et
1048 2090 1190 2135 terra
1237 2082 1592 2138 cadaveribus
1625 2082 1890 2139 Romanis
1933 2082 2079 2139 laede

495 2164 783 2233 opplentur
824 2168 967 2224 8000
1022 2171 1076 2225 in
1135 2171 1388 2228 conﬂictu
1440 2173 1620 2229 navali
1673 2174 1888 2241 occisis,
1935 2174 2078 2230 4500

496 2259 707 2329 captis;
744 2260 809 2315 de
830 2263 1067 2330 pedestri
1098 2274 1281 2319 autem
1319 2266 1565 2319 exercitu
1600 2264 1875 2329 Italorum,
1916 2265 2076 2322 3500.

495 2355 542 2408 Δ
581 2364 734 2423 parte
772 2366 951 2409 autem
996 2356 1327 2413 Mithridatis
1384 2358 1660 2415 Basternae
1699 2360 1918 2416 circiter
1964 2360 2075 2427 50;

495 2460 563 2499 ex
595 2445 802 2515 reliqua
843 2448 1193 2504 multitudine
1217 2450 1345 2517 700,
1376 2450 1710 2507 ceciderunt.
1734 2451 1846 2506 Hoc
1876 2451 2080 2506 Mithri-

497 2538 642 2593 datis
678 2555 931 2596 successu
973 2543 1214 2596 onmium
1261 2543 1430 2598 animi
1473 2543 1724 2598 servilem
1762 2544 1814 2598 in
1860 2547 2079 2600 modum

495 2629 804 2683 concidere.
838 2629 945 2685 Sed
975 2630 1235 2688 Lucullus
1277 2632 1343 2687 ad
1394 2629 1715 2704 Sangarium
1741 2631 1960 2688 ﬂuvium
1987 2650 2081 2690 ca-

496 2728 610 2773 stra
650 2720 856 2776 habens
880 2764 895 2786 ,
927 2726 1140 2789 cognita
1184 2740 1248 2781 ea
1294 2724 1479 2791 clade,
1520 2727 1800 2795 perculsos
1844 2728 2078 2785 militum

500 2810 714 2865 animos
753 2811 932 2866 verbis
961 2814 1158 2870 erexit.

2187 2009 2272 2046 σιν
2302 1991 2353 2044 οί
2406 1988 2712 2061 Βαστέρναι
2742 1988 2885 2044 κατά
2910 1988 2972 2041 τὸ
3016 1988 3180 2054 πεζὸν
3204 1988 3334 2050 τοὺς
3368 1987 3620 2052 Ἰταλοὺς,
3664 1990 3741 2041 καὶ

2186 2082 2355 2138 πολὺν
2408 2081 2591 2136 αὐτῶν
2639 2081 2800 2151 φόνον
2858 2081 3209 2151 εἰργάσαντο.
3252 2081 3336 2133 Τά
3369 2080 3509 2133 αὐτὰ
3558 2080 3613 2133 δὲ
3662 2081 3742 2133 καὶ

2189 2175 2320 2247 περὶ
2346 2174 2447 2238 τάς
2480 2173 2611 2237 ναῦς
2656 2173 2897 2241 ἐγένετο,
2948 2173 3042 2226 καὶ
3094 2172 3199 2225 ὑπὸ
3260 2172 3393 2243 μίαν
3440 2171 3645 2243 ἡμέραν
3683 2176 3741 2242 γῇ

2187 2289 2247 2325 τε
2299 2270 2395 2324 καὶ
2443 2268 2689 2341 θαλάσσῃ
2735 2268 2849 2331 τοῖς
2894 2266 3184 2337 Ῥωμαίων
3223 2265 3610 2337 διελελύμαστο
3655 2268 3743 2318 aib-

2194 2379 2351 2434 μασι,
2383 2359 2795 2431 διαφθαρέντων
2824 2360 2884 2412 ὲν
2917 2359 3019 2429 μὲν
3062 2362 3130 2431 τῇ
3178 2359 3460 2429 ναυμαχίᾳ
3512 2357 3741 2410 ὀκτακισ-

2185 2454 2395 2526 χιλίων,
2428 2452 2882 2524 τετρακισχιλίων
2905 2453 2950 2483 ”
2976 2451 3032 2505 δὲ
3066 2453 3161 2505 καὶ
3187 2448 3570 2505 πεντακοσίων
3597 2449 3742 2503 ἑαλω-

2186 2548 2362 2601 κότων
2394 2563 2411 2578 ο
2466 2546 2561 2600 τοῦ
2616 2547 2673 2599 δὲ
2730 2544 2899 2609 πεζοῦ
2965 2544 3378 2615 στρατεύματος
3428 2542 3614 2596 Ἰταλοὶ
3662 2542 3743 2612 μὲν

2184 2638 2493 2710 τριακόσιοι
2527 2640 2625 2692 καὶ
2655 2638 3111 2708 πεντακισχίλιοι,
3148 2637 3256 2690 τῶν
3287 2637 3345 2689 δὲ
3378 2634 3744 2705 Μιθριδατείων

2187 2732 2495 2803 Βαστέρναι
2534 2732 2633 2803 μὲν
2664 2732 2798 2804 περὶ
2827 2732 3147 2802 τριάκοντα,
3179 2730 3274 2783 τοῦ
3321 2730 3380 2783 δὲ
3428 2727 3608 2781 λοιποῦ
3634 2728 3746 2796 πλή.

2199 2826 2329 2891 θους
2382 2826 2725 2881 ἑπτακόσιοι.
2786 2825 2972 2889 Οὕτως
3025 2823 3264 2897 ἀρθέντα
3323 2823 3393 2876 τά
3450 2821 3744 2893 Μιθριδάτου

497 2901 719 2953 πάντων
746 2903 805 2955 τὸ
849 2906 1108 2975 φρόνημα
1157 2905 1503 2962 κατεδούλου.
1556 2907 1861 2973 Λεύκολλος
1908 2910 1966 2965 δὲ
2032 2911 2126 2967 ἐπὶ
2181 2914 2275 2969 τοῦ
2337 2917 2651 2988 Σαγγαρίου
2713 2918 2759 2950 ³⁸
2806 2914 3058 2987 ποταμοῦ
3123 2914 3602 2987 στρατοπεδεύων,
3670 2911 3745 2967 καὶ

503 2992 691 3065 μαθὼν
717 2996 779 3048 τὸ
819 2996 1015 3062 πάθος,
1055 2998 1240 3067 λόγοις
1273 3000 1658 3072 ἀνελάμϐανεν
1702 3004 2094 3076 ἀθυμήσαντας
2123 3012 2254 3075 τοὺς
2288 3013 2650 3084 στρατιώτας.

909 3140 1036 3203 CAP.
1075 3142 1234 3199 XLII.
1281 3176 1351 3188 -—
1395 3144 1733 3203 Mithridates
1779 3149 1850 3203 ad
1896 3149 2149 3222 Cyzicum
2200 3155 2374 3213 Marte
2424 3156 2633 3213 Luculli
2670 3167 2719 3212 et
2758 3158 3054 3229 naufragiis
3110 3158 3369 3214 domitus.

577 3258 680 3314 Ubi
719 3274 849 3315 vero
898 3276 1091 3331 magno
1125 3278 1184 3317 se
1215 3263 1405 3333 Spiritu
1451 3265 1518 3320 ad
1567 3265 1826 3338 Cyzicum
1868 3269 2081 3327 Mithri-

2263 3276 2393 3348 [757
2422 3276 2514 3349 R.]
2544 3278 2888 3349 Τρεπομένου
2917 3278 2975 3332 δὲ
3028 3278 3123 3331 ἐπὶ
3169 3277 3413 3342 Κύζικον
3438 3277 3532 3331 σὺν
3559 3276 3747 3347 μεγάλῳ

501 3353 657 3409 dates
692 3355 979 3417 convertit,
1011 3356 1194 3425 copias
1237 3356 1353 3411 urbi
1388 3358 1682 3414 admovere
1726 3363 1972 3431 cupiens,
2011 3367 2094 3419 in-

499 3444 713 3500 cumbit
744 3461 771 3498 a
801 3456 949 3517 tergo
977 3445 1237 3502 Lucullus
1268 3467 1282 3503 :
1318 3459 1373 3503 et
1415 3448 1613 3504 infesta
1639 3452 1791 3522 signa
1829 3454 2089 3522 inferens,

502 3542 845 3597 membrabili
896 3542 1153 3599 Ponticos
1204 3545 1431 3601 victoria
1457 3545 1728 3619 proﬂigat,
1780 3558 1838 3604 et
1883 3551 2092 3609 viribus

501 3634 674 3687 exuit.
700 3634 991 3703 Aliquanto
1016 3636 1162 3690 enim
1193 3636 1375 3705 plures
1402 3638 1578 3694 10000
1607 3641 1659 3694 in
1686 3640 1803 3697 acie
1835 3644 2012 3711 euadit,
2037 3655 2093 3699 et

502 3724 683 3780 15000
701 3726 867 3793 capit.
904 3724 1254 3783 Fimbrianus
1283 3738 1462 3784 autem
1500 3732 1657 3787 miles
1685 3742 1970 3803 suspectos
2006 3736 2095 3792 ha-

502 3815 641 3869 bens
672 3816 858 3881 duces,
883 3817 1037 3886 quasi
1069 3829 1289 3888 prapter
1312 3820 1733 3877 audacissimum
1756 3823 1813 3878 in
1836 3824 2090 3881 Flaccum

506 3912 724 3966 facinus
757 3927 860 3966 non
901 3913 1134 3983 amplius
1154 3914 1326 3969 ﬁdem
1364 3917 1498 3986 ipsis
1536 3917 1795 3984 habeant,
1834 3922 1994 3977 tacite
2022 3922 2091 3977 ad

503 4000 873 4057 Mithridatem
915 4005 1270 4073 missitando,
1323 4009 1695 4066 transitionem
1745 4012 2088 4083 pollicentur.

502 4094 609 4162 Qui
649 4096 701 4149 in
730 4095 884 4149 lucro
910 4111 1117 4164 ponens
1137 4098 1279 4154 hanc
1307 4101 1374 4155 ad
1398 4116 1456 4157 se
1482 4102 1907 4170 inclinationem,
1934 4117 2092 4163 nocte

505 4187 720 4251 oborta,
747 4186 1072 4241 Archelaum
1101 4192 1378 4261 amandat,
1403 4195 1493 4263 qui
1518 4209 1671 4264 pacta
1704 4201 2012 4265 conﬁrmet,
2037 4212 2092 4256 et

505 4282 574 4334 ad
616 4293 800 4351 partes
837 4284 978 4354 regis
1027 4299 1087 4339 se
1132 4285 1491 4358 adjungentes
1534 4291 1790 4349 adducat.
1836 4296 1908 4349 At
1942 4294 2088 4350 Fim-

502 4371 680 4427 briani
723 4373 1049 4429 Archelaum
1095 4380 1160 4430 ad
1198 4378 1343 4447 ipsos
1392 4382 1694 4449 profectum
1767 4385 1821 4439 in
1872 4387 2089 4443 vincula

501 4466 881 4536 compingunt,
909 4477 965 4521 et
987 4483 1109 4537 quae
1143 4485 1264 4523 cum
1289 4487 1353 4526 eo
1382 4484 1606 4530 venerat
1638 4492 1855 4531 manum
1884 4478 2092 4534 interﬁ-

504 4559 672 4612 ciunt.
708 4559 839 4614 Post
871 4564 974 4616 hoc
1012 4560 1393 4630 infortunium,
1420 4567 1585 4620 etiam
1622 4566 1796 4623 fames
1828 4571 2089 4641 opprimit

501 4651 802 4705 exercitum
848 4655 1052 4719 regium
1078 4697 1094 4720 ,
1147 4665 1201 4710 et
1238 4656 1419 4712 multis
1458 4658 1734 4715 interitmn
1768 4660 1945 4719 aﬂert.
1987 4662 2091 4718 Tot

507 4750 686 4796 tamen
736 4743 978 4799 adversis
1022 4747 1159 4800 ictus
1204 4749 1443 4811 casibus,
1492 4768 1521 4805 a
1569 4752 1750 4823 Cyzici
1804 4755 2088 4810 obsidione

506 4851 614 4889 non
642 4835 879 4903 absistit,
927 4839 1019 4891 sed
1056 4841 1227 4905 brevi,
1261 4840 1385 4896 licet
1424 4843 1590 4896 multa
1630 4860 1914 4913 perpessus
1942 4860 2089 4908 esset

502 4935 557 4977 et
583 4926 807 4994 egisset,
837 4929 975 4985 urbe
1022 4945 1128 4983 non
1188 4946 1494 5003 expugnata
1532 4937 1758 4991 recessit
1788 4954 1802 4991 :
1834 4948 1891 4991 et
1925 4940 2088 5006 pede-

500 5020 599 5072 stri
648 5019 865 5090 quidem
926 5024 1127 5091 agmini
1185 5024 1378 5100 233b
1426 5026 1729 5081 Hermaeum
1764 5037 1819 5083 et
1854 5028 2084 5085 Marium

500 5112 748 5179 praeﬁcit,
789 5113 879 5182 qui
911 5115 1088 5171 50000
1130 5116 1410 5170 hominum
1455 5118 1584 5174 illuc
1621 5122 1930 5177 ducebant:
1973 5125 2088 5192 ipse

503 5213 682 5258 autem
718 5221 817 5276 per
856 5223 1005 5262 mare
1050 5209 1285 5263 reditum
1346 5210 1676 5268 instituerat.
1730 5214 2088 5286 lngressoque

505 5296 775 5360 triremes,
807 5298 989 5353 multa:
1020 5301 1291 5370 variaeque
1334 5303 1598 5357 malorum
1637 5305 1824 5361 forma:
1850 5308 1898 5361 ei
1925 5309 2087 5366 simul

511 5389 855 5457 ingruerunt.
897 5389 1035 5449 Nam
1070 5392 1195 5449 dum
1224 5394 1424 5452 milites
1453 5398 1707 5463 soluturi,
1732 5415 1920 5465 naves,
1961 5416 2090 5470 qua-

2195 3373 2507 3444 φρονήματι
2555 3372 2913 3443 Μιθριδάτου,
2961 3372 3060 3424 καὶ
3112 3371 3428 3441 πολιορκεῖν
3473 3371 3567 3439 τὴν
3618 3369 3746 3422 πόλιν

2196 3462 2549 3534 βουλομένου,
2594 3462 2897 3526 Λεύκολλος
2954 3461 3408 3532 ἐπακολουθήσας
3444 3462 3535 3513 καὶ
3566 3460 3745 3529 ωμῆα-

2192 3554 2300 3607 λὼν
2328 3554 2554 3625 πολέμῳ
2580 3556 2709 3626 νικᾷ
2731 3554 2858 3617 τοὺς
2890 3554 3191 3617 Ποντικοὺς
3230 3554 3339 3607 ἀνά
3385 3553 3599 3623 κράτος,
3639 3552 3745 3622 βρα-

2193 3646 2280 3716 χεί
2325 3644 2373 3676 ³⁸
2440 3644 2539 3716 μὲν
2586 3644 2804 3707 πλείους
2861 3643 3121 3715 μυριάδος
3168 3642 3401 3705 ἀνελὼν,
3450 3642 3745 3712 τρισχιλίους

2192 3735 2252 3788 δὲ
2292 3735 2390 3788 καὶ
2433 3733 2662 3805 μυρίους
2690 3733 2871 3787 λαεὼν
2901 3732 3307 3803 αἰχμαλώτους.
3338 3730 3411 3784 Τὸ
3437 3731 3493 3785 δὲ
3515 3730 3745 3801 Φιμϐρια-

2192 3825 2302 3880 νῶν
2345 3826 2393 3858 ³⁵
2428 3826 2748 3896 στράτευμα
2781 3825 3041 3888 ὑπόπτως
3086 3824 3210 3895 ἕχον
3262 3824 3343 3889 ὡς
3398 3824 3487 3878 διὰ
3539 3824 3595 3877 τὸ
3640 3821 3745 3892 περὶ

2192 3919 2439 3973 Φλάκκον
2473 3918 2733 3989 τόλμημα
2772 3917 2872 3970 οὐκ
2919 3916 2985 3971 ἂν
3027 3917 3228 3981 αὐτοὺς
3270 3916 3356 3970 ἔτι
3400 3916 3663 3987 νομίσειαν
3705 3915 3744 3965 οἱ

2192 4008 2462 4082 ἡγεμόνες
2505 4008 2718 4073 εὔνους,
2757 4008 3006 4079 ἔπεμπον
3037 4007 3224 4077 κρύφα
3262 4007 3406 4080 πρὸς
3442 4007 3744 4079 Μιθριδάτην

2191 4102 2520 4173 αὐτομολίαν
2552 4100 2994 4172 ὑπισχνούμενοι.
3038 4100 3098 4153 '0
3129 4099 3188 4153 δὲ
3214 4099 3448 4171 ἕρμαιον
3474 4100 3570 4170 τὴν
3598 4096 3743 4169 πρόσ-

2192 4195 2386 4266 κλησιν
2434 4194 2480 4226 ’⁸
2520 4194 2891 4265 ἡγησάμενος,
2932 4191 3010 4255 ὡς
3041 4191 3137 4257 νὺξ
3183 4191 3455 4246 ἐπέλαϐεν
3488 4185 3744 4259 ²⁷,’Δρχέ-

2191 4285 2322 4340 λαον
2350 4285 2563 4356 πέμπει
2596 4283 2897 4355 βεϐαιῶσαί
2929 4300 2990 4337 τε
3032 4282 3133 4346 τάς
3176 4282 3476 4353 ὁμολογίας
3513 4282 3601 4334 καὶ
3637 4278 3743 4339 τοὺς

2192 4381 2699 4452 προσχωρήσαντας
2727 4377 2905 4445 ἄγειν.
2937 4377 3001 4430 Ol
3032 4375 3090 4429 δὲ
3124 4375 3472 4447 Φιμϐριανοὶ,
3502 4374 3617 4426 ἐπεὶ
3645 4368 3743 4423 τού-

2191 4491 2306 4537 τοις
2347 4472 2640 4543 Ἀρχέλαος
2690 4468 3049 4540 παρεγένετο,
3098 4468 3261 4522 αὐτὸν
3319 4468 3420 4539 μὲν
3465 4461 3741 4525 συνέλαϐον,

2191 4569 2321 4630 τοὺς
2345 4567 2403 4620 δὲ
2431 4566 2530 4619 σὺν
2561 4562 2711 4634 αὐτῷ
2746 4562 3164 4635 διεχειρίσαντο.
3191 4562 3321 4614 Ἐπὶ
3360 4561 3535 4630 τούτῳ
3563 4556 3635 4627 τῷ
3666 4550 3739 4606 τοῦ

2197 4658 2462 4730 βασιλέως
2498 4658 2813 4727 ἀτυχήματι
2852 4658 2948 4709 καὶ
3000 4654 3159 4724 λιμὸς
3187 4652 3477 4706 ἐπιπίπτει
3517 4646 3665 4703 αὑτοῦ
3687 4645 3737 4711 τῇ

2192 4753 2444 4825 στρατιᾷ,
2476 4750 2572 4804 καὶ
2611 4750 2839 4811 πολλοὺς
2862 4747 3136 4802 ἀπώλλυε.
3176 4745 3324 4817 Πλὴν
3373 4745 3514 4798 οὕτω
3561 4737 3738 4796 πολλοῖς

2192 4848 2484 4918 παθήμασι
2536 4844 2763 4914 κάμνων
2817 4840 3059 4905 Κυζίκου
3112 4839 3214 4909 τῆς
3274 4836 3589 4933 πολιορκίας
3629 4831 3737 4933 τέως

2190 4941 2292 4996 οὐκ
2327 4937 2596 5009 ἀφίστατο
2627 4953 2639 4965 ·
2675 4935 2794 5005 μετ’
2833 4933 3013 5002 ὀλίγον
3044 4933 3101 4986 δὲ
3133 4930 3305 4985 πολλὰ
3338 4929 3434 4982 καὶ
3456 4924 3632 4980 παθὼν
3662 4924 3735 4974 καὶ

2191 5030 2426 5102 πράξας,
2457 5030 2607 5098 ὅμως
2636 5027 2911 5082 ἀνάλωτον
2929 5024 3102 5078 λιπὼν
3129 5024 3228 5093 τὴν
3257 5022 3412 5075 πόλιν
3437 5014 3733 5087 ἀνεχώρησεν

2191 5124 2287 5177 τοῦ
2319 5123 2417 5194 μὲν
2447 5119 2616 5188 πεζοῦ
2658 5120 2921 5189 Ἑρμαῖον
2952 5118 3049 5171 καὶ
3072 5114 3285 5185 Μάριον
3320 5108 3566 5182 ἡγεῖσθαι
3600 5118 3735 5158 κατα-

2194 5215 2567 5286 στησάμενος,
2628 5212 2860 5283 στρατὸν
2917 5209 3058 5279 ὑπὲρ
3104 5204 3465 5276 τρισμυρίους
3516 5199 3733 5286 ἄγοντές,

2192 5284 2455 5370 αὐτὸς-δὲ
2485 5306 2576 5357 διὰ
2619 5304 2896 5374 θαλάσσης
2942 5299 3266 5370 ποιούμενος
3317 5295 3415 5365 τὴν
3463 5284 3731 5383 ἀνάζευξι-

2206 5399 2611 5463 Ἐπιϐαίνοντος
2649 5396 2705 5450 δὲ
2735 5395 2901 5449 αὑτοῦ
2931 5393 3039 5447 τῶν
3062 5389 3306 5462 τριηρῶν
3340 5383 3528 5441 πολλαὶ
3570 5375 3729 5431 παθῶν

1814 5559 2044 5615 VARle
2078 5557 2484 5615 LECTIONES.

650 5689 967 5747 τετρακισχ.
1003 5674 1060 5747 δὲ
1092 5676 1130 5729 Α
1164 5696 1177 5730 :
1219 5693 1315 5730 και
1348 5692 1665 5745 τετρακισχ.
1698 5696 1759 5741 ς.

503 5741 825 5817 φαθριᾳνῶν
864 5741 945 5817 cf:
1023 5741 1457 5817 ²⁶Ῠπρόσκλησιν
1494 5747 1531 5799 Α

505 5811 799 5866 ἐπέϐαλεν.
864 5816 935 5869 cl".
970 5832 1023 5886 p.
1082 5811 1162 5871 [if
1190 5811 1352 5873 1181.
1385 5818 1417 5871 3
1444 5832 1493 5872 et
1533 5811 1794 5884 135,32.

1835 5679 1965 5732 ne.
2019 5680 2088 5733 ιο
2127 5680 2177 5732 b.
2256 5677 2523 5749 σαγαρίου
2576 5675 2718 5749 libri.
2796 5675 3131 5749 ’δβραχῦηςι

1598 5748 1839 5820 εηκλῆσιν
1908 5768 1965 5815 ς.
2028 5752 2335 5820 Stephanus

3210 5672 3254 5703 “
3288 5649 3720 5736 φαμὸριανῶνὲέ

2418 5722 2755 5819 ἕρὖσνὶἷέὲὶν.
2871 5722 3222 5800 Sig-2236:.
3262 5722 3592 5796 δὶιιὶειὲιύδς
3628 5722 3720 5773 twn
