4004 6488
352 405 470 468 917

1418 404 1917 465 BIBLIOTHECA
1958 429 2030 464 —.
2062 404 2228 463 COD.
2263 404 2484 464 CCXXI
2498 404 2562 465 Υ.

3512 410 3617 474 918

356 517 503 571 ἰδέαι
531 515 856 571 συνέπιπτον
889 533 904 547 ⁸
937 518 987 572 οί
1038 518 1149 588 γὰρ
1196 516 1478 587 ἐμϐαίνειν
1522 514 1813 585 μέλλοντες
1858 513 1916 565 sl;

2042 528 2159 566 rum
2196 512 2316 566 alia:
2348 514 2461 583 jam
2507 511 2725 580 repletze
2749 554 2765 579 ,
2805 513 2923 569 alia:
2951 531 3073 570 mox
3114 516 3381 587 replenda:
3407 533 3615 590 essent,

351 608 533 671 αὑτάς
566 607 666 672 τὰς
703 609 803 677 μὲν
831 609 930 680 ἤδη
962 610 1399 681 πεπληρωμένας
1436 608 1535 672 τὰς
1564 606 1621 660 δὲ
1669 606 1764 660 καὶ⁹
1810 606 1939 674 μελ-

349 694 559 761 λούσας
586 700 837 768 κατεῖχον
867 698 1259 770 ὲξαρτώμενοι,
1292 698 1388 751 καὶ
1431 697 1583 763 παρά
1620 696 1681 748 τὸ
1730 694 1939 763 πλῆθος

348 789 472 843 τῶν
528 788 686 843 τοῦτο
712 790 965 860 δρώντων
995 791 1052 843 αί
1101 791 1201 861 μὲν
1234 789 1556 844 κατεδύοντο
1596 788 1654 841 al
1700 787 1756 840 δὲ
1788 804 1938 856 περιο

348 876 673 946 ετρέποντο.
722 877 894 931 Τοῦτο
926 879 1223 949 Κυζικηνοὶ
1275 878 1603 948 θεασάμενοι
1665 876 1937 947 ὥρμησαν

349 967 452 1020 ἐπὶ
502 968 571 1021 τὰ
612 967 723 1023 τῶν
752 968 1032 1024 Ποντικῶν
1071 969 1435 1040 στρατόπεδα,
1489 969 1587 1022 καὶ
1635 969 1764 1031 τοὺς
1805 968 1937 1020 ὑπο-

349 1057 676 1128 λειφθέντας
718 1063 1074 1133 καματηροὺς
1116 1060 1548 1133 διαφθείροντες,
1588 1061 1723 1115 εἴτι
1753 1059 1937 1130 παρῆν

355 1148 824 1223 ὑπολελειμμένον
848 1152 927 1225 τῷ
955 1154 1324 1225 στρατοπέδῳ,
1359 1153 1661 1224 διήρπαζον
1688 1152 1755 1207 ’⁸.
1792 1149 1933 1204 Λεύ-

359 1241 548 1306 κολλος
573 1242 631 1296 δὲ
671 1243 870 1310 διώξας
910 1244 1007 1298 ἐπὶ
1046 1244 1140 1299 τὸν
1178 1246 1422 1315 Αἴσηπον
1478 1245 1523 1277 ³⁸
1570 1243 1819 1313 ποταμὸν
1871 1239 1936 1295 τδ

357 1338 523 1402 πεζὸν
589 1338 997 1411 ἀπροσδόκητος
1038 1340 1084 1372 ³⁸
1131 1339 1567 1409 καταλαμϐάνει,
1625 1338 1721 1391 καὶ
1772 1335 1933 1405 φόνον

355 1430 521 1484 πολὺν
552 1430 663 1483 τῶν
708 1430 985 1501 πολεμίων
1029 1432 1284 1485 ποιεῖται.
1322 1430 1662 1501 Μιθριδάτης
1701 1426 1760 1482 δὲ
1798 1427 1930 1481 ἀναο

348 1520 529 1574 λαϐὼν
588 1521 779 1575 ἑαυτὸν
831 1523 908 1587 ὡς
958 1522 1213 1594 ήδύνατο,
1268 1522 1553 1591 Πείρινθον
1598 1519 1929 1591 ἐπολιόρκει,

340 1612 553 1686 ταύτης
580 1614 639 1668 δὲ
666 1615 986 1687 διαμαρτὼν
1019 1616 1113 1670 ἐπὶ
1133 1616 1390 1670 Βιθυνίαν
1421 1610 1856 1686 διαπεραιοῦται.

2044 604 2327 657 confertim
2374 612 2661 673 occupant,
2697 616 2751 659 et
2790 607 3024 677 undique
3059 607 3163 663 illis
3192 609 3487 677 adhaerent,
3530 612 3613 665 fa-

2044 702 2188 747 ctum
2214 703 2299 749 est
2346 705 2529 764 utpra:
2557 695 3336 766 multitudineimminentium,
3378 717 3615 771 parsna-

2043 785 2186 837 vium
2221 785 2612 852 deprimeretur
2632 826 2647 852 ,
2666 802 2794 857 pars
2833 790 2995 843 etiam
3015 792 3442 851 subverteretur.
3462 794 3615 861 Quod

2041 876 2336 944 conspicati
2365 876 2643 947 Cyziceni,
2687 878 2887 948 impetu
2930 881 2983 934 in
3030 891 3212 937 castra
3261 882 3613 940 Ponticorurn

2042 968 2224 1030 facto,
2263 983 2434 1039 aegros
2478 970 2550 1024 ibi
2587 970 2807 1026 relictos
2853 972 3123 1028 trucidant
3147 1015 3163 1041 ,
3205 985 3260 1030 et
3290 977 3333 1031 si
3365 978 3493 1046 quid
3524 994 3615 1033 su-

2038 1068 2253 1129 pererat
2297 1061 2575 1129 diripiunt.
2632 1062 2702 1115 At
2748 1061 3024 1129 Lucullus,
3078 1066 3316 1135 peditum
3347 1083 3540 1139 agmen
3582 1085 3613 1124 a

2042 1161 2191 1221 tergo
2216 1166 2465 1220 premens
2490 1194 2506 1220 ,
2548 1152 2617 1208 ad
2640 1153 2888 1225 [Esipum
2937 1155 3160 1213 ﬂuvium
3208 1161 3513 1231 assequitur
3545 1163 3613 1216 de

2040 1242 2365 1311 improviso,
2428 1260 2785 1317 magnamque
2836 1249 3071 1305 hostium
3122 1256 3323 1308 caedem
3379 1255 3609 1325 peragit.

2035 1333 2374 1392 Mithridates
2415 1337 2657 1406 interim,
2710 1340 2953 1397 collectis
2988 1352 3045 1397 ut
3088 1346 3283 1414 potuit,
3333 1346 3391 1402 in
3437 1348 3613 1401 Ponto

2034 1427 2258 1492 viribus,
2288 1425 2606 1483 Perinthum
2630 1431 2978 1489 circumsidet
3003 1446 3057 1490 et
3084 1445 3357 1507 oppugnat
3388 1453 3403 1491 :
3438 1451 3612 1507 eoque

2036 1534 2141 1575 non
2175 1520 2397 1591 potitus,
2425 1520 2478 1576 in
2506 1518 2816 1593 Bythiniam
2850 1527 3190 1582 transmittit.

512 1730 647 1789 CAP.
687 1729 871 1788 XLIII.
894 1764 967 1778 -
1002 1733 1200 1791 Triarii
1235 1752 1318 1792 res
1354 1744 1513 1807 gesta:
1547 1741 1730 1787 contra
1767 1726 2150 1783 Mi:hridatem.
2182 1723 2358 1779 Prusa
2391 1728 2537 1782 urbs.
2575 1725 2783 1784 Fabula
2815 1732 2879 1786 de
2922 1731 3108 1788 Nicwa
3142 1746 3189 1788 ει
3223 1734 3453 1790 Baccho.

428 1840 586 1897 Ἐπεὶ
634 1843 690 1898 δὲ
738 1844 834 1898 καὶ
880 1845 1098 1918 Βάρσας
1145 1849 1378 1920 συχνοὺς
1422 1847 1640 1901 Ἰταλῶν
1695 1845 1916 1914 ἐπάγων

2100 1837 2395 1909 Postquam
2417 1856 2546 1895 vero
2578 1840 2773 1906 Barba,
2805 1846 3078 1901 robustam
3112 1847 3364 1903 [talorum
3388 1865 3605 1905 manum
3695 1842 3705 1854 ’

334 1929 468 2005 ἧκε,
501 1935 597 1989 καὶ
649 1936 756 2006 μὴν
811 1937 907 1991 καὶ
960 1939 1217 2009 Τριάριος
1269 1943 1298 1995 ὁ
1359 1940 1649 2009 Ῥωμαίων
1699 1936 1924 2007 ἡγεμὼν

335 2026 858 2096 ἀνασκευασάμενος
904 2030 968 2100 τῇ
1026 2023 1299 2101 Ἀπαμείᾳ
1345 2030 1656 2101 πολιορκεῖν
1690 2029 1921 2098 ἐπέστη,

333 2120 390 2171 οἱ
435 2118 709 2188 Ἀπαμεῖς
756 2119 1101 2191 ἀντισχόντες
1155 2124 1255 2176 ὅσα
1310 2122 1593 2193 ἠδύναντο,
1640 2121 1772 2194 [585
1827 2120 1921 2193 Η.]

331 2211 491 2275 τέλος
515 2212 827 2277 ἀνοίξαντες
852 2215 951 2277 τὰς
985 2214 1160 2276 πύλας
1186 2214 1411 2278 τούτους
1444 2214 1803 2280 εἰσεδέξαντο.
1831 2211 1923 2269 Εἶ-

331 2302 431 2356 λον
459 2303 515 2356 δὲ
538 2306 632 2357 καὶ
665 2304 917 2375 Προῦσαν
948 2308 1048 2374 τὴν
1075 2306 1231 2359 πόλιν
1262 2308 1294 2377 ή
1332 2307 1619 2375 Ῥωμαίων
1647 2307 1877 2376 δύναμις
1898 2324 1913 2337 ο

334 2394 447 2447 ὑπὸ
464 2395 621 2449 δὲτδν
649 2397 900 2451 ’Λσιανὸν
928 2399 1212 2468 Ὄλυμπον
1232 2399 1467 2452 διέκειτο
1488 2400 1531 2431 ³²
1558 2399 1720 2469 αῦτη.
1742 2401 1921 2454 Ἐκεῖ-

333 2484 433 2539 θεν
490 2487 519 2538 ὁ
589 2487 848 2559 Τριάριος
897 2489 991 2542 ἐπὶ
1036 2488 1341 2559 Προυσιάδα
1379 2490 1480 2560 τὴν
1535 2490 1920 2544 ἐπιθαλάσσιον

337 2578 482 2647 μετά
516 2578 615 2649 τῆς
643 2579 927 2650 δυνάμεως
965 2581 1334 2651 παραγίνεται
1363 2596 1378 2613 ⁸
1410 2579 1551 2651 αῦτη
1572 2580 1628 2634 δὲ
1654 2581 1850 2653 Κίερος
1874 2583 1918 2614 ⁸³

330 2670 397 2723 τὸ
432 2670 665 2725 παλαιὸν
703 2673 968 2738 ἐκαλεῖτο,
1002 2675 1060 2728 ὲν
1095 2668 1248 2746 ᾖκαὶ
1281 2675 1314 2745 ἡ
1338 2674 1444 2746 τῆς
1477 2674 1706 2745 Ἀργοῦς
1733 2675 1917 2745 ἄφιξις

328 2760 553 2828 λέγεται
580 2762 676 2816 καὶ
702 2763 733 2816 ὁ
759 2762 854 2816 τοῦ
882 2763 1025 2818 ’Υλα
1059 2741 1368 2835 ἀφανισμᾶ
1399 2741 1501 2817 καὶ
1535 2741 1699 2836 ή-τοῦ
1750 2741 1919 2836 Ἦρα-

331 2852 491 2915 κλέος
514 2853 608 2907 ἐπὶ
640 2853 740 2925 τὴν
762 2853 955 2909 τούτου
989 2855 1325 2927 ἀναζήτησιν
1371 2855 1548 2925 πλάνη
1602 2860 1698 2909 καὶ
1745 2856 1917 2910 πολλά

330 2946 564 3000 τοιαῦτα
619 2946 804 3018 ἕτερα.
854 2948 1277 3020 Παραγεγονότα
1309 2948 1367 3002 δὲ
1395 2948 1597 3020 ῥᾳδίως
1655 2948 1705 3001 οί
1744 2950 1917 3020 Πρου-

329 3040 486 3102 σαεῖς
510 3039 557 3072 ”
578 3038 849 3106 ἐδέξαντο,
872 3041 1000 3104 τοὺς
1014 3041 1304 3105 Ποντικοὺς
1326 3040 1917 3109 διωσάμενοι.Ἐκείθεν

327 3129 426 3183 ἐπὶ
488 3131 724 3185 Νίκαιαν
796 3133 1211 3205 φρουρουμένην
1280 3133 1651 3223 Μιθριδατείῳ
1699 3135 1915 3207 φρουρᾷ
1941 3181 1984 3240 c

326 3218 696 3288 παραγίνεται
727 3236 741 3251 ⁸
765 3220 816 3274 οί
832 3221 888 3275 δὲ
916 3222 1170 3276 Ποντικοὶ
1201 3221 1291 3276 τὸν
1328 3221 1454 3276 νοῦν
1479 3219 1589 3276 τῶν
1623 3225 1680 3277 ὲν
1707 3223 1914 3295 Νικαίᾳ

328 3309 637 3375 συνιδόντες
658 3311 755 3364 ἐπὶ
793 3311 1099 3383 Ῥωμαίους
1125 3313 1507 3378 ἀποκλίνοντα,
1542 3313 1632 3368 διὰ
1651 3314 1845 3378 νυκτὸς
1872 3313 1917 3345 ³⁸

324 3401 467 3470 πρὸς
513 3400 852 3473 Μιθριδάτην
888 3407 968 3468 είς
1006 3405 1375 3476 Νικομήδειαν
1412 3405 1787 3477 ἀνεχώρησαν,
1819 3406 1917 3460 καὶ

336 3493 600 3563 Ῥωμαῖοι
629 3494 1032 3569 ἀταλαιπώρως
1061 3498 1325 3569 κρατοῦσι
1352 3498 1456 3569 τῆς
1488 3498 1720 3563 πόλεως.
1761 3497 1911 3570 Δῦτη

322 3584 386 3638 δὲ
421 3585 455 3656 ή
483 3585 640 3649 πόλις
673 3589 708 3658 ἡ
739 3587 945 3642 Νίκαια
970 3588 1071 3661 τὴν
1107 3590 1207 3660 μὲν
1232 3590 1426 3660 κλῆσιν
1456 3589 1581 3658 ἄγει
1601 3590 1710 3644 ἀπὸ
1734 3591 1911 3653 ναϊδος

321 3674 567 3747 νύμφης,
597 3677 770 3749 ὄνομα
791 3678 1062 3750 λαχούσης
1096 3681 1195 3752 τήν
1210 3681 1467 3746 Νίκαιαν,
1483 3681 1643 3753 ἔργον
1675 3681 1730 3734 δὲ
1747 3697 1913 3749 γεγο-

322 3766 745 3832 νὺςδδΝικαέων
773 3770 883 3825 τῶν
918 3771 1061 3843 μετά
1091 3772 1441 3845 Ἀλεξάνδρου
1468 3774 1563 3844 μὲν
1580 3791 1642 3827 συ
1653 3790 1910 3844 στρατευ-

324 3859 560 3925 σάντων,
590 3862 729 3931 μετά
760 3860 817 3915 δὲ
850 3862 942 3916 τὸν
972 3863 1184 3917 ἐκείνου
1215 3864 1445 3919 θάνατον
1487 3865 1630 3918 κατὰ
1681 3864 1912 3935 ζήτησιν

320 3958 587 4029 πατρίδος
621 3960 829 4030 ταύτην
850 3976 911 4013 τε
949 3961 1254 4016 κτισάντων
1288 3962 1385 4016 καὶ
1418 3962 1907 4033 συνοικισαμένων.

321 4047 458 4125 [740
488 4051 583 4124 R.]
631 4052 697 4106 Ἦ
740 4054 841 4123 μὲν
873 4048 967 4107 οὖν
992 4053 1113 4118 ναῒς
1142 4056 1176 4126 ή
1221 4055 1431 4109 Νίκαια
1477 4054 1697 4124 λέγεται
1745 4055 1909 4125 φῦναι

318 4141 639 4213 Σαγγαρίου
678 4144 774 4197 τοῦ
808 4143 950 4198 κατὰ
985 4143 1085 4216 τὴν
1129 4144 1314 4217 χώραν
1358 4146 1621 4201 δυνάστου
1667 4148 1761 4201 καὶ
1801 4149 1911 4201 Κυ-

319 4231 489 4304 ϐέλης
510 4250 525 4265 ο
559 4234 940 4306 παρθενίανδὲ
985 4235 1186 4307 μᾶλλον
1219 4238 1253 4308 ἧ
1296 4236 1398 4310 τὴν
1432 4239 1570 4311 πρὸς
1602 4240 1774 4309 ἄνδρα
1806 4257 1908 4293 πο-

317 4323 496 4378 θοῦσα
526 4325 768 4396 ὁμιλίαν,
800 4328 861 4381 ὲν
892 4327 1044 4400 ὄρεσι
1073 4329 1170 4382 καὶ
1200 4328 1398 4400 θήραις
1424 4329 1514 4382 τὸν
1540 4329 1654 4401 βίον
1674 4330 1802 4401 ἔσχε
1835 4330 1903 4385 ³⁸.

315 4414 541 4488 Ταύτης
564 4417 621 4471 δὲ
651 4418 907 4485 Διόνυσος
929 4422 1028 4492 μὲν
1052 4421 1186 4492 ήρα,
1210 4422 1353 4491 ἐρῶν
1386 4422 1445 4476 δὲ
1471 4422 1573 4477 οὑκ
1611 4423 1902 4493 ἐτύγχανε.

2027 1929 2320 1994 adducens,
2349 1931 2603 1993 venisset.
2630 1942 2685 1986 et
2707 1930 2953 1990 Triarius
2980 1936 3202 2006 insuper
3231 1937 3601 1995 Romanorum

2025 2021 2157 2085 dux,
2193 2020 2354 2077 motis
2382 2022 2506 2076 inde
2536 2024 2754 2088 castris,
2785 2026 3078 2093 Apameam
3106 2028 3401 2095 obsideret,
3429 2033 3599 2098 cives,

2023 2130 2141 2171 eam
2180 2114 2489 2185 aliquandiu
2528 2132 2624 2186 pro
2674 2118 2879 2174 viribus
2932 2122 3044 2175 suis
3078 2122 3284 2176 hostem
3321 2125 3609 2181 susﬁnuis-

2023 2215 2166 2271 sent,
2185 2208 2389 2275 apertis
2416 2210 2635 2263 tandem
2660 2211 2832 2278 portis
2854 2226 2949 2267 eos
2975 2214 3340 2270 intromisere.
3371 2217 3599 2272 Prnsam

2021 2298 2184 2353 etiam
2222 2301 2410 2354 urbem
2452 2298 2736 2356 Romanus
2774 2304 3050 2361 exercitus
3099 2308 3264 2375 cepit.
3305 2307 3457 2363 .lacet
3489 2310 3604 2364 haec

2022 2390 2088 2443 ad
2131 2388 2422 2459 Olympum
2456 2392 2599 2447 Asia:
2627 2405 2887 2448 montem.
2931 2393 3070 2450 Hine
3105 2395 3423 2451 Prusiadem
3465 2400 3603 2454 mari

2023 2483 2336 2555 impositam
2376 2499 2499 2537 cum
2524 2485 2770 2541 exercitu
2797 2487 2930 2555 petit
2960 2501 2975 2541 :
3010 2486 3230 2543 Cierum
3260 2488 3389 2543 olim
3420 2491 3600 2548 nomi-

2021 2578 2243 2631 nabant.
2268 2576 2384 2643 Quo
2397 2576 2559 2631 etiam
2573 2577 2914 2648 Argonautas
2933 2579 3225 2649 appulisse,
3244 2591 3299 2636 et
3314 2583 3602 2639 evanuisse

2023 2667 2211 2739 Hylam
2240 2678 2298 2723 et
2327 2668 2609 2723 Herculem
2631 2709 2648 2733 ,
2680 2670 2806 2724 dum
2836 2671 3065 2742 requirit
3093 2687 3216 2728 eum
3240 2714 3256 2740 ,
3292 2673 3600 2729 circumva-

2019 2768 2226 2829 gatum,
2258 2759 2531 2828 multaque
2557 2760 2608 2814 id
2632 2774 2802 2830 genus
2825 2761 2931 2816 alia
2975 2764 3293 2834 contigisse,
3317 2764 3457 2821 fama
3490 2778 3594 2821 est.

2021 2853 2090 2908 Ut
2112 2851 2233 2907 urbi
2259 2853 2734 2923 appropinquavit,
2774 2854 2933 2911 facile
2957 2855 3276 2914 Prusienses
3297 2874 3419 2914 eum
3447 2875 3598 2914 rece-

2018 2955 2235 3014 perunt,
2266 2943 2506 3001 Ponticis
2539 2946 2748 3015 ejectis.
2794 2947 2925 3003 [nde
2964 2946 3183 3012 Nicmze,
3224 2963 3385 3019 quam
3418 2952 3602 3019 praesi-

2019 3037 2165 3091 dium
2195 3036 2522 3094 Mithridatis
2554 3039 2793 3104 tenebat,
2844 3040 3107 3098 imminet.
3156 3040 3364 3098 Pontici
3392 3052 3597 3112 autem,

2020 3124 2293 3181 intellecto
2342 3127 2488 3182 cives
2536 3127 2733 3183 animis
2782 3128 2847 3182 ad
2904 3128 3181 3186 Romanos
3236 3133 3597 3204 propendere,

2020 3226 2182 3272 noctu
2232 3232 2291 3273 se
2336 3217 2403 3272 ad
2452 3217 2821 3273 Mithridatem
2861 3218 3231 3277 Nicomediam
3266 3225 3596 3280 subducunt.

2019 3306 2252 3363 Romani
2294 3309 2456 3378 igitur
2501 3310 2621 3365 sine
2670 3310 2919 3366 molestia
2963 3315 3150 3369 urbem
3189 3330 3299 3370 suae
3343 3321 3595 3385 potestati

2018 3399 2335 3470 subjiciunt.
2374 3399 2501 3456 Haec
2546 3402 2678 3457 urbs
2720 3417 2915 3459 nomen
2957 3405 3172 3461 deducit
3210 3421 3239 3460 a
3274 3406 3441 3462 Naide
3469 3424 3599 3477 qna-

2018 3492 2141 3545 dam
2188 3493 2447 3562 nympha,
2496 3494 2585 3547 cui
2628 3492 2825 3549 Nicaeae
2872 3511 3090 3562 nomen,
3138 3506 3192 3552 et
3232 3513 3366 3568 Opus
3394 3509 3477 3555 est
3506 3499 3600 3554 Ni-

2014 3585 2303 3639 ezeensium
2330 3625 2345 3650 ,
2376 3586 2468 3655 qui
2508 3587 2561 3640 in
2611 3586 2905 3644 Alexandri
2948 3591 3191 3646 exercitu
3244 3591 3463 3648 fuerunt
3495 3612 3509 3648 :
3542 3603 3599 3649 et

2017 3683 2143 3743 post
2168 3674 2285 3745 ejus
2333 3676 2634 3742 interitum,
2677 3677 2805 3731 dum
2841 3678 3077 3747 patriam
3117 3693 3459 3751 receperunt,
3494 3683 3597 3738 hac

2014 3766 2147 3821 urbe
2174 3781 2204 3820 a
2234 3782 2294 3821 se
2316 3768 2533 3822 condita
2565 3778 2621 3824 et
2656 3769 3025 3839 frequentata,
3065 3771 3120 3826 in
3164 3773 3438 3829 civitatem
3468 3790 3596 3830 coa-

2013 3856 2251 3915 luerunt.
2291 3856 2423 3914 Nais
2462 3868 2645 3914 autem
2677 3859 2769 3914 illa
2812 3859 2990 3916 Nicaea
3025 3859 3316 3932 Sangario,
3360 3864 3466 3919 loci
3506 3881 3595 3918 re-

2013 3950 2159 4019 gulo,
2188 3961 2243 4005 et
2266 3949 2464 4023 Cybele
2497 3961 2622 4006 nata
2662 3950 2853 4008 fertur.
2881 3953 3012 4021 Quae
3046 3969 3170 4010 cum
3193 3954 3398 4024 majore
3424 3956 3596 4027 νει-εἱσι

2012 4043 2201 4097 nitatis
2242 4044 2515 4099 desiderio
2547 4060 2708 4116 quam
2760 4046 3169 4103 consuetudinis
3216 4046 3430 4119 234a
3471 4064 3596 4104 eum

2010 4134 2150 4203 viro,
2178 4144 2473 4203 teneretur,
2504 4136 2557 4191 in
2587 4136 2859 4192 montibus
2887 4147 2944 4192 et
2975 4138 3257 4194 venatibus
3279 4139 3443 4194 vitam
3462 4140 3593 4211 egit.

2010 4224 2256 4283 Bacchus
2290 4227 2508 4299 quidem
2553 4228 2797 4284 elllictim
2840 4240 2986 4286 amat
3032 4231 3288 4302 puellam,
3339 4234 3436 4288 sed
3480 4234 3596 4288 luec

2011 4336 2254 4378 amorem
2289 4321 2605 4378 frustratur.
2640 4321 2869 4389 Quando
2900 4325 3065 4395 igitur
3098 4326 3210 4381 voti
3236 4340 3458 4394 compos
3488 4326 3596 4380 alia

2011 4415 2224 4470 ratione
2270 4415 2386 4470 fieri
2425 4416 2629 4486 nequit,
2661 4415 2893 4472 fallaciis
2923 4416 3143 4487 explere
3178 4418 3343 4471 animi
3378 4418 3597 4474 deside-

314 4508 416 4578 Μὴ
445 4510 732 4581 τυγχάνων
752 4512 811 4566 δὲ
845 4518 1120 4584 μηχαναῖς
1147 4515 1208 4568 τὸ
1238 4515 1424 4569 λεῖπον
1452 4518 1518 4587 τῇ
1544 4516 1743 4590 γνώμῃ
1762 4518 1897 4571 ἀνα-

2021 4508 2152 4563 riutn
2184 4508 2435 4563 instituit.
2470 4509 2603 4563 Nam
2647 4509 2849 4565 fontem
2871 4548 2888 4574 ,
2927 4525 2995 4565 ex
3025 4525 3133 4580 quo
3162 4509 3336 4565 Nicaea
3370 4526 3398 4564 a
3429 4526 3594 4564 vena-

314 4600 566 4673 πληροῦν
602 4606 900 4676 ἐπεχείρει.
945 4608 1152 4678 Πληροῖ
1192 4608 1376 4663 τοίνυν
1419 4609 1520 4681 τὴν
1548 4610 1779 4682 κρήνην,
1811 4609 1906 4679 ἀφ’

311 4686 388 4765 ἧς
419 4694 609 4750 είωθεν
638 4697 683 4729 ³⁷
711 4699 747 4771 ή
780 4698 988 4753 Νίκαια
1011 4699 1189 4754 πίνειν
1214 4700 1437 4755 ἐπειδάν
1462 4701 1573 4755 ἀπὸ
1596 4702 1695 4773 τῆς
1728 4701 1905 4774 θήρας

312 4786 625 4861 κοπωθείη,
654 4788 780 4844 ἀντὶ
800 4789 894 4844 τοῦ
932 4790 1124 4854 ὕδατος
1160 4793 1327 4848 οἴνου.
1379 4792 1445 4846 Ἦ
1476 4792 1533 4846 δὲ
1562 4794 1734 4864 μηδὲν
1772 4814 1902 4851 συν-

311 4877 494 4933 ειδυῖα
523 4880 619 4933 καὶ
651 4878 714 4934 τὸ
748 4880 939 4946 εἰωθὸς
982 4882 1217 4936 ποιοῦσα
1255 4883 1302 4916 ³⁸
1343 4886 1671 4956 ἐμφορεῖται
1707 4904 1770 4940 τε
1803 4887 1899 4941 τοῦ

310 4970 604 5025 ἐπιϐούλου
657 4972 920 5044 νάματος,
980 4975 1074 5029 καὶ
1119 4952 1387 5047 ὑπηρετεῖ
1419 4952 1514 5031 καῖ
1568 4978 1779 5033 ἄκουσα
1831 4979 1910 5051 τῷ

276 5102 282 5108 ς
310 5063 623 5134 βουλήματι
644 5064 741 5119 τοῦ
766 5065 999 5139 ἐραστοῦ
1024 5083 1042 5100 ο
1071 5066 1246 5139 μέθης
1270 5067 1380 5140 γὰρ
1412 5069 1584 5123 αὐτὴν
1615 5072 1711 5125 καὶ
1736 5070 1908 5126 ῦπνου

308 5154 591 5210 λαϐόντων
625 5158 655 5211 ὃ
681 5174 742 5212 τε
773 5158 1026 5223 Διόνυσος
1068 5159 1208 5231 αὐτῇ
1235 5160 1611 5230 ὲπιμίγνυται,
1645 5163 1741 5216 καὶ
1774 5165 1901 5215 παῖς

308 5245 505 5313 δας⁶ὲξ
535 5248 709 5318 αὐτῆς
734 5249 860 5320 φύει
887 5251 1129 5321 Σάτυρόν
1170 5268 1232 5305 τε
1280 5253 1375 5305 καὶ
1417 5252 1663 5323 ἐτέρους.
1720 5255 1787 5308 Οἱ
1840 5254 1898 5307 δὲ

309 5339 562 5407 Νικαεῖς,
612 5342 665 5396 οἳ
694 5341 793 5415 τὴν
834 5343 990 5397 πόλιν
1024 5344 1253 5415 ἤγειραν
1295 5345 1389 5398 καὶ
1427 5343 1757 5415 συνῴκισαν,
1793 5345 1897 5399 Νί-

310 5445 479 5484 καιαν
511 5426 660 5503 εἶχον
688 5432 924 5503 πατρίδα
965 5434 1206 5499 Φωκίδος
1232 5435 1452 5503 γείτονα
1478 5453 1492 5467 ·
1531 5436 1672 5506 πρὸς
1701 5438 1768 5508 ἢν
1802 5437 1897 5490 καὶ

2020 4599 2163 4655 tione
2194 4599 2403 4655 defessa
2437 4601 2621 4656 bibere
2667 4601 2906 4666 solebat,
2943 4601 3068 4656 vino
3100 4616 3200 4671 pro
3228 4617 3365 4673 aqua
3400 4601 3592 4671 replet.

2014 4691 2200 4761 anue
2248 4690 2378 4746 nihil
2427 4692 2724 4761 suspicata,
2772 4691 2898 4746 dum
2948 4706 3047 4760 pro
3099 4707 3249 4747 more
3289 4708 3389 4748 suo
3437 4693 3593 4756 bibit,

2012 4783 2259 4841 fallacem
2290 4784 2428 4841 intra
2464 4800 2525 4840 se
2552 4785 2733 4839 haurit
2754 4784 3019 4856 liquorem
3050 4802 3065 4842 :
3101 4795 3156 4840 et
3191 4786 3272 4839 sic
3296 4785 3595 4855 quamlibet

2010 4876 2200 4942 invita,
2235 4876 2469 4932 amantis
2514 4876 2793 4946 cupiditati
2835 4877 3127 4934 subservit.
3174 4876 3320 4933 Mero
3367 4877 3511 4934 enim
3538 4889 3591 4931 et

2009 4983 2203 5025 somno
2238 4976 2545 5039 correptam
2576 4966 2740 5023 Liber
2777 4969 3125 5039 comprimit,
3155 4980 3210 5025 et
3241 4968 3496 5042 Satyrum
3525 4984 3590 5024 ex

2008 5079 2071 5119 ea
2130 5062 2443 5133 liberosque
2483 5062 2620 5118 alios
2675 5063 2925 5131 suscipit.
2985 5061 3292 5119 Nicaeenses
3334 5074 3513 5118 autem
3561 5079 3592 5117 a

2009 5154 2205 5226 quibus
2236 5154 2471 5210 excitata
2503 5163 2586 5210 est
2626 5152 2836 5220 Nicaea,
2866 5164 2921 5210 et
2953 5155 3174 5210 sedibus
3211 5156 3551 5225 frequentata
3574 5196 3590 5220 ,

2009 5246 2243 5317 primum
2289 5255 2446 5301 erant
2486 5245 2652 5300 vicini
2712 5244 2987 5301 Phocidi:
3032 5247 3126 5305 sed
3172 5246 3315 5314 quod
3363 5245 3591 5299 subinde

2009 5339 2374 5406 rebellarent,
2426 5338 2735 5395 Phocenses
2769 5340 2984 5393 tandem
3028 5339 3200 5410 patria
3246 5353 3341 5393 eos
3374 5338 3592 5407 expule-

2009 5442 2171 5499 runt,
2226 5444 2281 5488 et
2314 5442 2373 5487 ut
2417 5432 2553 5488 urbs
2594 5448 2782 5489 eorum
2823 5448 3012 5489 eversa
3048 5432 3354 5497 deleretur,
3393 5447 3589 5502 magno

1580 5526 1821 5584 VARIE
1852 5526 2146 5584 LECTION
2156 5527 2259 5583 ES.

383 5615 430 5690 ss
462 5615 768 5690 διήρπαζον
794 5618 838 5673 Α
877 5636 892 5674 ι
921 5618 1227 5690 διέφθειρον
1256 5640 1316 5688 ς’.

386 5638 430 5647 "'
462 5638 768 5687 οιηρπαςον
794 5638 838 5673 ιι
877 5638 892 5674 2
921 5638 1166 5744 οιεφυεῖρ

313 5686 643 5765 §chmferu_s.
670 5758 699 5765 Α
758 5690 801 5722 ³³
826 5690 1064 5765 ξςίερος]
1088 5761 1111 5765 ι

313 5759 542 5833 ιῖὶιιιυῐιιι.
576 5759 633 5823 2,
668 5758 738 5833 2.
833 5759 902 5833 “_
931 5759 1018 5813 διὰ
1044 5758 1150 5833 ἷτῆς
1181 5766 1393 5830 νυκτὸς.

313 5826 639 5885 Scinefcrus.
698 5831 742 5862 ³⁸
781 5829 979 5884 πιοῦσα
1022 5849 1077 5896 ς.

1426 5626 1471 5657 ²⁹
1505 5624 1724 5678 αίσιπον
1746 5627 1791 5678 Λ
1818 5640 1833 5677 :
1865 5624 2128 5678 αῖσιππον
2159 5641 2221 5688 ς.

1168 5692 1243 5757 ίος
1297 5694 1618 5750 Palmerius.
1656 5695 1727 5748 cf.
1770 5694 2095 5764 Wesseling.
2133 5698 2198 5747 ad
2231 5691 2478 5748 ltinerar.
2534 5693 2653 5746 Vet.
2686 5691 2759 5759 Vp.
2815 5692 2939 5744 694.
3010 5691 3059 5764 Λ³³
3088 5695 3371 5764 προυσιείς
3408 5693 3583 5764 Vales.

1499 5767 1543 5799 ss
1575 5764 1820 5837 γεγονὸς]
1856 5766 2048 5835 γέγονε
2091 5766 2419 5835 διιιρζιίιιιυδι

2301 5623 2346 5655 ³⁸
2384 5622 2806 5694 ἀπροσδοκήτως
2849 5640 2912 5694 ςἶ
3019 5622 3073 5694 _"
3106 5620 3357 5691 διέκειτο]
3409 5623 3591 5694 ,ἔκειτο

2525 5765 2569 5796 ³⁵
2599 5764 2723 5834 ἔσχε
2773 5764 2814 5814 Α
2848 5780 2861 5815 :
2889 5762 3203 5833 κατέσχες·
3308 5763 3351 5793 ³⁷
3380 5762 3561 5816 εἰώθει
