4004 6462
467 340 574 404 919

1623 340 1884 402 ΡΗΟΤΙῘ
1923 341 2430 402 PATRIARCIL’E
2470 342 2580 402 ΕΡ.

3620 342 3713 403 920

472 457 825 530 perfecerunt
863 460 1063 515 studio.
1098 459 1274 515 Nicaea
1302 471 1429 526 ergo
1465 457 1567 512 hoc
1601 456 1760 511 modo
1790 455 2053 524 appellata

2158 453 2417 517 πολλάκις
2453 455 2842 514 στασιάσαντες
2880 450 2971 503 ὑπ’
3012 450 3185 520 αὐτῆς
3234 450 3455 521 ἐκείνης
3507 450 3716 525 ὕστερον

470 562 529 607 et
560 552 776 605 condita
825 550 969 606 fuit:
1009 562 1171 620 atque
1213 552 1265 605 in
1316 549 1686 603 Romanorum
1723 558 2041 617 potestatem

476 648 711 699 devenit.

2154 548 2250 617 τὴν
2278 548 2514 616 πατρίδα
2547 546 2923 617 ἀφῃρέθησαν,
2953 544 3343 614 καταστροφὴν
3388 544 3590 617 ταύτης
3636 552 3718 604 καὶ

2159 641 2461 710 ἀφανισμὸν
2492 640 2600 691 τῶν
2635 641 2691 691 ἐν
2732 641 2801 708 τῇ
2839 636 3037 688 Φωκίδι
3080 636 3251 706 πολλῇ
3311 638 3517 707 σπουδῇ
3567 657 3719 692 κατα-

478 739 865 811 πραξαμένων.
907 737 1051 791 Ἀλλ’
1076 740 1112 805 ὴ
1146 739 1242 809 μὲν
1263 739 1467 792 Νίκαια
1495 735 1643 789 οὕτω
1666 753 1727 789 τε
1747 736 1846 807 τὴν
1873 735 2065 805 κλῆσιν
2096 735 2191 787 καὶ
2248 735 2347 804 τὴν
2393 732 2678 802 οἰκοδομὴν
2758 729 2906 799 ἔσχε,
2958 729 3052 782 καὶ
3123 727 3266 782 οὕτω
3346 729 3719 803 προσεχώρησε

488 836 800 907 Ῥωμαίοις.

925 953 1051 1008 CAP.
1096 949 1366 1006 XLIV.-—
1388 951 1722 1006 Mithridates
1747 952 1879 1005 cedit
1909 948 2075 1004 Cotta:
2101 960 2147 1003 et
2181 947 2416 1009 Triario,
2449 957 2501 999 ct
2534 955 2654 999 astu
2691 942 3003 997 Heracleam
3034 953 3273 1011 occupat.

564 1070 831 1126 Caeterum
905 1070 1240 1125 Mithridates
1298 1071 1637 1126 Nicomedem
1703 1070 2053 1124 subsistebat.

476 1158 631 1212 Cotta
683 1168 885 1221 autem,
921 1159 1197 1225 superiora
1234 1160 1427 1211 damna
1474 1158 1743 1211 resarcire
1786 1157 1991 1220 volens,
2025 1172 2053 1209 a

478 1249 819 1304 Chalcedone
844 1291 860 1313 ,
891 1250 978 1303 ubi
1029 1251 1390 1304 succubuerat
1411 1288 1425 1313 ,
1466 1248 1843 1303 Nicomedeam
1871 1246 2055 1315 copias

482 1340 774 1404 transfert,
815 1351 869 1395 et
909 1340 1012 1395 150
1044 1342 1217 1396 stadia
1250 1341 1317 1394 ab
1356 1342 1489 1394 urbe
1524 1349 1699 1393 castra
1736 1347 1992 1403 metatus,
2022 1353 2052 1391 a

478 1434 829 1489 dimicatione
856 1442 1029 1488 cavet.
1061 1432 1159 1498 lbi,
1198 1448 1390 1502 magna
1415 1432 1652 1501 adhibita
1688 1430 2051 1494 festinatione,

477 1524 659 1577 citatis
695 1523 978 1578 itineribus
1016 1523 1227 1577 Cottam
1266 1534 1458 1590 sponte
1497 1537 1592 1575 sua
1625 1521 1868 1576 Triarius
1903 1535 2054 1575 asse-

473 1616 678 1685 quitur,
721 1626 775 1670 et
826 1615 1165 1669 Mithridates
1211 1614 1265 1667 in
1308 1614 1494 1667 urbem
1544 1624 1604 1666 se
1651 1611 1861 1681 recipit.
1911 1609 2048 1665 Tum

475 1717 704 1775 uterque
749 1705 1025 1761 Romanus
1051 1706 1326 1759 exercitus
1354 1704 1419 1756 ad
1449 1703 1906 1772 oppugnationem
1936 1702 2051 1768 ejus

472 1814 533 1853 se
566 1807 740 1868 parat.
783 1800 852 1851 At
882 1814 977 1852 rex
1008 1798 1227 1869 cognito
1259 1796 1472 1864 gemino
1523 1795 1773 1851 conﬂictu
1822 1795 2047 1861 navali,
2085 1831 2129 1890 Β

471 1904 578 1955 qua
612 1889 759 1943 circa
795 1886 1091 1953 Tenedum,
1140 1903 1245 1957 qua
1276 1888 1330 1940 in
1360 1886 1495 1940 mari
1536 1885 1706 1957 [Egeo
1734 1884 1989 1941 Ponticos
2021 1902 2051 1940 a

473 1981 697 2036 Lucullo
726 1982 920 2047 victos,
949 1996 1050 2035 nec
1089 1994 1272 2050 parem
1303 1995 1361 2035 se
1392 1979 1458 2033 ad
1494 1981 1886 2034 occurrendum
1916 1996 2053 2047 prte-

472 2076 720 2129 sentihus
744 2074 1111 2128 Romanorum
1133 2072 1306 2140 copiis
1330 2086 1468 2137 esse,
1495 2070 1724 2126 classem
1750 2071 1801 2125 in
1832 2070 2051 2124 fluvium

477 2175 625 2220 retro
663 2173 863 2228 movet,
891 2174 946 2218 et
977 2164 1127 2234 gravi
1154 2174 1433 2230 correptus
1475 2171 1814 2231 tempestate,
1848 2162 2055 2229 aliquot

473 2260 726 2314 triremes
768 2258 1008 2312 amittit:
1046 2258 1159 2327 ipse
1190 2266 1369 2311 tamen
1410 2273 1532 2311 cum
1584 2256 1828 2321 plurimis
1861 2256 1911 2310 in
1944 2256 2055 2326 Hy-

470 2354 617 2421 pium
667 2348 889 2403 ﬂuvium
933 2348 1195 2404 defertur.
1239 2347 1373 2410 Hic,
1423 2363 1543 2403 cum
1592 2356 1888 2416 tempestas
1928 2363 2053 2402 eum

473 2453 739 2509 moratur,
794 2443 979 2496 audito
1036 2440 1368 2495 Lamachum
1420 2439 1842 2502 Heracliensem,
1892 2454 2050 2509 quem

470 2538 695 2604 antiquo
733 2535 989 2589 amicitiae
1042 2533 1247 2589 foedere
1300 2532 1618 2587 obsuictum
1672 2532 1929 2597 haberet,
1985 2531 2052 2585 ad

475 2626 780 2695 reipublicae
812 2622 1233 2694 gubernaculum
1277 2622 1505 2686 sedere,
1548 2621 1733 2675 multis
1778 2623 2051 2675 hominem

472 2717 756 2787 promissis
814 2715 1062 2779 attraxit,
1104 2724 1166 2768 ut
1216 2714 1315 2768 sibi
1384 2713 1437 2766 in
1498 2713 1685 2768 urbem
1745 2714 2053 2781 recipiendo

469 2824 691 2878 operam
725 2810 901 2862 daret.
946 2807 1211 2861 Pecunias
1240 2807 1401 2859 etiam
1436 2807 1658 2859 miserat
1684 2805 1785 2859 hoc
1811 2807 2049 2861 nomine.

472 2901 572 2957 llic
598 2916 717 2970 quae
758 2908 1063 2969 rogaverat,
1095 2897 1182 2951 ille
1207 2906 1443 2966 praestat.
1476 2896 1698 2952 Publico
1726 2897 1867 2949 enim
1901 2909 2052 2951 eXtra

482 2995 669 3048 urbem
716 2992 878 3062 epulo
924 2992 1133 3047 civibus
1203 3001 1480 3059 apparatu,
1532 2991 1634 3043 θυι)
1676 2990 1817 3059 quod
1858 2987 2051 3058 235.!)

472 3089 687 3142 clausas
730 3103 790 3141 se
836 3102 939 3140 non
987 3086 1299 3139 habiturum
1349 3093 1534 3151 portas
1588 3084 1745 3137 [idem
1805 3084 2049 3148 dederat,

2234 1065 2576 1135 Μιθριδάτης
2596 1064 2653 1116 δὲ
2687 1065 2745 1116 ἐν
2771 1066 2836 1132 τῇ
2869 1063 3209 1133 Νικομηδείᾳ
3230 1061 3493 1131 διέτριϐε.
3529 1063 3724 1129 Κόττας

2160 1158 2218 1211 δὲ
2261 1156 2579 1226 βουλόμενός
2620 1173 2673 1208 τι
2717 1155 2826 1207 τῶν
2854 1152 3430 1225 προδιημαρτημένων
3461 1154 3504 1185 ³⁵
3538 1156 3723 1208 ἀναλα-

2160 1249 2276 1303 ϐεῖν
2325 1244 2460 1320 ἦκεν
2507 1249 2617 1304 ἀπὸ
2660 1248 3002 1316 summa;
3031 1247 3099 1309 ⁸ο,
3130 1249 3186 1298 ἐν
3229 1240 3276 1314 ᾧ
3332 1246 3556 1316 ἥττητο,
3600 1249 3722 1319 πρὸς

2158 1343 2257 1414 τὴν
2298 1342 2687 1412 Νικομήδειαν,
2738 1340 2831 1392 καὶ
2870 1337 3291 1408 στρατοπεδεύει
3320 1334 3362 1389 ν’
3396 1337 3489 1390 καὶ
3526 1345 3570 1409 ρ’
3600 1357 3717 1393 στα-

2159 1434 2287 1488 δίων
2331 1434 2431 1503 τῆς
2463 1433 2671 1494 πόλεως
2708 1430 2933 1493 ἄποθεν,
2960 1430 3064 1500 τὴν
3102 1429 3385 1499 συμϐολὴν
3414 1430 3512 1499 τῆς
3561 1430 3724 1501 μάχης

2159 1523 2654 1593 ὑπευλαϐούμενος.
2703 1522 3134 1592 Καταλαμϐάνει
3171 1522 3229 1575 δέ
3274 1524 3492 1575 Κότταν
3534 1526 3721 1595 σπουδῇ

2157 1618 2326 1688 πολλῇ
2378 1615 2707 1684 αὐτόκλητος
2760 1616 2789 1667 ὁ
2844 1614 2889 1645 ⁸¹
2938 1614 3218 1683 Τριάριος,
3270 1613 3368 1666 καὶ
3407 1614 3723 1683 Μιθριδάτου

2156 1708 2616 1778 ὑποχωρήσαντος
2663 1706 2743 1768 είς
2781 1704 2880 1773 τὴν
2934 1705 3090 1757 πόλιν
3139 1704 3490 1773 ἑκατέρωθεν
3537 1705 3724 1776 ταύτην

2158 1800 2468 1870 πολιορκεῖν
2496 1798 2556 1850 τὸ
2596 1797 2902 1866 Ῥωμαϊκὸν
2928 1794 3381 1865 παρεσκευάζετο
3404 1796 3721 1865 στράτευμα.

2170 1893 2323 1947 Ἐπεὶ
2366 1892 2423 1944 δὲ
2471 1893 2498 1944 ὁ
2549 1889 2802 1961 βασιλεὺς
2849 1889 3179 1942 ἐπυνθάνετο
3222 1888 3347 1940 δυσλ⁸
3386 1890 3723 1958 ναυμαχίαις,

2156 1987 2220 2054 τῇ
2259 1984 2359 2053 μὲν
2398 1982 2528 2055 περὶ
2553 1982 2779 2035 Τένεδον
2806 1984 2873 2052 τῇ
2912 1980 2969 2033 δὲ
3007 1980 3150 2033 κατὰ
3190 1979 3283 2033 τὸν
3320 1979 3568 2046 Αίγαιον,
3604 1982 3724 2033 Λευ·

2157 2076 2346 2129 κόλλου
2391 2072 2757 2143 πολεμοῦντος
2786 2072 2911 2135 τοὺς
2942 2072 3235 2134 Ποντικοὺς
3266 2070 3605 2140 νενικῆσθαι,
3644 2071 3726 2124 καὶ

2154 2168 2256 2221 οὐκ
2300 2167 2599 2237 ἀξιόμαχον
2639 2166 2801 2219 αὑτὸν
2848 2165 2983 2236 πρὸς
3024 2164 3121 2234 τὴν
3156 2162 3417 2235 [58411.]
3463 2163 3723 2231 παροῦσαν

2154 2260 2381 2330 δύναμιν
2426 2258 2715 2328 Ῥωμαίων
2755 2260 2963 2329 ἡγεῖτο,
3003 2257 3101 2328 τὴν
3151 2256 3412 2309 ἐπίϐασιν
3456 2256 3534 2326 τῷ
3577 2255 3727 2326 στόλῳ

2156 2355 2234 2414 εἰς
2278 2351 2370 2403 τὸν
2413 2350 2661 2419 ποταμὸν
2713 2350 2758 2380 ⁸⁸
2815 2349 3059 2412 ἀνέπλει,
3115 2349 3209 2401 καὶ
3247 2346 3470 2417 σφοδρῷ
3517 2347 3725 2416 χειμῶνι

2156 2442 2471 2515 περιπεσὼν
2496 2444 2651 2503 τινὰς
2706 2443 2803 2513 μὲν
2831 2442 2939 2496 τῶν
2972 2442 3215 2512 τριήρων
3236 2440 3558 2501 ἀποϐάλλει,
3582 2440 3725 2503 αὐτὸς

2154 2535 2212 2588 δὲ
2259 2534 2399 2605 μετὰ
2435 2534 2543 2586 τῶν
2575 2534 2835 2587 πλειόνων
2865 2534 2945 2596 είς
2977 2533 3065 2585 τὸν
3098 2532 3301 2585 ’Ύπιον
3339 2532 3580 2602 ποταμὸν
3608 2548 3724 2584 κατ⁶

2154 2626 2379 2697 ηνέχθη.
2421 2625 2566 2677 Ἐκεῖ
2592 2624 2649 2677 δὲ
2685 2624 2775 2677 διὰ
2810 2624 2902 2676 τὸν
2936 2623 3182 2694 χειμῶνα
3212 2622 3511 2693 διατρίϐων
3559 2622 3723 2693 Δάμα-

2156 2736 2249 2789 χον
2274 2719 2365 2772 τὸν
2413 2706 2823 2788 Ἡρακλεώτῆν,
2854 2716 3039 2786 φιλίαν
3070 2716 3209 2785 ἔχων
3256 2716 3398 2785 πρὸς
3444 2715 3601 2768 αὑτὸν
3629 2733 3720 2768 πα-

2155 2812 2332 2875 λαιὰν,
2365 2811 2552 2882 μαθὼν
2580 2811 2627 2842 ⁴³
2664 2809 2851 2881 ἄρχειν
2888 2809 2988 2877 τῆς
3012 2808 3314 2871 πολιτείας,
3354 2807 3576 2869 πολλαῖς
3609 2808 3722 2860 ὑπο-

2156 2905 2408 2976 σχέσεσιν
2438 2902 2618 2959 εἷλκεν
2640 2903 2782 2956 ὥστε
2822 2904 3239 2971 παρασκευάσαι
3279 2902 3442 2954 αὑτὸν
3476 2903 3531 2953 ἐν
3552 2905 3614 2971 τῇ
3642 2902 3723 2954 πό-

2155 2999 2238 3052 λει
2286 2998 2726 3069 παραδεχθῆναι.
2765 2998 3023 3066 Ἔπεμπε
3063 2996 3119 3048 δέ
3153 2996 3248 3049 καὶ
3291 2996 3547 3065 χρήματα
3571 3012 3585 3026 υ
3616 2996 3643 3047 ὁ
3674 2994 3722 3045 δὲ

2158 3089 2431 3143 ἀντεδίδου
2481 3089 2581 3158 τὴν
2640 3088 2876 3158 αἴτησιν,
2938 3089 3032 3140 καὶ
3079 3087 3433 3156 δημοθοινίαν
3492 3086 3593 3149 ἐξω
3633 3085 3719 3153 τῆς

476 3195 627 3233 utero
660 3178 913 3248 populum
952 3177 1193 3238 inescat,
1232 3184 1395 3242 utque
1423 3188 1486 3228 eo
1526 3174 1640 3243 ipso
1676 3173 1764 3227 die
1801 3189 1866 3227 ex
1902 3188 2051 3228 com-

2163 3180 2374 3244 πόλεως
2416 3180 2811 3250 λαμπροτάτην
2862 3181 3432 3257 παρασκευασάμενος
3483 3180 3591 3240 τοῖς
3638 3192 3719 3229 πο·

478 3282 638 3336 pacto
694 3268 1034 3321 Mithridates
1083 3267 1429 3335 superveniat
1473 3263 1616 3330 illis,
1668 3265 1756 3317 tlat
1806 3279 2049 3333 operam.

476 3361 663 3429 Itaque
698 3374 796 3413 nec
818 3357 1017 3412 olfactu
1057 3356 1382 3411 Mithridatis
1412 3356 1663 3421 adventu,
1702 3356 1830 3410 urbs
1853 3356 1903 3409 in
1938 3354 2055 3423 ejus

475 3452 763 3506 arbitrium
798 3450 965 3504 venit.
1003 3448 1272 3502 Postridie
1308 3448 1517 3517 plebem
1567 3464 1661 3502 rex
1705 3458 2053 3501 convocatam

480 3543 671 3597 amicis
722 3542 969 3597 hortatur
1014 3542 1217 3604 verbis,
1277 3551 1442 3610 utque
1493 3539 1651 3595 fidem
1703 3555 1828 3609 erga
1880 3540 2055 3609 ipsum

478 3647 695 3690 tueatur
755 3636 1052 3698 hortatus,
1126 3634 1531 3702 Conuacorigi,
1601 3648 1724 3687 cum
1803 3633 2056 3701 przesidio

476 3725 512 3778 4
548 3725 797 3789 millium,
843 3726 1032 3777 urbetn
1066 3724 1475 3778 custodiendam
1523 3723 1708 3777 tradit.
1752 3720 2056 3777 Prtetextus

476 3826 617 3882 erat,
664 3818 1010 3872 defensurum
1042 3831 1101 3871 se
1130 3817 1297 3880 cives,
1344 3816 1389 3870 si
1432 3814 1667 3869 Romani
1699 3815 1827 3885 quid
1865 3826 2056 3870 contra

476 3911 791 3974 moliantur,
815 3919 869 3963 et
895 3918 1365 3963 conservaturum.
1400 3906 1539 3961 llinc
1562 3907 1866 3961 distributis
1892 3908 1944 3959 in
1975 3907 2057 3962 ci-

474 4015 589 4065 ves,
626 4001 859 4053 maxime
884 4000 935 4053 in
966 4000 1337 4068 magistratus,
1376 3998 1641 4067 pecuniis,
1679 4013 1868 4053 versus
1894 3997 2057 4054 Sino-

477 4107 602 4161 pem
640 4093 1000 4163 navigationis
1027 4108 1245 4145 cursum
1278 4092 1482 4162 dirigit.

2155 3274 2354 3337 λίταις,
2378 3272 2473 3325 καὶ
2495 3271 2539 3302 ³⁸
2557 3272 2731 3342 ταύτῃ
2772 3271 2906 3343 μηδὲ
2927 3271 3027 3334 τὰς
3054 3269 3231 3333 πύλας
3261 3270 3407 3339 ἔχειν
3427 3284 3723 3339 παρεγγυη-

2159 3364 2393 3434 σάμενος
2437 3361 2851 3431 κεκλεισμένας,
2893 3360 3135 3431 μεθύσας
3174 3377 3237 3413 τε
3293 3360 3389 3414 τὸν
3434 3359 3619 3428 δῆμον,
3668 3358 3722 3408 ἐκ

2158 3456 2507 3526 συνθήματος
2538 3454 2680 3507 κατὰ
2723 3453 2820 3525 τὴν
2856 3452 3027 3524 αὐτὴν
3057 3452 3278 3524 ἡμέραν
3317 3449 3603 3520 ἐφεστάναι
3642 3448 3722 3501 λά-

2159 3549 2264 3619 θρᾳ
2292 3544 2818 3618 προπαρασκευάζει
2844 3546 2888 3577 “
2916 3545 3007 3598 τὸν
3043 3544 3410 3616 Μιθριδάτην.
3438 3542 3547 3595 Καὶ
3571 3539 3721 3600 οὕτως

2159 3641 2192 3709 ἡ
2238 3638 2414 3701 πόλις,
2470 3638 2607 3707 μηδὲ
2650 3636 2749 3708 τὴν
2794 3635 2978 3706 ἄφιξιν
3030 3636 3375 3705 αἰσθομένων
3418 3634 3525 3687 τῶν
3582 3632 3721 3702 Ἦρα-

2159 3729 2435 3796 κλεωτῶν,
2474 3729 2578 3782 ὑπὸ
2604 3731 2765 3800 χεῖρα
2812 3729 3123 3800 Μιθριδάτῃ
3171 3728 3406 3795 γίνεται.
3459 3727 3537 3797 Τῇ
3573 3722 3722 3778 ἐπαύ-

2163 3840 2277 3892 ριον
2308 3822 2367 3875 δὲ
2400 3822 2748 3889 συγκαλέσας
2778 3822 2840 3874 τὸ
2887 3820 3093 3892 πλῆθος
3126 3824 3155 3875 ὁ
3195 3820 3475 3891 βασιλεὺς,
3513 3818 3601 3871 καὶ
3640 3832 3717 3883 φιν

2159 3913 2297 3977 λίοις
2343 3914 2744 3983 δεξιωσάμενος
2787 3913 2989 3981 λόγοις,
3042 3914 3138 3967 καὶ
3191 3913 3295 3983 τὴν
3353 3910 3562 3964 εὔνοιαν
3607 3906 3723 3976 πρὸς

2160 4005 2326 4059 αὑτὸν
2360 4006 2702 4076 παραινέσας
2728 4003 2945 4073 σώζειν,
2983 4003 3457 4076 τετρακισχιλίους
3489 4018 3544 4053 τε
3576 4016 3723 4069 φρου-

2166 4097 2292 4167 ροὺς
2328 4099 2746 4170 ἐγκαταστήσας
2800 4100 2895 4151 καὶ
2939 4096 3294 4168 φρούραρχον
3337 4094 3720 4162 Κοννακόρηκα,

477 4185 752 4254 προφάσει
776 4184 893 4245 τοῦ,
924 4185 971 4237 εἰ
1013 4184 1275 4253 Ῥωμαῖοι
1313 4183 1623 4255 βουληθεῖεν
1661 4184 2060 4252 ἐπιϐουλεύειν,
2111 4188 2213 4257 τῆς
2256 4188 2467 4253 πόλεως
2504 4189 2747 4252 ἐκείνους
2783 4188 3124 4258 ὑπερμαχεῖν
3178 4189 3277 4241 καὶ
3324 4186 3571 4256 σωτῆρας
3600 4176 3719 4234 εἶναι

474 4282 585 4335 τῶν
614 4281 991 4349 ἐνοικούντων,
1034 4277 1155 4334 εἶτα
1195 4280 1253 4333 δὲ
1304 4281 1398 4333 καὶ
1452 4281 1717 4351 χρήματα
1769 4280 2050 4354 διανείμας
2076 4287 2189 4348 τοῖς
2220 4286 2277 4338 ἐν
2309 4286 2470 4358 αὐτῇ,
2499 4285 2738 4357 μάλιστα
2764 4285 2821 4339 δὲ
2849 4288 2963 4350 τοῖς
3000 4287 3060 4340 ἐν
3115 4285 3296 4348 τέλει,
3336 4284 3430 4338 ἐπὶ
3497 4280 3593 4350 τῆς
3647 4275 3719 4328 3‘-
3742 4336 3753 4349 ,

478 4376 666 4446 νὼπης
691 4374 1037 4442 ἐξέπλευσεν.

1301 4494 1427 4549 Car.
1462 4489 1716 4548 XLV.—
1739 4490 1943 4562 Pugna
1968 4492 2120 4548 Rom.
2151 4512 2269 4549 cum
2314 4495 2557 4550 Mithrid.
2606 4493 2878 4547 secundm.

551 4608 689 4663 Tum
725 4604 979 4662 Lucullus
1008 4613 1064 4660 et
1092 4603 1250 4659 Cotta
1280 4613 1335 4657 et
1356 4602 1603 4655 Triarius
1637 4602 1865 4656 Romani
1892 4604 2058 4657 duces

2234 4605 2534 4667 Λεύκολλος
2557 4602 2612 4656 δὲ
2642 4602 2739 4655 καὶ
2768 4601 2981 4665 Κόττας
3022 4600 3117 4654 καὶ
3146 4600 3477 4669 Ὀτριάριος,
3519 4596 3565 4648 οἱ
3600 4593 3716 4644 Ῥω-

479 4700 548 4761 ad
583 4700 961 4755 Nicomedeam
1011 4696 1316 4768 agminibus
1360 4694 1697 4764 conjunctis,
1742 4695 1792 4748 in
1827 4693 2057 4750 Pontum

480 4797 839 4866 irruptionem
875 4796 1054 4849 facere
1095 4794 1455 4848 destinaruut.
1490 4791 1561 4844 At
1602 4792 1908 4845 renuntiata
1943 4790 2052 4846 lle-

479 4891 671 4946 racleae
723 4888 1141 4958 Oppugnatione,
1199 4902 1319 4940 cum
1365 4885 1430 4939 de
1476 4885 1777 4954 proditione
1829 4886 2057 4939 necdum

482 4993 785 5047 constaret,
826 4982 919 5037 sed
959 4983 1125 5035 totius
1160 4981 1317 5035 simul
1365 4979 1601 5034 civitatis
1645 4980 1923 5034 voluntate
1966 4981 2060 5035 de-

475 5078 762 5133 fectionem
782 5077 1074 5146 contigisse
1093 5074 1509 5137 arbitrarentur,
1536 5072 1742 5126 Luculli
1771 5073 2057 5127 consilium

473 5179 593 5223 erat
622 5178 677 5220 ut
712 5168 826 5236 ipse
855 5184 974 5222 cum
1009 5168 1202 5220 robore
1232 5166 1507 5219 exercitus
1536 5180 1631 5231 per
1662 5163 2054 5217 Mediterranea

472 5272 530 5317 et
570 5261 966 5331 Cappadociam
1019 5268 1259 5313 moveret
1306 5259 1358 5311 in
1402 5273 1581 5325 regem
1614 5268 1667 5310 et
1718 5266 1890 5309 totum
1939 5255 2058 5323 ejus

476 5370 723 5423 regnum,
764 5362 817 5406 et
851 5352 1165 5407 Heracleam
1200 5360 1534 5420 Oppugnaret
1565 5348 1750 5403 Cotta.
1814 5346 2057 5400 Triarius

474 5458 677 5512 autem,
709 5455 983 5515 assumpta
1020 5444 1215 5507 classe,
1244 5442 1436 5497 missas
1458 5443 1512 5503 in
1542 5442 1758 5495 Cretam
1790 5450 1845 5493 et
1870 5439 2057 5507 Hispa-

2167 4700 2343 4768 μαίων
2378 4694 2780 4765 αὐτοκράτορες
2831 4694 3150 4764 στρατηγοὶ,
3197 4692 3291 4744 ἐπὶ
3344 4691 3445 4760 τῆς
3497 4688 3715 4751 Νικομη-

2162 4790 2312 4852 δείας
2363 4787 2486 4841 καθ’
2532 4787 2592 4839 ἓν
2635 4786 2920 4854 γενόμενοι
2973 4784 3233 4855 ὥρμηντο
3277 4784 3357 4845 είς
3407 4783 3495 4834 τὸν
3542 4778 3712 4831 Πόντον

2161 4882 2422 4952 ἐμϐαλεῖν
2450 4897 2465 4911 ⁸
2502 4879 2623 4952 [741
2654 4877 2746 4950 IL]
2784 4880 2907 4931 ἐπεὶ
2930 4878 2985 4932 δὲ
3012 4879 3197 4939 αὐτοῖς
3224 4878 3257 4946 ὴ
3282 4879 3382 4946 τῆς
3421 4869 3710 4942 Ἡρακλείας

2162 4973 2469 5043 κατάληψις
2523 4972 2789 5043 ἠγγέλθη,
2831 4973 2865 5041 ὴ
2893 4971 2951 5024 δὲ
3003 4970 3265 5041 προδοσία
3314 4970 3416 5021 οὐκ
3470 4958 3705 5031 ἐγνώσθη.

2163 5067 2299 5121 ἀλλὰ
2330 5068 2430 5136 τῆς
2472 5066 2684 5127 πόλεως
2722 5065 2847 5134 ὅλης
2880 5066 2913 5133 ή
2945 5063 3250 5125 ἀπόστασις
3291 5056 3561 5130 ἐνομίσθη,
3594 5049 3706 5104 Λεύ-

2162 5162 2350 5213 κολλον
2378 5161 2476 5228 μὲν
2509 5159 2684 5212 ἐδόκει
2727 5158 2866 5227 μετὰ
2893 5160 2992 5227 τῆς
3034 5155 3295 5225 πλείστης
3329 5150 3596 5219 δυνάμεως
3638 5141 3704 5199 εἰς

2161 5252 2257 5321 τὴν
2308 5250 2704 5304 Καππαδοκίαν
2761 5248 2850 5300 διὰ
2904 5249 3003 5318 τῆς
3061 5246 3345 5316 μεσογείου
3403 5241 3587 5312 χωρεῖν
3628 5229 3703 5283 ἐπί

2160 5361 2219 5394 τε
2263 5342 2603 5412 Μιθριδάτην
2650 5342 2744 5393 καὶ
2792 5340 2891 5407 τὴν
2944 5341 3126 5391 πᾶσαν
3180 5336 3474 5408 βασιλείαν,
3522 5327 3700 5382 Κότταν

2159 5436 2216 5488 δὲ
2262 5435 2357 5488 ἐπὶ
2413 5434 2761 5503 Ἡρακλείας,
2808 5432 3115 5501 ὐτριάριον
3156 5429 3215 5482 δέ
3244 5428 3303 5481 τὸ
3332 5420 3568 5480 ναυτικὸν
3593 5417 3697 5468 ἀνα·

1770 5552 2001 5607 νΑΙῖΙᾸΞ
2036 5549 2444 5605 LECTIONES.

548 5656 591 5686 ³⁵
635 5652 776 5720 βουλ.
814 5669 873 5705 τε
909 5652 1017 5703 τῶν
1045 5649 1503 5721 διημαρτημένων
1534 5667 1592 5711 C-

1693 5648 1736 5677 ⁸ο
1771 5643 2102 5715 καρχηδόνος
2155 5643 2295 5715 libri.
2330 5712 2339 5715 _
2373 5642 2414 5673 “
2516 5640 2636 5715 add.

2871 5635 2916 5667 δ’
2943 5632 3194 5705 ἐπίϐασιν
3222 5663 3289 5674 -
3320 5618 3568 5705 ποταμὸν]
3600 5615 3696 5705 fot-

480 5693 771 5789 lasserleg,
831 5724 922 5773 ἐπὶ
957 5693 1470 5774 φάσιν¹⁸ῖκ¹ιιέῗτοςκ
1507 5698 1560 5771 οἱ
1614 5720 1811 5770 Πόντον
1844 5693 2003 5770 i—t’itL-o
2035 5714 2199 5767 etiam
2252 5712 2519 5769 Palmerio
2551 5711 2842 5779 placuisse.
2920 5706 2964 5738 ⁸³
3001 5704 3184 5775 φιλίαν
3214 5735 3293 5775 --,
3330 5701 3418 5755 καὶ
3446 5693 3613 5768 μαθὼν
3640 5700 3686 5747 ς·

476 5796 523 5826 ⁸⁵
564 5792 677 5863 καὶ]
708 5795 806 5845 κάν
833 5794 1157 5860 Stephanus.
1239 5792 1280 5823 ‘5
1318 5790 1721 5857 παρασκευάζει
1758 5806 1809 5850 τ.
