4004 6450
221 325 443 445 .921

1390 384 1912 446 BIBLIOTHECA.
1937 411 2005 421 -
2042 385 2204 445 COD.
2255 384 2546 447 CCXXIV.

3475 381 3582 447 922

337 471 578 525 λαϐόντα
603 471 731 542 περὶ
764 470 854 526 τὸν
898 472 1283 542 Ἑλλήσποντον
1310 474 1405 526 καὶ
1439 475 1537 542 τὴν
1569 473 1908 542 Προποντίδα

2022 474 2153 525 uiam
2189 471 2513 525 Mithridatis
2545 483 2727 529 naves,
2769 470 2824 524 in
2852 470 3048 534 reditu,
3081 469 3221 521 circa
3265 468 3583 538 llellespOn-

339 563 443 625 τὰς
474 562 565 613 ἐπὶ
598 563 822 632 Κρήτην
851 563 945 616 καὶ
979 562 1218 632 Ἰϐηρίαν
1255 564 1671 633 ἀπεσταλμένας
1717 564 1912 635 Μιθρι-

335 653 589 716 δατείους
646 651 778 715 ναῦς
818 654 1267 723 ὑποστρεφούσας
1331 656 1515 723 λοχᾷν.
1574 655 1912 725 Μιθριδάτης

336 743 400 795 δὲ
432 744 607 796 ταῦτα
636 744 850 797 ἀκούων
881 746 1346 817 παρεσκευάζετο,
1373 747 1466 799 καὶ
1499 746 1913 818 διεπρεσϐεύετο

336 836 484 904 πρός
513 854 574 888 τε
605 836 731 899 τοὺς
762 838 980 890 Σκυθῶν
1019 837 1257 907 βασιλεῖς
1288 839 1381 891 καὶ
1414 838 1547 908 πρὸς
1575 838 1667 891 τὸν
1698 838 1913 907 Πάρθον

337 931 441 981 καὶ
464 928 600 999 πρὸς
625 930 717 981 τὸν
742 929 988 1000 γαμϐρὸν
1011 930 1172 983 αὑτοῦ
1194 931 1468 1000 Τιγράνην
1489 932 1579 984 τὸν
1610 932 1912 1003 Ἀρμένιον.

354 1021 499 1073 Ἀλλ’
548 1022 594 1073 οἱ
656 1021 753 1089 μὲν
800 1022 1049 1088 ἀπεῖπον,
1092 1023 1366 1092 Τιγράνης
1416 1023 1472 1076 δὲ
1520 1022 1623 1076 ὑπὸ
1661 1023 1762 1091 τῆς
1808 1024 1916 1075 Μι-

344 1112 599 1181 θριδάτου
656 1112 924 1184 θυγατρὸς
975 1114 1232 1177 πολλάκις
1275 1112 1585 1183 ἐνοχληθεὶς
1638 1114 1728 1165 καὶ
1782 1114 1917 1165 ἀνα-

353 1205 676 1274 ϐαλλόμενος
712 1206 863 1275 ὅμως
908 1207 1113 1276 ὑπέστη
1145 1208 1243 1278 τὴν
1273 1206 1610 1276 συμμαχίαν.
1658 1206 1767 1259 Kal
1812 1206 1918 1259 Μι-

357 1298 603 1368 θριδάτης
634 1297 926 1369 διαφόρους
958 1298 1189 1368 πέμπων
1220 1298 1361 1352 κατά
1378 1298 1678 1351 Λευκόλλου
1724 1314 1919 1362 στρατ-

356 1388 539 1453 ηγοὺς,
579 1387 673 1438 καὶ
709 1387 809 1456 τῆς
854 1388 1168 1456 συμπλοκῆς
1220 1385 1612 1455 ἐπιγενομένης
1659 1383 1919 1451 πολύτρο-

352 1497 445 1531 ποι
479 1479 523 1510 ³⁶
559 1479 655 1547 μὲν
688 1478 1001 1532 συνέϐαινον
1042 1480 1098 1530 αἱ
1137 1478 1451 1546 μεταϐολαὶ,
1501 1479 1557 1529 ὲν
1606 1478 1715 1537 τοῖς
1767 1474 1919 1526 πλεί-

351 1590 498 1635 στοις
527 1572 674 1626 δὲτὰ
729 1572 1015 1641 Ῥωμαίων
1059 1573 1103 1604 ⁴⁷
1147 1573 1294 1640 ὅμως
1332 1568 1632 1639 κατώρθου.
1690 1564 1917 1634 ’Ῑίθύμει

350 1665 452 1732 μὲν
477 1666 505 1717 ὁ
530 1664 783 1734 βασιλεύς
814 1680 829 1694 ο
879 1664 1137 1735 ἁθροίσας
1184 1663 1229 1716 δ’
1261 1660 1352 1715 οὗν
1386 1660 1565 1725 πεζῶν
1598 1659 1695 1730 μὲν
1729 1659 1769 1711 δ’
1804 1674 1921 1727 μυ-

350 1758 560 1825 ριάδας,
588 1759 774 1819 ἱππεῖς
803 1754 861 1811 δὲ
892 1755 1345 1826 ὀκτακισχιλίους,
1371 1752 1647 1822 ἐξέπεμψε
1684 1752 1915 1817 Διόφαν-

342 1867 441 1901 τον
485 1850 580 1902 καὶ
618 1848 881 1917 Ταξίλλην
920 1849 1011 1900 ὲπὶ
1046 1850 1161 1911 τοῖς
1193 1846 1747 1916 προαπεσταλμένοις.
1792 1842 1913 1895 Τῶν

343 1944 404 1997 δὲ
461 1945 572 2005 τοῖς
622 1939 953 2012 προλαϐοῦσι
997 1940 1377 2009 συναφθέντων
1420 1938 1541 1991 κατ’
1593 1938 1767 2007 ἀρχὰς
1819 1937 1917 2005 μὲν

346 2032 767 2102 ἀκροϐολισμοῖς
823 2028 1067 2099 ἀλλήλων
1114 2031 1164 2082 οἱ
1217 2028 1466 2096 πολέμιοι
1514 2025 1635 2079 καθ’
1682 2026 1919 2095 ἑκάστην

349 2122 541 2192 σχεδὸν
580 2122 979 2193 ἀπεπειρῶντο,
1024 2117 1141 2174 εἶτα
1205 2120 1538 2190 ἱππομαχίαι
1584 2119 1919 2189 συνέστησαν

350 2216 419 2285 β’,
468 2209 542 2269 ὧν
582 2214 679 2283 τὴν
706 2212 803 2284 μὲν
834 2213 962 2284 [585
992 2211 1085 2284 Η.]
1137 2213 1330 2266 ὲνίκων
1380 2213 1427 2264 οἱ
1484 2211 1763 2280 Ῥωμαῖοι,
1820 2209 1919 2281 τὴν

343 2308 608 2377 δευτέραν
634 2306 691 2359 δὲ
718 2307 768 2358 οἱ
798 2306 1068 2359 Ποντικοί.
1100 2303 1431 2374 Τριϐομένου
1462 2303 1518 2356 δὲ
1535 2303 1628 2356 τοῦ
1659 2303 1917 2373 πολέμου,

345 2398 648 2462 Λεύκολλος
681 2398 884 2470 ἀγορὰν
914 2398 1139 2464 ἄξοντας
1171 2400 1250 2459 εἰς
1278 2396 1675 2450 Καππαδοκίαν
1707 2397 1920 2465 ἐκπέμ-

343 2507 466 2557 πει,
500 2494 593 2545 καὶ
624 2489 811 2562 μαθὼν
842 2489 1108 2559 Ταξίλλης
1138 2489 1230 2542 καὶ
1273 2489 1561 2556 Διόφαντος
1597 2488 1792 2553 πεζοὺς
1827 2490 1920 2541 ὲκ-

344 2584 627 2651 πέμπουσι
684 2580 1152 2652 τετρακισχιλίους
1206 2579 1300 2632 καὶ
1364 2579 1547 2641 ἱππεῖς
1604 2578 1915 2649 δισχιλίους,

341 2674 435 2741 ἐφ’
473 2666 517 2742 ᾧ
554 2670 866 2742 ἐπιθέμενοι
900 2672 1298 2741 ἀφαιρήσονται
1326 2673 1453 2733 τοὺς
1484 2669 1919 2739 ἀποκομίζοντας

340 2764 447 2827 τὰς
496 2764 724 2834 ἀγοράς.
780 2762 891 2817 Kal
918 2762 1304 2831 συμϐαλόντων
1334 2761 1379 2793 ⁸⁸
1405 2760 1655 2830 ἀλλήλοις
1685 2762 1919 2830 ἐπικρα-

340 2856 591 2926 τέστεροι
640 2855 927 2925 γεγόνασιν
999 2857 1047 2908 οἱ
1112 2853 1371 2923 Ῥωμαίοι
1406 2870 1421 2886 ⁸
1482 2851 1799 2921 πέμψαντος
1862 2851 1918 2903 δὲ

338 2949 647 3003 Λευκόλλου
709 2948 959 3020 βοήθειαν
1014 2949 1127 3009 τοῖς
1176 2948 1419 3010 οἰκείοις,
1478 2945 1653 3014 τροπὴ
1712 2945 1919 3012 γίνεται

343 3040 637 3111 βαρϐάρων
686 3041 1016 3111 περιφανής.
1071 3039 1181 3093 Kal
1217 3042 1283 3109 τῇ
1313 3041 1459 3108 φυγῇ
1482 3036 1687 3089 τούτων
1712 3038 1746 3105 ὴ
1788 3036 1919 3087 Ῥω-

2015 574 2126 617 ιιιιιι
2157 572 2211 616 et
2244 563 2621 632 Propontidem
2662 564 3023 631 interciperet.
3058 560 3262 627 Quibus
3304 560 3583 615 Mithrida-

2016 666 2099 711 tes
2132 656 2329 709 auditis
2356 697 2369 718 ,
2403 656 2457 708 in
2508 670 2674 709 novos
2707 655 2825 709 belli
2870 666 3159 722 apparatus
3201 653 3492 713 incumbit,
3530 663 3585 705 et

2014 744 2338 815 Scytharum
2384 760 2569 814 reges,
2620 745 2985 812 l‘arthnmqne
3035 752 3089 797 et
3128 759 3382 812 generum
3428 758 3582 795 suum

2017 837 2301 906 Tigranem
2327 838 2639 891 Armenium
2665 838 2938 891 sollicitat.
2966 837 3154 890 Czeteri
3185 836 3399 905 quidem
3425 837 3588 888 dene-

2017 939 2149 1001 gant
2176 948 2189 983 :
2223 940 2277 982 at
2307 931 2591 997 Tigranes,
2627 930 2752 985 licet
2772 932 2861 983 diu
2888 940 3256 993 cunctaretur,
3280 928 3478 996 smpins
3506 939 3585 979 ta-

2020 1040 2139 1078 men
2179 1040 2206 1078 a
2232 1024 2337 1078 filia
2366 1023 2714 1087 Mithridatis,
2746 1040 2852 1078 non
2889 1025 3005 1078 sine
3029 1023 3289 1083 molestia,
3328 1021 3588 1090 interpel-

2020 1116 2178 1181 latus,
2233 1116 2433 1169 auxilia
2494 1116 2706 1170 tandem
2753 1117 3022 1185 promisit.
3079 1115 3297 1168 Interim
3344 1115 3588 1168 diversos

2019 1214 2204 1259 contra
2238 1205 2513 1259 Lucullum
2559 1205 2893 1260 Mithridates
2927 1205 3207 1275 praefectos
3239 1206 3497 1269 dimittit,
3537 1213 3590 1258 et

2019 1306 2141 1365 post
2189 1297 2507 1351 commissas
2554 1296 2730 1360 acies,
2779 1298 2942 1351 varia:
3000 1295 3312 1350 acciderunt
3357 1296 3587 1349 fortuna}

2022 1388 2204 1440 vices:
2240 1387 2290 1440 in
2339 1387 2609 1456 plerisque
2657 1398 2832 1441 tamen
2872 1403 3127 1457 prospera
3182 1386 3409 1440 fortuna:
3456 1400 3587 1441 aura

2022 1479 2221 1532 alllavit
2264 1479 2561 1543 Romanis,
2610 1490 2665 1533 et
2707 1479 3001 1533 Mithridati
3056 1480 3267 1531 animus
3322 1476 3584 1544 elanguit.

2021 1570 2330 1626 Contractis
2380 1571 2543 1640 igitur
2585 1571 2652 1625 40
2696 1570 2933 1639 peditum
2975 1580 3029 1624 et
3063 1570 3098 1624 8
3140 1570 3379 1638 equitum
3428 1568 3590 1621 tnilli-

2023 1663 2154 1725 bus,
2196 1663 2549 1731 Diophantnm
2598 1674 2653 1718 et
2699 1664 2954 1730 Taxilen,
2991 1664 3130 1716 ultra
3202 1664 3396 1717 missos
3440 1672 3587 1729 ante,

2022 1756 2264 1811 dimittit.
2328 1755 2426 1821 Qui
2478 1771 2599 1810 cum
2654 1758 2719 1810 ad
2777 1767 3145 1810 antecessores
3196 1755 3588 1819 accessissent,

2026 1847 2288 1917 principio
2329 1847 2730 1903 velitationibus
2767 1847 2880 1903 fere
2907 1848 3138 1902 assiduis
3172 1848 3399 1903 hostiles
3432 1862 3590 1900 exer-

2022 1941 2161 1993 citus
2208 1940 2349 1993 inter
2392 1955 2450 1995 se
2488 1941 2634 1994 vires
2682 1941 3052 2011 eXplorabant.
3106 1939 3293 1993 Postea
3339 1938 3404 1991 ad
3457 1939 3591 1992 duas

2022 2045 2230 2099 pugnas
2260 2042 2537 2100 equestres
2562 2032 2845 2087 deventum
2876 2041 2980 2095 est,
3024 2047 3249 2100 quarum
3282 2032 3450 2084 altera
3484 2031 3592 2086 Ro.

2025 2125 2190 2190 mani,
2218 2125 2387 2180 altera
2431 2125 2676 2192 Pontici,
2718 2128 2953 2181 victores
2995 2127 3197 2182 abiere.
3236 2128 3480 2195 Dumque
3516 2128 3588 2179 ita

2020 2216 2220 2271 bellum
2250 2218 2483 2282 ducitur,
2513 2217 2767 2272 Lucullus
2809 2218 3005 2289 235a
3069 2219 3120 2271 in
3160 2218 3589 2288 Cappadociam,

2022 2308 2111 2376 qui
2146 2321 2503 2364 commeatum
2528 2311 2653 2365 inde
2679 2311 2957 2377 aﬂ'errent,
2991 2312 3155 2365 misit.
3191 2312 3310 2378 Quo
3330 2312 3589 2366 observa-

2022 2411 2095 2466 to,
2131 2403 2348 2457 Taxiles
2385 2414 2441 2458 et
2471 2403 2802 2473 Diophantus
2827 2405 2860 2459 4
2895 2405 3134 2474 peditmn
3178 2417 3232 2459 et
3267 2404 3409 2458 2000
3436 2406 3593 2473 equi-

2023 2504 2131 2546 tum
2161 2504 2349 2548 contra
2396 2496 2651 2557 mittunt,
2687 2504 2743 2549 ut
2769 2536 2784 2559 ,
2815 2497 3026 2551 insidiis
3057 2497 3108 2549 in
3138 2497 3315 2550 medio
3362 2497 3551 2564 positis
3574 2535 3590 2559 ,

2020 2584 2401 2652 impedimenta
2453 2587 2851 2641 revertentibus
2891 2587 3209 2641 adimerent.
3244 2585 3345 2640 Ubi
3375 2590 3441 2641 ad
3480 2602 3593 2639 tna-

2021 2691 2123 2730 nus
2147 2685 2363 2730 ventum
2390 2687 2645 2745 superant
2672 2677 2925 2741 Romani,
2950 2687 3003 2733 et
3034 2679 3288 2735 subsidiis
3311 2680 3339 2732 it
3370 2678 3596 2733 Lucullo

2023 2767 2224 2831 missis,
2250 2767 2371 2837 fuga
2401 2768 2761 2823 barbarorum
2787 2770 3017 2837 insignis
3040 2770 3419 2824 committitur.
3450 2770 3597 2835 Quo-

2024 2872 2139 2909 rum
2171 2859 2409 2925 vestigiis
2432 2858 2749 2912 insistentes
2774 2856 3026 2926 Romani,
3054 2860 3120 2912 ad
3155 2860 3268 2929 ipsa
3309 2859 3593 2928 Diophanti

2021 2958 2076 3001 et
2122 2947 2326 3003 Taxilis
2369 2959 2554 3003 castra
2595 2951 2991 3019 provehuntnr.
3042 2951 3139 3005 Ubi
3189 2950 3363 3005 valido
3414 2961 3597 3004 certa-

2022 3040 2167 3092 mine
2202 3040 2353 3105 inito,
2384 3040 2449 3093 ad
2488 3041 2648 3095 breve
2686 3052 2895 3111 tempus
2924 3044 3183 3096 obstitere
3213 3042 3441 3097 Pontici.
3474 3042 3593 3095 Mox

341 3131 523 3200 μαίων
552 3130 781 3201 δύναμις
813 3130 1152 3201 όδηγουμένη
1184 3129 1229 3160 ⁵³
1262 3131 1353 3181 ἐπὶ
1378 3128 1441 3180 τὸ
1467 3127 1829 3198 στρατόπεδον
1859 3128 1915 3178 τὸ

2025 3133 2113 3185 ubi
2154 3134 2310 3200 primi
2356 3136 2738 3189 abscesserunt
2788 3136 2988 3199 duces,
3046 3145 3153 3188 tota
3206 3134 3461 3188 inclinata
3516 3147 3602 3187 est

340 3224 473 3293 περὶ
500 3224 793 3293 Διόφαντον
834 3224 929 3276 καὶ
976 3221 1243 3292 Ταξίλλην
1294 3216 1450 3291 ἧκον,
1506 3219 1601 3274 καὶ
1646 3221 1921 3290 καρτερᾶς

337 3315 481 3386 πρὸς
508 3315 708 3379 αὑτοὺς
744 3315 843 3384 τῆς
875 3313 1051 3385 μάχης
1086 3313 1385 3383 γενομένης
1421 3313 1466 3344 ⁵ο
1500 3310 1587 3364 ἐπ’
1617 3311 1797 3378 ὀλίγον
1823 3312 1919 3379 μὲν

337 3409 603 3477 ἀντέσχον
628 3411 677 3462 οἱ
708 3409 983 3469 Ποντικοὶ,
1015 3402 1133 3460 εἶτα
1176 3405 1285 3459 τῶν
1334 3404 1659 3476 στρατηγῶν
1702 3403 1920 3473 πρῶτον

2027 3226 2211 3279 acies:
2243 3235 2297 3277 et
2332 3226 2431 3295 ipsi
2466 3229 2743 3295 copiarum
2794 3229 3051 3281 ductores
3088 3228 3259 3280 nuntii
3293 3227 3463 3280 cladis
3505 3241 3603 3279 ve-

2028 3328 2225 3371 nerunt
2263 3317 2583 3374 Mithridati.
2631 3320 2895 3375 tlccubuit
2926 3331 3053 3375 tunc
3093 3320 3282 3390 ingens
3339 3320 3603 3374 barbaro-

2029 3423 2143 3458 rum
2182 3409 2359 3463 turba.

336 3502 769 3573 ἀποχωρούντων
791 3501 990 3562 πάντες
1014 3499 1308 3552 ἐνέκλιναν.
1342 3499 1450 3551 Kal
1477 3497 1779 3568 Μιθριδάτῃ
1846 3495 1939 3549 τοῦ
1997 3498 2332 3569 πταίσματος
2389 3503 2440 3554 οἱ
2485 3504 2780 3574 στρατηγοὶ
2830 3502 3157 3572 αὐτάγγελοι
3211 3503 3601 3573 παρεγένοντο,

338 3596 436 3648 καὶ
466 3594 600 3647 πολὺ
633 3592 835 3663 πλῆθος
860 3592 984 3645 τότε
1007 3590 1115 3643 τῶν
1142 3590 1431 3661 βαρϐάρων
1468 3589 1738 3642 ἀπώλετο.

1294 3711 1423 3765 CAP.
1468 3708 1650 3764 XLVI.
1688 3739 1759 3750 —
1796 3707 1950 3780 Fuga
1997 3709 2321 3765 Mithridatis
2358 3710 2672 3780 periculosa.

412 3835 567 3889 Οὕτω
638 3833 942 3905 Μιθριδάτῃ
994 3833 1103 3886 τῶν
1167 3838 1509 3905 πραγμάτων
1585 3835 1901 3907 περιφανῶς

336 3927 786 3996 ἀποκεκλιμένων
821 3926 929 3977 τῶν
966 3942 1025 3977 τε
1069 3925 1352 3995 βασιλίδων
1378 3926 1716 3999 γυναικῶνή
1750 3928 1910 3981 ἀναί-

342 4037 493 4091 ρεσις
520 4020 830 4087 ἐπεποίητο,
861 4018 956 4071 καὶ
987 4018 1210 4086 φεύγειν
1247 4020 1311 4071 ὲκ
1336 4019 1446 4071 τῶν
1478 4020 1757 4090 Καϐήρων
1799 4022 1907 4075 αὑ-

333 4114 451 4177 τὸς,
469 4115 525 4165 ὲν
550 4108 628 4175 οἷς
659 4112 916 4182 διέτριϐε,
946 4111 1119 4181 λάθρα
1146 4110 1256 4163 τῶν
1281 4111 1457 4165 ἄλλων
1487 4113 1745 4182 ὑπηκόων
1761 4112 1907 4183 ὁρμὴ

334 4204 553 4271 γέγονε.
598 4204 707 4255 Kal
756 4203 871 4272 ἥλω
896 4202 961 4257 ἂν
988 4204 1045 4256 ὲν
1086 4205 1152 4273 τῇ
1188 4206 1332 4273 φυγῇ
1364 4204 1473 4256 τῶν
1508 4205 1763 4257 Γαλατῶν
1791 4207 1915 4258 ἐπι·-

332 4296 659 4357 διωκόντων,
683 4296 885 4366 καίπερ
919 4294 1008 4350 τὸν
1052 4295 1322 4365 φεύγοντα
1361 4296 1722 4363 ἀγνοούντων,
1754 4299 1803 4350 εἰ
1840 4297 1915 4369 μὴ

336 4387 722 4456 περιτυχόντες
768 4387 977 4456 ἡμιόνῳ
1022 4385 1223 4455 χρυσὸν
1264 4388 1359 4439 καὶ
1397 4387 1637 4457 ἄργυρον
1669 4387 1776 4440 τῶν
1810 4389 1918 4440 Μι-

337 4478 654 4548 θριδατείων
707 4479 1005 4547 χρημάτων
1053 4478 1295 4549 φερούσῃ
1340 4479 1469 4550 περὶ
1521 4479 1619 4549 τὴν
1656 4480 1916 4549 ἁρπαγὴν

333 4572 543 4625 τούτων
587 4572 910 4641 ἐσχόλασαν.
951 4573 1061 4625 Kal
1093 4571 1256 4635 αὐτὸς
1280 4573 1359 4635 είς
1400 4572 1691 4644 Ἀρμενίαν
1718 4572 1916 4626 διασὼ-

332 4665 509 4728 (erat.

2092 3834 2245 3889 llunc
2267 3836 2556 3890 admodum
2611 3836 2829 3889 fortuna
2868 3834 3201 3889 Mithridatis
3230 3834 3283 3889 in
3312 3833 3462 3903 pejus
3511 3833 3604 3888 de-

2020 3942 2299 4002 vcrgente,
2348 3944 2402 3986 et
2432 3933 2595 3999 regia:
2635 3946 2830 3985 uxores
2876 3942 3121 3985 necatae:
3164 3942 3219 3983 et
3246 3946 3312 3983 ex
3368 3928 3601 3991 Cabiris,

2021 4025 2111 4079 ubi
2140 4030 2277 4079 clam
2315 4028 2429 4078 suis
2452 4024 2774 4093 aliquandiu
2808 4039 2866 4078 se
2897 4024 3264 4087 continuerat,
3296 4035 3389 4073 rex
3421 4021 3602 4087 fugam

2021 4117 2286 4185 arripuit:
2330 4117 2382 4170 in
2420 4132 2524 4185 qua
2564 4116 2729 4170 etiam
2766 4125 2955 4185 captus
2990 4124 3158 4177 esset,
3210 4113 3605 4167 insectantibus

2023 4208 2214 4272 Gallis,
2249 4210 2337 4277 qui
2375 4222 2552 4262 tamen
2593 4224 2773 4277 regem
2807 4209 3158 4276 ignorabant,
3195 4207 3297 4260 nisi
3336 4205 3478 4258 mula
3507 4205 3605 4257 oh-

2022 4305 2166 4357 viam
2198 4302 2339 4356 facta
2378 4302 2520 4372 (quae
2561 4301 2895 4356 Mithridatis
2920 4302 3137 4370 opibus,
3181 4307 3410 4366 argento
3443 4312 3606 4351 auro-

2023 4411 2130 4467 que
2160 4406 2354 4450 onusta
2389 4396 2529 4466 erat)
2557 4395 2863 4464 diripiendo
2889 4410 3095 4449 moram
3121 4393 3461 4447 nexuissent.
3499 4390 3607 4443 Ita-

2024 4504 2132 4558 que
2167 4502 2261 4542 rex
2292 4489 2344 4542 in
2372 4489 2688 4543 Armeniam
2719 4486 2974 4543 elabitur.

1105 4782 1231 4837 Car.
1290 4780 1501 4837 XLVII.
1544 4813 1615 4822 —
1648 4782 1904 4835 Lucullus
1947 4780 2292 4849 Eupatoria":
2340 4790 2388 4834 et
2425 4780 2660 4832 Amisum
2686 4779 2847 4848 capit.

404 4910 705 4965 Λεύκολλος
754 4911 811 4963 δὲ
846 4910 937 4963 ἐπὶ
981 4908 1081 4979 μὲν
1131 4910 1222 4961 τὸν
1278 4906 1619 4978 Μιθριδάτην
1683 4906 1909 4975 Μάρκον

2088 4904 2349 4960 Lucullus
2392 4915 2573 4958 autem
2616 4904 2880 4958 adversus
2925 4902 3299 4957 Mithridatem
3352 4901 3598 4959 Marcum

331 5006 621 5076 Πομπήϊον
658 5005 906 5073 ἡγεμόνα
938 5001 1266 5071 ἐξέπεμψεν,
1297 5001 1457 5063 αὐτὸς
1506 5000 1559 5053 δὲ
1601 5000 1695 5053 ἐπὶ
1728 5000 1914 5071 Καϐή-

334 5116 449 5169 ρων
483 5098 600 5168 μεθ’
622 5099 758 5168 ¹ὅλης
794 5096 1055 5167 ἠπείγετο
1084 5097 1181 5166 τῆς
1215 5096 1517 5162 δυνάμεως.
1552 5096 1645 5148 καὶ
1684 5095 1784 5163 τὴν
1815 5094 1912 5146 πό-

327 5194 416 5246 λιν
459 5191 958 5263 περικαθισὰμενος
1021 5191 1159 5258 σφᾶς
1212 5189 1406 5251 αὐτοὺς
1463 5187 1913 5258 παραδεδωκότας

329 5284 460 5346 τοὺς
504 5282 815 5352 βαρϐάρους
857 5280 1223 5342 ὑποσπόνδους
1271 5280 1396 5348 ἔσχε
1441 5279 1535 5331 καὶ
1575 5278 1681 5330 τῶν
1716 5278 1911 5347 τειχῶν

326 5373 673 5443 ἐκυρίευσεν.
720 5372 955 5425 Ἐκεῖθεν
995 5372 1050 5424 δὲ
1085 5371 1221 5441 πρὸς
1261 5370 1359 5440 τὴν
1406 5370 1626 5436 Ἀμισὸν
1661 5385 1911 5439 παραγε-

324 5464 527 5534 γονὼς,
558 5465 653 5517 καὶ
678 5464 857 5531 λόγοις
884 5464 1163 5535 παραινῶν
1192 5463 1316 5526 τοὺς
1350 5464 1407 5515 ἐν
1434 5463 1569 5532 αὐτῇ
1605 5462 1911 5530 Ῥωμαίους

2018 4996 2336 5067 Pompeium
2363 4997 2530 5049 mittit
2560 4995 2777 5057 ducem,
2805 4995 3026 5064 ipseque
3054 5010 3178 5049 cntn
3211 4995 3483 5050 uniVersis
3510 5012 3604 5047 co-

2017 5090 2121 5157 piis
2172 5090 2223 5141 in
2264 5088 2492 5142 Cabiros
2524 5096 2721 5151 movet,
2752 5088 2991 5155 urbeque
3035 5088 3425 5151 circumsessa,
3474 5087 3599 5138 tltttn

2018 5183 2236 5237 barbari
2264 5191 2414 5235 certo
2439 5198 2497 5235 se
2531 5190 2689 5249 pacto
2743 5182 2791 5234 ei
2829 5180 3171 5250 permittunt,
3204 5186 3259 5232 et
3289 5178 3431 5245 ipsos
3458 5178 3507 5230 in
3537 5180 3600 5229 ii-

2017 5282 2138 5330 dem
2174 5276 2392 5345 accipit,
2426 5284 2481 5329 et
2512 5274 2738 5328 castello
2772 5274 2995 5341 potitur.
3031 5271 3165 5325 Hinc
3192 5270 3437 5324 Amisum
3472 5285 3601 5337 pro-

2018 5369 2215 5435 fectus,
2260 5381 2311 5422 et
2344 5370 2409 5422 ad
2462 5369 2786 5422 deditionem
2820 5382 2916 5421 eos
2970 5367 3308 5426 cohortatus,
3341 5363 3431 5418 ubi
3489 5379 3598 5417 nott

2022 5465 2331 5530 persuadet,
2390 5464 2594 5518 omissa
2624 5461 2732 5527 illa,
2763 5461 2829 5514 ad
2866 5458 3208 5528 Eupatoriam
3258 5456 3596 5510 obsidionem

1635 5576 1873 5632 VARUS
1905 5578 2322 5635 LISCTIONES.

404 5677 452 5707 “
485 5675 837 5746 πολύτροποι]
880 5676 1003 5727 ἐπεὶ
1045 5676 1373 5745 πολύτροποι
1408 5678 1735 5743 Stephanus.

328 5748 475 5819 μένη
506 5747 549 5800 Α
595 5766 608 5801 :
661 5746 997 5817 βοηθουμένη
1040 5764 1097 5811 ς.
1174 5748 1218 5779 ⁸⁸
1255 5748 1625 5819 γεγενημένης
1662 5766 1719 5813 ς.

1842 5676 1888 5708 ⁸⁷
1912 5678 1971 5731 τὸ
2019 5682 2127 5734 τῶν
2176 5681 2435 5753 ρωμαίων
2470 5700 2529 5746 ς.

2640 5680 2683 5713 ⁸⁸
2705 5676 3117 5751 συμϐαλλόντων
3146 5693 3206 5739 ς.
3312 5675 3355 5707 δ’
3380 5672 3598 5746 ὁδηγού-
