4004 6446
532 369 636 432 923

1690 372 1943 433 PHOTII
1984 373 2116 433 ΡΑἸ

2220 374 2491 433 ARCILE
2529 375 2637 434 ΟΡ.
3656 376 3745 441 θὲί

533 483 833 539 transfert:
866 493 919 539 et
962 484 1301 555 negligenter
1334 500 1396 541 se
1430 486 1573 540 illam
1601 504 1915 556 oppugnare
1940 488 2112 541 simu-

2220 488 2578 556 προσχωρεῖν,
2604 485 2724 538 ἐπεὶ
2761 482 2859 539 οὐκ
2895 480 3102 545 ἔπειθε,
3141 480 3344 550 ταύτην
3382 480 3551 535 λιπὼν
3582 486 3652 549 εἰς
3669 490 3751 560 τήν

533 572 607 625 lat
638 593 648 626 :
680 583 736 625 ut
762 573 923 627 simili
960 575 1299 644 itegligentim
1333 576 1579 644 exetnplo
1604 579 1913 644 provocatis
1944 580 2114 635 hosti-

533 665 652 728 lms,
685 665 862 719 subita
896 668 1223 730 mutatione,
1254 668 1393 736 apud
1421 669 1661 721 animum
1692 671 1927 736 cogitata
1986 686 2110 740 pro-

532 772 691 823 spere
714 759 1026 811 conticeret.
1066 758 1131 811 Et
1156 770 1387 813 eventus
1427 758 1731 827 respondit:
1767 776 1940 827 eoque
1972 772 2113 815 stra-

534 861 804 919 tagemate
835 852 964 905 urbs
997 861 1175 919 capta.
1206 851 1343 905 Dum
1387 852 1531 907 enim
1564 851 1818 906 custodes
1843 853 1972 907 nihil
2009 855 2116 912 tale

528 945 849 1014 opinantur,
903 945 997 999 sed
1048 960 1241 999 secure
1272 957 1456 1015 agunt,
1514 944 1603 1000 ille
1640 945 1808 1014 jussis
1870 946 2115 1015 arripere

532 1035 713 1090 scalas
751 1036 1013 1091 militibus
1047 1038 1245 1091 mmnia
1288 1035 1691 1090 conscendendi
1730 1035 1939 1105 cupiam
1964 1034 2116 1091 facit.

534 1130 597 1179 tit
626 1129 705 1183 sic
737 1138 891 1197 capta
912 1128 1203 1197 Eupatoria
1232 1128 1503 1197 extemplo
1529 1128 1779 1185 diruitur.
1817 1128 1928 1184 Nec
1953 1129 2118 1186 multo

536 1230 656 1283 post
700 1220 914 1289 capitur
965 1222 1130 1275 etiam
1190 1221 1448 1287 Amisus,
1482 1221 1755 1277 scalarum
1811 1223 2118 1279 admotione

534 1312 703 1365 etiam
763 1314 852 1368 hic
900 1314 1171 1381 superatis
1213 1315 1281 1367 ab
1317 1313 1469 1369 lmste
1519 1313 1811 1369 mmuibus.
1850 1314 1917 1369 Et
1966 1315 2120 1371 initio

538 1406 714 1459 caedes
768 1404 962 1473 23512
1016 1420 1125 1459 non
1166 1404 1458 1459 mediocris
1502 1405 1556 1459 in
1600 1406 1749 1461 cives
1796 1406 2115 1474 peragitur:

538 1496 632 1550 sed
657 1505 842 1564 postea
878 1497 1152 1563 Lucullus,
1181 1498 1331 1552 caede
1364 1497 1613 1561 inhibita,
1648 1507 1699 1552 et
1733 1498 1919 1552 urbem
1946 1507 1999 1552 et
2033 1512 2119 1551 re-

540 1586 751 1655 gionem
804 1589 1189 1656 superstitibus
1220 1588 1418 1654 reddit,
1468 1599 1524 1644 et
1556 1588 1761 1657 majore
1784 1588 1837 1643 in
1871 1604 1967 1645 eos
2015 1588 2118 1645 cle-

541 1681 739 1733 utentia
775 1683 965 1737 utitur.

2219 578 2559 647 Εὐπατορίαν
2605 576 2831 647 μεθίστη
2866 575 2967 646 τὴν
3011 573 3349 644 πολιορκίαν.
3391 572 3517 646 [744
3547 575 3630 650 IL]
3662 582 3754 637 Kal.

2222 670 2481 742 ῥαθύμως
2536 668 3003 737 καταγωνίζεσθαι
3053 666 3257 736 ταύτης
3292 671 3671 737 προσεποιεῖτο,
3693 675 3755 739 ὡς

2219 759 2285 814 ἂν
2323 761 2417 813 καὶ
2445 759 2631 821 τοὺς⁸¹
2657 757 2951 826 πολεμίους
2982 758 3062 819 εἰς
3103 757 3287 825 ὅμοιον
3323 755 3591 826 ῥᾳθυμίας
3616 758 3754 831 ζῆλον

2221 850 2658 918 ἑκκαλεσάμενος
2704 849 2763 915 ἐξ
2814 848 3081 916 αἰφνιδίου
3124 847 3429 919 μεταϐολῆς
3470 855 3757 930 κατορθώσῃ

2220 944 2281 996 τὸ
2311 940 2703 1014 μελετώμενον.
2746 942 2810 993 Ὃ
2843 940 2934 992 καὶ
2962 939 3175 1007 γέγονε,
3196 941 3293 992 καὶ
3319 939 3420 1011 τὴν
3443 942 3591 997 πόλιν
3611 945 3757 1012 οὕτως

2220 1029 2334 1088 εἷλε
2367 1032 2445 1103 τῷ
2475 1030 2929 1104 στρατηγήματι·
2959 1030 3111 1098 ἄφνω
3155 1029 3263 1100 γάρ
3310 1029 3579 1099 κλίμακας
3605 1035 3758 1105 ἁρπά.

2223 1145 2315 1181 σαι
2350 1125 2614 1187 κελεύσας
2652 1123 2781 1186 τοὺς
2831 1120 3187 1193 στρατιώτας,
3212 1122 3322 1174 τῶν
3347 1121 3595 1190 φυλάκων
3632 1128 3760 1182 οὐδὲν

2222 1216 2462 1272 τοιοῦτον
2501 1214 3014 1287 προσδεδοκηκότων
3044 1214 3158 1266 ἀλλ’
3201 1214 3259 1266 ὲν
3301 1214 3560 1287 ὀλιγωρίᾳ
3588 1217 3761 1273 διακει.

2225 1310 2424 1381 μένων,
2446 1307 2535 1367 διὰ
2557 1306 2666 1361 τῶν
2695 1305 2976 1376 κλιμάκων
3007 1304 3069 1357 τὸ
3089 1307 3268 1376 τεῖχος
3301 1305 3641 1377 ὑπερϐαίνειν
3658 1312 3760 1376 τοὺς

2225 1400 2563 1474 στρατιώτας
2610 1398 2898 1468 ἐπέτρεψε,
2941 1395 3036 1449 καὶ
3082 1394 3255 1459 οὕτως
3295 1395 3412 1466 ἥλω
3460 1397 3759 1470 Εύπατορὶα,

2221 1494 2317 1549 καὶ
2353 1491 2552 1548 αὐτίκα
2590 1488 2958 1544 κατέσκαπτο.
2986 1487 3122 1541 Μετ’
3145 1485 3331 1555 ὀλίγον
3363 1486 3422 1540 δὲ
3444 1490 3535 1541 καὶ
3572 1490 3760 1561 ’Δμισδς

2221 1584 2387 1647 ἑάλω,
2404 1582 2492 1636 διὰ
2516 1581 2624 1635 τῶν
2653 1580 2935 1652 κλιμάκων
2964 1580 3060 1634 καὶ
3083 1578 3257 1649 αὐτῆς
3278 1578 3479 1650 ὁμοίως
3504 1581 3608 1634 τῶν
3631 1584 3761 1637 πολε-

2224 1675 2364 1746 μίων
2393 1674 2698 1728 ἐπιϐάντων
2733 1674 2849 1734 τοῖς
2886 1672 3113 1743 τείχεσι.
3157 1671 3269 1726 Καὶ
3318 1674 3441 1726 κατ’
3474 1674 3638 1745 ἀρχὰς
3682 1676 3760 1746 μὲν

541 1774 701 1842 φόνος
747 1775 855 1829 τῶν
899 1776 1134 1830 πολιτῶν
1166 1776 1266 1830 ούκ
1293 1775 1475 1845 ὀλίγος
1516 1776 1761 1845 γέγονεν,
1798 1773 2022 1847 ὕστερον
2058 1772 2114 1827 δὲ
2137 1770 2229 1826 τὸν
2252 1769 2472 1840 ὀλεθρον
2501 1766 2802 1830 Λεύκολλος
2826 1765 3047 1837 ἐπέσχε,
3092 1765 3188 1819 καὶ
3241 1764 3342 1837 τὴν
3401 1766 3555 1821 ¹πόλιν
3608 1769 3757 1832 aiis-oi;

539 1868 637 1921 ml.
658 1868 757 1939 τὴν
785 1868 969 1940 χώραν
994 1873 1106 1934 τοῖς
1134 1870 1478 1925 διασωθεῖσιν
1496 1870 1539 1902 ⁸¹
1556 1870 1992 1940 άπεκατέστησε,
2018 1868 2117 1923 καὶ
2143 1864 2474 1934 οἰκειότερον
2504 1863 2723 1934 ἐχρῆτο.

1066 1987 1195 2043 CAP.
1229 1985 1462 2041 XLVIII.
1500 2018 1571 2029 —
1594 1986 1928 2042 Mithridates
1955 1987 2024 2040 ad
2052 1984 2331 2055 Tigranem
2356 1981 2586 2051 profugit
2628 1988 2679 2035 et
2716 1982 2918 2048 frustra
2946 1980 3260 2048 exponitur.

610 2104 683 2157 At
712 2102 1050 2159 Mithridates
1101 2104 1170 2159 ad
1230 2119 1487 2172 generum
1539 2106 1777 2173 delatus,
1816 2106 2112 2175 expetitum

2287 2100 2626 2172 Μιθριδάτης
2662 2099 2719 2153 δὲ
2764 2099 2901 2171 πρὸς
2944 2098 3037 2153 τὸν
3094 2098 3347 2170 γαμϐρὸν
3386 2099 3756 2169 παραγεγονὼς,

538 2193 756 2262 quidem
790 2193 1119 2260 colloquium
1173 2209 1279 2248 non
1313 2195 1586 2263 impetrat,
1621 2196 1717 2250 sed
1750 2196 1995 2264 corporis
2030 2196 2113 2249 sui

539 2282 841 2337 custodiam
866 2284 932 2336 ab
955 2298 1019 2337 eo
1045 2284 1263 2353 accipit,
1292 2294 1345 2339 et
1372 2286 1494 2340 aliis
1525 2286 1908 2356 hospitalitatis
1927 2286 2117 2341 olliciis

542 2371 794 2427 adiicitur.
833 2371 975 2426 Misit
996 2374 1161 2427 etiatn
1193 2372 1448 2429 Lucullus
1470 2377 1535 2430 ad
1568 2377 1851 2447 Tigranem
1885 2378 2116 2447 legatum

536 2463 769 2533 Appium
814 2462 1082 2527 Clodium,
1122 2466 1212 2535 qui
1264 2465 1633 2521 Mithridatem
1670 2478 2009 2537 exposceret.
2067 2468 2119 2524 Is

534 2570 668 2612 vero
691 2572 799 2611 non
829 2558 1018 2620 tradit,
1050 2560 1431 2613 universorum
1473 2575 1535 2615 se
1568 2561 2006 2616 criminationem
2030 2562 2121 2616 ho-

534 2649 743 2704 minum
807 2652 1043 2704 revereri
1098 2652 1450 2714 conﬁrmans,
1499 2652 1544 2708 si
1597 2654 1784 2708 uxoris
1842 2664 2116 2724 parentem

537 2740 679 2793 hosti
735 2739 952 2806 prodat.
993 2740 1149 2795 Scire
1175 2756 1235 2795 se
1256 2743 1473 2810 quidem
1510 2743 1810 2812 improbum
1849 2761 1972 2800 esse
2015 2746 2117 2801 Mi-

538 2828 854 2895 thridatem,
909 2831 1005 2884 sed
1041 2840 1221 2885 tamen
1279 2831 1557 2887 aﬂinitatis
1606 2850 1664 2890 se
1707 2835 1907 2892 habere
1954 2840 2122 2892 ratio-

538 2935 690 2977 nem.
742 2921 1039 2990 Epistolam
1072 2922 1237 2977 etiam
1282 2925 1349 2977 ad
1399 2922 1681 2983 Lucullum
1722 2926 1773 2980 itt
1801 2928 1915 2982 haec
1954 2930 2118 2985 verba

538 3011 833 3066 rescribit:
868 3027 990 3081 qua:
1024 3012 1090 3067 ad
1135 3014 1270 3068 iram
1303 3015 1477 3082 ipsum
1530 3018 1861 3085 provocavit,
1889 3033 1953 3073 eo
1978 3021 2120 3090 quod

539 3116 636 3158 rex
669 3102 721 3155 in
773 3102 1126 3169 inscriptione
1183 3104 1527 3173 imperatoris
1582 3121 1779 3160 nomen
1824 3109 2117 3175 omisisset,

538 3192 823 3247 Lucullum
879 3207 1098 3263 quoque
1132 3195 1275 3261 regis
1297 3210 1480 3265 regum
1535 3197 1947 3266 appellationem
2014 3201 2118 3256 sibi

2220 2196 2314 2249 καὶ
2337 2194 2625 2258 συνουσίας
2652 2197 2837 2264 τυχεῖν
2854 2193 3046 2258 ἀξιῶν,
3076 2192 3283 2261 ταύτης
3315 2191 3415 2261 μὲν
3440 2193 3497 2245 ού
3519 2193 3757 2261 τυγχάνει,

2218 2285 2463 2358 φρουρὰν
2512 2284 2567 2338 δὲ
2615 2284 2711 2337 τοῦ
2754 2283 3005 2354 σώματος
3033 2283 3163 2352 παρ’
3188 2280 3359 2335 αὑτοῦ
3392 2280 3649 2349 λαμϐάνει
3686 2283 3759 2334 καὶ

2216 2379 2318 2449 τῆς
2348 2377 2518 2447 ἄλλης
2549 2376 2851 2443 δεξιώσεως
2882 2378 3151 2446 μετεῖχεν.
3188 2372 3447 2443 Ἔπεμψε
3475 2372 3596 2444 [586
3620 2372 3757 2446 tua:

2218 2472 2312 2527 ml.
2358 2470 2659 2533 Λεύκολλος
2706 2470 2843 2540 πρὸς
2892 2467 3172 2540 Τιγράνην
3217 2465 3560 2537 πρεσϐευτήν
3599 2468 3758 2519 Ἀπιον

2220 2563 2479 2626 Κλώδιον,
2532 2560 2871 2631 Μιθριδάτην
2930 2560 3179 2627 ἐξαιτῶν.
3250 2560 3311 2614 '0
3360 2562 3419 2615 δὲ
3459 2561 3558 2614 οὐκ
3600 2560 3758 2629 ἔδωκε,

2219 2656 2399 2724 φήσας
2430 2654 2527 2725 τὴν
2567 2653 2672 2707 ὑπὸ
2711 2652 2928 2707 πάντων
2981 2652 3311 2724 ἀνθρώπων,
3340 2654 3391 2705 εί
3420 2654 3520 2723 τῆς
3548 2653 3760 2722 γαμετῆς

2218 2747 2429 2818 πατέρα
2455 2747 2676 2818 προδοίη
2691 2747 2759 2811 ⁸³,
2787 2744 3181 2799 διευλαϐεῖσθαι
3224 2747 3449 2816 μομφήν
3468 2761 3482 2775 ο
3512 2744 3636 2798 ἀλλὰ
3685 2759 3759 2811 μο-

2219 2839 2421 2911 χθηρὸς
2453 2840 2550 2909 μὲν
2569 2838 2645 2900 ὼς
2669 2837 2757 2908 εἴη
2777 2837 3112 2908 Μιθριδάτης
3139 2838 3233 2891 καὶ
3248 2836 3414 2890 αὑτὸν
3443 2836 3644 2897 ειδέναι,
3661 2835 3760 2887 δυσ-

2218 2932 2485 2987 ωπεῖσθαι
2550 2930 2607 2985 δὲ
2638 2930 2737 3001 τὴν
2764 2929 3099 2998 ἐπικηδείαν.
3130 2930 3343 3000 Γράφει
3370 2929 3428 2982 δὲ
3458 2928 3550 2981 καὶ
3567 2929 3760 2979 ἐπιστο-

2219 3022 2317 3094 λὴν
2366 3024 2503 3093 πρὸς
2552 3022 2857 3076 Λεύκολλον
2893 3023 3021 3085 τοὺς
3076 3023 3409 3092 εἰρημένους
3435 3019 3617 3087 λόγους
3635 3017 3762 3087 ἔχου-

2223 3129 2343 3179 σαν,
2382 3113 2504 3182 ἥτις
2552 3111 2840 3185 παρώξυνε
2868 3110 2959 3167 τδν
2985 3111 3313 3181 δεξάμενον⁹
3350 3111 3411 3164 οὐ
3443 3111 3545 3181 γὰρ
3572 3107 3759 3177 ἐνέγραο

2219 3204 2321 3273 ψεν
2355 3203 2518 3257 αὐτὸν
2571 3203 2968 3274 αὐτοκράτορα.
3011 3204 3262 3273 ἐγκαλῶν
3313 3203 3397 3257 ὅτι
3458 3201 3589 3272 μηδὲ
3631 3199 3760 3260 αὐτὸς

537 3301 648 3339 non
705 3283 1024 3339 attribuisse
1070 3284 1376 3341 cavillatus.
1423 3284 1525 3342 Hic
1576 3302 1648 3342 xv
1684 3287 1938 3347 Historia:
1982 3290 2116 3347 liber

2222 3298 2429 3350 ὲκεῖνον
2452 3294 2598 3350 κατὰ
2627 3294 2727 3358 τὰς
2757 3295 3047 3359 ἐπιστολὰς
3075 3295 3305 3366 βασιλέα
3351 3294 3607 3367 βασιλέων
3627 3306 3761 3359 προσ-

537 3379 674 3436 ειιὶι.
2222 3386 2543 3455 ηγόρευσεν.
2584 3386 2848 3441 Ἐνταῦθα
2890 3389 2989 3458 μὲν
3027 3389 3122 3442 καὶ
3152 3389 3185 3460 ή
3212 3382 3661 3454 πεντεκαιδεκάτη
3687 3396 3761 3434 κα·

2146 3462 2190 3521 C
2221 3477 2447 3550 ταλήγει
2483 3478 2713 3549 ἱστορία.

1556 3611 1690 3672 CAP.
1724 3617 1909 3675 XLIX.
1947 3646 2020 3661 -
2048 3618 2202 3677 Cotta
2242 3620 2560 3677 Heracleam
2602 3621 2824 3677 obsidet.

611 3731 855 3802 Sequens
883 3740 1060 3788 autem
1097 3732 1320 3789 historia
1351 3734 1466 3789 haec
1488 3743 1899 3788 commemorat.
1957 3732 2114 3789 Motis

2308 3734 2541 3806 Ἵστορία
2564 3736 2623 3790 δὲ
2656 3738 2691 3807 ἡ
2717 3737 2915 3807 ἐφεξῆς
2951 3734 3075 3789 τάδε
3108 3734 3405 3803 ἀφηγεῖται
3438 3746 3453 3762 ·
3501 3721 3759 3780 Ἀναλαϐὼν

544 3820 913 3876 Romanorum
979 3822 1177 3876 castris
1209 3860 1226 3886 ,
1278 3823 1539 3878 adversus
1588 3820 1903 3877 Heracleam
1962 3822 2116 3877 Cotta

2242 3827 2431 3882 Κόττα
2461 3828 2528 3880 τὰ
2569 3828 2855 3898 Ῥωμαϊκὰ
2898 3825 3283 3897 στρατεύματα
3322 3819 3463 3877 κατὰ
3514 3819 3603 3887 τῆς
3628 3815 3754 3881 Ἥρω

542 3912 839 3967 contendit.
889 3910 1075 3966 Primo
1106 3922 1287 3967 tamen
1342 3914 1395 3968 in
1428 3913 1741 3967 Prusiadem
1773 3913 1940 3969 ducit.
1994 3912 2116 3970 "ac

2226 3919 2413 3983 κλείας
2454 3920 2672 3992 ἐχώρει.
2710 3919 2870 3974 Ἀλλὰ
2919 3920 3132 3991 πρῶτος
3169 3918 3270 3989 μὲν
3336 3914 3429 3968 ἐπὶ
3479 3904 3759 3983 Προυσιάδος

543 4003 614 4057 ab
637 4018 797 4058 amne
828 4002 1229 4072 praaterlluente
1278 4003 1423 4058 Cieri
1461 4003 1871 4073 appellationem
1902 4004 2116 4071 tulerat,

2224 4007 2360 4083 ἦγεν
2478 4012 2533 4065 δὲ
2567 4012 2837 4083 Προυσιὰς
2876 4011 3007 4082 πρὶν
3043 4011 3145 4081 μὲν
3172 4008 3291 4062 ἀπὸ
3335 4006 3430 4062 τοῦ
3468 3998 3748 4071 παραρρέον-

542 4095 638 4149 sed
698 4094 1006 4161 ademptam
1040 4092 1477 4150 Heracliensibus
1518 4110 1611 4149 rex
1644 4094 1912 4165 Bithyniae
1934 4096 2001 4150 de
2061 4111 2116 4151 se

2224 4122 2317 4167 τος
2346 4104 2516 4174 αὐτὴν
2537 4104 2584 4136 ⁸⁵
2614 4104 2866 4175 ποταμοῦ
2892 4102 3095 4175 Κίερος
3124 4102 3375 4156 ἐκαλεῖτο
3396 4115 3409 4127 ·
3437 4098 3466 4150 ὀ
3492 4095 3547 4148 δὲ
3579 4092 3668 4161 τῆς
3687 4087 3757 4150 BI:

544 4185 942 4242 denominavit.
976 4185 1103 4239 Inde
1132 4188 1198 4240 ad
1234 4201 1383 4241 mare
1421 4184 1704 4239 Ponticum
1737 4187 2037 4252 descendit,
2068 4197 2116 4242 et

2228 4197 2415 4259 θυνίας
2456 4195 2709 4267 βασιλεὺς
2732 4196 2843 4248 τῶν
2885 4193 3283 4264 Ἡρακλεωτῶν
3304 4189 3508 4259 ταύτην
3531 4181 3748 4252 ἀφελόμε·

543 4280 876 4336 maritimam
895 4290 1317 4350 praetergressus
1341 4296 1519 4347 oram,
1536 4282 1807 4337 manibus
1837 4281 1889 4335 in
1922 4282 2116 4336 vertice

2228 4306 2318 4353 νος
2348 4288 2408 4353 ὲξ
2456 4287 2653 4342 ἑαυτοῦ
2699 4286 3134 4358 μετωνόμασεν),
3164 4282 3420 4337 ἐντεῦθεν
3452 4279 3563 4333 δὲ⁵⁸
3582 4274 3662 4326 ἐπὶ
3682 4269 3756 4338 τὴν

542 4375 734 4446 positis
800 4384 981 4429 castra
1068 4374 1377 4444 applicavit.
1448 4374 1575 4429 Loci
1642 4385 1819 4429 autem
1881 4374 2116 4429 ﬁrmitati

2228 4379 2500 4446 Ποντικὴν
2526 4378 2763 4449 κατῆλθε
2797 4377 3095 4442 θάλασσαν,
3131 4377 3226 4429 καὶ
3253 4369 3536 4446 παρελθὼν
3564 4365 3651 4436 τὴν
3674 4374 3749 4413 παι

542 4466 922 4523 Heraclienses
959 4466 1214 4529 lidebant,
1246 4477 1300 4521 et
1323 4467 1495 4523 Cotta:
1515 4469 1975 4538 oppugnationem
2006 4470 2116 4523 lor-

2232 4470 2421 4541 ραλῑαν
2453 4471 2566 4533 τοῖς
2587 4468 2729 4522 κατὰ
2757 4468 3001 4539 κορυφὴν
3031 4466 3238 4537 τείχεσι
3266 4465 3330 4520 τὸ
3361 4461 3656 4534 στράτευμα
3682 4465 3751 4503 πε-

544 4559 674 4615 titer
710 4560 1083 4626 urgenti,cum
1110 4558 1360 4629 praesidio
1400 4560 1789 4628 repugnabant,
1826 4568 1884 4613 et
1931 4560 2116 4628 plures

2229 4561 2533 4632 ριέστησεν.
2574 4560 2871 4631 Ἐθάρρουν
2908 4559 3009 4629 μὲν
3049 4560 3114 4630 τῇ
3165 4555 3260 4611 τοῦ
3310 4554 3510 4627 χωρίου
3543 4549 3588 4601 οι
3627 4543 3747 4632 'HPa'

542 4667 576 4706 θ
601 4651 940 4704 multitudine
957 4649 1200 4705 Romana
1225 4651 1511 4705 cadebant.
1530 4652 1731 4706 Crebra
1751 4660 1928 4704 tamen
1952 4650 2116 4705 etiam

2225 4630 2460 4705 κλεῶται
2481 4630 2794 4721 ὀχυρότητι,
2818 4651 2916 4702 καὶ
2945 4645 3233 4718 καρτερῶς
3252 4644 3346 4699 τοῦ
3380 4641 3556 4697 Κόττα
3581 4630 3749 4721 “om?

544 4743 977 4799 Heracliensium
1006 4744 1229 4797 vulnera
1260 4754 1417 4798 erant
1454 4758 1481 4797 a
1511 4744 1651 4798 telis.
1678 4742 2023 4813 QuaprOpter
2052 4743 2116 4797 ab

2224 4743 2445 4806 κοῦντος
2493 4719 2599 4795 συνῆ
2634 4742 2749 4805 τοῖς
2781 4740 3040 4812 φρουροῖς
3082 4738 3457 4807 ἁντεμάχοντο
3476 4746 3490 4761 ⁸
3523 4726 3609 4781 καὶ
3632 4719 3750 4813 φδνῗξ

544 4839 949 4907 oppugnatione
1003 4840 1240 4905 receptui
1272 4836 1430 4892 Cotta
1488 4836 1605 4891 suis
1630 4836 1799 4900 canit,
1831 4846 1886 4890 et
1940 4850 2116 4889 remo-

2229 4830 2299 4906 ἦν
2347 4801 2442 4888 τού
2505 4801 2835 4901 ῬωμαῖκούΙ
2876 4801 3114 4901 πλήθους
3165 4801 3350 4889 πλέον,
3414 4801 3749 4911 τραύματαξξ

545 4930 654 4984 tius
684 4929 964 4999 aliquanto
984 4940 1163 4986 castra
1208 4938 1461 4994 metatus,
1499 4936 1643 4983 totus
1668 4927 1723 4982 in
1764 4928 1868 4982 hoc
1894 4934 1980 4982 est
2039 4926 2116 4981 in-

2232 4926 2405 4980 πολλὰ
2436 4925 2548 4979 τῶν
2579 4923 2975 4996 Ἡρακλεωτῶν
3003 4924 3067 4976 ὲκ
3095 4920 3205 4975 τῶν
3252 4917 3438 4991 βελῶν.
3470 4910 3662 4965 Κότταί
3684 4908 3750 4999 θ⁰ξ¹

546 5028 749 5084 tentus,
781 5030 843 5073 ut
874 5019 1080 5073 exitum
1117 5019 1182 5073 ad
1206 5034 1292 5074 res
1314 5018 2002 5075 necessariasintercludat
2025 5017 2116 5073 ob«

2232 5020 2585 5076 ἀνακαλεῖται
2636 4983 2734 5089 τῆς
2776 5015 3131 5088 τειχομαχίας
3177 4983 3265 5067 τὸ·
3311 5008 3626 5081 στράτευμα,
3682 4983 3749 5042 και

544 5110 731 5166 sessis.
796 5112 1037 5166 Annonae
1068 5110 1235 5179 igitur
1267 5112 1537 5166 charitate
1558 5111 1769 5176 oborta,
1796 5110 2035 5166 dimissis
2063 5124 2116 5163 ac

2236 5113 2433 5184 μικρὸν
2467 5109 2910 5183 στρατοπεδεύων
2938 5108 3139 5162 ἄποθεν
3168 5107 3288 5160 ὅλον
3326 5104 3518 5173 ἔτρεπε
3544 5091 3625 5143 τὸν
3656 5095 3748 5184 otior

546 5200 790 5255 colonias
816 5203 1029 5272 legatis,
1067 5203 1324 5256 alimenta
1367 5202 1469 5258 sibi
1498 5202 1791 5258 venundati
1820 5210 2029 5273 petunt.
2059 5200 2116 5255 Et

2232 5182 2444 5266 novel;
2475 5182 2545 5256 'th
2577 5202 2675 5267 τὰς
2704 5202 2797 5255 ἐπὶ
2827 5203 2945 5264 ταῖς
2977 5198 3189 5270 χρείαις
3213 5188 3639 5283 ἐξόδουςίεῐργῗιν
3660 5182 3748 5283 ἓν

547 5292 780 5363 benigne
801 5296 1068 5365 accipitur
1095 5294 1310 5362 legatio.

2234 5290 2730 5365 πολιορκουμένων.
2769 5291 3151 5357 Σπανιζόντων
3184 5289 3241 5343 δὲ
3269 5290 3333 5360 τῇ
3362 5282 3508 5338 πόλει
3657 5278 3749 5362 57“:

546 5360 775 5455 τηδεξων
809 5360 1072 5458 πρεᾶδεία
1111 5360 1248 5457 πρδς
1276 5387 1402 5451 τοὺς
1454 5386 1720 5453 ἀποίκους
1745 5388 2106 5458 ἐξεπέμπετο,
2157 5389 2363 5458 τροφῆς
2394 5360 2490 5439 ⁷δι’
2531 5360 2693 5456 -ώνῆς
2771 5383 2998 5439 αἰτοῦσα
3057 5381 3356 5454 χορηγίαν·
3411 5373 3460 5427 οἱ
3484 5368 3527 5401 ⁵⁸
3579 5360 3629 5414 δὲ
3696 5360 3744 5415 qi

553 5477 825 5549 ’πρεσϐεία
847 5476 1163 5548 ἡσμὲνιςον.

1827 5618 2061 5674 νΑιιιΑί
2088 5612 2491 5673 LECTIONES.

621 5735 661 5766 ⁸³
696 5734 821 5793 τοὺς
856 5732 978 5828 add.
1017 5731 1081 5785 Α.
1170 5733 1214 5762 ⁵³
1245 5729 1505 5786 διαθεῖσιν
1542 5732 1953 5803 ἀποκατέστησε
1996 5751 2054 5798 ς.
2143 5731 2187 5763 ⁸³
2230 5729 2451 5801 προδοίη
2489 5728 2528 5780 Α
2576 5723 2729 5794 ιδοίη
2775 5740 2830 5788 ς’.
2912 5718 2957 5752 ⁵⁵
2990 5718 3158 5788 παρῤ.
3215 5713 3308 5787 τὴν
3331 5704 3489 5777 αὑτὴν
3518 5714 3573 5765 ς’

621 5824 644 5828 .-
726 5808 742 5828 ι
862 5803 882 5828 η
941 5803 985 5828 ’,Ξ
1037 5803 1060 5828 Α
1115 5818 1127 5828 ι
1160 5803 1188 5828 Δ.
1219 5819 1256 5828 Α

559 5819 669 5862 om.
713 5808 774 5857 Α.
862 5803 908 5832 ’⁵⁸
941 5803 988 5854 οἱ
1028 5803 1070 5854 Λ
1115 5803 1256 5869 τῆς

3635 5688 3671 5720 ﬂ
3692 5676 3733 5731 δὲ
