4004 6464
302 402 417 468 925

1344 410 1864 473 BIBLIOTHECA.
1908 439 1975 448 -
2012 413 2176 473 COD.
2209 414 2499 475 CCXXIV.

3470 416 3577 479 99.6

1019 522 1173 576 CAP.
1216 522 1279 577 L.
1332 554 1402 565 -—-
1438 525 1676 579 Triarius
1718 528 1976 595 reliquam
2008 526 2343 581 Mithridatis
2386 531 2603 581 classem
2650 526 2862 596 subigit.

381 612 499 683 Πρὸ
531 611 759 683 βραχέος
776 610 820 645 δ’
839 612 896 666 δὲ
950 612 1223 686 Ὀριάριος
1274 618 1365 670 τὸν
1418 620 1723 690 Ῥωμαϊκὸν
1772 621 1897 699 στόο

2067 622 2138 676 At.
2168 623 2314 677 brevi
2356 632 2483 676 ante
2542 621 2790 676 Triarius
2811 662 2824 685 ,
2856 619 3097 674 Romana
3127 618 3301 674 classe
3372 620 3578 673 instru~

306 714 401 758 λον
428 699 569 776 ἔχων
605 705 862 776 ὥρμησεν
891 706 999 759 ἀπὸ
1037 708 1405 781 Νικομηδείας
1436 711 1529 765 ἐπὶ
1571 712 1670 775 τάς
1701 715 1893 766 Ποντι-

304 796 415 861 κάς
446 799 720 868 τριήρεις,
758 796 827 860 ἃς
874 803 1135 869 προεῖπεν
1162 803 1189 853 6
1218 800 1375 869 λόγος
1420 801 1550 871 περί
1577 820 1638 855 τε
1668 805 1895 876 Κρήτην

307 891 411 943 καὶ
449 889 691 960 Ἰϐηρίαν
734 888 1191 963 ὲξαποσταλῆναι.
1217 892 1424 948 Μαθὼν
1456 893 1515 947 δέ
1542 894 1643 960 τὰς
1674 895 1892 949 ὑπολοί-

308 999 452 1045 πους
494 984 552 1044 ἐς
600 983 692 1035 τὸν
745 984 948 1038 Πόντον
1006 987 1492 1058 ἀνακεχωρηκέναι
1542 989 1758 1061 (πολλαὶ
1785 990 1896 1062 γάρ

309 1074 497 1127 αὐτῶν
531 1074 626 1126 καὶ
659 1074 889 1145 χειμῶνι
922 1078 1019 1129 καὶ
1051 1080 1169 1142 ταῖς
1192 1080 1335 1133 κατὰ
1365 1082 1533 1151 μέρος
1564 1084 1896 1154 ναυμαχίαις

313 1165 400 1229 εἰς
430 1164 722 1236 διαφθορὰν
749 1165 966 1237 ἔδυσαν)
1001 1169 1415 1241 καταλαμϐάνει
1447 1190 1506 1226 τε
1533 1173 1763 1240 ταύτας,
1799 1175 1896 1228 καὶ

316 1259 425 1331 τὴν
449 1260 620 1331 μάχην
649 1259 780 1329 περὶ
807 1260 907 1332 τὴν
945 1260 1171 1315 Τένεδον
1210 1268 1522 1335 συγκροτεῖ,
1545 1264 1588 1318 o'
1616 1266 1716 1335 μὲν
1748 1266 1896 1337 έχων

320 1354 561 1423 τριήρεις
622 1350 806 1416 αὐτὸς,
869 1351 979 1406 τῶν
1023 1352 1082 1406 δὲ
1131 1354 1411 1410 Ποντικῶν
1450 1357 1693 1426 ἀγόντων
1718 1358 1892 1430 βραχὺ

323 1442 545 1505 δεούσας
587 1442 698 1495 τῶν
734 1448 810 1496 π’.
852 1441 979 1515 [745
1009 1443 1103 1516 8.]
1135 1446 1289 1499 Ἐπεὶ
1318 1447 1376 1500 δὲ
1414 1449 1643 1520 συνέστη
1676 1452 1705 1503 6
1734 1451 1896 1504 πόλε-

316 1548 440 1600 μος,
470 1530 594 1584 κατ’
616 1530 793 1602 ἀρχὰς
818 1532 919 1601 μὲν
948 1534 1198 1604 ἀντεῖχον
1221 1535 1271 1589 οί
1295 1536 1389 1590 τοῦ
1419 1536 1705 1607 βασιλέως,
1740 1538 1899 1593 ὓστε-

312 1641 409 1696 ρον
454 1622 514 1676 δέ
545 1623 757 1698 τροπῆς
797 1624 981 1678 αὐτῶν
1023 1625 1285 1699 λαμπρᾶς
1330 1632 1631 1703 γενομένης
1672 1633 1733 1686 τὺ
1771 1633 1897 1687 Ῥω-

311 1719 491 1788 μαίων
546 1718 650 1772 ἀνά
699 1718 903 1788 κράτος
947 1720 1168 1790 ἐνίκησε
1216 1724 1552 1793 στράτευμα,
1598 1726 1692 1778 καὶ
1725 1725 1898 1791 οὕτως

307 1810 462 1874 ᾶπας
493 1812 523 1864 6
572 1810 957 1879 Μιθριδάτειος
996 1810 1203 1880 στόλος,
1250 1811 1374 1877 ὅσος
1430 1815 1526 1868 ἐπὶ
1572 1817 1672 1886 τὴν
1715 1816 1898 1871 Ἀσίαν

307 1902 464 1974 αὐτῷ
495 1902 943 1971 συνεξέπλευσεν,
971 1902 1136 1959 ἐάλω.

1995 724 2137 780 ctus,
2162 729 2194 768 a
2223 713 2547 769 Nicomedes
2570 714 2830 781 impetum
2862 711 3066 766 fecerat
3096 710 3148 765 in
3180 709 3436 764 Ponticas
3484 710 3581 762 tri-

1996 823 2194 871 remes,
2257 823 2392 876 quas
2439 822 2601 876 supra
2638 806 2843 861 dictant
2883 813 2967 859 est
3012 818 3204 857 versus
3259 803 3474 857 Cretam
3525 811 3582 855 ct

1994 900 2311 970 Hispaniam
2362 900 2615 955 emissas.
2666 901 2737 954 At
2787 915 2910 954 cum
2958 898 3199 966 reliquas
3229 897 3282 951 in
3342 896 3577 950 Pontum

1994 1002 2142 1048 retro
2179 993 2329 1047 abire
2381 992 2697 1047 rescivisset
2735 991 2941 1063 (multae
2970 990 3115 1045 enim
3149 989 3216 1042 de
3251 989 3336 1043 his
3361 997 3417 1042 et
3454 1002 3581 1056 pro-

1994 1086 2131 1141 cella
2154 1095 2209 1141 et
2238 1086 2456 1155 pugnis,
2481 1100 2581 1139 suo
2614 1098 2843 1155 quaeque
2878 1083 3016 1148 loco,
3040 1081 3326 1136 navalibus
3356 1080 3582 1135 interie-

1994 1179 2161 1249 rant),
2192 1177 2389 1249 236a
2435 1187 2721 1232 assecutus
2766 1176 2884 1231 illas
2929 1177 2995 1229 ad
3026 1173 3327 1239 Tenedum,
3386 1188 3581 1227 manus

1994 1270 2270 1335 conserit;
2330 1267 2398 1323 70
2444 1266 2544 1336 ipsi
2584 1267 2835 1321 triremes
2897 1274 3080 1329 erant,
3132 1262 3343 1319 Pontici
3396 1271 3578 1316 autem

1994 1360 2280 1432 pauciores
2306 1359 2585 1430 aliquanto
2632 1357 2701 1413 80
2726 1359 2981 1426 agebant.
3019 1355 3315 1425 Postquam
3366 1353 3579 1408 infestis

1993 1462 2383 1511 concursatum
2435 1464 2520 1509 est
2552 1452 2755 1523 proris,
2788 1451 2921 1521 regii
2952 1453 3019 1507 ad
3064 1459 3278 1519 tempus
3312 1449 3419 1502 vim
3466 1448 3582 1503 ho-

1996 1548 2163 1603 stium
2191 1546 2347 1602 initio
2404 1545 2724 1599 sustinent:
2765 1554 2949 1614 postea
2981 1541 3251 1596 universis
3290 1540 3344 1594 in
3395 1537 3578 1608 fugam

1994 1632 2200 1697 eﬂ‘usis,
2232 1633 2444 1702 plenam
2481 1630 2755 1686 Romanus
2773 1629 3058 1684 victoriam
3080 1639 3135 1683 et
3158 1628 3429 1683 celebrem
3453 1641 3578 1681 cou-

1997 1726 2262 1795 sequitur.
2298 1724 2477 1793 Atque
2501 1725 2574 1778 ita
2599 1723 2792 1779 classis
2824 1722 3154 1776 Mithridatis
3208 1730 3345 1787 tota,
3377 1728 3580 1789 quanta

1998 1818 2052 1873 in
2084 1818 2265 1872 Asiam
2293 1831 2418 1873 cum
2455 1817 2569 1886 ipsa
2606 1816 2871 1880 exiverat,
2902 1815 3130 1870 subacta
3161 1822 3264 1869 est.

1009 2014 1139 2072 CAP.
1179 2012 1267 2070 LI.
1290 2046 1361 2057 —
1388 2015 1543 2071 Cotta
1569 2019 1639 2072 ad
1669 2018 2010 2077 obsidendam
2030 2020 2338 2076 Heracleam
2366 2018 2636 2073 Triarium
2663 2019 2893 2073 asciscit.

380 2132 596 2197 Κόττας
623 2132 685 2186 δέ
724 2132 879 2203 παρά
911 2132 1011 2204 τὴν
1056 2133 1386 2205 Ἡράκλειαν
1436 2137 1883 2207 στρατοπεδεύων

2058 2138 2216 2193 Cotta
2248 2136 2376 2194 vero
2406 2137 2472 2191 ad
2503 2136 2813 2192 Heracleam
2847 2144 3026 2191 castra
3058 2134 3266 2191 habens
3292 2174 3308 2200 ,
3339 2133 3579 2189 nondum

306 2226 420 2297 ὅλῳ
440 2226 537 2296 μὲν
564 2226 626 2279 οὐ
654 2224 965 2296 προσέϐαλε
992 2227 1060 2294 τῇ
1080 2226 1366 2297 πολιορκίᾳ
1391 2227 1532 2292 τέως
1560 2229 1638 2300 τῷ
1656 2229 1893 2301 στρατῷ,

307 2318 457 2372 κατά
496 2318 661 2390 μέρος
714 2318 773 2371 δὲ
824 2318 1123 2389 προσῆγεν,
1181 2319 1356 2384 ἐνίους
1420 2322 1519 2393 μὲν
1581 2321 1692 2375 τῶν
1758 2323 1890 2377 Ῥω·-

310 2409 513 2478 μαίων,
561 2410 795 2474 πολλοὺς
854 2410 913 2463 δὲ
975 2410 1419 2482 προϐαλλόμενος
1472 2413 1582 2467 τῶν
1630 2414 1909 2472 Βιθυνῶν..

308 2502 533 2557 Πολλῶν
558 2504 615 2557 δὲ
649 2503 745 2557 καὶ
766 2505 1221 2575 τιτρωσκομένων
1266 2506 1363 2559 καὶ
1410 2507 1822 2578 ἀναιρουμένων
1845 2508 1894 2541 ⁸⁸

310 2593 565 2663 μηχανὰς
598 2593 833 2657 ἐπενόει,
876 2588 951 2647 ὧν
992 2594 1168 2647 ἐδόκει
1197 2596 1310 2659 τοῖς
1345 2595 1893 2670 πολιορκουμένοιςὴ

307 2680 521 2753 χελώνη
557 2682 928 2754 φοϐερωτέρα.
983 2682 1211 2751 Ἐπάγει
1240 2684 1371 2751 γοῦν
1392 2684 1601 2756 ταύτην
1640 2686 1768 2756 ὅλην
1795 2686 1894 2758 τὴν

305 2775 544 2847 δύναμιν
586 2777 921 2846 συγκινὴσας
960 2775 1155 2848 πύργῳ
1184 2776 1309 2848 [587
1346 2776 1446 2849 1L]
1479 2778 1586 2831 τινὶ
1635 2777 1894 2841 ὑπόπτως

307 2868 490 2941 εχοντι
535 2870 671 2940 πρὸς
712 2871 773 2924 τὸ
817 2870 1010 2924 παθεῖν
1038 2887 1050 2901 ·
1089 2870 1164 2933 ὡς
1206 2870 1264 2923 δὲ
1307 2871 1457 2937 ἅπαξ
1496 2871 1593 2924 καὶ
1629 2870 1892 2941 δεύτερον

310 2961 549 3030 πληγεὶς
580 2963 644 3015 οὐ
676 2962 835 3032 μόνον
869 2961 1022 3030 παρά
1044 2961 1201 3026 δόξαν
1230 2963 1596 3035 διεκαρτέρει,
1630 2963 1765 3017 ἀλλά
1797 2965 1893 3017 καὶ

307 3053 340 3105 6
362 3052 517 3122 κριὸς
544 3054 645 3123 τῆς
676 3053 844 3124 ἄλλης
870 3053 1108 3123 ἐμϐολῆς
1142 3055 1591 3125 προαπεκλάσθη,
1626 3055 1893 3125 εὐθυμίαν

311 3144 415 3213 μὲν
440 3146 554 3207 τοῖς
591 3142 1020 3213 Ἡρακλεώταις,
1074 3144 1314 3211 ἀγωνίαν
1347 3144 1403 3197 δέ
1428 3146 1670 3216 παρέσχε
1709 3146 1893 3217 Κόττα

302 3234 775 3305 διαταράττουσαν
816 3235 1004 3300 αὑτὸν,
1042 3235 1119 3299 ὡς
1159 3235 1260 3289 οὐκ
1290 3236 1355 3289 ἂν
1389 3238 1421 3307 ἡ
1454 3237 1610 3302 πόλις
1643 3237 1889 3310 αἱρεθείη

303 3326 465 3383 ποτέ.
524 3326 603 3397 Τῇ
661 3327 925 3399 ὑστεραίᾳ
984 3328 1029 3380 δ’
1079 3328 1172 3381 οὖν
1222 3329 1388 3382 πάλιν
1442 3330 1745 3400 ἐπαγαγὼν
1792 3332 1892 3402 τὴν

309 3418 566 3489 μηχανὴν
591 3418 685 3472 καὶ
717 3418 887 3489 μηδὲν
916 3418 1122 3482 ἀνύσας
1155 3420 1448 3473 κατακαίει
1484 3421 1581 3491 μὲν
1600 3421 1661 3474 τὸ
1707 3422 1891 3493 μηχά-

303 3527 375 3580 νη
385 3527 485 3580 μα,
506 3510 804 3580 ἀποτέμνει
841 3510 898 3563 δὲ
928 3511 1138 3574 καὶτὰς
1167 3512 1275 3565 τῶν
1303 3490 1692 3583 μηχανοποιῶν
1710 3490 1893 3583 *κεφα-
1918 3490 1962 3547 c

304 3600 431 3666 λάς,
478 3605 575 3655 καὶ
609 3603 856 3673 φρουρὰν
891 3605 1006 3667 τοῖς
1032 3604 1237 3674 τείχεσι
1267 3604 1583 3659 καταλιπὼν
1625 3606 1764 3676 μετά
1798 3604 1893 3659 τοῦ

305 3692 502 3747 λοιποῦ
533 3694 773 3766 πλήθους
799 3696 879 3758 είς
905 3694 965 3748 τὸ
1000 3695 1339 3766 καλούμενον
1373 3696 1556 3750 πεδίον
1587 3696 1833 3752 Λύκαιαν
1846 3698 1892 3730 ⁶⁹

307 3786 607 3858 διέτριϐεν,
670 3787 935 3857 ἀφθονίαν
984 3787 1200 3858 ἔχοντος
1261 3788 1370 3842 τῶν
1422 3788 1745 3856 ἐπιτηδείων
1797 3787 1893 3843 τοῦ

304 3885 537 3957 χωρίου.
586 3884 858 3939 Κάκεῖθεν
891 3884 991 3955 τὴν
1036 3887 1166 3956 περὶ
1196 3885 1300 3956 τὴν
1342 3884 1668 3957 Ἡράκλειαν
1710 3883 1896 3954 χώραν

307 3979 535 4033 ἃπασαν
575 3976 754 4047 ἐδῄου,
789 3978 872 4040 εἰς
920 3976 1121 4047 πολλὴν
1158 3976 1471 4047 ἀμηχανίαν
1508 3976 1635 4040 τοὺς
1672 3975 1896 4041 πολίτας

307 4069 674 4125 συνελαύνων.
703 4068 1134 4140 Διεπρεσϐεύετο
1167 4068 1300 4138 γοῦν
1328 4069 1491 4122 πάλιν
1517 4068 1654 4140 πρός
1678 4086 1737 4122 τε
1768 4070 1897 4132 τοὺς

306 4164 370 4215 ἐν
410 4161 619 4229 Σκυθίᾳ
667 4160 1081 4231 Χερρονησίτας
1111 4160 1205 4214 καὶ
1236 4159 1619 4224 Θεοδοσιανοὺς
1647 4160 1897 4224 καὶτοὺς

307 4254 446 4325 περὶ
471 4253 561 4307 τὸν
593 4253 871 4325 Βόσπορον
902 4252 1172 4316 δυνάστας
1227 4252 1369 4323 ὑπὲρ
1414 4252 1734 4323 συμμαχίας
1754 4270 1767 4284 ’
1801 4253 1898 4306 καὶ

306 4348 345 4416 ή
382 4345 651 4417 πρεσϐεία
674 4344 1006 4414 ἀνέστρεφεν
1034 4344 1372 4415 έμπρακτος.
1397 4343 1520 4397 Τῶν
1538 4343 1593 4396 δὲ
1622 4344 1898 4413 πολεμίων

307 4438 681 4506 ἐπικειμένων
702 4440 768 4509 τῇ
796 4436 973 4497 πόλει,
1014 4436 1074 4489 οὐ
1104 4436 1239 4489 πολὺ
1284 4434 1509 4489 ἔλαττον
1538 4435 1677 4505 αὰτῇ
1704 4436 1773 4488 τά
1804 4435 1899 4486 λυ-

307 4529 522 4584 ποῦντα
567 4530 714 4583 ἔνδον
768 4529 1050 4583 ἐπετίθετο
1076 4545 1089 4559 ·
1123 4528 1186 4582 οὐ
1224 4527 1336 4599 γὰρ
1359 4526 1630 4598 ἠρκοῦντο
1654 4528 1703 4579 οἱ
1735 4543 1900 4598 φρουο

310 4619 404 4692 ροὶ
443 4615 523 4683 οἷς
551 4620 701 4690 διέζη
741 4620 804 4672 τὸ
830 4618 1145 4689 δημοτικὸν,
1179 4619 1479 4682 τύπτοντες
1510 4618 1567 4671 δὲ
1596 4620 1726 4682 τοὺς
1747 4617 1900 4671 πολί-

306 4731 415 4777 τας
462 4714 721 4784 χορηγεῖν
748 4712 784 4767 ἃ
826 4711 902 4782 μὴ
956 4712 1087 4783 ῥᾷον
1104 4712 1149 4745 ⁶⁶
1178 4707 1247 4782 ἦν
1298 4712 1483 4775 αὐτοῖς
1538 4710 1598 4777 ἐξ
1648 4710 1899 4782 ἀνάγκης

308 4806 584 4860 ἐκέλευον.
616 4804 728 4858 Καὶ
755 4803 864 4857 τῶν
895 4802 1150 4873 φρουρῶν
1180 4802 1261 4855 ἔτι
1297 4801 1500 4871 μᾶλλον
1547 4795 1615 4874 ἦν
1649 4800 1899 4871 χαλεπώο

305 4897 523 4965 τεροςό
552 4891 869 4964 ἐφεστηκὼς
914 4891 1094 4945 αὐτῶν
1135 4891 1510 4963 Κοννακόρηξ,
1563 4891 1665 4943 οὐκ
1709 4891 1902 4962 ἀπείρ-

306 5003 426 5055 γων
456 4985 573 5037 ἀλλ’
598 4984 911 5056 ἐπιτρέπων
934 4984 1047 5045 τοῖς
1067 4982 1112 5013 ⁶¹
1155 4981 1261 5033 ὑπὸ
1293 4983 1451 5051 χεῖρα
1488 4979 1586 5051 τὴν
1618 4979 1761 5049 βίαν.
1798 4981 1901 5033 Τε-

310 5081 432 5147 μὼν
449 5078 494 5108 ⁸⁸
524 5076 581 5129 δὲ
628 5078 726 5147 τὴν
780 5074 968 5146 χώραν
1020 5074 1050 5126 6
1103 5074 1316 5136 Κόττας
1360 5072 1519 5126 πάλιν
1569 5072 1900 5142 προσϐάλλει

304 5170 425 5232 τοῖς
475 5168 749 5239 τείχεσινο
792 5165 1036 5235 ἀθύμους
1087 5164 1144 5218 δὲ
1194 5164 1323 5226 τοὺς
1366 5163 1702 5233 στρατιώτας
1763 5165 1902 5235 πρὸς

303 5261 633 5331 πολιορκίαν
680 5259 825 5332 ὁρῶν
862 5258 1066 5326 ἀπάγει
1089 5258 1187 5329 τῆς
1219 5256 1596 5327 τειχομαχίας,
1622 5257 1715 5309 καὶ
1758 5256 1902 5327 πέμ-

301 5369 406 5406 πει
452 5351 633 5415 καλῶν
695 5352 1004 5422 ὐτριάριον
1057 5351 1222 5420 τάχος
1270 5351 1391 5412 ταῖς
1438 5350 1724 5419 τριήρεσιν
1781 5350 1892 5419 ἀφ-

305 5445 582 5500 ικνεῖσθαι
608 5446 705 5498 καὶ
730 5443 965 5499 κωλύειν
989 5443 1079 5497 τὸν
1106 5442 1195 5497 διά
1234 5441 1336 5512 τῆς
1369 5440 1647 5512 θαλάσσης
1675 5442 1904 5495 ἐπισιτι-

305 5554 343 5591 σ
350 5538 453 5609 μὸν
484 5540 550 5609 τῇ
580 5537 752 5593 πόλει.

2001 2239 2114 2286 ιοιο
2164 2230 2621 2301 oppugnationem
2672 2228 2916 2284 exercitu
2967 2241 3256 2298 aggressus
3289 2235 3442 2290 erat,
3487 2231 3581 2280 see"

1995 2322 2207 2392 aliquos
2230 2322 2295 2376 de
2319 2321 2579 2375 Romanis
2612 2319 2979 2390 particulatim
3011 2318 3355 2383 admovebat,
3386 2317 3584 2371 multos

1996 2411 2213 2483 Bithyni
2235 2412 2469 2467 nominis
2489 2420 2735 2466 statuens
2760 2412 2812 2463 in
2843 2410 3039 2464 fronte.
3062 2408 3307 2476 Dumque
3336 2408 3581 2475 complu—

1996 2520 2085 2560 res
2124 2504 2480 2557 vulnerantur
2515 2512 2570 2557 et
2590 2511 2888 2572 oppetunt,
2930 2501 3185 2569 operibus
3229 2507 3283 2553 et
3311 2499 3583 2553 machinis

1997 2598 2237 2652 animum
2276 2595 2503 2665 adjicit:
2532 2604 2782 2665 'quarum
2834 2596 3048 2648 testudo
3086 2609 3198 2663 prae
3236 2593 3358 2647 aliis
3388 2590 3583 2647 formi-

1995 2688 2178 2743 dinem
2208 2688 2439 2743 incussit
2464 2686 2725 2742 obsessis.
2754 2684 2946 2739 Totam
2984 2686 3148 2753 igitur
3178 2683 3284 2737 vim
3323 2682 3582 2747 militum,

1996 2780 2191 2834 castris
2211 2779 2444 2834 excitam
2465 2818 2480 2843 ,
2523 2779 2778 2833 admovet
2805 2776 2943 2831 turri
2967 2776 3209 2840 cuidam,
3239 2776 3407 2829 ruinae
3430 2788 3583 2843 spem

1994 2871 2330 2942 prmferenti.
2357 2868 2557 2924 Verum
2586 2868 2675 2924 ubi
2699 2867 2863 2923 semel
2898 2879 3058 2936 atque
3084 2866 3281 2921 iterum
3302 2878 3585 2935 percussa,

1995 2980 2101 3018 non
2140 2966 2301 3018 modo
2329 2972 2522 3018 contra
2550 2962 2862 3031 opinionem
2896 2960 3249 3031 persisteret,
3284 2958 3379 3013 sed
3418 2958 3586 3012 etiam

1995 3057 2138 3111 aries
2170 3072 2200 3110 a
2238 3064 2433 3111 caetera
2468 3056 2720 3110 machina
2756 3053 3040 3107 diffractos
3084 3051 3427 3115 avelleretur,
3469 3052 3591 3104 ani-

1993 3167 2115 3206 mus
2138 3149 2566 3205 Heracliensium
2597 3162 2867 3214 crescere,
2890 3157 2945 3201 et
2972 3146 3324 3216 perturbatus
3350 3158 3589 3198 maerore

1993 3242 2149 3299 Cotta
2194 3243 2386 3297 timere
2426 3241 2621 3311 cmpit,
2664 3254 2944 3309 nunquam
2991 3239 3121 3292 urbs
3165 3252 3231 3291 ne
3275 3245 3585 3305 caperetur.

1993 3332 2220 3389 Postero
2262 3333 2426 3386 etiam
2468 3332 2589 3396 die,
2635 3346 2758 3385 cum
2801 3330 3062 3385 machina
3107 3328 3308 3383 iterum
3355 3326 3587 3395 impacta

1992 3425 2131 3480 nihil
2167 3423 2484 3494 proficeret,
2517 3422 2947 3477 instrumentum
2991 3420 3120 3474 illttd
3154 3423 3503 3483 concremat,
3533 3426 3591 3472 et

2001 3519 2171 3574 fabris
2188 3518 2362 3587 capita
2382 3516 2650 3585 pmcidit,
2675 3515 2971 3584 relictoque
2991 3514 3057 3568 ad
3085 3512 3285 3567 mtenia
3308 3510 3587 3581 praesidio,

2002 3624 2126 3665 cum
2161 3616 2356 3663 caetera
2392 3606 2623 3661 militum
2656 3607 2813 3660 turba
2841 3606 2895 3659 in
2925 3618 3119 3673 campo
3143 3604 3308 3674 (quod
3334 3602 3587 3673 Lycaeum

2001 3707 2220 3769 vocant)
2248 3698 2445 3754 stativa
2472 3696 2690 3768 delegit,
2711 3710 2831 3764 quo
2861 3695 2913 3749 in
2943 3695 3061 3749 loco
3095 3693 3242 3761 larga
3267 3702 3384 3747 erat
3412 3693 3589 3747 victus

2002 3794 2181 3863 c0pia.
2236 3792 2413 3861 Atque
2453 3789 2580 3845 inde
2617 3788 2765 3845 omni
2806 3788 2951 3844 circa
2996 3786 3315 3841 Heracleam
3366 3786 3587 3856 regione

2003 3886 2302 3949 devastata,
2320 3883 2371 3937 in
2393 3897 2643 3952 magnam
2666 3881 2814 3937 cives
2835 3877 3204 3934 diﬂicultatem
3222 3877 3385 3947 cogit.
3407 3876 3587 3942 Quare

2004 3980 2181 4033 denuo
2210 3977 2277 4031 ad
2297 3976 2551 4048 Scythas,
2574 3973 2906 4031 Chersonesi
2932 3970 3162 4035 incolas,
3186 3978 3240 4025 et
3256 3968 3593 4025 Theodosia-

2005 4087 2139 4135 nos,
2169 4080 2223 4125 et
2256 4070 2401 4125 circa
2430 4068 2767 4139 Bosphorum
2796 4067 3056 4137 dynastas
3078 4105 3096 4130 ,
3131 4063 3197 4118 de
3227 4062 3487 4118 societate
3513 4060 3593 4114 leo

2004 4163 2277 4230 gationem
2313 4162 2497 4225 mittit,
2528 4176 2648 4230 qua:
2681 4175 2789 4214 non
2817 4158 3021 4229 absque
3054 4155 3246 4213 elIcctu
3278 4155 3588 4210 revertitur.

2006 4253 2253 4324 Dumque
2291 4254 2476 4309 hostes
2512 4252 2633 4307 urbi
2670 4252 3028 4315 incumbunt,
3064 4264 3171 4303 non
3204 4247 3373 4303 multo
3412 4245 3591 4301 minus

2006 4346 2076 4400 ah
2131 4346 2360 4401 internis
2402 4354 2634 4398 vexatur
2687 4342 2972 4398 molestiis.
3034 4338 3397 4395 Prmsidiariis
3443 4336 3589 4391 enim

2006 4438 2267 4493 militibus
2297 4435 2349 4492 id
2377 4451 2479 4490 non
2507 4436 2641 4493 satis
2672 4442 2783 4489 erat
2809 4449 2917 4503 quo
2947 4431 3099 4502 plebs
3135 4430 3341 4485 urbana
3372 4429 3589 4482 victita-

2004 4533 2121 4589 bat.
2164 4533 2497 4589 Yerberibus
2528 4530 2693 4601 igitur
2729 4528 2989 4582 multatos
3022 4526 3203 4590 cives,
3239 4522 3590 4592 suppeditare

2005 4640 2129 4695 qua:
2159 4623 2213 4678 in
2248 4632 2498 4693 promptu
2538 4636 2645 4675 non
2677 4628 2862 4683 erant,
2902 4633 2999 4689 per
3028 4616 3136 4671 vim
3164 4614 3376 4685 iubent.
3409 4612 3591 4680 Quid?

2007 4717 2150 4787 quod
2182 4712 2535 4786 prmsidiariis
2568 4713 2729 4781 longe
2764 4708 3123 4780 importunior
3153 4715 3271 4762 erat
3304 4706 3593 4776 praefectus

2007 4808 2373 4873 Counacorix,
2406 4823 2514 4863 non
2546 4806 2706 4860 modo
2734 4819 2841 4858 non
2876 4802 3171 4872 prohibens
3201 4800 3310 4853 vim
3341 4812 3583 4861 suorum,

2005 4904 2099 4961 sed
2140 4903 2305 4957 etiam
2340 4900 2509 4956 libere
2546 4899 2896 4970 permittens.
2927 4894 3065 4950 Tum
3103 4910 3263 4963 agros
3298 4892 3593 4964 populatus

2005 4996 2191 5056 Cotta,
2240 5007 2425 5048 muros
2467 4992 2663 5046 iterum
2712 4989 2979 5043 adoritur.
3004 4986 3075 5040 At
3117 5001 3240 5040 cum
3283 5000 3476 5053 segnes
3522 4984 3589 5038 ad

2005 5086 2460 5159 oppugnationem
2496 5082 2846 5150 remissisque
2882 5081 3079 5133 animis
3126 5078 3273 5132 videt
3305 5077 3521 5140 milites,
3556 5092 3587 5129 a

2007 5190 2203 5237 conatu
2234 5179 2528 5242 desistens,
2558 5187 2809 5231 vocatum
2846 5175 3013 5227 mittit
3043 5171 3340 5233 Triarium,
3379 5181 3437 5222 ut
3468 5183 3588 5221 cum

2009 5273 2322 5328 triremibus
2365 5270 2767 5342 quamprimum
2836 5266 3082 5331 advolet,
3120 5264 3312 5334 23611
3349 5270 3405 5315 et
3442 5276 3592 5315 com-

2008 5373 2218 5420 meatus
2252 5364 2305 5418 in
2338 5363 2474 5418 mari
2507 5362 2819 5417 facultatem
2853 5356 3139 5429 oppidanis
3169 5353 3500 5423 intercipiat.

1573 5670 1811 5728 VARLE
1837 5672 2245 5732 LECTIONES.

383 5774 427 5807 ⁸⁷
468 5773 712 5844 βραχέως
754 5789 814 5836 ς.
893 5771 937 5802 ⁵⁸
974 5771 1065 5825 καὶ
1096 5766 1504 5840 ἀναιρουμένων
1535 5767 1661 5823 add.
1706 5768 1772 5821 Α.
1854 5771 1898 5803 ⁵ο
1929 5770 2152 5825 ὶύκαιον
2181 5770 2508 5841 Stephanus.
2592 5770 2635 5801 ⁸ο
2672 5766 2941 5840 ρᾷον]ἰιιιυ
2986 5765 3187 5837 ῥᾴδιον.

300 5846 418 5900 τῶν
452 5862 509 5910 ς.
586 5845 629 5877 ⁸³
660 5845 872 5912 τέμνων
929 5861 965 5907 ς·

3268 5763 3307 5793 ⁶¹
3348 5760 3453 5822 ταῖς
3494 5761 3537 5817 Α
3577 5776 3585 5808 ;
