4004 6460
520 391 624 455 927

1669 394 1932 455 PHOTII
1958 396 2098 456 PAT

2199 397 2459 458 ARCIIJE
2493 398 2601 456 (ΣΡ.
3637 410 3725 471 928

905 509 1031 569 Car.
1066 507 1177 563 LII.
1204 540 1270 549 --
1300 506 1498 565 Triarii
1540 510 1763 565 victoria
1808 513 2011 566 navalis
2049 486 2119 567 de.
2152 511 2370 567 Ueracl.
2405 521 2456 565 et
2488 511 2710 577 grauiss.
2744 508 2889 562 urbis
2924 508 3089 576 fatim
3120 523 3179 559 ac
3204 508 3379 576 pestis.

591 628 898 694 Assumptis
928 641 1056 695 ergo
1084 624 1328 681 Triarius
1360 641 1495 696 quas
1535 626 1804 693 habebat,
1845 630 2092 695 navibus,

2270 629 2465 683 Λαϐὼν
2522 624 2615 680 οὖν
2646 626 2713 689 ἃς
2757 622 2905 695 εἶχεν
2956 621 3287 692 Ὀτριάριος,
3334 622 3424 674 καὶ
3455 620 3666 690 Ῥοδίους
3690 640 3732 684 κ’

522 731 576 772 ct
610 720 679 772 ‘20
712 719 969 781 Rhodiis,
1015 734 1254 785 quarunt
1283 733 1493 771 sunnna
1536 717 1607 772 45
1658 719 2011 784 conﬁciebat,
2048 721 2098 773 in

520 810 751 864 Pontum
784 808 1011 875 trajicit,
1044 815 1100 860 et
1134 808 1369 860 adventu
1402 808 1520 877 ejus
1562 808 1615 861 in
1652 818 1893 875 tempore
1933 807 2101 862 Cotta:

519 899 841 968 signiﬁcato,
873 898 1062 952 eodem
1094 899 1180 952 die
1215 899 1513 952 exercitum
1540 900 1607 952 ad
1650 901 1847 954 mmnia
1876 900 2102 968 appellit

520 990 711 1058 (.Iotta,
753 998 807 1042 et
848 988 1139 1042 iimnineus
1188 987 1383 1041 Triarii
1432 989 1625 1044 classis
1668 1003 1910 1059 apparet.
1960 990 2098 1046 Tum

520 1080 803 1149 repentino
844 1080 1056 1133 navium
1095 1078 1326 1134 adventu
1364 1080 1737 1135 Heraclieuses
1768 1083 1994 1146 turbati,
2030 1085 2099 1141 50

514 1171 738 1239 quidem
778 1185 943 1224 naves
979 1171 1031 1224 in
1058 1184 1210 1225 mare
1244 1171 1535 1233 deducunt,
1562 1174 1657 1224 sed
1697 1186 1791 1225 eas
1821 1189 1926 1227 non
1964 1176 2101 1229 satis

437 1280 447 1315 :
520 1262 813 1331 complent.
854 1262 1076 1332 Reliqua
1119 1262 1404 1321 multitudo
1444 1265 1509 1316 ad
1548 1265 1995 1332 pmpugnandum
2036 1280 2097 1320 se

522 1357 814 1409 convertit.
871 1354 1115 1424 Dumque
1168 1355 1361 1409 classis
1418 1355 1849 1411 Heracliensium
1905 1369 2099 1414 contra

524 1444 844 1499 accedentes
887 1446 1124 1500 hostium
1167 1462 1330 1501 naves
1378 1447 1428 1500 in
1473 1446 1641 1501 altum
1692 1449 1895 1514 tendit,
1940 1450 2098 1519 primi

524 1534 743 1601 Rhodii,
776 1537 969 1604 peritia
992 1548 1046 1591 et
1070 1538 1384 1592 fortitudine
1412 1538 1534 1594 aliis
1566 1540 1879 1610 praecellere
1914 1541 2103 1595 existi-

525 1629 678 1690 mati,
705 1627 754 1680 in
784 1625 1188 1684 Hcracleoticas
1217 1630 1628 1699 impressionem
1651 1629 1877 1695 iaciunt,
1903 1642 1958 1687 et
1985 1642 2099 1685 sta-

528 1716 619 1768 tim
661 1727 771 1770 tres
814 1716 1149 1771 Rhodiorum
1186 1727 1244 1771 et
1275 1719 1513 1787 quinque
1546 1718 1972 1774 lleraclieusium
2007 1721 2103 1774 de-

524 1808 851 1877 primuntur.
881 1806 947 1860 Et
978 1823 1167 1877 pugna:
1201 1810 1328 1862 hinc
1363 1811 1806 1877 supervenientes
1842 1810 2098 1876 Romani,

525 1903 708 1957 multis
768 1904 1005 1973 acceptis
1062 1904 1309 1967 damnis,
1369 1903 1613 1972 pluribus
1673 1914 1852 1958 tamen
1912 1903 2096 1967 illatis,

522 1995 876 2051 Heracleotas
900 1996 1149 2058 fundunt,
1167 2007 1220 2049 et
1238 1996 1305 2050 ad
1332 1997 1516 2049 urbem
1538 1993 1723 2066 fugere
1746 1996 2096 2064 compellunt,
2132 1988 2173 2041 Β

520 2088 556 2141 4
610 2098 665 2141 et
712 2088 778 2142 10
833 2089 1058 2142 navibus
1110 2086 1426 2154 deperditis.
1489 2086 1754 2141 Victrices
1808 2100 1986 2142 autem
2041 2092 2097 2142 in

522 2180 772 2251 Magnum
811 2179 1024 2234 subiere
1066 2188 1301 2247 portum.
1327 2176 1624 2231 Peditatum
1646 2179 1808 2232 etiam
1830 2178 1898 2232 ab
1925 2195 2098 2249 oppu-

521 2275 779 2339 gnatione
838 2282 1055 2324 revocat
1111 2264 1291 2325 Cotta.
1340 2271 1606 2325 Triariani
1668 2281 1847 2325 autem
1909 2272 2099 2329 indies

518 2362 759 2431 singulos
782 2378 810 2414 e
836 2371 997 2431 portu
1028 2363 1292 2425 subvecti,
1321 2376 1416 2416 eos
1446 2362 1535 2431 qui
1565 2362 1833 2416 frumenta
1857 2363 2097 2416 circum-

520 2454 686 2507 sessis
732 2454 1026 2520 importare
1066 2463 1433 2519 conarentur,
1478 2455 1861 2523 impedierunt.
1906 2452 2099 2525 lugens

520 2546 683 2610 igitur
721 2561 949 2599 annona:
980 2546 1218 2600 charitas
1274 2546 1461 2600 urbem
1510 2547 1705 2608 tetmit,
1766 2559 1822 2599 ut
1866 2546 2097 2602 Cluenix

517 2644 661 2707 (qua:
700 2638 917 2707 dicitur)
960 2639 1024 2690 ad
1064 2639 1132 2693 80
1176 2638 1383 2691 Atticos
1449 2639 1791 2707 procederet.
1830 2639 1893 2693 Et
1932 2656 2097 2710 super

519 2732 654 2783 alias
695 2744 994 2791 mrumnas,
1030 2730 1191 2782 etiam
1232 2730 1397 2796 pestis
1446 2730 1693 2783 homines
1739 2731 1963 2802 invasit,
2008 2729 2093 2783 vel

516 2837 583 2874 ex
618 2821 762 2874 acris
792 2822 1110 2884 mutatione,
1159 2820 1245 2873 vel
1296 2820 1612 2874 inconsueta
1664 2821 1837 2875 victus
1893 2823 2099 2875 ratione

520 2912 824 2974 exsistens,
869 2920 925 2965 et.
954 2926 1049 2979 per
1081 2913 1261 2962 varias
1291 2910 1657 2963 calamiL'ttnm
1692 2910 1891 2965 formas
1922 2913 2099 2966 varios

519 3004 799 3056 hominum
841 3002 1091 3055 interitus
1124 2999 1410 3055 cﬂlciebat.
1442 2999 1590 3054 Inter
1624 3019 1759 3071 quos
1801 3005 1963 3057 etiam
1995 3004 2098 3058 La-

520 3095 743 3148 tuacbus
770 3095 927 3163 longe
950 3094 1230 3147 acerbiore
1253 3110 1413 3162 quam
1440 3094 1553 3157 alii,
1576 3105 1628 3147 et
1656 3096 1883 3149 lentiore
1909 3098 2097 3152 mortis

518 3187 760 3239 cruciatu
798 3187 1178 3255 exstinguitur.
1219 3185 1358 3261 Lues
1398 3187 1511 3239 lucc
1555 3187 1787 3239 maxime
1817 3181 2095 3256 praesidia-

518 3279 629 3332 rios
657 3279 1010 3347 corripiebat,
1049 3288 1101 3330 ut
1136 3279 1200 3331 de
1229 3275 1370 3333 5.000
1404 3279 1546 3331 mille
1581 3278 1889 3333 interirent.

2202 721 2355 783 ναῦς.
2385 715 2459 773 ὧν
2498 718 2718 787 σύμπαν
2757 716 2817 770 τὸ
2847 713 3051 781 πλῆθος
3081 714 3160 774 είς
3188 718 3236 780 γ’
3264 713 3357 764 καὶ
3402 719 3450 781 μ’
3475 714 3646 781 ἐτέλει,
3668 722 3732 783 είς

2200 817 2292 870 τὸν
2322 816 2518 868 Πόντον
2554 814 2839 877 διαϐαίνει,
2874 812 2968 864 καὶ
2995 807 3187 879 μηνύει
3211 807 3391 878 Κόττα
3416 810 3505 861 καὶ
3528 810 3611 862 τδν
3632 830 3734 865 και-

2178 910 2296 979 ρδν
2334 908 2428 961 καὶ
2482 907 2582 972 τὴν
2646 904 2852 974 ἄφιξιν.
2919 902 3055 955 Ὑπὸ
3120 900 3177 953 δὲ
3236 900 3336 969 τὴν
3369 899 3528 968 αὐτὴν
3556 903 3734 971 ἡμέραν

2196 1002 2412 1071 ¹Κόττας
2442 1018 2501 1053 τε
2552 1001 2664 1061 τοῖς
2714 1000 2920 1067 τείχεσι
2966 997 3059 1049 τὸν
3096 993 3325 1064 στρατὸν
3354 994 3585 1061 προσῆγε
3612 996 3737 1049 καὶὸ

2200 1095 2512 1155 κατάπλους
2540 1092 2650 1145 τῶν
2676 1090 2937 1161 Τριαρίου
2988 1087 3127 1141 νεῶν
3186 1085 3521 1154 ἐπεφαίνετο.
3570 1086 3739 1139 Συντα-

2202 1185 2492 1259 ραχθέντες
2515 1183 2608 1236 οὖν
2634 1185 2683 1236 oi
2732 1180 3111 1252 Ἡρακλεῶται
3141 1178 3276 1247 πρὸς
3303 1176 3363 1229 τὸ
3394 1176 3638 1243 αἰφνίδιον
3658 1178 3739 1247 τῆς

2200 1276 2310 1329 τῶν
2343 1275 2489 1345 νηῶν
2519 1273 2710 1342 ἐφόδου
2737 1274 2868 1334 ναῦς
2900 1271 2999 1341 μὲν
3030 1269 3123 1321 ἐπὶ
3146 1268 3245 1337 τὴν
3280 1266 3545 1319 θάλασσαν
3564 1265 3604 1318 λ’
3628 1268 3739 1319 καθ-

2200 1366 2400 1427 εῖλκον,
2429 1364 2555 1417 οὐδὲ
2598 1363 2799 1424 ταύτας
2848 1360 3094 1433 ἀκριϐῶς
3125 1357 3477 1429 πληροῦντες,
3503 1357 3558 1409 τδ
3582 1357 3631 1410 δέ
3654 1358 3742 1410 λοι-

2202 1459 2303 1511 πὸν
2339 1456 2475 1528 πρὸς
2524 1455 2623 1531 τὴν
2660 1455 2980 1525 πολιορκίαν
3021 1452 3334 1523 ἐτρέποντο.
3378 1449 3618 1519 Ἀνήγετο
3664 1450 3741 1519 μὲν

2200 1550 2229 1600 ό
2274 1544 2714 1617 Ἠρακλεωτικδς
2753 1543 2936 1605 στόλος
2983 1543 3121 1612 πρὸς
3156 1540 3253 1595 τὰς
3281 1537 3632 1601 ἐπιπλεούσας
3655 1540 3740 1593 τῶν

2202 1639 2501 1708 πολεμίων.
2548 1636 2766 1710 Πρῶτοι
2804 1634 2946 1703 γοῦν
2998 1632 3191 1686 Ῥόδιοι
3243 1629 3360 1700 (καὶ
3409 1629 3740 1699 γὰρ-ἐδόκουν

2203 1731 2466 1801 ἐμπειρίᾳ
2492 1746 2553 1782 τε
2586 1728 2684 1782 καὶ
2721 1726 2945 1797 ἀνδρεία
2971 1723 3079 1778 τῶν
3117 1724 3292 1778 ἄλλων
3337 1721 3598 1793 προέχειν)
3629 1723 3741 1794 ἐνερ·

2205 1824 2449 1895 ῥάγησαν
2501 1822 2621 1883 ταῖς
2663 1818 2723 1883 ἐξ
2757 1816 3102 1889 Ἡρακλείας,
3142 1817 3239 1868 καὶ
3297 1814 3627 1884 παραχρῆμα
3660 1816 3739 1880 μὲν

2204 1913 2508 1967 κατέδυσαν
2544 1911 2763 1964 Ῥοδίων
2797 1910 2895 1978 μὲν
2918 1908 2974 1976 γ’
3006 1908 3069 1961 Ἠ
3081 1904 3436 1975 ρακλεώτιδες
3453 1904 3508 1957 δὲ
3537 1902 3594 1958 ε’.
3619 1906 3741 1957 Ἐπι-

2201 2006 2480 2075 γενόμενοι
2522 2004 2579 2056 δὲ
2629 2005 2696 2074 τῇ
2726 2001 3001 2072 ναυμαχία
3047 2001 3142 2054 καὶ
3174 1999 3457 2068 Ῥωμαῖοι,
3485 1999 3574 2050 καὶ
3603 1997 3743 2050 πολλὰ

2200 2098 2468 2159 παθόντες
2498 2096 2593 2149 καὶ
2641 2095 2971 2164 ποιήσαντες
3026 2094 3140 2154 τοῖς
3191 2089 3494 2159 πολεμίοις,
3528 2087 3641 2159 ί748
3669 2088 3741 2159 M

2200 2188 2362 2241 πλέον
2404 2187 2460 2241 δὲ
2490 2187 2640 2257 ὅμως
2669 2183 3044 2247 κακώσαντες,
3070 2183 3369 2254 ἐτρέψαντο
3399 2182 3494 2244 τὰς
3517 2180 3573 2245 ἐξ
3605 2182 3742 2252 Ἦρα-

2198 2280 2387 2342 κλείας
2419 2278 2516 2331 καὶ
2555 2277 2778 2346 φεύγειν
2814 2276 3134 2346 ἠνάγκασαν
3188 2274 3327 2344 πρὸς
3379 2271 3477 2343 τὴν
3528 2272 3683 2333 πόλιν,
3710 2273 3742 2326 δ’

2200 2369 2578 2432 ἀποϐαλούσας
2606 2368 2701 2421 καὶ
2736 2374 2787 2421 ι’.
2821 2369 2886 2420 At
2920 2366 3258 2437 τρεψάμεναι
3280 2364 3337 2417 δὲ
3369 2367 3502 2434 πρὸς
3552 2365 3635 2417 τὸν
3672 2367 3745 2434 μέ-

2200 2479 2303 2531 γαν
2366 2460 2729 2531 ἐνωρμίζοντο
2771 2458 2987 2527 λιμένα.
3023 2457 3239 2525 Ἀνίστη
3275 2456 3319 2508 δ’
3350 2454 3440 2509 οὖν
3469 2456 3565 2508 καὶ
3587 2455 3640 2507 τὸ
3672 2473 3748 2507 πε-

2200 2554 2292 2618 ζὸν
2328 2551 2429 2621 τῆς
2458 2549 2776 2620 πολιορκίας
2806 2549 2835 2601 ό
2863 2548 3094 2609 Κόττας.
3128 2547 3191 2600 Οἱ
3223 2545 3281 2598 δὲ
3318 2545 3446 2615 περὶ
3481 2545 3744 2615 ὐτριάριον

2198 2643 2522 2712 ἀναγόμενοι
2540 2639 2659 2697 καθ’
2676 2639 2913 2708 ἑκάστην
2929 2639 3035 2691 ἀπὸ
3053 2637 3148 2690 τοῦ
3167 2637 3385 2704 λιμένος
3405 2636 3525 2698 τοὺς
3544 2638 3745 2704 σιτηγεῖν

2198 2734 2562 2805 ὡρμημένους
2614 2735 2724 2796 τοῖς
2748 2731 2878 2805 [388
2908 2729 3002 2802 11.]
3038 2730 3520 2800 πολιορκουμένοις
3570 2727 3748 2779 ἀπεκώ-

2199 2826 2343 2889 λυον,
2386 2826 2481 2879 καὶ
2525 2824 2721 2886 σπάνις
2748 2822 2958 2893 χαλεπὴ
3000 2819 3099 2890 τὴν
3139 2818 3298 2872 πόλιν
3335 2822 3596 2887 κατεῖχεν,
3623 2817 3685 2879 ὡς
3707 2821 3746 2867 τιν

2210 2918 2471 2971 Ἀττικῶν
2505 2915 2604 2986 τὴν
2630 2914 2931 2985 λεγομένην
2964 2913 3179 2984 χοίνικα
3236 2910 3333 2964 τοῦ
3384 2910 3527 2962 σίτου
3578 2909 3747 2977 προκό-

2195 2998 2317 3080 ᾦαι.
2366 3010 2492 3064 Ἐπὶ
2522 3010 2580 3063 δέ
2618 3010 2732 3071 τοῖς
2759 3007 2942 3070 ἄλλοις
2968 3008 3159 3068 κακοῖς
3192 3006 3288 3059 καὶ
3316 3003 3500 3074 λοιμὸς
3524 3003 3568 3034 ⁸³
3595 3004 3749 3066 αὐτοῖς

2198 3100 2483 3153 ἐπιπεσὼν
2518 3100 2648 3171 (εἴτε
2676 3103 2740 3153 ἐκ
2770 3098 2981 3170 τροπῆς
3014 3098 3194 3169 ἀέρων
3221 3096 3336 3150 είτε
3366 3099 3429 3149 ἐκ
3461 3096 3557 3165 τῆς
3581 3095 3747 3163 ἀσυνή-

2202 3189 2327 3254 θους
2374 3190 2609 3261 διαίτης)
2657 3190 2913 3261 ποικίλην
2964 3190 3058 3242 ἐπὶ
3112 3188 3396 3252 ποικίλαις
3448 3188 3748 3256 παθημάτων

2198 3281 2363 3341 ίδέαις
2397 3281 2495 3351 τὴν
2528 3279 2736 3351 φθορὰν
2767 3278 3137 3351 ἀπειργάζετο
3156 3295 3170 3309 ο
3203 3280 3266 3333 ἐν
3298 3273 3380 3342 οἷς
3406 3279 3499 3331 καὶ
3524 3279 3748 3347 Λάμαχος

519 3373 827 3440 πικροτέρῳ
856 3372 951 3424 καὶ
998 3370 1322 3441 μακροτέρῳ
1366 3371 1474 3424 τῶν
1508 3372 1682 3425 ἄλλων
1712 3373 1917 3441 ὀλέθρῳ
1947 3371 2263 3443 διέφθαρτο.
2309 3370 2525 3440 Ἥψατο
2547 3371 2603 3424 δὲ
2660 3371 3004 3441 μάλιστακαὶ
3055 3370 3164 3423 τῶν
3220 3370 3476 3442 φρουρῶν
3521 3371 3554 3440 ή
3600 3368 3729 3431 νόσος

517 3466 595 3528 ὠς
629 3465 735 3516 ἀπὸ
789 3462 1105 3534 τρισχιλίων
1153 3462 1359 3533 χιλίους
1417 3463 1738 3519 ἀποθανεῖν.
1798 3465 1937 3527 Τοὺς
1980 3463 2297 3534 Ῥωμαίους,
2326 3462 2382 3516 δὲ
2406 3462 2467 3516 τὸ
2498 3463 2670 3527 πάθος
2695 3464 2795 3516 οὐκ
2819 3462 3110 3516 ἐλάνθανεν
3127 3461 3196 3516 ⁸⁸.

1177 3580 1306 3635 CAP.
1331 3579 1551 3635 l.lll.—
1570 3580 1842 3635 Heraclea:
1868 3581 2122 3649 proditio,
2151 3581 2428 3649 direptio.:
2455 3577 2737 3632 dissidium
2762 3576 3140 3632 Romanorum.

588 3666 749 3736 Atqui
770 3666 1131 3734 Connacorix,
1151 3669 1254 3723 hac
1276 3669 1625 3725 alﬂictionum
1653 3673 1793 3727 mole
1815 3673 2089 3733 fatiscens,

2267 3672 2379 3726 Καὶ
2425 3671 2455 3723 ό
2509 3668 2864 3739 Κοννακόρηξ
2921 3667 3256 3722 κακοπαθῶν
3303 3669 3425 3730 ταῖς
3480 3666 3746 3736 συμφοραῖς

520 3758 708 3812 urbem
745 3758 1005 3815 Romanis
1045 3764 1311 3831 prodere,
1351 3773 1409 3817 et
1450 3763 1895 3819 Heracleotarum
1931 3765 2100 3818 exitio

520 3865 672 3901 suain
704 3861 1016 3931 permutare
1046 3854 1274 3909 salutem
1315 3858 1522 3909 statuit.
1567 3856 1798 3927 Operam
1833 3858 1937 3911 huc
1967 3874 2098 3911 con-

518 3941 727 3995 ferebat
750 3941 911 3996 etiam
936 3942 1299 4000 Heracliensis
1330 3947 1585 4016 quidam,
1617 3949 1964 4005 consiliorum
1996 3942 2101 4003 La;

520 4032 699 4087 machi
738 4034 1055 4099 aemulator,
1099 4038 1185 4092 cui
1222 4054 1415 4094 nomen
1462 4040 1813 4110 Damophile,
1844 4043 2099 4113 praesidio

519 4124 672 4178 urbis
710 4134 763 4178 et
803 4125 917 4193 ipse
950 4125 1213 4181 Lamachi
1256 4129 1475 4183 interitu
1510 4131 1817 4200 praefectus.
1853 4133 1924 4185 At
1957 4132 2100 4186 Con-

518 4214 741 4268 nacorix
765 4228 795 4267 a
818 4215 974 4268 Cotta
1002 4232 1158 4284 sane,
1190 4229 1247 4271 ut
1271 4219 1489 4283 homine
1512 4221 1752 4288 moribus
1776 4222 2099 4287 importunis

516 4320 574 4363 et
615 4309 777 4364 dubia
824 4312 957 4380 ﬁde,
1004 4314 1106 4369 sibi
1141 4327 1335 4371 cavet:
1366 4333 1488 4373 cum
1525 4317 1738 4372 Triario
1771 4330 1950 4374 autem
1985 4336 2097 4373 rem

516 4403 887 4457 communicat
916 4421 931 4459 :
962 4418 1061 4459 nec
1095 4408 1314 4476 segnius
1337 4408 1389 4461 in
1424 4409 1613 4464 eodem
1646 4424 1770 4465 cum
1800 4411 1885 4465 his
1916 4411 2098 4464 studio

516 4492 864 4563 Damophiles
890 4497 1147 4561 decurrit,
1173 4508 1228 4552 et
1249 4499 1489 4568 acceptis
1515 4510 1797 4570 pactorum
1822 4503 2093 4558 conditio-

514 4585 704 4650 nibus,
736 4584 933 4658 237a
969 4590 1165 4659 quibus
1198 4606 1258 4645 se
1292 4590 1479 4646 beatos
1534 4591 1652 4647 fore
1685 4593 1997 4662 sperabant,
2029 4596 2095 4649 ad

514 4678 878 4746 proditionem
907 4696 967 4735 se
992 4685 1303 4754 accingunt.
1333 4684 1520 4763 Obiter
1553 4695 1734 4741 autem
1761 4700 1881 4754 qua:
1908 4702 1936 4738 a
1964 4702 2092 4752 pro-

514 4771 783 4826 ditoribus
809 4774 1132 4843 agebantur,
1168 4778 1220 4830 in
1258 4777 1446 4847 vulgus
1471 4788 1751 4832 emanant.
1790 4778 1845 4833 lu
1874 4780 2097 4835 concio-

512 4879 636 4917 nem
689 4865 852 4933 igitur
892 4868 1022 4923 urbs
1068 4870 1375 4937 concurrit,
1414 4872 1759 4941 praesidiique
1807 4872 2094 4942 prinfectus

2204 3764 2346 3832 ἔγνω
2375 3764 2488 3825 τοῖς
2530 3761 2826 3832 Ῥωμαίοις
2860 3761 3169 3831 προδιδόναι
3216 3760 3321 3830 τὴν
3370 3758 3527 3813 πόλιν
3568 3757 3652 3810 καὶ
3691 3756 3742 3822 τῇ

2201 3856 2311 3911 τῶν
2354 3854 2753 3925 Ἡρακλεωτῶν
2791 3854 3042 3924 ἀπωλείᾳ
3087 3852 3184 3924 τὴν
3218 3853 3358 3905 ἰδίαν
3397 3851 3655 3919 σωτηρίαν
3677 3848 3748 3899 ἁλι

2201 3946 2469 4013 λάξασθαι
2492 3948 2561 4001 ³³.
2595 3944 3042 4015 Συνελαμϐάνετο
3072 3945 3129 3997 δὲ
3156 3945 3222 3997 αύ
3234 3943 3312 4015 τῷ
3341 3945 3435 3997 καὶ
3476 3938 3747 4012 Ἡρακλεώ-

2200 4057 2300 4111 της
2333 4039 2493 4109 ὰνὴρ,
2526 4038 2775 4110 ζηλωτὴς
2801 4037 2899 4108 τῆς
2949 4037 3215 4106 Λαμάχου
3246 4034 3635 4105 προαιρέσεως,
3660 4036 3744 4083 Δα-

2204 4131 2463 4201 μωφέλης
2486 4132 2531 4162 “
2574 4130 2767 4200 ὄνομα,
2804 4120 3150 4199 φρούραρχος
3197 4128 3297 4180 καὶ
3334 4126 3492 4188 αὐτὸς
3527 4128 3588 4195 τῇ
3620 4121 3746 4175 πόλει

2203 4222 2342 4292 μετὰ
2367 4222 2466 4292 τὴν
2494 4220 2756 4289 Λαμάχου
2787 4218 2996 4287 φθοράν
3019 4217 3320 4280 καταστάς.
3361 4217 3418 4268 Ὀ
3442 4213 3610 4266 τοίνυν
3634 4212 3748 4263 Κονο

2199 4315 2438 4386 νακόρηξ
2477 4314 2569 4367 τὸν
2604 4314 2815 4365 Κότταν
2848 4309 2947 4382 μὲν
2990 4309 3065 4373 ὡς
3095 4309 3267 4379 βαρὺν
3294 4309 3338 4341 ⁸⁷
3400 4307 3459 4359 τὸ
3507 4302 3627 4377 ἦθος
3669 4301 3745 4353 καὶ

2199 4408 2429 4462 ἄπιστον
2464 4404 2813 4473 ἐφυλάττετο,
2841 4402 2979 4474 πρὸς
3026 4400 3413 4473 Ὀτριάριονδὲ
3439 4395 3741 4453 συνετίθετο·

2200 4496 2488 4569 συνέτρεχὲ
2516 4498 2572 4550 δὲ
2597 4495 2809 4558 τούτοις
2862 4495 2957 4548 καὶ
2988 4492 3337 4562 Δαμωφέλης
3379 4492 3480 4545 οὐκ
3511 4488 3745 4542 ἐνδεέστε-

2201 4608 2314 4662 ρον.
2348 4591 2459 4642 Καὶ
2488 4589 2749 4650 λαϐόντες
2797 4587 3095 4658 συνθήκας,
3124 4582 3211 4650 αἷς
3239 4586 3640 4656 εὐδαιμονήσειν
3662 4579 3739 4631 αὺ-

2195 4682 2281 4735 τοὶ
2320 4681 2568 4752 ἤλπιζον,
2617 4678 2753 4750 πρὸς
2803 4679 2902 4749 τὴν
2950 4679 3243 4750 προδοσίαν
3276 4675 3738 4749 παρεσκευάζοντο.

2207 4776 2299 4841 Ἐξ
2334 4773 2599 4843 ἐπιπολῆς
2646 4768 2741 4827 οὖν
2796 4774 2866 4827 τὰ
2910 4771 3267 4843 πραττόμενα
3321 4773 3435 4835 τοῖς
3490 4766 3741 4839 προδόταις

2194 4868 2478 4921 διέπιπτεν
2511 4868 2592 4929 εἰς
2618 4867 2709 4918 τὸν
2751 4864 2948 4935 δῆμον.
2983 4865 3079 4927 Et;
3104 4863 3409 4935 ἐκκλησίαν
3437 4856 3529 4915 οὖν
3554 4861 3583 4929 ἡ
3609 4855 3740 4914 πόλις

511 4957 827 5011 advocatur.
873 4958 1009 5012 Tum
1059 4960 1449 5030 Brithagoras,
1490 4964 1574 5016 vir
1620 4963 1760 5018 inter
1802 4965 2091 5034 pepulares

2199 4958 2532 5028 συνέδραμον
2574 4958 2669 5010 καὶ
2700 4956 2792 5009 τὸν
2826 4955 3175 5026 φρούραρχον
3218 4955 3468 5009 ἐκάλουν.
3506 4946 3739 5023 Βριθαγό-

510 5048 791 5116 praecipuae
827 5052 1167 5104 anetoritatis
1189 5091 1205 5115 ,
1237 5052 1610 5121 Counacorige
1642 5062 1941 5117 convento,
1983 5069 2090 5122 quo

2199 5069 2299 5121 ρας
2329 5050 2388 5103 δὲ
2412 5050 2521 5104 τῶν
2550 5052 2608 5103 ἐν
2646 5048 2725 5120 τῷ
2753 5051 2912 5121 δήμῳ
2940 5049 3081 5120 ἀνὴρ
3109 5047 3378 5118 ἐπιφανὴς
3404 5045 3536 5117 πρὸς
3561 5044 3738 5095 Κοννα·

509 5137 629 5192 loco
659 5140 730 5192 sit
756 5136 1021 5195 Heraclea
1052 5141 1329 5207 edisserit,
1366 5152 1420 5196 et
1454 5143 1497 5196 si
1536 5143 1621 5195 ille
1652 5145 1990 5211 comprobet,
2021 5146 2088 5199 de

510 5233 779 5285 «τυιιιηιιιιιὶ
812 5234 1053 5297 omnium
1090 5234 1267 5289 salute
1292 5251 1412 5289 cum
1443 5234 1657 5289 Triario
1695 5236 2083 5290 conferendum

508 5338 631 5376 esse
657 5336 865 5378 censet.
890 5324 1015 5379 llaec
1037 5342 1157 5379 cum
1211 5325 1611 5393 miserabiliter,
1636 5327 1819 5381 multis
1844 5326 2089 5381 intermi-

508 5416 608 5467 Stis
645 5416 927 5484 precibus,
963 5426 1270 5485 perorasset
1300 5416 1912 5487 Brithagoras,surgens
1943 5418 2087 5473 Con-

507 5511 769 5575 uacorix,
820 5512 1253 5580 paciﬁcationem
1315 5526 1434 5565 eam
1498 5510 1903 5581 suscipiendam
1963 5525 2086 5563 esse

2197 5145 2411 5214 κόρηκα
2464 5144 2857 5213 παραγεγονὼς
2906 5142 2976 5195 τά
3029 5158 3089 5193 τε
3142 5141 3440 5209 κατέχοντα
3472 5136 3564 5207 τὴν
3604 5131 3738 5203 Ἠρά-

2197 5234 2383 5288 κλειαν
2435 5233 2656 5305 διεξῄει,
2704 5235 2798 5287 καὶ
2847 5236 2896 5287 εἰ
2940 5232 3179 5303 κάκείνῳ
3200 5234 3244 5265 ⁸⁸
3276 5232 3442 5294 δοκεῖ,
3478 5228 3567 5282 ἐπὶ
3608 5223 3735 5290 κοινῇ

2198 5328 2417 5382 πάντων
2474 5326 2719 5397 σωτηρίᾳ
2771 5325 3133 5395 διελάμϐανεν
3189 5322 3477 5395 Ὀτριαρίῳ
3522 5315 3735 5379 διαλέξα-

2200 5419 2346 5474 σοαι.
2380 5419 2567 5473 Ταῦτα
2596 5418 2934 5489 Βριθαγόρου
2973 5417 3113 5488 μετὰ
3147 5417 3348 5485 πολλῆς
3386 5408 3732 5478 οἱκτισαμένου

2192 5512 2453 5581 δεήσεως,
2476 5510 2767 5574 διαναστὰς
2796 5511 2824 5562 ὁ
2846 5508 3199 5581 Κοννακόρηξ
3225 5506 3477 5576 τοιαύτην
3508 5502 3599 5573 μὲν
3624 5513 3729 5551 συν’

1796 5646 2024 5701 VARUS
2058 5646 2465 5703 LEC'I'IO‘NES.

582 5737 821 5810 “imo;
854 5757 914 5803 ς’.
1013 5740 1057 5771 ⁸⁵
1085 5739 1354 5810 ἐλάμϐανε
1394 5759 1453 5807 ς.

518 5808 788 5875 Βάρϐαρον
826 5827 891 5874 ς.
951 5812 993 5841 ⁸⁸
1022 5808 1239 5863 κακεῖνο
1272 5829 1332 5875 ς’.

1562 5742 1604 5774 ⁸⁵
1635 5740 2048 5807 ἀπαλλάξασοαι
2110 5760 2168 5805 ς.

2294 5740 2340 5772 ⁸⁸
2375 5740 2683 5812 δαμοφελὴς
2730 5742 2773 5794 Α
2809 5739 3159 5813 εΔαμοφιλὴς
3191 5757 3250 5807 ς.
3353 5738 3394 5769 ⁸⁷
3432 5732 3589 5806 βαρὺν
3638 5729 3676 5783 Δ
3710 5738 3720 5773 3
