4004 6448
300 350 417 413 929

1372 342 1891 404 BIBLIOTHECA.
1924 368 1995 377 —-
2028 343 2192 403 COD.
2225 341 2518 401 CCXXIV.

3465 349 3570 426 930

298 469 483 537 θήκην
534 462 735 516 ἀπεῖπε
788 460 1140 532 πράττεσθαι,
1195 460 1415 532 ἔχεσθαι
1438 463 1482 493 ⁸⁸
1516 462 1571 514 δὲ
1605 462 1702 531 τῆς
1732 461 1883 513 ἐλευ-

1992 469 2180 526 negat,
2231 460 2323 512 sed
2384 468 2438 510 ut
2482 456 2749 510 libertatis
2794 466 2848 511 et
2894 457 3135 512 melioris
3180 458 3408 513 fortuna;
3453 465 3567 531 spei

298 558 495 627 θερίας
550 553 643 606 καὶ
678 551 786 605 τῶν
841 554 1169 621 κρειττόνων
1224 554 1556 623 ὑπεκρίνατο
1614 552 1878 604 ἐλπίδων·

298 649 401 700 καὶ
434 648 545 715 γὰρ
577 646 671 697 καὶ
698 645 791 697 τὸν
824 643 1046 713 βασιλέα
1079 645 1268 714 μαθεῖν
1292 646 1379 697 διὰ
1411 644 1755 714 γραμμάτων
1780 642 1886 695 ὑπὸ

296 737 609 806 Τιγράνους
663 750 724 786 τε
770 733 865 786 τοῦ
910 734 1160 805 γαμϐροῦ
1215 734 1552 804 φιλοφρόνως
1616 732 1883 803 δεδέχθαι,

296 830 401 883 καὶ
432 829 533 880 οὐκ
563 828 639 889 είς
672 826 888 897 μακρὰν
921 827 1131 879 ἐκεῖθεν
1163 826 1469 897 προσδοκᾷν
1498 825 1595 895 τὴν
1636 824 1889 895 ἀποχρῶ-

302 933 407 967 σαν
442 914 717 984 βοήθειαν.
765 912 904 965 Ἀλλ’
939 914 1167 977 ἐκείνοις
1225 914 1323 984 μὲν
1356 915 1529 967 ταῦτα
1557 914 1585 966 ό
1611 914 1885 967 Κοννακό-

303 1006 413 1076 ρηξ
460 1004 878 1072 ἐσκηνικεύετο·
920 1006 968 1058 οἱ
1002 1004 1060 1058 δὲ
1107 1005 1481 1075 Ἡρακλεῶται
1525 1006 1733 1068 τούτοις
1778 1008 1888 1069 τοῖς

302 1098 485 1164 λόγοις
538 1094 946 1165 ἐξηπατημένοι
975 1096 1083 1164 (ἀεὶ
1111 1095 1221 1166 γὰρ
1251 1096 1469 1166 αἱρετὸν
1514 1095 1576 1148 τὸ
1603 1096 1887 1165 ἐράσμιον)

307 1190 389 1250 ὡς
420 1185 770 1257 ἀληθέσιτοῖς
798 1186 1205 1257 τερατευθεῖσιν
1228 1188 1533 1239 ἐπίστευον.
1572 1186 1633 1237 '0
1663 1185 1721 1237 δὲ
1756 1187 1882 1237 Κον-

315 1279 570 1348 νακόρηξ,
599 1278 675 1340 ὡς
705 1278 1089 1348 ἠπατημένους
1119 1278 1280 1345 ἔγνω,
1311 1279 1451 1331 κατὰ
1486 1279 1655 1348 μέσας
1687 1277 1891 1341 νύκτας

317 1370 637 1432 ἐπιϐιϐάσας
681 1370 898 1439 ἡσύχως
950 1371 1069 1432 ταῖς
1109 1370 1358 1440 τριήρεσι
1387 1370 1449 1420 τὸ
1476 1369 1791 1439 στράτευμα
1815 1368 1892 1437 (ai

315 1464 425 1532 γὰρ
452 1461 585 1529 πρὸς
622 1461 931 1531 ὐτριάριον
962 1460 1230 1529 συνθῆκαι
1258 1459 1442 1513 κακῶν
1475 1460 1707 1523 ἀπαθεῖς
1734 1460 1891 1512 ἀπιέ-

310 1572 418 1619 ναι,
446 1556 539 1607 καὶ
590 1554 641 1605 εί
665 1571 717 1605 τι
757 1554 1191 1623 κεκερδαγκότες
1212 1554 1258 1584 ’⁷ο
1282 1552 1494 1621 εῖησαν,
1532 1551 1649 1622 μεθ’
1684 1552 1893 1603 ἑαυτῶν

304 1646 467 1713 ἄγειν
520 1643 847 1713 ἐπέτρεπον)
898 1645 993 1696 καὶ
1028 1644 1187 1705 αὐτὸς
1236 1641 1449 1705 τούτοις
1480 1642 1892 1705 συνεξέπλευσε.

314 1734 662 1805 Δαμωφέλης
689 1735 745 1787 δὲ
778 1734 876 1797 τὰς
924 1734 1098 1797 πύλας
1148 1733 1365 1797 ἀνοίξας
1414 1733 1757 1802 εἰσχεόμενον
1801 1733 1892 1787 τὸν

2002 550 2349 613 inhaererent,
2398 564 2492 616 per
2534 549 2933 603 simulationem
2978 550 3171 603 suasit.
3216 550 3423 605 Etenim
3474 570 3571 620 per

2000 642 2211 695 litteras
2238 656 2295 694 se
2323 641 2636 708 cognovisse
2677 656 2856 710 regem
2896 658 2925 694 a
2966 641 3198 709 Tigrane
3240 657 3441 712 genero
3474 645 3569 699 be-

1988 732 2150 800 nigne
2199 740 2531 799 susceptum,
2568 744 2667 783 nec
2699 729 2913 797 longum
2948 740 3067 798 post
3098 730 3435 805 intervallum
3460 736 3573 787 su”-

1991 822 2186 876 ﬁciens
2221 816 2349 875 inde
2375 830 2694 889 exspectare
2725 821 3007 873 auxilium.
3039 820 3185 874 Hane
3219 832 3329 874 tum
3363 823 3567 877 larvam

1987 913 2255 967 scenicam
2302 912 2408 966 illis
2436 912 2803 980 praetendebat
2844 912 3202 966 Connacorix.
3254 913 3434 979 Quare
3486 917 3569 969 bis

1990 1004 2170 1057 verbis
2228 1004 2440 1071 decepti
2491 1004 2868 1059 lleraclienses
2922 1006 3174 1074 (semper
3226 1009 3369 1059 enim
3426 1022 3567 1076 quor.

1991 1096 2191 1149 adlibet
2240 1095 2531 1165 expetitur)
2578 1106 2752 1150 astute
2794 1097 3060 1160 eonfictis,
3108 1106 3165 1149 ut
3212 1100 3378 1159 veris,
3410 1099 3565 1152 fidem

1990 1188 2309 1242 adliibuere.
2365 1187 2735 1251 Connacorix,
2791 1197 2850 1240 ut
2908 1189 2960 1241 in
3019 1187 3279 1241 fraudem
3312 1189 3569 1243 deductos

1989 1280 2154 1338 videt.
2186 1290 2346 1333 nocte
2396 1279 2741 1347 intempesta,
2776 1281 3017 1333 exercitu
3058 1278 3288 1332 navibus
3320 1279 3569 1347 imposito

1993 1367 2108 1437 (per
2136 1368 2310 1422 foedus
2345 1370 2488 1422 enim
2512 1386 2633 1421 cmn
2661 1369 2874 1422 Triario
2903 1371 3094 1422 initum
3128 1372 3291 1424 salvis
3318 1372 3488 1437 abire,
3516 1382 3569 1426 et

1991 1460 2035 1512 si
2071 1459 2197 1528 quid
2249 1460 2381 1512 lucri
2429 1461 2719 1526 fecissent,
2766 1477 2948 1515 secum
2996 1474 3279 1531 asportare
3326 1464 3567 1533 licebat),

1994 1549 2107 1615 ipse
2130 1566 2249 1602 cum
2278 1551 2534 1603 militibus
2557 1552 2806 1606 discedit.
2835 1553 3180 1621 Damophilcs
3201 1566 3403 1618 autem,
3424 1558 3567 1608 solu-

1997 1641 2063 1694 tis
2115 1642 2322 1706 portis,
2378 1643 2701 1697 introfusum
2748 1644 3113 1698 Romanorum
3170 1647 3463 1700 exercitum
3515 1657 3570 1700 ct

1996 1733 2266 1789 Triarium
2307 1738 2534 1805 recipit:
2571 1755 2800 1807 quorum
2846 1742 2938 1795 alii
2987 1758 3084 1809 per
3128 1754 3337 1810 portam
3375 1745 3568 1796 irrum-

313 1828 629 1897 Ῥωμαϊκὸν
661 1826 890 1896 στρατὸν
934 1826 1029 1880 καὶ
1075 1825 1167 1876 τὸν
1209 1823 1515 1895 ὐτριάριον
1568 1824 1888 1892 είσεδέχετο,

1999 1838 2149 1895 ριιιιι,
2178 1831 2415 1883 nonnulli
2446 1832 2609 1884 etiam
2655 1832 2790 1885 muri
2830 1834 3111 1901 pinnacula
3152 1837 3562 1890 transcendunt.

298 1921 437 1982 τοὺς
469 1920 566 1989 μὲν
604 1918 693 1971 διὰ
722 1921 821 1989 τῆς
859 1918 1057 1988 πύλης,
1085 1918 1261 1980 ἐνίους
1309 1917 1366 1970 δὲ
1414 1918 1512 1969 καὶ
1554 1918 1653 1986 τὴν
1689 1917 1891 1985 στεφά-

301 2027 409 2079 νην
440 2009 890 2079 ὑπερϐαίνοντας.
918 2009 1030 2062 Καὶ
1047 2008 1167 2061 τότε
1192 2009 1291 2079 τῆς
1317 2008 1606 2079 προδοσίας
1638 2010 1688 2060 οἱ
1723 2009 1893 2079 Ἥρα-

301 2102 543 2155 κλεῶται
580 2101 895 2173 ἐπῄσθοντο.
950 2103 1059 2154 Καὶ
1093 2102 1141 2153 οἱ
1179 2086 1277 2171 μὲν
1310 2103 1451 2169 σφᾶς
1497 2102 1694 2164 αὐτοὺς
1754 2118 1894 2170 παρ-

303 2195 576 2259 εδίδοσαν,
628 2197 676 2246 οἱ
722 2195 776 2246 δὲ
815 2194 1228 2259 ἑκτείνοντο,τά
1259 2210 1317 2245 τε
1374 2193 1630 2264 κειμήλια
1677 2194 1771 2246 καὶ
1827 2194 1893 2246 τά

302 2286 515 2339 ἔπιπλα
544 2286 896 2355 διηρπάζετο,
934 2289 1027 2338 καὶ
1058 2285 1229 2356 πολλὴ
1256 2286 1381 2347 τοὺς
1416 2286 1638 2348 πολίτας
1668 2285 1888 2355 ὠμότης

300 2378 607 2447 ἐλάμϐανε,
644 2377 1010 2447 μεμνημένων
1044 2376 1330 2445 Ῥωμαίων
1376 2378 1475 2429 ὅσα
1517 2394 1574 2429 τε
1610 2379 1762 2448 παρὰ
1791 2378 1891 2448 τὴν

300 2469 618 2539 ναυμαχίαν
650 2469 776 2539 [589
809 2468 901 2538 1].]
932 2466 1157 2520 πάθοιεν
1198 2466 1322 2539 [HQ
1352 2466 1444 2538 R.]
1480 2468 1572 2521 καὶ
1595 2467 1693 2520 ὅσα
1732 2484 1892 2520 τετα-

302 2562 733 2630 λαιπωρηκότες
786 2561 878 2612 ἐπὶ
938 2563 1005 2631 τῇ
1059 2560 1347 2632 πολιορκία
1402 2561 1734 2631 ὑπέστησαν.
1780 2561 1893 2614 Οὐκ

302 2654 596 2723 ἀπείχοντο
641 2652 773 2719 γοῦν
811 2652 929 2705 οὐδὲ
976 2652 1085 2705 τῶν
1130 2653 1223 2705 ἐπὶ
1268 2656 1381 2714 τοῖς
1435 2654 1598 2722 ἱεροῖς
1634 2653 1894 2720 πεφευγό-

302 2760 441 2806 ⁴ιτων,
471 2743 604 2796 ἀλλὰ
634 2743 787 2813 παρά
810 2760 870 2795 τε
903 2744 1017 2805 τοῖς
1049 2742 1253 2811 βωμοῖς
1296 2744 1390 2795 καὶ
1432 2746 1544 2805 τοῖς
1581 2744 1892 2813 ἀγάλμασιν

300 2833 511 2895 αὐτοὺς
557 2832 846 2900 ἔσφαττον.
897 2834 989 2885 Διὸ
1011 2832 1197 2885 πολλοὶ
1245 2833 1627 2897 διαπίπτοντες
1674 2836 1738 2888 ὲκ
1785 2836 1893 2889 τῶν

311 2922 516 2991 τειχῶν
542 2924 693 2994 φόϐῳ
714 2923 807 2976 τοῦ
830 2924 1075 2990 ἀφύκτου
1104 2924 1335 2978 θανάτου
1369 2925 1509 2978 κατὰ
1524 2928 1702 2979 πᾶσαν
1734 2928 1894 2979 ἐσκε-

304 3012 567 3065 δάννυντο
595 3011 782 3084 χώραν
808 3028 821 3040 '
850 3013 900 3065 oi
922 3013 978 3065 δὲ
1012 3013 1333 3083 αὐτομολεῖν
1366 3016 1502 3084 πρὸς
1534 3008 1624 3069 τὸν
1670 3018 1885 3071 Κότταν

304 3104 702 3172 ἠναγκάζοντο.
738 3104 827 3168 Ἐξ
853 3098 926 3155 ὧν
955 3104 1160 3167 ἐκεῖνος
1184 3106 1284 3174 τήν
1313 3122 1371 3157 τε
1417 3106 1617 3159 ἅλωσιν
1651 3107 1743 3160 καὶ
1786 3108 1879 3160 τὸν

309 3192 514 3261 φθόρον
543 3192 652 3244 τῶν
690 3192 993 3261 ἀνθρώπων
1037 3194 1132 3244 καὶ
1160 3172 1259 3262 τὴν
1282 3194 1591 3265 διαρπαγὴν
1622 3196 1729 3249 τῶν
1752 3214 1890 3268 χρη-ι
1919 3172 1961 3230 C

311 3283 503 3353 μάτων
558 3283 925 3353 πυθόμενος¹¹¹
984 3284 1153 3353 ὀργῆς
1207 3286 1607 3354 ἀνεπίμπλατο,
1649 3289 1744 3342 καὶ
1802 3288 1894 3342 διὰ

307 3377 519 3444 ταχέων
548 3376 683 3445 πρὸς
713 3375 814 3446 τὴν
864 3374 1019 3429 πόλιν
1062 3376 1341 3447 ἠπείγετο.
1378 3380 1809 3449 Συνεχαλὲπαινε
1836 3380 1894 3434 δὲ

307 3468 406 3518 καὶ
442 3467 502 3519 τὸ
533 3467 872 3536 στράτευμα,
901 3466 976 3529 ὡς
1004 3468 1064 3519 ού
1104 3468 1265 3537 μόνον
1293 3468 1390 3540 τὴν
1415 3470 1505 3523 ἐπὶ
1528 3474 1640 3534 τοῖς
1680 3488 1895 3542 κατωρ-

308 3557 580 3626 θωμένοις
607 3558 855 3624 εὐδοξίαν
885 3560 1259 3631 ἀφῃρημένων
1280 3564 1345 3627 τ’,
1379 3562 1515 3616 ἀλλὰ
1548 3564 1641 3617 καὶ
1671 3564 1777 3616 τῶν
1803 3566 1890 3617 λυ-

310 3649 594 3703 σιτελειῶν
642 3651 862 3713 ἁπάσας
912 3651 1065 3721 παρὰ
1098 3652 1208 3705 τῶν
1240 3654 1420 3707 αὐτῶν
1466 3654 1885 3724 διηρπασμένοι.

308 3742 424 3793 Καὶ
448 3743 527 3805 είς
557 3743 741 3813 μάχην
768 3742 834 3795 ἂν
864 3747 977 3807 τοῖς
997 3744 1286 3814 ὁμοφύλοις
1312 3747 1654 3815 κατέστησαν
1686 3748 1891 3801 ἄσπον-

304 3834 399 3886 δον
430 3834 524 3886 καὶ
556 3834 947 3902 κατεκόπησαν
977 3835 1045 3889 ἂν
1069 3836 1159 3888 ὑπ’
1187 3836 1454 3907 ἀλλήλων,
1480 3840 1527 3890 εί
1562 3838 1636 3909 μὴ
1680 3840 1891 3907 Ὀτριά-

310 3944 426 3992 ριος
452 3927 710 3993 ἐπιγνοὺς
739 3926 839 3995 τὴν
865 3927 1044 3998 ὁρμὴν
1088 3928 1289 3990 αὐτῶν,
1329 3930 1545 3993 πολλοῖς
1574 3931 1890 4000 ὲκμειλίξας

1994 1919 2126 1973 Tum
2187 1922 2402 1974 dennnn
2462 1925 2703 1991 proditos
2768 1939 2825 1978 se
2879 1924 3253 1979 lleraclienses
3303 1930 3564 1988 sentiunt,

1992 2025 2224 2079 parsque
2280 2012 2471 2065 borum
2521 2029 2580 2067 se
2624 2015 2793 2079 dedit,
2838 2031 2960 2083 pars
3007 2018 3323 2071 trucidatur.
3372 2017 3479 2072 Res
3512 2020 3563 2071 in

1992 2103 2174 2156 abdito
2210 2104 2458 2173 reposita:
2488 2116 2542 2159 et
2571 2097 2921 2174 supellectilia
2979 2110 3327 2177 diripiuntur,
3364 2122 3417 2164 et
3447 2127 3566 2164 ma—

1991 2209 2094 2263 gna
2136 2195 2458 2249 crudelitate
2507 2197 2560 2250 in
2607 2198 2753 2251 cives
2800 2198 3112 2254 deszevitur.
3155 2201 3285 2254 Nam
3337 2206 3568 2256 recurrit

1994 2286 2174 2338 animo
2197 2285 2474 2351 Romanis,
2512 2298 2715 2354 quanta
2747 2289 2920 2341 navali
2949 2290 3199 2343 conﬂictu
3238 2293 3563 2345 detrimenta

1993 2377 2363 2444 accepissent,
2414 2386 2467 2431 et
2507 2390 2739 2446 quantas
2775 2381 3157 2436 sustinuissent
3200 2398 3467 2438 aerumnas
3513 2385 3563 2437 in

1992 2466 2409 2534 Oppugnatioue.
2435 2467 2666 2537 Ideoque
2692 2485 2789 2523 nec
2810 2473 2877 2525 ab
2902 2473 2984 2525 liis
3010 2473 3097 2534 qui
3133 2474 3198 2526 ad
3223 2475 3381 2527 deum
3410 2490 3563 2528 sacra

1992 2557 2351 2625 confugerant
2381 2568 2758 2626 temperatum,
2792 2564 2882 2616 sed
2916 2562 3069 2632 juxta
3101 2580 3223 2617 aras
3256 2576 3310 2618 et
3344 2566 3564 2619 delubra

1992 2649 2260 2717 supplices
2279 2652 2513 2703 mactati.
2538 2652 2795 2717 Quocirca
2817 2654 2963 2706 multi
2983 2667 3131 2708 trans
3155 2670 3339 2708 muros
3361 2656 3529 2722 elapsi
3546 2696 3561 2715 .,

1994 2742 2183 2796 mortis
2234 2743 2558 2796 inevitabilis
2601 2754 2776 2808 metu,
2816 2759 2912 2813 per
2960 2754 3126 2799 totam
3183 2747 3565 2816 disperguntur

1995 2833 2267 2901 regionem
2303 2851 2317 2887 :
2356 2836 2630 2888 nonnullis
2673 2837 2835 2890 etiam
2868 2838 2933 2891 ad
2974 2837 3187 2891 Cottam
3224 2842 3568 2909 transfugere

1994 2926 2220 2979 coactis.
2252 2927 2293 2978 Α
2327 2927 2521 2994 quibus
2553 2927 2644 2981 ille
2668 2926 2734 2981 de
2757 2931 3150 2999 expugnatione
3182 2931 3352 2997 urbis,
3386 2943 3441 2985 et
3468 2932 3568 2986 bo-

1994 3018 2198 3071 minum
2224 3026 2407 3087 strage
2435 3027 2487 3072 et
2507 3018 2814 3087 direptione
2840 3023 3123 3088 bonorum,
3142 3024 3343 3077 certior
3363 3023 3567 3087 factus,

1996 3110 2075 3169 ira
2122 3120 2264 3165 totus
2290 3112 2627 3178 exardescit,
2674 3121 2729 3166 et
2767 3128 2926 3180 quam
2967 3114 3249 3169 celerrime
3278 3117 3344 3169 ad
3379 3118 3568 3169 urbem

1996 3204 2236 3258 festinat.
2274 3203 2501 3258 Moleste
2538 3206 2697 3259 etiam
2731 3206 2889 3259 simul
2939 3207 3059 3259 tulit
3095 3209 3387 3272 exercitus,
3424 3212 3569 3276 quod

1996 3309 2103 3348 non
2159 3296 2320 3347 modo
2378 3295 2546 3364 gloria
2606 3312 2783 3349 rerum
2841 3297 3052 3351 fortiter
3107 3309 3379 3363 gestarum
3433 3316 3566 3367 spo-

1994 3385 2129 3448 liati.
2186 3386 2381 3456 237b
2408 3388 2497 3441 sed
2526 3387 2686 3441 etiam
2714 3389 3012 3441 commodis
3042 3392 3308 3443 universis
3333 3390 3565 3444 fraudati

1993 3489 2176 3532 essent
2216 3479 2283 3532 ab
2332 3480 2543 3533 iisdem.
2592 3480 2711 3533 Ideo
2760 3481 3081 3549 implacabili
3120 3497 3241 3534 cum
3275 3484 3570 3551 gentilibus

1994 3571 2291 3623 certamine
2336 3574 2599 3635 conserti,
2642 3573 2839 3624 mutuis
2868 3587 2927 3626 se
2954 3573 3193 3627 caedibus
3232 3576 3565 3643 hausissent,

1997 3660 2097 3713 nisi
2124 3661 2387 3721 Triarius,
2421 3663 2783 3716 concitatione
2814 3662 3025 3717 illorum
3058 3665 3348 3728 intellecta,
3383 3668 3567 3719 multis

1997 3760 2243 3818 pacasset
2292 3754 2472 3807 verbis
2518 3754 2749 3817 Cottam,
2796 3764 2847 3807 et
2889 3755 2939 3807 in
2980 3770 3266 3809 comnmne
3303 3772 3372 3811 se
3416 3758 3566 3810 lucra

1996 3845 2367 3911 expositurum
2416 3858 2603 3899 sancte
2652 3846 2952 3915 promisso,
3009 3847 3202 3899 bellum
3250 3848 3567 3902 intestimnn

1998 3934 2339 3989 inhibuisset.

304 4017 487 4086 λόγοις
515 4018 604 4069 τόν
653 4034 713 4069 τε
765 4018 981 4072 Κότταν
1017 4020 1231 4073 καὶτὸν
1262 4022 1515 4093 στρατὸν,
1552 4022 1646 4076 καὶ
1689 4023 1771 4085 είς
1814 4021 1875 4075 τὸ
1903 4025 2085 4079 κοινὸν
2140 4026 2210 4080 τὰ
2268 4026 2435 4096 κέρδη
2489 4025 2800 4079 καταθεῖναι
2824 4026 2871 4058 ⁷³
2930 4025 3403 4097 βεϐαιωσάμενος,
3475 4026 3567 4081 τὸν

302 4106 572 4177 ἐμφύλιον
602 4106 912 4176 ἀνεχαίτισε
947 4108 1075 4160 πόλε
1085 4126 1204 4176 μον.

378 4221 508 4273 Car.
540 4218 677 4275 LIV.
706 4219 959 4277 ——Cotta
982 4222 1292 4277 Heracleam
1336 4224 1682 4292 exspoliatam
1714 4226 1975 4307 incendit,
1992 4234 2037 4278 et
2082 4224 2140 4277 in
2187 4223 2359 4297 reditu
2410 4238 2657 4291 magnam
2710 4224 2904 4293 prada:
2949 4235 3151 4291 partem
3198 4224 3494 4294 naufragiis

1802 4307 2019 4353 amttut.

391 4404 545 4457 Ἐπεὶ
573 4405 629 4458 δὲ
658 4403 1015 4458 ἐπυνθάνοντο
1063 4405 1157 4459 τὸν
1184 4406 1583 4479 Κοννακόρηκα
1624 4427 1757 4463 κατε
1768 4410 1879 4482 ιλη-

301 4497 445 4565 φότα
472 4497 573 4565 τὴν
599 4496 725 4550 Τίον
753 4496 849 4550 καὶ
894 4497 996 4568 τὴν
1053 4499 1382 4568 Ἄμαστριν,
1438 4502 1638 4554 αὐτίκα
1669 4503 1881 4565 Κόττας

2063 4409 2163 4465 Ubi
2194 4424 2323 4462 vero
2346 4407 2552 4461 audivit
2574 4407 2997 4473 Connacorigem
3032 4409 3187 4462 Tium
3210 4420 3267 4465 et
3287 4412 3562 4469 Amastrin

1987 4516 2302 4570 occupasse,
2330 4501 2447 4554 sine
2476 4514 2623 4553 mora
2657 4498 2923 4552 Triarium
2948 4500 3100 4553 Cotta
3124 4502 3353 4565 dimisit,
3388 4515 3442 4556 ut
3465 4507 3563 4558 bas

317 4586 629 4657 Ὀτριάριον
684 4588 960 4657 ἐκπέμπει
1007 4590 1447 4661 ἀφαιρησόμενον
1501 4594 1681 4646 αὐτῶν
1712 4595 1759 4625 ⁷⁵
1786 4595 1885 4657 τὰς

1992 4594 2071 4646 eis
2098 4595 2260 4644 urbes
2287 4591 2570 4642 adimeret.
2606 4586 2723 4656 ipse
2756 4588 2996 4648 interim,
3032 4589 3271 4656 acceptis
3298 4590 3562 4645 dedititiis

304 4678 516 4741 πόλεις.
546 4678 719 4741 Αὐτὸς
750 4678 807 4732 δὲ
843 4678 967 4741 τούς
1017 4697 1077 4732 τε
1111 4684 1646 4754 προσκεχωρηκότας
1676 4685 1877 4754 ἄνδρας

303 4769 492 4824 λαϐὼν
522 4771 616 4823 καὶ
647 4771 773 4832 τοὺς
803 4772 867 4823 ὲκ
900 4771 1001 4838 τῆς
1024 4772 1400 4839 αἰχμαλωσίας
1444 4776 1786 4845 ἀνθρώπους,
1818 4778 1888 4830 τὰ

305 4862 473 4916 λοιπά
507 4861 645 4930 μετὰ
671 4860 851 4929 πάσης
884 4861 1089 4914 διεῖπεν
1113 4863 1415 4934 ὠμότητος.
1456 4868 1728 4937 Χρήματα
1756 4869 1887 4936 γοῦν

306 4952 729 5021 διερευνώμενος
780 4952 901 5005 οὐδὲ
950 4952 1057 5005 τῶν
1112 4955 1171 5006 ὲν
1227 4955 1388 5025 ἱεροῖς
1436 4958 1698 5023 ἐφείδετο,
1751 4958 1888 5010 ἀλλὰ

310 5047 437 5109 τούς
461 5063 521 5097 τε
568 5044 889 5113 ἀνδριάντας
924 5043 1019 5096 καὶ
1051 5043 1119 5097 τὰ
1166 5044 1457 5115 ἀγάλματα
1488 5048 1679 5114 ἐκίνει,
1717 5048 1887 5101 πολλὰ

310 5137 410 5189 καὶ
451 5134 649 5187 καλὰπ
675 5132 825 5187 ὄντα.
862 5134 968 5184 Καὶ
997 5132 1063 5202 δὴ
1096 5134 1190 5186 καὶ
1221 5135 1313 5187 τὸν
1365 5136 1645 5204 Ἡρακλέα
1682 5140 1775 5190 τὸν
1823 5140 1888 5190 ὲκ

308 5226 412 5293 τῆς
441 5225 649 5293 ἀγορᾶς
682 5222 874 5292 ἀνῄρει
903 5222 997 5275 κα)⁸
1032 5224 1241 5294 σκευὴν
1280 5225 1443 5277 αὐτοῦ
1498 5226 1598 5295 τὴν
1633 5228 1741 5280 ἀπὸ
1791 5230 1888 5297 τῆς

310 5315 643 5385 πυραμίδος,
684 5313 1039 5377 πολυτελείας
1087 5315 1185 5369 καὶ
1238 5319 1502 5385 μεγέθους
1534 5320 1629 5372 καί
1684 5320 1748 5390 δὴ
1794 5322 1889 5374 καὶ

311 5407 527 5479 ῥυθμοῦ
563 5406 659 5459 καὶ
687 5406 909 5476 χάριτος
956 5406 1053 5460 καὶ
1103 5408 1299 5481 τέχνης
1327 5411 1539 5474 οὐδενὸς
1569 5411 1675 5467 τῶν
1732 5414 1892 5465 ἐπαι-

1991 4691 2043 4736 et
2064 4680 2314 4748 captivis,
2333 4687 2527 4732 caetera
2552 4692 2647 4745 per
2677 4690 2890 4729 omnem
2921 4676 3182 4728 sazvitiam
3216 4676 3564 4729 administra-

1993 4774 2090 4826 vit.
2142 4770 2275 4823 Nam
2328 4771 2453 4822 dum
2498 4782 2628 4837 opes
2675 4768 2873 4836 passim
2923 4775 3228 4830 scrutatur,
3283 4784 3350 4822 ne
3392 4770 3565 4822 sacris

1993 4863 2207 4932 quidem
2240 4862 2432 4929 parcit.
2459 4860 2676 4913 Statuas
2703 4860 2845 4912 enim
2906 4869 2962 4912 et
2994 4858 3278 4927 imagines,
3306 4867 3414 4913 tam
3448 4861 3567 4928 pul-

1993 4956 2154 5010 chras
2188 4969 2345 5021 quam
2382 4953 2597 5016 multas,
2632 4952 2748 5006 loco
2778 4952 2947 5005 movit
2977 4969 2992 5005 :
3020 4952 3153 5019 quin
3191 4963 3242 5005 et
3278 4951 3561 5006 Herculem

1986 5064 2016 5101 ε
2039 5046 2175 5110 foro,
2205 5056 2258 5101 et
2281 5056 2532 5099 ornatum
2562 5045 2679 5113 ejus
2707 5060 2735 5096 a
2760 5043 3064 5113 pyramide,
3090 5055 3326 5110 sumptu.
3353 5046 3563 5111 magni-

1986 5139 2193 5199 tudine,
2223 5153 2321 5191 nec
2352 5153 2456 5190 non
2492 5136 2704 5202 Opilicio
2733 5145 2786 5189 et
2817 5146 2952 5197 arte,
2989 5134 3132 5187 nullo
3165 5134 3563 5187 laudatissin-o-

1988 5246 2102 5283 l'lllll
2134 5245 2357 5298 operum
2388 5228 2727 5292 inferiorem,
2765 5226 3008 5281 sustulit.
3046 5226 3172 5278 Erat
3202 5236 3380 5277 autem
3409 5225 3560 5277 clum

1988 5320 2181 5374 malleo
2214 5337 2342 5377 cusa
2379 5336 2442 5374 ex
2480 5335 2612 5381 auro
2638 5319 2963 5385 purissimo:
2993 5328 3047 5373 et
3077 5318 3285 5371 leonina
3320 5318 3418 5384 ipsi
3452 5319 3563 5371 cir-

1989 5414 2258 5480 cumfusa,
2285 5426 2614 5483 corytusque
2641 5428 2708 5466 ex
2739 5416 2926 5466 eadem
2966 5411 3215 5474 materia,
3247 5426 3373 5463 arcu
3400 5420 3452 5462 et
3478 5425 3567 5463 sa-

1580 5567 1814 5624 νΑιιιιιΕ
1851 5568 2256 5626 LECTIONES.

388 5687 433 5719 ”
463 5685 714 5755 δέχεσθαι
752 5687 825 5757 Δ.
899 5688 946 5720 ⁷ο
970 5687 1361 5757 κεκερδακότες
1402 5689 1465 5743 Α.

1528 5685 1591 5765 ςτοῂ
1616 5690 1934 5765 πεέθάμενος
1978 5711 2035 5757 ς,
2084 5694 2157 5765 δτι
2188 5692 2546 5765 ἀφῃρημένον
2587 5691 2859 5765 Scaliger,
2893 5692 3236 5765 ἀφῃρημένοι
3306 5691 3565 5751 Ηωδειιο-

309 5759 443 5812 iius.
518 5758 564 5788 ⁷³
596 5756 906 5812 καταθεῖναι
949 5760 1017 5813 τά
1070 5756 1232 5832 κέρδη
1264 5778 1324 5825 ς.
1399 5760 1444 5792 ’θ
1475 5761 1636 5814 αὑτὸν
1671 5756 1930 5831 Scaliger.
1992 5756 2051 5794 ⁷⁷⁵
2079 5763 2205 5815 ὅντα
2239 5756 2541 5816 ﬁngas
2570 5781 2629 5825 ς.
