4004 6432
510 300 635 387 931,
1692 294 1955 355 ΡΠΟΤΙῘ
1992 291 2101 352 PA'.

2207 289 2498 351 lARCIL’E
2526 290 2634 351 CP.
3654 301 3739 365 93?.

507 416 658 489 gitti:
679 413 933 468 refertus.
957 411 1123 466 Multa
1151 409 1315 467 etiam
1350 409 1452 465 alia
1475 424 1630 481 :eque
1663 408 1911 463 miranda
1949 416 2101 478 atque

2217 405 2496 476 νουμένων
2523 403 2983 476 ἀπολειπομένην.
3054 402 3131 455 Ην
3160 400 3221 455 δὲ
3253 400 3479 473 ῥόπαλον
3506 412 3746 481 σφυρήλα.

511 509 760 580 pulchra,
782 521 814 560 e
841 506 977 560 fanis
1004 515 1059 559 et
1081 504 1215 558 urbe
1243 503 1482 567 sublata,
1508 502 1733 556 navibus
1760 501 1996 556 intersit.
2020 500 2101 555 Ad

2207 515 2297 552 τον
2345 497 2592 567 ἀπέφθου
2646 499 2848 569 χρυσοῦ
2910 496 3303 566 πεποιημένον,
3348 500 3484 553 κατά
3509 501 3561 554 δὲ
3607 506 3746 562 αὑτοῦ

510 602 761 655 ultimum
810 599 979 666 jussis
1028 599 1204 667 ignem
1247 596 1542 651 immittere
1582 593 1873 659 militibus,
1919 593 2101 648 multis

2212 590 2406 661 λεοντῆ
2440 591 2650 661 μεγάλη
2682 591 2931 661 ὲκέχυτο,
2966 588 3061 643 καὶ
3090 589 3337 660 γωρυτὸς
3372 592 3467 661 τῆς
3486 595 3639 667 αὐτῆς
3667 602 3751 670 μὲν

510 696 700 749 urbem
737 678 987 763 partibus
1027 690 1331 744 succendit.
1373 687 1452 743 Ita
1480 698 1640 759 capta
1675 698 1729 743 et
1766 690 1988 743 suhacta
2020 694 2101 741 est

2212 682 2369 753 ὕλης,
2404 681 2579 752 βελῶν
2609 682 2665 733 δὲ
2691 683 2881 751 γέμων
2908 680 3003 733 καὶ
3023 678 3202 743 τόξου.
3240 680 3417 733 Πολλά
3442 683 3495 736 δὲ
3524 687 3611 738 καὶ
3638 690 3752 745 ἀλλα

511 786 727 847 civitas,
766 798 887 837 cum
926 782 1063 835 duos
1100 780 1561 850 oppugnationem
1596 795 1768 833 annos
1808 778 2102 833 sustinuis-

511 887 612 931 set.
661 876 773 930 Sub
818 876 936 928 haec
988 873 1237 927 Triarius
1281 872 1348 926 ad
1404 872 1567 926 urbes
1609 872 1708 925 sibi
1753 870 2104 925 demandatas

510 967 809 1037 profectus,
844 967 1203 1035 Counacorigi
1244 966 1314 1037 (is
1347 965 1490 1019 enim
1526 964 1891 1034 proditionem
1924 960 2102 1018 Hera-

508 1059 639 1113 olea:
672 1057 902 1111 aliarum
949 1056 1311 1124 occupatione
1348 1053 1697 1109 dissimulare
1740 1054 1923 1109 animo
1964 1068 2105 1122 prae-

508 1152 857 1221 sumpserat),
889 1150 1183 1206 securitate
1229 1149 1460 1203 abeundi
1508 1148 1645 1202 facta
1670 1188 1685 1212 ,
1721 1148 1967 1201 civitates
2002 1146 2103 1201 sub

509 1246 914 1301 conditionibus
939 1245 1102 1299 certis
1127 1243 1342 1311 recipit.
1370 1242 1526 1297 Cotta
1561 1250 1741 1295 autem
1772 1241 1958 1307 rebus,
1981 1255 2089 1309 quo

510 1341 715 1393 dictum
758 1348 843 1392 est
871 1338 1065 1401 modo,
1117 1335 1416 1399 confectis,
1452 1333 1737 1403 pedestres
1773 1332 1959 1399 copias
1997 1345 2101 1384 una

509 1448 634 1488 cum
668 1432 910 1501 equitatu
948 1429 1175 1485 Lucullo
1208 1428 1397 1492 tradit,
1434 1438 1491 1481 et
1520 1426 1731 1480 socium
1780 1424 2012 1489 auxilia,
2049 1425 2102 1479 in

510 1541 665 1580 suam
710 1540 939 1594 qumque
983 1524 1256 1594 patriam,
1306 1519 1585 1573 dimittit:
1642 1519 1755 1586 ipse
1803 1533 1932 1571 vero
1981 1502 2113 1570 cum-

511 1619 683 1672 classe
710 1618 983 1673 avehitur.
1011 1615 1085 1668 lbi
1117 1613 1337 1668 navium
1372 1625 1492 1679 qua:
1523 1611 1675 1664 urbis
1699 1610 1870 1679 spolia
1900 1620 2090 1665 vecta-

2207 774 2352 829 καλά
2383 775 2479 829 καὶ
2507 774 2797 844 θαυμαστά
2831 773 3163 843 ἀναθήματα
3188 772 3252 826 ἔκ
3279 790 3339 825 τε
3368 774 3473 826 τῶν
3502 776 3650 847 ἱερῶν
3676 785 3755 837 καὶ

2206 868 2307 937 τῆς
2338 866 2552 931 πόλεως
2586 865 2803 936 ἀφελὼν
2841 867 2962 928 ταῖς
3000 866 3193 918 ναυσὶν
3223 866 3560 933 ἐγκατέθετο.
3590 871 3683 924 Καὶ
3706 876 3754 928 τὸ

2206 960 2523 1013 τελευταῖον
2548 958 2660 1029 πῦρ
2685 960 2885 1011 ἐνεῖναι
2928 959 3041 1019 τοῖς
3099 958 3463 1026 στρατιώταις
3525 961 3755 1031 κελεύσας

2205 1054 2272 1122 τῇ
2308 1052 2460 1104 πόλει
2483 1049 2627 1103 κατὰ
2658 1049 2829 1103 πολλά
2856 1049 3064 1119 ταύτην
3089 1048 3377 1120 ὑπέπρησε
3406 1052 3563 1121 μέρη.
3601 1054 3752 1110 Ἑάλω

2204 1143 2262 1197 δὲ
2311 1143 2531 1213 ἡπόλις
2564 1143 2657 1195 ἐπὶ
2710 1141 2805 1193 δύο
2851 1141 2947 1211 έτη
2987 1144 3051 1211 τῇ
3101 1141 3392 1213 πολιορκίᾳ
3435 1144 3752 1215 ἀντισχοῦσα.

2216 1234 2277 1287 '0
2323 1234 2379 1287 δὲ
2449 1234 2756 1305 Ὀτριάριος
2812 1232 3207 1300 παραγεγονὼς
3260 1235 3317 1284 ἐν
3355 1227 3443 1297 αἷς
3485 1235 3757 1294 ἀπέσταλτο

2211 1328 2424 1390 πόλεσι,
2454 1327 2839 1398 Κοννακὸρηκι
2864 1320 3040 1396 (οὗτος
3071 1325 3180 1396 γάρ
3203 1328 3302 1394 τὴν
3323 1326 3421 1395 τῆς
3464 1326 3758 1398 Ἡρακλείας

2205 1420 2498 1491 προδοσίαν
2560 1420 2764 1487 ἐτέρων
2830 1419 3219 1489 κατασχέσει⁷⁶
3253 1418 3645 1487 συγκαλύπτειν
3694 1424 3759 1478 δι-

2204 1512 2427 1582 ενοεῖτο)
2460 1512 2585 1575 δοὺς
2613 1511 2797 1564 ἄδειαν
2838 1510 2940 1580 τῆς
2983 1512 3404 1581 ἀναχωρήσεως,
3463 1512 3578 1566 καθ’
3600 1516 3757 1584 ὁμολοο

2206 1605 2336 1672 γίαν
2360 1604 2403 1635 ⁷⁷
2430 1603 2699 1673 λαμϐάνει
2728 1602 2828 1665 τὰς
2860 1602 3070 1663 πόλεις.
3117 1602 3175 1654 Ὀ
3197 1602 3255 1653 δὲ
3282 1602 3490 1665 Κόττας
3540 1604 3672 1675 άπερ
3694 1607 3757 1657 εί·

510 1707 677 1772 haut,
716 1721 844 1776 pars
891 1720 1056 1775 supra
1102 1703 1319 1759 modum
1365 1709 1623 1763 onerata,
1672 1699 1813 1754 haud
1858 1700 2099 1767 procula

2212 1714 2375 1767 ρηται
2402 1694 2853 1767 διαπραξάμενος
2883 1694 2944 1746 τὸ
2972 1694 3071 1762 μὲν
3108 1693 3275 1757 πεζὸν
3302 1693 3400 1746 καὶ
3435 1695 3562 1758 τοὺς
3598 1696 3756 1761 ἱππεῖς

510 1795 692 1850 littore
718 1763 983 1859 'solvilur',
1025 1808 1154 1863 pars
1201 1789 1455 1861 Aparctia
1503 1798 1662 1843 vento
1698 1800 1885 1843 contra
1914 1788 2100 1855 ﬂante,

2211 1763 2487 1861 ἐκπέμπει
2516 1763 2827 1858 Ᾰευκόλλῳ,
2883 1787 2979 1840 καὶ
3030 1787 3157 1850 τοὺς
3208 1788 3531 1858 συμμάχους
3579 1790 3757 1860 ἀφῆκεν

504 1888 561 1942 in
597 1889 731 1942 vada
778 1887 1034 1958 procellis
1077 1885 1303 1956 ejectaa,
1350 1880 1607 1951 pleraque
1649 1883 2101 1952 asportaudorum

509 1996 824 2035 excussere.

2210 1884 2302 1937 ἐπὶ
2330 1882 2439 1936 τῶν
2464 1881 2761 1952 πατρίδων,
2787 1880 2950 1944 αὐτὸς
2978 1880 3022 1934 δ’
3054 1881 3287 1951 ἀνήγετο
3317 1880 3396 1950 τῷ
3442 1880 3627 1947 στόλῳ.
3658 1883 3757 1936 Τῶν

2208 1976 2265 2029 δὲ
2298 1974 2436 2028 νεῶν
2457 1974 2514 2026 αἳ
2539 1970 2608 2027 τὰ
2631 1974 2730 2041 τῆς
2761 1973 2973 2037 πόλεως
2999 1973 3222 2044 λάφυρα
3257 1968 3420 2045 ἦγον,
3461 1976 3515 2027 αἱ
3549 1974 3638 2042 μὲν
3674 1992 3755 2027 καο

508 2071 771 2142 τάφορτοι
810 2072 1106 2143 γενόμεναι
1136 2071 1334 2143 μικρὸν
1359 2072 1564 2127 ἄποθεν
1617 2069 1718 2140 τῆς
1789 2066 1893 2136 γῆς
1937 2064 2284 2137 διελύθησαν,
2334 2065 2390 2118 αἱ
2433 2064 2490 2117 δὲ
2544 2062 2852 2136 ἀπαρκτίου
2926 2059 3260 2126 πνεύσαντος
3316 2060 3758 2134 ὲξεὸράσθησανη

509 2167 589 2230 είς
626 2167 696 2221 τά
722 2168 925 2236 τενάγη
980 2166 1078 2221 καὶ
1128 2166 1300 2220 πολλά
1356 2167 1467 2221 τῶν
1525 2165 1826 2235 ἀγωγίμων
1874 2161 2232 2219 ἀπεὸάλοντο.

607 2322 735 2377 Car.
768 2306 1290 2378 LV.—Cleocharis
1342 2319 1588 2390 Leonippi
1620 2330 1668 2374 et
1704 2317 1911 2374 Seleuci
1967 2315 2201 2386 prwfect.
2238 2314 2480 2368 Mithrid.
2512 2310 2723 2381 Sinopaz
2750 2309 3051 2374 discidium,
3088 2306 3330 2378 tyrannis
3379 2315 3425 2359 et
3455 2304 3681 2376 perﬁdia.

587 2455 725 2511 Tum
758 2456 1094 2528 Leonippus,
1124 2456 1211 2511 cui
1236 2471 1358 2510 cum
1390 2454 1673 2511 Cleochari
1708 2454 1942 2524 Sinopes
1966 2466 2095 2505 cura

516 2560 566 2603 et
588 2552 781 2605 tutatio
806 2550 1182 2605 commendata
1208 2549 1388 2603 fuerat
1412 2564 1439 2601 a
1466 2548 1797 2611 Mithridate,
1825 2563 1885 2601 re
1913 2546 2106 2615 despe-

519 2654 655 2709 rata,
680 2642 745 2696 de
776 2642 1084 2710 proditione
1110 2645 1175 2695 ad
1204 2640 1490 2694 Lucullum
1521 2640 1711 2693 mittit.
1746 2639 1814 2691 At
1838 2637 2104 2691 Cleocha-

514 2750 601 2789 res
651 2749 775 2787 cum
814 2733 1044 2788 Seleuco
1078 2734 1243 2803 (nam
1288 2743 1345 2786 et
1390 2734 1475 2786 hic
1512 2730 1844 2785 Mithridatis
1875 2728 2044 2799 238
2071 2744 2104 2780 a

511 2834 630 2878 erat
652 2825 878 2894 legatus,
904 2824 1065 2879 oﬂicii
1089 2826 1421 2879 auctoritate
1448 2839 1571 2877 cum
1598 2822 1810 2876 caeteris
1837 2819 2101 2891 :nquatus)

514 2914 774 2983 Leouippi
810 2916 1174 2984 proditionem
1219 2913 1472 2979 odorati,
1518 2914 1779 2966 advocata
1818 2911 2101 2976 concione,

516 3008 790 3062 hominem
825 3017 1085 3061 accnsnnt
1112 3026 1124 3061 :
1150 3008 1296 3062 cives
1324 3022 1450 3062 vero
1469 3007 1715 3061 criminis
1747 3004 1907 3071 hujus
1929 3004 2104 3057 actio-

516 3112 635 3151 nem
662 3112 765 3151 non
792 3098 1106 3161 admittunt,
1126 3100 1267 3167 quod
1297 3100 1521 3167 probum
1547 3112 1668 3152 esse
1691 3095 2102 3150 existimabant.

513 3189 639 3243 ideo
667 3189 985 3244 Cleocharis
1020 3189 1219 3252 factio,
1270 3191 1501 3259 gratiam
1546 3188 1664 3257 ejus
1708 3189 1849 3258 apud
1895 3186 2101 3257 plebem

2275 2446 2392 2522 [39I
2424 2446 2517 2519 IL]
2575 2446 2884 2507 Λεόνιππος
2945 2446 3000 2498 δὲ
3040 2445 3069 2497 ὀ
3128 2445 3226 2497 σὺν
3287 2442 3587 2513 Κλεοχάρει
3634 2441 3759 2507 παρά

2200 2541 2540 2609 Μιθριδάτου
2578 2540 2676 2612 τὴν
2729 2538 2982 2610 Σινώπην
3036 2536 3400 2608 ἐπιτραπεὶς,
3452 2535 3756 2603 ἀπεγνωκὼς

2202 2634 2312 2687 τῶν
2343 2634 2716 2704 πραγμάτων,
2754 2631 2964 2702 πέμπει
2994 2631 3124 2700 περὶ
3159 2629 3459 2700 προδοσίας
3495 2628 3623 2698 πρὸς
3647 2628 3762 2682 Aeti-

2205 2729 2414 2783 κολλον.
2457 2729 2515 2781 '0
2546 2728 2601 2781 δὲ
2665 2728 2989 2797 Κλεοχάρης
3041 2725 3159 2794 ἅμα
3194 2723 3451 2792 Σελεύκῳ
3506 2722 3616 2790 (καὶ
3662 2725 3750 2793 γάρ

2210 2813 2366 2883 οὗτος
2392 2819 2503 2871 τῶν
2554 2818 2893 2890 Μιθριδάτου
2959 2816 3267 2887 στρατηγὸς
3326 2816 3625 2878 ἰσοστάσιος
3671 2815 3759 2867 τῶν

2215 2912 2523 2983 εἰρημένων
2544 2907 2637 2983 ᾖν)
2667 2912 2767 2982 τὴν
2810 2910 3120 2965 Λεονίππου
3172 2908 3444 2980 μαθόντες
3482 2908 3758 2978 προδοσίαν,

2210 2977 2509 3072 ἐκκλησίαν
2539 2977 2898 3071 ἀθροίσαντες
2924 2977 3270 3071 κατηγόρουν
3299 2998 3488 3053 αὑτοῦ.
3518 2977 3577 3051 Oi
3620 2999 3671 3052 δὲ
3711 2998 3759 3051 οὐ

2211 3094 2503 3166 προσίεντο
2522 3110 2536 3125 ’
2571 3093 2750 3147 ἐδόκει
2778 3093 2886 3165 γὰρ
2907 3094 3092 3156 αὐτοῖς
3115 3088 3254 3146 εἶναι
3301 3092 3558 3164 χρηστός.
3589 3091 3684 3145 Καὶ
3720 3092 3760 3143 οἱ

2210 3190 2339 3260 περὶ
2366 3187 2686 3260 Κλεοχάρην
2711 3186 2989 3250 δείσαντες
3024 3185 3122 3239 τοῦ
3151 3184 3397 3257 πλήθους
3444 3185 3540 3244 τὴν
3578 3184 3761 3239 εὔνοιαν

514 3290 801 3345 metuens,
860 3290 1022 3335 noctu
1075 3295 1143 3334 ex
1199 3280 1412 3333 insidiis
1473 3281 1750 3335 hominem
1807 3281 2099 3334 trucidant.

2210 3282 2269 3349 ἐξ
2300 3282 2521 3353 ἐνέδρας
2549 3280 2747 3345 νυκτὸς
2766 3280 3173 3349 ἀποσφάττουσι
3204 3279 3305 3333 τὸν
3325 3279 3516 3352 ἀνδρα.
3545 3280 3663 3353 [752
3685 3277 3759 3350 IL]

512 3371 749 3441 Populus
781 3374 1000 3441 quidem
1036 3374 1178 3427 hunc
1213 3388 1398 3427 casum
1433 3388 1575 3442 πετο
1608 3372 1773 3436 ferre,
1802 3374 1897 3428 sed
1936 3374 2106 3428 Cleo—

513 3466 708 3519 chares
740 3480 864 3519 cum
897 3466 1010 3519 suis
1038 3480 1218 3517 rerum
1258 3465 1442 3534 potiri,
1473 3474 1530 3519 et
1576 3466 1857 3536 tyrannice
1890 3481 1976 3520 res
2010 3465 2106 3519 ad-

515 3557 827 3611 ministrare
858 3574 871 3610 :
909 3560 1005 3611 hac
1040 3560 1124 3611 via
1153 3558 1431 3627 parricidii
1467 3560 1518 3611 in
1552 3558 1884 3627 Leonippum
1917 3573 2108 3626 poenas

513 3648 983 3719 suliterfugituros
1009 3665 1068 3703 se
1089 3651 1485 3706 existimantes.
1512 3651 1730 3705 Interim
1753 3650 2103 3715 Censorinus,

513 3740 773 3796 Romanae
812 3742 1003 3796 classis
1047 3751 1281 3811 praetor,
1325 3742 1578 3797 triremes
1617 3758 1784 3813 agens
1824 3757 1893 3796 xv
1950 3757 2105 3797 com-

516 3842 754 3886 meatum
791 3848 819 3886 a
864 3832 1145 3901 Bosphoro
1184 3832 1555 3887 Romanorum
1591 3833 1789 3888 castris
1828 3834 2103 3887 advehen-

516 3931 619 3985 tes,
652 3936 821 3990 prope
848 3921 1087 3990 Sinopen
1114 3924 1359 3991 appellit.
1383 3922 1582 3977 Contra
1609 3938 1768 3991 quem
1792 3923 2105 3978 Cleocharis

512 4023 567 4069 et
592 4014 806 4068 Seleuci
834 4014 1086 4068 triremes
1108 4016 1398 4084 Sinopicaa,
1419 4016 1580 4069 ductu
1607 4016 1819 4072 Seleuci
1846 4031 2101 4087 egressae,

515 4105 689 4158 navali
722 4105 906 4175 prmlio
942 4107 1265 4173 decernunt,
1292 4116 1350 4161 et
1378 4108 1535 4162 victis
1568 4108 1738 4176 Italis,
1775 4124 1940 4163 naves
1971 4124 2105 4164 one-

516 4199 692 4253 rarias
723 4198 775 4251 in
807 4212 963 4252 suum
991 4199 1158 4253 duces
1185 4198 1391 4253 lucrum
1422 4199 1698 4255 auferunt.
1728 4201 1912 4255 Elatus
1941 4201 2105 4270 igitur

514 4290 618 4343 hac
662 4288 897 4343 fortuna:
943 4288 1280 4358 benignitate
1325 4287 1654 4346 Cleochares
1701 4306 1824 4345 cum
1872 4291 2102 4360 collega,

514 4384 798 4455 plusquam
838 4392 997 4438 antea
1042 4381 1325 4453 tyrannico
1378 4384 1568 4437 urbem
1619 4384 1848 4454 imperio
1882 4385 2100 4455 premit.

509 4474 644 4529 Nam
663 4476 848 4531 causis
870 4475 1112 4547 legitimo
1129 4475 1333 4544 judicio
1358 4491 1462 4530 non
1490 4476 1831 4545 disceptatis,
1854 4477 1920 4530 ad
1941 4490 2104 4531 neces

511 4569 813 4638 Oppidanos
842 4570 1080 4638 rapiunt,
1108 4576 1163 4623 et
1195 4567 1260 4621 ad
1298 4567 1465 4621 multa
1507 4568 1611 4623 alia
1642 4568 1967 4624 crudelitate
2002 4584 2100 4624 sua

512 4660 827 4712 abutuntur.
856 4658 1071 4713 Accidit
1098 4667 1276 4713 autem
1306 4668 1365 4713 ut
1396 4659 1448 4713 in
1478 4660 1755 4714 contraria
1784 4662 2099 4715 scinderen-

513 4759 601 4804 tur
631 4751 806 4804 studia
835 4748 1163 4805 Cleochares
1210 4758 1265 4805 et
1300 4750 1582 4805 Seleucus.
1626 4750 1720 4806 llle
1751 4752 1896 4806 enim
1932 4752 2101 4821 persi-

512 4845 759 4899 stenduin
793 4844 845 4897 iu
890 4844 1065 4911 bello,
1110 4844 1195 4898 hic
1226 4845 1510 4899 trucidatis
1552 4843 1945 4914 Sinopensibus
1980 4846 2101 4900 uni—

512 4936 705 5003 versis,
742 4936 929 4990 urbem
971 4935 1254 4999 Romanis,
1299 4936 1604 5007 magnilicaa
1644 4938 2101 4991 remunerationis

514 5039 691 5097 pacto,
722 5028 1033 5082 tradendam
1064 5028 1341 5081 censebat.
1367 5028 1530 5095 Atqui
1580 5038 1773 5082 neutra
1802 5030 2095 5083 sententia-

516 5136 632 5173 rum
666 5119 1051 5189 comprobata,
1096 5118 1356 5188 quidquid
1431 5120 1824 5188 possidebant,
1872 5122 2101 5176 navibus

512 5214 778 5265 onerariis
801 5214 1066 5282 ingestum
1097 5228 1109 5264 :
1135 5214 1201 5263 ad
1230 5209 1518 5267 Macharen
1548 5213 1717 5267 (ilium
1744 5212 2097 5279 Mithridatis,

516 5315 625 5359 tum
659 5307 918 5376 temporis
952 5305 1004 5359 in
1036 5303 1295 5359 Colchide
1332 5315 1605 5375 agentem,
1640 5305 1939 5383 dimittunt.

2212 3377 2323 3430 Καὶ
2350 3374 2411 3428 τὸ
2450 3375 2546 3446 μὲν
2576 3373 2872 3444 δημοτικὸν
2906 3372 3103 3444 ήχθετο
3135 3371 3214 3442 τῷ
3267 3369 3461 3433 πάθει.
3485 3372 3533 3424 oi
3560 3370 3629 3425 δὲ
3657 3369 3761 3440 περὶ

2208 3467 2529 3538 Κλεοχάρην
2591 3468 2702 3520 τῶν
2753 3467 3099 3538 πραγμάτιον
3175 3463 3366 3536 κύριοι
3426 3463 3761 3523 καταστάντες

2211 3560 2555 3631 τυραννικῶς
2575 3557 2767 3632 ἦρχον,
2788 3558 2962 3629 ταύτῃ
3008 3557 3331 3628 νομίζοντες
3363 3557 3636 3624 διαφυγεῖν
3682 3554 3761 3623 τῆς

2208 3656 2303 3709 ἐπὶ
2360 3654 2654 3724 Λεονίππῳ
2706 3653 3025 3724 μιαιφονίας
3070 3649 3171 3720 τὴν
3230 3648 3417 3719 δίκην.
3498 3648 3584 3701 Ἐν
3618 3645 3761 3711 τούτῳ

2207 3749 2557 3818 Κηνσωρῖνος
2583 3745 2858 3816 ναύαρχος
2900 3741 3221 3811 Ῥωμαίων,
3274 3740 3533 3811 τριήρεις
3559 3737 3691 3805 ἄγων
3712 3732 3758 3787 ιε’

2217 3842 2363 3892 σῖτον
2408 3838 2521 3892 ἀπὺ
2569 3838 2852 3906 Βοσπόρου
2890 3834 2969 3905 τῷ
2991 3833 3037 3865 τ’
3107 3832 3406 3901 Ῥωμαίων
3466 3827 3759 3899 κομιζούσας

2209 3931 2559 4004 στρατοπέδῳ
2590 3970 2605 3995 ,
2649 3930 2877 4001 πλησίον
2936 3924 3186 3993 Σινώπης
3246 3922 3463 3993 κατῆγε
3482 3922 3528 3953 ⁸⁸
3554 3937 3566 3949 ·
3599 3921 3681 3972 καὶ
3717 3919 3753 3969 οξ

2208 4023 2341 4095 περὶ
2380 4022 2701 4093 Κλεοχάρην
2734 4019 2833 4074 καλ⁵
2860 4017 3123 4070 Σέλευκον
3150 4013 3579 4085 ἀνταναχθέντες
3613 4012 3753 4063 Σινω-

2207 4114 2401 4176 πικαῖς
2430 4113 2735 4182 τριήρεσιν,
2765 4106 3078 4181 ἡγουμένου
3108 4104 3406 4167 Σελεύκου,
3437 4102 3755 4156 καθίστανται

2207 4207 2287 4270 εἰς
2308 4205 2641 4277 ναυμαχίαν,
2683 4204 2781 4258 καὶ
2832 4200 3027 4256 νικῶσι
3052 4200 3180 4262 τοὺς
3246 4197 3515 4261 Ἰταλοὺς,
3555 4194 3641 4248 καὶ
3677 4192 3755 4251 τὰς

2206 4300 2515 4371 φορτηγοὺς
2545 4297 2641 4351 ἐπὶ
2672 4296 2750 4367 τῷ
2782 4295 2933 4363 σφῶν
2956 4290 3320 4365 ἀφαιροῦνται
3345 4289 3550 4361 κέρδει.
3583 4284 3752 4354 Ἐπήρο

2206 4393 2382 4463 θησαν
2410 4391 2504 4445 οὖν
2538 4392 2587 4445 oi
2619 4390 2748 4461 περὶ
2778 4388 3101 4459 Κλεοχάρην
3125 4383 3207 4456 τῷ
3232 4382 3634 4454 κατορθώματι,
3676 4376 3753 4430 καὶ

2204 4483 2677 4555 τυραννικώτερον
2706 4481 2787 4534 ἔτι
2837 4480 2938 4551 τῆς
2971 4479 3185 4542 πόλεως
3244 4471 3443 4547 ἦρχον,
3481 4474 3658 4542 φόνους
3704 4482 3751 4519 τε

2206 4577 2469 4647 ἀκρίτους
2496 4576 2605 4628 τῶν
2644 4572 2881 4627 πολιτῶν
2920 4569 3207 4631 ποιοῦντες
3264 4569 3364 4622 καὶ
3415 4567 3482 4621 τά
3553 4563 3672 4619 ἄλλα
3696 4560 3747 4627 τῇ

2205 4668 2453 4739 ὠμότητι
2482 4666 2890 4740 ἀποχρώμενοι.
2938 4663 3191 4731 Ἐγένετο
3205 4662 3263 4715 δὲ
3290 4661 3389 4714 καὶ
3436 4659 3615 4720 στάσις
3641 4652 3747 4721 πρὸς

2205 4759 2472 4831 ἀλλήλους
2522 4758 2812 4828 Κλεοχάρῃ
2863 4756 2960 4809 καὶ
3018 4753 3267 4822 Σελεύκῳ
3299 4769 3313 4782 '
3366 4752 3445 4823 τῷ
3520 4749 3616 4821 μὲν
3663 4743 3747 4812 γὰρ

2206 4850 2410 4922 ἢρεσκε
2438 4849 2819 4920 διακαρτερεῖν
2850 4846 2925 4918 τῷ
2965 4847 3208 4917 πολέμῳ,
3246 4843 3499 4913 Σελεύκῳ
3547 4842 3601 4894 δὲ
3638 4837 3746 4889 πάν-

2206 4956 2307 5003 τας
2334 4940 2597 5004 Σινωπεῖς
2627 4940 2875 5010 ἀναιρεῖν
2912 4942 3009 4992 καὶ
3048 4938 3350 5009 Ῥωμαίοις
3401 4936 3495 4989 ἐπὶ
3547 4928 3744 5001 δωρεαῖς

2205 5033 2469 5102 μεγάλαις
2487 5034 2791 5103 παρασχεῖν
2810 5032 2909 5102 τὴν
2969 5031 3146 5085 πόλιν.
3199 5029 3347 5101 Πλὴν
3396 5026 3614 5097 οὐδεμία
3658 5018 3742 5072 τῶν

2202 5125 2436 5193 γνωμῶν
2476 5125 2660 5195 κρίσιν
2707 5124 2854 5195 ἔσχε,
2906 5123 2976 5177 τὰ
3032 5122 3091 5176 δὲ
3144 5120 3462 5191 ὑπάρχοντα
3509 5111 3743 5184 λαθραίως

2201 5217 2361 5269 ναυσὶ
2398 5218 2758 5290 στρογγύλαις
2784 5218 3063 5288 ἐνθέμενοι
3105 5216 3243 5287 πρὸς
3270 5213 3537 5283 Μαχάρην
3556 5209 3638 5261 τὸν
3661 5204 3742 5258 Μι-

2202 5307 2455 5377 θριδάτου
2489 5310 2625 5370 υἱὸν,
2651 5309 2710 5372 ὃς
2738 5310 2860 5362 κατ’
2892 5310 3074 5362 ἐκεῖνο
3109 5304 3304 5377 καιροῦ
3337 5304 3469 5358 περὶ
3516 5302 3605 5371 τὴν
3634 5292 3741 5351 K01-

2203 5399 2327 5469 χίδα
2348 5396 2440 5464 iw,
2470 5400 2799 5465 ἐξέπεμπον,

1836 5597 2069 5655 VARle
2111 5600 2517 5661 LECTIONES.

588 5718 632 5751 ⁷⁸
667 5718 1027 5787 κατασχέσεσι
1059 5737 1119 5782 ς.
1196 5720 1238 5752 ⁷⁷
1279 5717 1399 5773 καθ’
1428 5719 1470 5770 Λ
1512 5735 1526 5772 :
1571 5717 1663 5772 καὶ
1710 5715 1831 5770 καθ’
1866 5735 1927 5782 ς.
2003 5718 2049 5751 ⁷⁸
2072 5721 2468 5795 ἐξεϐιάσθησαν
2500 5742 2559 5789 ς.

2648 5726 2691 5758 ⁷³
2720 5724 2795 5796 τῷ
2820 5726 2898 5779 A:
2930 5724 3037 5778 τῶν
3069 5742 3129 5789 ς.
3240 5724 3282 5756 ’θ
3318 5723 3515 5794 κατῆρε
3535 5711 3727 5776 εοττιΔ⁹
