4004 6446
333 319 450 383 933

318 433 456 487 (Lar.
496 428 628 485 LVI.
672 458 739 470 —-
778 427 1027 483 Lucullus
1078 427 1387 499 Macharen,

1437 321 1961 382 BIBLIOTHECA.
2013 347 2081 358 —
2110 321 2277 382 COD.
2312 322 2610 382 CCXXIV.

1466 427 1532 484 P.
1572 430 1817 489 Mithrid.
1856 432 1913 484 in
1965 430 2252 483 amicitiam
2312 430 2519 500 recipit.
2572 428 2803 499 Tyranni
2861 429 3091 499 fugiunt.
3131 430 3325 501 Sinope
3382 434 3612 500 capitur.

3510 326 3616 389 934

415 545 506 599 Ἐν
544 542 722 613 τούτῳ
764 542 820 596 δὲ
843 542 1149 607 Λεύκολλος
1198 546 1227 598 ό
1258 544 1370 598 τῶν
1434 544 1725 616 Ῥωμαίων
1758 544 1912 599 αύτο-

2096 544 2209 599 Sub
2238 545 2379 599 idem
2415 554 2628 611 tempus
2654 543 2930 609 anuHus.
2968 543 3337 600 Romanorum
3375 547 3612 614 impera-

317 636 558 707 κράτωρ
589 634 958 704 παραγίνεται
985 637 1053 707 τῇ
1082 635 1261 702 πόλει,
1310 635 1408 689 καὶ
1464 636 1746 707 κραταιῶς
1797 636 1924 688 ἐπο-

316 728 557 798 λιόρκει.
604 725 997 797 Ἐπρεσϐεύετο
1023 727 1082 781 δέ
1141 726 1237 781 καὶ
1275 727 1546 800 Μαχάρης
1610 728 1640 781 ό
1670 725 1767 780 τοῦ
1817 728 1924 781 Μι-

319 819 581 891 θριδάτου
614 819 753 889 πρὸς
796 820 1102 875 Λεύκολλον
1136 820 1265 893 περὶ
1311 819 1497 890 φιλίας
1533 838 1593 873 τε
1633 819 1728 873 καὶ
1781 835 1923 891 συμ-

323 911 554 983 μαχίας.
592 910 654 963 '0
688 909 745 962 δέ
767 910 1024 980 ἀσμένως
1055 911 1295 982 ἐδέχετο,
1338 910 1510 965 εἰπὼν
1531 910 1786 981 βεϐαίους
1831 927 1921 966 νο·-

326 1007 477 1076 μιεῖν
503 1004 602 1067 τὰς
628 1003 956 1075 συμϐάσεις,
988 1006 1039 1059 εἰ
1096 1005 1171 1079 μὴ
1206 1006 1300 1061 καί
1362 1023 1475 1060 τισι
1497 1007 1540 1039 ⁸³
1581 1007 1922 1062 Σινωπεῦσιν

326 1097 545 1168 ἀγορὰν
578 1095 905 1166 διαπέμποι.
946 1096 1006 1150 ὐ
1057 1097 1115 1151 δὲ
1147 1098 1209 1151 ού
1243 1097 1406 1168 μόνον
1453 1099 1515 1151 τὸ
1562 1100 1920 1170 κελευόμενον

331 1191 623 1261 ἔπραττεν,
657 1188 798 1242 ἀλλά
833 1189 928 1242 καὶ
954 1187 991 1243 ἆ
1022 1190 1444 1261 παρεσκεύαστο
1510 1191 1757 1262 πέμπειν
1805 1194 1920 1256 τοῖς

335 1278 762 1350 Μιθριδατείοις,
824 1277 1180 1345 ἐξαπέστειλε
1230 1280 1522 1352 Λευκόλλῳ
1540 1282 1608 1335 ⁸⁸.
1639 1281 1830 1336 Ταῦτα
1866 1285 1917 1337 οί

337 1376 466 1444 περὶ
491 1373 806 1445 Κλεοχάρην
833 1374 1164 1446 θεασάμενοι
1198 1376 1294 1430 καὶ
1321 1376 1508 1430 τέλεον
1558 1376 1911 1446 ἀπογνόντες,

333 1466 565 1520 πλοῦτον
589 1467 761 1521 πολὺν
783 1469 904 1531 ταῖς
933 1468 1126 1521 ναυσὶν
1166 1469 1444 1539 ἐνθέμενοι
1477 1468 1575 1523 κάὶ
1607 1468 1710 1541 τὴν
1758 1469 1914 1523 πόλιν

326 1558 630 1630 διαρπάσαι
657 1561 771 1623 τοῖς
818 1560 1184 1630 στρατιώταις
1231 1560 1515 1631 ἐφέντες⁸³
1574 1562 1702 1631 (ὑπὸ
1740 1561 1913 1616 νύκτα

322 1652 383 1704 δὲ
412 1651 593 1705 ταῦτα
626 1651 953 1722 ἐπράττετο)
992 1653 1082 1707 διὰ
1119 1655 1231 1707 τῶν
1284 1653 1488 1708 πλοίων
1548 1654 1782 1724 ἔφευγον
1833 1656 1916 1719 είς

318 1746 394 1799 τά
439 1744 689 1817 ἐσώτερα
724 1744 821 1798 τοῦ
870 1746 1074 1801 Πόντου
1119 1748 1393 1819 (Σάνηγας
1443 1748 1501 1803 δὲ
1546 1751 1644 1803 καὶ
1697 1749 1914 1816 Λαζοὺς

320 1837 589 1900 ἐποίκους
629 1832 777 1907 εἶχον
805 1837 874 1891 τά
905 1840 1125 1908 χωρία),
1152 1841 1274 1903 ταῖς
1305 1838 1751 1908 ύπολειφθείσαις
1803 1842 1912 1895 τῶν

2029 649 2133 702 tor,
2161 640 2227 692 ad
2259 639 2447 693 urbem
2479 640 2770 700 accedens,
2803 638 2979 693 valido
3004 654 3122 693 eam
3158 639 3285 691 nixu
3315 650 3611 708 oppugnat,

2025 747 2150 789 cum
2184 728 2468 785 Macbares
2508 731 2669 785 etiam
2714 730 2971 785 amicitia;
3016 740 3072 784 et
3111 731 3392 785 societatis
3436 731 3614 786 fmdns

2022 839 2121 896 per
2168 822 2495 896 legationem
2542 826 2695 890 petit.
2742 820 2794 875 Is
2843 822 3031 892 igitur,
3080 823 3340 891 petitione
3382 823 3615 894 benigno

2022 916 2257 971 admissa
2280 957 2296 982 ,
2329 914 2511 969 foedus
2545 930 2641 983 pro
2683 913 2840 967 ﬁrmo
2868 929 2927 968 se
2958 914 3273 967 habiturum
3313 917 3612 983 respondit.

2021 1009 2067 1065 si
2093 1008 2270 1063 nullos
2294 1007 2676 1076 Sinopensium
2705 1014 3011 1060 commeatu
3059 1007 3233 1075 juvet.
3264 1006 3398 1060 Tum
3436 1008 3481 1061 is
3505 1024 3610 1061 non

2020 1102 2197 1157 solum
2228 1101 2491 1170 imperata
2518 1100 2671 1165 facit,
2704 1101 2797 1154 sed
2821 1100 2987 1153 etiam
3017 1100 3285 1153 destinata
3323 1099 3611 1153 Mithrida-

2020 1193 2167 1257 ticis,
2191 1192 2257 1245 ad
2289 1190 2569 1245 Lucullum
2600 1189 2890 1245 deferenda
2921 1192 3151 1246 curavit.
3183 1189 3309 1246 Haec
3337 1190 3425 1245 ubi
3454 1190 3613 1245 Cleo-

2019 1284 2202 1338 charis
2226 1283 2387 1337 factio
2410 1282 2578 1345 videt,
2609 1270 2760 1352 spem
2795 1296 3011 1338 onmem
3037 1282 3327 1353 abjiciunl,
3368 1284 3611 1351 magnis-

2018 1390 2129 1445 que
2170 1375 2223 1429 in
2257 1389 2424 1429 naves
2449 1375 2643 1444 opibus
2674 1375 2969 1445 congestis,
3000 1382 3054 1429 et
3082 1377 3218 1431 urbe
3252 1376 3318 1430 ad
3354 1377 3613 1445 direptio-

2017 1482 2143 1522 nem
2178 1466 2442 1521 militibus
2483 1481 2741 1521 concessa
2794 1466 2919 1537 (sub
2959 1477 3171 1521 noctem
3209 1469 3308 1521 ista
3353 1468 3607 1537 ﬁebant),

2017 1558 2250 1628 navigiis
2293 1559 2361 1612 ad
2410 1558 2667 1613 interiora
2708 1558 2903 1622 Ponti,
2956 1574 3077 1629 quae
3121 1576 3148 1612 a
3197 1559 3505 1627 Sane-gibus
3556 1571 3611 1613 et

2015 1648 2175 1706 Lazis
2204 1650 2533 1717 incoluntur,
2566 1653 2871 1722 aulugiunt,
2904 1667 3024 1705 cum
3056 1652 3326 1721 reliquam
3372 1653 3604 1706 classem

2016 1741 2405 1799 incendissent.
2442 1743 2691 1797 Excitata
2735 1744 2901 1813 igitur
2944 1744 3200 1806 ﬂamma,
3250 1742 3375 1812 quid
3424 1752 3607 1795 actum

2017 1834 2087 1889 sit
2120 1835 2371 1889 Lucullus
2401 1835 2826 1900 animadvertit,
2855 1833 3135 1902 scalasque
3183 1835 3249 1886 ad
3282 1832 3478 1887 mtenia
3512 1833 3608 1885 ad-

319 1930 467 1983 νεῶν
488 1930 601 1998 πῦρ
635 1932 849 1994 ἐνέντες
877 1949 891 1962 ο
924 1932 1223 2003 αἰρομένης
1241 1932 1299 1985 δὲ
1327 1934 1426 2003 τῆς
1466 1934 1685 2003 φλογὸς,
1725 1935 1912 2007 ᾔσθετο

2028 1926 2213 1979 bibere
2230 1926 2371 1993 jussi
2399 1926 2601 1981 milites
2626 1926 3044 1979 transcendunt.
3069 1924 3156 1978 Fit
3177 1924 3407 1992 prinntm
3431 1923 3605 1977 caules

319 2022 633 2087 Λεύκολλος
674 2022 768 2076 τοῦ
819 2023 982 2095 ἔργου
1031 2026 1128 2078 καὶ
1160 2026 1438 2095 κλίμακας
1470 2026 1684 2080 κελεύει
1739 2045 1911 2099 προσ-

318 2117 483 2185 ἁγειν
512 2115 588 2187 τῷ
616 2116 823 2186 τείχει·
864 2118 912 2169 oi
950 2116 1006 2170 δὲ
1040 2117 1419 2188 ὑπερέϐαινον.
1452 2120 1562 2174 Καὶ
1591 2119 1789 2193 φθόρος
1843 2117 1912 2193 ἦν

318 2208 452 2262 κατ’
481 2206 657 2280 ἀρχὰς
690 2210 791 2263 οὐκ
832 2208 1015 2277 ὀλίγος
1049 2225 1065 2242 ·
1099 2209 1237 2263 ἀλλά
1284 2210 1347 2263 τὸ
1397 2211 1571 2275 πάθος
1615 2213 1918 2278 Λεύκολλος

317 2299 606 2370 οἰκτείρας
635 2302 737 2370 τὴν
772 2300 986 2370 σφαγὴν
1018 2300 1249 2371 ἐπέσχεν
1269 2318 1285 2334 ο
1318 2302 1461 2357 οὕτω
1512 2304 1613 2373 μὲν
1654 2300 1748 2358 οὖν
1790 2306 1907 2377 ἥλω

319 2393 423 2444 καὶ
455 2393 487 2460 ἡ
524 2390 767 2462 Σινώπη.
803 2392 924 2445 Ἐτι
951 2392 1007 2445 δὲ
1030 2394 1063 2462 ἡ
1085 2394 1354 2462 Ἀμάσεια
1385 2395 1654 2467 ἀντεῖχεν,
1694 2396 1818 2450 ἀλλ’
1849 2398 1913 2450 οὐ

322 2482 450 2551 μετ’
504 2482 565 2535 ού
587 2483 635 2515 ⁸⁸
698 2483 835 2537 πολὺ
893 2483 989 2537 καὶ
1033 2484 1161 2556 [592
1184 2480 1281 2557 Η.]
1323 2486 1462 2559 αὐτὴ
1513 2488 1907 2562 προσεχώρησε

333 2572 655 2643 Ῥωμαίοις.

2021 2031 2127 2071 non
2161 2018 2355 2088 2381:
2405 2019 2638 2082 modica,
2671 2019 2761 2071 sed
2800 2017 3059 2070 misertus
3095 2015 3465 2075 calamitatum
3496 2012 3608 2066 Ln-

2017 2110 2212 2174 cullns,
2243 2125 2309 2163 ne
2339 2111 2593 2164 saviatur
2620 2110 2847 2164 ulterius
2878 2108 3176 2163 interdicit.
3217 2107 3296 2160 Ad
3330 2108 3474 2162 hunc
3506 2107 3605 2174 igi~

2016 2209 2103 2255 tur
2136 2202 2353 2254 modum
2385 2203 2550 2256 etiam
2583 2202 2785 2271 Sinope
2818 2203 2871 2256 in
2921 2202 3287 2256 Romanorum
3321 2200 3604 2253 arbitrium

2016 2293 2188 2346 venit.
2230 2292 2587 2362 Repugnabat
2610 2295 2908 2349 etiammnn
2932 2294 3185 2356 Amasea,
3214 2291 3309 2346 sed
3336 2307 3440 2345 non
3465 2297 3605 2345 mul-

2020 2392 2132 2436 tum
2170 2385 2479 2439 intercessit
2515 2387 2699 2454 spatii,
2730 2401 2853 2441 eum
2885 2385 3054 2440 etiam
3081 2385 3197 2455 ipsa
3233 2382 3605 2439 Romanorum

2022 2476 2075 2530 In
2110 2477 2269 2532 Iidem
2301 2480 2593 2534 concessit.

916 2690 1045 2748 CAP.
1092 2691 1246 2750 LVII.
1276 2723 1346 2735 -—
1374 2693 1711 2750 Mithridates
1753 2714 1890 2767 aegre
1926 2702 2133 2757 tandem
2165 2720 2197 2757 a
2239 2702 2462 2774 Tigrane
2487 2707 2691 2761 auxilia
2724 2709 2989 2778 impetrat.

396 2807 735 2880 Μιθριδάτης
764 2808 821 2862 δέ
847 2810 1093 2863 ἐνιαυτὸν
1122 2811 1217 2863 καὶ
1248 2811 1424 2880 μῆνας
1462 2809 1512 2882 η’
1542 2813 1601 2864 ἐν
1627 2815 1744 2875 τοῖς
1803 2813 1903 2882 μέ·-

325 2919 450 2972 ρεσι
469 2903 569 2971 τῆς
606 2902 898 2973 ’Ᾱρμενίας
917 2903 1210 2975 διατρίϐων
1236 2902 1389 2957 οὔπω
1416 2905 1498 2968 είς
1521 2904 1646 2974 ὄψιν
1668 2906 1908 2976 κατέστη

322 2994 603 3064 Τιγράνου
630 3009 643 3023 °
680 2994 806 3047 ἐπεὶ
846 2994 903 3049 δέ
942 2995 1036 3063 Τιγ
1051 2995 1219 3065 ράνης
1285 2996 1614 3069 ἐδυσωπήθη
1661 2999 1741 3061 εἰς
1783 2996 1914 3050 θέαν

322 3086 495 3138 αὑτὸν
530 3087 896 3157 καταστῆσαι,
936 3088 1075 3158 μετά
1127 3088 1390 3160 λαμπρᾶς
1430 3106 1491 3142 τε
1539 3089 1640 3159 τῆς
1683 3090 1911 3160 πομπῆς

324 3178 546 3248 ἀπήντα
572 3179 665 3231 καὶ
695 3178 993 3249 βασιλικῶς
1032 3179 1307 3245 ἐδεξιοῦτο
1342 3197 1356 3210 ·
1396 3183 1490 3234 ἐπὶ
1517 3182 1573 3236 δὲ
1597 3185 1748 3253 τρεῖς
1772 3185 1906 3254 ἠμέ-

325 3286 432 3340 ρας
466 3270 796 3342 ἀπορρήτως
826 3271 978 3342 αὐτῷ
996 3274 1288 3343 ὁμιλήσας,
1346 3274 1542 3329 ἔπειτα
1584 3276 1906 3349 λαμπροτά-

2092 2817 2265 2874 Porro
2293 2820 2629 2887 Mithridates
2663 2837 2861 2876 annum
2891 2832 2946 2876 et
2977 2821 3009 2875 8
3033 2835 3249 2875 menses
3275 2821 3327 2874 in
3358 2818 3603 2890 partibus

2020 2909 2296 2966 Armenia:
2324 2912 2659 2978 demoratus,
2687 2914 2916 2967 necdmn
2952 2914 3003 2965 in
3036 2912 3217 2981 generi
3248 2921 3601 2979 conspectum

2022 3003 2293 3057 admissus
2347 3015 2490 3059 erat.
2545 3004 2643 3060 llic
2696 3016 2874 3059 tamen
2921 3013 3180 3059 exoratus
3240 3005 3494 3067 tandem,
3547 3013 3605 3054 ut

2023 3110 2206 3149 coram
2240 3111 2298 3151 se
2332 3096 2559 3151 sistendi
2612 3106 2937 3166 potestatem
2976 3097 3024 3150 ei
3064 3096 3288 3158 laceret,
3322 3094 3602 3165 splendid:

2016 3202 2137 3241 cum
2179 3203 2375 3257 pompa
2424 3190 2701 3252 occurrit,
2749 3200 2803 3244 et
2853 3190 3020 3258 regali
3062 3203 3313 3245 secernunt
3351 3187 3607 3257 magniﬁ-

2014 3282 2191 3335 centia
2218 3283 2435 3348 exeipit.
2467 3283 2573 3336 Sed
2603 3283 2835 3336 tridumn
2866 3286 3067 3351 absque
3096 3282 3365 3351 colloquio
3388 3297 3509 3336 cun-
3536 3297 3603 3332 eo

322 3377 452 3423 ταις
476 3361 754 3415 ἑστιάσεσι
812 3362 1358 3434 φιλοφρονησάμενος
1410 3366 1639 3437 μυρίους
1694 3367 1909 3421 δίδωσιν

2021 3375 2295 3444 transegit.
2331 3374 2675 3429 Lantissimis
2710 3376 2834 3429 inde
2855 3376 3227 3431 conviviorum
3256 3374 3606 3444 apparatibus

325 3452 515 3517 ἱππεῖς
551 3453 646 3507 καὶ
683 3454 775 3507 ἐπὶ
795 3454 886 3507 τὸν
916 3454 1114 3508 Πόντον
1136 3455 1431 3527 ἐκπέμπει.

2028 3462 2457 3516 benevolentiam
2477 3466 2525 3518 ei
2550 3481 2703 3518 suam
2731 3482 2853 3518 cum
2879 3474 3225 3530 ostentasset,
3252 3464 3434 3518 decies
3460 3464 3607 3516 mille

2028 3552 2349 3607 instructum
2387 3555 2658 3624 equitibus
2685 3556 2736 3610 in
2774 3556 3000 3609 Pontum
3036 3556 3282 3609 remittit.

674 3657 802 3716 CAP.
839 3659 1018 3717 LVIII.
1044 3693 1115 3703 -—
1144 3661 1395 3716 Lucullus
1436 3661 1739 3716 Armeniam
1782 3663 2099 3732 pepulatur,
2148 3677 2197 3721 et
2238 3668 2468 3722 thesauri
2502 3668 2741 3739 Tigruuis
2771 3670 2856 3723 vix
2889 3679 3183 3725 servantur.

396 3754 702 3817 Λεύκολλος
720 3756 777 3809 δέ
806 3759 884 3819 εἰς
906 3756 1005 3828 τὴν
1028 3756 1424 3810 Καππαδοκίαν
1469 3756 1767 3825 ἐληλυθὼς,
1814 3757 1911 3810 καὶ

322 3848 485 3916 φίλον
522 3846 661 3917 ἔχων
711 3847 802 3899 τὸν
854 3849 1162 3919 ἐπάρχοντα
1192 3848 1394 3918 ταύτης
1457 3850 1905 3920 Ἀριοϐαρζάνην,

320 3939 478 4007 διέϐη
507 3956 564 3991 τε
598 3939 748 4009 παρά
772 3938 929 4004 δόξαν
964 3937 1103 4010 πεζῇ
1130 3938 1223 3992 τὸν
1258 3938 1572 4009 Εὐφράτην,
1610 3939 1706 3991 καὶ
1740 3956 1909 4010 προσ-

321 4029 431 4099 ἦγε
477 4027 526 4059 ⁸⁵
562 4029 653 4101 τὸν
679 4030 911 4100 στρατὸν
952 4032 1018 4100 τῇ
1055 4030 1227 4093 πόλει,
1260 4031 1319 4083 ἐν
1343 4023 1388 4097 ᾧ
1412 4031 1511 4093 τάς
1546 4046 1605 4083 τε
1636 4030 1908 4099 Τιγράνου

322 4121 664 4184 παλλακίδας
699 4122 1065 4189 φυλάττεσθαι
1095 4123 1410 4193 μεμαθήκει
1464 4122 1560 4176 καὶ
1592 4121 1764 4175 πολλά
1798 4121 1911 4174 τῶν

322 4214 539 4283 σφόδρα
569 4215 789 4284 τιμίων.
822 4215 1222 4268 Καταλελοίπει
1245 4214 1302 4268 δέ
1334 4215 1429 4270 καὶ
1478 4216 1607 4278 τοὺς
1640 4213 1910 4286 Τιγρανόο

319 4324 500 4375 κερτα
539 4306 1022 4376 πολιορκήσοντας.
1042 4306 1137 4360 καὶ⁹
1168 4308 1488 4377 στράτευμα
1514 4306 1645 4359 ἄλλο
1678 4306 1773 4360 ἐπὶ
1802 4304 1912 4360 τῶν

319 4398 683 4468 πολισμάτων
714 4398 786 4451 τὰ
811 4398 1230 4471 σπουδαιότερα.
1267 4397 1395 4471 [755
1425 4397 1520 4471 3.]
1547 4398 1702 4453 υῦτω
1728 4398 1785 4451 δὲ
1810 4398 1910 4469 τῆς

333 4489 633 4560 Ἀρμενίας
652 4491 793 4545 κατὰ
821 4490 994 4544 πολλὰ
1023 4492 1165 4562 μέρη
1197 4491 1670 4563 πολιορκουμένης
1691 4491 1908 4560 ἔπεμπε

323 4584 609 4654 Τιγράνης
624 4584 912 4638 ἀνακαλῶν
934 4585 1295 4655 Μιθριδάτην.
1318 4584 1430 4639 Καὶ
1454 4585 1688 4655 στρατὸν
1701 4585 1758 4638 δὲ
1779 4584 1909 4654 περὶ

2088 3761 2231 3817 Inter
2264 3762 2377 3816 haec
2399 3762 2657 3816 Lucullus
2679 3764 2731 3816 in
2764 3762 3161 3831 Cappadociam
3190 3762 3513 3831 ingreditur,
3548 3772 3604 3817 et

2014 3853 2387 3908 Ariobarzane
2440 3866 2598 3909 terrae
2649 3854 2836 3924 regulo
2877 3865 3035 3908 utens
3073 3856 3283 3919 amico,
3327 3856 3602 3924 inopinate

2016 3947 2349 4017 Euphratem
2378 3964 2498 4003 cum
2521 3950 2761 4016 equitatu
2787 3948 3004 4008 transit,
3032 3957 3087 4001 et
3108 3963 3298 4016 agmen
3322 3950 3389 4001 ad
3412 3949 3601 4001 urbem

2018 4041 2255 4103 adducit,
2289 4042 2377 4095 ubi
2414 4042 2665 4111 Tigranis
2699 4040 2939 4110 pelliees,
2974 4052 3029 4094 et
3059 4042 3123 4093 de
3153 4041 3315 4094 rebus
3346 4042 3603 4109 pretiosis

2016 4147 2081 4186 ac
2126 4133 2311 4188 charis
2360 4149 2463 4187 non
2519 4148 2687 4203 pauca
2742 4133 3010 4187 asservari
3064 4132 3351 4186 didicerat.
3404 4132 3603 4200 Capias

2016 4225 2205 4289 etiam,
2237 4241 2357 4293 qua:
2395 4224 2783 4294 Tigranocerta
2821 4234 3165 4294 oppugnent,
3203 4234 3256 4277 et
3286 4226 3449 4289 alias,
3482 4241 3603 4293 qum

2015 4312 2287 4382 praecipua
2325 4313 2435 4369 illic
2473 4317 2667 4385 oppida
2719 4325 2951 4378 tentent,
3003 4314 3274 4383 relinquit.
3321 4314 3456 4368 Dum
3498 4314 3602 4369 boc

2017 4403 2178 4457 modo
2218 4404 2471 4458 Armenia
2518 4407 2700 4459 nmltis
2741 4418 3085 4475 oppugnatur
3130 4405 3392 4474 partibus,
3432 4406 3599 4458 mittit

2017 4491 2279 4563 Tigranes
2295 4499 2384 4565 qui
2412 4495 2774 4551 Mithridatem
2797 4508 3070 4552 revocent.
3098 4496 3404 4551 Exercitum
3431 4498 3595 4551 etiam

2017 4585 2083 4637 ad
2118 4586 2397 4639 tntandmn
2427 4587 2613 4641 urbem
2647 4589 2697 4641 in
2729 4604 2832 4658 qna
2865 4589 3085 4657 pollices
3112 4598 3271 4641 erant
3299 4588 3594 4656 dispositze,

321 4674 428 4743 τὴν
458 4675 632 4738 πόλιν,
652 4677 711 4728 ἐν
743 4668 787 4743 ᾧ
826 4675 925 4740 τὰς
974 4675 1310 4738 παλλακίδας
1348 4675 1520 4742 ἔθετο,
1584 4675 1907 4746 διέπεμπεν,

2021 4675 2096 4728 ire
2116 4676 2290 4742 jubet.
2322 4676 2419 4745 Qui
2448 4694 2569 4732 cum
2598 4695 2663 4733 eo
2689 4680 2986 4742 venissent,
3028 4680 3336 4734 interclusis
3367 4680 3598 4750 sagitta-

322 4765 502 4819 οἱκαὶ
554 4767 1019 4837 παραγεγονότες,
1076 4767 1173 4819 καὶ
1229 4766 1415 4837 τοξείᾳ
1463 4764 1559 4819 τοῦ
1625 4765 1910 4835 Ῥωμαίων

323 4857 690 4927 στρατοπέδου
725 4859 826 4921 τὰς
854 4856 1069 4922 ἐξόδους
1096 4857 1524 4922 διακλείσαντες,
1557 4858 1655 4921 τάς
1677 4874 1736 4910 τε
1768 4855 1911 4909 παλ-

319 4947 553 5011 λακίδας
574 4949 667 5003 καὶ
692 4948 763 5003 τά
786 4948 1092 5018 τιμιώτατα
1122 4948 1232 5002 τῶν
1263 4947 1564 5019 κειμηλίων
1590 4949 1678 5002 διά
1707 4948 1906 5011 νυκτὸς

321 5040 782 5112 προεξέπεμψαν.
834 5041 1081 5112 Ἡμέρας
1114 5041 1171 5094 δὲ
1220 5041 1589 5110 ἀνασχούσης,
1656 5041 1751 5093 καὶ
1802 5039 1911 5094 τῶν

335 5135 627 5205 Ῥωμαίων
670 5136 784 5205 άμα
812 5133 921 5187 τῶν
967 5133 1200 5205 Θρᾳκῶν
1253 5132 1516 5204 ἀνδρείως
1568 5130 1910 5201 ἀγωνιζομέ-

319 5244 453 5292 νων,
484 5227 643 5294 φόνος
688 5244 746 5281 τε
787 5227 954 5289 πολὺς
1006 5227 1115 5279 τῶν
1173 5225 1475 5295 Ἀρμενίων
1532 5224 1767 5292 γίνεται,
1816 5224 1910 5277 καὶ

319 5320 562 5388 ζωγρὶαι
613 5319 722 5372 τῶν
774 5318 1139 5390 ἀνῃρημένων
1171 5318 1420 5371 ἑάλωσαν
1449 5315 1551 5368 οὐκ
1604 5317 1864 5378 ἐλάττους
1889 5332 1904 5346 ·

318 5412 395 5465 τά
430 5413 616 5479 μέντοι
644 5430 707 5481 γε
757 5410 1244 5482 προαποσταλέντα
1298 5408 1588 5473 διεσώζετο
1632 5409 1771 5480 πρὸς
1814 5409 1910 5460 Ἱί-

318 5504 557 5576 γράνην.

2014 4784 2134 4823 rum
2180 4771 2443 4838 grandine
2491 4771 2727 4825 exitibus
2771 4786 2801 4825 e
2847 4770 3218 4827 Romanorum
3267 4773 3498 4833 castris.
3542 4785 3600 4826 et

2012 4863 2343 4915 concubinas
2372 4872 2426 4915 et
2446 4878 2610 4931 gazas
2650 4863 2892 4932 periculo
2921 4874 3205 4933 exemptas
3241 4874 3405 4919 noctu
3443 4880 3598 4933 prte-

2015 4955 2254 5007 mittunt.
2286 4954 2383 5010 Ubi
2419 4955 2614 5019 illuxit,
2648 4955 2877 5011 Rontani
2908 4967 2962 5011 et
2998 4956 3262 5020 Thraces.
3297 4960 3597 5013 certamine

2015 5060 2136 5098 cum
2180 5046 2453 5100 Armeniis
2494 5047 2726 5101 feliciter
2770 5049 2932 5113 inito,
2977 5049 3241 5117 prolixam
3283 5049 3474 5102 borum
3517 5052 3567 5101 t‘a

2016 5137 2166 5191 ciunt
2210 5146 2468 5208 stragem,
2517 5155 2616 5193 nec
2661 5141 2949 5210 pauciores
2990 5144 3139 5196 vivos
3173 5143 3393 5211 capiunt
3430 5157 3594 5208 quam

2017 5232 2252 5284 euadunt.
2276 5230 2558 5286 Praemisso
2583 5243 2764 5287 tamen
2796 5233 2860 5286 ad
2886 5230 3200 5304 Tigranem,
3233 5241 3346 5287 tuta
3376 5239 3596 5286 manent

2016 5331 2071 5376 ct
2097 5324 2268 5378 salva.

1625 5588 1862 5643 VAIIUE
1912 5584 2316 5643 LECTIONES.

399 5692 559 5762 υκαὶ
614 5688 749 5762 τισι]
806 5690 916 5744 imo
988 5686 1083 5762 ttat
1126 5692 1257 5750 τοῖς.

1332 5688 1377 5719 ’τ’
1426 5686 1715 5757 Λευκόλλῳ
1750 5686 2237 5757 Rbodomannus:
2275 5685 2394 5737 libri
2453 5685 2714 5757 σελεύκῳ.

2810 5688 2857 5721 ⁸⁸
2886 5688 3118 5759 ἀφέντες
3157 5707 3217 5755 ς.
3295 5688 3341 5722 ⁸⁵
3371 5689 3429 5743 οὗ
3474 5705 3596 5763 μετ’

316 5761 416 5835 ού]
446 5764 704 5818 alterutra
736 5755 960 5832 'ncgatio
995 5760 1238 5815 delenda.
1316 5758 1361 5790 ⁸⁵
1394 5758 1638 5830 προσῆγε
1666 5755 1757 5813 τὸν
1791 5756 2095 5813 Scluelcrus
2130 5772 2144 5809 :
2194 5755 2315 5810 libri
2358 5755 2685 5825 προσήγετο.
