4004 6440
417 299 521 361 935

1578 301 1843 362 ΡΙΙΟἹἹΙ
1871 300 2372 362 ΡΛΤΒΙΑΒΟΙΙΕ
2402 303 2513 363 CP.

3581 307 3686 369 936

873 410 1004 468 CAP.
1067 409 1204 465 LIX.
1241 408 1795 465 ——Lnrullivictorire
1814 412 1879 464 de
1909 409 2135 480 Tigrane
2173 412 2243 464 ad
2289 415 2696 480 Tigranocerta;
2751 427 2800 465 et
2847 413 2990 466 urbis
3043 413 3261 472 deditio.

495 505 596 561 llic
627 505 804 560 80000
837 505 1132 558 contractis
1157 543 1174 570 ,
1208 511 1266 557 ut
1300 503 1689 572 Tigranocerta
1729 503 1794 557 ab
1826 517 2015 572 urgen-

2193 502 2431 572 Δύναμιν
2462 503 2518 556 δὲ
2557 497 2710 567 οὗτος
2739 504 2998 575 ἁθροίσας
3042 505 3189 558 ὀκτὼ
3243 509 3510 579 μυριάδας
3561 527 3689 564 κατ·

424 601 568 653 tibns
609 599 770 652 tnalis
805 596 1020 663 eripiat,
1054 595 1442 665 propulsetqne
1469 594 1673 660 hostes,
1704 594 2004 648 descendit.

421 691 728 745 Confestim
757 702 888 741 vero
921 697 975 740 ut
1009 688 1380 742 Ratuanoruut
1411 687 1710 740 exilitatem
1735 688 1869 739 vidit
1919 702 2012 741 ca-

423 792 683 842 strorum,
734 779 971 847 superba
1037 791 1134 846 per
1185 786 1553 845 contemptum
1607 777 1675 831 de
1724 778 1789 830 iis
1843 779 2010 830 verba

421 875 550 943 jarit
577 889 591 927 :
622 870 680 926 Si
713 871 868 940 legati
891 880 1012 924 sunt
1048 866 1288 939 (inquit)
1322 868 1473 922 multi
1514 868 1678 930 simul
1717 877 1961 921 venerunt
1989 883 2009 924 :

421 966 503 1018 sin
537 964 727 1026 hostes,
763 963 1032 1032 perpauci.
1090 961 1300 1027 Quibus
1340 962 1535 1023 dictis,
1593 961 1791 1014 castris
1834 961 2008 1015 locum

423 1057 626 1126 deligit.
665 1057 732 1108 At
759 1055 1040 1117 Lucullus,
1071 1053 1336 1124 singulari
1369 1066 1487 1108 arte
1511 1063 1568 1108 et
1599 1054 1776 1107 studio
1807 1054 2008 1107 instru-

422 1158 508 1201 cta
539 1147 675 1212 acie,
709 1147 932 1214 suisque
960 1145 1154 1199 lidncia
1183 1160 1279 1213 per
1305 1145 1740 1211 cohortatione":
1784 1145 2006 1216 injecta,

423 1240 669 1292 dextrum
695 1253 862 1291 cornu
896 1238 1080 1290 statim
1125 1237 1179 1290 in
1211 1238 1394 1308 fugam
1439 1238 1592 1308 agit:
1627 1253 1748 1292 mox
1790 1238 2013 1292 inclina-

426 1333 498 1383 tio
531 1332 586 1384 lit
618 1331 668 1384 in
695 1331 944 1399 proximo
994 1347 1008 1384 :
1056 1330 1254 1384 dehinc
1323 1338 1472 1398 terga
1533 1339 1752 1384 vertunt
1801 1346 2010 1386 omnes.

421 1424 692 1479 Grandem
719 1425 904 1492 itaque
937 1433 992 1476 et
1031 1423 1368 1492 praecipitem
1400 1423 1642 1476 Armenii
1709 1421 1890 1492 fugam
1922 1439 2014 1478 ca-

426 1525 667 1584 pesSImt,
699 1528 752 1571 et
785 1532 881 1584 pro
937 1517 1214 1570 hominum
1264 1531 1491 1569 numero
1526 1515 1700 1572 caedes
1744 1516 2009 1585 sequitur.

428 1609 689 1676 Tigranes
752 1609 950 1679 igitur,
1037 1608 1345 1662 diademate
1396 1617 1452 1662 et
1505 1609 1650 1678 regni
1711 1608 2016 1678 insignibus

425 1701 620 1773 239a
670 1701 777 1755 lilio
808 1701 1093 1770 impositis,
1139 1701 1204 1754 ad
1232 1701 1510 1755 castellum
1536 1701 1803 1771 quoddam
1835 1701 2015 1772 fugam

425 1796 636 1862 arripit.
680 1794 937 1849 Lucullus
977 1809 1106 1849 vero
1141 1795 1589 1866 Tigranocertam
1651 1810 1839 1848 versus
1893 1811 2009 1848 m0-

2117 592 2322 658 έϐαινε,
2356 597 2456 665 τήν
2494 611 2553 646 τε
2584 594 3024 666 Τιγρανοκέρταν
3053 596 3473 667 ἐξαιρησόμενος
3492 600 3539 630 ⁸⁸
3579 600 3688 652 τῶν

2115 687 2448 755 συνεχόντων
2469 687 2562 739 καὶ
2587 688 2962 758 ἀμυνούμενος
2985 690 3112 752 τοὺς
3131 689 3443 758 πολεμίους.
3470 691 3689 757 Φθάσας

2111 774 2167 826 δὲ
2195 779 2286 826 καὶ
2322 773 2444 828 ἰδὼν
2473 777 2532 827 τὸ
2579 775 2864 846 Ῥωμαίων
2900 778 3078 846 ὀλίγον
3120 780 3477 848 στρατόπεδον
3515 783 3688 853 ὑπερ-

2110 867 2370 928 οπτικοὺς
2424 866 2574 935 ἠφίει
2629 868 2852 936 λόγους,
2893 869 2969 933 ὡς
3012 872 3082 924 El
3143 870 3260 940 μὲν
3327 874 3686 940 πρεσϐευταὶ

2111 957 2376 1024 παρεῖεν,
2407 960 2646 1025 πολλοὶ,
2681 962 2945 1031 φάμενος,
2973 963 3288 1031 συνῆλθον
3310 1005 3325 1028 ,
3371 967 3423 1018 εί
3464 966 3532 1019 δὲ
3581 981 3686 1020 πο-

2112 1051 2330 1121 λέμιοι,
2372 1054 2684 1120 παντελῶς
2705 1055 2918 1122 ὀλίγοι.
2952 1057 3064 1110 Καὶ
3088 1057 3258 1110 ταῦτα
3286 1057 3454 1110 εἰπὼν
3491 1060 3691 1130 ἐστρα-

2113 1144 2454 1199 τοπεδεύετο.
2487 1146 2791 1210 Λεύκολλος
2818 1149 2876 1200 δέ
2933 1148 3098 1222 τέχνῃ
3154 1151 3250 1202 καὶ
3297 1151 3494 1222 μελέτῃ
3551 1153 3691 1222 πρὸς

2111 1236 2208 1306 τὴν
2244 1237 2424 1307 μάχην
2467 1240 2942 1310 παραταξάμενος,
2971 1242 3066 1295 καὶ
3111 1242 3383 1314 θαρρύνας
3423 1247 3551 1310 τοὺς
3592 1247 3690 1299 ὑπ’

2112 1329 2296 1391 αὐτὸν,
2331 1331 2525 1398 τρέπει
2547 1348 2605 1384 τε
2633 1333 2689 1384 τὸ
2717 1332 2889 1399 δεξιὸν
2935 1334 3097 1398 εὐθὺς
3137 1335 3326 1404 κέρας,
3359 1332 3480 1391 εἶτα
3509 1337 3691 1408 τούτῳ

2115 1419 2477 1474 συναπέκλινε
2497 1423 2558 1474 τὸ
2585 1422 2834 1492 πλησίον,
2881 1423 3008 1494 ἑξῆς
3061 1425 3118 1477 δὲ
3175 1424 3512 1493 σύμπαντες.
3577 1428 3691 1480 Καὶ

2111 1509 2258 1580 δεινή
2294 1525 2378 1573 τις
2407 1509 2501 1561 καὶ
2538 1511 2894 1581 ἀνεπίσχετος
2943 1515 3058 1575 τοῖς
3129 1511 3432 1582 ’Λρμενίοις
3484 1516 3688 1583 ἐπέσχε

2113 1603 2312 1672 τροπὴ,
2373 1603 2470 1656 καὶ
2515 1603 2656 1657 κατὰ
2695 1604 2852 1672 λόγον
2897 1605 2931 1676 ή
2984 1604 3096 1657 τῶν
3147 1604 3453 1676 ἀνθρώπων
3503 1606 3690 1658 εἵπετο

2117 1692 2313 1764 φθορά.
2341 1683 2619 1765 Τιγράνης
2647 1694 2703 1746 δὲ
2731 1696 2792 1748 τὸ
2845 1695 3084 1767 διάδημα
3113 1696 3208 1750 καὶ
3267 1696 3335 1749 τὰ
3375 1697 3687 1765 παράσημα

2117 1787 2213 1855 τῆς
2242 1787 2417 1856 ἀρχῆς
2443 1786 2649 1850 ἐπιθεὶς
2679 1786 2757 1856 τῷ
2789 1786 2939 1839 mm
2972 1787 3107 1857 πρός
3139 1805 3192 1840 τι
3238 1787 3345 1840 τῶν
3397 1787 3688 1859 ἐρυμάτων

428 1895 535 1946 tus,
563 1884 768 1954 majore
790 1893 988 1938 conatu
1040 1885 1092 1938 in
1143 1886 1484 1941 obsidionem
1524 1886 1805 1939 incumbit.
1877 1884 2012 1938 Tum

2118 1877 2416 1946 διαφεύγει.
2461 1878 2519 1930 Ὁ
2566 1878 2622 1930 δέ
2656 1878 2956 1942 Λεύκολλος
3006 1880 3098 1932 ἐπὶ
3149 1879 3216 1932 τά
3270 1879 3689 1950 Τιγρανόκερτα

427 1974 754 2028 Mithridatis
787 1977 839 2028 itt
875 1977 1008 2030 urbe
1040 1977 1219 2045 legali,
1252 1978 1532 2046 desperata
1561 1992 1743 2032 rerum
1773 1993 2009 2043 summa,

427 2065 648 2120 Lucullo
678 2081 738 2120 se
762 2066 1035 2131 dedidere,
1069 2067 1299 2122 salutem
1341 2067 1506 2138 pacti.

2110 1971 2461 2042 ἀναστρέψας
2515 1969 2930 2042 προθυμότερον
2982 1971 3308 2040 ἐπολιόρκει.
3337 1971 3400 2022 υἱ
3447 1969 3503 2022 δὲ
3544 1971 3689 2022 κατὰ

2108 2065 2208 2135 τὴν
2253 2064 2408 2117 πόλιν
2469 2063 2800 2133 Μιθριδάτου
2858 2065 3193 2134 στρατηγοὶ,
3236 2063 3345 2114 τῶν
3387 2063 3522 2115 ὅλων
3579 2065 3690 2115 άπ-

2109 2156 2432 2222 εγνωκότες,
2452 2155 2544 2208 ἐπὶ
2567 2158 2634 2226 τῇ
2670 2155 2911 2227 σφετέρᾳ
2941 2156 3187 2227 σωτηρίᾳ
3232 2154 3515 2224 Λευκόλλῳ
3538 2172 3686 2222 παρ-

2109 2246 2298 2299 έδοσαν
2326 2246 2426 2316 τὴν
2461 2246 2635 2300 πόλιν.

924 2357 1054 2413 CAP.
1092 2356 1206 2414 LX.
1230 2389 1303 2400 —
1327 2356 1570 2428 Tigranis
1603 2375 1722 2412 cum
1755 2357 2032 2414 Mil/tidate
2059 2373 2196 2427 acla,
2246 2372 2295 2416 et
2323 2361 2515 2431 legatio
2562 2363 2631 2414 ad
2685 2378 2853 2432 regem
2887 2361 3222 2416 Part/torum.

497 2473 832 2527 Mithridates
877 2485 1056 2528 autem
1095 2473 1160 2526 ad
1195 2471 1486 2543 Tigranem
1540 2487 1815 2535 reversus,
1877 2473 2018 2526 Ildu-

427 2569 566 2620 ciam
605 2567 652 2621 ei
716 2566 885 2629 addit,
939 2575 992 2619 et
1031 2573 1276 2618 ornatum
1341 2565 1567 2634 regium,
1628 2577 1846 2620 assueto
1909 2584 2015 2622 non

429 2660 691 2721 viliorem,
720 2659 1046 2711 circumdat.
1075 2657 1365 2712 Exercitus
1389 2659 1554 2712 etiam
1580 2659 1864 2730 colligendi
1894 2676 2016 2730 pro—

429 2750 578 2816 ponit
603 2749 886 2803 consilium
934 2749 1075 2818 (cum
1107 2757 1161 2801 et
1200 2751 1315 2818 ipse
1361 2765 1584 2803 manum
1617 2766 1721 2805 non
1766 2761 2013 2806 contem-

430 2842 658 2896 nendam
686 2839 949 2906 haberet),
977 2848 1030 2894 ttt
1064 2839 1302 2892 victoria:
1333 2839 1529 2893 damna
1557 2840 1696 2894 bello
1727 2857 2011 2911 recupera-

432 2945 570 2986 toro.
617 2932 810 2986 Verum
840 2931 925 2984 hic
956 2930 1080 2983 dum
1108 2929 1228 2999 plus
1260 2931 1478 2983 virtutis
1511 2942 1564 2986 et
1593 2933 1891 3000 prudentiae
1923 2933 1996 2987 illi

435 3025 646 3089 tribuit,
678 3035 731 3078 et
760 3027 930 3093 magis
955 3022 1320 3076 Romanorum
1351 3022 1506 3076 bellis
1565 3023 1817 3077 idoneum
1864 3025 2012 3079 arbi-

434 3129 629 3184 tratur,
673 3116 854 3170 omnia
915 3114 1210 3169 Mithridati
1273 3114 1560 3185 permittit.
1621 3116 1736 3185 Ipse
1795 3116 2012 3170 interim

433 3210 695 3280 legatione
714 3210 779 3263 ad
820 3208 1145 3262 Phradatem
1185 3207 1446 3262 Parthum
1475 3209 1662 3274 tuiss:t,
1707 3205 2012 3278 Mesopota~

2200 2476 2259 2530 '0
2300 2477 2482 2547 μέντοι
2525 2466 2862 2550 Μιθριδάτης
2889 2479 3024 2549 πρὸς
3073 2476 3351 2548 Τιγράνην
3384 2493 3695 2549 παραγεγο-

2118 2567 2224 2632 νὼς
2274 2569 2618 2640 ἀνελάμϐανέ
2666 2588 2726 2622 τε
2771 2570 2954 2633 αὑτὸν,
3004 2570 3100 2623 καὶ
3149 2569 3434 2641 βασιλικὴν
3485 2571 3691 2639 ἐσθῆτα

2117 2661 2412 2730 περιετίθει
2442 2663 2542 2732 τῆς
2567 2663 2832 2732 συνήθους
2853 2664 2954 2716 οὐκ
2978 2661 3401 2732 ἐλαττουμένην,
3436 2663 3529 2714 καὶ
3558 2661 3693 2714 λαὸν

2115 2752 2389 2822 ἀθροίζειν
2421 2755 2825 2818 συνεϐούλευεν,
2858 2755 2997 2826 ἔχων
3021 2755 3115 2806 καὶ
3147 2753 3309 2817 αὐτὸς
3338 2752 3566 2824 δύναμιν
3591 2755 3694 2805 οὐκ

2113 2846 2326 2916 ὀλίγην,
2373 2847 2448 2910 ὡς
2477 2847 2639 2900 πάλιν
2683 2848 3137 2918 ἀναμαχούμενον
3180 2846 3278 2917 τὴν
3318 2846 3492 2915 νίκην.
3532 2841 3592 2898 '0
3635 2845 3696 2896 δὲ

2114 2938 2291 2990 πάντα
2321 2935 2447 3008 [595
2480 2935 2574 3009 11.]
2614 2937 2690 3008 τῷ
2738 2937 3050 3010 Μιθριδάτῃ
3095 2937 3394 3009 ἐπέτρεπεν
3418 2936 3486 2999 ⁸⁷,
3532 2935 3589 2988 ἐν
3631 2952 3692 2987 τε

2112 3029 2191 3099 τῷ
2224 3032 2454 3100 γενναίῳ
2499 3033 2592 3084 καὶ
2635 3031 2841 3102 συνετῷ
2886 3030 2948 3084 τὸ
2994 3030 3153 3084 πλέον
3191 3030 3370 3099 νέμων
3415 3027 3562 3094 αύτῷ
3598 3029 3694 3080 καὶ

2119 3123 2316 3193 μᾶλλον
2347 3123 2559 3194 ἀνέχειν
2590 3127 2668 3188 εἰς
2698 3126 2788 3178 τὸν
2841 3125 2978 3195 πρὸς
3021 3123 3324 3193 Ῥωμαίους
3347 3121 3581 3189 πόλεμον
3604 3119 3696 3172 δυ-

2115 3215 2367 3286 νάμενον.
2401 3216 2569 3278 Αὐτὸς
2612 3216 2669 3269 δὲ
2717 3216 2855 3285 πρὸς
2897 3215 2988 3268 τὸν
3030 3213 3246 3286 Πάρθον
3294 3212 3576 3284 Φραδάτην
3619 3211 3698 3264 δι-

434 3303 596 3356 tuiam
627 3311 681 3356 et
711 3301 1046 3365 Adiabenon,
1099 3308 1153 3354 et
1205 3316 1428 3371 magnas
1474 3301 1646 3371 (quas
1701 3300 2012 3370 nominant)

2121 3307 2486 3379 επρεσϐεύετο
2532 3311 2883 3378 παραχωρεῖν
2933 3307 3083 3376 αὐτῷ
3122 3307 3220 3376 τὴν
3269 3304 3698 3374 Μεσοποταμίαν

433 3394 602 3447 valles
635 3393 828 3446 dilioui
876 3409 988 3447 sua:
1021 3402 1079 3446 ut
1128 3393 1409 3463 permittat
1467 3394 1730 3462 exposcit.
1779 3392 2023 3460 Cumque

433 3491 594 3544 etiam
625 3485 832 3542 Luculli
859 3487 924 3540 ad
958 3486 1213 3540 Parthum
1251 3484 1408 3554 legati
1435 3485 1729 3550 venissent,
1763 3484 2024 3538 Romanis

436 3597 678 3636 seorsum
708 3580 942 3635 amicum
965 3590 1018 3633 et
1049 3579 1254 3634 socimn
1305 3593 1362 3633 se
1393 3593 1517 3632 esse
1564 3577 1734 3648 lingit,
1775 3592 2020 3632 seorsum

434 3676 596 3729 etiam
623 3675 810 3728 eadem
841 3673 906 3726 ad
938 3671 1263 3725 Armenium
1298 3670 1536 3724 simulat.

2120 3401 2214 3454 καὶ
2256 3400 2354 3470 τήν
2417 3399 2737 3470 Ἀδιαϐηνὴν
2786 3399 2881 3453 καὶ
2928 3398 3056 3461 τοὺς
3113 3398 3382 3468 μεγάλους
3426 3395 3696 3456 αὐλῶνας.

2131 3490 2500 3562 ’Λφικομένων
2523 3492 2582 3544 δὲ
2613 3491 2746 3561 πρὸς
2786 3490 2878 3542 τὸν
2917 3490 3130 3560 Πάρθον
3159 3491 3255 3542 καὶ
3282 3488 3432 3558 παρὰ
3461 3487 3699 3540 Λευκόλ-

2118 3584 2214 3636 λου
2264 3584 2547 3653 πρέσϐεων
2590 3585 2704 3645 τοῖς
2747 3582 2843 3654 μὲν
2895 3583 3192 3652 Ῥωμαίοις
3229 3581 3336 3653 ίδίᾳ
3383 3581 3533 3650 φίλος
3561 3575 3701 3632 εἶναι

2127 3676 2456 3747 ὑπεκρίνατο
2497 3676 2593 3729 καὶ
2639 3675 2965 3746 σύμμαχος,
3006 3676 3112 3746 ἰδίᾳ.
3143 3675 3210 3744 ξδὲ
3249 3675 3318 3728 τά
3351 3673 3490 3728 αὺτά
3529 3677 3623 3730 καὶ
3650 3672 3700 3704 ⁸⁸

2131 3767 2268 3839 πρὸς
2295 3768 2420 3831 τοὺς
2461 3767 2776 3839 Ἀρμενίους
2802 3766 3080 3819 διετίθετο.

878 3885 1004 3939 Car.
1038 3885 1170 3940 LXI.
1200 3916 1271 3925 —
1305 3887 1495 3940 Odium
1529 3886 1706 3941 Itonia:
1741 3888 1796 3940 in
1821 3886 2052 3950 Cottam,
2078 3895 2124 3939 et
2165 3883 2324 3945 actio,
2347 3890 2626 3935 accusante
2658 3878 3031 3933 Tltrausimede
3063 3876 3278 3932 Heracl.

506 3999 715 4054 Interea
741 3999 974 4052 Romam
1028 3999 1190 4054 Cotta
1223 4017 1496 4067 reversus,
1537 4006 1741 4059 honore
1771 4021 1800 4059 a
1828 4013 2018 4059 senatu

439 4090 686 4152 allicitur,
717 4096 772 4143 et
815 4089 1023 4145 Pontici
1075 4103 1453 4160 cognomento,
1509 4099 1651 4164 quod
1704 4097 2020 4152 Heracleam

439 4183 694 4251 cepisset,
735 4183 1068 4236 nobilitatur.
1100 4186 1168 4238 At
1202 4186 1287 4239 ubi
1316 4187 1536 4243 sinistra
1571 4188 1686 4256 ejus
1717 4189 1857 4244 fama
1907 4189 2018 4244 Ro-

441 4289 582 4326 mam
619 4275 885 4342 pervenit,
938 4274 988 4326 in
1024 4275 1237 4343 publico
1291 4287 1412 4330 erat
1462 4280 1605 4343 odio,
1659 4281 2023 4351 invidiamque

444 4375 602 4418 tantae
630 4364 678 4417 ei
702 4379 833 4431 opes
863 4365 1222 4433 adaugebaut.
1276 4366 1444 4437 Cujus
1498 4369 1824 4425 declinanda:
1857 4387 2021 4427 causa

443 4455 699 4522 pleraque
732 4455 787 4506 in
833 4454 1087 4506 aerarium
1143 4454 1312 4521 Spolia
1349 4455 1548 4520 retulit,
1587 4457 1796 4510 tametsi
1851 4457 2021 4511 nihilo

445 4547 685 4601 mitiores
709 4547 762 4600 in
787 4561 847 4602 se
880 4544 1157 4602 Romanos
1199 4547 1300 4602 hoc
1329 4547 1579 4615 efficeret,
1607 4550 1732 4602 dum
1772 4566 1802 4605 e
1844 4552 2014 4620 pluri-

443 4641 546 4693 mis
567 4653 692 4692 eum
725 4653 896 4708 pauca
940 4639 1142 4693 referre
1165 4654 1483 4709 persuasum
1519 4639 1800 4695 baberent.
1841 4640 2019 4710 Capti-

442 4747 537 4785 vos
574 4733 736 4787 etiam
803 4731 1082 4787 Heracleae
1154 4734 1334 4787 statim
1393 4733 1741 4787 dimittendos
1800 4734 2018 4789 decreto

2204 4001 2262 4054 Ὀ
2294 4000 2350 4052 δὲ
2381 3999 2446 4070 δὴ
2472 3999 2703 4061 Κόττας,
2732 3997 2809 4060 ὡς
2844 3997 2926 4060 είς
2951 3997 3048 4067 τὴν
3088 3997 3308 4067 Ῥώμην
3334 3995 3581 4066 ἀφίκετο,
3617 3981 3698 4050 τι-

2125 4092 2230 4164 μῆς
2263 4089 2414 4160 παρά
2452 4091 2552 4160 τῆς
2587 4087 2891 4160 συγκλήτου
2937 4087 3199 4158 τυγχάνει
3241 4089 3500 4150 Ποντικὸς
3541 4089 3701 4141 αὺτο-

2123 4187 2345 4257 κράτωρ
2388 4181 2671 4236 καλεῖσθαι
2695 4223 2708 4246 ,
2739 4181 2822 4234 ὅτι
2856 4181 2966 4233 ἓλοι
2994 4179 3094 4250 τήν
3133 4179 3486 4248 Ἡράκλειαν.
3512 4181 3701 4232 Διαϐο-

2121 4281 2217 4350 λῆς
2259 4279 2316 4330 δὲ
2361 4279 2442 4340 είς
2482 4275 2580 4347 τὴν
2639 4274 2859 4346 Ῥώμην
2908 4274 3316 4344 ἀφικνουμένης
3363 4273 3437 4337 ὡς
3483 4275 3701 4326 οἰκείων

2123 4369 2332 4442 κερδῶν
2370 4369 2531 4422 ’ἑνεκα
2566 4365 2902 4437 τηλικαύτην
2943 4366 3098 4420 πόλιν
3131 4365 3510 4434 ἐξαφανίσειε,
3545 4367 3699 4436 μῖσός

2122 4481 2183 4516 τε
2232 4463 2491 4534 δημόσιον
2530 4457 2840 4528 ἐλάμϐανε,
2888 4458 2981 4511 καὶ
3021 4459 3048 4511 ὁ
3082 4457 3213 4528 περὶ
3246 4457 3410 4511 αὐτὸν
3449 4457 3701 4518 τοσοῦτος

2128 4555 2358 4616 πλοῦτος
2388 4552 2582 4621 φθόνον
2611 4549 2871 4604 ἀνεκίνει.
2925 4550 3016 4604 Διὸ
3060 4550 3154 4603 καὶ
3187 4549 3357 4603 πολλά
3388 4548 3498 4602 τῶν
3526 4549 3698 4616 λαφύ-

2133 4663 2240 4716 ρων
2262 4647 2341 4706 εἰς
2364 4643 2424 4696 τὸ
2447 4641 2557 4695 τῶν
2591 4640 2877 4710 Ῥωμαίων
2902 4641 3212 4711 είσεκόμιζε
3237 4644 3485 4711 ταμιεῖον
3507 4641 3574 4706 ιθ,
3609 4641 3698 4692 τὸν

2130 4738 2222 4789 ἐπὶ
2247 4736 2326 4805 τῷ
2345 4733 2559 4802 πλούτῳ
2583 4731 2774 4800 φθόνον
2794 4731 3096 4802 ἐκκρούων,
3125 4734 3172 4784 εί
3195 4733 3288 4785 καὶ
3315 4733 3477 4802 μηδὲν
3503 4732 3697 4792 αὐτοὺς

445 4822 660 4891 publico
685 4822 981 4877 sciverunt.
1010 4823 1407 4893 Tltrasymedes
1439 4824 1676 4893 insuper,
1711 4824 2015 4881 Ileraclien-

2130 4825 2327 4894 πραοτέ
2339 4840 2464 4894 ρους
2496 4823 2866 4893 ἀπειργάζετο
2886 4864 2900 4889 ,
2945 4823 3054 4876 ἀπὸ
3081 4822 3293 4877 πολλῶν
3320 4823 3476 4892 ὀλίγα
3513 4824 3698 4892 νέμειν

447 4914 586 4966 sium
631 4929 789 4978 unus,
811 4930 912 4982 pro
943 4916 1204 4969 concione
1228 4916 1439 4968 Cottam
1466 4916 1675 4982 publice
1708 4927 1948 4978 accusat,
1969 4923 2022 4971 et

448 5003 686 5056 civitatis
713 5019 828 5057 suae
860 5019 987 5074 erga
1015 5003 1290 5057 Romanas
1313 5003 1739 5058 benevolentiam
1786 5019 2024 5059 comme-

453 5105 629 5148 morat
661 5112 676 5150 :
711 5108 787 5161 et,
817 5096 864 5151 si
889 5099 1018 5167 quid
1047 5100 1115 5149 ab
1145 5097 1247 5150 hac
1287 5097 1616 5160 remiserint,
1657 5113 1760 5149 non
1791 5097 2026 5152 civitatis

447 5184 756 5253 voluntate,
783 5189 876 5243 sed
921 5189 1332 5254 magistratuum
1369 5188 1559 5242 fraude
1584 5198 1639 5240 et
1688 5188 2026 5241 adversario-

450 5293 569 5331 rum
598 5279 648 5332 vi
707 5278 906 5332 factum
943 5294 1084 5333 esse.
1120 5279 1412 5333 Miserabili
1463 5280 1624 5332 etiam
1685 5278 1906 5347 querela
1955 5277 2025 5333 ob

450 5370 636 5425 oculos
695 5375 847 5440 ponit
912 5373 1061 5428 urbis
1121 5372 1628 5434 inﬂammationem,
1683 5382 1919 5440 quotque
1971 5381 2027 5423 et

453 5470 651 5529 quanta
685 5463 992 5517 incendium
1039 5464 1320 5529 evastarit,
1348 5473 1513 5533 utque
1542 5462 1828 5518 simulacra
1863 5463 2021 5516 Coua

2121 4915 2603 4984 ὑπολαμϐάνοντας
2625 4917 2694 4970 9°.
2739 4915 3108 4986 Ἑψηφίσαντο
3139 4916 3196 4969 δὲ
3227 4916 3426 4970 αὐτίκα
3454 4919 3549 4968 καὶ
3574 4918 3699 4979 τοὺς

2122 5006 2500 5078 αἰχμαλώτους
2525 5007 2624 5078 τῆς
2661 5007 2990 5078 Ἡρακλείας
3034 5007 3314 5076 ἀφίεσθαι.
3339 5007 3699 5078 Θρασυμήδης

2123 5099 2180 5151 δὲ
2201 5097 2310 5150 τῶν
2335 5097 2395 5162 ἐξ
2426 5097 2755 5168 Ἡρακλείας
2780 5097 2858 5161 είς
2884 5100 3266 5170 κατηγόρησεν
3295 5101 3380 5152 ἐπ’
3407 5097 3703 5168 ἐκκλησίας

2125 5190 2217 5244 τοῦ
2246 5191 2428 5244 Κόττα
2450 5230 2468 5258 ,
2497 5192 2595 5254 τάς
2625 5208 2686 5244 τε
2729 5192 2828 5261 τῆς
2877 5193 3086 5256 πόλεως
3128 5191 3519 5262 εἰσηγούμενος
3567 5191 3704 5259 πρὸς

2145 5281 2447 5352 Ῥωμαίους
2478 5283 2710 5350 εὐνοίας,
2755 5284 2882 5356 [756
2909 5285 3002 5356 8.]
3033 5285 3126 5338 καὶ
3159 5285 3215 5337 εἴ
3240 5301 3292 5338 τι
3320 5283 3524 5353 ταύτης
3561 5284 3705 5335 ἁπο-

2131 5373 2386 5441 κλίνοιεν,
2414 5377 2535 5446 οὐχὶ
2562 5375 2759 5452 γνώμῃ
2778 5378 2879 5449 τῆς
2903 5379 3110 5442 πόλεως
3142 5378 3297 5432 τοῦτο
3325 5378 3479 5448 δρᾷν,
3527 5375 3644 5429 ἀλλ’
3670 5375 3706 5447 ﬁ

2131 5483 2274 5530 τινος
2288 5469 2398 5519 τῶν
2419 5468 2797 5538 ἐφεστηκότων
2812 5471 2923 5532 τοῖς
2942 5471 3260 5542 πράγμασιν
3281 5469 3525 5541 ἐξαπάτῃ
3555 5467 3588 5537 ή
3612 5469 3705 5521 καὶ

1721 5573 1955 5627 VARIAS
1987 5571 2388 5636 LECTIONES.

531 5664 577 5696 ⁸⁸
602 5664 1071 5745 ἐξαιρησόμενος
1099 5696 1166 5745 -—_-
1189 5665 1579 5745 ’ἀμυνούμενος
1635 5680 1779 5745 corr.
1813 5668 1854 5716 Α
1904 5681 1919 5718 :
1955 5665 2390 5743 ἐξαιρησάμενος
2426 5702 2488 5715 --
2518 5672 2857 5745 ἀμυνόμενος
2905 5691 2966 5737 ς.

456 5730 502 5764 ⁸⁸
531 5735 623 5789 καὶ
642 5730 751 5790 om:
776 5730 842 5790 Ᾱ.
878 5730 890 5737 ’
917 5734 962 5770 δ’
985 5738 1206 5792 ταμεῖον
1235 5730 1296 5795 ξε.
1371 5730 1422 5769 ⁸⁸⁵
1458 5736 1932 5793 ὑπολαμϐάνοντες
1962 5753 2027 5790 ς’.

3077 5674 3121 5708 ⁸⁷
3167 5673 3473 5746 ὑπέτρεπεν
3513 5689 3595 5745 pr.
3635 5669 3694 5726 A.
