4004 6442
336 326 445 391 937

1408 338 1937 401 BIBLIOTHECA.
1974 365 2045 377 -
2080 339 2243 400 COD.
2282 339 2581 401 CCXXIV.

3512 332 3621 405 938

336 446 432 515 βίᾳ
468 443 581 498 τῶν
608 442 1022 516 ἐπιτιθεμένων.
1065 446 1433 519 ⁹Αιιιιῳκτίζετο
1454 450 1514 503 δέ
1541 450 1632 504 τόν
1656 468 1715 503 τε
1740 451 1785 483 ⁸⁸
1818 451 1918 520 τῆς

2036 451 2295 506 iestructa
2330 450 2566 517 praedam
2596 447 2700 504 sibi
2730 448 2939 514 fecerit,
2960 456 3018 504 et
3053 449 3195 505 aedes
3217 463 3404 508 sacras
3426 454 3611 509 dirue—

338 535 549 598 πόλεως
578 538 935 608 ἐμπρησμὸν,
968 539 1065 592 καὶ
1087 541 1187 593 ὅσα
1212 541 1275 593 τὸ
1306 540 1420 610 πῦρ
1453 542 1730 610 ἁφανίσοι,
1771 543 1920 607 ὅπως

332 644 397 680 τε
422 625 494 681 τὰ
515 627 809 698 ἀγάλματα
833 631 1049 694 Κόττας
1078 632 1311 703 καθῄρει
1343 634 1437 686 καὶ
1467 634 1619 689 λείαν
1641 635 1882 688 ἐποιεῖτο
1906 673 1921 696 ,

334 719 465 784 τούς
497 737 558 773 τε
605 722 765 787 ναοὺς
795 724 1047 779 κατέσπα
1066 764 1081 790 ,
1114 727 1210 779 καὶ
1233 726 1335 779 ὅσα
1365 726 1503 781 ἄλλα
1530 727 1598 779 δι’
1643 728 1927 797 ὠμότητος

334 810 514 865 ἐλθὼν
558 814 902 884 ἐπεπράγει,
932 817 1027 869 τόν
1066 834 1125 870 τε
1169 818 1371 887 χρυσὸν
1412 820 1506 872 καὶ
1549 819 1640 871 τὸν
1687 818 1927 889 ἄργυρον

332 906 439 975 τῆς
468 906 675 969 πόλεως
705 908 1040 978 ἀναγράφων
1066 910 1461 981 ἀναρίθμητον,
1514 910 1609 965 καὶ
1634 910 1737 981 τὴν
1759 910 1929 980 ἄλλην

331 999 438 1069 τῆς
460 1000 793 1070 Ἡρακλείας
808 1001 875 1070 ἢν
891 1002 1281 1073 ἐσφετερίσατο
1302 1003 1671 1073 εὐδαιμονίαν.
1692 1002 1929 1056 Τοιαῦτα

334 1090 435 1144 τοῦ
476 1089 875 1161 Θρασυμήδους
909 1093 1030 1162 μετ’
1057 1093 1306 1163 οἰμωγῆς
1341 1094 1436 1149 καὶ
1466 1095 1718 1163 δακρύων
1746 1093 1927 1165 διεληο

338 1181 560 1243 λυθότος
579 1222 595 1247 ,
628 1183 725 1235 καὶ
748 1183 859 1236 τῶν
886 1184 1172 1254 ἡγεμόνων
1196 1185 1636 1239 ἐπικλασθέντων
1656 1184 1735 1256 τῷ
1764 1185 1926 1240 πάθει

345 1276 473 1345 (καὶ
498 1275 606 1345 γάρ
648 1276 897 1346 παρῆλθε
929 1282 1025 1329 καὶ
1051 1279 1113 1331 τὸ
1150 1278 1261 1330 τῶν
1299 1278 1663 1349 αἰχμαλώτων
1687 1280 1891 1350 πλῆθος
1912 1319 1927 1341 ,

343 1368 531 1437 ἄνδρες
554 1367 692 1436 ὁμοῦ
721 1371 814 1420 καὶ
834 1371 1095 1436 γυναῖκες
1120 1370 1262 1437 μετὰ
1284 1372 1512 1434 τέκνων,
1547 1373 1604 1423 ἐν
1632 1370 1927 1439 πενθίμοις

339 1461 599 1535 ἐσθήσεσι
631 1463 865 1526 θαλλοὺς
919 1464 1161 1528 ἱκεσίους
1212 1467 1328 1535 μετ’
1356 1465 1681 1537 ὀλοφυρμῶν
1714 1466 1932 1537 προτεί-

335 1555 556 1625 νοντες)
602 1556 1015 1628 άντιπαρελθὼν
1049 1560 1075 1609 ὁ
1112 1558 1323 1623 Κόττας
1368 1558 1576 1629 βραχέα
1620 1561 1687 1626 τῇ
1716 1558 1931 1627 πατρίῳ

2026 542 2115 606 rit,
2146 551 2201 596 et
2238 551 2492 597 sexcenta
2524 540 2629 594 alia
2648 541 3076 597 crudelissimum
3122 545 3174 597 in
3221 543 3440 599 modum
3489 559 3617 614 per-

2025 636 2218 706 egerit.
2282 634 2363 689 Ad
2417 634 2534 689 bzec
2597 635 2715 689 auri
2767 642 2824 689 et
2881 635 3089 706 argenti
3142 634 3416 691 inﬁnitum
3450 651 3619 707 prope

2026 743 2335 796 numerum,
2376 738 2737 798 cazteramque
2773 729 2922 784 urbis
2972 728 3313 794 felicitatem,
3342 744 3503 800 quam
3557 732 3610 786 in

2027 835 2182 876 suum
2214 823 2304 877 ille
2336 825 2676 878 commodum
2709 824 3006 891 averterit,
3060 826 3396 881 recensebat.
3458 825 3553 881 His
3584 842 3615 881 a

2028 913 2416 986 Thrasymede,
2474 930 2597 969 cum
2647 914 2897 971 lamentis
2943 926 2998 970 et
3036 914 3185 984 ﬂetu,
3219 932 3615 972 commemora-

2031 1008 2122 1073 tis,
2159 1015 2214 1061 et
2252 1007 2605 1075 optimatibus
2645 1006 3012 1062 Romanorum
3064 1009 3130 1061 ad
3182 1010 3616 1065 commiseratio-

2032 1113 2154 1153 nem
2185 1111 2350 1153 casus
2397 1099 2541 1153 illius
2584 1099 2793 1153 inﬂexis
2844 1099 3182 1171 (accesserat
3222 1100 3419 1175 239!)
3468 1102 3613 1156 enim

2036 1189 2375 1259 captivorum
2407 1203 2624 1258 quoque
2645 1189 2951 1255 multitudo,
2986 1189 3087 1243 viri
3119 1199 3173 1243 et
3202 1201 3466 1245 matronae
3488 1206 3613 1245 cum

2033 1280 2242 1348 liberis,
2269 1280 2586 1351 lugubribus
2628 1281 2960 1335 vestimentis
2987 1282 3191 1348 amicti,
3221 1291 3276 1335 et
3300 1283 3615 1351 deprecato.

2032 1372 2164 1436 rios,
2201 1387 2321 1426 cum
2355 1371 2576 1440 eiulatu,
2618 1388 2728 1441 prae
2754 1387 2812 1426 se
2862 1373 3143 1427 tendentes
3204 1374 3335 1427 olea:
3368 1388 3544 1427 ramos
3566 1373 3610 1443 ),

2036 1477 2356 1534 pr0gressns
2414 1472 2602 1518 contra
2654 1464 2705 1517 in
2771 1466 3007 1519 medium
3063 1465 3240 1531 Cotta,
3310 1466 3399 1519 ubi
3442 1482 3616 1534 pauca

2035 1556 2213 1625 lingua
2249 1556 2425 1625 patria
2480 1556 2849 1620 disseruisset,
2904 1557 3104 1611 resedit
3158 1574 3171 1610 :
3225 1566 3278 1611 et
3316 1572 3615 1626 exsurgens

332 1636 583 1719 διελέχθη
618 1650 663 1681 ⁸³
715 1648 967 1719 γλώττῃ,
1023 1646 1143 1703 εἶτα
1188 1650 1481 1721 ἐκαθέσθη.
1531 1652 1640 1703 Καὶ
1693 1651 1930 1720 Κάρϐων

2036 1644 2257 1699 Carbo:
2292 1644 2429 1709 Nos,
2484 1645 2680 1714 inquit,
2734 1645 2911 1709 Cotta,
2960 1647 3271 1716 capiendam
3334 1647 3448 1713 tibi,
3512 1664 3615 1702 non

333 1740 598 1806 ἁιαστὰς,
634 1739 854 1810 Ἡμεῖς,
881 1737 928 1794 ὦ
956 1742 1170 1806 Κόττα,
1204 1742 1358 1813 φησὶ,
1395 1745 1577 1796 πόλιν
1606 1743 1770 1795 ἑλεῖν
1795 1742 1930 1795 ἀλλ’

2038 1738 2463 1801 exscindendam,
2500 1738 2680 1792 urbem
2738 1739 3169 1794 demandavimus
3201 1757 3219 1796 :
3252 1750 3305 1793 et
3337 1750 3459 1810 post
3491 1754 3616 1795 eum

330 1831 474 1899 οὐχὶ
516 1800 1361 1903 κᾶθελὲῖνὲπετρέψαέιελρόεέ
1389 1833 1508 1905 μετ’
1552 1835 1715 1888 αὑτὸν
1748 1835 1804 1887 δὲ
1836 1834 1930 1887 καὶ

2038 1830 2129 1883 alii
2155 1829 2424 1884 consimili
2455 1830 2506 1882 in
2538 1828 2750 1885 Cottam
2797 1831 3181 1887 criminatione
3227 1843 3354 1885 sunt
3391 1832 3613 1887 invecti.

333 1923 489 1976 ἄλλοι
532 1923 731 1993 ὁμοίιος
779 1924 993 1978 Κότταν
1042 1928 1358 1997 ᾐτιάσαντο.
1418 1926 1640 1989 Πολλοῖς
1692 1926 1791 1997 μὲν
1838 1922 1930 1979 οὗν

2039 1920 2217 1975 Multis
2254 1920 2415 1991 igitur
2440 1920 2633 1975 exsilio
2658 1922 2851 1990 dignus
2899 1923 3200 1977 videbatur.
3248 1922 3617 1977 Moderatiune

332 2014 489 2079 ἄξιος
511 2017 540 2069 ό
582 2016 799 2079 Κόττας
832 2017 1008 2070 ἐδόκει
1038 2021 1238 2089 φυγῆς·
1286 2019 1681 2090 μετριάσαντες
1709 2019 1754 2071 δ’
1781 2018 1930 2087 ὅμως

2042 2022 2221 2066 tamen
2253 2012 2516 2075 adhibita,
2571 2012 2737 2066 latum
2781 2014 2829 2067 ei
2865 2014 3077 2068 clavum
3125 2017 3405 2086 abrogant.
3449 2016 3619 2069 Hera-

331 2106 757 2179 ἀπεψηφίσαντο
782 2109 883 2180 τὴν
910 2109 1159 2181 πλατύση
1169 2127 1269 2176 μον
1289 2109 1479 2165 αὐτοῦ.
1520 2107 1930 2179 Ἡρακλεώταις

2036 2102 2337 2156 cleensihus
2361 2115 2491 2155 vero
2527 2117 2714 2171 agrum
2750 2110 2805 2156 et
2841 2118 2988 2157 mare
3014 2112 3069 2158 et
3089 2114 3277 2172 portus
3303 2106 3615 2169 restituunt,

330 2199 395 2251 δέ
420 2201 520 2270 τήν
550 2217 611 2253 τε
636 2198 823 2271 χώραν
854 2201 948 2255 καὶ
991 2200 1090 2271 τὴν
1115 2201 1394 2257 θάλασσαν
1424 2202 1522 2255 καὶ
1549 2201 1677 2263 τοὺς
1704 2200 1930 2271 λιμένας

2040 2194 2321 2261 rogatione
2349 2193 2581 2261 perlata,
2624 2203 2684 2249 ut
2712 2208 2874 2250 nemo
2907 2195 3101 2251 horum
3136 2196 3388 2251 servituti
3421 2195 3494 2250 sit
3522 2196 3618 2251 ad-

333 2292 811 2363 ἀποκατέστησαν,
836 2293 929 2346 καὶ
955 2292 1162 2364 μηδένα
1184 2292 1458 2346 δουλεύειν
1485 2292 1667 2363 ψῆφον
1696 2290 1903 2345 ἔθεντο.
2033 2287 2229 2339 dictus.

575 2405 704 2461 Cap.
746 2406 902 2461 LXII.
938 2405 1310 2477 Thrasymedis
1342 2416 1391 2462 et
1421 2407 1751 2478 Brithagorw
1776 2404 2009 2458 studium
2046 2400 2187 2453 circa
2211 2398 2651 2453 instaurationem
2677 2398 2950 2454 Heraclea:
2980 2410 3030 2456 et
3068 2400 3377 2459 libertatem.

408 2523 599 2580 Ταῦτα
624 2524 1022 2596 Θρασυμήδους
1045 2525 1494 2596 διαπραξαμένου
1513 2567 1529 2592 ,
1560 2525 1655 2578 ἐπὶ
1691 2524 1791 2596 τὴν
1821 2541 1928 2576 πα-

2108 2516 2207 2572 His
2233 2532 2365 2587 ergo
2397 2517 2801 2588 Thrasymedes
2829 2520 3113 2584 confectis,
3149 2520 3357 2591 plebem
3408 2524 3621 2579 remisit

333 2618 496 2689 τρίδα
536 2618 635 2688 μὲν
662 2618 791 2681 τοὺς
822 2618 1053 2681 πολλοὺς
1100 2618 1435 2688 ἐξέπεμψεν,
1478 2618 1642 2680 αὐτὸς
1682 2616 1741 2669 δὲ
1791 2616 1928 2686 μετὰ

2036 2608 2091 2661 in
2132 2606 2363 2675 patriam
2398 2626 2411 2662 :
2442 2607 2559 2676 ipse
2584 2623 2712 2663 vero
2759 2624 2882 2664 cum
2924 2610 3242 2681 Brithagora
3273 2623 3329 2667 et
3364 2612 3616 2684 Propylo,

340 2709 676 2781 Βριθαγόρου
701 2726 761 2761 τε
788 2711 883 2763 καὶ
907 2708 1194 2779 Προπύλου
1228 2711 1391 2781 (⁸παῖς
1419 2711 1465 2764 δ’
1495 2705 1564 2780 ἦν
1590 2709 1620 2761 ό
1645 2708 1930 2780 Πρόπυλος

2036 2700 2374 2769 Britbagorae
2426 2701 2561 2761 ﬁlio.
2631 2702 2697 2755 ad
2763 2710 2976 2773 tempus
3039 2704 3235 2759 dehinc
3287 2706 3617 2769 subsistens.

338 2801 721 2875 Βριθαγόρου)
751 2803 909 2855 κατὰ
927 2802 1057 2866 τοὺς
1083 2802 1210 2873 ἑξῆς
1234 2804 1511 2873 ἐπιμένων
1533 2801 1661 2874 [594
1686 2800 1778 2873 Η.]
1806 2802 1930 2871 χρό-

2036 2804 2148 2860 quae
2173 2792 2364 2860 patriae
2402 2806 2533 2847 usus
2586 2793 2831 2862 exigeret
2870 2795 3290 2851 administravit.
3345 2796 3617 2853 Peractis-

336 2911 465 2957 νους
492 2894 559 2949 τὰ
599 2892 763 2947 λοιπά
785 2893 897 2947 τῶν
926 2894 1262 2962 ἐπειγόντων
1288 2894 1605 2949 καθίστατο.
1637 2893 1746 2947 Καί
1766 2910 1929 2946 τινων

2036 2898 2131 2954 que
2160 2884 2366 2953 aliquot
2389 2886 2569 2949 annis,
2609 2900 2731 2940 cum
2765 2886 2936 2941 tribus
2975 2890 3239 2943 onerariis
3288 2891 3515 2944 navibus
3563 2890 3618 2945 in

337 2986 479 3040 ἐτῶν
506 2984 849 3041 ἀνυσθέντων
895 2986 1076 3057 τρισὶν
1104 2986 1432 3057 ἐπακτρίσιν
1476 2987 1558 3050 είς
1601 2985 1703 3055 τὴν
1763 2984 1929 3055 Ἠρά-

2036 2978 2255 3046 patriam
2314 2991 2616 3048 regressus,
2650 2994 2749 3033 ceu
2775 2980 2842 3033 ad
2877 2982 3105 3034 alterum
3154 2993 3461 3036 revocatam
3519 2999 3620 3036 na-

337 3082 532 3136 κλειαν
562 3080 898 3146 ἐπανάγεται
926 3078 995 3133 ⁸⁸.
1042 3079 1400 3150 Ἀφικόμενος
1436 3078 1494 3133 δέ
1522 3079 1703 3132 πάντα
1728 3076 1930 3148 τρόπον

2040 3070 2197 3123 talem
2232 3069 2380 3123 omni
2411 3069 2591 3123 studio
2624 3084 2881 3138 reparare
2928 3074 3227 3127 contendit.
3263 3072 3457 3128 Verum
3490 3075 3619 3131 dum

340 3172 554 3227 ἐπενόει
587 3169 959 3235 ἀνοικίζεσθαι
988 3171 1034 3203 ⁸⁸
1080 3168 1181 3241 τὴν
1211 3168 1391 3234 πόλιν,
1422 3167 1676 3238 καθάπερ
1708 3168 1788 3230 εἰς
1821 3184 1929 3219 πα-

2038 3161 2217 3213 omnia
2251 3160 2499 3226 molitur,
2538 3175 2627 3216 vu
2659 3170 2717 3215 ut
2744 3161 2885 3218 8000
2910 3163 3093 3220 vernis
3116 3168 3280 3219 etiam
3302 3181 3623 3222 annumera-

339 3264 691 3334 λιγγενεσίαν
732 3229 1198 3333 ἀνακαλούμενός.
1246 3229 1406 3316 Ἀλλά
1446 3229 1930 3329 πάντέπράττων

2039 3256 2129 3315 tis,
2155 3254 2559 3323 colligerentur,
2587 3254 2783 3310 ellecit.
2829 3255 3178 3326 Brithagoras
3222 3268 3423 3322 autem,
3480 3261 3619 3315 civi-

343 3357 501 3426 μόλις
538 3356 621 3419 είς
682 3354 1125 3424 ὀκτακισχιλίους
1147 3394 1164 3418 ,
1200 3354 1322 3424 ἅμα
1355 3356 1471 3418 τοῖς
1502 3356 1795 3416 οἰκετικοῖς
1826 3352 1930 3405 σώ-

2037 3356 2147 3399 tate
2173 3347 2282 3413 jam
2311 3357 2666 3415 augescente,
2691 3348 2945 3417 populum
2978 3349 3030 3402 in
3062 3351 3345 3417 pristinam
3399 3352 3621 3406 liberta-

344 3464 479 3516 μασι
502 3486 517 3511 ,
556 3445 888 3513 συλλεγῆναι
917 3443 1325 3515 κατεπράξατο.
1353 3443 1698 3515 Βριθαγόρας
1724 3444 1803 3508 δέ,
1829 3442 1930 3512 ἤδη

2036 3446 2140 3491 tem
2181 3437 2490 3493 vindicandi
2528 3455 2681 3507 spem
2739 3440 2893 3507 facit,
2952 3443 3221 3512 annisque
3245 3444 3441 3513 elapsis
3473 3446 3621 3500 haud

338 3538 444 3609 τῆς
496 3539 706 3601 πόλεως
756 3528 1102 3607 αὐξομένης,
1167 3536 1391 3598 ἐλπίδας
1448 3538 1744 3606 ἐποιήσατο
1795 3533 1934 3604 πρὸς

340 3628 661 3701 ἐλευθερίαν
690 3630 783 3682 τὸν
823 3629 999 3699 δῆμον
1029 3630 1368 3697 ἀνενεγκεῖν,
1404 3628 1499 3681 καὶ
1536 3624 1932 3693 διαγεγονότων

340 3722 447 3791 μὲν
480 3720 695 3773 πολλῶν
724 3717 883 3785 ἐτῶν,
918 3719 1022 3791 ήδη
1069 3719 1128 3772 δέ
1161 3718 1264 3787 τῆς
1315 3717 1602 3787 Ῥωμαίων
1634 3715 1931 3785 ἡγεμονίας

338 3818 421 3877 είς
443 3814 539 3865 ἐνα
562 3810 995 3882 περιισταμένης
1015 3810 1187 3880 ἄνδρα
1211 3810 1371 3862 Γάϊον
1404 3809 1623 3861 Ἰούλιον
1652 3807 1929 3876 Καίσαρα,

338 3904 482 3974 πρὸς
511 3902 699 3956 τοῦτον
726 3902 1009 3971 ἠπείγετο.
1043 3901 1485 3971 Συνεπρέσϐευον
1513 3900 1571 3952 δὲ
1600 3898 1750 3969 αὐτῷ
1779 3898 1931 3952 ἄλλοι

338 3998 401 4051 τέ
433 4014 581 4059 τινες
606 3996 715 4049 τῶν
764 3994 1049 4064 ἐπιφανῶν
1095 3995 1190 4047 καὶ
1220 3995 1249 4046 ό
1287 3994 1401 4057 υἱὸς
1447 3993 1751 4064 Πρόπυλος.
1786 3992 1932 4045 Γνω-

342 4091 495 4152 σιιεὶς
522 4084 615 4142 οὖν
643 4086 722 4159 τῷ
750 4089 993 4157 Καίσαρι
1025 4086 1392 4157 Βριθαγόρας,
1424 4085 1519 4139 καὶ
1549 4083 1931 4154 διαπραξάμε-

338 4199 434 4241 νος
463 4180 748 4251 ἐγγυτέρω
778 4183 848 4253 τῇ
882 4179 1040 4249 φιλίᾳ.
1078 4177 1420 4247 προσελθεῖν,
1470 4176 1536 4229 δι’
1581 4176 1931 4245 ὑποσχέσεως

338 4275 585 4341 ἐγένετο,
624 4274 686 4327 οὐ
714 4273 822 4345 μὴν
853 4272 913 4338 ἐξ
945 4271 1136 4342 ἐφόδου
1163 4287 1229 4339 γε
1255 4271 1439 4324 λαϐεῖν
1478 4271 1577 4341 τὴν
1614 4269 1931 4339 ἐλευθερίαν

336 4362 621 4431 ⁴ἠδυνήθη,
658 4361 754 4415 an
804 4361 869 4432 δὴ
905 4361 1007 4414 οὐκ
1039 4361 1098 4413 ἐν
1146 4362 1213 4431 τῇ
1266 4359 1456 4431 Ῥώμῃ
1495 4359 1610 4412 ἀλλ’
1646 4358 1734 4427 ἐφ’
1767 4358 1930 4427 ἐτερα

338 4452 442 4507 τοῦ
477 4455 636 4508 Γαΐου
670 4453 1116 4524 περιτρέχοντος.
1149 4453 1265 4505 Οὐκ
1317 4452 1588 4520 ἀφίστατο
1632 4451 1817 4521 μέντοι
1866 4466 1931 4518 γε

2036 3527 2246 3595 paucis,
2277 3529 2644 3587 Runanorum
2677 3532 2903 3601 imperio
2924 3535 3033 3602 jam
3063 3537 3127 3588 ad
3184 3552 3347 3589 unum
3405 3537 3466 3591 C.
3507 3536 3617 3595 Jul.

2039 3618 2308 3674 Cesarem
2339 3620 2615 3687 devoluto,
2650 3625 2716 3677 ad
2739 3639 2864 3677 eum
2920 3627 3221 3680 contendit.
3273 3627 3618 3692 Legationem

2033 3725 2156 3763 cum
2185 3727 2251 3765 eo
2284 3714 2528 3779 obibant,
2561 3731 2686 3769 cum
2718 3716 2809 3769 alii
2841 3732 2907 3770 ex
2936 3718 3236 3785 nobilitate,
3268 3730 3379 3773 tum
3411 3719 3619 3790 Propy-

2034 3801 2135 3856 lus.
2170 3802 2242 3856 lbi
2277 3806 2457 3860 notior
2480 3804 2655 3860 factus
2683 3806 2883 3862 Caasari
2912 3807 3283 3880 Brithagoras,
3320 3824 3373 3867 et
3401 3816 3621 3883 propius

2034 3897 2087 3948 in
2118 3896 2415 3951 amicitiam
2450 3898 2743 3965 admissus,
2787 3902 3206 3970 promissionem
3240 3906 3455 3973 quidem
3484 3907 3623 3961 acci-

2034 3988 2131 4057 pit,
2162 3991 2256 4043 sed
2282 3990 2583 4047 libertatem
2612 3994 2784 4061 prima
2834 3995 3117 4051 occasione
3166 4012 3487 4065 recuperare
3536 4015 3625 4054 ne-

2036 4080 2177 4147 quit,
2212 4085 2356 4148 quod
2397 4098 2502 4135 non
2534 4082 2740 4150 Romae,
2772 4087 2867 4138 sed
2887 4085 3013 4140 alibi
3044 4096 3339 4153 terrarum,
3370 4086 3546 4145 Julius
3570 4091 3623 4144 in

2035 4174 2377 4243 negotiorum
2401 4174 2756 4230 distractione
2806 4177 3148 4233 versabatur.
3194 4178 3312 4233 Non
3344 4188 3523 4234 tamen
3557 4183 3625 4235 ab

2034 4264 2252 4335 incepto
2275 4267 2484 4321 destitit
2512 4266 2890 4336 Brithagoras,
2936 4270 3029 4325 sed
3058 4285 3155 4339 per
3180 4279 3350 4327 Ictum
3387 4272 3499 4326 fere
3543 4287 3627 4325 or.

2033 4359 2156 4413 bem
2195 4374 2319 4413 cum
2372 4359 2590 4415 Caesare
2636 4362 3067 4427 circumductus,
3104 4364 3218 4433 ipse
3261 4375 3317 4419 et
3360 4364 3628 4433 PrOpylus

2035 4451 2088 4503 in
2122 4450 2292 4505 oculis
2330 4450 2447 4519 ejus
2474 4463 2593 4507 erat
2618 4472 2632 4508 :
2674 4463 2732 4508 ut
2754 4470 2858 4509 non
2880 4456 3110 4509 obscure
3141 4456 3436 4524 imperator
3456 4457 3625 4525 signi-

345 4544 712 4616 Βριθαγόρας,
737 4545 875 4600 ἀλλὰ
903 4546 1033 4613 περὶ
1064 4545 1246 4597 πᾶσαν
1283 4544 1382 4615 τὴν
1411 4544 1738 4615 οἰκουμένην
1767 4544 1930 4607 αὑτός

2041 4540 2250 4611 llcaret,
2290 4544 2610 4611 petitionem
2647 4544 2988 4601 hominis'se
3027 4549 3347 4616 approbare.
3415 4546 3627 4601 Duode-

341 4654 409 4689 τε
439 4640 531 4690 και
557 4637 841 4708 Πρόπυλος
866 4635 1379 4706 συμπεριαγόμενος
1397 4635 1476 4705 τῷ
1506 4636 1749 4705 Καίσαρι
1777 4636 1931 4689 ἐϐλέ-

341 4746 482 4785 πετο
510 4732 639 4801 παρ’
680 4730 878 4795 αὐτοῦ,
909 4730 986 4794 ὡς
1020 4729 1516 4801 ἐπισημειούμενον
1545 4729 1638 4781 τὸν
1666 4730 1933 4799 αὐτοκρά-

340 4839 481 4892 τορα
513 4823 613 4893 τῆς
654 4823 1010 4895 λιπαρήσεως
1055 4824 1221 4877 αὐτὸν
1268 4821 1652 4892 ἀποδέχεσθαι.
1688 4823 1937 4876 Δωδεκα-

2038 4637 2145 4690 cim
2210 4638 2433 4693 tandem
2488 4653 2662 4693 annos
2720 4640 2772 4693 in
2826 4638 3196 4693 familiaritate
3251 4640 3626 4695 Romanorum

2040 4739 2321 4795 emensus,
2369 4745 2493 4787 cum
2523 4729 2638 4799 jam
2686 4731 2868 4786 redire
2908 4730 3091 4787 Caesar
3144 4732 3464 4787 instituisset
3513 4732 3630 4787 Ro-

2043 4836 2214 4887 mam,
2248 4832 2472 4878 senecta
2507 4834 2563 4879 et
2624 4822 2871 4878 laborum
2945 4825 3267 4879 assiduitate
3328 4825 3628 4882 exhaustus

338 4915 498 4978 ετίας
530 4917 587 4969 δέ
621 4916 721 4989 τὴν
754 4916 1060 4989 παρεδρίαν
1082 4916 1511 4986 διαμετρούσης,
1542 4917 1639 4970 καὶ
1666 4917 1796 4986 περὶ
1836 4916 1930 4987 τῆς

2047 4913 2421 4985 Brithagoras,
2462 4918 2646 4972 vivere
2686 4918 2905 4982 desinit,
2937 4926 2993 4971 et
3030 4920 3287 4988 grandem
3334 4921 3520 4989 patriae
3551 4919 3629 4973 lu-

337 5010 429 5068 είς
486 5006 706 5080 Ῥώμην
746 5009 1006 5063 ἐπανόδου
1052 5007 1148 5061 τοῦ
1191 5007 1469 5078 Καίσαρος
1516 5007 1936 5079 διανοουμένου,

339 5096 454 5149 ὑπό
491 5115 549 5150 τε
597 5097 691 5152 τοῦ
722 5101 926 5169 γήρους
978 5098 1073 5151 καὶ
1118 5097 1226 5151 τῶν
1261 5096 1505 5167 συνεχῶν
1552 5099 1735 5152 πόνων
1770 5116 1937 5152 κατα-

2047 5019 2192 5064 ctmn
2223 5026 2251 5062 a
2282 5025 2342 5064 se
2376 5010 2657 5080 relinquit.
2697 5011 2877 5079 Atque
2913 5010 2985 5064 ita
3022 5026 3110 5064 xvn
3149 5012 3311 5064 etiam
3362 5011 3495 5064 liber
3520 5012 3624 5065 Hi-

2046 5102 2336 5156 storiarum
2365 5102 2669 5157 Memnonis
2697 5102 3042 5157 abbreviatus
3078 5102 3239 5155 linem
3264 5102 3447 5155 habet.

335 5188 647 5259 τρυχωθεὶς
678 5189 1020 5262 Βριθαγόρας
1044 5189 1290 5261 τελευτᾷ,
1328 5190 1471 5259 μέγα
1498 5189 1694 5255 πένθος
1718 5194 1783 5263 τῇ
1818 5194 2033 5264 πατρίδι
2086 5195 2425 5251 καταλιπών.
2468 5197 2562 5258 Εἰς
2586 5193 2827 5249 τοιοῦτον
2854 5195 2900 5225 ⁸⁸
2949 5194 3049 5264 μὲν
3111 5193 3264 5257 τέλος
3318 5192 3413 5246 καὶ
3464 5194 3493 5245 ό
3552 5198 3628 5258 ις’

336 5285 502 5353 λόγος
532 5287 633 5356 τῆς
662 5288 943 5358 Μέμνονος
973 5287 1211 5357 ἱστορίας
1243 5287 1493 5359 τελευτᾷ.

425 5381 583 5434 Ἐστι
612 5380 669 5433 δέ
696 5384 731 5451 ἡ
764 5380 1058 5452 συγγραφὴ
1082 5381 1343 5452 νουνεχὴς
1377 5383 1476 5452 μὲν
1507 5383 1602 5437 καὶ
1635 5384 1727 5437 τὸν
1753 5387 1931 5456 ἰσχνὸν

2113 5382 2309 5455 ama
2337 5382 2579 5437 Prudens
2600 5391 2686 5435 est
2733 5382 2951 5449 quidem
2982 5379 3098 5434 haec
3148 5377 3403 5442 Historia,
3430 5386 3488 5432 et
3513 5379 3634 5430 exi-

340 5470 770 5541 ιιεταδιώκουσα
800 5476 1129 5545 χαρακτῆρα
1148 5513 1162 5537 ,
1212 5474 1272 5526 οὺ
1311 5473 1418 5546 μὴν
1448 5474 1567 5528 οὐδὲ
1592 5476 1687 5529 τοῦ
1734 5478 1930 5547 σαφοῦς

2053 5477 2158 5533 lem
2226 5488 2528 5543 assequens
2588 5474 2985 5527 characterem.
3044 5468 3457 5538 Perspicuitatts
3518 5481 3632 5522 non

1644 5592 1881 5649 VABUE
1913 5589 2324 5649 LECTIONES.

420 5686 470 5758 ’ξ
490 5702 549 5739 τε
587 5684 809 5758 ειμι-ΑΛ,
879 5684 924 5758 ⁸-⁸
954 5683 1190 5755 πατρῴῳ
1229 5685 1495 5758 διειλέχθη
1526 5706 1585 5753 ς.
1663 5689 1708 5720 ³³
1735 5686 2155 5757 ἐπεστρέψαμεν
2184 5701 2246 5749 ς.

704 5755 750 5785 ⁸⁵
772 5754 983 5807 τοιοῦτο
1014 5754 1072 5819 ςζ

630 5852 906 5914 Parnm"
938 5854 1057 5915 (in.
1092 5854 1253 5919 Clll.

340 5756 540 5824 (saliat
567 5773 628 5821 ς.

2387 5680 2433 5713 ’⁸
2460 5678 2796 5774 ἐπανάγεται
2851 5681 2893 5735 Δ
2929 5697 2943 5733 :
2975 5680 3164 5749 ἄγεται
3190 5697 3252 5744 ς.
3356 5680 3402 5711 ’⁸
3431 5680 3632 5734 ἐνοικί-

3157 5841 3234 5905 30
