4004 6436
478 319 586 383 939
1629 318 1891 380 PHOTII
1937 319 2059 378 PA']

2107 320 2442 382 maenaa
2470 323 2576 382 cr.
3600 336 3688 405 940

478 434 803 499 incuriosus,
837 431 1262 504 digressionibus
1311 441 1487 488 tamen
1534 433 1718 500 utitur,
1752 433 2052 501 praesertim

2111 434 2429 507 ιάμελοῦσα
2448 475 2463 500 ,
2494 434 2865 505 εὐλαϐουμένη
2898 434 2956 488 δὲ
2985 436 3080 490 καὶ
3104 438 3199 501 τὰς
3235 439 3474 505 ἐκϐολὰς,
3506 444 3630 515 πλὴν
3650 451 3692 501 ei

477 526 804 581 necessitate
828 525 1073 591 adactus,
1097 533 1153 580 et
1200 526 1439 579 externis
1494 524 1755 579 addendis
1785 525 1891 578 huc
1923 525 2052 578 hor-

2159 529 2234 597 μή
2285 527 2387 580 πού
2432 545 2519 589 τις
2565 527 2782 597 ἀνάγκη
2833 528 3183 597 συνυφαίνειν
3231 528 3352 601 [757
3395 531 3483 603 IL]
3512 538 3595 588 καὶ
3634 541 3693 593 τὰ

479 618 742 672 tantibus.
774 617 960 687 Neque
989 618 1040 671 id
1072 618 1269 673 accidit
1300 618 1634 687 frequenter,
1667 618 1760 672 sed
1813 616 1903 670 ubi
1956 616 2053 671 sti-

2157 616 2357 682 ἔξωθεν
2386 617 2736 685 ἑγκελεύεται
2767 619 2866 689 τῆς
2899 618 3235 689 προθέσεως.
3270 621 3403 675 Οὐδὲ
3432 625 3562 695 πρὸς
3584 630 3697 680 ταῦ-

478 706 672 760 mulari
704 721 764 762 se
797 707 981 760 sentit.
1013 706 1177 760 Redit
1205 722 1332 761 vero
1354 708 1419 761 ad
1447 708 1804 776 propositum.
1839 705 2051 770 Verbis,

2154 726 2257 777 την
2283 709 2342 762 δὲ
2368 710 2464 762 ἐπὶ
2495 710 2556 762 τὸ
2586 710 2782 781 συχνὸν
2813 710 3118 775 ἀποκλίνει,
3150 711 3284 765 ἀλλὰ
3310 713 3369 766 τὸ
3403 720 3699 786 κατεπεῖγον

476 798 579 853 nisi
617 813 739 853 raro
774 798 1093 862 immutatis,
1125 799 1340 853 usitatis
1387 801 1575 853 utitur.
1635 798 1710 852 De
1744 809 1868 853 octo
1898 798 2050 853 libris

2156 800 2556 871 ἐπιμνησθεῖσα
2595 801 2783 871 ἔχεται
2812 802 2977 856 πάλιν
3011 802 3420 873 εὐεπιστρόφως
3446 805 3541 876 τῆς
3579 822 3701 880 προ.

474 898 671 958 praeter
698 889 953 954 sedecim,
989 892 1131 959 quod
1149 904 1242 945 eos
1272 892 1506 945 nondum
1523 889 1705 945 videre
1737 889 2045 959 contigerit,

2153 891 2404 962 τεθείσης
2439 893 2575 962 αὐτῇ
2602 894 2722 946 κατ’
2748 893 2923 964 ἀρχὰς
2951 891 3199 964 γνώμης.
3235 896 3342 948 Καὶ
3368 894 3538 962 λέξεσι
3561 898 3633 961 δὲ,
3660 902 3703 955 εί

474 996 582 1035 non
610 980 782 1036 habeo
812 979 1013 1036 dicere.

2162 986 2237 1054 μή
2298 1002 2401 1037 που
2455 986 2701 1049 σπανίως
2751 986 3243 1053 ὲξαλλαττούσαις,
3301 989 3419 1053 ταῖς
3474 991 3704 1060 συνήθεσι

471 1078 677 1148 χιρᾶται
702 1076 773 1129 ³⁷.
815 1075 926 1139 Τὰς
957 1075 1016 1129 δὲ
1053 1075 1278 1147 πρώτας
1306 1076 1356 1148 η’
1392 1078 1631 1148 ἱστορίας
1666 1077 1761 1131 καὶ
1788 1077 1887 1141 τὰς
1921 1077 2058 1147 μετὰ
2084 1076 2182 1147 τὴν
2239 1086 2318 1144 ις’
2373 1080 2527 1134 οὗπω
2578 1083 2755 1135 εἰπεῖν
2822 1082 2904 1145 είς
2985 1083 3117 1135 θέαν
3164 1082 3355 1159 ⁴ἡμῶν
3425 1085 3706 1156 ἀφιγμένος

473 1172 693 1241 ἔχομεν.

1310 1266 1388 1320 De
1416 1264 1668 1321 Clearcho
1695 1268 1920 1337 tyranno
1961 1264 2230 1318 Heraclew
2261 1262 2517 1318 Pontiae.
2553 1261 2636 1318 Ea:
2667 1262 2859 1318 Suida.

547 1357 841 1432 Clearchus
888 1358 1144 1432 Ponticus
1191 1359 1431 1432 Athenas
1479 1356 1918 1432 venitaudiendi
1962 1354 2203 1432 Platonis
2236 1364 2298 1432 et
2351 1353 3402 1432 doctrinae__philosnphica:_cup_i_ditate.
3457 1356 3556 1432 Sed
3602 1361 3707 1432 ejus

482 1429 1016 1504 consuetutlineunon
1060 1431 1163 1504 diu
1219 1445 1356 1504 usus
1393 1428 1535 1500 (erat
1569 1428 1714 1482 enim
1737 1426 1740 1430 ’
1762 1429 1866 1504 diis
1911 1422 2197 1504 inimicus)_
2224 1424 2291 1504 riu
2322 1424 2527 1504 somnis
2550 1424 2685 1477 vidit
2722 1422 3013 1504 mulierem
3036 1425 3139 1481 sibi
3161 1422 3438 1504 dicentem
3468 1446 3482 1482 :
3515 1422 3706 1504 Excede

481 1498 791 1573 academia,
807 1507 860 1552 et
879 1497 1021 1573 |luge
1056 1492 1449 1573 philosophiam
1480 1515 1495 1550 :
1526 1514 1698 1567 neque
1729 1499 1873 1551 enim
1907 1511 1970 1550 ea
2009 1494 2113 1573 l'rui
2268 1492 2351 1546 las
2372 1502 2474 1573 est,
2500 1507 2620 1573 quae
2644 1506 2697 1549 te
2753 1494 3111 1550 infestissimo
3137 1498 3290 1551 vultu
3319 1499 3567 1573 intuetur.
3595 1501 3710 1566 Qui-

481 1567 582 1621 bus
626 1567 845 1634 auditis,
880 1563 1128 1624 'redit'in
1160 1563 1556 1637 expeditionem
1591 1563 1689 1622 {et
1714 1579 2005 1635 oppressus
2039 1563 2260 1637 invidia,
2287 1563 2459 1637 patria
2509 1563 2719 1637 relicta,
2767 1580 3175 1637 conscensaque
3216 1581 3373 1631 nave,
3414 1569 3534 1621 dum
3577 1563 3709 1627 exsul

484 1638 723 1707 oberrat,
764 1632 1015 1705 pervenit
1064 1640 1130 1693 ad
1181 1632 1573 1702 Mithridatem,
1599 1632 1904 1704 castrisque
1934 1635 2074 1705 apud
2110 1649 2229 1686 eum
2260 1634 2471 1707 positis,
2520 1632 2946 1707 laudatur.iNon
2998 1632 3341 1707 mu‘ltorpost
3387 1639 3562 1707 gravis
3589 1642 3711 1696 inter

486 1703 836 1780 [ieracleot'as
871 1710 1095 1780 exsistit
1138 1710 1351 1780 seditio.
1386 1708 1590 1780 Deinde
1631 1708 1684 1780 iu
1718 1703 1947 1780 gratiam
1973 1703 2053 1757 'et
2090 1703 2451 1780 concordiam
2482 1703 2679 1780 redire
2701 1706 3025 1780 cupientes,_
3047 1703 3445 1774 paciﬁcatorem
3494 1710 3712 1780 deligunt

479 1775 819 1848 Clearchum.
869 1778 918 1832 ls
951 1780 1002 1832 in
1042 1780 1239 1841 reditu,
1275 1779 1327 1831 itt
1384 1778 1684 1832 diversorio
1706 1771 1947 1848 quodam
1967 1788 2160 1848 rursus
2192 1774 2245 1825 in
2283 1771 2798 1848 sotnnisEvopium',
2836 1771 3278 1830 Heracleotarum
3317 1771 3709 1848 tyranuum'sibi

479 1845 746 1918 dicentem
776 1850 924 1901 audit
952 1867 965 1903 :
999 1848 1225 1917 Oportet
1247 1860 1299 1902 te
1331 1858 1618 1918 tyrannum
1658 1842 1776 1900 esée
1814 1847 2022 1914 patriae.
2058 1845 2257 1918 sedet
2284 1844 2370 1896 hic
2402 1842 2797 1918 philosophiam
2825 1860 3172 1918 euincavere
3200 1842 3446 1913 jubebat,
3481 1863 3710 1905 renovata

478 1917 677 1969 somnii
722 1912 1072 1973 Atheniensis
1124 1912 1406 1972 memoria.
1458 1916 1661 1970 Rerum
1718 1912 1941 1986 pomus,
1974 1912 2541 1986 crudelissimusnluit,
2578 1924 2633 1967 et
2658 1915 3006 1984 insuperabili
3041 1912 3295 1985 superbia
3329 1920 3592 1981 incensus,
3623 1922 3710 1973 hu-

478 2001 635 2056 mana
671 1987 982 2041 conditione
1023 1994 1356 2056 contempta,
1402 1988 1619 2041 adorari
1669 1984 1750 2050 se,
1779 1994 1835 2040 et
1878 1984 2090 2056 divinos
2135 1984 2320 2039 haberi
2337 1984 2470 2056 _sibi
2514 1985 2755 2056 honores
2784 1984 3194 2056 postulavit,’et
3227 1997 3408 2042 vestes
3440 1988 3540 2043 diis
3570 1990 3710 2042 lami-

484 2054 654 2110 liares
708 2058 904 2120 induit,
937 2052 1474 2125 eonutnque'statuis
1514 2057 1793 2127 decoras;
1829 2065 1890 2127 et
1925 2054 2093 2107 liliqu
2138 2068 2297 2127 suum
2326 2052 2635 2127 (ierauuuu,
2675 2052 2837 2127 idest
2867 2054 3095 2127 fulmen,
3119 2058 3427 2127 appellavit.
3466 2057 3712 2113 luteriecit

479 2136 659 2199 autem
690 2142 824 2199 eum
865 2127 1120 2199 primum
1132 2122 1423 2199 vindicta:
1458 2127 1653 2199 deinde
1696 2124 1925 2199 Chionis
1972 2139 2185 2199 manus,
2222 2123 2505 2199 lannliaris
2547 2122 2817 2199 Platonis,
2844 2136 2919 2199 ret
2959 2125 3077 2199 ejus
3108 2122 3422 2199 aditempus
3448 2130 3710 2199 auditoris,

476 2196 580 2266 qui
615 2197 739 2250 odio
771 2192 983 2266 tyranni
1015 2198 1067 2250 in
1111 2197 1256 2252 illius
1284 2198 1491 2251 aedibus
1518 2197 1715 2251 hausto
1748 2197 1981 2264 patriam
2014 2194 2286 2266 liberavit.
2312 2192 2443 2246 Tam
2473 2195 2722 2263 praeclari
2751 2195 3014 2250 facinoris
3056 2197 3191 2251 socii
3227 2192 3449 2254 luerunt
3473 2192 3711 2255 Leonides

476 2275 531 2319 et
556 2265 869 2334 Antitheus,
906 2268 1008 2337 ipsi
1036 2282 1254 2338 quoque
1288 2267 1618 2337 philosophi.
1654 2266 1840 2323 iustas
1870 2274 2050 2318 autem
2085 2265 2356 2319 scelerum
2388 2278 2580 2332 ptenas
2613 2279 2737 2319 eum
2768 2266 3005 2331 dedisse,
3034 2266 3242 2321 dictum
3276 2276 3383 2323 est.

1361 2358 1446 2412 Ea:
1478 2358 1711 2412 Diodoro
1736 2355 1939 2420 Siculo,
1973 2355 2067 2409 lib.
2097 2370 2188 2422 xv,
2226 2354 2302 2408 De
2332 2356 2513 2408 eodem
2540 2356 2818 2414 Clearcho.

554 2448 757 2502 Eadem
794 2463 923 2503 vero
962 2458 1279 2519 tempestate
1308 2449 1630 2517 Clearchus,
1660 2466 1725 2504 ex
1766 2448 2029 2503 Heraclea
2064 2446 2289 2502 Pontica
2318 2448 2603 2519 oriundus,
2641 2448 2988 2519 tyrannidem
3022 2450 3329 2513 aliectavit,
3371 2465 3435 2505 ac
3461 2451 3564 2505 voti
3585 2464 3711 2505 com-

481 2533 581 2589 pos
623 2522 796 2574 lactus
819 2559 833 2585 ,
864 2518 1148 2575 aetiiulattts
1184 2532 1267 2574 est
1303 2521 1545 2591 Dionysii
1588 2524 1809 2590 tyranni
1858 2518 2132 2585 instituta,
2174 2529 2230 2572 et
2262 2518 2544 2587 splendide
2592 2518 2937 2589 tyrannidem
2979 2522 3033 2573 in
3068 2519 3419 2576 Heracleotas
3452 2535 3709 2585 exercens,

481 2604 767 2658 imperium
806 2592 976 2645 tenuit
1008 2605 1103 2660 per
1136 2605 1311 2646 annos
1341 2594 1650 2646 duodecim.

1718 2683 1804 2739 Ex
1829 2688 2009 2741 eodem
2030 2684 2264 2739 Diodoro
2290 2650 2383 2739 lib.
2416 2699 2527 2738 xvt.

544 2774 840 2851 Qiearchus
899 2774 1174 2831 Heracleae
1208 2786 1492 2851 tyrannus,
1549 2793 1671 2851 cum
1698 2779 1953 2851 Dionysia
1987 2779 2063 2849 (id
2098 2789 2181 2833 est
2213 2778 2593 2847 Bacchanalia;
2619 2784 2828 2841 essent,
2861 2776 2987 2831 dum
3017 2781 3085 2833 ad
3117 2778 3432 2849 spectacula
3450 2778 3609 2845 vadit,
3632 2778 3712 2833 in-

479 2846 738 2900 terfectus
761 2854 869 2912 est,
902 2860 1001 2917 per
1034 2862 1205 2901 annos
1238 2848 1522 2901 duodecim
1561 2850 1789 2919 imperio
1815 2846 2042 2920 potitus.

1136 2939 1223 2993 Ex
1247 2937 1575 3009 Theopompo
1604 2940 1753 3006 Chio,
1777 2941 1842 2996 de
1877 2942 2057 2995 eodem
2083 2939 2356 3005 Clearcho,
2382 2939 2521 3006 apud
2547 2939 2853 2994 Athenaeum
2879 2938 2969 2993 lib.
2995 2954 3076 2994 lli.

548 3029 748 3085 Multos
778 3041 957 3086 morte
986 3030 1220 3103 violenta
1246 3046 1276 3085 e
1309 3032 1487 3086 medio
1557 3032 1798 3097 tollebat,
1829 3047 1894 3087 ac
1972 3032 2673 3103 quamplurimis__cit:utam
2736 3030 3031 3103 bibendam
3052 3032 3387 3101 porrigebat.
3437 3032 3566 3089 Cum
3605 3047 3714 3089 vero

475 3102 809 3158 innotuisset
852 3102 1101 3157 omnibus
1134 3102 1247 3173 hic_
1271 3103 1484 3172 tyranni
1535 3118 1675 3168 mos,
1710 3100 2029 3173 propinandi
2066 3100 2331 3157 venenum
2381 3100 2533 3165 illud,
2567 3111 2824 3169 tanquam
2880 3100 3130 3170 poculum
3166 3104 3315 3173 quod
3352 3104 3596 3159 amicitiae
3618 3115 3712 3157 tes-

474 3180 653 3228 tandm
681 3187 812 3243 ergo
857 3173 1132 3241 propitiari
1172 3171 1331 3236 solet,
1367 3186 1433 3243 ex
1457 3173 1665 3229 aedibus
1699 3171 2259 3242 tiou‘egrediebautur
2319 3172 2631 3241 priusquam
2668 3178 2845 3225 rutam
2877 3172 3138 3226 edisserit.
3167 3172 3287 3228 Hoc
3316 3176 3461 3229 enim
3493 3176 3579 3243 qui
3603 3176 3710 3229 ede—

484 3244 617 3310 rint,
654 3242 761 3297 illis
790 3244 992 3298 aconiti
1026 3250 1212 3311 potum
1245 3242 1382 3296 nihil
1417 3258 1618 3299 nocere
1638 3244 1733 3298 ait.

950 3334 1029 3389 De
1056 3334 1325 3389 Timotheo
1354 3342 1581 3405 tyranno
1615 3334 1889 3391 Heracleae
1919 3334 2178 3401 Ponticaz,
2206 3334 2449 3390 Clearchi
2477 3335 2614 3404 ﬁlio,
2648 3333 2737 3388 Ea:
2767 3333 3003 3389 Diodoro
3028 3334 3124 3391 lib.
3153 3350 3272 3389 xvr.

543 3429 775 3499 Imperio
800 3428 1051 3486 Clearchi
1083 3443 1207 3485 cum
1238 3430 1597 3486 successisset
1620 3429 1764 3487 ﬁlius
1791 3430 2129 3495 Timotheus,
2158 3444 2223 3485 eo
2250 3432 2453 3499 potitus
2477 3438 2562 3483 est
2583 3444 2678 3499 per
2706 3443 2879 3484 annos
2911 3442 2999 3482 xv.

1605 3526 1691 3582 Ea:
1718 3528 1901 3583 eodem
1938 3528 2198 3592 Diodoro,
2228 3528 2408 3581 eodem
2451 3525 2606 3580 libro.

547 3614 695 3687 Dum
719 3617 834 3670 htec
862 3623 1143 3687 geruntur,
1179 3614 1497 3671 TimOtbeus
1551 3613 1827 3670 Heracleae
1864 3616 2104 3671 Ponticae
2136 3627 2400 3687 tyrannus
2427 3615 2564 3681 obit,
2605 3629 2729 3670 cum
2761 3629 2860 3685 per
2888 3615 3199 3685 quindecim
3238 3631 3411 3674 annos
3437 3618 3710 3675 dominatus

474 3697 642 3741 esset.
680 3686 742 3741 Ei
776 3684 1037 3742 successit
1065 3684 1236 3741 frater
1266 3687 1574 3757 Dionysius,
1607 3688 1697 3755 qui
1728 3702 1826 3753 per
1862 3687 1999 3742 duos
2028 3696 2083 3742 et
2111 3684 2329 3755 triginta
2356 3701 2527 3741 anuos
2549 3684 2839 3756 imperium
2867 3684 3124 3741 obtinuit.

1456 3777 1543 3833 Ea:
1578 3779 1828 3835 Athenaeo
1860 3780 1992 3833 libro
2022 3794 2122 3844 xu,
2148 3780 2211 3833 de
2242 3778 2495 3834 Clearcho
2520 3780 2770 3833 secundo.

554 3870 819 3944 nymphis
848 3870 1199 3944 Heracleotes
1230 3870 1369 3944 libro
1416 3872 1654 3944 secundo
1689 3872 1755 3926 de
1800 3870 2307 3944 Heracleascribit,
2344 3870 2908 3944 Clearchum,patriae
2933 3884 3045 3925 suae
3082 3881 3398 3942 tyrannum,
3426 3874 3543 3944 ejus
3566 3875 3711 3931 lilium

475 3943 568 4013 qui
606 3941 949 4012 tyrannidem
1013 3943 1224 4011 primus
1251 3942 1572 4013 invaserat,
1608 3941 1738 4013 luxu
1789 3953 1843 3996 et
1882 3942 2199 4012 quotidiana
2228 3941 2527 4013 voracitate
2562 3943 2765 3994 sensim
2810 3943 2863 3994 in
2897 3950 3099 3995 tantam
3142 3944 3338 3997 molem
3369 3941 3545 3999 ear—uis
3577 3957 3708 4000 extu-

476 4010 703 4084 muisse,
727 4020 785 4064 ut
825 4010 1048 4084 propter
1090 4011 1423 4079 crassitiem,
1452 4021 1507 4065 et
1531 4010 2195 4084 _obesitatem,'anhelitus
2224 4010 2851 4084 diliicultatecorreptus
2885 4013 2955 4065 sit
2994 4022 3049 4064 et
3094 4014 3468 4081 strangulatu,
3508 4018 3709 4084 ideoque

474 4083 717 4155 medicos
742 4082 1086 4155 praecepisse,
1112 4091 1170 4136 ut
1201 4084 1455 4155 tenuibus
1478 4082 1545 4135 ad
1574 4082 1628 4135 id
1649 4086 1864 4155 paratis
1886 4084 2111 4155 acubus,
2138 4091 2192 4136 et
2216 4082 2528 4155 praelongis,
2559 4081 2729 4155 latera
2759 4092 2819 4134 et
2843 4092 3089 4155 ventrem
3128 4086 3495 4150 conligereut,
3523 4081 3711 4155 quoties

474 4152 532 4224 in
586 4148 990 4224 proluiidiorem
1024 4165 1272 4206 somnum
1314 4151 1825 4224 laberetur.,Carne
1854 4154 1906 4206 in
1967 4153 2166 4207 callum
2196 4148 2525 4224 spissata’ob
2556 4152 2781 4205 nimiam
2826 4152 3227 4224 pinguedinem,
3256 4148 3566 4224 aliquandiu
3599 4156 3711 4209 nihil

478 4220 570 4274 ille
602 4220 927 4295 seutiebat_;_
955 4236 1078 4295 cum
1109 4236 1236 4276 vero
1261 4222 1329 4295 ad
1361 4238 1545 4295 puram
1576 4223 1765 4277 adacta
1792 4238 2012 4277 carnem
2045 4237 2176 4276 acus
2207 4220 2562 4295 perforasset,
2587 4233 2698 4282 tum
2724 4223 3222 4295 expergiscebatur.
3257 4223 3330 4278 lis
3350 4220 3445 4294 qui
3476 4240 3711 4295 responsa

474 4291 757 4359 petebant,
799 4290 1084 4366 reddebat,
1112 4294 1327 4366 corpori
1356 4290 1572 4364 objecta
1599 4306 1750 4359 arca,
1779 4308 1900 4362 quas
1924 4303 2111 4363 partes
2148 4290 2387 4361 reliquas
2419 4292 2722 4361 obtegeret,
2754 4305 2814 4346 ut
2851 4292 2993 4346 facie
3018 4299 3226 4345 tantum
3252 4290 3443 4364 aperta
3465 4290 3710 4366 colloque—

475 4370 632 4432 retur
658 4374 780 4414 cum
810 4361 876 4414 iis
903 4361 996 4430 qui
1024 4361 1441 4432 compellabant.

544 4430 839 4506 Aliquanto
889 4438 1012 4501 post
1040 4449 1054 4486 :
1086 4430 1260 4487 annos
1286 4434 1681 4503 quinquaginta
1703 4434 1965 4506 quinque
2001 4442 2158 4486 natus
2189 4433 2332 4487 diem
2367 4431 2538 4506 obiit,
2556 4433 2845 4503 tyrannide
2878 4447 2975 4502 per
3004 4447 3177 4487 annos
3209 4436 3434 4506 triginta
3470 4447 3575 4493 tres
3602 4450 3711 4492 con-

474 4499 705 4569 tinuata,
734 4499 1060 4571 prioresque
1091 4517 1150 4556 se
1185 4499 1455 4572 tyrannos
1486 4499 1801 4559 antecelluit
1829 4499 2084 4557 cumitate
2110 4512 2164 4557 et
2201 4499 2633 4557 mansuetudine.

1006 4593 1086 4648 De
1114 4593 1316 4648 Zathra
1340 4606 1387 4649 et
1424 4593 1681 4651 Clearcho
1713 4596 1994 4666 fratribus,
2037 4597 2276 4667 tyrannis
2310 4594 2600 4659 Heracleaz,
2628 4609 2692 4648 ex
2719 4592 2954 4653 Diodoro
2988 4596 3081 4649 lib.
3116 4612 3207 4649 xx.

547 4687 682 4742 Dum
719 4685 834 4741 haec
865 4696 1150 4761 geruntur,
1179 4685 1468 4761 Dionysius
1491 4687 1765 4761 lieracleze
1789 4687 2024 4761 Pontica:
2060 4699 2320 4761 tyrannus
2354 4686 2509 4761 obiit,
2547 4701 2669 4740 cum
2731 4689 2950 4758 triginta
3005 4693 3140 4744 duos
3183 4706 3359 4745 annos
3399 4694 3706 4761 imperasset.

474 4756 881 4813 Suecesserunt
896 4765 1075 4811 autem
1103 4760 1221 4826 ejus
1253 4756 1479 4826 imperio
1511 4757 1745 4815 Zathras
1779 4768 1832 4812 et
1863 4756 2184 4822 Clearchus,
2216 4758 2348 4823 ﬁlii;
2382 4758 2544 4825 idque
2570 4771 2669 4826 per
2698 4756 3085 4827 septemdecim
3123 4777 3296 4815 annos
3325 4756 3620 4818 tenuerunt.

1137 4872 1396 4928 CCXXV.
2089 4860 2131 4913 Β

2089 4860 2131 4913 Β
2858 4876 3028 4930 ΣΚΕι.

471 4961 686 5033 Eulogii
733 4964 897 5033 episc.
926 4966 1283 5020 Alexandrini
1326 4968 1458 5020 liber
1495 4978 1682 5021 contra
1727 4965 1979 5022 Severum
2008 4977 2052 5019 et

2166 4962 2465 5031 Εὐλοτίου
2496 4963 2666 5017 mina
2712 4965 3161 5035 Ἀλεξανδρείας
3180 4965 3425 5032 ,ϐιϐλίον
3460 4969 3603 5022 κατὰ
3636 4971 3707 5022 Tt-

952 5039 1276 5091 Timotheum
1300 5038 1597 5091 haereticos.

2615 5037 2837 5103 μοθέου
2868 5038 2964 5091 καὶ
2994 5042 3279 5106 Σευήρου.

545 5126 676 5198 Legi
704 5126 848 5183 beati
874 5126 1084 5199 Eulogii
1111 5130 1352 5199 episcopi
1380 5130 1717 5184 Alexandrni
1742 5143 1879 5198 opus
1902 5127 2055 5207 libris

2236 5122 2364 5194 [760
2413 5123 2505 5195 Β]
2582 5126 2924 5200 Ἀνεγνώσθη
2974 5131 3069 5185 τοῦ
3122 5135 3181 5186 ὲν
3250 5138 3424 5206 ἁγίοις
3479 5132 3707 5201 Εὑλογίου

470 5219 1185 5291 duobusjcompreheusum,
1198 5230 1387 5290 estque
1404 5221 1648 5279 defensio
1666 5223 1839 5278 sancti
1858 5221 2051 5276 Leonis

2164 5217 2325 5269 πάπα
2353 5217 2761 5290 Ἀλεξανδρείας
2781 5220 2985 5290 βιϐλίον
3000 5226 3058 5277 ὲν
3079 5226 3258 5294 λόγοις
3274 5229 3340 5299 β’,
3366 5230 3438 5281 Τὸ
3457 5229 3512 5282 δὲ
3531 5223 3707 5296 βιϐλίον

470 5312 746 5378 pontiﬁcis
793 5312 1049 5370 Romani.
1118 5314 1411 5369 Accusatio
1481 5330 1611 5370 vero
1679 5312 1954 5369 Timothei
2002 5321 2051 5366 et

2165 5309 2463 5379 συνηγορία
2497 5311 2595 5379 μέν
2620 5311 2737 5364 ἐστι
2769 5312 2877 5366 τῶν
2899 5315 2957 5365 ὲν
2984 5315 3061 5386 τῷ
3105 5318 3257 5389 τὸμῳ
3302 5321 3525 5382 Λέοντος
3547 5316 3630 5370 τοῦ
3658 5314 3706 5365 ὲν

470 5398 684 5467 Severi,
715 5403 808 5472 qui
860 5401 1088 5457 Tomum
1120 5404 1607 5475 reprehendebant.
1641 5404 1852 5459 Etenim
1885 5405 2051 5457 haere-

2166 5400 2341 5469 ἁγίοις
2374 5402 2473 5472 τῆς
2518 5401 2737 5475 Ῥώμης
2781 5407 3084 5478 ἀρχιερέως
3108 5452 3124 5477 ,
3148 5413 3367 5482 ἔλεγχος
3387 5412 3443 5465 δὲ
3472 5406 3704 5478 Τιμοθέου

472 5491 549 5547 sis
586 5501 877 5561 utrumque
921 5495 1154 5563 superbe
1196 5496 1461 5567 synodum
1495 5509 1560 5549 ac
1609 5492 1840 5550 Tomum
1884 5507 2053 5562 oppu-

2164 5494 2258 5544 καὶ
2285 5493 2529 5564 Σεὸήρου
2565 5496 2672 5549 τῶν
2698 5501 3070 5555 κατειπόντων
3099 5502 3193 5556 τοῦ
3217 5503 3405 5573 τόμου’
3434 5502 3524 5554 καὶ
3554 5498 3648 5566 γὰρ
3674 5496 3700 5563 ’i

471 5596 640 5652 guare
676 5585 935 5654 compulit
971 5604 986 5642 :
1034 5587 1296 5643 Severum
1338 5589 1559 5657 quidem
1603 5586 1934 5656 planiorem,
1964 5600 2052 5638 ac-

2163 5586 2377 5655 αῖρεσις
2417 5588 2683 5657 ἒκάτερον
2717 5591 2859 5645 κατὰ
2897 5593 2996 5663 τῆς
3042 5595 3262 5651 συνόδου
3298 5595 3394 5648 καὶ
3433 5589 3524 5645 τοῦ
3559 5588 3698 5657 τόμου

1781 5676 2013 5734 VAlilAS
2056 5674 2231 5730 LECT
2241 5678 2460 5732 ΙΟΝΕδ.

548 5766 590 5796 ³³⁷
624 5765 817 5835 χρῆται
844 5783 903 5827 ς.
