4004 6446
355 330 461 397 941

1426 319 1950 385 BIBLIOTHECA.
1975 339 2048 352 -
2075 314 2238 377 COD.
2268 313 2532 375 CCXXV.

3501 303 3612 372 942

361 443 535 516 μεγα)
546 440 702 511 αυχεί
726 437 1127 506 ἀγωνίσασθαι,
1167 436 1304 491 ἀλλά
1335 437 1574 505 Σεϐἦρον
1600 434 1700 503 μὲν
1729 431 1937 485 πλατύ-

2052 426 2368 479 cnratiorem
2430 436 2563 479 vero
2630 416 2999 475 Timotheum.
3066 417 3375 475 Domitiano
3426 429 3613 474 autem

353 552 540 606 τερον,
570 531 837 602 Ττμόθεον
881 529 939 581 δὲ
980 529 1389 600 ἀκριϐέστερον.
1431 526 1752 597 Προσφωνεῖ
1776 524 1834 576 δὲ
1877 522 1939 575 τὸ

358 626 572 697 βιϐλίον
598 622 915 694 Δομετιανῷ
942 620 1019 691 τῷ
1052 619 1361 690 Μελιηνῆς
1393 618 1656 689 ἀρχιερεῖ.

448 717 508 769 '0
558 716 659 786 μὲν
693 710 786 769 οὖν
820 719 871 768 α’
908 713 1066 782 λόγος
1110 713 1169 764 ἐν
1214 709 1531 779 κεφαλαίοις
1575 705 1939 777 ἀπαρτίζεται

351 811 420 874 δ’,
456 815 511 875 ς¹
539 808 595 862 δὲ
628 806 945 876 κεφαλαίοις
976 805 1069 859 καὶ
1107 802 1137 855 ι’
1163 803 1192 856 ό
1224 802 1289 871 β’.
1311 804 1589 872 Διηγεῖται
1610 800 1667 853 δὲ
1692 797 1820 869 [595
1845 793 1934 867 Η.]

356 899 504 971 μετά
533 897 602 951 τά
640 897 904 967 προοίμια
927 895 987 948 τὸ
1036 892 1087 948 α’
1132 892 1335 962 βιϐλίον
1363 892 1463 961 τὴν
1497 890 1675 942 αἰτίαν
1705 887 1773 941 δι’
1805 887 1874 957 ἢν
1903 888 1937 957 ὴ

351 991 554 1063 γραφὴ
602 987 864 1059 προῆλθε,
908 987 1004 1041 καὶ
1029 986 1105 1048 ὡς
1134 983 1344 1054 ἀνδρῶν
1382 980 1624 1036 εύλαϐῶν
1653 980 1935 1049 προτροπῇ

353 1084 565 1152 ταύτην
598 1078 900 1151 ἐπράξατο.
945 1074 1063 1146 Ἐφ’
1092 1072 1173 1137 οἷς
1202 1074 1476 1128 ἐκτίθεται
1503 1073 1665 1141 νόμον
1695 1070 1790 1122 καὶ
1835 1085 1937 1123 κα-

357 1175 489 1226 νόνα
509 1213 523 1238 ,
544 1168 638 1241 ,μὴ
664 1169 777 1222 δεῖν
806 1170 869 1221 ἐκ
907 1167 1107 1238 μέρους
1135 1166 1204 1218 τὰ
1252 1163 1659 1233 συγγράμματα
1706 1160 1933 1229 κρίνειν,

367 1262 491 1333 μηδ’
516 1259 1005 1329 ἀποσπαράγματά
1028 1275 1150 1309 τινα
1194 1255 1571 1325 λαμϐάνοντας
1604 1252 1691 1305 διὰ
1732 1249 1937 1303 τούτων

359 1354 459 1424 τὴν
486 1353 613 1421 ὃλην
636 1350 731 1403 τοῦ
776 1350 1081 1420 γράφοντος
1119 1345 1485 1400 ἐνδιαϐάλλειν
1526 1344 1785 1397 διάνοιαν·
1826 1342 1937 1402 τοῖς

357 1442 466 1510 γὰρ
501 1439 765 1503 τοιούτοις
795 1440 890 1492 καὶ
936 1440 964 1490 ό
1010 1438 1297 1507 προφήτης
1330 1433 1595 1503 ἐπαφίησι
1644 1434 1741 1501 τὴν
1773 1431 1935 1501 ἀράν,

358 1531 563 1585 οὑαὶ⁹⁸
582 1530 705 1596 τοῖς
722 1530 1189 1598 προφητεύουσα
1206 1527 1399 1594 λέγων,
1421 1526 1540 1579 ἀπὸ
1564 1523 1811 1591 καρδίας
1829 1524 1939 1574 αὺ-

354 1620 501 1689 τῶν,
538 1621 638 1675 καὶ
671 1622 738 1674 τὸ
770 1622 1031 1674 καθόλου
1051 1618 1139 1688 μὴ
1163 1617 1490 1682 βλέπουσι.
1530 1615 1731 1667 Τοῦτον
1762 1614 1819 1667 δὲ
1848 1613 1939 1665 τὸν

351 1714 522 1782 νόμον
565 1713 659 1766 καὶ
686 1711 886 1764 κανόνα
921 1710 1015 1763 καὶ
1044 1711 1153 1763 τῶν
1189 1708 1347 1780 ἱερῶν
1376 1705 1533 1777 ἡμῶν
1572 1705 1833 1775 Πατέρων
1880 1705 1934 1755 αἱ

2033 517 2314 571 Melitena:
2349 528 2484 584 opus
2513 512 2745 568 dedicat.

2111 694 2326 749 Primus
2353 694 2571 764 quidem
2608 691 2749 747 liber
2794 700 3035 760 quatuor
3062 689 3336 759 capitibus
3374 686 3613 743 absolvi-

2040 788 2148 849 tur,
2184 785 2321 839 alter
2351 800 2477 839 vero
2506 784 2762 839 sedecim.
2794 783 2951 837 Initio
2974 792 3155 837 autem
3185 781 3367 851 operis
3390 796 3612 837 causam

2044 880 2218 932 reddit
2246 878 2479 946 suscepti
2511 876 2730 941 laboris,
2760 891 2866 945 quo
2897 884 2953 929 et
2991 875 3065 943 pii
3098 875 3345 929 homines
3369 874 3614 929 scriben-

2042 978 2148 1023 tem
2182 968 2499 1022 invitarnnt.
2541 969 2747 1035 Quibus
2793 967 2964 1036 legem
3018 968 3301 1020 constituit
3337 977 3394 1023 et
3441 982 3611 1023 cano-

2042 1074 2186 1123 nem,
2222 1059 2422 1128 scripta
2468 1059 2763 1127 dijudicare
2790 1074 2893 1111 non
2918 1069 3168 1127 Oportere
3206 1073 3271 1112 ex
3315 1067 3485 1128 parte,
3513 1076 3611 1115 ne-

2041 1166 2149 1219 que
2203 1149 2504 1219 fragmenta
2547 1151 2791 1218 quaedam
2853 1149 3135 1215 sumendo,
3176 1164 3243 1205 ex
3279 1151 3361 1204 his
3396 1153 3461 1205 de
3499 1158 3609 1205 tota

2041 1243 2323 1312 scriptoris
2349 1250 2525 1296 mente
2548 1240 2812 1308 judicium
2862 1238 3167 1293 ferendum.
3188 1239 3293 1294 Hos
3319 1242 3461 1294 enim
3484 1240 3616 1296 Pro-

2042 1334 2199 1400 pheta
2222 1336 2564 1399 exsecratur;
2610 1329 2695 1385 Va:
2717 1330 3006 1399 praphetis,
3032 1330 3125 1400 qui
3148 1342 3440 1401 sequuntur
3460 1332 3614 1399 spiri-

2040 1437 2148 1476 tum
2186 1439 2361 1487 suum,
2396 1431 2447 1476 et
2491 1422 2623 1476 nihil
2666 1420 2915 1477 videnth!
2952 1422 3100 1478 Hanc
3133 1423 3305 1493 legem
3344 1440 3407 1478 ac
3449 1440 3612 1493 regu—

2042 1512 2149 1565 lam
2201 1521 2255 1566 et
2311 1512 2530 1566 Patrum
2592 1524 2904 1568 nostrorum
2964 1514 3185 1569 decreta
3254 1516 3609 1570 confirmant.

2040 1605 2252 1660 Etenim
2286 1606 2600 1661 Eustathius
2647 1607 3015 1660 Antiochenus
3066 1608 3356 1676 episc0pns
3402 1609 3459 1662 in
3519 1624 3613 1661 sex

2040 1700 2289 1752 adversus
2342 1698 2567 1751 Arianos
2629 1696 2781 1752 libris
2830 1698 2913 1751 his
2985 1698 3164 1752 verbis
3204 1699 3392 1753 scribit
3436 1718 3449 1753 :
3510 1698 3613 1754 Sed

349 1805 530 1874 ψῆφοι
567 1802 915 1874 κρατύνουσι.
969 1800 1079 1854 Καὶ
1128 1799 1236 1869 γὰρ
1286 1799 1381 1852 καὶ
1432 1796 1781 1859 Εὐστάθιοςό
1826 1794 1935 1847 τῶν

2052 1792 2249 1846 hiante
2304 1805 2470 1844 scema
2519 1788 2795 1842 saltatores
2847 1799 3113 1854 peccatum
3134 1789 3315 1855 fecisse
3348 1790 3615 1844 Christum

366 1895 692 1965 Ἀντιοχέων
752 1894 1045 1965 ἀρχιερεὺς
1100 1894 1159 1945 ἐν
1215 1891 1275 1957 ἐξ
1327 1891 1506 1958 λόγοις
1561 1888 1607 1921 ³⁸
1664 1888 1735 1941 τὰ
1797 1888 1939 1940 κατά

2052 1885 2279 1952 jactant.
2313 1881 2379 1935 Et
2412 1889 2534 1947 post
2567 1894 2671 1934 non
2718 1881 2873 1948 longe
2906 1881 3033 1934 illud
3059 1898 3073 1933 :
3103 1879 3265 1934 Deum
3312 1882 3365 1934 in
3404 1879 3616 1937 Christo

368 1988 671 2058 ’Λρειανῶν
701 1988 885 2049 αὐτοῖς
906 1987 1148 2055 ῥήμασιν
1164 1985 1307 2037 οὕτω
1333 1983 1520 2053 φησίν·
1560 1981 1714 2037 Ἀλλ’
1740 1984 1793 2035 ol
1825 1997 1943 2033 πα·-

2052 1973 2297 2025 mundum
2334 1971 2433 2023 sibi
2473 1971 2823 2034 conciliasse,
2875 1987 3039 2040 neque
3091 1972 3346 2025 memoria
3416 1982 3613 2034 tenent,

353 2080 607 2149 ράδοξοι
652 2077 761 2145 τῆς
802 2077 1022 2146 Ἀρείου
1052 2074 1316 2146 θυμέλης
1355 2075 1678 2144 μεσόχοροι
1721 2073 1787 2125 τὸ
1825 2073 1943 2141 μὲν

2052 2081 2140 2118 nec
2164 2066 2353 2133 lingua!
2392 2066 2602 2134 organis
2643 2065 2918 2131 conferunt
2954 2078 2973 2117 .'
3013 2065 3102 2117 sed
3131 2065 3284 2117 veluti
3321 2081 3499 2134 graves
3525 2084 3617 2119 ca-

357 2171 656 2240 ἁμαρτίαν
671 2168 756 2237 μὴ
778 2170 795 2199 ¹
824 2166 1212 2236 πεποιηκέναι
1227 2168 1335 2220 τὸν
1354 2165 1610 2233 Χριστὸν
1633 2156 1946 2232 φράζουσιξ

2052 2157 2391 2210 lumniatores
2414 2166 2462 2209 et
2489 2165 2823 2209 accusatores
2846 2155 3016 2209 locum
3040 2156 3440 2224 labefactantes,
3461 2174 3619 2213 accu-

359 2264 463 2314 xai
496 2259 616 2331 μετ’
646 2259 804 2327 όλίγα
830 2275 846 2291 ’
884 2259 957 2313 Τὸ
983 2258 1052 2311 δὲ
1075 2297 1090 2323 ,
1143 2257 1233 2311 ὅτι
1286 2258 1429 2323 Θεὸς
1478 2252 1559 2327 ἦν
1590 2255 1661 2309 ἑν
1706 2253 1941 2322 Χριστῷ

360 2353 599 2421 κόσμον
624 2350 1076 2406 καταλλάσσων
1103 2349 1313 2416 ἑαυτῷ,
1350 2350 1488 2404 οὔτε
1522 2350 1592 2403 ἐν
1611 2349 1817 2419 μνήμῃ
1838 2350 1945 2417 φέ-

359 2462 579 2513 ρουσιν
604 2445 743 2499 οὔτε
770 2444 895 2511 τοῖς
922 2443 1034 2512 τῆς
1058 2443 1323 2512 γλώττης
1347 2442 1626 2512 ὀργάνοις
1650 2441 1948 2509 ἐκφωνοῦ·

360 2550 492 2601 σιν,
524 2536 664 2589 ἀλλ’
693 2534 898 2603 ὥσπερ
927 2534 1111 2588 δεινοὶ
1146 2533 1530 2602 συκοφάνται
1563 2533 1663 2586 καί
1690 2535 1945 2600 κατηγο-

360 2642 458 2692 ροι
503 2622 1062 2692 ἀκρωτηριάσαντες
1106 2622 1175 2675 τὸ
1208 2622 1427 2690 χωρίον
1455 2622 1564 2674 τὸν
1591 2618 1792 2689 ἀγῶνα
1834 2619 1947 2685 τῆς

365 2716 728 2782 κατηγορίας
779 2712 1117 2766 ποιοῦνται.
1150 2707 1286 2765 Εῑτα
1330 2711 1426 2764 καὶ
1456 2712 1490 2780 ἡ
1522 2709 1700 2779 ψῆφος
1733 2710 1766 2778 ή
1806 2709 1948 2777 ὑπὲρ

366 2804 465 2858 τοῦ
501 2806 691 2875 νόμου*
723 2803 819 2857 Δεῖ
849 2803 917 2856 δὲ
942 2801 1287 2872 φιλαλήθως
1311 2801 1450 2867 τοὺς
1481 2801 1776 2869 ἐννόμους
1807 2800 1949 2869 ἀγω-

367 2898 607 2963 νιστὰς,
639 2895 837 2951 πάντα
873 2895 1435 2965 συμπεριλαόόντας
1466 2894 1947 2961 ἀπαραλείπτως,

366 2986 533 3041 ἀλλὰ
555 2985 641 3054 μὴ
659 2986 810 3054 πρὸς
835 2984 1075 3052 ἀπάτην
1099 2984 1283 3053 μέρος
1294 2982 1413 3052 μὲν
1436 2979 1816 3049 ἁποσιωπᾷν,
1845 2980 1959 3049 μέ-’

362 3095 478 3146 ρος
504 3078 573 3131 δὲ
592 3075 1001 3143 ἀποσπῶντας
1032 3075 1375 3144 προφέρειν.
1413 3072 1687 3135 Ὡσαύτως
1720 3074 1815 3126 καὶ
1844 3073 1951 3124 Βα-

2052 2250 2275 2302 sationis
2318 2259 2580 2302 certamen
2607 2248 2911 2302 instituunt.
2950 2248 3155 2303 Deinde
3187 2259 3245 2302 et
3270 2249 3403 2318 legis
3426 2251 3619 2305 decre-

2053 2353 2164 2396 tum
2199 2359 2212 2395 :
2248 2340 2465 2409 Oportet
2508 2357 2631 2395 vero
2675 2343 2909 2395 ueritatis
2938 2344 3113 2397 studio
3142 2343 3373 2413 legitime
3396 2344 3561 2417 240
3588 2346 3619 2397 ι

2052 2442 2351 2495 certantes,
2397 2434 2573 2487 omnia
2624 2433 2830 2487 abunde
2875 2435 3203 2503 accipientes,
3259 2438 3349 2490 sed
3396 2454 3499 2490 non
3548 2439 3620 2491 ad

2054 2525 2321 2594 frondent,
2362 2527 2554 2591 partim
2577 2525 2785 2595 quidem
2811 2524 2981 2589 silere,
3011 2527 3203 2591 partim
3229 2544 3347 2581 vero
3370 2530 3623 2596 arripien-

2053 2631 2128 2671 tes
2165 2617 2378 2685 offerre.
2428 2616 2517 2671 Sic
2563 2617 2778 2671 divinus
2816 2615 3056 2673 Basilius
3093 2618 3159 2672 ad
3210 2618 3351 2674 hunc
3400 2621 3618 2675 modum

2054 2709 2381 2779 Sozopolitis
2407 2710 2650 2764 scribens
2683 2727 2697 2763 :
2735 2708 2857 2763 Non
2890 2726 3067 2764 recens
3091 2711 3352 2779 opinionis
3385 2720 3496 2766 lucc
3517 2715 3621 2766 im-

2054 2800 2236 2864 pietas,
2265 2798 2421 2853 sedet
2452 2799 2576 2852 olint
2605 2798 2669 2851 ab
2731 2800 2956 2853 absurdo
2988 2800 3176 2855 insano
3228 2800 3502 2857 Valentino
3541 2805 3626 2858 in-

2055 2891 2267 2952 choata,
2295 2891 2385 2958 qui
2406 2907 2578 2957 pauca
2603 2890 2839 2957 Apestoli
2862 2890 3013 2944 verba
3037 2892 3370 2959 contraham,
3403 2895 3627 2963 impium

2056 2983 2157 3036 sibi
2192 2982 2502 3052 ﬁgmentum
2529 2990 2868 3052 prwparavit.
2898 2981 2973 3038 Ut
2999 2985 3243 3039 ἣξει-οιίρί
3269 2998 3513 3042 amentes
3538 3003 3629 3042 so-

2061 3073 2171 3128 lent
2218 3085 2427 3143 partem
2482 3075 2713 3145 aliquam
2749 3074 3044 3145 Scriptura!
3094 3078 3337 3147 arripere
3383 3087 3439 3133 et
3489 3081 3630 3135 banc

371 3170 573 3234 σίλειος
626 3173 654 3224 ό
710 3169 852 3233 θεῖος
913 3168 1117 3222 οὑτωσὶ
1168 3166 1569 3232 Σωζοπολίταις
1625 3164 1947 3217 ἐπιστέλλων

2058 3168 2375 3237 depravare,
2400 3178 2627 3236 pr0pter
2654 3166 2795 3223 hanc
2817 3178 3015 3223 caetera
3049 3170 3433 3238 condemnare,
3463 3180 3520 3226 et
3560 3173 3631 3226 ab

372 3261 599 3331 γράφει·
622 3263 703 3313 Οὐ
730 3259 1022 3327 νεώτερον
1044 3258 1219 3313 τοῦτο
1241 3258 1353 3326 τῆς
1380 3256 1689 3326 δοκήσεως
1714 3256 1781 3308 τὸ
1810 3255 1953 3310 ἀσέ-

375 3355 559 3419 ϐημα,
584 3349 749 3404 ἀλλὰ
769 3348 954 3403 πάλαι
981 3350 1101 3403 ἀπὸ
1118 3349 1225 3403 τοῦ
1234 3351 1676 3418 ματαιόφρονος
1697 3347 1953 3416 ἀρξάμε-

371 3460 490 3497 νον
520 3443 946 3505 Οὐαλεντίνου,
986 3441 1055 3506 ὃς
1081 3441 1291 3509 ὀλίγας
1309 3440 1415 3494 τοῦ
1448 3440 1814 3493 Ἀποστόλου
1851 3437 1953 3492 λέ-

374 3534 507 3599 ξεις
557 3531 996 3600 ἀποσπαράξας
1059 3531 1126 3584 τὸ
1190 3531 1487 3597 δυσσεϐὲς
1555 3528 1745 3594 ἑαυτῷ
1812 3544 1953 3582 κατ-

374 3625 684 3678 εσκεύασε
710 3623 982 3692 πλάσμα.
1012 3622 1177 3675 Ὥστε
1206 3622 1305 3692 τῆς
1339 3621 1448 3674 τῶν
1486 3618 1782 3690 αἱρετικῶν
1806 3619 1954 3671 ἐστιν

375 3715 677 3779 ἀπονοίας,
727 3716 891 3785 μέρος
935 3731 989 3767 τι
1031 3714 1415 3783 παραλαϐόντα
1457 3714 1559 3783 τῆς
1604 3712 1823 3783 γραφῆς
1858 3712 1954 3765 καὶ

374 3807 540 3860 τοῦτο
576 3807 1075 3877 παραχαράσσοντα
1101 3805 1167 3859 δι’
1194 3804 1360 3858 αὐτοῦ
1409 3821 1469 3858 τε
1502 3806 1858 3871 συκοφαντεῖν
1884 3804 1954 3857 τά

372 3898 566 3963 λοιπά,
612 3898 707 3950 καὶ
733 3898 822 3951 διὰ
855 3898 955 3969 τῆς
991 3897 1101 3950 τῶν
1152 3896 1311 3966 ἱερῶν
1352 3895 1560 3964 Λογίων
1590 3894 1953 3963 συκοφαντίας

371 3993 475 4044 καὶ
534 3991 847 4061 κατατομῆς
892 3990 1215 4060 συγκροτεῖν
1270 3989 1483 4049 ἑαυτοῖς
1529 3986 1629 4058 τὴν
1675 3986 1949 4040 ἀσέϐειαν.

372 4080 537 4136 Οὕτω
561 4082 607 4133 δ’
636 4081 703 4135 ἂν
728 4080 1134 4151 κατηγορηθείη
1163 4081 1277 4141 τοῖς
1306 4079 1529 4132 ἀσεϐέσι
1566 4080 1660 4131 καὶ
1696 4078 1900 4148 Πέτρος
1924 4078 1954 4130 ό

370 4175 676 4244 κορυφαῖος
727 4173 835 4225 τῶν
872 4171 1205 4235 ἀποστόλων,
1238 4170 1314 4234 ὡς
1356 4169 1575 4239 διαιρῶν
1612 4168 1702 4222 τὸν
1742 4169 1952 4237 Ἐμμα-

369 4267 559 4336 νουήλ·
586 4283 770 4335 φησιν·
788 4265 1034 4333 Ἰησοῦν
1056 4264 1162 4317 τὸν
1181 4263 1302 4317 ἀπὸ
1324 4260 1592 4329 Ναζαρὲθ
1607 4260 1688 4327 ὡς
1702 4260 1954 4327 ἔχρισεν

369 4355 567 4409 αὐτὸν
582 4359 614 4409 ό
632 4356 776 4421 Θεὸς
800 4354 1099 4421 Πνεύματι
1120 4352 1264 4419 ἁγίῳ
1281 4351 1378 4406 καὶ
1394 4349 1665 4419 δυνάμει,
1694 4349 1765 4408 ὃς
1793 4346 1954 4415 διῆλ-

2060 3270 2340 3311 sacrarum
2374 3257 2667 3310 lectionum
2699 3256 2989 3313 calumniis
3030 3267 3087 3313 et
3126 3260 3482 3318 divisionibus
3514 3263 3628 3317 im-

2056 3349 2200 3416 pium
2226 3348 2422 3417 dogma
2477 3347 2737 3403 conﬂare.
2770 3350 2863 3404 Sic
2888 3358 2943 3403 et
2965 3350 3332 3419 apostolorum
3371 3354 3628 3423 princeps

2054 3440 2122 3494 ab
2154 3440 2334 3509 impiis
2373 3450 2660 3495 accusatus
2712 3449 2817 3507 est,
2858 3450 2918 3495 ut
2972 3442 3216 3498 dividens
3259 3442 3575 3501 Emmanuel
3609 3466 3627 3505 :

2056 3532 2228 3601 inquit
2258 3530 2479 3586 :Jesum
2509 3530 2873 3595 Nazarenam,
2916 3534 3175 3602 quomodo
3212 3539 3425 3590 unxerit
3458 3539 3631 3609 ipsum

2058 3623 2195 3677 Deus
2223 3633 2406 3677 sancto
2444 3621 2649 3691 Spiritu
2681 3624 2741 3691 fet
2784 3623 2998 3689 virtute,
3041 3626 3132 3695 qui
3163 3628 3297 3680 venit
3322 3628 3628 3698 benefactu-

2054 3731 2144 3767 rus
2170 3724 2219 3768 et
2258 3716 2490 3768 liberans
2544 3731 2721 3771 omnes
2762 3717 3041 3786 tyrannide
3087 3734 3354 3787 oppressos
3402 3723 3623 3786 diaboli,

2053 3808 2173 3877 quia
2189 3806 2327 3861 Deus
2337 3818 2577 3861 eratcum
2590 3824 2648 3862 eo
2665 3809 2713 3847 ιν
2724 3847 2738 3861 .
2757 3808 2820 3862 Ει
2838 3808 3076 3877 profecto
3089 3810 3309 3865 Paulum
3324 3812 3508 3867 orbem
3522 3826 3627 3870 ter-

2054 3914 2235 3952 rarum
2260 3900 2471 3967 pietatis
2489 3903 2756 3968 praeconio
2774 3904 3471 3970 percurrentem,similibus
3490 3907 3626 3974 inju-

2055 3990 2149 4043 riis
2184 4000 2237 4042 et
2273 3990 2557 4043 calumniis
2587 3989 2928 4059 perstringit,
2966 3989 3018 4043 in
3040 3992 3235 4060 quibus
3273 3994 3624 4049 concionatus

2052 4080 2471 4135 Atheniensibus
2494 4083 2705 4137 locutus
2724 4091 2805 4136 est
2826 4084 2845 4123 ι
2879 4100 2893 4136 :
2925 4083 3215 4138 Annnntiat
3241 4086 3539 4141 hominibus
3569 4102 3626 4143 ut

2054 4190 2236 4228 omnes
2256 4174 2443 4243 ubique
2458 4174 2813 4241 paenitentiam
2837 4184 3091 4244 agant,eo
3104 4177 3241 4246 quod
3263 4179 3445 4230 statuit
3458 4179 3622 4244 diem,

2056 4266 2112 4319 in
2130 4280 2232 4328 quo
2248 4263 2591 4333 judicaturus
2613 4276 2688 4318 est
2707 4267 2881 4319 orbem
2900 4266 2953 4319 in
2972 4270 3218 4336 aquitate
3238 4268 3295 4321 in
3312 4270 3440 4335 viro,
3459 4270 3515 4324 in
3528 4288 3629 4339 que

2053 4353 2236 4407 statuit
2267 4352 2427 4420 ﬁdem
2450 4352 2687 4421 praebens
2706 4352 2963 4417 omnibus,
2990 4356 3252 4409 suscitans
3279 4371 3397 4410 eum
3429 4375 3461 4411 a
3488 4376 3628 4411 mor-

371 4452 486 4503 θεν
512 4448 840 4518 εὐεργετῶν
870 4447 967 4500 καὶ
993 4447 1239 4514 ἰώμενος
1259 4445 1491 4509 πάντας
1520 4443 1663 4509 τοὺς
1692 4440 1947 4496 καταδυ-

2055 4444 2179 4497 tuis.
2224 4443 2301 4497 De
2332 4443 2531 4511 quibus
2572 4443 2766 4498 iterum
2812 4442 2879 4496 ad
2920 4443 3177 4500 Hebraeos
3212 4447 3456 4502 scribens
3500 4451 3571 4503 ait
3611 4469 3624 4504 :

374 4538 861 4608 ναστευομένους
888 4536 1008 4590 ὑπὸ
1052 4536 1158 4589 τοῦ
1187 4535 1489 4597 διαϐόλου.
1520 4534 1611 4587 ὅτι
1632 4537 1664 4587 ό
1701 4533 1845 4597 Θεὸς
1873 4528 1947 4601 ἦν

2057 4534 2159 4599 Qui
2204 4535 2261 4587 in
2290 4533 2473 4587 diebus
2512 4534 2686 4587 carnis
2743 4550 2853 4587 sua:
2894 4552 3069 4603 preces
3106 4537 3627 4607 supplicationesque

369 4630 503 4698 μετ’
530 4629 737 4683 αὐτοῦ.
756 4629 864 4681 Ναὶ
890 4628 956 4698 δὴ
977 4630 1072 4680 καὶ
1094 4626 1327 4690 Παῦλον,
1351 4626 1443 4679 τὸν
1464 4624 1828 4695 περιλαϐόντα
1852 4623 1953 4693 τὴν

373 4722 707 4790 οἰκουμένην
736 4720 814 4790 τῷ
828 4720 928 4789 τῆς
952 4718 1231 4781 εὐσεϐείας
1257 4717 1597 4787 κηρύγματι,
1615 4718 1727 4779 τοῖς
1744 4715 1949 4785 ὁμοίοις

374 4813 835 4884 ἀκρωτηριαστὴς
858 4814 951 4865 καὶ
964 4810 1303 4880 συκοφάντης
1319 4812 1338 4840 ⁸
1354 4809 1681 4872 αἰτιάσεται,
1701 4810 1758 4860 ὲν
1775 4803 1854 4871 οἷς
1868 4807 1955 4877 δη-

378 4906 643 4976 μηγορῶν
668 4909 802 4975 πρὸς
818 4903 1133 4971 Ἀθηναίους
1160 4902 1182 4933 ³
1208 4901 1333 4971 ἔφη’
1361 4900 1770 4971 Παραγγέλλει
1786 4899 1807 4929 ’⁵
1831 4900 1953 4963 τοῖς

373 4996 715 5064 ἀνθρώποις
740 4993 891 5051 πᾶσι
919 4991 1252 5062 μετανοεῖν,
1273 4993 1479 5044 καθότι
1511 4992 1778 5058 ἔστησεν
1811 4990 1953 5058 ἠμέ-

369 5103 496 5157 ραν
515 5088 585 5140 ἐν
605 5087 643 5155 ᾗ
657 5087 868 5156 μέλλει
892 5086 1119 5154 κρίνειν
1138 5083 1253 5152 τὴν
1270 5085 1631 5152 οἰκουμένην
1648 5083 1717 5136 ἐν
1732 5082 1956 5136 δικαιο-

369 5179 566 5244 σύνῃ,
596 5178 666 5230 ἐν
686 5178 855 5246 ἀνδρὶ
879 5172 928 5245 ᾧ
948 5175 1146 5245 ὥρισε,
1168 5176 1381 5229 πίστιν
1395 5173 1723 5243 παρασχὼν
1745 5174 1955 5235 πᾶσιν,

2055 4626 2124 4678 ad
2156 4641 2273 4678 eum
2302 4625 2392 4694 qui
2425 4626 2588 4692 possit
2624 4625 2773 4678 illum
2805 4626 3007 4679 salvum
3034 4628 3207 4695 facere
3230 4646 3262 4682 α
3295 4639 3458 4683 morte
3487 4628 3533 4695 i,
3572 4642 3628 4685 ct
3654 4626 3655 4629 “

2059 4716 2335 4783 deinceps.
2379 4714 2756 4769 Calumniator
2797 4715 2963 4785 igitur
2996 4718 3199 4786 proprii
3236 4719 3366 4773 furti
3395 4729 3453 4775 et
3480 4720 3626 4775 lace-

2056 4807 2291 4862 rationis
2316 4805 2555 4877 judicent
2588 4807 2825 4876 seipsum
2850 4808 3208 4872 constituens,
3244 4826 3352 4864 non
3387 4820 3447 4865 ut
3486 4814 3628 4868 nude

2060 4898 2333 4953 hominem
2376 4897 2619 4953 dicentes
2649 4897 2935 4953 Dominum
2971 4910 3215 4955 nostrum
3248 4901 3431 4958 Jesum
3458 4903 3621 4960 Chri-

2018 5034 2021 5037 .
2063 5000 2225 5054 stum,
2274 4998 2649 5044 contemneret
2701 5005 2981 5059 pracones
3041 4993 3232 5061 ipsius,
3274 4997 3370 5051 sed
3416 5011 3522 5052 non
3553 4999 3634 5052 sic

2063 5080 2311 5135 veritatis
2350 5080 2581 5134 amicus.
2628 5078 2696 5133 Et
2732 5081 3009 5149 praedictis
3048 5082 3370 5152 adiungens,
3417 5099 3538 5155 quae
3562 5103 3633 5143 ex

2065 5172 2171 5227 alia
2204 5180 2359 5241 parte
2402 5171 2469 5225 de
2516 5170 2803 5227 Salvatore
2824 5186 2855 5226 a
2888 5173 3107 5243 pietatis
3147 5188 3395 5244 praecone
3418 5177 3634 5231 denun-

373 5268 739 5335 ἀντιστήσεις
774 5273 961 5324 αὐτὸν
984 5270 1054 5322 ἐκ
1092 5267 1341 5337 νεκρῶν.
1390 5267 1481 5319 Ἐν
1505 5260 1588 5331 οἷς
1623 5265 1782 5319 πάλιν
1821 5266 1947 5335 πρὸς

2066 5266 2197 5321 tiata
2248 5273 2397 5330 sunt,
2448 5271 2607 5319 extra
2641 5278 2860 5320 omnem
2910 5266 3165 5336 injuriam
3208 5266 3427 5337 pietatis
3461 5271 3636 5339 magi-

453 5420 485 5460 ιι
513 5421 713 5476 Ezech.
741 5436 860 5488 XIII,
897 5423 930 5476 5

1011 5422 1058 5461 δ’
1083 5422 1203 5477 Act.
1235 5438 1288 5489 κ,
1326 5420 1414 5477 38.
1504 5420 1519 5460 ί
1553 5421 1673 5474 Act.
1706 5434 1838 5480 xvn,
1870 5419 1961 5474 50.

2044 5417 2059 5470 i
2095 5418 2258 5475 Hebr.
2284 5434 2341 5485 ν,
2374 5419 2424 5475 7.

1698 5535 1933 5590 VARIIE
1980 5536 2384 5593 LECTIONES.

453 5653 504 5687 ⁸⁸
533 5652 680 5725 οὐαί]
715 5653 912 5709 Ezech.
945 5670 1063 5721 xm,
1094 5656 1149 5710 '5.

385 5726 491 5785 καὶ
530 5725 887 5793 συκοφάνταις
909 5728 945 5781 Α
958 5765 972 5780 .

1258 5656 1303 5687 ⁸⁹
1332 5654 1391 5719 ἓξ
1417 5651 1619 5723 λόγοις]
1642 5651 1785 5724 ἕκτῳ
1817 5653 1960 5724 λόγῳ
1997 5654 2299 5724 Fabricius.
2381 5654 2396 5684 ‘
2425 5655 2500 5724 μὴ
2546 5654 2669 5710 add.
2733 5670 2875 5711 corr.
2939 5655 3003 5710 Α.

1063 5726 1083 5758 ³
1115 5725 1249 5797 πρὸς
1270 5726 1557 5797 ἀθηναίυυς
1585 5726 1628 5774 Α
1653 5740 1667 5774 :
1701 5723 1793 5776 ml.
1821 5723 2097 5794 ἀῦηναίοις
2128 5742 2189 5790 ς.

3109 5659 3132 5692 ⁸
3157 5658 3633 5729 ἀκρωτηριασταῐς

2268 5726 2291 5757 ’⁵
2312 5724 2581 5798 παραγγ.]
2615 5729 2736 5783 Act.
2764 5743 2895 5794 xvu,
2922 5727 3012 5782 50.
