4004 6432
440 357 545 422 943

1597 348 1862 410 ΡΗΟΤΙΙ
1895 343 2401 407 PATRIARCHE
2444 342 2554 403 ΕΡ.
3583 349 3672 413 944
3762 352 3768 372 ι

440 442 584 523 siros
610 464 869 529 OSteniIit,
899 469 959 518 ut
994 459 1124 516 illud
1163 458 1406 529 adjungit
1440 477 1452 511 ε
1511 457 1696 511 Patres
1734 473 1798 510 ea:
1831 457 2013 527 quibus

2136 451 2416 524 Ἐϐραίους
2440 450 2460 481 ⁵
2484 450 2710 520 γράφων
2746 447 2930 519 φησίν·
2955 445 3073 520 [761
3099 446 3192 518 H.]
3220 450 3314 515 Ὃς
3332 450 3399 502 ὲν
3417 452 3536 518 ταῖς
3550 455 3672 524 ἤμεε

437 571 512 614 est
541 556 784 612 Christus
831 555 1118 608 secundum
1163 567 1399 616 carnem,
1426 551 1514 619 qui
1554 559 1631 604 est
1663 566 1819 618 super
1847 551 2022 602 omnia

2136 559 2254 605 οαις
2275 539 2384 608 τῆς
2396 543 2620 608 σαρκὸς
2637 539 2820 592 αὐτοῦ
2845 538 3088 605 δεήσεις
3115 538 3214 592 καί
3247 541 3533 610 ἱκετηρίας
3547 547 3675 614 πρὸς

441 648 740 702 benedictus
773 647 827 697 in
854 644 1072 703 saecula,
1105 641 1271 695 Amen
1322 643 1371 696 Ιι.
1416 640 1579 696 Certe
1617 649 1672 694 et
1712 639 1840 694 illud
1870 656 1884 692 :
1919 638 2022 704 Qui

444 756 563 795 cum
606 740 671 794 sit
727 737 976 806 splendor
1003 734 1212 806 glorite,
1251 744 1300 788 et
1336 734 1510 803 ﬁgura
1552 733 1858 786 substantia:
1885 732 2019 800 ejus,

450 841 764 901 portamque
826 827 1002 881 omnia
1076 824 1242 880 Verbo
1288 826 1498 880 virtutis
1547 841 1658 879 sua:
1703 822 1745 880 ι.
1792 822 2025 894 Hacque

441 925 632 996 primis
684 921 1127 984 accommodans,
1169 927 1224 973 et
1261 917 1574 972 Nestorium
1599 917 1821 987 impium
1865 915 2026 970 iubis

441 1014 745 1077 accusabit,
800 1011 999 1083 251a
1048 1022 1101 1065 et
1159 1013 1418 1081 pietatem
1473 1009 1763 1064 clariorem
1816 1009 2022 1062 reddet.

441 1109 510 1163 Et
541 1108 618 1162 sic
649 1121 863 1160 rursum
905 1106 1118 1159 divinus
1149 1103 1380 1158 Basilius
1430 1103 1544 1157 ﬁeri
1585 1105 1650 1158 de
1688 1103 2026 1156 orationibus

437 1199 702 1270 judicium
744 1197 960 1262 suadet,
1013 1195 1210 1266 quibus
1238 1195 1302 1248 ad
1336 1193 1634 1248 monachos
1675 1192 1926 1263 ambigue
1954 1192 2028 1246 tli-

442 1301 530 1347 cta
582 1290 897 1358 perscribit,
948 1299 1002 1344 et
1048 1288 1279 1344 obscure
1327 1287 1470 1340 dicta
1512 1285 1566 1339 in
1613 1284 1822 1352 aliquot
1861 1297 2029 1337 sacra:

447 1384 743 1453 Scriptum
779 1381 913 1436 locis
944 1382 1081 1448 visa,
1111 1390 1168 1434 ut
1201 1379 1302 1432 alia
1336 1377 1482 1433 clare
1513 1377 1658 1433 dicta
1692 1375 1809 1431 loca
1841 1387 2026 1430 osten-

444 1478 580 1530 dunt
610 1491 627 1530 :
669 1473 792 1528 Non
822 1483 1062 1540 oportere
1094 1489 1186 1540 per
1222 1471 1421 1538 aliquot
1457 1469 1760 1538 fragmenta
1790 1478 1835 1522 et
1858 1467 2030 1520 divul-

444 1568 620 1619 siones
647 1563 922 1630 scriptoris
955 1563 1201 1632 pietatem
1226 1559 1494 1629 judicare,
1522 1558 1660 1612 adeo
1699 1556 1906 1612 clarum
1942 1572 2030 1610 ra-

445 1657 596 1712 dium
648 1653 852 1710 emittit
906 1654 1129 1717 veritas,
1181 1663 1241 1706 ut
1298 1649 1560 1705 Severum
1621 1650 1676 1705 in
1728 1649 1813 1704 his
1855 1665 2032 1704 caacu-

453 1753 699 1815 tieutem,
747 1758 932 1803 tamen
980 1759 1308 1801 consensum
1340 1744 1605 1799 suasisse.
1651 1743 1856 1798 Scribit
1885 1745 2031 1798 enim

2124 634 2231 685 τὸν
2245 631 2588 702 δυνάμενον
2605 629 2817 691 σώζειν
2833 631 3019 684 αὑτὸν
3035 630 3104 684 ἐκ
3126 632 3400 696 θανάτου,
3433 636 3520 687 καὶ
3549 637 3676 707 ἑξῆς.

2123 721 2250 796 Ἆρ’
2277 727 2305 778 ὁ
2336 724 2677 794 συκοφάντης
2715 722 2810 776 κα)⁵
2852 724 2959 776 τῶν
2988 723 3208 776 οίκείων
3248 725 3564 794 κλεμμάτων
3598 733 3679 784 καὶ

2127 819 2542 890 σπαραγμάτων
2583 817 2776 889 κριτὴν
2803 817 3000 870 ἑαυτὸν
3043 815 3217 869 ποιῶν
3246 818 3341 887 οὐχ
3381 818 3454 882 ώς
3496 820 3682 891 ἀνθρω-

2127 931 2227 965 πον
2262 912 2529 980 λεγόντων
2551 911 2706 981 ψιλὸν
2747 909 2838 964 τὸν
2867 909 3074 980 Κύριον
3102 908 3262 978 ἡμῶν
3317 911 3516 978 Ἰησοῦν
3563 913 3682 984 Χρι-

2129 1005 2274 1070 στὸν,
2302 1007 2402 1058 οὐκ
2430 1004 2496 1058 ἂν
2531 1002 2833 1072 καταγνοίη
2869 1002 2976 1054 τῶν
3009 1002 3268 1070 κηρύκων
3297 1003 3395 1072 τῆς
3422 1001 3685 1074 θεότητος⁶

2127 1097 2292 1152 αὐτοῦ
2317 1116 2332 1163 ;
2363 1097 2482 1151 ἀλλ’
2505 1097 2606 1168 οὐχ
2639 1096 2785 1150 οὐτω
2821 1112 2886 1164 γε
2915 1094 3017 1164 τῆς
3045 1093 3307 1164 ἀληθείας
3332 1097 3360 1147 ὁ
3387 1095 3530 1164 φίλος
3549 1136 3562 1158 ,
3587 1099 3685 1152 ἀλλ’

2128 1188 2467 1258 ἐπισυνάψας
2488 1191 2600 1251 τοῖς
2630 1187 3052 1258 προειρημένοις
3077 1185 3206 1258 [396
3231 1185 3358 1257 H.]St
3381 1186 3497 1240 καθ’
3524 1189 3689 1261 ἕτερον

2133 1281 2294 1352 μέρος
2328 1281 2459 1352 περὶ
2487 1279 2583 1332 τοῦ
2617 1280 2874 1348 Σωτῆρος
2905 1281 3017 1342 τοῖς
3051 1279 3151 1348 τῆς
3181 1277 3460 1342 εὐσεϐείας
3486 1281 3690 1350 κήρυξιν

2130 1371 2453 1443 ὲΘεολογήθη
2473 1412 2487 1435 ,
2522 1373 2705 1442 πάσης
2740 1371 2954 1440 ὕϐρεως
3007 1371 3316 1439 ἀνωτέρους
3348 1371 3471 1434 τοὺς
3498 1372 3588 1441 τῆς
3617 1374 3692 1426 εὐ-

2132 1465 2347 1528 σεϐείας
2390 1463 2668 1528 ἀποδείξει
2718 1461 3100 1524 διδασκάλους.
3163 1455 3289 1514 Οἷον
3338 1461 3563 1531 συνάψει
3599 1466 3696 1525 τοῖς

2133 1557 2553 1630 προειρημένοις
2604 1556 2684 1621 τὸ,
2717 1551 2865 1610 Ὦντ
2921 1557 2977 1608 οἱ
3006 1553 3262 1622 πατέρες
3284 1595 3298 1618 ,
3329 1554 3425 1607 καὶ
3462 1554 3528 1619 ἐξ
3567 1549 3645 1608 ὧν
3669 1559 3698 1610 ὀ

2133 1653 2386 1721 Χριστὸς
2415 1652 2482 1705 τὸ
2529 1650 2679 1704 κατὰ
2709 1649 2930 1718 σάρκα,
2966 1653 2998 1704 ὀ
3031 1650 3117 1702 ὢν
3160 1647 3260 1702 ἐπὶ
3294 1647 3530 1701 πάντων
3574 1650 3697 1714 Θεὸς

2133 1741 2462 1812 εὐλογητὸς
2485 1743 2570 1806 είς
2593 1741 2614 1772 ⁸
2638 1740 2782 1806 τοὺς
2807 1739 3050 1805 αἰῶνας,
3073 1739 3280 1809 Ἀμήν·
3304 1740 3393 1791 ναὶ
3421 1739 3485 1808 δὴ
3512 1740 3600 1793 καὶ
3630 1741 3697 1802 τὸ,

450 1846 516 1898 ad
548 1841 820 1897 lulianum
865 1839 1357 1894 Halicarnasswum
1389 1853 1403 1890 :
1462 1834 1680 1905 Oportet
1706 1836 1870 1905 igitur
1892 1851 2031 1900 prte-

2141 1837 2267 1922 ’Ὁςξ³
2300 1832 2384 1886 ὢν
2411 1835 2782 1903 ἀπαύγασμα
2813 1830 2920 1900 τῆς
2947 1832 3134 1898 δόξης
3163 1830 3263 1884 καὶ
3283 1829 3579 1900 χαρακτὴρ
3605 1830 3698 1900 τῆς

449 1935 713 2004 ceptiones
752 1946 1058 1988 sanctorum
1107 1939 1307 1984 sancta:
1344 1927 1598 1984 Ecclesia:
1638 1930 1912 1982 doctorum
1943 1944 2036 1996 per

447 2029 776 2082 occasionem
830 2025 1059 2094 perfecte
1097 2024 1285 2092 legere,
1312 2031 1360 2075 et
1392 2038 1496 2074 non
1526 2021 1831 2090 singulatim
1859 2023 2036 2073 omnia

448 2119 706 2188 proferre,
739 2129 788 2172 et
816 2120 878 2171 de
923 2126 1032 2169 toto
1061 2133 1217 2169 sensu
1241 2115 1538 2183 periculose
1565 2115 1886 2182 conjectare.
1919 2111 2035 2168 Hoc

448 2216 504 2266 in
553 2211 860 2281 apostolicis
899 2220 1054 2279 atque
1085 2209 1398 2278 euangelicis
1436 2208 1672 2274 scriptis,
1720 2217 1875 2277 atque
1906 2208 2036 2259 adeo

449 2307 503 2358 in
552 2305 693 2359 omni
743 2304 999 2356 divinitus
1055 2302 1321 2370 inspirata
1373 2301 1657 2370 Scriptura
1719 2298 2038 2354 servandum

450 2403 551 2459 est,
578 2394 789 2464 quando
823 2411 926 2448 non
955 2394 1009 2446 in
1038 2410 1144 2446 una
1171 2409 1291 2447 voce
1316 2393 1516 2446 scilicet
1545 2390 1778 2460 epistola:
1809 2389 1884 2445 vel
1914 2406 2038 2458 ope-

451 2489 524 2540 ris
567 2487 877 2540 collocanda
921 2496 994 2539 est
1044 2487 1312 2552 scriptoris
1351 2487 1541 2553 pietas.
1581 2482 1673 2539 Sic
1714 2492 1770 2537 et
1808 2481 1922 2538 veri
1948 2497 2042 2537 ca-

453 2581 613 2632 nouis
643 2579 822 2648 fulgur
857 2577 1120 2633 Severum
1146 2593 1347 2632 caacum
1373 2578 1595 2648 proprio
1622 2576 1830 2647 fulgore
1858 2586 2037 2630 tamen

453 2671 560 2726 l'rui
596 2671 748 2736 sinit,
778 2671 872 2725 sed
911 2669 1296 2742 inexplicabile
1326 2669 1462 2740 legis
1499 2669 1666 2725 robur
1708 2684 2043 2741 cognoscere

454 2764 626 2818 licuit.
687 2761 776 2818 Uti
825 2777 954 2818 vero
1010 2771 1271 2817 consueta
1315 2762 1589 2818 sententia
1633 2762 1892 2832 neglexit.
1929 2762 2042 2817 Piae

453 2853 597 2912 enim
631 2852 906 2906 memoria:
937 2851 1082 2907 beati
1115 2849 1315 2907 Leonis
1359 2852 1557 2906 librum
1589 2866 1697 2906 non
1730 2851 1847 2921 lege
1877 2866 2041 2920 quam

457 2945 794 3014 praedicavit,
826 2943 923 2998 sed
953 2944 1227 2998 contraria
1275 2943 1589 3013 expendens
1623 2943 1829 3014 lingua,
1865 2953 1919 2999 et
1947 2957 2045 3012 per

457 3039 764 3106 fragmenta
807 3035 1055 3106 quaedam
1084 3045 1139 3090 et
1169 3035 1490 3104 perniciosis
1520 3037 1868 3091 sermonibus
1904 3051 2045 3106 prte-

2136 1926 2538 1992 ὑποστάσεως
2589 1924 2811 1992 αὐτοῦ,
2849 1924 3048 1994 φέρων
3082 1941 3145 1977 τε
3173 1924 3244 1977 τὰ
3283 1923 3477 1977 πάντα
3508 1922 3583 1988 τῷ
3605 1926 3701 1991 ρή-

2132 2039 2275 2092 ματι
2307 2020 2416 2089 τῆς
2445 2019 2756 2090 δυνάμεως
2806 2018 3016 2073 αὐτοῦ.
3058 2018 3116 2071 Ὁ
3140 2018 3318 2071 ταῦτα
3343 2021 3458 2082 τοῖς
3492 2019 3701 2092 πρώτοις

2140 2115 2496 2186 συναρμόσας
2544 2115 2660 2175 ,καὶ
2712 2114 3012 2183 Νεστόριον
3055 2111 3270 2175 τούτοις
3307 2110 3600 2165 ἀσεϐοῦντα
3637 2112 3703 2164 δισ-

2139 2211 2383 2280 ελέγξει,
2419 2211 2512 2266 καὶ
2553 2213 2652 2282 τὴν
2683 2211 2970 2264 εὐσέϐειαν
2997 2209 3391 2281 λαμπροτέραν
3438 2210 3698 2276 ἐπιδείξει.

2140 2303 2298 2358 Οὐτω
2329 2305 2385 2358 δὲ
2417 2304 2514 2358 καὶ
2543 2305 2572 2357 ὁ
2617 2303 2924 2375 Θαυμάσιος
2955 2303 3119 2357 πάλιν
3151 2302 3434 2366 Βασίλειος
3471 2302 3568 2372 τὴν
3598 2305 3706 2373 περὶ

2138 2397 2249 2450 τῶν
2303 2398 2478 2465 λόγων
2523 2397 2705 2468 κρίσιν
2733 2396 3000 2466 κγίνεσθαι
3048 2396 3328 2466 παραινεῖ,
3376 2396 3433 2448 ὲν
3477 2389 3555 2456 οἷς
3590 2395 3707 2463 πρὸς

2141 2491 2266 2552 τοὺς
2287 2489 2558 2560 μοναχοὺς
2583 2489 2808 2560 γράφει·
2841 2489 2918 2543 Τὰ
2941 2489 3290 2557 ἀμφιϐόλως
3315 2489 3602 2556 λεγόμενα
3623 2485 3705 2540 καί

2141 2581 2714 2650 ἐπικεκαλυμμένως
2733 2579 3013 2649 εἰρῆσθαι
3047 2579 3352 2634 δοκοῦντα
3389 2580 3460 2632 ἐν
3485 2593 3598 2632 τισι
3630 2579 3709 2630 τό-

2142 2691 2280 2739 ποις
2301 2672 2413 2742 τῆς
2441 2673 2850 2728 θεοπνεύστου
2874 2669 3121 2741 Γραφῆς
3141 2672 3262 2726 ὑπὸ
3285 2669 3405 2724 τῶν
3433 2670 3502 2724 ἐν
3521 2669 3706 2735 ἄλλοις

2143 2769 2350 2832 τόποις
2408 2763 2906 2834 ὁμολογουμένων
2945 2761 3358 2832 (rasam-iterat.
3395 2763 3512 2814 Ὀτι
3548 2760 3610 2813 δὲ
3648 2761 3710 2812 οὺ

2145 2860 2261 2928 χρὴ
2279 2858 2376 2912 διά
2391 2875 2570 2913 τινων
2585 2856 3029 2927 σπαραγμάτων
3045 2855 3142 2910 καὶ
3161 2853 3605 2925 περικομμάτιον
3617 2853 3711 2919 τὴν

2145 2953 2252 3008 τοῦ
2275 2968 2358 3006 συ
2368 2951 2666 3023 γγραςρέως
2687 2952 2913 3019 κρίνειν
2945 2948 3284 3009 εὐσέϐειαν.
3307 2947 3446 3001 οὕτω
3484 2948 3710 3016 λαμπράν

2145 3047 2339 3116 ἀφίησι
2366 3044 2482 3115 τὴν
2495 3046 2693 3098 ἀκτῖνα
2719 3044 2752 3112 ὴ
2776 3041 3010 3111 ἀλήθεια
3032 3041 3109 3103 ὡς
3141 3041 3240 3093 καὶ
3270 3039 3509 3108 Σεϐἦρον
3544 3037 3707 3096 αὐτὸν,

460 3131 642 3194 laudo,
699 3128 847 3181 visus
895 3137 980 3182 est
1026 3127 1094 3182 de
1140 3128 1415 3194 impietate
1459 3128 1543 3197 pie
1593 3127 1878 3182 scribere:
1931 3129 2034 3197 ipse

2152 3139 2330 3192 καίτοι
2360 3137 2490 3209 περὶ
2516 3135 2692 3190 ταῦτα
2721 3134 3128 3204 τυφλώττοντα,
3177 3133 3333 3202 ὅμως
3364 3133 3546 3184 πεῖσαι
3577 3128 3711 3181 τοῦτο

461 3236 588 3277 reus
611 3235 739 3275 vero
782 3222 1051 3276 exsisteus
1074 3236 1260 3274 eorum
1298 3236 1417 3290 qnze
1452 3221 1574 3277 aliis
1600 3219 1842 3290 objicere
1881 3235 2034 3275 ausus

2153 3231 2402 3285 συνιδεῖν·
2437 3231 2639 3300 γράφει
2677 3228 2785 3299 γὰρ
2836 3227 2973 3298 πρὸς
3013 3224 3305 3278 Ἰουλιανὺν
3355 3224 3447 3276 τὸν
3490 3222 3713 3289 ’Δλικαρ-

459 3323 564 3369 est.
614 3311 746 3379 Quis
785 3313 930 3366 enim
979 3313 1116 3368 alius
1157 3314 1373 3368 acutius
1425 3315 1588 3368 telum
1638 3315 1692 3368 in
1732 3313 2034 3368 Nestoriun

2150 3323 2335 3378 νασοῦ·
2375 3322 2477 3376 Δεῖ
2502 3323 2713 3376 τοίνυν
2746 3319 2855 3386 τὰς
2887 3319 3010 3372 τῶν
3055 3318 3249 3372 ὁσίων
3299 3311 3710 3379 καταικιιιροὺς

463 3407 688 3474 impium
729 3406 907 3468 torsit,
938 3419 1100 3475 quam
1137 3420 1268 3459 voce
1313 3406 1534 3458 robusta
1580 3404 1726 3459 Leo?
1757 3404 2034 3475 lmpatibi-

2151 3417 2263 3484 τῆς
2279 3414 2610 3486 ἁγιωτάτης
2627 3412 2994 3479 Ἐκκλησίας
3019 3408 3435 3480 μυσταγωγῶν
3463 3406 3714 3459 διδασκα-

463 3499 529 3553 lis
562 3497 699 3552 Deus
728 3497 978 3567 dignatus
1005 3507 1080 3551 est
1110 3497 1261 3550 homo
1292 3498 1430 3566 fieri,
1471 3508 1518 3552 et
1555 3497 1872 3552 immortalis
1912 3513 2034 3551 mort

2149 3508 2290 3572 λίας
2327 3503 2584 3567 ἐντελῶς
2614 3503 3078 3572 ἀναγινώσκειν,
3113 3501 3212 3556 καὶ
3239 3499 3326 3568 μὴ
3359 3500 3426 3552 ἐκ
3455 3497 3654 3563 μέρους
3679 3491 3711 3523 ¹⁶

465 3593 532 3644 tis
575 3605 760 3659 parere
815 3588 1036 3660 legibus.
1075 3587 1201 3644 Hzec
1250 3593 1589 3660 sycophanta
1641 3593 2014 3662 praetermittit

2153 3597 2227 3650 τὰ
2263 3596 2514 3649 ἐκείνων
2543 3592 2867 3662 προφέρειν
2901 3592 3000 3645 καί
3030 3591 3140 3660 τῆς
3187 3591 3343 3658 ὅλης
3388 3587 3579 3642 αὐτῶν
3606 3587 3712 3638 δια-

465 3683 571 3736 alia
605 3697 733 3737 vero
775 3682 1024 3751 quaedam
1079 3682 1223 3736 dicta
1272 3697 1526 3737 reserans
1565 3684 1631 3737 ad
1664 3699 1824 3739 suum
1862 3685 2034 3753 dOgm:

2153 3690 2324 3755 νοίας
2345 3687 2745 3752 ἐπικινδύνως
2819 3684 3394 3752 καταστοχάζεσθαι.
3439 3681 3608 3736 Τοῦτο
3657 3676 3711 3728 δὲ

467 3775 633 3844 rapit,
695 3789 795 3830 nec
856 3775 1022 3844 pudet
1079 3775 1234 3829 vocis
1294 3775 1439 3829 illius
1499 3777 1802 3845 praedictae;
1881 3791 2034 3847 nequi

2155 3781 2256 3837 καὶ
2286 3781 2384 3835 ἐπὶ
2416 3781 2536 3834 τῶν
2565 3778 2994 3836 άποστολικῶν
3024 3779 3124 3832 καὶ
3160 3773 3566 3846 εὐαγγελικῶν
3594 3788 3714 3838 συγ-

471 3883 773 3938 agnoscere
805 3869 874 3922 ab
914 3868 1032 3937 ipso
1079 3869 1279 3922 cultam
1329 3869 1441 3921 vult
1477 3869 1670 3938 legem.
1705 3869 1761 3924 Si
1798 3871 1942 3925 enim
1975 3871 2056 3924 iu-

470 3973 620 4033 tegra
674 3961 872 4015 Leonis
919 3961 1146 4031 epistola
1218 3974 1313 4028 per
1369 3962 1750 4031 ambiguitates
1813 3965 2058 4019 ambula-

468 4055 567 4118 vit,
616 4054 782 4107 etiam
821 4068 889 4107 ex
944 4067 1053 4122 quo
1105 4053 1391 4120 Acepbali,
1429 4054 1590 4109 unius
1626 4069 1876 4124 persona:
1921 4057 2029 4110 divi

2157 4057 2352 4129 ἤγουν
2376 4055 2709 4128 ἐπιστολῆς
2736 4059 2775 4127 ἢ
2810 4056 3235 4126 συντάγματος
3264 4055 3399 4108 ἔστι
3443 4046 3716 4118 παραστῆ-

473 4146 683 4200 sionem
715 4145 1002 4212 damnant,
1035 4145 1250 4200 facilem
1285 4146 1354 4200 iis
1385 4146 1658 4216 imperitia
1695 4147 2034 4202 calumniand

2157 4169 2263 4206 σαι
2290 4152 2405 4220 τὴν
2432 4153 2589 4219 ὅλην
2628 4151 2736 4206 τοῦ
2773 4150 3170 4220 συγγραφέως
3200 4148 3534 4202 εὐσέϐειαν.
3586 4141 3716 4194 Οὕτω

473 4238 818 4292 occasionem
864 4235 1146 4292 alierebat.
1177 4237 1469 4307 Postquam
1491 4253 1640 4300 ,νει-ο
1667 4254 1762 4309 per
1795 4241 2034 4294 innume-

2163 4247 2259 4317 μὲν
2291 4249 2325 4317 ἡ
2373 4247 2472 4316 τῆς
2511 4245 2776 4318 ἀληθείας
2813 4244 2908 4297 τοῦ
2953 4241 3180 4304 κανόνος
3228 4239 3488 4310 ἀστραπὴ
3527 4236 3620 4289 -καὶ
3643 4231 3718 4283 τὸν

475 4330 664 4384 rabilia
717 4330 889 4400 pietas
939 4340 1157 4386 ostensa
1205 4339 1314 4395 est,
1367 4333 1640 4401 quomodo
1681 4349 1788 4388 non
1841 4333 2034 4405 241.

2161 4341 2422 4410 Σεϐἧρον,
2483 4340 2661 4394 καίτοι
2714 4337 2918 4407 τυφλὸν
2967 4336 3118 4398 ὄντα,
3176 4333 3278 4403 τῆς
3325 4331 3529 4392 οἰκείας
3573 4324 3718 4392 αὐγῆς

474 4420 824 4490 schphantm
848 4421 1118 4490 arripiunt
1143 4420 1371 4475 alteram
1408 4437 1438 4475 a
1469 4423 1644 4492 prima
1680 4424 2017 4492 impietate:-

2162 4433 2314 4502 ὅμως
2363 4429 2673 4484 ἀπολαῦσαι
2715 4427 3154 4499 παρεσκεύασεν.
3198 4425 3365 4478 Ἀλλά
3388 4423 3494 4492 γὰρ
3521 4417 3608 4471 τοῦ
3636 4414 3718 4485 μὲν

473 4515 569 4566 θεά
601 4514 653 4566 in
687 4513 770 4567 his
799 4513 976 4583 capi“
1008 4513 1134 4566 ι¹¹¹⁰ο
2087 4517 2143 4577 1)
2169 4523 2336 4592 νόμου
2362 4522 2424 4575 τὸ
2445 4521 2659 4592 ἄμαχον
2691 4521 2893 4591 κράτος
2927 4519 3158 4572 συνιδεῖν
3185 4517 3333 4586 ἔσχε,
3363 4510 3649 4586 χρήσασθαι
3672 4504 3718 4558 δὲ

473 4607 550 4678 τῷ
581 4606 828 4680 ἀσυνέτῳ
877 4608 976 4678 τῆς
1023 4607 1250 4678 γνώμης
1297 4607 1399 4662 οὐκ
1436 4608 1758 4679 ἐμελέτησε.
1791 4611 1897 4665 Τὸν
1942 4615 2052 4688 γὰρ
2085 4620 2180 4673 τοῦ
2210 4621 2269 4672 ὲν
2302 4618 2426 4688 ὁσία
2471 4619 2537 4688 τῇ
2569 4617 2760 4688 μνήμῃ
2787 4615 3016 4676 Λέοντος
3047 4613 3212 4684 τόμον
3241 4611 3303 4664 οὐ
3352 4608 3433 4679 τῷ
3494 4605 3632 4674 νόμῳ
3670 4598 3718 4650 δν

473 4695 730 4766 ἐκήρυξε.
766 4698 833 4768 τῇ
865 4697 924 4750 δὲ
964 4695 1064 4765 τῆς
1107 4695 1466 4760 ἀντιπαθείας
1524 4697 1750 4771 γλώσσῃ
1783 4700 2159 4775 ζυγοστατῶν,
2213 4709 2310 4760 καὶ
2363 4706 2454 4760 διά
2510 4723 2677 4760 τινων
2729 4705 3145 4775 σπαραγμάτων
3198 4704 3293 4755 καὶ
3349 4696 3604 4766 κιϐδήλων
3649 4689 3719 4740 λό-

474 4808 587 4860 των
620 4791 846 4862 προῖὼν.
882 4791 1062 4858 ἔδοξεν
1107 4792 1193 4846 ὲπ’
1234 4791 1464 4863 ἀσεϐείᾳ
1497 4794 1733 4864 γράφειν
1787 4797 1826 4827 ³³
1887 4800 1982 4852 τὸν
2029 4803 2252 4873 εὐσεϐῆ,
2294 4803 2457 4864 αὐτὸς
2485 4800 2562 4856 ὣν
2605 4799 2823 4870 ἀληθῶς
2899 4799 2936 4853 ἃ
2982 4799 3293 4852 διαϐάλλειν
3360 4795 3547 4854 ἄλλους
3589 4785 3714 4841 ἐτόλ·

2154 3873 2514 3944 γραμμάτων
2543 3874 2640 3927 καὶ
2664 3873 2764 3927 ἐπὶ
2795 3871 3004 3939 πάσης
3029 3871 3142 3938 τῆς
3171 3869 3575 3924 θεοπνεύστου
3595 3867 3716 3930 Γρα·

2155 3965 2278 4036 φῆς
2303 3965 2602 4034 προσήκει
2633 3965 2848 4031 ποιεῖν,
2888 3965 3019 4018 ἐπεὶ
3044 3961 3203 4033 μηδὲ
3232 3963 3304 4015 ἐκ
3333 3958 3476 4031 μιᾶς
3502 3958 3712 4026 ρήσεως

479 4906 642 4959 μησε.
668 4889 764 4953 Τίς
793 4889 903 4959 γάρ
934 4885 1189 4958 ὀξύτερον
1215 4887 1377 4952 ἀλλος
1430 4887 1585 4958 βέλος
1625 4893 1768 4946 κατά
1843 4896 1938 4948 τοῦ
1988 4897 2290 4962 δυσσεϐοῦς
2361 4898 2544 4968 ἀφῆκε
2591 4898 2894 4967 Νεστορίου
2942 4897 3040 4966 τῆς
3099 4896 3332 4966 στερρᾶς
3395 4891 3596 4956 ἐκείνης
3644 4879 3717 4934 καὶ

475 4981 750 5044 λεοντείοις
792 4980 1000 5051 φωνῆς,
1036 4980 1091 5032 Ὀ
1123 4979 1364 5047 ἀπαθὴς
1397 4981 1544 5047 Θδὸς
1594 4984 1706 5036 οὐκ
1755 4986 2067 5054 ἀπηξίωσε
2094 4990 2365 5058 παθητὸς
2395 4988 2680 5060 γενέσθαι
2706 4987 3042 5056 ἄνθρωπος,
3074 4989 3171 5042 rtal
3223 4991 3256 5040 o'
3311 4985 3592 5045 ἀθάνατος
3636 4977 3717 5027 νόο

476 5097 611 5156 μοις
643 5077 1000 5132 ὑποκεῖσθαι
1039 5078 1345 5139 θανάτουὶ
1389 5077 1527 5130 ἀλλά
1570 5079 1744 5134 ταῦτα
1791 5084 1890 5152 μὲν
1919 5087 1947 5138 ὁ
1981 5088 2325 5157 συκοφάντης
2369 5088 2746 5156 παρατρέχει,
2783 5085 2919 5138 ἄλλα
2977 5083 3036 5136 δέ
3089 5082 3235 5136 ’τινα
3285 5083 3422 5153 ῥητά
3487 5075 3610 5145 πρὸς
3672 5069 3720 5157 τῆ

479 5153 678 5224 οἰκεῖον
707 5170 1057 5243 περικόπτων
1089 5187 1149 5223 τε
1173 5169 1271 5222 καὶ
1293 5171 1634 5242 διαστρέφων
1661 5174 1912 5247 βούλημα
1941 5178 2064 5233 οὐτε
2089 5153 2185 5251 την
2221 5153 2850 5252 προειρη-μένηνήφωνὴν
2906 5180 3258 5241 δυσωπεῖται,
3308 5175 3427 5229 οὔτε
3481 5171 3564 5224 τὸν
3617 5153 3719 5252 παρ’

481 5263 646 5316 αὐτοῦ
694 5264 873 5332 λόγοις
902 5261 1206 5332 τιμηθέντα
1249 5261 1413 5331 νόμον
1438 5263 1519 5315 ἔτι
1551 5264 1802 5333 βούλεται
1841 5269 2067 5324 εἰδέναι.
2101 5250 2163 5324 El
2198 5250 2297 5340 μὲν
2327 5250 2718 5342 γάράπασαή
2762 5250 2854 5323 τοῦ
2885 5272 2944 5322 ὲν
2995 5270 3172 5336 ἀγίοις
3225 5268 3448 5325 Λέοντος
3496 5250 3719 5316 ἐπιστολῆ

479 5361 544 5413 δι’
572 5360 892 5430 ἀμφιϐόλων
939 5357 1104 5413 τινῶν
1132 5356 1335 5422 ὥδευε,
1387 5361 1480 5412 καὶ
1519 5360 1578 5428 ἐξ
1610 5361 1737 5432 [597
1775 5363 1866 5435 H.]
1905 5359 1981 5420 ὧν
2011 5369 2062 5419 οἱ
2091 5367 2358 5437 ἀκέφαλοι
2386 5369 2487 5438 τὴν
2535 5368 2637 5437 τῆς
2690 5369 2818 5437 μιᾶς
2866 5365 3218 5425 ὑποστάσεως
3289 5361 3558 5413 αἰτιῶνται
3603 5348 3718 5401 διαί-

545 5505 568 5543 ι
609 5501 768 5557 Rom.
818 5517 896 5562 Ix,
930 5500 984 5554 5.
1069 5499 1087 5538 ι
1128 5499 1292 5553 Hebr.
1335 5515 1371 5564 ι,
1406 5500 1495 5553 51.

1803 5591 2041 5648 VARIAE
2083 5595 2493 5651 LECTIONES.

531 5804 533 5806 _
561 5734 586 5806 5_
623 5730 808 5806 Ἐϐρλ
839 5746 892 5791 v,
928 5733 978 5784 7.
1058 5729 1202 5806 “ﬁt;
1228 5728 1484 5806 θεότητος
1503 5739 1559 5780 ει
1586 5728 1817 5806 γεηθίιίι.
1852 5731 1918 5782 Α.
1946 5802 1954 5806 _
1996 5732 2016 5762 "
2046 5725 2144 5806 ὧν]
2189 5731 2350 5806 Rom.
2382 5747 2458 5795 ix,
2485 5732 2576 5806 ξὶς⁸
2681 5731 2762 5806 είς
2791 5731 2856 5785 Α.
2891 5749 2903 5783 ;
2941 5726 2991 5781 εἷ
3017 5728 3095 5791 είς
3123 5744 3182 5790 ς.
3259 5728 3279 5758 ⁹
3309 5721 3388 5795 ὃς]
3430 5720 3573 5775 llcbr.
3605 5729 3637 5776 ι,
3661 5711 3706 5764 3.

492 5801 536 5833 ιν
573 5804 636 5852 ὲκ
669 5799 865 5870 μέρους
919 5816 1026 5869 mg.
1060 5801 1101 5850 Α
1137 5818 1148 5851 ;
1186 5801 1478 5868 ἑκατέρους
1514 5817 1574 5861 ς.
1659 5799 1697 5830 ¹¹
1732 5814 1821 5852 an.
1856 5799 2185 5870 γράφεσθαι,
2237 5804 2360 5857 coll.
2396 5819 2448 5871 p.
2479 5802 2583 5855 949
2615 5800 2700 5854 B?
