4004 6446
350 371 458 434 945

1367 397 1894 469 ΒΙΒΙᾸΟΤΗΕΟΑ.
1937 433 2006 443 —
2043 410 2206 473 COD.
2266 413 2531 479 CCXXV.

3465 425 3581 490 946

347 501 523 592 95f”:
539 505 694 612 ’τῗκξ
718 509 800 612 ηνι
811 494 1115 612 αὑταῖςὶτῆς
1137 499 1392 576 διαϐολῆς
1416 511 1450 578 ἡ
1491 509 1684 578 ἄγνοια
1711 517 2003 586 πρόφασις·
2027 522 2150 575 ἐπεὶ
2172 523 2229 576 δὲ
2265 525 2354 578 διὰ
2376 529 2590 598 μυρίων
2626 531 2658 598 ἡ
2707 530 2960 586 εὐσέϐεια
3003 535 3290 606 πρόδηλος.
3347 537 3474 609 [Ἱϐι
3499 539 3592 612 [1.]

342 580 465 704 Ξτῶς
498 583 905 704 οὐχληδευτέραν
929 593 1022 646 ἐπὶ
1045 597 1113 666 τῇ
1140 597 1332 670 πρώτῃ
1359 601 1645 678 δυσσεϐεἱᾳ
1716 580 1768 663 oi
1795 580 2128 684 συκοφάνται
2175 580 2724 692 προσλαμϐάνονσίη
2777 627 2918 680 Ἀλλ’
2983 580 3296 696 ἐνΓτοιΞτοίς
3347 580 3466 704 Ιὶμὲν
3527 580 3598 690 τά

341 676 441 730 δύο
469 680 759 747 κεφάλαια.

419 770 613 880 Ἰίρὶτον
647 772 692 824 δ’
710 774 787 878 νδιν
816 779 900 847 εἴη
949 780 1058 834 τῶν
1103 785 1542 859 διαϐαλλομένων
1589 795 1771 864 ῥητῶν
1827 798 1915 852 τοῦ

2095 802 2336 860 Tertium
2370 809 2664 866 verborum
2709 812 3178 880 calumniantium,
3224 818 3404 872 sancti
3451 817 3597 874 Leo-

339 861 400 910 ὲν
445 860 623 926 ἁγίοις
651 862 879 928 Λέοντος
908 869 939 938 ἡ
971 873 1273 940 παράθεσις
1308 879 1404 932 καὶ
1430 880 1464 949 ἡ
1501 881 1564 934 ἐκ
1615 884 1708 936 τοῦ
1756 886 1915 940 αὐτοῦ

340 952 510 978 -.ζ---η
551 953 877 978 2.-._-_.__!.n-
899 977 906 978 κ
1025 963 1049 978 ᾳ
1072 965 1087 978 ι
1116 960 1142 978 'I'
1233 969 1247 978 .
1295 969 1350 978 ..λ
1552 973 1577 978 .-

2027 894 2114 950 nis
2161 900 2510 967 comparatio,
2560 910 2617 958 et
2662 917 2728 957 ex
2766 905 2955 959 eodem
3001 905 3139 961 libro
3179 908 3431 973 redditio,
3483 925 3592 978 qua

340 952 512 1047 tdpou
546 953 992 1047 άντισταράθεσις,
1021 963 1087 1016 δι’
1111 960 1179 1036 ἧς
1222 969 1255 1038 ἡ
1288 969 1472 1036 ἄδικος
1509 973 1618 1028 τῶν
1652 992 1922 1047 συκοφαν-

337 1042 450 1096 τῶν
473 1043 666 1115 γνώμη
697 1045 960 1118 λαμπρῶς
985 1055 1377 1125 στηλιτεύεται.

424 1135 576 1188 Ἔστι
622 1137 680 1190 δὲ
713 1129 823 1192 τῶν
855 1151 1380 1218 συκοφαντουμένων
1410 1155 1629 1225 πρῶτον
1651 1173 1665 1185 ·
1690 1159 1923 1214 Φυλάτ-

346 1242 439 1280 τει
461 1227 499 1259 ’³
523 1227 634 1298 γὰρ
661 1231 912 1301 ἑκατέρα
939 1238 1126 1305 φύσις
1161 1243 1504 1314 ἀνελλιπῶς
1541 1249 1658 1318 τὴν
1699 1252 1923 1322 ἐαυτῆς

352 1322 635 1390 ἰδιότητα,
670 1325 772 1380 καὶ
801 1326 1003 1398 ὥσπερ
1036 1335 1401 1404 οῠκιάναιρεῖ
1424 1339 1541 1408 τὴν
1569 1341 1674 1396 τοῦ
1695 1343 1921 1399 δούλου

340 1412 587 1482 μορφὴν
610 1416 649 1484 ἡ
682 1419 887 1488 μορφὴ
921 1423 1030 1476 τοῦ
1068 1426 1240 1493 Θεοῦ,
1281 1428 1434 1482 οὕτω
1490 1431 1606 1499 τὴν
1632 1433 1740 1487 τοῦ
1771 1436 1920 1490 Θεοῦ

339 1505 591 1573 μορφὴν
609 1507 648 1572 ἡ
676 1509 784 1565 τοῦ
814 1510 1044 1569 δούλου
1069 1518 1379 1587 μόρφωσις
1401 1522 1512 1576 οὐκ
1541 1523 1808 1592 ἐμείωσε.
1845 1526 1920 1580 Τὸ

343 1595 448 1662 μὲν
478 1592 573 1651 οὖν
605 1600 768 1670 ῥητὸν
792 1603 889 1656 καὶ
922 1607 1046 1660 καθ’
1076 1609 1237 1663 ἑαυτὸ
1259 1611 1516 1677 εὐσεϐοῦς
1535 1615 1773 1676 διανοίας
1800 1619 1918 1672 ἐστὶ

340 1688 659 1762 βλάστημα,
692 1693 834 1764 πλὴν
866 1696 984 1750 ἀλλ’
1017 1697 1497 1770 ἀντιπαρακοίσθω
1521 1707 1694 1776 τούτῳ
1724 1709 1787 1760 ἐκ
1817 1710 1916 1778 τῆς

2026 986 2225 1054 iniusta
2290 991 2738 1049 calumniantium
2793 997 3064 1053 sententia
3119 996 3321 1055 clarius
3381 1000 3584 1057 refelli-

2027 1087 2129 1133 tur.

2095 1165 2220 1222 Haec
2250 1177 2427 1223 autem
2470 1170 2914 1230 calumniantur:
2950 1173 3200 1231 Primum
3246 1179 3388 1232 enim
3417 1187 3594 1235 servat

2023 1258 2190 1312 altera
2251 1269 2446 1314 natura
2494 1263 2854 1331 indeﬁcienter
2927 1267 3012 1319 sui
3067 1269 3464 1336 proprietatem.
3521 1273 3594 1324 Et

2019 1351 2460 1420 quemadmodum
2500 1370 2603 1406 non
2641 1355 2778 1409 tollit
2827 1357 2963 1411 servi
2995 1357 3218 1428 formam
3246 1359 3344 1414 Dei
3376 1362 3548 1430 forma
3571 1402 3589 1427 ,

2018 1441 2096 1494 sic
2144 1451 2194 1493 et
2247 1443 2381 1494 servi
2414 1442 2588 1512 forma
2636 1462 2740 1501 non
2785 1448 2978 1500 minuit
3012 1447 3112 1503 Dei
3144 1448 3393 1518 formam.
3435 1452 3591 1518 Quod

2019 1533 2182 1602 igitur
2215 1534 2415 1588 dictum
2465 1544 2548 1590 est
2591 1537 2884 1592 secundum
2935 1553 2995 1594 se
3028 1541 3116 1609 pie
3144 1544 3340 1598 mentis
3371 1559 3592 1613 germen

2015 1635 2129 1693 est;
2179 1627 2277 1681 nisi
2325 1627 2454 1697 quid
2486 1639 2676 1684 contra
2725 1629 3018 1698 objiciatur
3063 1648 3131 1690 ex
3173 1634 3290 1704 ipsa
3339 1637 3586 1707 epistola.

2019 1715 2111 1770 Sic
2149 1718 2290 1772 enim
2335 1717 2526 1772 melius
2573 1719 2868 1788 impietatis
2912 1723 3237 1792 improbitas
3281 1739 3586 1782 accusetur.

340 1781 516 1850 αὐτῆς
559 1784 880 1856 ἐπιστολῆς·
923 1787 1068 1842 οὕτω
1120 1791 1228 1863 γάρ
1281 1792 1349 1847 ἂν
1401 1795 1600 1863 μᾶλλον
1629 1799 1912 1872 ἐλεγχθείη

2017 1807 2111 1862 Sic
2152 1809 2294 1863 enim
2342 1810 2542 1864 habet:
2577 1811 2697 1877 Ipse
2725 1816 3028 1880 sempiterni
3061 1814 3240 1870 Patris
3287 1820 3588 1887 unigenitus

337 1874 442 1942 τῆς
474 1873 793 1941 δυσσεϐείας
839 1879 901 1931 τὺ
944 1882 1332 1955 κακούργημα.
1377 1887 1534 1957 Ἔχει
1562 1890 1670 1961 γὰρ
1718 1892 1913 1956 οὕτως’

2016 1900 2380 1967 sempiternus,
2411 1901 2616 1970 genitus
2645 1918 2710 1956 ea:
2740 1902 2944 1971 Spiritu
2981 1917 3162 1962 sancto
3185 1918 3234 1962 et
3262 1908 3437 1964 Maria
3472 1910 3593 1965 Vir-

350 1965 416 2016 '0
441 1964 510 2018 δὲ
536 1967 719 2035 αὐτὸς
754 1970 861 2023 τοῦ
889 1971 1088 2027 ἀϊδίου
1121 1978 1352 2044 Πατρός
1367 1982 1704 2048 μονογενὴς
1725 1984 1915 2051 ἀΐδιος

2016 1964 2151 2059 gine.
2183 1986 2315 2052 Qua:
2353 1964 2622 2057 pancratio
2670 1964 2974 2060 temporalis
3015 1995 3249 2050 divinam
3304 1999 3468 2066 ipsius
3527 2017 3590 2054 ac

336 2055 554 2124 ἐτέχθη
616 2058 688 2112 ἐκ
745 2061 1092 2131 Πνεύματος
1139 2067 1313 2135 ἁγίου
1373 2069 1473 2123 καὶ
1525 2072 1754 2140 Μαρίας
1802 2073 1910 2142 τῆς

2016 2077 2383 2146 sempiternam
2435 2081 2820 2148 generationem
2887 2084 3019 2137 nihil
3070 2085 3340 2153 diminuit,
3427 2106 3590 2160 neque

339 2148 666 2214 Παρθένου,
706 2153 840 2219 ἣτις
874 2155 1162 2223 γέννησις
1190 2160 1440 2229 χρονικὴ
1473 2162 1584 2231 τῆς
1616 2165 1776 2230 θείας
1806 2169 1911 2220 αὺ-

2016 2168 2115 2236 ipsi
2151 2169 2280 2237 quid
2328 2146 2612 2237 postponit,
2659 2187 2830 2241 usque
2863 2175 2929 2228 ad
2979 2175 3107 2230 illud
3140 2195 3154 2232 :
3191 2146 3478 2248 Conceptus
3502 2146 3588 2236 est

332 2239 448 2293 τοῦ
491 2241 589 2296 καί
619 2243 817 2300 ἀϊδίου
874 2249 1220 2317 γεννήσεως
1259 2252 1396 2306 οὔτε
1432 2271 1487 2306 τι
1540 2255 1914 2324 ἁπεμείωσεν

2016 2257 2252 2312 videlicet
2285 2259 2348 2312 de
2380 2258 2586 2328 Spiritu
2613 2239 2798 2315 sancto
2836 2264 2890 2316 in
2928 2276 3074 2320 utero
3108 2265 3340 2335 Virginis
3361 2239 3589 2333 'malris,

334 2331 478 2384 οὔτε
521 2333 651 2402 μήν
688 2353 743 2389 τι
779 2338 968 2406 ταύτῃ
1000 2342 1395 2410 προσέθηκεν.
1426 2345 1572 2408 Ἕως
1593 2346 1710 2410 τοῦ,
1757 2353 1913 2403 Συν-

2016 2359 2074 2403 ut
2108 2366 2224 2418 quia
2251 2351 2327 2404 sic
2354 2365 2562 2406 servata
2588 2353 2897 2421 integritate
2923 2356 3096 2422 ipsum
3125 2331 3382 2426 genuerit,
3410 2377 3593 2429 quem-

333 2422 571 2491 ελήφθη
597 2425 713 2493 μὲν
752 2424 867 2483 οὖν
899 2430 1095 2499 δῆλον
1128 2434 1217 2486 ὅτι
1259 2435 1328 2489 ἐκ
1363 2439 1710 2506 Πνεύματος
1743 2440 1915 2508 ἁγίου

2016 2441 2302 2494 admodum
2343 2452 2391 2496 ot
2426 2454 2666 2497 manente
2695 2446 2998 2514 virginitate
3037 2452 3289 2517 concepit.
3325 2450 3594 2506 Intellexit

333 2515 407 2567 ἐν
443 2519 651 2586 γαστρὶ
703 2522 1015 2589 Παρθένου
1058 2526 1306 2594 μητρὸς,
1346 2528 1481 2595 ἥτις
1525 2530 1678 2584 οὕτω
1720 2535 1915 2599 φυλα-

2017 2533 2120 2588 hoc
2147 2533 2436 2602 aliquando
2463 2533 2786 2591 Nestorius?
2813 2536 3137 2606 Reperiatue
3180 2515 3362 2610 itaque
3393 2554 3588 2596 contra

332 2609 586 2677 χθείσης
611 2613 718 2679 τῆς
744 2616 1069 2682 παρθενίας
1093 2618 1281 2672 αὐτὸν
1309 2620 1678 2689 ἀπεκύησεν,
1710 2622 1913 2691 ὥσπερ

2016 2624 2132 2680 hac
2167 2625 2365 2694 aliquis
2406 2628 2546 2696 quod
2582 2629 2707 2698 jure
2740 2628 3120 2694 calumnietur,
3158 2609 3370 2686 etiamsi
3403 2633 3584 2702 ipsum

331 2695 451 2754 οὖν
477 2702 576 2754 καὶ
611 2703 891 2773 ἀκεραίου
911 2711 1206 2778 μεινάσης
1248 2711 1359 2779 τῆς
1397 2715 1725 2780 παρθενίας
1757 2731 1908 2770 συν-

331 2790 573 2847 έλαϐεν.
633 2790 759 2866 'Ap’
801 2800 1052 2869 ἐνενόησε
1092 2801 1266 2856 ταῦτά
1304 2821 1435 2856 ποτε
1477 2806 1520 2836 ¹⁸
1570 2806 1902 2876 Νεστόριος,

333 2876 425 2952 ἄρ’
473 2885 697 2956 εὑρήσει
746 2905 832 2953 τις
878 2891 1022 2944 κατὰ
1072 2892 1278 2946 τούτων
1313 2895 1568 2966 διαϐολήν
1613 2914 1755 2963 τινα,
1803 2899 1909 2951 κᾶν

332 2972 500 3027 αὑτὸν
525 2977 856 3046 ἐνεργοῦντα
898 2983 958 3034 ἐν
997 2982 1177 3054 ἐαυτῷ
1205 2983 1295 3037 τὸν
1341 2985 1438 3037 ἀπ’
1480 2986 1656 3058 ἀρχῆς
1700 2988 1912 3059 ἀνθρω-

2013 2715 2284 2769 diabolum
2315 2717 2511 2772 habeat
2533 2729 2914 2787 cooperantem
2943 2721 2994 2773 in
3023 2720 3126 2774 hac
3151 2736 3211 2776 re
3235 2723 3302 2775 ab
3320 2723 3470 2776 initio
3493 2725 3591 2778 ho-

2013 2807 2306 2863 micidam?
2349 2808 2529 2875 Quare
2559 2811 2724 2881 igitur
2760 2827 2868 2866 non
2913 2812 2980 2866 ad
3009 2812 3143 2877 haec,
3178 2813 3281 2867 etsi
3317 2815 3446 2882 quid
3481 2830 3591 2869 am-

2013 2899 2231 2969 biguum
2255 2907 2363 2967 est,
2393 2901 2732 2971 adaptamus,
2752 2902 2845 2958 sed
2875 2904 2991 2958 haec
3019 2904 3198 2972 potius
3227 2904 3352 2960 inde
3378 2921 3593 2961 sumere

2016 2991 2296 3048 audemus.

330 3069 596 3122 ποκτόνον
619 3071 734 3142 ἔχει
779 3073 1058 3141 διάϐολον;
1107 3077 1197 3132 διὰ
1227 3079 1283 3131 τί
1313 3075 1408 3134 οὖν
1439 3081 1514 3150 μὴ
1555 3082 1694 3153 πρὸς
1739 3082 2032 3137 ταῦτακαὶ
2088 3085 2143 3138 εῐ
2187 3104 2241 3140 τι
2302 3086 2603 3158 ἀμφίϐολον
2673 3087 3125 3160 μεθαρμόζομεν,
3204 3089 3340 3143 ἀλλὰ
3416 3091 3592 3146 ταῦτα.

334 3164 539 3235 μᾶλλον
567 3167 778 3223 ἐκεῖθεν
807 3171 1213 3228 συνδιαϐάλλειν
1250 3173 1667 3246 θρασυνόμεθα;

405 3255 549 3324 Ὅρα
577 3256 641 3327 δὴ
680 3259 774 3311 τὸν
818 3261 1110 3330 Ἀκὲφαλον
1136 3263 1254 3326 πῶς
1279 3264 1447 3319 πάλιν
1480 3267 1671 3337 ἐτέρας
1703 3268 1803 3321 οὐκ
1827 3269 1913 3321 αἱ·

332 3344 593 3413 σχύνεται
615 3351 969 3422 κατατρέχων
994 3354 1207 3424 ῥήσεως
1231 3355 1295 3422 ⁸⁵,
1328 3357 1363 3427 ἧ
1388 3375 1551 3427 φησιν
1581 3357 1685 3412 Ἐν
1720 3359 1845 3424 ὅσῳ
1868 3360 1912 3390 ¹⁵

331 3431 408 3484 τὰ
437 3435 865 3506 συναμφότερα
900 3441 1029 3508 μετ’
1054 3441 1346 3511 ἀλλήλων
1377 3447 1519 3511 eici,
1541 3448 1638 3499 καὶ
1669 3448 1776 3501 τοῦ
1802 3448 1909 3502 ἀν-
1937 3482 1980 3540 C

333 3521 573 3590 θρώπου
616 3526 684 3579 τὸ
718 3529 1005 3584 ταπεινὸν
1041 3531 1144 3585 καὶ
1192 3533 1260 3587 τὸ
1285 3535 1536 3606 μέγεθος
1573 3537 1684 3607 τῆς
1713 3541 1913 3608 θεότη-

332 3631 467 3680 τος·
493 3614 697 3685 ὥσπερ
740 3617 853 3689 γὰρ
882 3620 955 3675 έν
995 3620 1078 3688 τῷ
1113 3622 1310 3678 ἐλεεῖν
1336 3626 1379 3658 ίθ
1417 3629 1450 3680 ό
1495 3628 1640 3694 Θεὸς
1683 3629 1913 3698 τροπὴν

331 3708 450 3774 οὐχ
504 3709 848 3776 ὑφίσταται,
885 3714 1074 3780 οὕτως
1116 3717 1151 3770 d
1201 3716 1513 3784 ἅνθρωπος
1562 3719 1642 3785 τῷ
1680 3722 1913 3790 μεγέθει

331 3794 450 3862 τῆς
480 3796 658 3864 ἀξίας
682 3798 795 3866 τῆς
829 3800 992 3867 θείας
1022 3805 1134 3857 οὐκ
1176 3805 1590 3862 ἀναλίσκεται.
1632 3810 1758 3873 Πῶς
1805 3813 1912 3881 γὰρ

331 3887 440 3940 οὐκ
483 3886 806 3959 ἐδυσωπήθη
859 3890 960 3961 τὴν
1008 3890 1273 3960 λέγουσαν
1301 3895 1694 3966 ἀντιπαραθεὶς
1727 3899 1912 3970 φωνὴν

332 3977 437 4029 καὶ
464 3978 601 4048 πρὸς
649 3978 712 4032 τὸ
755 3982 1203 4052 χρεωστούμενον
1234 3984 1456 4056 ὄφλημα
1493 3988 1592 4058 τῆς
1641 3991 1913 4059 ἡμετέρας

333 4067 556 4136 φύσεως
595 4069 934 4140 ἐκτισθῆναι,
977 4073 1048 4127 Ἦ
1079 4075 1210 4129 θεία
1240 4077 1430 4145 φύσις
1461 4078 1660 4147 ήνώθη
1695 4079 1769 4147 τῇ
1797 4082 1912 4149 φύ-

331 4174 435 4211 σει
481 4158 555 4228 τῇ
582 4161 842 4230 παθητῇ,
875 4164 976 4217 ἵνα
1005 4165 1184 4220 τοῦτο
1221 4167 1299 4234 δὴ
1326 4170 1391 4222 τὸ
1433 4170 1566 4236 ταῖς
1602 4171 1914 4240 ἡμετέραις

333 4247 580 4304 ίὰσεσιν
606 4250 884 4320 ὑπάρχον
921 4255 1230 4324 ἁρμόδιον,
1269 4252 1358 4324 εἷς
1404 4259 1504 4312 καὶ
1536 4263 1569 4314 ὁ
1615 4261 1798 4328 αὐτὸς
1829 4261 1914 4316 ὢν

323 4343 589 4410 μεσίτης
624 4345 772 4398 Θεοῦ
804 4346 903 4399 καί
934 4347 1284 4415 ἀνθρώπων,
1325 4349 1636 4420 ἅνθρωπος
1676 4355 1915 4420 Ἰησοῦς

329 4433 610 4499 Χριστὸς,
659 4437 758 4488 καὶ
800 4437 1221 4506 ἀποθνήσκειν
1253 4441 1322 4495 ἐκ
1363 4442 1469 4497 τοῦ
1507 4443 1646 4510 ἐνὸς
1677 4443 1914 4514 δυνηθῇ

335 4525 436 4577 καὶ
471 4525 761 4594 τελευτᾷν
785 4528 854 4582 ἐκ
882 4530 988 4584 τοῦ
1013 4529 1222 4599 ἐτέρου
1249 4533 1336 4602 μὴ
1367 4533 1622 4605 δυνηθῇ.

412 4613 582 4669 Πάλιν
626 4618 812 4687 τρίτον
856 4619 898 4649 ¹⁷
955 4621 1036 4684 είς
1100 4624 1434 4693 κατηγορίαν
1496 4626 1910 4697 προτείνουσιν

346 4705 616 4776 Ἔνεργεῖ
638 4707 751 4777 γὰρ
798 4708 1050 4778 ἑκατέρᾳ
1082 4712 1288 4781 μορφῇ
1313 4715 1464 4783 μετὰ
1508 4715 1619 4785 τῆς
1660 4717 1912 4785 θατέρου

2101 3267 2276 3322 Cerne
2301 3265 2632 3336 Acephalum
2663 3266 2933 3336 quomodo
2976 3281 3082 3321 non
3131 3267 3323 3321 iterum
3361 3267 3590 3322 alterum

2019 3358 2218 3412 dictum
2256 3358 2512 3412 omittens
2542 3358 2814 3411 erubescit
2847 3373 2861 3410 :
2911 3356 3061 3422 Quia,
3115 3357 3308 3427 inquit,
3354 3359 3410 3410 in
3441 3357 3591 3430 [uni-

2013 3447 2187 3520 versa]
2233 3451 2528 3519 quantitate
2572 3451 2744 3503 relata
2792 3451 3038 3518 utrinque
3077 3460 3225 3515 sunt,
3271 3459 3319 3504 et
3359 3452 3588 3505 hominis

2012 3542 2188 3597 vilitas
2237 3551 2285 3595 et
2345 3541 2444 3595 Dei
2502 3551 2686 3595 contra
2738 3543 3069 3611 magnitudo.
3130 3543 3589 3607 Quemadmodum

2007 3633 2150 3688 enim
2181 3648 2295 3686 cum
2329 3633 2498 3686 dicit:
2535 3632 2676 3686 Deus
2704 3635 3048 3688 mutationem
3080 3651 3182 3688 non
3210 3637 3472 3704 suscipit;
3510 3640 3589 3690 sic

2012 3723 2166 3777 homo
2211 3725 2404 3779 divinae
2458 3724 2734 3794 dignitatis
2778 3741 2882 3779 non
2913 3731 3263 3781 consumitur.
3303 3726 3588 3793 Quomodo

2011 3816 2153 3870 enim
2199 3819 2406 3885 pudore
2437 3831 2543 3869 non
2575 3825 2658 3870 est
2699 3816 2923 3872 aﬂ’ectus
2953 3820 3156 3872 dictam
3199 3835 3387 3874 vocem
3420 3835 3589 3888 oppo-

2015 3922 2171 3970 ueus,
2199 3917 2254 3961 et
2284 3908 2350 3961 ad
2382 3907 2617 3961 debitum
2642 3919 2844 3962 nostra:
2871 3918 3078 3963 natura:
3107 3912 3380 3965 conditum
3416 3926 3538 3965 esse
3568 3927 3584 3966 :

2013 3998 2206 4052 Divina
2234 4010 2424 4051 natura
2455 3999 2605 4051 unita
2644 4007 2721 4052 est
2755 4000 2967 4067 patibili
2995 4013 3224 4062 natura,
3257 4013 3310 4054 ut
3350 4004 3444 4054 hoc
3472 4019 3586 4055 cer-

2013 4100 2062 4144 te
2098 4092 2288 4143 nostris
2341 4091 2611 4143 medicinis
2665 4101 2842 4156 aptum
2890 4092 3165 4154 exsistens,
3218 4109 3351 4145 unus
3392 4104 3439 4145 et
3474 4095 3588 4161 ipse

2012 4182 2272 4234 mediator
2329 4179 2423 4233 Dei
2470 4190 2518 4234 et
2593 4181 2865 4234 hominum
2917 4184 3171 4235 exsistens
3221 4185 3371 4236 homo
3427 4183 3586 4237 Iesus

2014 4272 2253 4328 Christus
2308 4281 2369 4334 ω,
2416 4283 2462 4326 et
2495 4275 2627 4326 mori
2660 4289 2751 4340 per
2793 4290 2953 4326 unum
2999 4277 3193 4342 potuit,
3229 4287 3274 4328 et
3323 4277 3467 4344 ﬁniri
3495 4293 3590 4343 per

2013 4365 2237 4419 alteram
2269 4381 2372 4419 non
2401 4366 2594 4431 potuit.

2081 4627 2293 4700 zﬁza
2337 4627 2570 4682 Rursum
2640 4631 2859 4681 tertium
2915 4627 2981 4681 ad
3032 4630 3433 4684 accusationem
3472 4641 3588 4684 tra-

2015 4722 2189 4774 Ituut:
2244 4718 2508 4787 Operatur
2553 4720 2690 4772 enim
2735 4730 2958 4788 utraque
2998 4719 3172 4790 forma
3221 4738 3314 4790 per
3368 4724 3586 4776 alterius

332 4799 678 4866 κοινωνίας,
709 4801 820 4868 ἕως
861 4804 958 4856 καὶ
981 4803 1053 4855 τὸ.
1072 4804 1190 4874 μὲν
1207 4806 1407 4862 αὐτῶν
1439 4807 1758 4879 διαλάμπει
1787 4811 1910 4877 τοῖς

2016 4813 2558 4874 communicationem,
2591 4813 2753 4863 donec
2795 4811 3044 4865 divinitas
3066 4815 3277 4882 quidem
3308 4815 3586 4869 miraculis

332 4891 660 4958 θαύμασιν,
707 4894 773 4946 τὸ
821 4895 890 4945 δὲ
936 4894 1064 4962 ταῖς
1114 4898 1156 4929 ¹⁸
1198 4898 1448 4966 ὕϐρεσιν
1490 4901 1906 4955 ὺποπέπτωκε.

333 4977 443 5031 Δύο
506 4979 615 5053 γὰρ
681 4977 822 5036 εἶναι
868 4984 994 5047 τοὺς
1050 4987 1408 5056 ἐνεργοῦντας
1463 4989 1799 5045 ἐκδιδάσκειν
1849 4992 1911 5045 τὸ

337 5069 503 5139 ῥητὸν
553 5069 681 5142 [598
722 5071 817 5146 H.]
869 5075 919 5127 οί
966 5077 1260 5149 κατήγοροι
1290 5077 1727 5148 ψευδολογοῦσιν.
1771 5083 1909 5135 Ἀλλ’

331 5164 543 5226 ἐκεῖνος
593 5163 758 5223 πάλιν
797 5166 865 5219 δι’
898 5168 1091 5221 ἑαυτοῦ
1125 5171 1568 5243 ἀντιπαρατιθεὶς
1605 5175 1649 5206 ¹⁹
1686 5174 1785 5246 τὴν
1829 5180 1907 5229 οἰ-

329 5252 493 5306 κείαν
521 5254 706 5325 φωνὴν
737 5256 1041 5327 ἐμφράττει
1074 5259 1278 5314 τούτων
1310 5261 1376 5315 τά
1404 5263 1669 5332 στόματα,
1707 5264 1902 5333 λέγων·

323 5337 434 5410 Εἷς
461 5344 563 5398 καὶ
594 5348 628 5400 ό
668 5347 853 5413 αὐτὸς
892 5350 1023 5417 Υίός
1053 5369 1120 5406 τε
1165 5353 1271 5408 τοῦ
1328 5355 1477 5409 Θεοῦ
1527 5357 1768 5427 ἀληθῶς
1814 5359 1913 5412 καί

411 5467 453 5496 ω
485 5457 504 5511 Ι
537 5457 682 5513 Tim.
715 5474 778 5524 ιι,
806 5460 860 5517 5.
903 5479 918 5492 ·

2009 4904 2285 4966 clarescat,
2333 4901 2635 4953 humanitas
2684 4916 2804 4954 vero
2844 4901 3060 4969 injuriis
3099 4905 3412 4972 excipiatur.
3441 4905 3587 4961 Duos

2007 4993 2149 5046 enim
2180 5007 2300 5045 esse
2345 4997 2650 5059 operantes,
2691 4990 2887 5046 docere
2913 4993 3264 5056 sententiam,
3297 5007 3588 5049 accusato-

2011 5100 2098 5138 res
2152 5081 2506 5136 mentiuntur.
2548 5078 2653 5134 Sed
2711 5081 2798 5136 ille
2843 5099 3058 5137 rursum
3091 5099 3191 5154 per
3215 5085 3450 5152 seipsum
3483 5101 3586 5154 op-

2017 5189 2218 5244 ponens
2249 5185 2434 5226 vocem
2465 5172 2757 5240 propriam,
2781 5172 3014 5228 obstruit
3053 5190 3114 5229 os
3143 5189 3325 5228 eorum
3358 5175 3582 5229 dicens:

2009 5263 2157 5318 Unus
2187 5265 2296 5330 ipse
2328 5271 2376 5316 et
2417 5259 2595 5315 Filius
2629 5261 2727 5316 Dei
2767 5281 2902 5323 vere.
2938 5276 2984 5318 et
3017 5283 3129 5320 vere
3164 5264 3341 5319 Filius
3357 5267 3582 5321 hominis

2023 5365 2122 5410 est.
2176 5354 2316 5408 Deus
2367 5353 2576 5424 quidem
2633 5365 2933 5422 quatenus:
2983 5375 3001 5406 s
3063 5356 3132 5410 1n
3170 5359 3429 5426 principio
3467 5371 3582 5412 erat

1626 5556 1862 5613 VARI/8
1904 5556 2310 5614 LECTIONES.

405 5649 453 5679 “
478 5649 586 5719 γὰρ
617 5650 876 5719 φυλάττει
916 5670 977 5716 ς.
1053 5655 1098 5686 ’³
1134 5671 1263 5708 ποτε
1293 5653 1466 5707 ταῦτα
1509 5671 1570 5717 ς.

329 5717 410 5771 ci.
441 5736 498 5787 p.
529 5717 702 5775 96er
732 5731 785 5777 et
817 5722 862 5776 Β
888 5722 1014 5790 808,
1062 5723 1149 5778 56.

333 5790 449 5850 θεὶς
481 5805 540 5853 ς.

1680 5657 1723 5686 ¹⁸
1751 5655 1814 5725 δὴ
1857 5657 2068 5726 ρήσεως
2106 5656 2194 5708 τὸν
2227 5673 2287 5718 ς.
2368 5657 2412 5686 ¹⁵
2451 5659 2510 5710 ἐν
2546 5657 2651 5726 ὅλῳ
2681 5660 2789 5727 ὅσῳ
2816 5677 2876 5722 ς,
2956 5659 2998 5688 ¹⁶
3020 5659 3193 5715 ἐλεεῖν
3227 5662 3348 5716 libri
3377 5662 3576 5719 λέγειν.

1263 5725 1302 5756 ¹⁷
1336 5725 1543 5796 τρίτονι
1570 5726 1666 5794 τὴν
1701 5728 1765 5778 A.
1799 5725 1895 5795 τὴν
1932 5728 2144 5797 μορφὴν
2177 5742 2283 5794 mg.
2337 5728 2399 5780 Α.

2518 5730 2558 5759 ³⁸
2594 5727 2740 5798 ταῖςὶ
2771 5731 2861 5781 καὶ
2887 5730 3006 5789 ταῖς
3038 5748 3097 5792 ς.
3209 5735 3251 5763 ³⁵
3277 5741 3577 5803 ἀντιπαραο
