4004 6462
509 403 616 470 917

1656 403 1922 464 ΡΗΟΤΙΙ
1960 405 2076 473 PA']

2181 406 2465 467 CARCHE
2504 408 2609 467 CP.
3619 418 3701 478 ωδ

524 516 767 579 Verbum,
802 522 850 568 et
883 510 1109 567 Verbum
1142 521 1253 566 erat
1286 527 1426 581 apua
1472 511 1657 579 Deum,
1714 524 1761 567 et
1791 512 1929 568 Dens
1968 526 2076 567 erat

2181 515 2418 583 ἀληθῶς
2458 516 2591 582 Υἱὸς
2621 514 2934 583 ἀνθρώπου
2961 516 3263 583 τυγχάνει,
3290 516 3427 582 Θεὸς
3455 521 3559 589 μὲν
3575 528 3697 582 κατὰ

524 606 745 663 Verbum
786 615 851 660 ηε
913 622 934 658 ι
988 604 1161 659 Homo
1200 620 1318 658 vero
1355 603 1641 658 secundum
1691 604 1849 668 illud,
1882 623 1902 658 ι
1945 604 2076 659 Ver-

510 701 635 754 bum
688 714 813 752 caro
866 695 1065 765 factum
1119 704 1218 762 est,
1271 704 1322 749 et
1374 696 1622 749 habitavit
1662 696 1717 749 in
1770 696 1919 750 nobis
1961 704 2008 759 ο,
2053 714 2072 749 ι

508 808 671 861 usque
698 791 768 844 ad
792 789 965 844 illud:
1002 806 1023 840 ι
1063 787 1227 852 Quent
1269 797 1327 841 ut
1362 789 1642 842 hominem.
1680 808 1698 838 ι
1744 788 1892 843 Certe
1931 788 2079 841 audit

2180 609 2377 675 τοῦτο,
2396 609 2562 673 καθὸ,
2577 627 2595 660 ι
2618 608 2721 662 Ἐν
2739 607 2897 677 ἀρχῇ
2918 604 2996 677 ⁸ἦν
3023 610 3056 662 δ
3074 607 3264 677 Λόγος
3284 607 3379 661 καὶ
3396 612 3427 663 δ
3448 613 3617 682 Λόγος
3638 616 3703 687 ἦν

2181 700 2331 767 πρὸς
2371 701 2478 753 τὸν
2517 699 2667 754 Θεὸν
2702 701 2799 755 καὶ
2835 699 2980 766 Θεὸς
3008 696 3085 767 ἥν
3108 702 3140 755 ό
3173 699 3413 768 Λόγος,ι
3438 702 3704 775 ἄνθρωπος

2179 791 2249 844 δὲ
2281 792 2430 845 κατὰ
2461 792 2656 856 τοῦτο,
2676 792 2821 845 καθὸ
2855 809 2875 842 ι
2915 791 2977 844 '0
3007 792 3195 860 Λόγος
3216 789 3369 858 σὰρξ
3388 792 3601 862 ἐγένετο
3627 800 3706 854 καὶ

2180 883 2537 949 ἐσκήνωσεν
2560 885 2629 938 ἐν
2657 884 2819 953 ἡμῖν.
2836 904 2853 934 ι
2881 884 3026 946 Ἕως
3050 882 3167 946 τοῦ,
3192 884 3300 936 ⁸ον
3335 883 3413 950 ὠς
3441 884 3709 954 ἄνθρωπον

2179 975 2494 1043 τοιγαροῦν
2531 974 2783 1044 πειράζει
2821 976 2857 1041 ἡ
2905 974 3015 1029 τοῦ
3065 974 3350 1029 διαϐόλου
3399 982 3708 1049 πανουρτία,

2181 1067 2371 1131 τούτῳ
2419 1066 2521 1121 ἅτε
2560 1067 2636 1132 δὴ
2696 1065 2818 1130 Θεῷ
2851 1067 2977 1119 ὄντι
3014 1065 3052 1133 ἠ
3111 1064 3230 1119 τῶν
3275 1064 3535 1135 ἀγγέλων
3570 1069 3709 1141 τάξις

2181 1156 2457 1211 διακονεῖ.
2501 1158 2583 1211 Τὰ
2610 1158 2717 1229 γὰρ
2764 1157 2999 1212 ἐνταῦθα
3052 1157 3284 1228 ρηθέντα
3340 1158 3517 1226 σαφῶς
3559 1160 3710 1232 ἑρμη.

2185 1246 2331 1299 νεύει
2354 1250 2448 1300 καὶ
2488 1248 2630 1318 ειπερ
2662 1250 2696 1319 ἡ
2744 1249 2954 1319 αἵρεσις
2993 1249 3353 1318 συκοφαντεῖν
3392 1248 3609 1322 ἐπήρθη,
3634 1253 3712 1308 καὶ

2185 1338 2437 1407 διαϐολῆς
2466 1341 2688 1411 ἁπάσης
2707 1340 2943 1394 δεικνύει
2974 1338 3244 1411 ἀνώτερα.

507 882 762 936 dwmonis
819 884 1044 943 astutia,
1085 880 1208 933 huic
1262 880 1415 948 quasi
1458 879 1598 933 Deus
1665 882 1734 933 sit
1775 879 2079 950 angelorum

508 973 635 1026 ordo
676 972 960 1026 ministrat.
1002 971 1127 1027 Haec
1171 969 1316 1026 enim
1368 981 1499 1026 tunc
1530 971 1673 1026 dicta
1715 971 1953 1025 dilucide
1983 984 2079 1023 ex-

506 1064 692 1135 plicat,
735 1072 793 1120 et
834 1077 1168 1134 quaecunque
1215 1062 1439 1117 haeresis
1469 1062 1790 1118 calumniari
1834 1061 2083 1133 aggredi-

510 1169 619 1224 tur,
649 1164 705 1213 et
737 1156 887 1212 omni
910 1156 1181 1212 calumnia
1211 1154 1450 1210 ostendit
1493 1155 1795 1223 superiora.

574 1430 778 1499 Quarto
807 1441 1035 1502 carpunt
1059 1432 1195 1489 hanc
1226 1433 1590 1502 sententiamj:
1625 1433 1851 1499 Quando
1883 1450 1914 1486 a
1942 1449 2076 1502 prte-

2257 1431 2531 1503 Τέταρτον
2559 1432 2908 1486 διαῦἀλλουσι
2935 1433 3033 1505 τὴν
3058 1432 3290 1505 ἔχουσαν
3324 1432 3476 1505 ῥῆσιν
3504 1433 3618 1506 [765
3636 1434 3712 1509 ἢ]

504 1540 719 1578 cursore
755 1522 965 1579 Joanne
1015 1526 1164 1594 cmpit
1206 1525 1521 1594 baptismus,
1558 1541 1621 1579 ne
1654 1525 1932 1595 ignoretur
1961 1527 2076 1595 quia

2189 1523 2328 1577 Ὅτε
2350 1522 2421 1578 δὲ
2442 1526 2591 1593 πρὸς
2620 1525 2689 1579 τὸ
2712 1523 2820 1579 τοῦ
2854 1524 3196 1595 προδρόμου
3231 1524 3447 1580 ἑαυτοῦ
3470 1525 3715 1581 Ἰωάννου

507 1612 728 1667 obscuro
775 1617 952 1668 carnis
984 1615 1271 1668 velamento
1300 1615 1492 1685 tegitur
1524 1614 1796 1672 divinitas.
1844 1613 1960 1670 Vox
1994 1615 2076 1669 Del

2187 1618 2422 1688 ἔρχεται
2450 1619 2791 1688 βάπτισμα,
2826 1619 2928 1673 ἵνα
2961 1617 3045 1689 μὴ
3082 1617 3238 1687 λάθῃ
3268 1616 3466 1685 ὅτιπερ
3500 1615 3573 1683 τῷ
3600 1634 3717 1688 προ-

506 1705 685 1759 Patris
708 1705 906 1759 caelitus
938 1706 1165 1760 demissa
1213 1708 1287 1760 ait
1310 1723 1330 1762 :
1365 1726 1385 1759 ι
1418 1706 1519 1761 Hic
1546 1716 1621 1761 est
1648 1704 1821 1760 Filius
1842 1724 1986 1761 meus
2002 1709 2076 1761 di-

2188 1711 2530 1779 καλύμματι
2574 1708 2687 1778 τῆς
2726 1708 2955 1779 οάρκὸς
3005 1709 3045 1777 ἡ
3097 1710 3308 1775 θεότης
3344 1709 3713 1779 exprimam”)

502 1796 663 1850 lectus
711 1796 765 1847 in
825 1810 926 1863 quo
967 1795 1096 1847 mihi
1157 1794 1281 1848 bene
1333 1794 1625 1862 complacui
1658 1804 1707 1848 Ρ.
1755 1813 1772 1845 ι
1809 1792 1915 1848 Sed
1963 1810 2076 1848 mox

2189 1799 2298 1854 τοῦ
2335 1799 2564 1867 Πατρός
2588 1800 2758 1868 φωνὴ
2819 1801 3149 1869 οὐρανόθεν
3193 1797 3490 1853 ἐπιϐοῶσα
3535 1816 3714 1868 φησιν·

503 1887 667 1955 pudet
710 1886 829 1941 illos
880 1885 1102 1940 Romani
1138 1884 1408 1940 Pontiﬁcii
1467 1885 1765 1956 dignitatis.
1803 1886 1896 1941 Sic
1934 1886 2076 1940 enim

2187 1909 2206 1943 ι
2245 1885 2434 1956 οὗτός
2475 1890 2648 1943 ἐστιν
2671 1893 2706 1945 ό
2730 1892 2860 1956 Υίός
2883 1907 3003 1960 μου
3022 1892 3054 1944 ό
3077 1889 3484 1959 ἀγαπητὸς,ἐν
3506 1882 3713 1959 ᾧηύδό-

501 1977 578 2031 ait
609 1992 625 2030 :
662 1974 814 2029 Venit
845 1976 1007 2045 igitur
1036 1977 1091 2029 in
1120 1975 1255 2028 hanc
1281 1975 1467 2030 mundi
1496 1976 1754 2029 vilitatem
1782 1975 1875 2030 Dei
1902 1974 2076 2031 Filius

2183 1997 2367 2048 κησα.
2389 1999 2408 2032 ι
2470 1980 2610 2033 Ἀλλ’
2631 1981 2793 2044 εὐθὺς
2827 1980 3023 2045 αὐτοὺς
3060 1979 3412 2050 καταισχύνει
3467 1980 3561 2051 τῆς
3605 1981 3715 2035 Ῥω-

499 2084 529 2121 e
560 2066 753 2121 caelesti
801 2066 1117 2120 descendens
1158 2065 1366 2131 throno,
1403 2074 1454 2119 et
1496 2082 1527 2118 a
1551 2067 1726 2134 patria
1770 2081 1874 2119 non
1906 2067 2076 2120 disce-

2186 2076 2392 2144 μαῖκῆς
2431 2071 2863 2143 Ἀρχιερωσύνης
2905 2071 2968 2125 τὸ
3016 2071 3420 2142 καλλώπισμαο
3444 2072 3581 2140 λέγει
3599 2071 3712 2143 γὰρ·

501 2160 628 2212 dens
661 2158 850 2228 gloria,
882 2175 1012 2213 novo
1051 2161 1207 2213 modo
1260 2173 1492 2228 novaque
1528 2158 1869 2227 generatione
1898 2167 2074 2213 natus.

2184 2166 2541 2233 Προέρχεται
2576 2165 2789 2218 τοίνυν
2836 2165 2923 2230 εὶς
2968 2161 3036 2216 τὸ
3090 2160 3381 2221 ταπεινὸν
3432 2161 3597 2215 τοῦτο
3630 2160 3715 2216 τοῦ

505 2247 654 2302 Novo
682 2249 891 2319 quidem
934 2250 1111 2313 modo,
1145 2258 1199 2302 ut
1233 2248 1324 2318 qui
1369 2246 1648 2302 invisibilis
1682 2258 1820 2313 erat,
1852 2248 2075 2301 visibilis

2184 2256 2415 2324 κόσμου
2442 2257 2475 2309 ό
2490 2258 2621 2322 Υἱὸς
2649 2255 2757 2309 τοῦ
2775 2255 2945 2319 Θεοῦ,
2959 2255 3077 2309 ἀπὸ
3094 2253 3202 2307 τοῦ
3222 2252 3505 2321 οὐρανίου
3534 2255 3715 2321 θρόνου

2184 2347 2558 2401 καταϐαίνων
2578 2345 2675 2399 καὶ
2698 2346 2816 2400 ἀπὸ
2845 2344 2958 2413 τῆς
2978 2344 3273 2414 πατρικῆς
3302 2344 3483 2411 δόξης
3502 2346 3602 2397 οὐκ
3625 2345 3717 2412 ἀφ-

2185 2438 2533 2506 ιστάμενος,
2548 2435 2731 2505 καινῇ
2753 2437 2827 2506 τῇ
2855 2433 3020 2501 τάξει
3051 2436 3151 2490 καὶ
3170 2435 3354 2505 καινῇ
3383 2435 3456 2503 τῇ
3474 2436 3716 2505 γεννήσει

2184 2529 2527 2599 γενόμενος,
2569 2527 2751 2598 καινῇ
2785 2529 2903 2598 μὲν
2947 2527 3023 2597 τῇ
3056 2528 3255 2595 τάξει,
3284 2528 3483 2597 ὅτιπερ
3507 2529 3719 2596 ἀόρατος

2182 2618 2269 2673 ὢν
2295 2620 2365 2673 ἐν
2396 2620 2522 2685 τοῖς
2544 2619 2762 2675 ἑαυτοῦ
2790 2619 3002 2689 όρατός
3032 2619 3285 2690 γέγονεν
3306 2620 3374 2674 ὲν
3409 2619 3528 2685 τοῖς
3550 2619 3666 2687 παρ’
3682 2619 3718 2649 ’⁸

2184 2710 2372 2778 ἡμῶν.
2394 2710 2573 2779 Μέχρι
2602 2710 2697 2763 τοῦ
2717 2726 2731 2739 ο
2776 2711 2839 2764 '0
2869 2712 2981 2781 γὰρ
3016 2708 3101 2764 ὢν
3126 2712 3276 2777 Θεὸς
3301 2711 3546 2780 ἀληθὴς,
3570 2710 3719 2774 αὐτός

2181 2801 2313 2854 ἐστι
2337 2801 2382 2832 ’⁸
2425 2801 2524 2856 καὶ
2575 2801 2887 2870 ἅνθρωπος
2929 2802 3184 2869 ἀληθής.
3226 2803 3340 2856 Καὶ
3380 2802 3513 2872 μετὰ
3556 2801 3717 2854 ταῦτα·

501 2340 675 2408 factus
723 2342 793 2395 sit
838 2341 979 2409 apud
1028 2358 1142 2406 nos,
1180 2355 1351 2409 neque
1392 2340 1506 2395 ad:
1543 2339 1679 2394 Deus
1721 2356 1893 2408 verus,
1937 2340 2077 2394 idem

500 2437 660 2487 etiam
680 2450 830 2488 verus
844 2433 1017 2488 homo.
1032 2434 1100 2488 Et
1117 2443 1235 2503 post
1252 2433 1365 2488 haec
1386 2449 1400 2488 :
1421 2431 1873 2498 Quemadmodum
1894 2433 2076 2501 igitur,

500 2534 561 2578 ut
588 2525 752 2579 multa
787 2525 1127 2593 complectar,
1156 2540 1257 2578 non
1286 2523 1519 2593 ejusdem
1553 2532 1630 2577 est
1660 2533 1863 2578 natura:
1889 2526 2079 2593 deﬂere

497 2633 563 2671 ex
594 2618 1047 2671 commiseratione
1089 2617 1316 2670 amicum
1361 2625 1652 2680 mortuum,
1688 2624 1737 2669 et
1778 2632 1901 2669 mox
1934 2618 2077 2670 redi-

497 2709 689 2774 vivum,
731 2707 1003 2777 divulgato
1046 2724 1162 2775 1am
1193 2707 1336 2760 obitu
1365 2708 1713 2776 quatriduani
1749 2709 1969 2773 mortui,
2004 2708 2073 2761 ad

496 2800 637 2853 vocis
672 2801 886 2870 jussum
936 2815 1228 2868 resurgere,
1255 2808 1309 2853 et
1337 2807 1531 2852 caetera
1586 2812 1756 2868 usque
1788 2801 1853 2853 ad
1889 2800 2017 2853 illud
2048 2815 2065 2852 :

502 2890 811 2962 Quicunque
832 2907 923 2958 per
957 2890 1323 2943 reuelationem
1358 2886 1539 2943 Patris
1577 2889 1815 2944 eumdem
1848 2890 1945 2945 Dei
1974 2889 2076 2944 Fi-

2185 2894 2416 2962 Ὠσπερ
2445 2887 2581 2958 οὖν,
2612 2893 2713 2945 ἵνα
2749 2893 2823 2947 τὰ
2864 2893 3068 2947 πολλὰ
3108 2893 3462 2962 παραλείψω
3486 2932 3501 2957 ,
3535 2894 3599 2946 οὐ
3635 2890 3723 2959 τῆς

496 2984 628 3037 lium
660 2985 929 3050 confessus
958 2992 1008 3036 et
1046 2978 1334 3035 Christum.

2181 2981 2368 3052 αὐτῆς
2419 2983 2554 3035 ἐστι
2607 2983 2850 3053 φύσεως
2910 2983 2978 3036 τὸ
3023 2985 3264 3037 κλαίειν
3310 2984 3378 3037 ἐκ
3434 2983 3718 3047 διαθέσεως

495 3076 702 3131 οτκτου
761 3076 871 3131 τὸν
918 3075 1372 3141 τελευτήσαντα
1430 3074 1635 3144 φίλον,
1700 3074 1802 3129 καὶ
1856 3076 1924 3130 τὸ
1969 3076 2078 3131 τὸν
2121 3077 2309 3132 αὐτὸν
2382 3077 2610 3147 ἁναζῇν
2669 3077 2977 3147 μέλλοντα
3048 3078 3585 3146 διασκεδασθέντος
3640 3076 3724 3130 τοῦ

495 3171 930 3244 πφοσχώματος
966 3169 1078 3239 τῆς
1112 3170 1465 3239 τεταρταίας
1491 3171 1608 3239 ἤδη
1643 3170 1839 3240 ταφῆς
1865 3172 2286 3242 ἐξαναστῆσαι
2321 3175 2471 3242 πρὸς
2499 3175 2566 3228 τὸ
2619 3175 2931 3244 κέλευσμα
2987 3173 3103 3242 τῆς
3156 3174 3388 3245 φωνῆς.
3423 3174 3541 3243 ,Καὶ
3623 3171 3722 3239 ἑξῆς

497 3264 660 3336 μέχρι
691 3264 786 3319 τοῦ
808 3281 823 3297 ο
870 3264 1079 3330 Ὅστις
1117 3263 1194 3318 δι’
1222 3264 1666 3331 ἀποκαλύψεως
1694 3262 1802 3318 τοῦ
1836 3264 2069 3334 Πατρός
2096 3265 2204 3320 τὸν
2232 3266 2421 3320 αὐτὸν
2452 3266 2551 3320 καὶ
2593 3265 2732 3320 Υίύν
2759 3265 2911 3321 Θεοῦ
2956 3266 3003 3299 ³³
3051 3266 3409 3337 ὡμολόγησε
3469 3263 3562 3320 καὶ
3612 3266 3718 3332 Χρι-

493 3363 670 3419 στόν.

567 3455 672 3510 Sed
700 3467 915 3509 rursum
960 3451 1183 3509 haeresis
1213 3450 1417 3507 dictum
1447 3452 1673 3506 verbum
1727 3452 2016 3521 discerpsit
2051 3472 2063 3507 :

2252 3448 2414 3501 Ἀλλὰ
2444 3446 2604 3501 πάλιν
2652 3447 2684 3516 ἠ
2712 3446 2923 3518 αἵρεσις
2965 3446 3212 3519 διασύρει
3253 3447 3317 3501 τὸ
3365 3447 3517 3515 λέγον
3546 3444 3684 3516 ῥητόν
3705 3459 3717 3473 ’

497 3546 615 3602 Etsi
663 3547 891 3603 maxime
928 3547 983 3599 in
1034 3545 1262 3603 Domino
1290 3544 1417 3599 Jesu
1461 3542 1674 3601 Christo
1714 3545 1810 3599 Dei
1843 3544 1983 3599 Filio
2030 3556 2076 3600 et

2181 3542 2240 3594 El
2278 3539 2377 3593 καὶ
2432 3541 2505 3592 τὰ
2547 3538 2817 3608 μάλιστα
2866 3539 2936 3593 ἐν
2989 3538 3069 3605 τῷ
3102 3541 3380 3607 Δεσπότῃ
3433 3537 3611 3607 Ἰησοῦ
3658 3534 3720 3599 τῷ

492 3640 721 3693 hominis
752 3655 859 3697 una
886 3646 963 3693 est
986 3653 1210 3708 persona
1241 3679 1256 3704 ,
1317 3647 1492 3692 tamen
1524 3638 1670 3691 aliud
1715 3648 1791 3692 est
1823 3638 1978 3704 illud,
2017 3654 2076 3691 ea:

2181 3629 2411 3701 Χριστῷ
2451 3631 2558 3685 τοῦ
2599 3632 2763 3686 ιΘεοῦ
2807 3630 2908 3685 καὶ
2972 3632 3078 3687 τοῦ
3140 3631 3461 3701 ἀνθρώπου
3510 3631 3575 3685 ἓν
3618 3633 3720 3683 ἐστι

492 3748 594 3798 quo
617 3732 672 3786 in
706 3741 924 3800 utroque
964 3732 1255 3786 communis
1293 3743 1369 3785 est
1423 3729 1629 3800 injuria
1669 3730 1886 3802 2421),
1916 3739 1966 3783 et
1995 3730 2076 3783 al-

2181 3726 2526 3793 πρόσωπον,
2562 3723 2719 3794 ὅμως
2751 3723 2957 3792 ἔτερόν
3003 3725 3177 3779 ἐστιν
3229 3724 3425 3780 ἐκεῖνο
3458 3724 3524 3789 ἐξ
3558 3718 3622 3778 οὗ
3667 3721 3721 3774 ἐι·

495 3835 684 3889 terum,
718 3840 783 3877 em
805 3839 907 3900 quo
934 3823 1226 3877 communis
1255 3824 1431 3894 opinio
1461 3834 1577 3876 orta
1605 3832 1701 3877 est.
1737 3824 1841 3877 Sed
1862 3830 2076 3877 sanctus

2181 3814 2438 3882 ἑκατέρῳ
2478 3818 2689 3870 κοινόν
2718 3816 2850 3869 ἐστι
2895 3816 2963 3869 τὸ
2989 3816 3102 3885 τῆς
3130 3815 3378 3886 ὕϐρεως,
3417 3814 3513 3870 καὶ
3553 3814 3719 3881 ἕτερον

496 3917 579 3970 vir
632 3915 972 3984 imprudentes
1007 3930 1103 3984 per
1165 3914 1270 3971 hoc
1314 3915 1581 3969 convertit
1642 3915 1858 3983 impios.
1925 3912 2076 3969 Dicit

2181 3910 2251 3975 ἐξ
2279 3905 2353 3967 οὗ
2388 3909 2595 3964 κοινὸν
2634 3909 2701 3962 τὸ
2743 3908 2855 3977 τῆς
2896 3909 3087 3977 δόξης
3124 3909 3517 3977 καθέστηκεν.
3551 3905 3720 3959 mm

492 4004 640 4060 enim
672 4020 687 4058 :
720 4003 848 4057 Post
874 4002 1088 4057 Domini
1117 4006 1542 4058 resurrectionem
1573 4020 1689 4074 qua:
1718 4004 1950 4058 videlicet
1974 4005 2076 4058 veri

2186 4003 2329 4072 ἱερὸς
2356 4002 2498 4074 ἀνὴρ
2541 4002 2639 4056 καὶ
2696 4001 3090 4073 ἀναισχύντους
3116 4000 3278 4066 ὄντας
3315 4001 3383 4055 δι’
3436 3996 3616 4054 ἑαυτοῦ
3650 3997 3717 4048 ὲν-

492 4097 727 4165 corporis
754 4097 918 4164 ipsius
944 4097 1085 4165 facta
1112 4107 1211 4163 est,
1251 4114 1369 4151 cum
1398 4097 1535 4151 alius
1558 4114 1661 4152 non
1685 4108 1944 4167 resurgat,
1977 4096 2076 4151 nisi

2181 4094 2373 4162 τρέπει
2423 4097 2551 4158 τοὺς
2588 4094 2905 4158 δυσσεϐεῖς·
2945 4092 3097 4161 λέγει
3125 4092 3266 4164 γάρ·
3328 4092 3488 4146 Μετὰ
3528 4088 3591 4144 δὲ
3630 4085 3719 4151 τὴν

491 4188 639 4247 cruci
671 4189 855 4259 afﬁxus
907 4200 955 4243 et
1002 4198 1263 4259 mortuus,
1298 4203 1469 4259 usque
1499 4190 1567 4246 ad
1600 4208 1614 4245 :
1650 4190 1740 4245 sed
1781 4206 1946 4244 unum
1982 4187 2076 4243 Dei

2182 4186 2525 4243 ἀνάστασιν
2574 4186 2680 4241 τοῦ
2710 4185 2954 4254 Κυρίου,
2993 4185 3126 4254 ἣτις
3177 4184 3415 4254 δηλαδὴ
3464 4182 3563 4237 τοῦ
3602 4181 3719 4243 άλη-

492 4276 695 4334 Filium
743 4281 1050 4349 conﬁtemur
1073 4290 1120 4334 et
1148 4297 1377 4335 carnem.

2186 4278 2356 4333 θινοῦ
2406 4277 2680 4347 σώματος
2721 4277 2908 4333 αὐτοῦ
2982 4275 3295 4348 γεγένηται
3316 4317 3331 4341 ,
3381 4275 3577 4342 ἐπειδὴ
3629 4270 3717 4324 οὐκ

490 4372 683 4438 ἄλλος
710 4372 756 4403 ’³
787 4373 1017 4441 ἀνέστη
1059 4374 1110 4426 ει
1139 4372 1225 4442 μὴ
1290 4376 1325 4428 ό
1376 4371 1745 4441 σταυρωθεὶς
1788 4370 1887 4426 καὶ
1930 4367 2267 4424 ἀποθανών.
2326 4368 2506 4439 Μέχρι
2531 4366 2648 4434 τοῦ,
2706 4369 2861 4423 Ἀλλ’
2919 4367 3030 4422 ἕνα
3099 4367 3235 4423 Υίύν
3287 4366 3435 4422 Θεοῦ
3492 4365 3584 4421 καὶ
3636 4364 3719 4418 τὸν

493 4467 687 4538 Λόγον
716 4469 1177 4539 ὁμολογήσομεν
1201 4469 1300 4523 καὶ
1329 4467 1447 4537 τὴν
1476 4467 1699 4537 σάρκα.

564 4560 858 4630 Postquam
918 4578 1044 4617 vero
1097 4564 1296 4619 invasit
1344 4562 1597 4618 haeretica
1638 4563 1845 4632 opinio,
1876 4571 1930 4617 et
1971 4563 2076 4617 hoc

2264 4552 2404 4627 Ἀλλ’
2431 4552 2510 4605 ἔτι
2545 4552 2788 4624 ἐπιπηδᾷ
2818 4552 2878 4606 τὸ
2905 4554 3181 4626 αἱρετικὸν
3199 4555 3478 4628 φρόνημα,
3508 4552 3594 4607 καὶ
3623 4550 3716 4604 bia-

491 4652 788 4723 depravat;
820 4652 924 4715 Per
946 4654 1082 4707 hanc
1117 4655 1278 4723 igitur
1315 4671 1550 4723 persona:
1571 4654 1901 4708 unitatemin
1928 4660 2076 4705 utra-

2183 4645 2368 4699 ϐάλλει
2397 4645 2478 4697 τό·
2501 4644 2603 4697 Διὰ
2632 4645 2859 4713 ταύτην
2873 4646 3082 4701 τοίνυν
3103 4646 3212 4701 τοῦ
3228 4647 3551 4717 προσώπου
3576 4640 3718 4710 τὴν²⁸

489 4760 588 4813 que
607 4754 797 4796 natura
817 4742 1042 4803 debitam
1076 4744 1312 4814 intelligi.
1344 4743 1570 4800 Etiamsi
1592 4760 1718 4799 vero
1737 4744 1824 4799 hic
1849 4742 2076 4813 propriis

2183 4738 2403 4792 ἕνωσιν
2440 4736 2510 4789 ἐν
2536 4735 2786 4803 ἑκατέρᾳ
2832 4737 3014 4805 φύσει
3056 4739 3328 4793 νοεῖσθαι
3365 4738 3715 4809 ὀφείλουσαν.

490 4833 657 4892 armis
692 4833 1025 4901 sycophanta
1049 4834 1145 4888 hos
1172 4835 1394 4902 invadit,
1431 4835 1617 4889 dicens
1650 4854 1665 4889 :
1702 4833 1769 4892 In
1825 4835 2076 4906 importu-

2197 4829 2356 4882 Ἀλλὰ
2380 4827 2662 4881 κάνταῦθα
2684 4829 2799 4890 τοῖς
2824 4827 2973 4893 ἰδίοις
2994 4829 3181 4891 ὅπλοις
3207 4833 3237 4884 ὁ
3262 4827 3717 4900 συκοφαντούμενος

491 4925 655 4985 nitate
684 4925 847 4994 igitur
875 4925 1121 4992 hominis,
1169 4935 1218 4980 et
1245 4926 1429 4979 ultima
1487 4938 1701 4991 natura,
1761 4925 1903 4980 Deus
1945 4940 2071 4978 veres'

2182 4922 2405 4984 τούτους
2454 4921 2808 4988 καταὸἀλλει,
2838 4922 3047 4991 λέγων·
3094 4925 3200 4980 Ἐν
3238 4927 3483 4996 ἀκεραίᾳ
3520 4935 3716 4991 τοιγαρ-

490 5024 646 5068 natus
672 5024 749 5069 est
778 5024 913 5070 totus
936 5016 990 5070 in
1015 5017 1103 5082 iis,
1128 5033 1244 5086 qua:
1287 5017 1453 5090 ipsius
1475 5057 1491 5083 ,
1514 5029 1561 5071 et
1586 5027 1722 5071 totus
1745 5019 1800 5070 in
1853 5016 2076 5080 nostrisl

2181 5015 2292 5069 οῦν
2339 5011 2655 5081 ἀνθρώπου
2702 5014 2803 5068 καὶ
2846 5017 3047 5082 τελείᾳ
3102 5019 3287 5089 φύσει
3336 5017 3478 5082 Θεὸς
3518 5004 3715 5080 ἀληθῶς

488 5116 546 5169 et.
587 5107 882 5177 deinceps:
913 5105 981 5161 Ut
1021 5124 1236 5162 manens
1291 5110 1451 5177 igitur
1504 5109 1559 5162 in
1609 5110 1781 5177 forma
1813 5108 1930 5173 Dei,
1956 5109 2076 5178 fecit

2181 5105 2389 5174 ἐτέχθη
2422 5103 2567 5170 ὅλος
2594 5104 2640 5136 ⁸⁵
2676 5105 2747 5158 ἐν
2777 5104 2900 5172 τοῖς
2926 5106 3145 5160 ἑαυτοῦ
3181 5105 3286 5159 καὶ
3331 5105 3472 5175 ὅλος
3522 5103 3587 5156 ὲν
3620 5094 3716 5159 τοῖς

488 5202 745 5263 hominem
770 5245 786 5268 .
817 5206 892 5263 sic
925 5206 979 5259 in
1004 5205 1134 5263 servi
1164 5202 1335 5276 [arma
1362 5203 1534 5273 factus
1553 5203 1705 5265 homo
1730 5215 1828 5265 est,

2182 5196 2370 5269 ἡμῶν.
2403 5198 2514 5252 Καὶ
2537 5195 2665 5267 ἑξῆς
2682 5210 2698 5227 θ
2733 5195 3060 5266 Τοιγαροῦν
3080 5197 3163 5265 ὡς
3180 5200 3228 5230 ²⁶
3253 5198 3454 5269 μένων
3471 5195 3538 5249 ἐν
3548 5184 3718 5262 μορφῇ

2183 5289 2334 5345 Θεοῦ
2372 5290 2704 5355 πεποίηκεν
2725 5287 3062 5356 ἄνθρωπον,
3091 5289 3281 5356 οὕτως
3300 5290 3372 5344 ὲν
3390 5281 3582 5359 μορφῇ
3604 5276 3717 5335 δού-

2181 5384 2298 5436 λου
2326 5382 2576 5452 γέγονεν
2602 5381 2937 5452 ἅνθρωπος.

1100 5480 1124 5508 ⁰
1155 5470 1389 5531 ibim”.
1476 5482 1504 5529 Ρ
1532 5471 1719 5529 Matth.
1756 5473 1961 5536 XV||,59

1782 5590 2014 5654 ῪΑΒΙΛΕ
2047 5590 2452 5651 LECTIONES.

459 5496 465 5523 ε
549 5471 750 5531 nJoan.
786 5489 827 5539 ι,
862 5475 912 5539 1,
947 5474 1004 5535 '2.

534 5724 623 5820 "°_
640 5744 1358 5820 mp'_erputigitScaliger.
1382 5746 1476 5820 τοῦ
1518 5751 1546 5802 ὁ
1592 5748 1722 5820 γὰρ]
1762 5749 1869 5820 γὰρ
1892 5747 1985 5820 τοῦ
2007 5747 2037 5800 ὁ
2074 5746 2180 5820 γὰρ
2218 5747 2260 5801 Α
2288 5764 2301 5800 :
2335 5746 2444 5820 γὰρ
2470 5746 2569 5820 τοῦθ
2594 5747 2707 5820 ὀ-ςε
2740 5815 2759 5820 Α.
2818 5746 2856 5778 ⁸¹
2895 5746 3013 5820 ἐστι
3044 5745 3089 5801 Α
3122 5764 3135 5803 :
3169 5744 3249 5799 ἔτι
3279 5762 3337 5811 ς.
3414 5742 3456 5775 υ
3481 5736 3595 5793 Υὶδν
3622 5723 3697 5785 τοῦ

489 5809 628 5865 θεοῦ
657 5809 732 5875 ς.’
778 5817 824 5847 ’⁸
862 5809 1024 5879 ἄλλοξ
1048 5818 1147 5872 οὐκ
1177 5809 1275 5880 ς.’
1308 5818 1355 5851 ³⁸
1375 5818 1472 5891 νὴν
1503 5809 1625 5874 add:
1662 5809 1726 5874 Ᾰί
1772 5809 1785 5820 ’
1807 5809 1851 5853 ³⁸
1877 5819 2012 5884 ὅλως
2042 5809 2110 5861 -λ-
2136 5809 2271 5882 ὅλως
2298 5809 2449 5886 ρήᾹ.
2528 5819 2575 5851 ³⁸
2603 5815 2703 5888 ὡς]
2736 5815 2790 5881 δὲ
2822 5832 2904 5888 ΡΓο
2942 5816 3002 5873 Α·
