4004 6448
310 366 423 433 949

1337 382 1865 446 BIBLIOTHECA.
1907 412 1975 422 —
2012 389 2178 452 COD.
2212 393 2509 458 CCXXVI.

3480 412 3590 478 950

385 479 559 534 Πάλιν
586 483 621 554 ἡ
643 484 856 556 αἵρεσις
890 487 1175 553 ὁπλίζεται
1204 491 1347 545 κατὰ
1375 491 1492 556 τοῦ,
1527 495 1678 547 Ποία
1706 496 1895 563 φύσις

2068 500 2304 560 Rursum
2353 506 2471 562 haec
2517 509 2738 565 haeresis
2788 524 3098 584 oppugnat:
3149 518 3338 584 Qualis
3396 533 3594 578 natura

299 572 736 645 ἐμπεπαρμένη
757 579 883 647 τοῖς
900 580 1075 648 ἥλοις
1094 583 1164 637 ἐν
1191 584 1320 656 [599
1346 586 1439 658 Η.]
1464 585 1546 652 τῷ
1570 588 1679 642 τοῦ
1710 606 1896 643 σταυ-

293 664 414 732 ροῦ
449 665 619 734 ξύλῳ
634 670 941 739 κρέμαται.
959 674 1069 727 Καὶ
1088 674 1250 729 πάλιν
1268 679 1295 729 6
1309 678 1407 746 τῆς
1423 678 1707 743 εὐσεϐείας
1730 697 1897 748 στρα-

305 757 477 827 τηγὸς
514 760 709 830 τρέπει
739 762 799 815 τὸ
837 765 1116 835 πολέμιον,
1167 767 1397 829 πολλοὺς
1442 770 1621 841 ἑαυτῷ
1660 789 1897 826 συνεπα-

303 847 541 917 γόμενος
574 852 901 923 συμμάχους
920 871 931 887 ·
974 857 1116 927 πλὴν
1137 858 1276 912 ἀλλά
1308 860 1403 913 καὶ
1426 861 1549 914 καθ’
1577 863 1769 917 ἑαυτὸν
1793 856 1896 930 ᾧδε

300 940 642 995 καταϐάλλει
682 944 928 1010 τούτους.
959 948 1097 1019 Περὶ
1124 948 1235 1021 γὰρ
1272 950 1544 1024 Εὐτυχοῦς
1582 953 1757 1022 λέγων
1789 972 1896 1024 φη-

302 1028 389 1082 σίν
413 1048 426 1060 ·
462 1032 568 1097 Ὃς
606 1032 721 1100 τὴν
748 1037 943 1104 φύσιν
963 1040 1079 1108 τὴν
1111 1041 1411 1112 ἡμετέραν
1432 1043 1503 1096 ἐν
1536 1043 1616 1109 τῷ
1640 1062 1898 1114 μονογε-

299 1121 405 1176 νεῖ
432 1124 543 1189 Υίῷ
580 1126 685 1181 τοῦ
705 1129 854 1184 Θεοῦ
878 1132 1026 1185 οὔτε
1047 1133 1145 1187 διὰ
1159 1132 1269 1202 τῆς
1297 1136 1723 1204 ταπεινότητος
1756 1138 1900 1194 οὔτε

304 1214 411 1269 διὰ
438 1216 547 1285 τῆς
574 1218 762 1288 δόξης
785 1223 1019 1294 ἐπέγνω
1049 1225 1161 1294 τῆς
1189 1228 1606 1296 ἀναστάσεως.
1633 1231 1745 1284 Καὶ
1767 1231 1896 1303 ἑξῆς

312 1308 474 1380 μέχρι
514 1310 644 1363 τοῦο
690 1313 751 1367 Τί
777 1313 845 1368 δέ
886 1317 1018 1371 ἐστι
1073 1318 1142 1371 τὸ
1177 1318 1449 1389 διαιροῦν
1478 1321 1582 1375 τόν
1629 1323 1888 1390 Ἰησοῦν,

309 1402 363 1453 εί
386 1400 471 1470 μὴ
507 1402 621 1471 τὴν
649 1406 1039 1476 ἀνθρωπίνην
1060 1410 1163 1466 ἀπ’
1198 1413 1388 1468 αὑτοῦ
1420 1414 1613 1483 φύσιν
1652 1415 1879 1485 ἀποχω-

2003 591 2174 656 inﬁxa
2209 594 2373 650 claris
2405 596 2549 666 ligno
2577 600 2751 654 crucis
2772 604 2982 670 pendet.
3016 602 3082 657 Et
3112 621 3328 661 rursum
3370 609 3591 678 pietatis

2004 686 2160 741 miles
2198 690 2396 744 evertit
2430 690 2665 757 hostem,
2700 694 2899 752 multos
2947 697 3001 751 in
3028 712 3089 753 se
3116 700 3392 754 adducens
3434 716 3590 755 com-

2004 776 2304 845 militones,
2334 782 2437 837 nisi
2463 785 2609 853 quod
2640 795 2695 841 et
2717 788 2798 841 sic
2827 804 2923 857 per
2956 805 3017 845 se
3046 791 3147 846 bos
3175 793 3596 864 complectatur.

2001 869 2078 925 De
2128 870 2372 943 Eutyche
2402 877 2482 930 sic
2522 878 2666 932 enim
2716 879 2994 947 loquitur:
3028 883 3132 948 Qui
3191 897 3440 939 naturam
3500 902 3600 940 no-

2004 972 2175 1017 stram
2203 966 2259 1018 in
2295 967 2565 1037 unigenito
2598 970 2698 1025 Dei
2743 969 2906 1040 Filio,
2946 992 3109 1046 neque
3134 978 3452 1041 humilitate,
3509 995 3601 1032 ne-

2004 1071 2102 1124 que
2123 1057 2292 1126 gloria
2333 1062 2542 1129 agnovit
2579 1066 2997 1134 resurrectionis,
3028 1077 3083 1122 et
3140 1085 3263 1138 qua;
3293 1080 3601 1139 sequuntur

2005 1162 2176 1215 usque
2196 1151 2263 1204 ad
2297 1150 2424 1207 illud
2458 1169 2474 1207 :
2512 1154 2653 1220 Quid
2687 1167 2898 1224 separat
2924 1159 3127 1226 Jesum,
3166 1162 3269 1215 nisi
3293 1163 3599 1231 mysterium

2005 1238 2291 1294 humanam
2336 1244 2401 1297 ab
2436 1245 2549 1313 ipso
2577 1255 2828 1301 naturam
2856 1252 3147 1320 sejungere,
3177 1268 3270 1320 per
3302 1269 3457 1322 quem
3508 1269 3598 1306 so-

2000 1329 2109 1384 lum
2153 1333 2343 1387 saluati
2387 1353 2591 1403 sumus,
2644 1342 2827 1395 conari
2863 1343 3087 1399 stultum
3129 1360 3223 1412 per
3268 1346 3598 1415 impudentes

2000 1418 2237 1485 ﬁctiones
2273 1427 2502 1491 operari.

299 1489 487 1555 ρίζειν
514 1494 559 1525 ’⁷
599 1494 664 1547 τὸ
697 1496 1060 1565 μυστήριον,
1100 1499 1174 1553 δι’
1237 1497 1426 1571 οὗπερ
1469 1503 1781 1572 ἐσώθημεν
1820 1507 2036 1574 μόνου,
2105 1489 2425 1581 πειρᾶσθαι
2457 1515 2716 1586 μάταιον
2772 1520 2871 1576 διὰ
2921 1523 3295 1594 πλασμάτων
3337 1525 3598 1583 ἀναιδῶν

299 1584 755 1654 ἀπεργάζεσθαι.

373 1681 458 1732 Τά
506 1682 604 1751 μὲν
632 1678 724 1736 οὖν
773 1685 916 1757 ῥητὰ
960 1688 1056 1739 τοῦ
1089 1690 1146 1741 ὲν
1195 1688 1372 1757 ἁγίοις
1419 1691 1674 1758 Λέοντος,
1722 1694 1792 1745 τά
1830 1710 1889 1745 τε

299 1773 728 1845 ἐπηρεαζόμενα
761 1778 941 1847 μάτην
963 1781 1056 1832 καὶ
1091 1781 1127 1835 ἃ
1162 1783 1287 1844 τοὺς
1317 1783 1734 1853 ὲπηρεάζοντας
1756 1802 1893 1838 κατ-

299 1865 663 1935 αισχύνουσι,
718 1868 894 1923 ταῦτα
926 1884 938 1897 ·
1011 1869 1047 1924 ἃ
1095 1872 1351 1925 τοσοῦτον
1429 1874 1727 1943 συσφίγγει
1798 1875 1897 1946 τὴν

302 1956 526 2020 ἕνωσιν,
550 1956 690 2010 ὥστε
714 1958 1019 2030 Θαυμάζειν
1050 1962 1168 2026 πῶς
1200 1964 1268 2016 ὲκ
1293 1964 1500 2017 τούτων
1539 1966 1590 2018 οἱ
1626 1966 1898 2036 συκοφάν-

300 2065 395 2100 ται
439 2049 561 2119 οὐχὶ
600 2051 866 2121 σύγχυσιν
904 2053 999 2106 τοῦ
1053 2054 1249 2125 ἀνδρὸς
1297 2058 1581 2120 κατεῖπον,
1608 2054 1798 2128 ὥσπερ
1834 2058 1900 2111 ὲκ

301 2137 416 2191 τῶν
447 2141 901 2215 ἐπηρεασοέντων
932 2143 1033 2212 τὴν
1066 2144 1335 2214 διαίρεσιν
1370 2145 1799 2201 συνεπλάσαντο.
1826 2147 1899 2199 Τὸ

302 2231 419 2301 γὰρ
452 2232 632 2300 λέγειν
662 2233 737 2296 ὼς
761 2235 789 2287 6
816 2235 1036 2307 ἀπαθὴς
1060 2236 1194 2299 Θεὸς
1215 2238 1315 2289 οὐκ
1340 2235 1624 2306 ἀπηξίωσε
1655 2238 1900 2307 παθητὸς

302 2326 563 2392 γενέσθαι
592 2326 901 2397 ἅνθρωπος,
927 2329 1023 2383 καὶ
1072 2330 1101 2382 6
1137 2330 1407 2394 ἀθάνατος
1441 2333 1626 2403 νόμοις
1675 2333 1898 2386 ὑποκεῖ-

305 2418 436 2481 σθαι
464 2417 712 2485 Θανάτου,
744 2421 839 2474 καὶ
863 2423 891 2474 6
910 2422 1139 2493 ἀχρονος
1159 2420 1299 2476 εἶναι
1322 2424 1525 2495 ἤρξατο
1552 2424 1659 2479 ἀπὸ
1679 2424 1897 2497 χρόνου,

301 2509 429 2573 πῶς
455 2509 613 2563 ἔλαθε
655 2513 783 2575 τοὺς
832 2515 1065 2581 πικροὺς
1098 2516 1443 2584 συκοφάντας
1476 2517 1551 2585 μὴ
1579 2516 1900 2586 συγχύσεως

300 2602 403 2653 τὸν
464 2602 632 2674 ἄνδρα
684 2604 1002 2673 γράψασθαι
1033 2606 1121 2659 διὰ
1151 2607 1394 2673 τούτων;
1444 2608 1574 2681 [768
1611 2607 1705 2680 IL]
1758 2611 1899 2677 πλὴν

299 2693 448 2759 ἀλλ’,
476 2694 666 2767 ὥσπερ
700 2698 798 2767 τὴν
825 2697 1091 2768 διαίρεσιν
1136 2701 1493 2771 ἐπιρραπίζει
1528 2702 1724 2768 ταῦτα,
1755 2702 1898 2756 οὓτω

301 2787 543 2840 κάκεῖνα
581 2788 679 2859 τὴν
712 2788 975 2859 σύγχυσιν
1006 2791 1474 2857 ἀποσκευάζεται.

379 2876 446 2929 Τί
484 2878 686 2949 δήποτε
727 2880 785 2935 δὲ
824 2884 852 2935 6
898 2887 1251 2955 συγγραφεὺς
1281 2885 1370 2940 διὰ
1404 2887 1663 2941 τοιούτων
1693 2888 1897 2942 ὥδευσε

303 2970 615 3041 ρημάτωνς
671 2974 851 3039 διττὸς
883 2977 1188 3048 τηνικαῦτα
1236 2980 1379 3033 κατὰ
1424 2980 1525 3049 τῆς
1569 2981 1899 3052 Ἐκκλησίας

303 3063 603 3118 συνίστατο
634 3066 894 3138 πόλεμος,
931 3069 1169 3123 ἐνταῦθα
1198 3070 1295 3141 μὲν
1320 3071 1410 3124 τὸν
1437 3072 1681 3143 Εὐτυχέα
1715 3072 1900 3142 φέρων

301 3156 725 3227 πρωτοστάτην,
777 3158 991 3213 ἐκεῖθεν
1032 3160 1089 3214 δὲ
1124 3160 1219 3214 τὸν
1265 3162 1587 3234 Νεστόριον,
1634 3164 1728 3217 καὶ
1761 3166 1902 3235 μετά

298 3244 411 3315 τὴν
437 3247 655 3319 πληγὴν
683 3249 779 3303 καὶ
815 3250 876 3304 τὸ
915 3252 1118 3323 πτῶμα
1150 3256 1458 3325 μαχόμενον
1481 3254 1582 3311 ἔτι.
1627 3254 1773 3325 Πρὸς
1805 3251 1900 3310 οὖν

2075 1696 2140 1752 Ει
2162 1699 2379 1768 quidem
2412 1700 2552 1755 beati
2582 1701 2779 1758 Leonis
2805 1705 2950 1761 dicta
2986 1709 3233 1776 quaedam
3273 1720 3480 1766 temere
3508 1726 3599 1767 re-

2004 1789 2295 1855 prehensa,
2343 1800 2399 1844 et
2443 1806 2673 1861 quorum
2721 1794 2925 1863 pudeat
2964 1796 3112 1867 ipsos
3171 1800 3591 1867 calumniantes,

2008 1885 2125 1939 haec
2144 1894 2272 1940 sunt
2298 1903 2313 1940 :
2339 1902 2462 1957 qua:
2493 1888 2657 1944 talem
2684 1892 3067 1964 constringunt
3099 1897 3383 1965 unitatem,
3418 1909 3477 1955 ut
3503 1902 3599 1956 ad-

1930 2016 1972 2071 Β
2009 1978 2280 2033 mirentur
2312 1981 2586 2049 quomodo
2617 1983 2669 2036 in
2698 1982 2783 2039 his
2801 1987 3152 2056 sycophantae
3181 2005 3288 2045 non
3321 1991 3600 2048 confusio-

2006 2084 2129 2124 nem
2159 2071 2260 2126 viri
2288 2074 2763 2142 reprehenderint,
2786 2079 3241 2145 quemadmodum
3265 2096 3296 2138 e
3326 2084 3597 2140 calumnia

2002 2164 2282 2233 oppressis
2324 2165 2647 2222 divisionem
2702 2169 3038 2241 contingunt.
3091 2170 3284 2228 Dicere
3316 2176 3484 2240 enim,
3538 2186 3601 2232 ut

2002 2253 2320 2322 impatibilis
2350 2254 2495 2312 Deus
2517 2274 2624 2312 non
2654 2259 2978 2328 dedignatus
2998 2272 3084 2319 est
3120 2264 3237 2321 fieri
3265 2268 3425 2322 homo
3447 2254 3600 2323 mor-

2003 2345 2146 2410 talis,
2175 2356 2232 2401 et
2259 2349 2449 2405 mortis
2472 2364 2581 2405 non
2612 2350 2827 2408 horruit
2858 2355 3204 2426 obsequium,
3238 2369 3296 2414 et
3322 2360 3442 2416 sine
3466 2371 3600 2417 tent-

2000 2452 2134 2506 pore
2168 2438 2346 2495 factus
2379 2449 2465 2497 est
2503 2456 2627 2497 cum
2660 2452 2923 2516 tempore.
2959 2446 3243 2514 Quomodo
3274 2451 3600 2522 ignorarunt

2001 2532 2130 2585 mali
2182 2531 2627 2601 calumniatores,
2663 2552 2768 2592 non
2814 2538 3101 2608 scripsisse
3123 2543 3300 2597 virum
3357 2561 3452 2615 per
3492 2547 3599 2603 hoc

2002 2622 2280 2688 confundi,
2326 2625 2430 2681 nisi
2454 2627 2601 2695 quod
2642 2636 2703 2682 ut
2733 2628 3055 2686 divisionem
3087 2632 3423 2703 redarguunt
3458 2637 3595 2704 lucc,

2001 2717 2081 2771 sic
2108 2724 2164 2771 et
2194 2716 2283 2771 illa
2311 2716 2694 2775 confusionem
2728 2722 3017 2779 adornant.

2073 2874 2191 2943 Quo
2220 2878 2433 2932 tandem
2463 2881 2701 2950 scriptor
2745 2880 2835 2937 hic
2861 2882 3062 2957 253a
3092 2888 3298 2955 tendat,
3322 2891 3596 2961 geminum

2001 2967 2129 3023 hinc
2160 2969 2419 3026 adversus
2443 2970 2744 3028 Ecclesiam
2772 2979 3021 3033 nascitur
3045 2979 3267 3037 bellum.
3294 2980 3433 3038 Hinc
3449 2986 3596 3039 enim

2001 3060 2303 3135 Eutychem
2360 3067 2608 3123 referens
2653 3070 2981 3140 principem,
3040 3074 3192 3132 illinc
3225 3091 3357 3133 vero
3405 3074 3603 3133 Nesto-

2000 3156 2162 3222 rium,
2196 3166 2251 3213 et
2281 3169 2401 3227 post
2420 3170 2702 3232 acceptam
2752 3163 2989 3235 plagam,
3016 3166 3338 3239 lapsumque
3363 3185 3598 3240 pugnam

2001 3251 2435 3318 instaurantem,
2458 3268 2581 3310 cum
2608 3265 2842 3329 utroque
2858 3275 3106 3330 pugnans
3123 3261 3341 3328 pietatis
3363 3263 3452 3317 hic
3468 3265 3600 3329 dux,

301 3337 609 3411 ἑκατέρους
632 3340 660 3392 6
689 3341 790 3412 τῆς
824 3342 1111 3408 εὐσεϐείας
1137 3346 1447 3416 στρατηγὸς
1485 3347 1895 3419 διαμαχόμενος

2010 3346 2119 3400 suis
2149 3344 2297 3414 ipsos
2327 3360 2395 3401 ac
2421 3350 2624 3405 mutuis
2655 3350 2778 3405 telis
2803 3350 3071 3408 vulnerat.
3108 3352 3317 3409 Etcum
3344 3353 3603 3412 Nestorio

298 3430 531 3494 οἰκείοις
557 3433 654 3485 καὶ
680 3434 1042 3506 καταλλήλοις
1061 3436 1241 3506 βέλεσι
1270 3440 1399 3502 τοὺς
1426 3440 1757 3504 ἀντιπάλους
1786 3440 1899 3494 ini-

299 3535 549 3589 τρωσκε,
582 3522 679 3575 καὶ⁵
730 3523 1014 3596 Νεστορίῳ
1046 3526 1145 3596 μὲν
1198 3528 1458 3599 πολεμῶν
1508 3530 1774 3598 σύγχυσιν
1811 3530 1901 3586 διὰ

300 3609 415 3681 τὴν
457 3610 755 3679 ὁμολογίαν
805 3614 905 3683 τῆς
949 3616 1127 3686 ἄκρας
1172 3616 1420 3681 ἑνώσεως
1466 3620 1579 3683 τοῖς
1620 3618 1901 3683 ἀσυνέτοις

297 3703 460 3755 δοκεῖ
504 3704 896 3774 παρεισάγειν,
926 3707 1161 3777 Εὐτυχεῖ
1197 3708 1253 3761 δὲ
1301 3710 1752 3780 συμπλεκόμενος
1808 3712 1903 3763 καὶ

296 3796 410 3865 τὴν
436 3795 545 3848 τῶν
584 3796 801 3865 φύσεων
845 3799 1111 3869 διαφοράν
1141 3802 1673 3871 ἀκριϐολογούμενος
1714 3802 1902 3872 διαφο-

302 3886 413 3957 ρὰν
491 3888 847 3944 ὐποστάσεων
923 3896 1319 3964 κατηγορεῖται
1398 3894 1731 3964 προτείνειν.
1808 3895 1906 3947 Δεῖ

296 3978 361 4030 δὲ
418 3977 511 4030 τὸν
566 3980 864 4035 ἀδέκαστον
924 3983 1204 4055 ἀκροατὴν
1244 3984 1336 4038 τὸν
1389 3984 1483 4038 τοῦ
1536 3985 1902 4055 συγγραφέως

302 4071 515 4125 σκοπὸν
586 4073 865 4139 ἐξετάζειν
932 4077 1027 4129 καὶ
1084 4077 1176 4129 τὸν
1209 4077 1402 4149 εἱρμὸν
1437 4076 1556 4131 ὅλον
1609 4080 1709 4146 τῆς
1775 4095 1905 4146 συγ-

298 4165 530 4235 γραφῆς
560 4166 604 4197 ”
630 4168 977 4226 ἐπισκοπεῖν.
1014 4171 1138 4222 Ὅτι
1186 4171 1245 4224 δὲ
1287 4170 1684 4242 διχόθεν.αὐτῷ
1733 4189 1905 4243 προσ-

299 4256 471 4309 έϐαλε
504 4257 565 4310 τὸ
606 4258 897 4330 πολέμιον,
945 4260 1109 4326 αὐτὸς
1153 4264 1383 4335 γράφων
1438 4263 1577 4335 πρὸς
1609 4265 1702 4316 τὸν
1753 4265 1907 4318 εὐσε-

299 4348 570 4403 ϐέστατον
624 4350 870 4422 [βασιλέα
916 4354 1144 4422 Λέοντα,
1200 4356 1295 4408 καὶ
1345 4355 1650 4426 Νεστόριον
1708 4354 1904 4409 ἀναθε-

304 4439 557 4510 ματίζων
610 4444 706 4497 καὶ
760 4444 1047 4516 Εὐτυχέα,
1098 4447 1284 4517 σαφῶς
1329 4446 1660 4502 ἐκδιδάσκει.
1710 4446 1907 4519 Ἐχρῆν

305 4531 405 4585 οὖν
449 4533 696 4600 εὐλαϐῶς
742 4539 854 4601 τοῖς
887 4539 996 4591 τῶν
1045 4540 1309 4613 Πατέρων
1353 4540 1539 4604 πόνοις
1593 4540 1904 4612 προσέχειν,

311 4626 455 4680 ἀλλὰ
487 4628 563 4700 μὴ
611 4630 750 4700 πρὸς
771 4631 1025 4702 διαϐολὴν
1052 4634 1174 4688 ἀντὶ
1214 4636 1311 4689 τοῦ
1357 4637 1729 4707 εὐγνωμονεῖν.
1763 4634 1903 4687 ἑτοί-

2005 3435 2225 3504 quidem
2291 3436 2583 3505 dimicans,
2624 3441 2999 3498 confusionem
3031 3447 3139 3513 'per
3197 3446 3601 3503 confessionem

2003 3541 2229 3581 summae
2254 3528 2481 3584 unitatis
2509 3530 2690 3586 stultis
2722 3533 2977 3588 invehere
3007 3535 3238 3591 videtur.
3269 3535 3404 3592 Cum
3428 3538 3602 3610 Euty-

2007 3619 2109 3674 che
2140 3634 2270 3674 vero
2297 3630 2540 3686 certans,
2571 3634 3002 3693 naturarumque
3030 3626 3409 3684 diversitatem
3443 3646 3601 3686 accu-

2008 3717 2128 3763 rate
2148 3708 2466 3777 defendens,
2501 3710 2864 3769 differentiam
2887 3731 3244 3784 personarum
3268 3718 3322 3773 in
3356 3720 3594 3776 medium

2020 3801 2283 3857 attulisse
2308 3814 2620 3860 accusatur.
2658 3804 2887 3876 Oportet
2907 3822 3038 3863 vero
3086 3810 3355 3880 integrum
3385 3814 3602 3868 audito-

2009 3906 2123 3945 rem
2175 3894 2464 3963 scriptoris
2496 3910 2720 3966 scopum
2779 3898 3130 3971 investigare,
3161 3910 3218 3955 et
3263 3903 3427 3957 totius
3460 3906 3600 3958 scri-

2007 3984 2210 4053 ptionis
2228 3986 2424 4041 seriem
2459 3986 2828 4043 considerare.
2868 3989 3011 4045 Duos
3044 4002 3224 4047 autem
3265 4007 3387 4049 sese
3418 3994 3605 4051 hostes

2009 4091 2265 4146 nactum,
2284 4081 2529 4137 scribens
2556 4082 2673 4153 ipse
2700 4083 2766 4138 ad
2798 4084 3194 4153 pientissimum
3226 4084 3465 4142 Leonem
3495 4089 3602 4142 im-

2008 4182 2323 4243 peratorem
2346 4184 2403 4229 et
2444 4172 2759 4230 Nestorium
2786 4178 3136 4232 anathemate
3161 4176 3367 4235 feriens
3390 4189 3446 4235 et
3490 4181 3603 4243 Eu-

2014 4263 2255 4334 tychem,
2283 4264 2429 4320 clare
2454 4266 2634 4322 docet.
2688 4264 2985 4337 Oportebat
3006 4279 3185 4324 autem
3212 4268 3432 4326 Patrum
3463 4273 3606 4344 vigi-

2011 4353 2113 4409 lias
2143 4354 2541 4426 circumspecte
2571 4357 2789 4424 legisse,
2810 4368 2865 4415 et
2905 4361 3360 4429 quemadmodum
3383 4364 3605 4420 Arianis

2011 4447 2177 4502 exilia
2229 4448 2415 4515 verba,
2440 4450 2861 4522 passionemque
2888 4453 2941 4506 in
2970 4451 3094 4507 Filii
3136 4452 3403 4511 Deitatem
3457 4456 3601 4512 refe-

2014 4542 2282 4609 rentibus,
2315 4552 2376 4596 ut
2408 4542 2587 4612 ipsum
2630 4544 2898 4601 minorem
2926 4544 3133 4601 faciant
3171 4546 3355 4614 Patre,
3407 4547 3606 4605 Patres

2018 4632 2204 4689 dicitis
2225 4633 2589 4691 crassioribus
2609 4636 2687 4691 uti
2711 4636 2917 4703 verbis,
2951 4637 3299 4696 Dominicum
3328 4641 3607 4712 appellan-

310 4736 453 4788 μους
478 4714 619 4774 εἶναι
638 4738 650 4751 ·
685 4722 781 4775 καὶ
810 4723 1065 4794 καθάπερ
1091 4724 1202 4779 τῶν
1236 4727 1534 4796 Ἀρειανῶν
1566 4726 1637 4780 τά
1664 4726 1899 4782 ταπεινά

2012 4737 2095 4782 tes
2127 4727 2428 4794 hominem,
2468 4728 2554 4784 vel
2576 4739 2940 4799 assumptum.

309 4814 539 4885 ῥήματα
572 4815 668 4868 καὶ
718 4816 778 4869 τὸ
813 4817 990 4881 πάθος
1017 4820 1098 4884 είς
1129 4821 1229 4893 τὴν
1263 4824 1356 4876 τοῦ
1388 4824 1521 4881 Tini
1555 4823 1789 4895 θεότητα
1816 4821 2263 4895 μεταφερόντων,
2284 4822 2360 4886 ὡς
2387 4821 2455 4875 ἂν
2481 4822 2645 4877 αὐτὸν
2693 4825 2774 4889 εἰς
2832 4826 2895 4879 τὸ
2956 4826 3182 4882 ἔλαττον
3244 4830 3605 4900 καταγάγωσι

303 4908 400 4961 τοῦ
446 4908 682 4981 Πατρὸς,
708 4913 835 4975 τοὺς
878 4913 1130 4981 Πατέρας
1163 4916 1301 4986 φατὲ
1329 4916 1691 4989 βιαζομένους
1751 4916 2090 4990 παχυτέραις
2153 4915 2466 4989 χρήσασθαι
2535 4916 2735 4985 λέξεσι,
2795 4919 2887 4974 τὸν
2928 4922 3214 4994 Κυριακὸν
3236 4924 3606 4997 ὀνομάζοντας

305 5003 598 5074 ἄνθρωπον
630 5006 726 5060 καὶ
755 5006 848 5062 τὸν
872 5007 1255 5079 ἀναληφθέντα
1277 5013 1345 5066 ³³.
1379 5053 1395 5068 .
1430 5051 1445 5066 .
1482 5053 1496 5068 .
1532 5053 1548 5069 .

1018 5103 1208 5170 Σκσο.

310 5189 427 5245 Τοῦ
479 5190 671 5246 αὐτοῦ
707 5195 1006 5265 Εὐλογίου
1053 5197 1215 5265 άλλη
1240 5197 1462 5264 βίϐλος
1515 5199 1668 5254 κατὰ
1702 5198 1912 5255 Θεοδο-

806 5268 951 5322 σίου
982 5266 1080 5321 xui
1105 5270 1397 5337 Σευῆρον.

393 5350 740 5429 ’Δνεγνώσθή
777 5358 1045 5428 Εὐλογίου
1070 5360 1162 5414 τοῦ
1185 5360 1493 5429 ἀγιωτάτου
1522 5362 1680 5417 πάπα
1722 5362 1907 5431 Ἀλεξ-

308 5445 587 5518 ανδρείας
613 5447 795 5519 βίϐλος
816 5490 833 5516 ,
872 5453 932 5506 ὲν
1034 5452 1288 5522 φαίνεται
1334 5454 1432 5523 μὲν
1460 5455 1571 5508 τῶν
1598 5455 1644 5486 ³ο
1676 5455 1778 5526 τῆς
1810 5458 1902 5509 εὐ-

309 5536 534 5600 σεϐείας
566 5537 908 5613 ὑπερμαχῶν
934 5543 1244 5615 δογμάτων,
1271 5544 1398 5609 τοὺς
1425 5545 1482 5599 δὲ
1508 5548 1609 5618 τῆς
1640 5547 1894 5612 ἀσεϐείας

2678 5103 2961 5163 CCXXVI.

2015 5198 2230 5266 Eulogii
2272 5196 2507 5267 ejusdem
2555 5198 2686 5255 liber
2729 5212 2913 5257 contra
2954 5203 3308 5260 Theodosium
3340 5216 3391 5260 et
3453 5204 3606 5264 Seve-

2739 5289 2876 5328 rum.

2079 5362 2276 5418 Lectus
2322 5363 2460 5420 liber
2506 5363 2718 5437 Eulogii
2780 5365 3136 5423 Alexandrini
3184 5367 3446 5438 episcopi,
3496 5384 3604 5441 quo

2002 5457 2107 5525 piae
2163 5456 2424 5512 doctrinae
2455 5471 2673 5513 causam
2719 5460 3028 5530 suscepisse
3072 5460 3310 5525 videtur,
3342 5462 3603 5530 pudorem

2003 5548 2498 5619 propugnatoribus
2524 5549 2823 5620 impietatis
2849 5551 3138 5607 incutiens.
3183 5549 3443 5609 lnscribit
3472 5568 3605 5610 vero

1643 5664 1878 5720 VARIAE
1911 5664 2323 5723 LECTIONES.

466 5757 649 5841 malim
669 5760 1152 5845 ἀποχωρίςονταςκ
1216 5760 1620 5845 ’θησυγγραφῆς
1652 5766 1695 5817 Α
1722 5781 1744 5845 τ’
1761 5766 1982 5836 γραφῆς
2000 5782 2060 5830 ς.
2140 5766 2182 5797 ²⁹
2209 5766 2749 5838 ροει.ξάναληφοέντα
2765 5767 2819 5825 in
2841 5766 3385 5827 Acolumnm-vacant
3410 5770 3447 5827 5
3479 5768 3606 5839 υὲν

314 5827 372 5881 in
402 5827 444 5883 (Ξ
476 5832 684 5900 pagina:
716 5830 739 5885 1
777 5827 902 5900 ΞΑ.
1017 5832 1061 5865 ³⁰
1098 5833 1198 5904 μὲν
1225 5827 1495 5906 τῶν]’ἱιιὶο
1526 5827 1648 5889 ’τῶν
1680 5827 1799 5907 μέν.
