4004 6458
413 394 517 467 951
634 414 637 419 ’
1578 406 1843 467 ΡΗΟΤΙΙ
1873 398 2380 467 ΡΑΤΒΙᾹΗΟΗΕ
2413 402 2523 463 CP.
3606 389 3708 454 952

421 511 616 565 librum
640 509 875 579 primum
902 511 1143 582 pontifici
1170 511 1358 579 Leoni,
1397 522 1688 568 accusatus
1725 525 1792 567 ac
1817 526 2008 581 repre-
2039 543 2051 573 Α

2160 508 2491 582 ροασπιστὰς
2525 505 2656 579 [400
2684 501 2782 578 H.]
2822 498 3219 571 καταισχύνων.
3266 492 3609 567 Προτίθεται
3654 499 3708 556 δὲ

422 604 623 658 hensus
649 618 680 656 a
706 602 1036 671 Theodosio,
1068 604 1265 661 alicubi
1298 620 1428 663 vero
1459 621 1488 660 a
1514 605 1740 671 Severo,
1764 604 2017 675 Acepha-

2159 602 2270 673 ὐτῷ
2298 600 2393 655 τοῦ
2423 601 2481 654 ὲν
2515 598 2694 667 ἁγίοις
2728 596 2889 651 πὰπα
2922 593 3151 656 Λέοντος
3191 590 3220 644 ό
3244 589 3449 660 τόμος,
3473 589 3708 661 ἐπηρεα-

422 695 511 750 lis.
544 695 874 765 Perstringit
901 712 1031 753 vero
1061 696 1275 753 illorum
1310 700 1642 755 dementiam
1689 698 2016 769 improbita-

2156 696 2348 767 όμενος
2400 692 2501 763 μὲν
2568 691 2665 745 καὶ
2708 686 3215 757 συκοφαντούμενος
3258 682 3374 736 ὐπὸ
3410 681 3708 750 Θεοδοσίου,

423 797 644 857 temque
700 787 835 841 nihil
891 789 1191 845 ostendens
1230 806 1420 847 verum
1465 806 1643 860 neque
1692 791 2020 847 concludere

2156 787 2340 859 νιαχοῦ
2373 785 2430 840 δὲ
2460 786 2555 841 καὶ
2586 784 2849 855 Σεϐήρου,
2876 780 2986 835 τῶν
3022 778 3343 849 Ἀκεφάλων
3362 792 3376 805 ’
3412 775 3713 847 στηλιτεύει

429 880 767 943 necessario,
796 879 1027 935 conficta
1056 890 1112 935 et
1147 880 1280 937 falsa
1324 883 1631 947 mendacia,
1668 890 1721 938 et
1752 898 1856 938 non
1887 899 2022 938 con-

2156 882 2181 936 ὲ
2217 880 2316 952 τὴν
2342 878 2529 934 ἄνοιαν
2551 876 2733 931 αὐτῶν
2756 876 2849 930 καὶ
2874 872 3239 944 κακουργίαν,
3272 869 3440 923 οὐδὲν
3475 868 3574 936 μὲν
3600 872 3713 923 ὲπι-

425 977 507 1024 tra
553 970 698 1024 illum
728 971 902 1042 magis
940 981 1201 1039 armatos,
1245 976 1469 1042 quicum
1507 984 1771 1047 pugnent,
1818 976 2020 1031 nihilo-

2156 974 2342 1037 εικνὺς
2383 970 2583 1042 ἀληθὲς
2612 969 2647 1037 ἢ
2679 967 2978 1035 ἀναγκαῖον
3022 963 3310 1032 λέγοντας,
3349 957 3714 1030 διεψευσμένα

426 1062 608 1117 minus
660 1072 839 1117 tamen
898 1062 1160 1118 adversus
1227 1075 1448 1121 sanctos
1505 1080 1739 1133 omnes,
1787 1081 2022 1136 quorum

2156 1066 2185 1119 ὲ
2224 1065 2321 1119 καὶ
2351 1059 2851 1134 συμπεπλασμένα,
2872 1057 2968 1111 καὶ
3000 1054 3063 1108 οὐ
3106 1053 3231 1107 κατ’
3272 1050 3501 1105 ἐκείνου
3526 1049 3716 1119 μᾶλλον

428 1153 649 1207 nomina
676 1165 973 1223 respuunt:
1006 1169 1113 1209 non
1136 1155 1303 1224 igitur
1334 1155 1668 1223 inﬁciantur,
1701 1164 1755 1213 et
1786 1172 1884 1228 pro
1913 1174 2029 1213 om-

2156 1155 2529 1227 ιπλιζομένους
2552 1147 2597 1222 ᾧ
2623 1148 3133 1222 διαπληκτίζονται,
3165 1145 3284 1200 ἁλλ’
3322 1144 3484 1198 οὐδὲν
3509 1141 3718 1197 ἔλαττον

429 1245 592 1301 nibus
640 1246 899 1301 audacter
929 1246 1051 1302 illos
1074 1249 1352 1316 opposuit,
1387 1250 1586 1318 quibus
1618 1259 1864 1305 sanctum
1894 1249 2030 1305 Leo-

2156 1250 2277 1304 ιατὰ
2307 1250 2526 1303 πάντων
2556 1244 2694 1317 ὁμοῦ
2726 1244 2835 1299 τῶν
2874 1240 3073 1311 ἁγίων,
3106 1232 3183 1293 ὧν
3210 1236 3340 1293 οὐδὲ
3381 1236 3484 1299 τὰς
3508 1235 3719 1306 κλήσεις

431 1353 558 1393 nem
582 1348 918 1408 oppugnant,
968 1348 1023 1395 et
1046 1351 1236 1395 contra
1272 1342 1491 1396 beatum
1521 1342 1808 1413 Cyrillum,
1854 1345 2032 1412 quod-

2156 1342 2209 1407 ὓς
2264 1342 2386 1412 οὐχὶ
2424 1338 2658 1411 τιμῶσιν
2707 1334 2975 1408 οὐμενοῦν
3005 1333 3105 1387 οὐκ
3135 1332 3277 1385 εἰσιν
3346 1327 3587 1399 ἔξαρνοι.
3620 1328 3722 1381 Καὶ

430 1444 537 1499 que
563 1431 866 1486 mirandum
886 1432 1077 1502 magis,
1105 1433 1363 1488 adversus
1383 1449 1495 1499 eos,
1518 1436 1607 1504 qui
1631 1436 1847 1490 decreta
1865 1450 2035 1505 oppo-

2156 1432 2245 1507 τρό
2289 1451 2354 1503 γε
2388 1433 2432 1466 ³¹
2473 1433 2693 1487 πάντων
2733 1429 3070 1501 παρίστησιν
3112 1424 3316 1487 αὐτοὺς
3346 1420 3618 1491 ἐναργῶς,
3648 1416 3722 1483 οἷς

433 1535 591 1580 nunt.
630 1524 736 1577 llas
769 1524 913 1579 enim
950 1539 1112 1580 voces
1164 1541 1303 1595 quas
1337 1526 1613 1595 allatrant,
1648 1528 1908 1599 Cyrillum
1932 1544 2034 1583 sa:—

435 1618 555 1685 pius
568 1618 828 1688 objiciunt
847 1617 1042 1690 243i:
1062 1629 1420 1688 asserentem,
1445 1621 1786 1689 aliorumque
1816 1631 2036 1676 sancto-

438 1724 556 1765 rum
590 1710 809 1765 Patrum
844 1720 1142 1766 catervam.
1172 1711 1289 1778 Quo
1332 1713 1385 1766 iu
1422 1728 1648 1767 numero
1671 1712 2038 1780 Athanasius,

441 1802 713 1873 Gregorii,
765 1803 1018 1865 Basilius.
1086 1804 1411 1860 Ambrosius
1488 1815 1544 1859 et
1601 1804 2033 1872 Amphilochius.

443 1893 681 1965 Denique
713 1896 967 1951 amentia:
1017 1896 1344 1962 confutatio,
1395 1897 1656 1952 Severum
1700 1897 1876 1967 ipsum
1909 1897 2033 1952 ubi-

443 1998 555 2057 que
603 1988 877 2059 dogmatis
915 1997 1193 2043 auctorem
1226 1987 1468 2044 adducit.
1501 1988 1716 2055 Quibus
1768 2003 1900 2044 usus
1953 1999 2038 2044 est

440 2079 632 2135 beatus
657 2078 766 2133 Leo
789 2078 811 2151 [
841 2080 894 2134 in
914 2080 1159 2135 numeris
1181 2080 1449 2135 haereseos
1476 2080 1499 2152 ]
1529 2080 1782 2135 convitiis
1801 2095 1829 2133 a
1860 2077 2038 2134 Theo-

444 2172 598 2227 dosio
628 2182 685 2227 et
732 2172 938 2227 Severo
975 2172 1270 2242 excipitur.
1321 2172 1413 2227 Sic
1448 2172 1662 2227 illorum
1704 2172 2037 2227 dementiam

446 2264 703 2330 ostendit,
721 2265 1163 2320 etadversariam
1205 2274 1421 2320 tuentes
1440 2274 1650 2333 partem
1675 2264 1842 2319 armis
1868 2265 2038 2328 exuit,

445 2366 508 2412 ut
541 2357 594 2411 in
620 2372 681 2412 se
709 2359 847 2413 ictus
867 2358 1122 2412 assiduos
1148 2358 1448 2412 inferentes
1474 2358 1610 2412 nihil
1639 2355 1919 2412 laederent.
1943 2354 2042 2411 Est

447 2456 627 2503 autem
674 2448 760 2504 hic
785 2449 1022 2518 scriptor
1060 2462 1229 2517 purus
1250 2464 1317 2505 ac
1355 2449 1562 2513 Suavis,
1592 2458 1647 2503 et
1671 2448 1917 2503 breviter
1977 2462 2043 2503 ac

448 2541 644 2597 leviter
696 2542 1079 2596 accusationes
1108 2541 1424 2606 instituens,
1451 2552 1508 2598 et
1537 2542 1660 2597 sine
1704 2558 1868 2599 causa
1908 2541 2043 2596 nihil

450 2631 504 2685 in
538 2630 775 2685 medium
808 2628 1130 2699 proferens;
1160 2629 1220 2685 In
1265 2631 1679 2701 quatuordecim
1719 2632 1897 2703 capita
1931 2631 2044 2686 bte-

446 2721 633 2776 relicis
664 2721 862 2776 librum
911 2721 1055 2776 beati
1106 2722 1307 2778 Leonis
1348 2724 1740 2790 dividentibus,
1792 2741 1899 2779 non
1948 2739 2045 2779 ca-

455 2814 670 2884 pti0nes
719 2815 1187 2879 accusationesve,
1241 2815 1777 2886 vituperationesque
1836 2819 2047 2887 ineptas

455 2901 709 2967 afferunt,
746 2914 801 2956 et
848 2902 962 2972 ipse
995 2902 1220 2959 totidem
1254 2904 1448 2959 dividit
1475 2906 1818 2963 refutationis
1846 2908 2046 2976 capita,

454 2998 648 3049 fortem
681 3010 745 3049 ac
773 2993 1003 3049 validam
1062 2997 1541 3066 reprehensionem
1573 3000 1857 3053 calumnia:
1909 3002 2049 3054 Ace-

459 3088 628 3157 phali.
682 3089 915 3142 Additur
977 3100 1103 3141 vero
1171 3088 1255 3143 his
1320 3088 1591 3145 absolutio
1657 3105 1687 3144 a
1750 3090 2051 3146 Chalcedo-

2136 1528 2229 1580 τὸν
2256 1524 2455 1595 εὐσεϐῆ
2484 1520 3043 1594 διασύρουσιΛέοντα,
3069 1517 3213 1572 κατὰ
3236 1533 3301 1569 τε
3320 1513 3422 1568 τοῦ
3447 1512 3721 1567 θεσπεσίου

2139 1617 2412 1688 Κυρίλλου
2447 1617 2542 1670 καὶ
2582 1615 2666 1685 (τὸ
2699 1610 3175 1683 θαυμασιώτερον)
3220 1609 3353 1663 καθ’
3394 1608 3605 1661 ἑαυτῶν
3634 1608 3722 1676 τὴν

2139 1710 2321 1782 ψῆφον
2349 1709 2644 1781 φέρονταςο
2670 1704 2889 1770 ὲκείνας
2925 1705 3038 1776 γὰρ
3081 1704 3182 1767 τὰς
3234 1701 3454 1771 φωνὰς,
3484 1693 3562 1754 ὧν
3602 1699 3725 1753 καθ·

2144 1805 2458 1872 υλακτοῦσι,
2505 1800 2775 1874 Κύριλλόν
2817 1818 2878 1854 τε
2926 1796 3254 1869 προκομίζει
3298 1796 3397 1849 τὸν
3450 1794 3722 1848 θεσπέσιον

2138 1896 2400 1961 πολλάκις
2428 1895 2656 1950 εἰπόντα
2680 1894 2746 1959 ³¹,
2768 1893 2864 1947 καὶ
2886 1893 2995 1947 τῶν
3017 1891 3194 1946 ἄλλων
3230 1890 3414 1957 ἁγίων
3441 1888 3535 1941 τὸν
3557 1887 3720 1958 χορὸν,

2138 1994 2197 2047 ὃν
2237 1988 2555 2052 Ἀθανάσιός
2587 2005 2648 2041 τε
2695 1987 2790 2040 καὶ
2838 1986 3134 2057 Γρηγόριοι
3183 1984 3280 2037 καὶ
3322 1980 3608 2043 Βασίλειος
3641 1982 3722 2033 καὶ

2151 2080 2480 2153 Ἀμϐρόσιος
2500 2079 2597 2133 καὶ
2621 2077 2972 2147 Ἀμφιλόχιος
3001 2072 3297 2144 πληροῦσι.
3353 2072 3470 2125 Καὶ
3497 2073 3528 2124 ὃ
3556 2070 3721 2123 τελευ-

2140 2176 2295 2237 ταῖος
2338 2172 2441 2243 τῆς
2498 2169 2678 2224 αὐτῶν
2708 2168 2908 2241 μανίας
2960 2167 3207 2237 ἐλεγχος,
3262 2164 3435 2219 αὐτὸν
3472 2160 3721 2232 πολλαχοῦ

2142 2265 2385 2337 παράγει
2423 2263 2667 2335 Σεϐἧρον
2704 2261 3077 2332 δογματιστὴν
3112 2256 3372 2323 ἐκείνων,
3417 2253 3501 2319 οἷς
3544 2272 3725 2325 κεχρη-

2148 2359 2308 2430 μένος
2344 2357 2373 2410 ὁ
2403 2357 2461 2410 ὲν
2495 2356 2674 2423 ἁγίοις
2700 2352 2853 2407 Λέων
2887 2352 3110 2423 μυρίαις
3153 2349 3429 2422 αἱρέσεως
3456 2346 3723 2418 λοιδορίαις

2144 2450 2300 2521 παρά
2323 2467 2382 2503 τε
2418 2449 2703 2503 Θεοδοσίου
2757 2448 2853 2500 καὶ
2894 2444 3062 2499 αὐτοῦ
3092 2444 3343 2515 Σεϐήρου
3387 2440 3635 2513 βάλλεται
3656 2441 3720 2471 ³³·

2144 2542 2289 2596 οὕτω
2320 2538 2418 2611 τὴν
2460 2537 2661 2609 μανίαν
2717 2533 3036 2602 ἐπεδείξατο
3067 2534 3198 2597 τοὺς
3227 2532 3324 2585 ὑπ’
3354 2532 3525 2599 αὐτῆς
3553 2545 3721 2599 στρατ-

2149 2653 2285 2707 ηγου
2296 2633 2490 2706 μένους
2517 2632 2800 2698 ἐξοπλίσαι
2823 2630 2890 2695 ³⁸,
2922 2630 3062 2683 ὥστε
3084 2627 3209 2681 καθ’
3246 2624 3462 2679 ἑαυτῶν
3486 2622 3581 2685 τὰς
3607 2621 3723 2690 πλη-

2148 2731 2251 2801 γὰς
2304 2727 2527 2799 καιρίας
2578 2727 2846 2798 φέροντας
2891 2721 3165 2794 μηδεμίαν
3211 2718 3263 2751 ³⁸
3315 2715 3614 2787 λαμϐάνειν
3642 2712 3720 2766 τού

2151 2824 2356 2887 πάθους
2388 2820 2765 2892 συναίσθησιν.
2799 2819 2956 2871 Ἐστι
2997 2815 3095 2888 μὲν
3124 2808 3217 2867 οὖν
3247 2803 3412 2873 οὗτος
3433 2812 3461 2864 ὁ
3501 2824 3720 2876 συγγρα-

2152 2919 2286 2987 φεὺς
2314 2914 2556 2986 καθαρός
2583 2930 2643 2967 τε
2677 2912 2774 2965 καὶ
2830 2910 2983 2981 ἡδὺς,
3042 2908 3139 2961 xui.
3186 2905 3278 2959 διὰ
3347 2903 3605 2971 συντόμου
3643 2898 3721 2951 καὶ

2151 3012 2303 3074 λείας
2319 3009 2442 3063 ὁδοῦ
2473 3009 2602 3071 τοὺς
2631 3006 2888 3075 ἐλέγχους
2910 3000 3258 3071 ποιούμενος,
3287 2998 3384 3051 καὶ
3418 2996 3552 3065 πρδς
3583 2993 3724 3063 μηδὲν

2156 3103 2265 3157 τῶν
2297 3102 2402 3169 ἔξω
2428 3099 2522 3154 τοῦ
2555 3097 2858 3165 ἀναγκαίου
2885 3093 3211 3165 φερόμενος.
3260 3089 3358 3152 Εἰς
3391 3086 3455 3141 ιδ’
3487 3086 3543 3138 δὲ
3580 3083 3721 3151 κεφά-

461 3179 614 3233 nensi
650 3179 879 3249 synodo,
914 3193 1075 3247 quam
1109 3180 1490 3235 haereticorum
1523 3181 1662 3235 mala
1708 3183 1889 3253 lingua
1919 3198 2048 3254 pro-

2156 3196 2283 3249 λαια
2316 3192 2424 3247 τῶν
2469 3189 2859 3263 αἱρετιζόντων
2889 3185 3019 3259 [769
3172 3179 3627 3281 κατατεμνόντων
3646 3176 3723 3228 τὸν

460 3272 681 3336 scindit,
716 3271 982 3327 unitatem
1017 3287 1264 3342 persona:
1321 3273 1456 3343 ipsis
1486 3277 1665 3330 verbis
1694 3289 1801 3330 non
1827 3291 2053 3346 expres-

458 3378 594 3418 sam.
628 3364 901 3418 Plurimos
919 3364 1064 3418 enim
1083 3364 1276 3420 Patres
1301 3366 1564 3435 ostendit,
1600 3383 1708 3422 non
1736 3369 1895 3422 modo
1927 3379 2055 3422 ante

463 3458 725 3529 synodum
793 3457 1148 3526 Ephesinam,
1209 3460 1305 3514 sed
1374 3470 1428 3514 et
1459 3472 1775 3530 sequentes,
1812 3462 1911 3515 hac
1939 3462 2053 3531 ipsa

461 3564 595 3603 voce
627 3565 732 3604 non
767 3566 894 3606 usos
918 3549 935 3622 [
962 3566 1055 3620 per
1079 3552 1185 3606 alia
1212 3553 1376 3606 verba
1408 3552 1666 3621 pietatem
1687 3569 1840 3608 suam
1865 3566 2053 3607 osten-

462 3641 610 3695 disse
641 3640 659 3713 ]
691 3644 835 3712 quod
866 3652 920 3697 et
944 3643 1185 3713 synodus
1236 3643 1487 3712 perfecit.
1531 3643 1648 3699 Non
1682 3644 1856 3699 solum
1898 3659 2055 3710 vero,

463 3731 556 3786 sed
594 3742 650 3785 et
682 3734 897 3786 beatum
930 3733 1195 3805 Cyrillum
1247 3734 1300 3788 in
1356 3735 1565 3789 unione
1622 3749 1744 3788 cum
1786 3734 2056 3789 Occiden-

460 3824 667 3881 talibus
690 3826 995 3893 huiusmodi
1021 3828 1203 3882 verbis
1236 3841 1344 3882 non
1378 3842 1533 3881 usum
1565 3827 1823 3882 ostendit.
1847 3827 2060 3883 Asserit

466 3928 647 3973 autem
698 3920 959 3989 Cyrillum
994 3922 1283 3975 ostendere
1322 3922 1590 3976 unitatem
1627 3923 1889 3987 voluisse,
1937 3932 2062 3977 tano

466 4022 632 4079 quam
665 4008 825 4064 Verbi
878 4011 1191 4079 hypostasis
1230 4012 1481 4066 humana:
1507 4011 1717 4082 absque
1756 4012 2061 4067 mutatione

466 4102 690 4156 uniatur
725 4111 951 4155 naturae.
1000 4100 1293 4157 Enimvero
1337 4103 1461 4172 quia
1508 4114 1700 4172 quarta
1741 4114 1933 4159 sancta
1967 4119 2061 4177 sy-

472 4194 647 4249 nodus
686 4195 892 4263 scripta
936 4195 1131 4265 Cyrilli
1170 4198 1237 4249 ad
1272 4194 1583 4251 Nestorium
1639 4198 1965 4265 verecunde,
2008 4206 2063 4253 et

471 4284 817 4340 laudabiliter
879 4285 1021 4341 facta
1067 4287 1146 4356 (in
1196 4286 1394 4356 quibus
1463 4304 1571 4342 non
1631 4290 1822 4351 semel,
1873 4289 1968 4344 sed
2008 4299 2065 4345 et

474 4376 582 4442 bis,
620 4385 674 4430 et
705 4385 899 4444 quater
933 4391 1182 4446 persona:
1217 4378 1397 4433 unitas
1437 4378 1596 4433 Verbi
1623 4378 1767 4434 clare
1816 4379 2063 4435 declara-

472 4476 581 4540 tur)
613 4470 995 4525 baereticorutu
1042 4472 1279 4527 obstruit
1319 4487 1414 4526 ora
1450 4490 1467 4528 :
1504 4473 1704 4541 quibus
1733 4473 1904 4543 ipsam
1956 4488 2062 4528 non

2155 3286 2324 3356 τόμον
2345 3282 2440 3337 τοῦ
2468 3283 2526 3336 ὲν
2558 3280 2737 3349 ἁγίοις
2762 3278 3014 3341 Λέοντος,
3043 3268 3105 3330 οὗ
3137 3272 3316 3337 λαϐὰς
3353 3271 3449 3325 καὶ
3486 3269 3720 3329 αίτιάσεις

2158 3377 2254 3431 καὶ
2302 3374 2544 3445 μέμψεις
2594 3371 2829 3440 ἀλόγους
2889 3367 3256 3439 καταχέουσι,
3310 3364 3408 3418 καὶ
3463 3360 3616 3424 αὐτὸς
3658 3358 3722 3421 είς

2155 3465 2393 3523 τοσαῦτα
2419 3463 2757 3519 καταδιεῖλεν
2795 3459 3112 3530 ἀνατροπῆς
3148 3457 3292 3527 μέρη
3333 3454 3427 3508 τὸν
3454 3451 3553 3522 τῆς
3590 3450 3718 3504 Ἀκε-

2158 3561 2330 3631 φὰλου
2363 3556 2731 3626 συκοφαντίας
2757 3552 2979 3625 ἰσχυρόν
3017 3569 3079 3604 τε
3119 3550 3214 3604 καὶ
3236 3550 3481 3617 ἄφυκτον
3510 3545 3718 3611 ἔλεγχον.

2172 3653 2565 3708 Ἐπισυνάπτει
2609 3649 2669 3703 δὲ
2724 3645 2939 3710 τούτοις
2988 3644 3084 3698 καὶ
3125 3642 3225 3714 τὴν
3263 3639 3514 3695 ἀθώωσιν
3553 3635 3641 3706 τῆς
3673 3632 3719 3683 ἐν

2161 3745 2471 3817 Καλχηδόνι
2502 3742 2547 3776 ³⁸
2587 3740 2808 3796 συνόδου
2853 3730 2929 3795 ὧν
2958 3735 3131 3807 αὐτὴν
3160 3735 3205 3767 ³⁷
3246 3733 3283 3806 ἡ
3317 3729 3577 3803 -αίρετικὴ
3611 3741 3719 3779 κατ-

2159 3841 2356 3912 ηγορεῖ
2384 3834 2762 3907 γλωσσαλγίαν
2789 3832 2890 3903 τὴν
2928 3829 3052 3886 καθ’
3085 3829 3392 3884 ὑπόστασιν
3425 3824 3609 3878 ἕνωσιν
3639 3818 3718 3912 αὐ-

2163 3907 2287 3995 ταῖς
2316 3930 2531 3995 λέξεσιν
2558 3928 2620 3998 οὐ
2658 3924 2913 3997 φαμένην
2955 3923 3162 3993 φωνήν.
3203 3920 3457 3974 Δείκνυσι
3489 3914 3591 3985 γὰρ
3614 3907 3718 3963 πολ-

2162 4024 2291 4087 λοὺς
2313 4021 2423 4075 τῶν
2453 4021 2627 4090 ἁγίων
2672 4016 2961 4089 Πατέρων,
2987 4016 3049 4069 οὐ
3083 4013 3246 4085 μόνον
3286 4012 3395 4066 τῶν
3429 4008 3533 4079 πρὸ
3556 4005 3643 4075 τῆς
3673 4001 3719 4052 έν

2177 4116 2390 4186 Ἐφέσῳ
2423 4113 2643 4168 συνόδου
2665 4111 2803 4166 ἀλλὰ
2829 4110 2924 4164 καὶ
2951 4107 3061 4161 τῶν
3087 4108 3203 4178 μετ’
3224 4105 3418 4175 αὐτὴν,
3437 4103 3503 4172 τῇ
3530 4091 3716 4186 τοιαύτῃ

2168 4209 2269 4279 μὲν
2421 4201 2802 4276 κεχρημένους
2839 4201 3016 4270 φωνῇ,
3047 4197 3115 4251 δι’
3158 4196 3364 4267 ἐτέρων
3400 4192 3457 4246 δὲ
3492 4184 3717 4279 ῥημάτιον

2165 4271 2264 4365 τὴν
2306 4271 2954 4362 αὑτὴν-δογνματίσαντας
3001 4284 3294 4339 εὐσέϐειαν
3314 4300 3328 4313 ο
3360 4281 3389 4335 ὃ
3423 4280 3513 4333 καὶ
3555 4278 3585 4346 ἠ
3614 4271 3714 4365 σύν-

2166 4362 2286 4448 οδος
2330 4383 2679 4455 διεπράξατο.
2712 4382 2789 4435 Οὐ
2826 4381 2986 4451 μόνον
3016 4379 3094 4443 δὲ,
3140 4378 3276 4432 ἀλλὰ
3321 4375 3416 4430 καὶ
3458 4370 3607 4425 αὐτὸν
3644 4362 3715 4416 τὸν

2170 4477 2475 4546 ἁγιώτατον
2503 4472 2776 4547 Κύριλλον
2806 4473 2866 4525 ὲν
2886 4475 2953 4542 τῇ
2987 4472 3127 4543 πρὸς
3163 4471 3293 4532 τοὺς
3321 4467 3367 4499 ³⁸
3403 4456 3713 4547 ἁνατολικοὺς

474 4575 689 4629 sapere,
717 4575 890 4630 neque
926 4562 978 4615 iu
1012 4575 1245 4631 persona
1281 4563 1550 4617 unitatem
1577 4565 1982 4630 conﬁnxerunt,
2012 4577 2051 4619 cl

2174 4571 2368 4625 ὲνὼσει
2413 4570 2534 4631 ταῖς
2577 4546 2861 4629 τοιαύταις
2894 4564 3163 4636 προφέρει
3195 4562 3271 4633 μὴ
3300 4555 3620 4630 κεχρημένον
3646 4546 3712 4636 λέῗ

474 4654 699 4707 omnino
741 4653 809 4709 de
868 4654 1286 4724 quibuscunque
1342 4652 1603 4723 Acephali
1632 4653 2069 4712 divumLeonem

474 4761 736 4803 accusare
794 4759 922 4802 sunt
960 4746 1078 4802 ausi
1112 4785 1128 4811 ,
1173 4758 1229 4803 et
1282 4748 1788 4804 Cbalcedonensem
1826 4760 2070 4806 sanctam

475 4841 766 4913 synodum,
795 4841 944 4896 brevi
997 4855 1253 4896 sermone
1277 4844 1663 4897 accusationes
1703 4842 1978 4911 refellens,
2016 4854 2073 4901 et

477 4930 862 4988 insolubilibus
907 4933 1245 5000 argumentis
1302 4933 1639 4988 adversariis
1670 4935 1932 5001 pudorem
1978 4936 2070 4991 in-

474 5025 712 5089 cutiens,
741 5024 978 5078 ostendit
1019 5025 1167 5095 ipsos
1200 5039 1384 5079 secum
1415 5025 1614 5094 potius,
1642 5024 1808 5098 2M
1843 5044 1875 5080 a
1904 5044 2068 5097 quam

477 5130 603 5169 cum
634 5115 702 5170 iis
743 5130 883 5184 quos
916 5125 1253 5186 Oppugnant,
1280 5124 1376 5170 aut
1408 5131 1532 5171 cum
1563 5121 1768 5173 sanctis
1790 5117 2066 5186 Patribus,

476 5217 575 5260 aut
608 5207 894 5262 nobiscum
918 5217 1199 5263 certamen
1232 5208 1463 5263 habere.

2172 4664 2309 4732 ξεσι.
2336 4664 2476 4733 Φησὶ
2505 4662 2565 4714 δὲ
2604 4662 2699 4714 καὶ
2737 4662 2822 4714 ὅτι
2867 4660 2901 4730 ἡ
2938 4635 3061 4712 καθ’
3104 4657 3405 4710 ὑπόστασιν
3434 4652 3611 4707 ἕνωσις
3652 4635 3712 4708 τῷ

2170 4755 2446 4826 θεσπεσίῳ
2472 4753 2726 4824 Κυρίλλῳ
2755 4751 3008 4823 βούλεται
3030 4750 3247 4821 δηλοῦν,
3274 4748 3351 4811 ὡς
3381 4748 3413 4816 ἠ
3447 4741 3536 4795 τοῦ
3570 4734 3711 4837 Λόγον

2169 4825 2470 4912 ὑπόστασις
2507 4845 2825 4917 ἀνθρωπεία
2872 4844 3034 4913 φύσει
3080 4842 3266 4913 ἡνώθη
3312 4837 3603 4928 ἀτρέπτως.
3649 4825 3709 4928 ΟῨ

2174 4937 2284 5007 μὴν
2312 4936 2428 4989 ἀλλ’
2469 4936 2555 4989 ὅτι
2599 4934 2755 5006 καὶὴ
2788 4934 3028 5005 τετάρτη
3064 4934 3195 5002 ἁγία
3234 4930 3447 4991 σύνοδος
3492 4922 3555 4976 τὰ
3588 4922 3711 5007 παρα

2169 5004 2442 5101 κυρίλλου
2491 5029 2631 5101 πρὸς
2674 5004 2974 5102 Νεπόριον
3021 5027 3298 5100 γραφέντα
3334 5022 3401 5077 δι’
3438 5014 3605 5076 αίδοῦς
3633 5004 3709 5102 {id

2170 5099 2448 5193 ἀποδοχῆς
2477 5099 2936 5195 ποιησαμένηίὲν
2963 5099 3174 5192 οίςίούχ
3213 5117 3359 5184 ἅπαξ
3389 5112 3518 5170 ἀλλὰ
3541 5104 3624 5161 καὶ
3644 5099 3709 5158 δὶς

2171 5218 2268 5271 καὶ
2300 5220 2561 5290 τετράκις
2599 5220 2634 5290 ἡ
2682 5217 2810 5272 καθ’
2840 5217 3142 5271 ὑπόστασιν
3191 5215 3383 5275 ἕνωσις
3430 5195 3705 5290 “PM”?

478 5300 798 5369 περιφανῶς
825 5303 1181 5373 ὲκηρύττετο,
1203 5300 1275 5355 τὰ
1303 5300 1412 5354 τῶν
1434 5300 1732 5372 αἱρετικῶν
1759 5306 2065 5377 ἐμφράττει
2104 5311 2372 5382 στόματα,
2399 5280 2492 5376 ὀἷς
2524 5280 2697 5383 αὐτὴν
2743 5312 2805 5365 οὐ
2851 5312 3070 5383 φρονεῖν
3115 5308 3239 5362 οὐδὲ
3267 5305 3366 5377 τὴν
3435 5294 3546 5353 καθ’
3570 5381 3579 5383 4
3601 5280 3706 5339 ὑπό⁶

480 5412 675 5451 στασιν
733 5394 930 5450 ἕνωσιν
1004 5394 1432 5450 συνεπλάσαντο.
1478 5395 1590 5449 Καὶ
1656 5396 1846 5463 ἅπλῶς
1895 5400 1998 5454 ὅσα
2030 5399 2098 5455 ἂν
2136 5381 2415 5460 αἰτιᾶσθαι
2466 5406 2517 5459 οἱ
2576 5381 2868 5475 Ἀκέφαλοι
2899 5381 3023 5457 *τὸν
3077 5399 3378 5472 θαυμάσιον
3431 5381 3703 5475 ἐπήρθησαν

480 5491 688 5554 Λέοντα
713 5492 809 5545 καὶ
828 5490 932 5564 τὴν
971 5492 1031 5547 ὲν
1060 5488 1370 5562 Καλχηδόνι
1398 5488 1654 5565 [401,Η.]
1688 5492 1854 5562 ἁγίαν
1924 5495 2195 5568 τετάρτην
2264 5498 2508 5567 σύνοδον,
2585 5472 2840 5571 συντόμῳ
2892 5496 3039 5568 λόγῳ
3084 5494 3181 5550 τοῦ
3240 5488 3543 5558 αίτιάματος
3592 5472 3703 5525 ἀπο⁶

1790 5637 2022 5695 γΑιιικΕ
2075 5642 2488 5702 LECTIONES.

572 5794 618 5876 ³)
637 5812 699 5849 τε
729 5810 792 5876 So
870 5796 915 5876 δ’
944 5796 1152 5876 ὑτεόγτᾳ
1181 5813 1240 5860 ς.
1323 5798 1367 5832 ³³
1402 5801 1765 5876 προϐάλλεται
1808 5820 1866 5870 ς.
1942 5802 1986 5835 ³⁸
2015 5800 2314 5869 ἐξοπλίζων
2352 5820 2414 5868 ς.
2490 5802 2533 5835 ⁸⁵
2564 5800 2823 5874 οὐδεμίαν
2875 5817 2934 5866 ς.
3012 5799 3057 5832 ³⁸
3086 5794 3378 5867 Χαλκηδόνι
3408 5803 3461 5853 ς.

484 5861 556 5944 τὴ
582 5863 650 5919 Δ.
727 5863 774 5897 ³⁸
803 5867 931 5931 τοὺς
959 5866 1083 5923 add.
1115 5870 1182 5923 A.

3544 5772 3581 5809 ιτ
3614 5765 3691 5822 αὖ.
