  <div class='ocr_page' id='page_1' title='image "/cluster/home/n/w/nwhite01/storage/ocr_20150623/103:no.3/coo.31924054870070/490.png"; bbox 0 0 4004 6446; ppageno 0'>
   <div class='ocr_carea' id='block_1_1' title="bbox 316 374 430 439">
    <p class='ocr_par' dir='ltr' id='par_1_1' title="bbox 316 374 430 439">
     <span class='ocr_line' id='line_1_1' title="bbox 316 374 430 439; baseline 0.009 -1"><span class='ocrx_word' id='word_1_1' title='bbox 316 374 430 439; x_wconf 81' lang='grc'><strong>953</strong></span> 
     </span>
    </p>
   </div>
   <div class='ocr_carea' id='block_1_2' title="bbox 314 571 968 653">
    <p class='ocr_par' dir='ltr' id='par_1_2' title="bbox 314 571 968 653">
     <span class='ocr_line' id='line_1_2' title="bbox 314 571 968 653; baseline 0.015 -23"><span class='ocrx_word' id='word_1_2' title='bbox 314 578 446 631; x_wconf 84' lang='grc' dir='ltr'><strong>καθ’</strong></span> <span class='ocrx_word' id='word_1_3' title='bbox 484 571 561 633; x_wconf 84' lang='grc' dir='ltr'><strong>ὧν</strong></span> <span class='ocrx_word' id='word_1_4' title='bbox 598 584 968 653; x_wconf 75' lang='grc' dir='ltr'><strong>παρετάξαντο</strong></span> 
     </span>
    </p>
   </div>
   <div class='ocr_carea' id='block_1_3' title="bbox 1336 392 2535 474">
    <p class='ocr_par' dir='ltr' id='par_1_3' title="bbox 1336 392 2535 474">
     <span class='ocr_line' id='line_1_3' title="bbox 1336 392 2535 474; baseline 0.018 -21"><span class='ocrx_word' id='word_1_5' title='bbox 1336 392 1868 462; x_wconf 87' lang='lat' dir='ltr'><strong>BIBLIOTHECA.</strong></span> <span class='ocrx_word' id='word_1_6' title='bbox 1900 429 1971 439; x_wconf 88' lang='lat'><strong>—</strong></span> <span class='ocrx_word' id='word_1_7' title='bbox 1996 405 2162 468; x_wconf 90' lang='lat' dir='ltr'><strong>COD.</strong></span> <span class='ocrx_word' id='word_1_8' title='bbox 2202 408 2535 474; x_wconf 83' lang='lat' dir='ltr'><strong>CCXXVII.</strong></span> 
     </span>
    </p>
   </div>
   <div class='ocr_carea' id='block_1_4' title="bbox 314 484 2112 577">
    <p class='ocr_par' dir='ltr' id='par_1_4' title="bbox 314 484 2112 577">
     <span class='ocr_line' id='line_1_4' title="bbox 314 484 2112 577; baseline 0.017 -41"><span class='ocrx_word' id='word_1_9' title='bbox 314 484 521 577; x_wconf 56' lang='lat' dir='ltr'><strong>161w,-</strong></span> <span class='ocrx_word' id='word_1_10' title='bbox 548 486 962 562; x_wconf 80' lang='grc' dir='ltr'><strong>ἀναντιῤῥήτοις</strong></span> <span class='ocrx_word' id='word_1_11' title='bbox 1007 493 1252 567; x_wconf 73' lang='grc' dir='ltr'><strong>ἐλέγχοις</strong></span> <span class='ocrx_word' id='word_1_12' title='bbox 1308 503 1437 565; x_wconf 86' lang='grc' dir='ltr'><strong>τοὺς</strong></span> <span class='ocrx_word' id='word_1_13' title='bbox 1472 506 1823 577; x_wconf 78' lang='grc' dir='ltr'><strong>ὲπηρεαστάς</strong></span> <span class='ocrx_word' id='word_1_14' title='bbox 1851 513 2112 577; x_wconf 84' lang='grc' dir='ltr'><strong>καταισχύ</strong></span> 
     </span>
    </p>
   </div>
   <div class='ocr_carea' id='block_1_5' title="bbox 1018 592 3198 696">
    <p class='ocr_par' dir='ltr' id='par_1_5' title="bbox 1018 592 3198 696">
     <span class='ocr_line' id='line_1_5' title="bbox 1018 592 3198 696; baseline 0.017 -52"><span class='ocrx_word' id='word_1_15' title='bbox 1018 592 1133 696; x_wconf 42' lang='grc' dir='ltr'><strong>καὶ.</strong></span> <span class='ocrx_word' id='word_1_16' title='bbox 1167 596 1311 648; x_wconf 82' lang='grc' dir='ltr'><strong>κατά</strong></span> <span class='ocrx_word' id='word_1_17' title='bbox 1358 597 1467 696; x_wconf 83' lang='grc' dir='ltr'><strong>τῶν</strong></span> <span class='ocrx_word' id='word_1_18' title='bbox 1509 600 1682 668; x_wconf 80' lang='grc' dir='ltr'>ἁγίων</span> <span class='ocrx_word' id='word_1_19' title='bbox 1733 604 1891 673; x_wconf 77' lang='grc' dir='ltr'><strong>ἡμῶν</strong></span> <span class='ocrx_word' id='word_1_20' title='bbox 1939 605 2201 679; x_wconf 83' lang='grc' dir='ltr'><strong>Πατέρων</strong></span> <span class='ocrx_word' id='word_1_21' title='bbox 2253 612 2287 683; x_wconf 79' lang='grc' dir='ltr'>ἢ</span> <span class='ocrx_word' id='word_1_22' title='bbox 2327 613 2452 668; x_wconf 76' lang='grc' dir='ltr'><strong>καθ’</strong></span> <span class='ocrx_word' id='word_1_23' title='bbox 2493 592 2651 688; x_wconf 83' lang='grc' dir='ltr'><strong>ἡμῶν</strong></span> <span class='ocrx_word' id='word_1_24' title='bbox 2683 621 2919 693; x_wconf 89' lang='grc' dir='ltr'><strong>πόλεμον</strong></span> <span class='ocrx_word' id='word_1_25' title='bbox 2952 592 3198 696; x_wconf 67' lang='grc' dir='ltr'><strong>ἔχοντας.</strong></span> 
     </span>
    </p>
   </div>
   <div class='ocr_carea' id='block_1_6' title="bbox 390 672 1909 793">
    <p class='ocr_par' dir='ltr' id='par_1_6' title="bbox 390 672 1901 785">
     <span class='ocr_line' id='line_1_6' title="bbox 390 672 1901 785; baseline 0.016 -55"><span class='ocrx_word' id='word_1_26' title='bbox 390 672 559 785; x_wconf 45' lang='grc' dir='ltr'><strong>(λῦτος</strong></span> <span class='ocrx_word' id='word_1_27' title='bbox 582 680 629 734; x_wconf 75' lang='grc' dir='ltr'><strong>δ’</strong></span> <span class='ocrx_word' id='word_1_28' title='bbox 648 684 676 735; x_wconf 85' lang='grc' dir='ltr'><strong>ὁ</strong></span> <span class='ocrx_word' id='word_1_29' title='bbox 699 684 757 734; x_wconf 85' lang='grc' dir='ltr'><strong>ἐν</strong></span> <span class='ocrx_word' id='word_1_30' title='bbox 787 684 966 753; x_wconf 83' lang='grc' dir='ltr'><strong>ἁγίοις</strong></span> <span class='ocrx_word' id='word_1_31' title='bbox 997 687 1255 757; x_wconf 78' lang='grc' dir='ltr'><strong>Εὐλόγιος</strong></span> <span class='ocrx_word' id='word_1_32' title='bbox 1283 693 1661 765; x_wconf 90' lang='grc' dir='ltr'><strong>πρεσϐυτέρου</strong></span> <span class='ocrx_word' id='word_1_33' title='bbox 1692 698 1901 769; x_wconf 81' lang='grc' dir='ltr'><strong>βαθμὸν</strong></span> 
     </span>
    </p>
   </div>
   <div class='ocr_carea' id='block_1_7' title="bbox 2011 672 3591 793">
    <p class='ocr_par' dir='ltr' id='par_1_7' title="bbox 2074 672 3591 793">
     <span class='ocr_line' id='line_1_7' title="bbox 2074 672 3591 793; baseline 0.013 -34"><span class='ocrx_word' id='word_1_34' title='bbox 2074 705 2342 765; x_wconf 62' lang='lat' dir='ltr'><strong>Craterum</strong></span> <span class='ocrx_word' id='word_1_35' title='bbox 2388 712 2479 768; x_wconf 91' lang='lat' dir='ltr'><strong>hic</strong></span> <span class='ocrx_word' id='word_1_36' title='bbox 2524 714 2784 787; x_wconf 79' lang='lat' dir='ltr'><strong>Eulogius</strong></span> <span class='ocrx_word' id='word_1_37' title='bbox 2832 718 2958 771; x_wconf 90' lang='lat' dir='ltr'><strong>olim</strong></span> <span class='ocrx_word' id='word_1_38' title='bbox 2982 672 3305 775; x_wconf 39' lang='lat' dir='ltr'><strong>“sacerdotii</strong></span> <span class='ocrx_word' id='word_1_39' title='bbox 3364 727 3591 793; x_wconf 77' lang='lat' dir='ltr'><strong>gradum</strong></span> 
     </span>
    </p>
   </div>
   <div class='ocr_carea' id='block_1_8' title="bbox 311 769 1901 861">
    <p class='ocr_par' dir='ltr' id='par_1_8' title="bbox 311 769 1901 861">
     <span class='ocr_line' id='line_1_8' title="bbox 311 769 1901 861; baseline 0.015 -41"><span class='ocrx_word' id='word_1_40' title='bbox 311 769 376 821; x_wconf 80' lang='grc' dir='ltr'><strong>ὲν</strong></span> <span class='ocrx_word' id='word_1_41' title='bbox 412 769 714 844; x_wconf 80' lang='grc' dir='ltr'><strong>Ἀντιοχείᾳ</strong></span> <span class='ocrx_word' id='word_1_42' title='bbox 752 775 878 845; x_wconf 77' lang='grc' dir='ltr'><strong>ἔσχε</strong></span> <span class='ocrx_word' id='word_1_43' title='bbox 903 778 965 831; x_wconf 85' lang='grc' dir='ltr'><strong>τὸ</strong></span> <span class='ocrx_word' id='word_1_44' title='bbox 992 780 1275 851; x_wconf 87' lang='grc' dir='ltr'><strong>πρότερον,</strong></span> <span class='ocrx_word' id='word_1_45' title='bbox 1325 784 1419 836; x_wconf 77' lang='grc' dir='ltr'><strong>καὶ</strong></span> <span class='ocrx_word' id='word_1_46' title='bbox 1447 787 1617 858; x_wconf 85' lang='grc' dir='ltr'><strong>μονῆς</strong></span> <span class='ocrx_word' id='word_1_47' title='bbox 1651 790 1901 861; x_wconf 83' lang='grc' dir='ltr'><strong>ἡγήσατο</strong></span> 
     </span>
    </p>
   </div>
   <div class='ocr_carea' id='block_1_9' title="bbox 309 865 1909 951">
    <p class='ocr_par' dir='ltr' id='par_1_9' title="bbox 309 865 1909 951">
     <span class='ocr_line' id='line_1_9' title="bbox 309 865 1909 951; baseline 0.016 -36"><span class='ocrx_word' id='word_1_48' title='bbox 309 865 419 934; x_wconf 81' lang='grc' dir='ltr'><strong>τῆς</strong></span> <span class='ocrx_word' id='word_1_49' title='bbox 452 866 727 934; x_wconf 89' lang='grc' dir='ltr'><strong>παναγίας</strong></span> <span class='ocrx_word' id='word_1_50' title='bbox 751 870 1016 925; x_wconf 81' lang='grc' dir='ltr'><strong>Θεοτόκου</strong></span> <span class='ocrx_word' id='word_1_51' title='bbox 1051 874 1152 943; x_wconf 88' lang='grc' dir='ltr'><strong>τῆς</strong></span> <span class='ocrx_word' id='word_1_52' title='bbox 1197 876 1500 951; x_wconf 77' lang='grc' dir='ltr'><strong>λεγομένης</strong></span> <span class='ocrx_word' id='word_1_53' title='bbox 1526 880 1637 936; x_wconf 85' lang='grc' dir='ltr'><strong>τῶν</strong></span> <span class='ocrx_word' id='word_1_54' title='bbox 1682 884 1909 939; x_wconf 88' lang='grc' dir='ltr'><strong>Ἰουστι-</strong></span> 
     </span>
    </p>
   </div>
   <div class='ocr_carea' id='block_1_10' title="bbox 311 957 1904 1048">
    <p class='ocr_par' dir='ltr' id='par_1_10' title="bbox 311 957 1904 1048">
     <span class='ocr_line' id='line_1_10' title="bbox 311 957 1904 1048; baseline 0.014 -39"><span class='ocrx_word' id='word_1_55' title='bbox 311 957 527 1013; x_wconf 89' lang='grc' dir='ltr'><strong>νιανοῦ.</strong></span> <span class='ocrx_word' id='word_1_56' title='bbox 559 961 909 1017; x_wconf 84' lang='grc' dir='ltr'><strong>Κατεϐἀλετο</strong></span> <span class='ocrx_word' id='word_1_57' title='bbox 940 965 998 1018; x_wconf 84' lang='grc' dir='ltr'><strong>δὲ</strong></span> <span class='ocrx_word' id='word_1_58' title='bbox 1028 967 1121 1021; x_wconf 81' lang='grc' dir='ltr'><strong>καὶ</strong></span> <span class='ocrx_word' id='word_1_59' title='bbox 1142 968 1340 1039; x_wconf 84' lang='grc' dir='ltr'><strong>ἑτέρας</strong></span> <span class='ocrx_word' id='word_1_60' title='bbox 1371 973 1473 1026; x_wconf 85' lang='grc' dir='ltr'><strong>οὐκ</strong></span> <span class='ocrx_word' id='word_1_61' title='bbox 1509 974 1726 1043; x_wconf 80' lang='grc' dir='ltr'><strong>ἀγενεῖς</strong></span> <span class='ocrx_word' id='word_1_62' title='bbox 1756 994 1904 1048; x_wconf 81' lang='grc' dir='ltr'><strong>πρα-</strong></span> 
     </span>
    </p>
   </div>
   <div class='ocr_carea' id='block_1_11' title="bbox 311 1050 1906 1141">
    <p class='ocr_par' dir='ltr' id='par_1_11' title="bbox 311 1050 1906 1141">
     <span class='ocr_line' id='line_1_11' title="bbox 311 1050 1906 1141; baseline 0.016 -40"><span class='ocrx_word' id='word_1_63' title='bbox 311 1050 610 1121; x_wconf 86' lang='grc' dir='ltr'><strong>γματείας.</strong></span> <span class='ocrx_word' id='word_1_64' title='bbox 663 1052 934 1127; x_wconf 82' lang='grc' dir='ltr'><strong>Ὕστερον</strong></span> <span class='ocrx_word' id='word_1_65' title='bbox 988 1059 1172 1129; x_wconf 87' lang='grc' dir='ltr'><strong>μέντοι</strong></span> <span class='ocrx_word' id='word_1_66' title='bbox 1226 1062 1321 1118; x_wconf 78' lang='grc' dir='ltr'><strong>καὶ</strong></span> <span class='ocrx_word' id='word_1_67' title='bbox 1360 1064 1460 1136; x_wconf 84' lang='grc' dir='ltr'><strong>τῆς</strong></span> <span class='ocrx_word' id='word_1_68' title='bbox 1490 1065 1906 1141; x_wconf 77' lang='grc' dir='ltr'><strong>Ἀλεξανδρείας</strong></span> 
     </span>
    </p>
   </div>
   <div class='ocr_carea' id='block_1_12' title="bbox 316 1144 1042 1220">
    <p class='ocr_par' dir='ltr' id='par_1_12' title="bbox 316 1144 1042 1220">
     <span class='ocr_line' id='line_1_12' title="bbox 316 1144 1042 1220; baseline 0.012 -24"><span class='ocrx_word' id='word_1_69' title='bbox 316 1144 612 1217; x_wconf 82' lang='grc' dir='ltr'><strong>ἀρχιερεὺς</strong></span> <span class='ocrx_word' id='word_1_70' title='bbox 645 1146 1042 1220; x_wconf 81' lang='grc' dir='ltr'><strong>ἐχρημάτισεν.</strong></span> 
     </span>
    </p>
   </div>
   <div class='ocr_carea' id='block_1_13' title="bbox 1032 1231 1203 1302">
    <p class='ocr_par' dir='ltr' id='par_1_13' title="bbox 1032 1231 1203 1302">
     <span class='ocr_line' id='line_1_13' title="bbox 1032 1231 1203 1302; baseline 0.018 -3"><span class='ocrx_word' id='word_1_71' title='bbox 1032 1231 1203 1302; x_wconf 72' lang='lat' dir='ltr'><strong>xxz&quot;.</strong></span> 
     </span>
    </p>
   </div>
   <div class='ocr_carea' id='block_1_14' title="bbox 570 1335 1654 1419">
    <p class='ocr_par' dir='ltr' id='par_1_14' title="bbox 570 1335 1654 1419">
     <span class='ocr_line' id='line_1_14' title="bbox 570 1335 1654 1419; baseline 0.017 -32"><span class='ocrx_word' id='word_1_72' title='bbox 570 1335 684 1389; x_wconf 83' lang='grc' dir='ltr'><strong>Τοῦ</strong></span> <span class='ocrx_word' id='word_1_73' title='bbox 728 1337 919 1392; x_wconf 80' lang='grc' dir='ltr'><strong>αὑτοῦ</strong></span> <span class='ocrx_word' id='word_1_74' title='bbox 956 1344 1414 1413; x_wconf 75' lang='grc' dir='ltr'><strong>στηλιτευτικὸς</strong></span> <span class='ocrx_word' id='word_1_75' title='bbox 1445 1350 1654 1419; x_wconf 76' lang='grc' dir='ltr'><strong>λόγος.</strong></span> 
     </span>
    </p>
   </div>
   <div class='ocr_carea' id='block_1_15' title="bbox 397 1424 1907 1504">
    <p class='ocr_par' dir='ltr' id='par_1_15' title="bbox 397 1424 1907 1504">
     <span class='ocr_line' id='line_1_15' title="bbox 397 1424 1907 1504; baseline 0.016 -28"><span class='ocrx_word' id='word_1_76' title='bbox 397 1424 738 1499; x_wconf 83' lang='grc' dir='ltr'><strong>Ἀνεγνώσθη</strong></span> <span class='ocrx_word' id='word_1_77' title='bbox 803 1429 961 1500; x_wconf 87' lang='grc' dir='ltr'><strong>λόγος</strong></span> <span class='ocrx_word' id='word_1_78' title='bbox 1021 1436 1428 1504; x_wconf 86' lang='grc' dir='ltr'><strong>στηλιτευτικὸς</strong></span> <span class='ocrx_word' id='word_1_79' title='bbox 1474 1441 1570 1494; x_wconf 89' lang='grc' dir='ltr'><strong>τοῦ</strong></span> <span class='ocrx_word' id='word_1_80' title='bbox 1628 1443 1793 1497; x_wconf 84' lang='grc' dir='ltr'><strong>αὐτοῦ</strong></span> <span class='ocrx_word' id='word_1_81' title='bbox 1844 1446 1907 1500; x_wconf 87' lang='grc' dir='ltr'><strong>ὲν</strong></span> 
     </span>
    </p>
   </div>
   <div class='ocr_carea' id='block_1_16' title="bbox 314 1516 1906 1600">
    <p class='ocr_par' dir='ltr' id='par_1_16' title="bbox 314 1516 1906 1600">
     <span class='ocr_line' id='line_1_16' title="bbox 314 1516 1906 1600; baseline 0.014 -31"><span class='ocrx_word' id='word_1_82' title='bbox 314 1516 499 1583; x_wconf 80' lang='grc' dir='ltr'><strong>ἁγίοις</strong></span> <span class='ocrx_word' id='word_1_83' title='bbox 524 1518 717 1590; x_wconf 86' lang='grc' dir='ltr'><strong>ἀνδρὸς</strong></span> <span class='ocrx_word' id='word_1_84' title='bbox 744 1522 888 1575; x_wconf 85' lang='grc' dir='ltr'><strong>κατὰ</strong></span> <span class='ocrx_word' id='word_1_85' title='bbox 925 1524 1024 1594; x_wconf 81' lang='grc' dir='ltr'><strong>τῆς</strong></span> <span class='ocrx_word' id='word_1_86' title='bbox 1052 1530 1432 1600; x_wconf 80' lang='grc' dir='ltr'><strong>γεγενημένης</strong></span> <span class='ocrx_word' id='word_1_87' title='bbox 1469 1534 1585 1596; x_wconf 87' lang='grc' dir='ltr'><strong>τοῖς</strong></span> <span class='ocrx_word' id='word_1_88' title='bbox 1618 1535 1906 1592; x_wconf 78' lang='grc' dir='ltr'><strong>Θεοδοσιαο</strong></span> 
     </span>
    </p>
   </div>
   <div class='ocr_carea' id='block_1_17' title="bbox 314 1612 1907 1701">
    <p class='ocr_par' dir='ltr' id='par_1_17' title="bbox 314 1612 1907 1701">
     <span class='ocr_line' id='line_1_17' title="bbox 314 1612 1907 1701; baseline 0.014 -39"><span class='ocrx_word' id='word_1_89' title='bbox 314 1612 432 1672; x_wconf 88' lang='grc' dir='ltr'><strong>νοῖς</strong></span> <span class='ocrx_word' id='word_1_90' title='bbox 456 1626 517 1662; x_wconf 87' lang='grc' dir='ltr'><strong>τε</strong></span> <span class='ocrx_word' id='word_1_91' title='bbox 542 1613 636 1665; x_wconf 77' lang='grc' dir='ltr'><strong>καὶ</strong></span> <span class='ocrx_word' id='word_1_92' title='bbox 680 1612 721 1665; x_wconf 94' lang='grc' dir='ltr'><strong>Γ</strong></span> <span class='ocrx_word' id='word_1_93' title='bbox 722 1614 955 1678; x_wconf 85' lang='grc' dir='ltr'><strong>αῖνίταις</strong></span> <span class='ocrx_word' id='word_1_94' title='bbox 1003 1620 1121 1683; x_wconf 87' lang='grc' dir='ltr'><strong>τοῖς</strong></span> <span class='ocrx_word' id='word_1_95' title='bbox 1171 1621 1356 1685; x_wconf 85' lang='grc' dir='ltr'><strong>αὐτοῖς</strong></span> <span class='ocrx_word' id='word_1_96' title='bbox 1397 1624 1693 1693; x_wconf 83' lang='grc' dir='ltr'><strong>ἀκεφάλοις</strong></span> <span class='ocrx_word' id='word_1_97' title='bbox 1736 1646 1907 1701; x_wconf 84' lang='grc' dir='ltr'><strong>προσ-</strong></span> 
     </span>
    </p>
   </div>
   <div class='ocr_carea' id='block_1_18' title="bbox 315 1702 1906 1794">
    <p class='ocr_par' dir='ltr' id='par_1_18' title="bbox 315 1702 1906 1794">
     <span class='ocr_line' id='line_1_18' title="bbox 315 1702 1906 1794; baseline 0.016 -43"><span class='ocrx_word' id='word_1_98' title='bbox 315 1702 519 1794; x_wconf 73' lang='grc' dir='ltr'><strong>καίρου</strong></span> <span class='ocrx_word' id='word_1_99' title='bbox 564 1704 830 1770; x_wconf 85' lang='grc' dir='ltr'><strong>ένώσεως.</strong></span> <span class='ocrx_word' id='word_1_100' title='bbox 856 1702 1017 1762; x_wconf 78' lang='grc' dir='ltr'><strong>Οὗτοι</strong></span> <span class='ocrx_word' id='word_1_101' title='bbox 1045 1710 1155 1781; x_wconf 86' lang='grc' dir='ltr'><strong>γὰρ</strong></span> <span class='ocrx_word' id='word_1_102' title='bbox 1202 1712 1534 1785; x_wconf 80' lang='grc' dir='ltr'><strong>διιστάμενοι</strong></span> <span class='ocrx_word' id='word_1_103' title='bbox 1571 1720 1708 1790; x_wconf 79' lang='grc' dir='ltr'><strong>πρὸς</strong></span> <span class='ocrx_word' id='word_1_104' title='bbox 1745 1722 1906 1794; x_wconf 80' lang='grc' dir='ltr'><strong>ἀλλή-</strong></span> 
     </span>
    </p>
   </div>
   <div class='ocr_carea' id='block_1_19' title="bbox 313 1792 1903 1883">
    <p class='ocr_par' dir='ltr' id='par_1_19' title="bbox 313 1792 1903 1883">
     <span class='ocr_line' id='line_1_19' title="bbox 313 1792 1903 1883; baseline 0.015 -37"><span class='ocrx_word' id='word_1_105' title='bbox 313 1792 448 1858; x_wconf 84' lang='grc' dir='ltr'><strong>λους</strong></span> <span class='ocrx_word' id='word_1_106' title='bbox 488 1797 776 1868; x_wconf 88' lang='grc' dir='ltr'><strong>πρότερον,</strong></span> <span class='ocrx_word' id='word_1_107' title='bbox 804 1799 1033 1874; x_wconf 73' lang='grc' dir='ltr'><strong>ὕστερον</strong></span> <span class='ocrx_word' id='word_1_108' title='bbox 1054 1798 1131 1857; x_wconf 87' lang='grc' dir='ltr'><strong>ὧν</strong></span> <span class='ocrx_word' id='word_1_109' title='bbox 1161 1806 1570 1880; x_wconf 82' lang='grc' dir='ltr'><strong>ὑπερέθνησκον</strong></span> <span class='ocrx_word' id='word_1_110' title='bbox 1592 1792 1903 1883; x_wconf 81' lang='grc' dir='ltr'><strong>δογμάτων,</strong></span> 
     </span>
    </p>
   </div>
   <div class='ocr_carea' id='block_1_20' title="bbox 314 1886 1907 1976">
    <p class='ocr_par' dir='ltr' id='par_1_20' title="bbox 314 1886 1907 1976">
     <span class='ocr_line' id='line_1_20' title="bbox 314 1886 1907 1976; baseline 0.013 -37"><span class='ocrx_word' id='word_1_111' title='bbox 314 1886 499 1941; x_wconf 84' lang='grc' dir='ltr'><strong>ταῦτα</strong></span> <span class='ocrx_word' id='word_1_112' title='bbox 552 1889 841 1961; x_wconf 82' lang='grc' dir='ltr'><strong>προδόντες</strong></span> <span class='ocrx_word' id='word_1_113' title='bbox 882 1894 1131 1964; x_wconf 83' lang='grc' dir='ltr'><strong>ἀλλήλοις</strong></span> <span class='ocrx_word' id='word_1_114' title='bbox 1168 1898 1248 1960; x_wconf 90' lang='grc' dir='ltr'><strong>εἰς</strong></span> <span class='ocrx_word' id='word_1_115' title='bbox 1285 1898 1554 1970; x_wconf 82' lang='grc' dir='ltr'><strong>ἑνωτικήν</strong></span> <span class='ocrx_word' id='word_1_116' title='bbox 1591 1920 1714 1957; x_wconf 89' lang='grc' dir='ltr'><strong>τινα</strong></span> <span class='ocrx_word' id='word_1_117' title='bbox 1768 1906 1907 1976; x_wconf 84' lang='grc' dir='ltr'><strong>πρὸς</strong></span> 
     </span>
    </p>
   </div>
   <div class='ocr_carea' id='block_1_21' title="bbox 313 1977 1906 2057">
    <p class='ocr_par' dir='ltr' id='par_1_21' title="bbox 313 1977 1906 2057">
     <span class='ocr_line' id='line_1_21' title="bbox 313 1977 1906 2057; baseline 0.013 -28"><span class='ocrx_word' id='word_1_118' title='bbox 313 1977 505 2047; x_wconf 70' lang='grc' dir='ltr'><strong>ὀλίγον</strong></span> <span class='ocrx_word' id='word_1_119' title='bbox 535 1980 580 2013; x_wconf 78' lang='grc'><em>³³</em></span> <span class='ocrx_word' id='word_1_120' title='bbox 637 1982 900 2038; x_wconf 91' lang='grc' dir='ltr'><strong>ἀσέϐειαν</strong></span> <span class='ocrx_word' id='word_1_121' title='bbox 936 1986 1332 2057; x_wconf 83' lang='grc' dir='ltr'><strong>συνεχύθησαν,</strong></span> <span class='ocrx_word' id='word_1_122' title='bbox 1379 1991 1593 2046; x_wconf 76' lang='grc' dir='ltr'><strong>ἐκεῖθεν</strong></span> <span class='ocrx_word' id='word_1_123' title='bbox 1639 1994 1697 2047; x_wconf 87' lang='grc' dir='ltr'><strong>δὲ</strong></span> <span class='ocrx_word' id='word_1_124' title='bbox 1742 1996 1906 2050; x_wconf 82' lang='grc' dir='ltr'><strong>πάλιν</strong></span> 
     </span>
    </p>
   </div>
   <div class='ocr_carea' id='block_1_22' title="bbox 314 2071 1903 2159">
    <p class='ocr_par' dir='ltr' id='par_1_22' title="bbox 314 2071 1903 2159">
     <span class='ocr_line' id='line_1_22' title="bbox 314 2071 1903 2159; baseline 0.013 -36"><span class='ocrx_word' id='word_1_125' title='bbox 314 2071 689 2159; x_wconf 78' lang='grc' dir='ltr'><strong>ἀναχυθέντες</strong></span> <span class='ocrx_word' id='word_1_126' title='bbox 720 2077 803 2137; x_wconf 87' lang='grc' dir='ltr'><strong>εἰς</strong></span> <span class='ocrx_word' id='word_1_127' title='bbox 834 2075 936 2148; x_wconf 80' lang='grc' dir='ltr'><strong>τὴν</strong></span> <span class='ocrx_word' id='word_1_128' title='bbox 968 2080 1244 2150; x_wconf 89' lang='grc' dir='ltr'><strong>προτέραν</strong></span> <span class='ocrx_word' id='word_1_129' title='bbox 1278 2082 1540 2139; x_wconf 86' lang='grc' dir='ltr'><strong>ἀσέϐειαν</strong></span> <span class='ocrx_word' id='word_1_130' title='bbox 1579 2087 1741 2159; x_wconf 78' lang='grc' dir='ltr'><strong>μερὶς</strong></span> <span class='ocrx_word' id='word_1_131' title='bbox 1770 2088 1903 2142; x_wconf 74' lang='grc' dir='ltr'><strong>ἑκασ-</strong></span> 
     </span>
    </p>
   </div>
   <div class='ocr_carea' id='block_1_23' title="bbox 316 2158 1907 2252">
    <p class='ocr_par' dir='ltr' id='par_1_23' title="bbox 316 2158 1907 2252">
     <span class='ocr_line' id='line_1_23' title="bbox 316 2158 1907 2252; baseline 0.013 -38"><span class='ocrx_word' id='word_1_132' title='bbox 316 2162 480 2230; x_wconf 84' lang='grc' dir='ltr'><strong>τέρα.</strong></span> <span class='ocrx_word' id='word_1_133' title='bbox 541 2162 600 2228; x_wconf 70' lang='grc' dir='ltr'>ἐξ</span> <span class='ocrx_word' id='word_1_134' title='bbox 641 2158 717 2217; x_wconf 83' lang='grc' dir='ltr'><strong>ὧν</strong></span> <span class='ocrx_word' id='word_1_135' title='bbox 769 2166 1153 2240; x_wconf 81' lang='grc' dir='ltr'><strong>συνεφόρησαν</strong></span> <span class='ocrx_word' id='word_1_136' title='bbox 1182 2211 1197 2234; x_wconf 93' lang='grc'><strong>,</strong></span> <span class='ocrx_word' id='word_1_137' title='bbox 1241 2173 1597 2246; x_wconf 82' lang='grc' dir='ltr'><strong>διῃρέθησαν.</strong></span> <span class='ocrx_word' id='word_1_138' title='bbox 1661 2179 1907 2252; x_wconf 85' lang='grc' dir='ltr'><strong>Ἐλέγχει</strong></span> 
     </span>
    </p>
   </div>
   <div class='ocr_carea' id='block_1_24' title="bbox 315 2258 1905 2342">
    <p class='ocr_par' dir='ltr' id='par_1_24' title="bbox 315 2258 1905 2342">
     <span class='ocr_line' id='line_1_24' title="bbox 315 2258 1905 2342; baseline 0.015 -34"><span class='ocrx_word' id='word_1_139' title='bbox 315 2259 505 2309; x_wconf 90' lang='grc' dir='ltr'><strong>τοίνυν</strong></span> <span class='ocrx_word' id='word_1_140' title='bbox 529 2258 589 2309; x_wconf 84' lang='grc' dir='ltr'><strong>ἐν</strong></span> <span class='ocrx_word' id='word_1_141' title='bbox 617 2259 757 2329; x_wconf 84' lang='grc' dir='ltr'><strong>τῷδε</strong></span> <span class='ocrx_word' id='word_1_142' title='bbox 784 2260 863 2332; x_wconf 84' lang='grc' dir='ltr'><strong>τῷ</strong></span> <span class='ocrx_word' id='word_1_143' title='bbox 892 2263 1209 2335; x_wconf 81' lang='grc' dir='ltr'><strong>βιϐλιδαρίῳ</strong></span> <span class='ocrx_word' id='word_1_144' title='bbox 1238 2267 1337 2338; x_wconf 79' lang='grc' dir='ltr'><strong>τὴν</strong></span> <span class='ocrx_word' id='word_1_145' title='bbox 1361 2269 1681 2328; x_wconf 84' lang='grc' dir='ltr'><strong>δυσσέϐειαν</strong></span> <span class='ocrx_word' id='word_1_146' title='bbox 1704 2276 1905 2342; x_wconf 87' lang='grc' dir='ltr'><strong>αὐτῶν,</strong></span> 
     </span>
    </p>
   </div>
   <div class='ocr_carea' id='block_1_25' title="bbox 318 2348 1907 2433">
    <p class='ocr_par' dir='ltr' id='par_1_25' title="bbox 318 2348 1907 2433">
     <span class='ocr_line' id='line_1_25' title="bbox 318 2348 1907 2433; baseline 0.015 -33"><span class='ocrx_word' id='word_1_147' title='bbox 318 2349 420 2401; x_wconf 73' lang='grc' dir='ltr'><strong>καὶ</strong></span> <span class='ocrx_word' id='word_1_148' title='bbox 456 2348 728 2405; x_wconf 85' lang='grc' dir='ltr'><strong>δείκνυσιν</strong></span> <span class='ocrx_word' id='word_1_149' title='bbox 786 2353 977 2424; x_wconf 81' lang='grc' dir='ltr'><strong>ὅτιπερ</strong></span> <span class='ocrx_word' id='word_1_150' title='bbox 1015 2357 1114 2427; x_wconf 85' lang='grc' dir='ltr'><strong>οὐχ</strong></span> <span class='ocrx_word' id='word_1_151' title='bbox 1151 2358 1227 2421; x_wconf 82' lang='grc' dir='ltr'><strong>ὡς</strong></span> <span class='ocrx_word' id='word_1_152' title='bbox 1270 2362 1501 2427; x_wconf 72' lang='grc' dir='ltr'><strong>ἐκείνοις</strong></span> <span class='ocrx_word' id='word_1_153' title='bbox 1537 2364 1716 2433; x_wconf 79' lang='grc' dir='ltr'><strong>ἔδοξεν</strong></span> <span class='ocrx_word' id='word_1_154' title='bbox 1760 2370 1907 2423; x_wconf 89' lang='grc' dir='ltr'><strong>οἰκο-</strong></span> 
     </span>
    </p>
   </div>
   <div class='ocr_carea' id='block_1_26' title="bbox 316 2439 1907 2529">
    <p class='ocr_par' dir='ltr' id='par_1_26' title="bbox 316 2439 1907 2529">
     <span class='ocr_line' id='line_1_26' title="bbox 316 2439 1907 2529; baseline 0.016 -42"><span class='ocrx_word' id='word_1_155' title='bbox 316 2439 519 2505; x_wconf 86' lang='grc' dir='ltr'><strong>νομίαν</strong></span> <span class='ocrx_word' id='word_1_156' title='bbox 559 2439 605 2471; x_wconf 73' lang='grc'><strong>⁴⁰</strong></span> <span class='ocrx_word' id='word_1_157' title='bbox 650 2442 836 2506; x_wconf 85' lang='grc' dir='ltr'><strong>αὐτοῖς</strong></span> <span class='ocrx_word' id='word_1_158' title='bbox 869 2446 903 2515; x_wconf 77' lang='grc' dir='ltr'>ἡ</span> <span class='ocrx_word' id='word_1_159' title='bbox 950 2445 1145 2511; x_wconf 79' lang='grc' dir='ltr'><strong>ἓνωσις</strong></span> <span class='ocrx_word' id='word_1_160' title='bbox 1192 2449 1568 2520; x_wconf 78' lang='grc' dir='ltr'><strong>ἐξειργάσατο,</strong></span> <span class='ocrx_word' id='word_1_161' title='bbox 1618 2455 1735 2510; x_wconf 86' lang='grc' dir='ltr'><strong>ἀλλ’</strong></span> <span class='ocrx_word' id='word_1_162' title='bbox 1774 2457 1907 2529; x_wconf 83' lang='grc' dir='ltr'><strong>ὅλης</strong></span> 
     </span>
    </p>
   </div>
   <div class='ocr_carea' id='block_1_27' title="bbox 316 2528 1908 2620">
    <p class='ocr_par' dir='ltr' id='par_1_27' title="bbox 316 2528 1908 2620">
     <span class='ocr_line' id='line_1_27' title="bbox 316 2528 1908 2620; baseline 0.015 -40"><span class='ocrx_word' id='word_1_163' title='bbox 316 2528 506 2582; x_wconf 82' lang='grc' dir='ltr'><strong>αὐτῶν</strong></span> <span class='ocrx_word' id='word_1_164' title='bbox 552 2532 653 2601; x_wconf 86' lang='grc' dir='ltr'><strong>τῆς</strong></span> <span class='ocrx_word' id='word_1_165' title='bbox 706 2534 942 2599; x_wconf 88' lang='grc' dir='ltr'><strong>πίστεως</strong></span> <span class='ocrx_word' id='word_1_166' title='bbox 983 2539 1276 2608; x_wconf 85' lang='grc' dir='ltr'><strong>προδοσίαν</strong></span> <span class='ocrx_word' id='word_1_167' title='bbox 1311 2528 1908 2620; x_wconf 86' lang='grc' dir='ltr'><strong>ὲμεθώδευσε.Διαιρεῖ</strong></span> 
     </span>
    </p>
   </div>
   <div class='ocr_carea' id='block_1_28' title="bbox 313 2623 1906 2711">
    <p class='ocr_par' dir='ltr' id='par_1_28' title="bbox 313 2623 1906 2711">
     <span class='ocr_line' id='line_1_28' title="bbox 313 2623 1906 2711; baseline 0.014 -36"><span class='ocrx_word' id='word_1_168' title='bbox 313 2623 381 2676; x_wconf 82' lang='grc' dir='ltr'><strong>δὲ</strong></span> <span class='ocrx_word' id='word_1_169' title='bbox 427 2624 519 2676; x_wconf 79' lang='grc' dir='ltr'><strong>καὶ</strong></span> <span class='ocrx_word' id='word_1_170' title='bbox 564 2626 624 2678; x_wconf 87' lang='grc' dir='ltr'><strong>τὸ</strong></span> <span class='ocrx_word' id='word_1_171' title='bbox 661 2626 765 2694; x_wconf 81' lang='grc' dir='ltr'><strong>τῆς</strong></span> <span class='ocrx_word' id='word_1_172' title='bbox 818 2629 1130 2701; x_wconf 78' lang='grc' dir='ltr'><strong>οἰκονομίας</strong></span> <span class='ocrx_word' id='word_1_173' title='bbox 1178 2629 1340 2699; x_wconf 83' lang='grc' dir='ltr'><strong>εἶδος,</strong></span> <span class='ocrx_word' id='word_1_174' title='bbox 1381 2637 1519 2708; x_wconf 82' lang='grc' dir='ltr'><strong>ὅπερ</strong></span> <span class='ocrx_word' id='word_1_175' title='bbox 1572 2641 1606 2711; x_wconf 84' lang='grc' dir='ltr'><strong>ἡ</strong></span> <span class='ocrx_word' id='word_1_176' title='bbox 1641 2640 1736 2694; x_wconf 89' lang='grc' dir='ltr'><strong>τοῦ</strong></span> <span class='ocrx_word' id='word_1_177' title='bbox 1768 2641 1906 2697; x_wconf 87' lang='grc' dir='ltr'><strong>Θεοῦ</strong></span> 
     </span>
    </p>
   </div>
   <div class='ocr_carea' id='block_1_29' title="bbox 316 2712 1906 2806">
    <p class='ocr_par' dir='ltr' id='par_1_29' title="bbox 316 2712 1906 2806">
     <span class='ocr_line' id='line_1_29' title="bbox 316 2712 1906 2806; baseline 0.005 -38"><span class='ocrx_word' id='word_1_178' title='bbox 316 2712 464 2769; x_wconf 82' lang='grc' dir='ltr'><strong>οἶδεν</strong></span> <span class='ocrx_word' id='word_1_179' title='bbox 503 2717 821 2788; x_wconf 82' lang='grc' dir='ltr'><strong>Ἐκκλησία,</strong></span> <span class='ocrx_word' id='word_1_180' title='bbox 847 2722 998 2792; x_wconf 83' lang='grc' dir='ltr'><strong>τρισὶ</strong></span> <span class='ocrx_word' id='word_1_181' title='bbox 1041 2723 1345 2795; x_wconf 83' lang='grc' dir='ltr'><strong>διαφοραῖς,</strong></span> <span class='ocrx_word' id='word_1_182' title='bbox 1382 2731 1474 2783; x_wconf 73' lang='grc' dir='ltr'><strong>καὶ</strong></span> <span class='ocrx_word' id='word_1_183' title='bbox 1501 2729 1585 2794; x_wconf 83' lang='grc' dir='ltr'><strong>ὡς</strong></span> <span class='ocrx_word' id='word_1_184' title='bbox 1629 2733 1773 2787; x_wconf 87' lang='grc' dir='ltr'><strong>κατά</strong></span> <span class='ocrx_word' id='word_1_185' title='bbox 1800 2752 1906 2806; x_wconf 84' lang='grc' dir='ltr'><strong>μη-</strong></span> 
     </span>
    </p>
   </div>
   <div class='ocr_carea' id='block_1_30' title="bbox 314 2808 1907 2897">
    <p class='ocr_par' dir='ltr' id='par_1_30' title="bbox 314 2808 1907 2897">
     <span class='ocr_line' id='line_1_30' title="bbox 314 2808 1907 2897; baseline 0.013 -37"><span class='ocrx_word' id='word_1_186' title='bbox 314 2808 521 2878; x_wconf 87' lang='grc' dir='ltr'><strong>δεμίαν</strong></span> <span class='ocrx_word' id='word_1_187' title='bbox 555 2811 669 2864; x_wconf 85' lang='grc' dir='ltr'><strong>τῶν</strong></span> <span class='ocrx_word' id='word_1_188' title='bbox 698 2813 868 2883; x_wconf 86' lang='grc' dir='ltr'><strong>τριῶν</strong></span> <span class='ocrx_word' id='word_1_189' title='bbox 928 2816 1197 2886; x_wconf 84' lang='grc' dir='ltr'><strong>προῆλθον</strong></span> <span class='ocrx_word' id='word_1_190' title='bbox 1237 2820 1422 2884; x_wconf 80' lang='grc' dir='ltr'><strong>αὐτοῖς</strong></span> <span class='ocrx_word' id='word_1_191' title='bbox 1454 2823 1536 2885; x_wconf 89' lang='grc' dir='ltr'><strong>εἰς</strong></span> <span class='ocrx_word' id='word_1_192' title='bbox 1562 2823 1663 2895; x_wconf 85' lang='grc' dir='ltr'><strong>τὴν</strong></span> <span class='ocrx_word' id='word_1_193' title='bbox 1696 2842 1907 2897; x_wconf 83' lang='grc' dir='ltr'><strong>συμπε-</strong></span> 
     </span>
    </p>
   </div>
   <div class='ocr_carea' id='block_1_31' title="bbox 317 2904 1907 2986">
    <p class='ocr_par' dir='ltr' id='par_1_31' title="bbox 317 2904 1907 2986">
     <span class='ocr_line' id='line_1_31' title="bbox 317 2904 1907 2986; baseline 0.013 -33"><span class='ocrx_word' id='word_1_194' title='bbox 317 2904 611 2975; x_wconf 82' lang='grc' dir='ltr'><strong>φυρμένην</strong></span> <span class='ocrx_word' id='word_1_195' title='bbox 660 2906 941 2971; x_wconf 87' lang='grc' dir='ltr'><strong>ἀσέϐειαν,</strong></span> <span class='ocrx_word' id='word_1_196' title='bbox 982 2912 1216 2962; x_wconf 86' lang='grc' dir='ltr'><strong>ποιεῖται</strong></span> <span class='ocrx_word' id='word_1_197' title='bbox 1248 2911 1340 2964; x_wconf 88' lang='grc' dir='ltr'><strong>τὸν</strong></span> <span class='ocrx_word' id='word_1_198' title='bbox 1390 2913 1636 2986; x_wconf 79' lang='grc' dir='ltr'><strong>ἔλεγχον,</strong></span> <span class='ocrx_word' id='word_1_199' title='bbox 1689 2920 1747 2972; x_wconf 86' lang='grc' dir='ltr'><strong>αἰ</strong></span> <span class='ocrx_word' id='word_1_200' title='bbox 1796 2919 1907 2973; x_wconf 86' lang='grc' dir='ltr'><strong>τῶν</strong></span> 
     </span>
    </p>
   </div>
   <div class='ocr_carea' id='block_1_32' title="bbox 314 2991 1908 3072">
    <p class='ocr_par' dir='ltr' id='par_1_32' title="bbox 314 2991 1908 3072">
     <span class='ocr_line' id='line_1_32' title="bbox 314 2991 1908 3072; baseline 0.013 -28"><span class='ocrx_word' id='word_1_201' title='bbox 314 2991 582 3062; x_wconf 83' lang='grc' dir='ltr'><strong>ἀκράτων</strong></span> <span class='ocrx_word' id='word_1_202' title='bbox 645 2995 829 3058; x_wconf 78' lang='grc' dir='ltr'><strong>αὐτοῖς</strong></span> <span class='ocrx_word' id='word_1_203' title='bbox 878 2996 1307 3069; x_wconf 83' lang='grc' dir='ltr'><strong>δυσσεϐημάτων</strong></span> <span class='ocrx_word' id='word_1_204' title='bbox 1381 3005 1607 3059; x_wconf 77' lang='grc' dir='ltr'><strong>σπονδαὶ</strong></span> <span class='ocrx_word' id='word_1_205' title='bbox 1642 3006 1725 3072; x_wconf 66' lang='grc' dir='ltr'><strong>δι,</strong></span> <span class='ocrx_word' id='word_1_206' title='bbox 1791 3011 1908 3064; x_wconf 85' lang='grc' dir='ltr'><strong>ἀλλ’</strong></span> 
     </span>
    </p>
   </div>
   <div class='ocr_carea' id='block_1_33' title="bbox 319 3082 1909 3168">
    <p class='ocr_par' dir='ltr' id='par_1_33' title="bbox 319 3082 1909 3168">
     <span class='ocr_line' id='line_1_33' title="bbox 319 3082 1909 3168; baseline 0.012 -35"><span class='ocrx_word' id='word_1_207' title='bbox 319 3082 429 3151; x_wconf 89' lang='grc' dir='ltr'><strong>(ὡς</strong></span> <span class='ocrx_word' id='word_1_208' title='bbox 470 3082 704 3153; x_wconf 77' lang='grc' dir='ltr'><strong>ἔφημεν)</strong></span> <span class='ocrx_word' id='word_1_209' title='bbox 758 3087 858 3156; x_wconf 84' lang='grc' dir='ltr'><strong>τῆς</strong></span> <span class='ocrx_word' id='word_1_210' title='bbox 913 3085 1046 3157; x_wconf 82' lang='grc' dir='ltr'><strong>ὅλης</strong></span> <span class='ocrx_word' id='word_1_211' title='bbox 1098 3089 1277 3142; x_wconf 83' lang='grc' dir='ltr'><strong>αὐτῶν</strong></span> <span class='ocrx_word' id='word_1_212' title='bbox 1319 3089 1619 3163; x_wconf 86' lang='grc' dir='ltr'><strong>θρησκείας</strong></span> <span class='ocrx_word' id='word_1_213' title='bbox 1672 3095 1909 3168; x_wconf 80' lang='grc' dir='ltr'><strong>ἑκατέρα</strong></span> 
     </span>
    </p>
   </div>
   <div class='ocr_carea' id='block_1_34' title="bbox 320 3173 1908 3257">
    <p class='ocr_par' dir='ltr' id='par_1_34' title="bbox 320 3173 1908 3257">
     <span class='ocr_line' id='line_1_34' title="bbox 320 3173 1908 3257; baseline 0.012 -36"><span class='ocrx_word' id='word_1_214' title='bbox 320 3173 489 3243; x_wconf 79' lang='grc' dir='ltr'><strong>μερὶς</strong></span> <span class='ocrx_word' id='word_1_215' title='bbox 508 3174 595 3227; x_wconf 77' lang='grc' dir='ltr'><strong>ἐπ’</strong></span> <span class='ocrx_word' id='word_1_216' title='bbox 619 3173 846 3245; x_wconf 85' lang='grc' dir='ltr'><strong>ὀνόματι</strong></span> <span class='ocrx_word' id='word_1_217' title='bbox 876 3176 976 3245; x_wconf 84' lang='grc' dir='ltr'><strong>τῆς</strong></span> <span class='ocrx_word' id='word_1_218' title='bbox 1006 3177 1255 3242; x_wconf 83' lang='grc' dir='ltr'><strong>ὲνώσεως</strong></span> <span class='ocrx_word' id='word_1_219' title='bbox 1301 3181 1594 3250; x_wconf 86' lang='grc' dir='ltr'><strong>προδοσίαν</strong></span> <span class='ocrx_word' id='word_1_220' title='bbox 1624 3185 1718 3237; x_wconf 74' lang='grc' dir='ltr'><strong>καὶ</strong></span> <span class='ocrx_word' id='word_1_221' title='bbox 1746 3184 1908 3257; x_wconf 79' lang='grc' dir='ltr'><strong>ἐξάρ-</strong></span> 
     </span>
    </p>
   </div>
   <div class='ocr_carea' id='block_1_35' title="bbox 321 3266 1909 3348">
    <p class='ocr_par' dir='ltr' id='par_1_35' title="bbox 321 3266 1909 3348">
     <span class='ocr_line' id='line_1_35' title="bbox 321 3266 1909 3348; baseline 0.007 -29"><span class='ocrx_word' id='word_1_222' title='bbox 321 3282 487 3334; x_wconf 88' lang='grc' dir='ltr'><strong>νησιν</strong></span> <span class='ocrx_word' id='word_1_223' title='bbox 506 3266 860 3337; x_wconf 79' lang='grc' dir='ltr'><strong>διεπράξατο.</strong></span> <span class='ocrx_word' id='word_1_224' title='bbox 895 3269 1009 3322; x_wconf 81' lang='grc' dir='ltr'><strong>Καὶ</strong></span> <span class='ocrx_word' id='word_1_225' title='bbox 1049 3269 1269 3339; x_wconf 84' lang='grc' dir='ltr'><strong>πρῶτον</strong></span> <span class='ocrx_word' id='word_1_226' title='bbox 1312 3271 1411 3341; x_wconf 88' lang='grc' dir='ltr'><strong>μέν</strong></span> <span class='ocrx_word' id='word_1_227' title='bbox 1441 3289 1608 3342; x_wconf 74' lang='grc' dir='ltr'><strong>φησιν</strong></span> <span class='ocrx_word' id='word_1_228' title='bbox 1649 3275 1726 3338; x_wconf 85' lang='grc' dir='ltr'><strong>ὡς</strong></span> <span class='ocrx_word' id='word_1_229' title='bbox 1752 3277 1781 3329; x_wconf 82' lang='grc' dir='ltr'>ὁ</span> <span class='ocrx_word' id='word_1_230' title='bbox 1810 3280 1909 3348; x_wconf 78' lang='grc' dir='ltr'><strong>τῆς</strong></span> 
     </span>
    </p>
   </div>
   <div class='ocr_carea' id='block_1_36' title="bbox 317 3357 1909 3436">
    <p class='ocr_par' dir='ltr' id='par_1_36' title="bbox 317 3357 1909 3436">
     <span class='ocr_line' id='line_1_36' title="bbox 317 3357 1909 3436; baseline 0.006 -26"><span class='ocrx_word' id='word_1_231' title='bbox 317 3357 645 3428; x_wconf 69' lang='grc' dir='ltr'><strong>οἰκονομίας</strong></span> <span class='ocrx_word' id='word_1_232' title='bbox 692 3358 852 3427; x_wconf 88' lang='grc' dir='ltr'><strong>λόγος</strong></span> <span class='ocrx_word' id='word_1_233' title='bbox 916 3359 980 3412; x_wconf 84' lang='grc' dir='ltr'><strong>οὑ</strong></span> <span class='ocrx_word' id='word_1_234' title='bbox 1028 3359 1098 3412; x_wconf 80' lang='grc' dir='ltr'><strong>τὰ</strong></span> <span class='ocrx_word' id='word_1_235' title='bbox 1143 3362 1380 3431; x_wconf 90' lang='grc' dir='ltr'><strong>τυχόντα</strong></span> <span class='ocrx_word' id='word_1_236' title='bbox 1437 3364 1547 3417; x_wconf 85' lang='grc' dir='ltr'><strong>τῶν</strong></span> <span class='ocrx_word' id='word_1_237' title='bbox 1598 3365 1909 3436; x_wconf 77' lang='grc' dir='ltr'><strong>προσώπων</strong></span> 
     </span>
    </p>
   </div>
   <div class='ocr_carea' id='block_1_37' title="bbox 320 3450 1913 3527">
    <p class='ocr_par' dir='ltr' id='par_1_37' title="bbox 320 3450 1913 3527">
     <span class='ocr_line' id='line_1_37' title="bbox 320 3450 1913 3527; baseline 0.006 -25"><span class='ocrx_word' id='word_1_238' title='bbox 320 3450 574 3513; x_wconf 75' lang='grc' dir='ltr'><strong>ἐπόπτας</strong></span> <span class='ocrx_word' id='word_1_239' title='bbox 604 3451 699 3504; x_wconf 76' lang='grc' dir='ltr'><strong>καὶ</strong></span> <span class='ocrx_word' id='word_1_240' title='bbox 728 3450 1011 3521; x_wconf 76' lang='grc' dir='ltr'><strong>διαιτητὰς</strong></span> <span class='ocrx_word' id='word_1_241' title='bbox 1057 3451 1272 3517; x_wconf 75' lang='grc' dir='ltr'><strong>καθίζει</strong></span> <span class='ocrx_word' id='word_1_242' title='bbox 1315 3455 1415 3523; x_wconf 85' lang='grc' dir='ltr'><strong>τῆς</strong></span> <span class='ocrx_word' id='word_1_243' title='bbox 1447 3456 1721 3527; x_wconf 83' lang='grc' dir='ltr'><strong>πράξεως,</strong></span> <span class='ocrx_word' id='word_1_244' title='bbox 1772 3458 1913 3513; x_wconf 86' lang='grc' dir='ltr'><strong>άλλά</strong></span> 
     </span>
    </p>
   </div>
   <div class='ocr_carea' id='block_1_38' title="bbox 320 3543 1912 3620">
    <p class='ocr_par' dir='ltr' id='par_1_38' title="bbox 320 3543 1912 3620">
     <span class='ocr_line' id='line_1_38' title="bbox 320 3543 1912 3620; baseline 0.006 -24"><span class='ocrx_word' id='word_1_245' title='bbox 320 3544 459 3607; x_wconf 85' lang='grc' dir='ltr'><strong>τοὺς</strong></span> <span class='ocrx_word' id='word_1_246' title='bbox 508 3543 793 3615; x_wconf 83' lang='grc' dir='ltr'><strong>ὑπηρέτας</strong></span> <span class='ocrx_word' id='word_1_247' title='bbox 854 3545 1095 3616; x_wconf 84' lang='grc' dir='ltr'><strong>Χριστοῦ</strong></span> <span class='ocrx_word' id='word_1_248' title='bbox 1132 3547 1230 3600; x_wconf 66' lang='grc' dir='ltr'><strong>καὶ¹</strong></span> <span class='ocrx_word' id='word_1_249' title='bbox 1282 3548 1604 3620; x_wconf 84' lang='grc' dir='ltr'><strong>οἰκονόμους</strong></span> <span class='ocrx_word' id='word_1_250' title='bbox 1655 3550 1768 3605; x_wconf 85' lang='grc' dir='ltr'><strong>τῶν</strong></span> <span class='ocrx_word' id='word_1_251' title='bbox 1815 3552 1912 3606; x_wconf 88' lang='grc' dir='ltr'><strong>τοῦ</strong></span> 
     </span>
    </p>
   </div>
   <div class='ocr_carea' id='block_1_39' title="bbox 322 3634 1913 3717">
    <p class='ocr_par' dir='ltr' id='par_1_39' title="bbox 322 3634 1913 3717">
     <span class='ocr_line' id='line_1_39' title="bbox 322 3634 1913 3717; baseline 0.005 -28"><span class='ocrx_word' id='word_1_252' title='bbox 322 3635 470 3690; x_wconf 83' lang='grc' dir='ltr'><strong>Θεοῦ</strong></span> <span class='ocrx_word' id='word_1_253' title='bbox 503 3637 843 3717; x_wconf 82' lang='grc' dir='ltr'><strong>μυστηρίων,</strong></span> <span class='ocrx_word' id='word_1_254' title='bbox 874 3640 969 3691; x_wconf 80' lang='grc' dir='ltr'><strong>καὶ</strong></span> <span class='ocrx_word' id='word_1_255' title='bbox 1006 3634 1090 3702; x_wconf 78' lang='grc' dir='ltr'><strong>οἷς</strong></span> <span class='ocrx_word' id='word_1_256' title='bbox 1118 3639 1229 3693; x_wconf 85' lang='grc' dir='ltr'><strong>τῶν</strong></span> <span class='ocrx_word' id='word_1_257' title='bbox 1273 3640 1679 3710; x_wconf 84' lang='grc' dir='ltr'><strong>ἀρχιερατικῶν</strong></span> <span class='ocrx_word' id='word_1_258' title='bbox 1708 3642 1913 3714; x_wconf 88' lang='grc' dir='ltr'><strong>θρόνων</strong></span> 
     </span>
    </p>
   </div>
   <div class='ocr_carea' id='block_1_40' title="bbox 320 3724 1911 3806">
    <p class='ocr_par' dir='ltr' id='par_1_40' title="bbox 320 3724 1911 3806">
     <span class='ocr_line' id='line_1_40' title="bbox 320 3724 1911 3806; baseline 0.003 -24"><span class='ocrx_word' id='word_1_259' title='bbox 320 3730 380 3782; x_wconf 83' lang='grc' dir='ltr'><strong>οἰ</strong></span> <span class='ocrx_word' id='word_1_260' title='bbox 426 3729 581 3800; x_wconf 86' lang='grc' dir='ltr'><strong>νόμοι</strong></span> <span class='ocrx_word' id='word_1_261' title='bbox 613 3729 1144 3800; x_wconf 86' lang='grc' dir='ltr'><strong>κατεπιστεύθησαν,</strong></span> <span class='ocrx_word' id='word_1_262' title='bbox 1177 3729 1307 3801; x_wconf 73' lang='grc'><strong>[772</strong></span> <span class='ocrx_word' id='word_1_263' title='bbox 1339 3731 1432 3803; x_wconf 66' lang='grc'><strong>3.]</strong></span> <span class='ocrx_word' id='word_1_264' title='bbox 1462 3724 1537 3785; x_wconf 81' lang='grc' dir='ltr'>ὧν</span> <span class='ocrx_word' id='word_1_265' title='bbox 1567 3734 1600 3803; x_wconf 84' lang='grc' dir='ltr'>ἡ</span> <span class='ocrx_word' id='word_1_266' title='bbox 1644 3733 1911 3806; x_wconf 81' lang='grc' dir='ltr'><strong>λεγομένη</strong></span> 
     </span>
    </p>
   </div>
   <div class='ocr_carea' id='block_1_41' title="bbox 320 3821 1915 3894">
    <p class='ocr_par' dir='ltr' id='par_1_41' title="bbox 320 3821 1915 3894">
     <span class='ocr_line' id='line_1_41' title="bbox 320 3821 1915 3894; baseline 0.003 -19"><span class='ocrx_word' id='word_1_267' title='bbox 320 3822 440 3875; x_wconf 84' lang='grc' dir='ltr'><strong>τῶν</strong></span> <span class='ocrx_word' id='word_1_268' title='bbox 468 3821 732 3876; x_wconf 83' lang='grc' dir='ltr'><strong>Γαῖνιτῶν</strong></span> <span class='ocrx_word' id='word_1_269' title='bbox 766 3822 864 3875; x_wconf 76' lang='grc' dir='ltr'><strong>καὶ</strong></span> <span class='ocrx_word' id='word_1_270' title='bbox 892 3822 1259 3877; x_wconf 84' lang='grc' dir='ltr'><strong>Θεοδοσιανῶν</strong></span> <span class='ocrx_word' id='word_1_271' title='bbox 1285 3823 1479 3887; x_wconf 81' lang='grc' dir='ltr'><strong>ἒνωσις</strong></span> <span class='ocrx_word' id='word_1_272' title='bbox 1503 3824 1694 3878; x_wconf 80' lang='grc' dir='ltr'><strong>οὐδένα</strong></span> <span class='ocrx_word' id='word_1_273' title='bbox 1723 3827 1915 3894; x_wconf 77' lang='grc' dir='ltr'><strong>ἐγίνω-</strong></span> 
     </span>
    </p>
   </div>
   <div class='ocr_carea' id='block_1_42' title="bbox 326 3914 1916 3988">
    <p class='ocr_par' dir='ltr' id='par_1_42' title="bbox 326 3914 1916 3988">
     <span class='ocr_line' id='line_1_42' title="bbox 326 3914 1916 3988; baseline 0.002 -19"><span class='ocrx_word' id='word_1_274' title='bbox 326 3931 484 3969; x_wconf 87' lang='grc' dir='ltr'><strong>σκεν.</strong></span> <span class='ocrx_word' id='word_1_275' title='bbox 514 3915 747 3968; x_wconf 87' lang='grc' dir='ltr'><strong>Ἔπειτα</strong></span> <span class='ocrx_word' id='word_1_276' title='bbox 777 3914 834 3967; x_wconf 85' lang='grc' dir='ltr'><strong>δὲ</strong></span> <span class='ocrx_word' id='word_1_277' title='bbox 882 3916 1002 3967; x_wconf 87' lang='grc' dir='ltr'><strong>τότε</strong></span> <span class='ocrx_word' id='word_1_278' title='bbox 1030 3915 1132 3979; x_wconf 84' lang='grc' dir='ltr'><strong>τὰς</strong></span> <span class='ocrx_word' id='word_1_279' title='bbox 1162 3916 1476 3985; x_wconf 89' lang='grc' dir='ltr'><strong>οἰκονομίας</strong></span> <span class='ocrx_word' id='word_1_280' title='bbox 1499 3918 1527 3970; x_wconf 86' lang='grc' dir='ltr'>ὁ</span> <span class='ocrx_word' id='word_1_281' title='bbox 1561 3917 1721 3988; x_wconf 76' lang='grc' dir='ltr'><strong>ὀρθὸς</strong></span> <span class='ocrx_word' id='word_1_282' title='bbox 1756 3918 1916 3986; x_wconf 89' lang='grc' dir='ltr'><strong>λόγος</strong></span> 
     </span>
    </p>
   </div>
   <div class='ocr_carea' id='block_1_43' title="bbox 331 4006 1915 4079">
    <p class='ocr_par' dir='ltr' id='par_1_43' title="bbox 331 4006 1915 4079">
     <span class='ocr_line' id='line_1_43' title="bbox 331 4006 1915 4079; baseline 0.004 -20"><span class='ocrx_word' id='word_1_283' title='bbox 331 4008 799 4079; x_wconf 76' lang='grc' dir='ltr'><strong>μεταχειρίζεται,</strong></span> <span class='ocrx_word' id='word_1_284' title='bbox 826 4007 914 4060; x_wconf 81' lang='grc' dir='ltr'><strong>ὅτε</strong></span> <span class='ocrx_word' id='word_1_285' title='bbox 953 4006 1016 4059; x_wconf 80' lang='grc' dir='ltr'><strong>τὸ</strong></span> <span class='ocrx_word' id='word_1_286' title='bbox 1067 4007 1247 4078; x_wconf 85' lang='grc' dir='ltr'><strong>δόγμα</strong></span> <span class='ocrx_word' id='word_1_287' title='bbox 1279 4008 1383 4077; x_wconf 83' lang='grc' dir='ltr'><strong>τῆς</strong></span> <span class='ocrx_word' id='word_1_288' title='bbox 1429 4009 1713 4073; x_wconf 79' lang='grc' dir='ltr'><strong>εὐσεϐείας</strong></span> <span class='ocrx_word' id='word_1_289' title='bbox 1760 4012 1915 4065; x_wconf 83' lang='grc' dir='ltr'><strong>οὐδὲν</strong></span> 
     </span>
    </p>
   </div>
   <div class='ocr_carea' id='block_1_44' title="bbox 325 4096 1919 4173">
    <p class='ocr_par' dir='ltr' id='par_1_44' title="bbox 325 4096 1919 4173">
     <span class='ocr_line' id='line_1_44' title="bbox 325 4096 1919 4173; baseline 0.003 -22"><span class='ocrx_word' id='word_1_290' title='bbox 325 4096 786 4168; x_wconf 82' lang='grc' dir='ltr'><strong>παραϐλάπτεται</strong></span> <span class='ocrx_word' id='word_1_291' title='bbox 808 4113 823 4127; x_wconf 88' lang='grc'><strong>·</strong></span> <span class='ocrx_word' id='word_1_292' title='bbox 866 4097 1074 4151; x_wconf 78' lang='grc' dir='ltr'><strong>ἐκείνου</strong></span> <span class='ocrx_word' id='word_1_293' title='bbox 1108 4098 1219 4169; x_wconf 85' lang='grc' dir='ltr'><strong>γὰρ</strong></span> <span class='ocrx_word' id='word_1_294' title='bbox 1259 4099 1538 4171; x_wconf 82' lang='grc' dir='ltr'><strong>ἀκηράτου</strong></span> <span class='ocrx_word' id='word_1_295' title='bbox 1573 4102 1670 4155; x_wconf 80' lang='grc' dir='ltr'><strong>καὶ</strong></span> <span class='ocrx_word' id='word_1_296' title='bbox 1696 4103 1919 4173; x_wconf 84' lang='grc' dir='ltr'><strong>ἀκαπη-</strong></span> 
     </span>
    </p>
   </div>
   <div class='ocr_carea' id='block_1_45' title="bbox 327 4189 1914 4261">
    <p class='ocr_par' dir='ltr' id='par_1_45' title="bbox 327 4189 1914 4261">
     <span class='ocr_line' id='line_1_45' title="bbox 327 4189 1914 4261; baseline 0.003 -18"><span class='ocrx_word' id='word_1_297' title='bbox 327 4189 525 4243; x_wconf 84' lang='grc' dir='ltr'><strong>λεύτου</strong></span> <span class='ocrx_word' id='word_1_298' title='bbox 572 4189 848 4259; x_wconf 82' lang='grc' dir='ltr'><strong>μένοντος,</strong></span> <span class='ocrx_word' id='word_1_299' title='bbox 885 4191 918 4260; x_wconf 78' lang='grc' dir='ltr'><strong>ἡ</strong></span> <span class='ocrx_word' id='word_1_300' title='bbox 964 4190 1251 4260; x_wconf 81' lang='grc' dir='ltr'><strong>οἰκονομία</strong></span> <span class='ocrx_word' id='word_1_301' title='bbox 1289 4190 1419 4261; x_wconf 87' lang='grc' dir='ltr'><strong>περί</strong></span> <span class='ocrx_word' id='word_1_302' title='bbox 1466 4208 1521 4243; x_wconf 90' lang='grc' dir='ltr'><strong>τι</strong></span> <span class='ocrx_word' id='word_1_303' title='bbox 1553 4192 1664 4245; x_wconf 87' lang='grc' dir='ltr'><strong>τῶν</strong></span> <span class='ocrx_word' id='word_1_304' title='bbox 1710 4193 1914 4260; x_wconf 73' lang='grc' dir='ltr'><strong>ἔξωθεν</strong></span> 
     </span>
    </p>
   </div>
   <div class='ocr_carea' id='block_1_46' title="bbox 327 4279 1916 4353">
    <p class='ocr_par' dir='ltr' id='par_1_46' title="bbox 327 4279 1916 4353">
     <span class='ocr_line' id='line_1_46' title="bbox 327 4279 1916 4353; baseline 0.002 -17"><span class='ocrx_word' id='word_1_305' title='bbox 327 4282 500 4336; x_wconf 86' lang='grc' dir='ltr'><strong>αὐτοῦ</strong></span> <span class='ocrx_word' id='word_1_306' title='bbox 545 4281 730 4351; x_wconf 87' lang='grc' dir='ltr'><strong>χώραν</strong></span> <span class='ocrx_word' id='word_1_307' title='bbox 769 4282 1017 4353; x_wconf 83' lang='grc' dir='ltr'><strong>εὑρίσκει</strong></span> <span class='ocrx_word' id='word_1_308' title='bbox 1043 4279 1089 4313; x_wconf 69' lang='grc'>⁸³</span> <span class='ocrx_word' id='word_1_309' title='bbox 1123 4281 1500 4337; x_wconf 88' lang='grc' dir='ltr'><strong>συνίστασθαι.</strong></span> <span class='ocrx_word' id='word_1_310' title='bbox 1545 4284 1814 4349; x_wconf 85' lang='grc' dir='ltr'><strong>Πολλάκις</strong></span> <span class='ocrx_word' id='word_1_311' title='bbox 1854 4285 1916 4339; x_wconf 87' lang='grc' dir='ltr'><strong>δέ</strong></span> 
     </span>
    </p>
   </div>
   <div class='ocr_carea' id='block_1_47' title="bbox 327 4374 1914 4449">
    <p class='ocr_par' dir='ltr' id='par_1_47' title="bbox 327 4374 1914 4449">
     <span class='ocr_line' id='line_1_47' title="bbox 327 4374 1914 4449; baseline 0.002 -21"><span class='ocrx_word' id='word_1_312' title='bbox 327 4392 414 4437; x_wconf 84' lang='grc' dir='ltr'><strong>τις</strong></span> <span class='ocrx_word' id='word_1_313' title='bbox 437 4374 532 4427; x_wconf 72' lang='grc' dir='ltr'><strong>καὶ</strong></span> <span class='ocrx_word' id='word_1_314' title='bbox 551 4374 888 4446; x_wconf 88' lang='grc' dir='ltr'><strong>πρόσκαιρος</strong></span> <span class='ocrx_word' id='word_1_315' title='bbox 912 4374 1196 4446; x_wconf 77' lang='grc' dir='ltr'><strong>οἰκονομία</strong></span> <span class='ocrx_word' id='word_1_316' title='bbox 1214 4374 1553 4445; x_wconf 88' lang='grc' dir='ltr'><strong>προελήλυθε</strong></span> <span class='ocrx_word' id='word_1_317' title='bbox 1573 4377 1710 4447; x_wconf 83' lang='grc' dir='ltr'><strong>πρὸς</strong></span> <span class='ocrx_word' id='word_1_318' title='bbox 1739 4377 1914 4449; x_wconf 85' lang='grc' dir='ltr'><strong>βραχύ</strong></span> 
     </span>
    </p>
   </div>
   <div class='ocr_carea' id='block_1_48' title="bbox 328 4466 1917 4538">
    <p class='ocr_par' dir='ltr' id='par_1_48' title="bbox 328 4466 1917 4538">
     <span class='ocr_line' id='line_1_48' title="bbox 328 4466 1917 4538; baseline 0.002 -18"><span class='ocrx_word' id='word_1_319' title='bbox 328 4486 384 4520; x_wconf 86' lang='grc' dir='ltr'><strong>τι</strong></span> <span class='ocrx_word' id='word_1_320' title='bbox 412 4468 521 4520; x_wconf 83' lang='grc' dir='ltr'><strong>τῶν</strong></span> <span class='ocrx_word' id='word_1_321' title='bbox 567 4468 670 4521; x_wconf 84' lang='grc' dir='ltr'><strong>οὐκ</strong></span> <span class='ocrx_word' id='word_1_322' title='bbox 707 4467 1035 4536; x_wconf 85' lang='grc' dir='ltr'><strong>ὀφειλόντων</strong></span> <span class='ocrx_word' id='word_1_323' title='bbox 1071 4466 1417 4538; x_wconf 84' lang='grc' dir='ltr'><strong>ἀνασχομένη</strong></span> <span class='ocrx_word' id='word_1_324' title='bbox 1458 4469 1555 4520; x_wconf 81' lang='grc' dir='ltr'><strong>καὶ</strong></span> <span class='ocrx_word' id='word_1_325' title='bbox 1603 4468 1842 4535; x_wconf 80' lang='grc' dir='ltr'><strong>στέξασα</strong></span> <span class='ocrx_word' id='word_1_326' title='bbox 1866 4468 1917 4501; x_wconf 70' lang='grc'><strong>⁸³</strong></span> 
     </span>
    </p>
   </div>
   <div class='ocr_carea' id='block_1_49' title="bbox 330 4558 1918 4632">
    <p class='ocr_par' dir='ltr' id='par_1_49' title="bbox 330 4558 1918 4632">
     <span class='ocr_line' id='line_1_49' title="bbox 330 4558 1918 4632; baseline 0.001 -19"><span class='ocrx_word' id='word_1_327' title='bbox 330 4561 429 4613; x_wconf 75' lang='grc' dir='ltr'><strong>ἐπὶ</strong></span> <span class='ocrx_word' id='word_1_328' title='bbox 459 4558 539 4631; x_wconf 81' lang='grc' dir='ltr'><strong>τῷ</strong></span> <span class='ocrx_word' id='word_1_329' title='bbox 566 4559 613 4592; x_wconf 68' lang='grc'>⁸⁸</span> <span class='ocrx_word' id='word_1_330' title='bbox 647 4560 897 4630; x_wconf 84' lang='grc' dir='ltr'><strong>διηνεκὲς</strong></span> <span class='ocrx_word' id='word_1_331' title='bbox 928 4560 1029 4629; x_wconf 80' lang='grc' dir='ltr'><strong>μὲν</strong></span> <span class='ocrx_word' id='word_1_332' title='bbox 1061 4562 1156 4613; x_wconf 83' lang='grc' dir='ltr'><strong>καὶ</strong></span> <span class='ocrx_word' id='word_1_333' title='bbox 1182 4560 1482 4628; x_wconf 83' lang='grc' dir='ltr'><strong>ἀκλόνητον</strong></span> <span class='ocrx_word' id='word_1_334' title='bbox 1504 4560 1603 4632; x_wconf 80' lang='grc' dir='ltr'><strong>τὴν</strong></span> <span class='ocrx_word' id='word_1_335' title='bbox 1629 4562 1918 4616; x_wconf 84' lang='grc' dir='ltr'><strong>εὐσέϐειαν</strong></span> 
     </span>
    </p>
   </div>
   <div class='ocr_carea' id='block_1_50' title="bbox 328 4650 1915 4722">
    <p class='ocr_par' dir='ltr' id='par_1_50' title="bbox 328 4650 1915 4722">
     <span class='ocr_line' id='line_1_50' title="bbox 328 4650 1915 4722; baseline 0.003 -19"><span class='ocrx_word' id='word_1_336' title='bbox 328 4650 631 4704; x_wconf 86' lang='grc' dir='ltr'><strong>ἀπολαϐεῖν</strong></span> <span class='ocrx_word' id='word_1_337' title='bbox 679 4650 743 4704; x_wconf 81' lang='grc' dir='ltr'><strong>τὸ</strong></span> <span class='ocrx_word' id='word_1_338' title='bbox 794 4650 1034 4722; x_wconf 85' lang='grc' dir='ltr'><strong>κράτος,</strong></span> <span class='ocrx_word' id='word_1_339' title='bbox 1066 4652 1374 4706; x_wconf 83' lang='grc' dir='ltr'><strong>ὑπεκλῦσαι</strong></span> <span class='ocrx_word' id='word_1_340' title='bbox 1411 4652 1470 4705; x_wconf 81' lang='grc' dir='ltr'><strong>δὲ</strong></span> <span class='ocrx_word' id='word_1_341' title='bbox 1519 4654 1616 4707; x_wconf 76' lang='grc' dir='ltr'><strong>καὶ</strong></span> <span class='ocrx_word' id='word_1_342' title='bbox 1668 4654 1769 4716; x_wconf 79' lang='grc' dir='ltr'><strong>τὰς</strong></span> <span class='ocrx_word' id='word_1_343' title='bbox 1805 4654 1915 4707; x_wconf 82' lang='grc' dir='ltr'><strong>τῶν</strong></span> 
     </span>
    </p>
   </div>
   <div class='ocr_carea' id='block_1_51' title="bbox 2006 796 3588 880">
    <p class='ocr_par' dir='ltr' id='par_1_51' title="bbox 2006 796 3588 880">
     <span class='ocr_line' id='line_1_51' title="bbox 2006 796 3588 880; baseline 0.013 -31"><span class='ocrx_word' id='word_1_344' title='bbox 2006 796 2313 856; x_wconf 70' lang='lat' dir='ltr'><strong>Antiochiae</strong></span> <span class='ocrx_word' id='word_1_345' title='bbox 2345 802 2539 858; x_wconf 91' lang='lat' dir='ltr'><strong>habuit</strong></span> <span class='ocrx_word' id='word_1_346' title='bbox 2588 807 2845 873; x_wconf 91' lang='lat' dir='ltr'><strong>primum,</strong></span> <span class='ocrx_word' id='word_1_347' title='bbox 2892 810 3171 880; x_wconf 69' lang='lat' dir='ltr'><strong>ardemque</strong></span> <span class='ocrx_word' id='word_1_348' title='bbox 3227 813 3406 867; x_wconf 90' lang='lat' dir='ltr'><strong>solum</strong></span> <span class='ocrx_word' id='word_1_349' title='bbox 3451 819 3588 871; x_wconf 79' lang='lat' dir='ltr'><strong>rexit</strong></span> 
     </span>
    </p>
   </div>
   <div class='ocr_carea' id='block_1_52' title="bbox 2009 890 3589 976">
    <p class='ocr_par' dir='ltr' id='par_1_52' title="bbox 2009 890 3589 976">
     <span class='ocr_line' id='line_1_52' title="bbox 2009 890 3589 976; baseline 0.012 -32"><span class='ocrx_word' id='word_1_350' title='bbox 2009 890 2363 946; x_wconf 67' lang='lat' dir='ltr'><strong>sanctissimae</strong></span> <span class='ocrx_word' id='word_1_351' title='bbox 2400 894 2643 965; x_wconf 72' lang='lat' dir='ltr'><strong>Deiparze</strong></span> <span class='ocrx_word' id='word_1_352' title='bbox 2698 914 2817 967; x_wconf 85' lang='lat' dir='ltr'><strong>quae</strong></span> <span class='ocrx_word' id='word_1_353' title='bbox 2859 898 3166 957; x_wconf 86' lang='lat' dir='ltr'><strong>Justiniana</strong></span> <span class='ocrx_word' id='word_1_354' title='bbox 3218 921 3589 976; x_wconf 86' lang='lat' dir='ltr'><strong>nuncupatur.</strong></span> 
     </span>
    </p>
   </div>
   <div class='ocr_carea' id='block_1_53' title="bbox 2006 983 3592 1064">
    <p class='ocr_par' dir='ltr' id='par_1_53' title="bbox 2006 983 3592 1064">
     <span class='ocr_line' id='line_1_53' title="bbox 2006 983 3592 1064; baseline 0.012 -28"><span class='ocrx_word' id='word_1_355' title='bbox 2006 983 2308 1054; x_wconf 78' lang='lat' dir='ltr'><strong>Aggressus</strong></span> <span class='ocrx_word' id='word_1_356' title='bbox 2337 995 2421 1042; x_wconf 88' lang='lat' dir='ltr'><strong>est</strong></span> <span class='ocrx_word' id='word_1_357' title='bbox 2455 998 2511 1043; x_wconf 93' lang='lat' dir='ltr'><strong>et</strong></span> <span class='ocrx_word' id='word_1_358' title='bbox 2539 989 2644 1043; x_wconf 90' lang='lat' dir='ltr'><strong>alia</strong></span> <span class='ocrx_word' id='word_1_359' title='bbox 2676 1006 2781 1046; x_wconf 93' lang='lat' dir='ltr'><strong>non</strong></span> <span class='ocrx_word' id='word_1_360' title='bbox 2829 992 3087 1058; x_wconf 68' lang='lat' dir='ltr'><strong>ignobilia</strong></span> <span class='ocrx_word' id='word_1_361' title='bbox 3125 1010 3333 1064; x_wconf 85' lang='lat' dir='ltr'><strong>opera:</strong></span> <span class='ocrx_word' id='word_1_362' title='bbox 3370 1003 3592 1057; x_wconf 89' lang='lat' dir='ltr'><strong>tandem</strong></span> 
     </span>
    </p>
   </div>
   <div class='ocr_carea' id='block_1_54' title="bbox 2005 1079 3313 1155">
    <p class='ocr_par' dir='ltr' id='par_1_54' title="bbox 2005 1079 3313 1155">
     <span class='ocr_line' id='line_1_54' title="bbox 2005 1079 3313 1155; baseline 0.01 -22"><span class='ocrx_word' id='word_1_363' title='bbox 2005 1080 2168 1133; x_wconf 82' lang='lat' dir='ltr'><strong>etiam</strong></span> <span class='ocrx_word' id='word_1_364' title='bbox 2199 1079 2546 1138; x_wconf 64' lang='lat' dir='ltr'><strong>Alexandria:</strong></span> <span class='ocrx_word' id='word_1_365' title='bbox 2574 1085 2769 1152; x_wconf 66' lang='lat' dir='ltr'><strong>praesul</strong></span> <span class='ocrx_word' id='word_1_366' title='bbox 2803 1089 3151 1144; x_wconf 75' lang='lat' dir='ltr'><strong>renuntiatus</strong></span> <span class='ocrx_word' id='word_1_367' title='bbox 3186 1093 3313 1155; x_wconf 88' lang='lat' dir='ltr'><strong>est.|</strong></span> 
     </span>
    </p>
   </div>
   <div class='ocr_carea' id='block_1_55' title="bbox 2644 1259 2948 1316">
    <p class='ocr_par' dir='ltr' id='par_1_55' title="bbox 2644 1259 2948 1316">
     <span class='ocr_line' id='line_1_55' title="bbox 2644 1259 2948 1316; baseline 0.007 -2"><span class='ocrx_word' id='word_1_368' title='bbox 2644 1259 2948 1316; x_wconf 82' lang='lat' dir='ltr'><strong>CCXXVII.</strong></span> 
     </span>
    </p>
   </div>
   <div class='ocr_carea' id='block_1_56' title="bbox 2287 1348 3293 1421">
    <p class='ocr_par' dir='ltr' id='par_1_56' title="bbox 2287 1348 3293 1421">
     <span class='ocr_line' id='line_1_56' title="bbox 2287 1348 3293 1421; baseline 0.008 -18"><span class='ocrx_word' id='word_1_369' title='bbox 2287 1348 2502 1421; x_wconf 82' lang='lat' dir='ltr'><strong>Eulogii</strong></span> <span class='ocrx_word' id='word_1_370' title='bbox 2537 1352 2776 1421; x_wconf 75' lang='lat' dir='ltr'><strong>ejusdem</strong></span> <span class='ocrx_word' id='word_1_371' title='bbox 2804 1356 3058 1410; x_wconf 80' lang='lat' dir='ltr'><strong>invectiva</strong></span> <span class='ocrx_word' id='word_1_372' title='bbox 3100 1359 3293 1411; x_wconf 79' lang='lat' dir='ltr'><strong>oratio.</strong></span> 
     </span>
    </p>
   </div>
   <div class='ocr_carea' id='block_1_57' title="bbox 2081 1444 3594 1518">
    <p class='ocr_par' dir='ltr' id='par_1_57' title="bbox 2081 1444 3594 1518">
     <span class='ocr_line' id='line_1_57' title="bbox 2081 1444 3594 1518; baseline 0.007 -18"><span class='ocrx_word' id='word_1_373' title='bbox 2081 1444 2244 1501; x_wconf 82' lang='lat' dir='ltr'><strong>Lecta</strong></span> <span class='ocrx_word' id='word_1_374' title='bbox 2277 1455 2360 1502; x_wconf 92' lang='lat' dir='ltr'><strong>est</strong></span> <span class='ocrx_word' id='word_1_375' title='bbox 2391 1448 2658 1503; x_wconf 80' lang='lat' dir='ltr'><strong>invectiva</strong></span> <span class='ocrx_word' id='word_1_376' title='bbox 2688 1450 2933 1518; x_wconf 87' lang='lat' dir='ltr'><strong>ejusdem</strong></span> <span class='ocrx_word' id='word_1_377' title='bbox 2970 1464 3164 1508; x_wconf 89' lang='lat' dir='ltr'><strong>contra</strong></span> <span class='ocrx_word' id='word_1_378' title='bbox 3202 1453 3468 1508; x_wconf 90' lang='lat' dir='ltr'><strong>unitatem</strong></span> <span class='ocrx_word' id='word_1_379' title='bbox 3497 1469 3594 1511; x_wconf 84' lang='lat' dir='ltr'><strong>su-</strong></span> 
     </span>
    </p>
   </div>
   <div class='ocr_carea' id='block_1_58' title="bbox 2004 1540 3594 1609">
    <p class='ocr_par' dir='ltr' id='par_1_58' title="bbox 2004 1540 3594 1609">
     <span class='ocr_line' id='line_1_58' title="bbox 2004 1540 3594 1609; baseline 0.004 -14"><span class='ocrx_word' id='word_1_380' title='bbox 2004 1540 2116 1595; x_wconf 84' lang='lat' dir='ltr'><strong>bito</strong></span> <span class='ocrx_word' id='word_1_381' title='bbox 2141 1551 2383 1596; x_wconf 83' lang='lat' dir='ltr'><strong>exortam</strong></span> <span class='ocrx_word' id='word_1_382' title='bbox 2407 1542 2566 1597; x_wconf 77' lang='lat' dir='ltr'><strong>.inter</strong></span> <span class='ocrx_word' id='word_1_383' title='bbox 2596 1542 3029 1609; x_wconf 84' lang='lat' dir='ltr'><strong>Theodosianos,</strong></span> <span class='ocrx_word' id='word_1_384' title='bbox 3074 1556 3129 1600; x_wconf 93' lang='lat' dir='ltr'><strong>et</strong></span> <span class='ocrx_word' id='word_1_385' title='bbox 3184 1544 3430 1602; x_wconf 87' lang='lat' dir='ltr'><strong>Cainitas</strong></span> <span class='ocrx_word' id='word_1_386' title='bbox 3469 1562 3594 1602; x_wconf 86' lang='lat' dir='ltr'><strong>ace-</strong></span> 
     </span>
    </p>
   </div>
   <div class='ocr_carea' id='block_1_59' title="bbox 2005 1632 3590 1702">
    <p class='ocr_par' dir='ltr' id='par_1_59' title="bbox 2005 1632 3590 1702">
     <span class='ocr_line' id='line_1_59' title="bbox 2005 1632 3590 1702; baseline 0.003 -16"><span class='ocrx_word' id='word_1_387' title='bbox 2005 1632 2214 1702; x_wconf 89' lang='lat' dir='ltr'><strong>phalos.</strong></span> <span class='ocrx_word' id='word_1_388' title='bbox 2245 1633 2307 1688; x_wconf 86' lang='lat' dir='ltr'><strong>Hi</strong></span> <span class='ocrx_word' id='word_1_389' title='bbox 2334 1634 2477 1689; x_wconf 92' lang='lat' dir='ltr'><strong>enim</strong></span> <span class='ocrx_word' id='word_1_390' title='bbox 2509 1635 2742 1701; x_wconf 90' lang='lat' dir='ltr'><strong>primum</strong></span> <span class='ocrx_word' id='word_1_391' title='bbox 2784 1636 2928 1691; x_wconf 91' lang='lat' dir='ltr'><strong>inter</strong></span> <span class='ocrx_word' id='word_1_392' title='bbox 2963 1651 3022 1691; x_wconf 86' lang='lat' dir='ltr'><strong>se</strong></span> <span class='ocrx_word' id='word_1_393' title='bbox 3052 1652 3175 1691; x_wconf 92' lang='lat' dir='ltr'><strong>cum</strong></span> <span class='ocrx_word' id='word_1_394' title='bbox 3214 1638 3590 1701; x_wconf 88' lang='lat' dir='ltr'><strong>dissedissent,</strong></span> 
     </span>
    </p>
   </div>
   <div class='ocr_carea' id='block_1_60' title="bbox 2004 1728 3589 1798">
    <p class='ocr_par' dir='ltr' id='par_1_60' title="bbox 2004 1728 3589 1798">
     <span class='ocr_line' id='line_1_60' title="bbox 2004 1728 3589 1798; baseline -0.001 -17"><span class='ocrx_word' id='word_1_395' title='bbox 2004 1729 2347 1797; x_wconf 88' lang='lat' dir='ltr'><strong>postmodum</strong></span> <span class='ocrx_word' id='word_1_396' title='bbox 2371 1742 2435 1782; x_wconf 89' lang='lat' dir='ltr'><strong>ea</strong></span> <span class='ocrx_word' id='word_1_397' title='bbox 2486 1742 2600 1796; x_wconf 71' lang='lat' dir='ltr'><strong>quae</strong></span> <span class='ocrx_word' id='word_1_398' title='bbox 2628 1729 2695 1783; x_wconf 91' lang='lat' dir='ltr'><strong>ad</strong></span> <span class='ocrx_word' id='word_1_399' title='bbox 2730 1743 2917 1782; x_wconf 81' lang='lat' dir='ltr'><strong>necem</strong></span> <span class='ocrx_word' id='word_1_400' title='bbox 2944 1728 3307 1784; x_wconf 75' lang='lat' dir='ltr'><strong>defendebant</strong></span> <span class='ocrx_word' id='word_1_401' title='bbox 3339 1730 3589 1798; x_wconf 76' lang='lat' dir='ltr'><strong>dogmata</strong></span> 
     </span>
    </p>
   </div>
   <div class='ocr_carea' id='block_1_61' title="bbox 2006 1817 3591 1888">
    <p class='ocr_par' dir='ltr' id='par_1_61' title="bbox 2006 1817 3591 1888">
     <span class='ocr_line' id='line_1_61' title="bbox 2006 1817 3591 1888; baseline -0.001 -16"><span class='ocrx_word' id='word_1_402' title='bbox 2006 1819 2238 1872; x_wconf 81' lang='lat' dir='ltr'><strong>invicem</strong></span> <span class='ocrx_word' id='word_1_403' title='bbox 2270 1819 2567 1881; x_wconf 84' lang='lat' dir='ltr'><strong>tradentes,</strong></span> <span class='ocrx_word' id='word_1_404' title='bbox 2594 1817 2658 1872; x_wconf 72' lang='lat' dir='ltr'><strong>in</strong></span> <span class='ocrx_word' id='word_1_405' title='bbox 2704 1835 2887 1882; x_wconf 92' lang='lat' dir='ltr'><strong>unam,</strong></span> <span class='ocrx_word' id='word_1_406' title='bbox 2921 1820 3015 1873; x_wconf 90' lang='lat' dir='ltr'><strong>sed</strong></span> <span class='ocrx_word' id='word_1_407' title='bbox 3046 1820 3263 1873; x_wconf 83' lang='lat' dir='ltr'><strong>brevem</strong></span> <span class='ocrx_word' id='word_1_408' title='bbox 3301 1819 3591 1888; x_wconf 79' lang='lat' dir='ltr'><strong>quamdam</strong></span> 
     </span>
    </p>
   </div>
   <div class='ocr_carea' id='block_1_62' title="bbox 2008 1907 3590 1975">
    <p class='ocr_par' dir='ltr' id='par_1_62' title="bbox 2008 1907 3590 1975">
     <span class='ocr_line' id='line_1_62' title="bbox 2008 1907 3590 1975; baseline -0.001 -13"><span class='ocrx_word' id='word_1_409' title='bbox 2008 1909 2389 1975; x_wconf 87' lang='lat' dir='ltr'><strong>c0nspirarunt</strong></span> <span class='ocrx_word' id='word_1_410' title='bbox 2447 1908 2802 1975; x_wconf 78' lang='lat' dir='ltr'><strong>impietatem.</strong></span> <span class='ocrx_word' id='word_1_411' title='bbox 2869 1908 2996 1962; x_wconf 88' lang='lat' dir='ltr'><strong>Inde</strong></span> <span class='ocrx_word' id='word_1_412' title='bbox 3055 1909 3249 1962; x_wconf 89' lang='lat' dir='ltr'><strong>iterum</strong></span> <span class='ocrx_word' id='word_1_413' title='bbox 3304 1907 3487 1962; x_wconf 84' lang='lat' dir='ltr'><strong>refusa</strong></span> <span class='ocrx_word' id='word_1_414' title='bbox 3536 1910 3590 1961; x_wconf 91' lang='lat' dir='ltr'><strong>in</strong></span> 
     </span>
    </p>
   </div>
   <div class='ocr_carea' id='block_1_63' title="bbox 1934 1996 3594 2093">
    <p class='ocr_par' dir='ltr' id='par_1_63' title="bbox 1934 1996 3594 2093">
     <span class='ocr_line' id='line_1_63' title="bbox 1934 1996 3594 2093; baseline 0.003 -47"><span class='ocrx_word' id='word_1_415' title='bbox 1934 2036 1979 2093; x_wconf 79' lang='grc' dir='ltr'><strong>Β</strong></span> <span class='ocrx_word' id='word_1_416' title='bbox 2007 1996 2243 2062; x_wconf 82' lang='lat' dir='ltr'><strong>priorem</strong></span> <span class='ocrx_word' id='word_1_417' title='bbox 2302 1996 2632 2064; x_wconf 86' lang='lat' dir='ltr'><strong>impietatem</strong></span> <span class='ocrx_word' id='word_1_418' title='bbox 2676 2012 2803 2065; x_wconf 87' lang='lat' dir='ltr'><strong>pars</strong></span> <span class='ocrx_word' id='word_1_419' title='bbox 2838 2008 3101 2066; x_wconf 85' lang='lat' dir='ltr'><strong>utraque,</strong></span> <span class='ocrx_word' id='word_1_420' title='bbox 3134 1999 3594 2053; x_wconf 84' lang='lat' dir='ltr'><strong>discesseruntad</strong></span> 
     </span>
    </p>
   </div>
   <div class='ocr_carea' id='block_1_64' title="bbox 2006 2087 3591 2159">
    <p class='ocr_par' dir='ltr' id='par_1_64' title="bbox 2006 2087 3591 2159">
     <span class='ocr_line' id='line_1_64' title="bbox 2006 2087 3591 2159; baseline 0.003 -19"><span class='ocrx_word' id='word_1_421' title='bbox 2006 2101 2100 2141; x_wconf 87' lang='lat' dir='ltr'><strong>eas</strong></span> <span class='ocrx_word' id='word_1_422' title='bbox 2132 2102 2196 2141; x_wconf 82' lang='lat' dir='ltr'><strong>ex</strong></span> <span class='ocrx_word' id='word_1_423' title='bbox 2228 2087 2428 2156; x_wconf 82' lang='lat' dir='ltr'><strong>quibus</strong></span> <span class='ocrx_word' id='word_1_424' title='bbox 2471 2088 2524 2141; x_wconf 93' lang='lat' dir='ltr'><strong>in</strong></span> <span class='ocrx_word' id='word_1_425' title='bbox 2557 2104 2722 2142; x_wconf 92' lang='lat' dir='ltr'><strong>unum</strong></span> <span class='ocrx_word' id='word_1_426' title='bbox 2753 2090 3097 2155; x_wconf 87' lang='lat' dir='ltr'><strong>coaluerant,</strong></span> <span class='ocrx_word' id='word_1_427' title='bbox 3134 2091 3442 2159; x_wconf 86' lang='lat' dir='ltr'><strong>opiniones.</strong></span> <span class='ocrx_word' id='word_1_428' title='bbox 3484 2091 3591 2147; x_wconf 91' lang='lat' dir='ltr'><strong>Os-</strong></span> 
     </span>
    </p>
   </div>
   <div class='ocr_carea' id='block_1_65' title="bbox 2007 2178 3594 2251">
    <p class='ocr_par' dir='ltr' id='par_1_65' title="bbox 2007 2178 3594 2251">
     <span class='ocr_line' id='line_1_65' title="bbox 2007 2178 3594 2251; baseline 0.004 -21"><span class='ocrx_word' id='word_1_429' title='bbox 2007 2178 2177 2231; x_wconf 89' lang='lat' dir='ltr'><strong>tendit</strong></span> <span class='ocrx_word' id='word_1_430' title='bbox 2207 2179 2372 2248; x_wconf 82' lang='lat' dir='ltr'><strong>igitur</strong></span> <span class='ocrx_word' id='word_1_431' title='bbox 2409 2180 2554 2249; x_wconf 91' lang='lat' dir='ltr'><strong>quod</strong></span> <span class='ocrx_word' id='word_1_432' title='bbox 2583 2194 2689 2233; x_wconf 91' lang='lat' dir='ltr'><strong>non</strong></span> <span class='ocrx_word' id='word_1_433' title='bbox 2721 2190 2780 2234; x_wconf 90' lang='lat' dir='ltr'><strong>ut</strong></span> <span class='ocrx_word' id='word_1_434' title='bbox 2803 2180 2910 2237; x_wconf 86' lang='lat' dir='ltr'><strong>illis</strong></span> <span class='ocrx_word' id='word_1_435' title='bbox 2942 2182 3121 2236; x_wconf 90' lang='lat' dir='ltr'><strong>visum</strong></span> <span class='ocrx_word' id='word_1_436' title='bbox 3152 2192 3260 2246; x_wconf 91' lang='lat' dir='ltr'><strong>est,</strong></span> <span class='ocrx_word' id='word_1_437' title='bbox 3284 2183 3414 2251; x_wconf 87' lang='lat' dir='ltr'><strong>ipsis</strong></span> <span class='ocrx_word' id='word_1_438' title='bbox 3444 2196 3594 2237; x_wconf 87' lang='lat' dir='ltr'><strong>oeco-</strong></span> 
     </span>
    </p>
   </div>
   <div class='ocr_carea' id='block_1_66' title="bbox 2009 2270 3593 2342">
    <p class='ocr_par' dir='ltr' id='par_1_66' title="bbox 2009 2270 3593 2342">
     <span class='ocr_line' id='line_1_66' title="bbox 2009 2270 3593 2342; baseline 0.002 -19"><span class='ocrx_word' id='word_1_439' title='bbox 2009 2271 2245 2325; x_wconf 86' lang='lat' dir='ltr'><strong>nomiam</strong></span> <span class='ocrx_word' id='word_1_440' title='bbox 2283 2270 2397 2341; x_wconf 85' lang='lat'><strong>(66)</strong></span> <span class='ocrx_word' id='word_1_441' title='bbox 2444 2286 2543 2326; x_wconf 88' lang='lat' dir='ltr'><strong>sua</strong></span> <span class='ocrx_word' id='word_1_442' title='bbox 2595 2274 2774 2328; x_wconf 90' lang='lat' dir='ltr'><strong>unitas</strong></span> <span class='ocrx_word' id='word_1_443' title='bbox 2814 2283 3036 2341; x_wconf 86' lang='lat' dir='ltr'><strong>operata</strong></span> <span class='ocrx_word' id='word_1_444' title='bbox 3073 2283 3159 2329; x_wconf 93' lang='lat' dir='ltr'><strong>est</strong></span> <span class='ocrx_word' id='word_1_445' title='bbox 3198 2292 3212 2328; x_wconf 90' lang='lat'>:</span> <span class='ocrx_word' id='word_1_446' title='bbox 3257 2274 3361 2328; x_wconf 86' lang='lat' dir='ltr'><strong>sed</strong></span> <span class='ocrx_word' id='word_1_447' title='bbox 3413 2274 3593 2342; x_wconf 79' lang='lat' dir='ltr'><strong>potius</strong></span> 
     </span>
    </p>
   </div>
   <div class='ocr_carea' id='block_1_67' title="bbox 2009 2359 3592 2434">
    <p class='ocr_par' dir='ltr' id='par_1_67' title="bbox 2009 2359 3592 2434">
     <span class='ocr_line' id='line_1_67' title="bbox 2009 2359 3592 2434; baseline 0.003 -21"><span class='ocrx_word' id='word_1_448' title='bbox 2009 2359 2131 2414; x_wconf 78' lang='lat' dir='ltr'><strong>fidei</strong></span> <span class='ocrx_word' id='word_1_449' title='bbox 2161 2359 2370 2416; x_wconf 87' lang='lat' dir='ltr'><strong>illorum</strong></span> <span class='ocrx_word' id='word_1_450' title='bbox 2415 2363 2776 2429; x_wconf 85' lang='lat' dir='ltr'><strong>proditionem</strong></span> <span class='ocrx_word' id='word_1_451' title='bbox 2823 2364 3091 2433; x_wconf 85' lang='lat' dir='ltr'><strong>integram</strong></span> <span class='ocrx_word' id='word_1_452' title='bbox 3135 2365 3466 2434; x_wconf 85' lang='lat' dir='ltr'><strong>propalavit.</strong></span> <span class='ocrx_word' id='word_1_453' title='bbox 3501 2365 3592 2419; x_wconf 86' lang='lat' dir='ltr'><strong>Di-</strong></span> 
     </span>
    </p>
   </div>
   <div class='ocr_carea' id='block_1_68' title="bbox 2008 2451 3595 2524">
    <p class='ocr_par' dir='ltr' id='par_1_68' title="bbox 2008 2451 3595 2524">
     <span class='ocr_line' id='line_1_68' title="bbox 2008 2451 3595 2524; baseline 0.005 -22"><span class='ocrx_word' id='word_1_454' title='bbox 2008 2451 2140 2504; x_wconf 87' lang='lat' dir='ltr'><strong>vidit</strong></span> <span class='ocrx_word' id='word_1_455' title='bbox 2188 2460 2370 2505; x_wconf 89' lang='lat' dir='ltr'><strong>autem</strong></span> <span class='ocrx_word' id='word_1_456' title='bbox 2415 2455 2734 2508; x_wconf 64' lang='lat' dir='ltr'><strong>oeconomia:</strong></span> <span class='ocrx_word' id='word_1_457' title='bbox 2766 2456 3045 2524; x_wconf 85' lang='lat' dir='ltr'><strong>speciem,</strong></span> <span class='ocrx_word' id='word_1_458' title='bbox 3084 2471 3245 2524; x_wconf 92' lang='lat' dir='ltr'><strong>quam</strong></span> <span class='ocrx_word' id='word_1_459' title='bbox 3299 2455 3391 2510; x_wconf 92' lang='lat' dir='ltr'><strong>Dei</strong></span> <span class='ocrx_word' id='word_1_460' title='bbox 3441 2458 3595 2510; x_wconf 89' lang='lat' dir='ltr'><strong>novit</strong></span> 
     </span>
    </p>
   </div>
   <div class='ocr_carea' id='block_1_69' title="bbox 2009 2541 3592 2617">
    <p class='ocr_par' dir='ltr' id='par_1_69' title="bbox 2009 2541 3592 2617">
     <span class='ocr_line' id='line_1_69' title="bbox 2009 2541 3592 2617; baseline 0.005 -23"><span class='ocrx_word' id='word_1_461' title='bbox 2009 2541 2246 2598; x_wconf 83' lang='lat' dir='ltr'><strong>Ecclesia</strong></span> <span class='ocrx_word' id='word_1_462' title='bbox 2278 2543 2417 2615; x_wconf 88' lang='lat'>(67),</span> <span class='ocrx_word' id='word_1_463' title='bbox 2454 2545 2626 2599; x_wconf 91' lang='lat' dir='ltr'><strong>tribus</strong></span> <span class='ocrx_word' id='word_1_464' title='bbox 2670 2546 2993 2600; x_wconf 72' lang='lat' dir='ltr'><strong>dilferentiis</strong></span> <span class='ocrx_word' id='word_1_465' title='bbox 3041 2564 3056 2600; x_wconf 92' lang='lat'><strong>:</strong></span> <span class='ocrx_word' id='word_1_466' title='bbox 3110 2549 3392 2617; x_wconf 85' lang='lat' dir='ltr'><strong>arguitque</strong></span> <span class='ocrx_word' id='word_1_467' title='bbox 3453 2563 3592 2602; x_wconf 67' lang='lat' dir='ltr'><strong>cono</strong></span> 
     </span>
    </p>
   </div>
   <div class='ocr_carea' id='block_1_70' title="bbox 2008 2636 3595 2709">
    <p class='ocr_par' dir='ltr' id='par_1_70' title="bbox 2008 2636 3595 2709">
     <span class='ocr_line' id='line_1_70' title="bbox 2008 2636 3595 2709; baseline 0.002 -20"><span class='ocrx_word' id='word_1_468' title='bbox 2008 2644 2089 2689; x_wconf 90' lang='lat' dir='ltr'><strong>tra</strong></span> <span class='ocrx_word' id='word_1_469' title='bbox 2127 2636 2564 2705; x_wconf 89' lang='lat' dir='ltr'><strong>conduplicatam</strong></span> <span class='ocrx_word' id='word_1_470' title='bbox 2596 2652 2783 2692; x_wconf 91' lang='lat' dir='ltr'><strong>eorum</strong></span> <span class='ocrx_word' id='word_1_471' title='bbox 2814 2639 3175 2708; x_wconf 88' lang='lat' dir='ltr'><strong>impietatem,</strong></span> <span class='ocrx_word' id='word_1_472' title='bbox 3209 2643 3355 2709; x_wconf 92' lang='lat' dir='ltr'><strong>quod</strong></span> <span class='ocrx_word' id='word_1_473' title='bbox 3393 2654 3595 2695; x_wconf 84' lang='lat' dir='ltr'><strong>secun-</strong></span> 
     </span>
    </p>
   </div>
   <div class='ocr_carea' id='block_1_71' title="bbox 2008 2727 3594 2800">
    <p class='ocr_par' dir='ltr' id='par_1_71' title="bbox 2008 2727 3594 2800">
     <span class='ocr_line' id='line_1_71' title="bbox 2008 2727 3594 2800; baseline 0.004 -21"><span class='ocrx_word' id='word_1_474' title='bbox 2008 2728 2133 2779; x_wconf 89' lang='lat' dir='ltr'><strong>dum</strong></span> <span class='ocrx_word' id='word_1_475' title='bbox 2158 2727 2354 2781; x_wconf 89' lang='lat' dir='ltr'><strong>nullam</strong></span> <span class='ocrx_word' id='word_1_476' title='bbox 2387 2729 2548 2782; x_wconf 89' lang='lat' dir='ltr'><strong>trium</strong></span> <span class='ocrx_word' id='word_1_477' title='bbox 2579 2729 2790 2783; x_wconf 86' lang='lat' dir='ltr'><strong>illarum</strong></span> <span class='ocrx_word' id='word_1_478' title='bbox 2816 2735 3174 2800; x_wconf 87' lang='lat' dir='ltr'><strong>procederent</strong></span> <span class='ocrx_word' id='word_1_479' title='bbox 3206 2732 3340 2785; x_wconf 86' lang='lat' dir='ltr'><strong>inita</strong></span> <span class='ocrx_word' id='word_1_480' title='bbox 3368 2732 3438 2784; x_wconf 92' lang='lat' dir='ltr'><strong>ab</strong></span> <span class='ocrx_word' id='word_1_481' title='bbox 3459 2731 3594 2800; x_wconf 87' lang='lat' dir='ltr'><strong>ipsis</strong></span> 
     </span>
    </p>
   </div>
   <div class='ocr_carea' id='block_1_72' title="bbox 2010 2818 3589 2889">
    <p class='ocr_par' dir='ltr' id='par_1_72' title="bbox 2010 2818 3589 2889">
     <span class='ocr_line' id='line_1_72' title="bbox 2010 2818 3589 2889; baseline 0.004 -19"><span class='ocrx_word' id='word_1_482' title='bbox 2010 2818 2337 2872; x_wconf 85' lang='lat' dir='ltr'><strong>immortalia</strong></span> <span class='ocrx_word' id='word_1_483' title='bbox 2394 2818 2690 2889; x_wconf 87' lang='lat' dir='ltr'><strong>impietatis</strong></span> <span class='ocrx_word' id='word_1_484' title='bbox 2742 2820 2950 2876; x_wconf 66' lang='lat' dir='ltr'><strong>hedera</strong></span> <span class='ocrx_word' id='word_1_485' title='bbox 2998 2841 3011 2877; x_wconf 91' lang='lat'><strong>:</strong></span> <span class='ocrx_word' id='word_1_486' title='bbox 3072 2824 3166 2877; x_wconf 87' lang='lat' dir='ltr'><strong>sed</strong></span> <span class='ocrx_word' id='word_1_487' title='bbox 3215 2833 3273 2877; x_wconf 88' lang='lat' dir='ltr'><strong>ut</strong></span> <span class='ocrx_word' id='word_1_488' title='bbox 3323 2823 3589 2887; x_wconf 81' lang='lat' dir='ltr'><strong>diximus,</strong></span> 
     </span>
    </p>
   </div>
   <div class='ocr_carea' id='block_1_73' title="bbox 2010 2908 3599 2981">
    <p class='ocr_par' dir='ltr' id='par_1_73' title="bbox 2010 2908 3599 2981">
     <span class='ocr_line' id='line_1_73' title="bbox 2010 2908 3599 2981; baseline 0.006 -23"><span class='ocrx_word' id='word_1_489' title='bbox 2010 2908 2299 2961; x_wconf 67' lang='lat' dir='ltr'><strong>universae,</strong></span> <span class='ocrx_word' id='word_1_490' title='bbox 2329 2922 2521 2962; x_wconf 91' lang='lat' dir='ltr'><strong>eorum</strong></span> <span class='ocrx_word' id='word_1_491' title='bbox 2570 2910 2851 2979; x_wconf 77' lang='lat' dir='ltr'><strong>religionis</strong></span> <span class='ocrx_word' id='word_1_492' title='bbox 2880 2922 3114 2981; x_wconf 85' lang='lat' dir='ltr'><strong>utraque</strong></span> <span class='ocrx_word' id='word_1_493' title='bbox 3165 2927 3292 2981; x_wconf 90' lang='lat' dir='ltr'><strong>pars</strong></span> <span class='ocrx_word' id='word_1_494' title='bbox 3323 2931 3340 2980; x_wconf 94' lang='lat'><strong>;</strong></span> <span class='ocrx_word' id='word_1_495' title='bbox 3373 2914 3599 2969; x_wconf 86' lang='lat' dir='ltr'><strong>nomine</strong></span> 
     </span>
    </p>
   </div>
   <div class='ocr_carea' id='block_1_74' title="bbox 2011 2997 3592 3075">
    <p class='ocr_par' dir='ltr' id='par_1_74' title="bbox 2011 2997 3592 3075">
     <span class='ocr_line' id='line_1_74' title="bbox 2011 2997 3592 3075; baseline 0.006 -24"><span class='ocrx_word' id='word_1_496' title='bbox 2011 2997 2234 3053; x_wconf 88' lang='lat' dir='ltr'><strong>unitatis</strong></span> <span class='ocrx_word' id='word_1_497' title='bbox 2291 3000 2653 3068; x_wconf 90' lang='lat' dir='ltr'><strong>proditionem</strong></span> <span class='ocrx_word' id='word_1_498' title='bbox 2709 3003 3167 3073; x_wconf 79' lang='lat' dir='ltr'><strong>negationemque</strong></span> <span class='ocrx_word' id='word_1_499' title='bbox 3229 3006 3592 3075; x_wconf 86' lang='lat' dir='ltr'><strong>perpetravit.</strong></span> 
     </span>
    </p>
   </div>
   <div class='ocr_carea' id='block_1_75' title="bbox 2010 3088 3596 3164">
    <p class='ocr_par' dir='ltr' id='par_1_75' title="bbox 2010 3088 3596 3164">
     <span class='ocr_line' id='line_1_75' title="bbox 2010 3088 3596 3164; baseline 0.004 -19"><span class='ocrx_word' id='word_1_500' title='bbox 2010 3088 2078 3145; x_wconf 88' lang='lat' dir='ltr'><strong>Et</strong></span> <span class='ocrx_word' id='word_1_501' title='bbox 2124 3092 2302 3160; x_wconf 87' lang='lat' dir='ltr'><strong>primo</strong></span> <span class='ocrx_word' id='word_1_502' title='bbox 2349 3094 2566 3162; x_wconf 89' lang='lat' dir='ltr'><strong>quidem</strong></span> <span class='ocrx_word' id='word_1_503' title='bbox 2621 3095 2701 3148; x_wconf 88' lang='lat' dir='ltr'><strong>ait</strong></span> <span class='ocrx_word' id='word_1_504' title='bbox 2734 3099 2877 3164; x_wconf 89' lang='lat' dir='ltr'><strong>quod</strong></span> <span class='ocrx_word' id='word_1_505' title='bbox 2914 3101 3238 3155; x_wconf 62' lang='lat' dir='ltr'><strong>(communia:</strong></span> <span class='ocrx_word' id='word_1_506' title='bbox 3288 3101 3428 3154; x_wconf 88' lang='lat' dir='ltr'><strong>ratio</strong></span> <span class='ocrx_word' id='word_1_507' title='bbox 3485 3114 3596 3153; x_wconf 92' lang='lat' dir='ltr'><strong>non</strong></span> 
     </span>
    </p>
   </div>
   <div class='ocr_carea' id='block_1_76' title="bbox 2010 3182 3593 3255">
    <p class='ocr_par' dir='ltr' id='par_1_76' title="bbox 2010 3182 3593 3255">
     <span class='ocr_line' id='line_1_76' title="bbox 2010 3182 3593 3255; baseline 0.004 -18"><span class='ocrx_word' id='word_1_508' title='bbox 2010 3182 2203 3237; x_wconf 88' lang='lat' dir='ltr'><strong>obvios</strong></span> <span class='ocrx_word' id='word_1_509' title='bbox 2223 3198 2469 3253; x_wconf 87' lang='lat' dir='ltr'><strong>quosque</strong></span> <span class='ocrx_word' id='word_1_510' title='bbox 2492 3186 2568 3239; x_wconf 90' lang='lat' dir='ltr'><strong>rei</strong></span> <span class='ocrx_word' id='word_1_511' title='bbox 2591 3187 2966 3255; x_wconf 84' lang='lat' dir='ltr'><strong>speculatores</strong></span> <span class='ocrx_word' id='word_1_512' title='bbox 2993 3199 3047 3241; x_wconf 88' lang='lat' dir='ltr'><strong>et</strong></span> <span class='ocrx_word' id='word_1_513' title='bbox 3070 3189 3306 3244; x_wconf 84' lang='lat' dir='ltr'><strong>arbitros</strong></span> <span class='ocrx_word' id='word_1_514' title='bbox 3327 3190 3593 3254; x_wconf 88' lang='lat' dir='ltr'><strong>admittit,</strong></span> 
     </span>
    </p>
   </div>
   <div class='ocr_carea' id='block_1_77' title="bbox 2013 3272 3598 3352">
    <p class='ocr_par' dir='ltr' id='par_1_77' title="bbox 2013 3272 3598 3352">
     <span class='ocr_line' id='line_1_77' title="bbox 2013 3272 3598 3352; baseline 0.005 -25"><span class='ocrx_word' id='word_1_515' title='bbox 2013 3276 2106 3328; x_wconf 87' lang='lat' dir='ltr'><strong>sed</strong></span> <span class='ocrx_word' id='word_1_516' title='bbox 2140 3272 2346 3329; x_wconf 87' lang='lat' dir='ltr'><strong>Christi</strong></span> <span class='ocrx_word' id='word_1_517' title='bbox 2374 3277 2657 3332; x_wconf 89' lang='lat' dir='ltr'><strong>ministros</strong></span> <span class='ocrx_word' id='word_1_518' title='bbox 2686 3287 2849 3348; x_wconf 85' lang='lat' dir='ltr'><strong>atque</strong></span> <span class='ocrx_word' id='word_1_519' title='bbox 2881 3280 3292 3348; x_wconf 88' lang='lat' dir='ltr'><strong>dispensatores</strong></span> <span class='ocrx_word' id='word_1_520' title='bbox 3316 3284 3598 3352; x_wconf 82' lang='lat' dir='ltr'><strong>mysterio-</strong></span> 
     </span>
    </p>
   </div>
   <div class='ocr_carea' id='block_1_78' title="bbox 1937 3366 3599 3444">
    <p class='ocr_par' dir='ltr' id='par_1_78' title="bbox 1937 3366 3599 3444">
     <span class='ocr_line' id='line_1_78' title="bbox 1937 3366 3599 3444; baseline 0.005 -24"><span class='ocrx_word' id='word_1_521' title='bbox 1937 3384 1980 3443; x_wconf 65' lang='grc' dir='ltr'><strong>(ς</strong></span> <span class='ocrx_word' id='word_1_522' title='bbox 2011 3381 2133 3420; x_wconf 91' lang='lat' dir='ltr'><strong>rum</strong></span> <span class='ocrx_word' id='word_1_523' title='bbox 2177 3366 2270 3421; x_wconf 90' lang='lat' dir='ltr'><strong>Dei</strong></span> <span class='ocrx_word' id='word_1_524' title='bbox 2318 3381 2373 3423; x_wconf 91' lang='lat' dir='ltr'><strong>et</strong></span> <span class='ocrx_word' id='word_1_525' title='bbox 2412 3367 2611 3435; x_wconf 89' lang='lat' dir='ltr'><strong>quibus</strong></span> <span class='ocrx_word' id='word_1_526' title='bbox 2661 3371 3052 3440; x_wconf 81' lang='lat' dir='ltr'><strong>pontiﬁcalium</strong></span> <span class='ocrx_word' id='word_1_527' title='bbox 3094 3373 3415 3426; x_wconf 90' lang='lat' dir='ltr'><strong>thronorum</strong></span> <span class='ocrx_word' id='word_1_528' title='bbox 3449 3372 3599 3444; x_wconf 75' lang='lat' dir='ltr'><strong>leges</strong></span> 
     </span>
    </p>
   </div>
   <div class='ocr_carea' id='block_1_79' title="bbox 2014 3458 3599 3530">
    <p class='ocr_par' dir='ltr' id='par_1_79' title="bbox 2014 3458 3599 3530">
     <span class='ocr_line' id='line_1_79' title="bbox 2014 3458 3599 3530; baseline -0.001 -18"><span class='ocrx_word' id='word_1_529' title='bbox 2014 3458 2385 3512; x_wconf 88' lang='lat' dir='ltr'><strong>crediderunt.</strong></span> <span class='ocrx_word' id='word_1_530' title='bbox 2422 3459 2499 3513; x_wconf 88' lang='lat' dir='ltr'><strong>De</strong></span> <span class='ocrx_word' id='word_1_531' title='bbox 2535 3458 2731 3529; x_wconf 89' lang='lat' dir='ltr'><strong>quibus</strong></span> <span class='ocrx_word' id='word_1_532' title='bbox 2756 3460 2869 3530; x_wconf 84' lang='lat' dir='ltr'><strong>jam</strong></span> <span class='ocrx_word' id='word_1_533' title='bbox 2900 3461 3042 3514; x_wconf 91' lang='lat' dir='ltr'><strong>dicta</strong></span> <span class='ocrx_word' id='word_1_534' title='bbox 3069 3459 3300 3516; x_wconf 89' lang='lat' dir='ltr'><strong>Cainitis</strong></span> <span class='ocrx_word' id='word_1_535' title='bbox 3325 3476 3388 3515; x_wconf 88' lang='lat' dir='ltr'><strong>ac</strong></span> <span class='ocrx_word' id='word_1_536' title='bbox 3414 3460 3599 3515; x_wconf 68' lang='lat' dir='ltr'><strong>Theo-</strong></span> 
     </span>
    </p>
   </div>
   <div class='ocr_carea' id='block_1_80' title="bbox 2014 3551 3599 3623">
    <p class='ocr_par' dir='ltr' id='par_1_80' title="bbox 2014 3551 3599 3623">
     <span class='ocr_line' id='line_1_80' title="bbox 2014 3551 3599 3623; baseline 0.003 -18"><span class='ocrx_word' id='word_1_537' title='bbox 2014 3551 2256 3606; x_wconf 87' lang='lat' dir='ltr'><strong>dosianis</strong></span> <span class='ocrx_word' id='word_1_538' title='bbox 2284 3551 2466 3606; x_wconf 93' lang='lat' dir='ltr'><strong>unitas</strong></span> <span class='ocrx_word' id='word_1_539' title='bbox 2499 3552 2771 3606; x_wconf 89' lang='lat' dir='ltr'><strong>neminem</strong></span> <span class='ocrx_word' id='word_1_540' title='bbox 2808 3553 3047 3623; x_wconf 78' lang='lat' dir='ltr'><strong>agnovit.</strong></span> <span class='ocrx_word' id='word_1_541' title='bbox 3074 3552 3220 3607; x_wconf 87' lang='lat' dir='ltr'><strong>Sane</strong></span> <span class='ocrx_word' id='word_1_542' title='bbox 3244 3568 3311 3607; x_wconf 80' lang='lat' dir='ltr'><strong>ex</strong></span> <span class='ocrx_word' id='word_1_543' title='bbox 3343 3562 3474 3609; x_wconf 90' lang='lat' dir='ltr'><strong>tunc</strong></span> <span class='ocrx_word' id='word_1_544' title='bbox 3513 3555 3599 3608; x_wconf 80' lang='lat' dir='ltr'><strong>di—</strong></span> 
     </span>
    </p>
   </div>
   <div class='ocr_carea' id='block_1_81' title="bbox 2014 3640 3595 3709">
    <p class='ocr_par' dir='ltr' id='par_1_81' title="bbox 2014 3640 3595 3709">
     <span class='ocr_line' id='line_1_81' title="bbox 2014 3640 3595 3709; baseline 0.002 -14"><span class='ocrx_word' id='word_1_545' title='bbox 2014 3649 2162 3696; x_wconf 87' lang='lat' dir='ltr'><strong>recta</strong></span> <span class='ocrx_word' id='word_1_546' title='bbox 2201 3640 2268 3694; x_wconf 86' lang='lat' dir='ltr'><strong>de</strong></span> <span class='ocrx_word' id='word_1_547' title='bbox 2322 3640 2437 3709; x_wconf 84' lang='lat' dir='ltr'><strong>ipsa</strong></span> <span class='ocrx_word' id='word_1_548' title='bbox 2500 3640 2882 3695; x_wconf 87' lang='lat' dir='ltr'><strong>incarnatione</strong></span> <span class='ocrx_word' id='word_1_549' title='bbox 2919 3642 3098 3695; x_wconf 88' lang='lat' dir='ltr'><strong>oratio</strong></span> <span class='ocrx_word' id='word_1_550' title='bbox 3152 3641 3461 3707; x_wconf 84' lang='lat' dir='ltr'><strong>inchoatur,</strong></span> <span class='ocrx_word' id='word_1_551' title='bbox 3502 3644 3595 3698; x_wconf 91' lang='lat' dir='ltr'><strong>ubi</strong></span> 
     </span>
    </p>
   </div>
   <div class='ocr_carea' id='block_1_82' title="bbox 2008 3731 3598 3802">
    <p class='ocr_par' dir='ltr' id='par_1_82' title="bbox 2008 3731 3598 3802">
     <span class='ocr_line' id='line_1_82' title="bbox 2008 3731 3598 3802; baseline 0.001 -17"><span class='ocrx_word' id='word_1_552' title='bbox 2008 3731 2121 3800; x_wconf 86' lang='lat' dir='ltr'><strong>jam</strong></span> <span class='ocrx_word' id='word_1_553' title='bbox 2156 3733 2349 3802; x_wconf 80' lang='lat' dir='ltr'><strong>dogma</strong></span> <span class='ocrx_word' id='word_1_554' title='bbox 2388 3732 2608 3801; x_wconf 85' lang='lat' dir='ltr'><strong>pietatis</strong></span> <span class='ocrx_word' id='word_1_555' title='bbox 2660 3747 2769 3786; x_wconf 90' lang='lat' dir='ltr'><strong>non</strong></span> <span class='ocrx_word' id='word_1_556' title='bbox 2804 3732 3041 3787; x_wconf 77' lang='lat' dir='ltr'><strong>keditur.</strong></span> <span class='ocrx_word' id='word_1_557' title='bbox 3088 3731 3184 3785; x_wconf 90' lang='lat' dir='ltr'><strong>lllu</strong></span> <span class='ocrx_word' id='word_1_558' title='bbox 3222 3735 3372 3787; x_wconf 91' lang='lat' dir='ltr'><strong>enim</strong></span> <span class='ocrx_word' id='word_1_559' title='bbox 3411 3735 3598 3789; x_wconf 64' lang='lat' dir='ltr'><strong>inccr-</strong></span> 
     </span>
    </p>
   </div>
   <div class='ocr_carea' id='block_1_83' title="bbox 2012 3825 3601 3897">
    <p class='ocr_par' dir='ltr' id='par_1_83' title="bbox 2012 3825 3601 3897">
     <span class='ocr_line' id='line_1_83' title="bbox 2012 3825 3601 3897; baseline 0.003 -19"><span class='ocrx_word' id='word_1_560' title='bbox 2012 3833 2177 3893; x_wconf 85' lang='lat' dir='ltr'><strong>rupto</strong></span> <span class='ocrx_word' id='word_1_561' title='bbox 2197 3837 2263 3878; x_wconf 90' lang='lat' dir='ltr'><strong>ac</strong></span> <span class='ocrx_word' id='word_1_562' title='bbox 2294 3825 2509 3879; x_wconf 90' lang='lat' dir='ltr'><strong>sincero</strong></span> <span class='ocrx_word' id='word_1_563' title='bbox 2541 3835 2914 3893; x_wconf 86' lang='lat' dir='ltr'><strong>permanente,</strong></span> <span class='ocrx_word' id='word_1_564' title='bbox 2942 3825 3390 3897; x_wconf 87' lang='lat' dir='ltr'><strong>incarnationon</strong></span> <span class='ocrx_word' id='word_1_565' title='bbox 3419 3837 3601 3896; x_wconf 84' lang='lat' dir='ltr'><strong>potest</strong></span> 
     </span>
    </p>
   </div>
   <div class='ocr_carea' id='block_1_84' title="bbox 2015 3916 3591 3987">
    <p class='ocr_par' dir='ltr' id='par_1_84' title="bbox 2015 3916 3591 3987">
     <span class='ocr_line' id='line_1_84' title="bbox 2015 3916 3591 3987; baseline 0.001 -16"><span class='ocrx_word' id='word_1_566' title='bbox 2015 3918 2161 3972; x_wconf 90' lang='lat' dir='ltr'><strong>circa</strong></span> <span class='ocrx_word' id='word_1_567' title='bbox 2195 3916 2399 3986; x_wconf 91' lang='lat' dir='ltr'><strong>aliquid</strong></span> <span class='ocrx_word' id='word_1_568' title='bbox 2434 3925 2741 3984; x_wconf 79' lang='lat' dir='ltr'><strong>externum,</strong></span> <span class='ocrx_word' id='word_1_569' title='bbox 2774 3917 2950 3972; x_wconf 89' lang='lat' dir='ltr'><strong>eidem</strong></span> <span class='ocrx_word' id='word_1_570' title='bbox 2986 3918 3037 3971; x_wconf 92' lang='lat' dir='ltr'><strong>in</strong></span> <span class='ocrx_word' id='word_1_571' title='bbox 3072 3932 3184 3987; x_wconf 91' lang='lat' dir='ltr'><strong>quo</strong></span> <span class='ocrx_word' id='word_1_572' title='bbox 3222 3918 3380 3973; x_wconf 87' lang='lat' dir='ltr'><strong>sistat</strong></span> <span class='ocrx_word' id='word_1_573' title='bbox 3408 3918 3591 3975; x_wconf 79' lang='lat' dir='ltr'><strong>locum</strong></span> 
     </span>
    </p>
   </div>
   <div class='ocr_carea' id='block_1_85' title="bbox 2018 4009 3601 4081">
    <p class='ocr_par' dir='ltr' id='par_1_85' title="bbox 2018 4009 3601 4081">
     <span class='ocr_line' id='line_1_85' title="bbox 2018 4009 3601 4081; baseline -0.001 -16"><span class='ocrx_word' id='word_1_574' title='bbox 2018 4012 2278 4081; x_wconf 89' lang='lat' dir='ltr'><strong>reperire.</strong></span> <span class='ocrx_word' id='word_1_575' title='bbox 2304 4010 2691 4081; x_wconf 67' lang='lat' dir='ltr'><strong>Saepenumero</strong></span> <span class='ocrx_word' id='word_1_576' title='bbox 2719 4010 2865 4064; x_wconf 91' lang='lat' dir='ltr'><strong>enim</strong></span> <span class='ocrx_word' id='word_1_577' title='bbox 2891 4009 3071 4079; x_wconf 91' lang='lat' dir='ltr'><strong>aliqua</strong></span> <span class='ocrx_word' id='word_1_578' title='bbox 3098 4009 3424 4079; x_wconf 83' lang='lat' dir='ltr'><strong>temporaria</strong></span> <span class='ocrx_word' id='word_1_579' title='bbox 3448 4024 3601 4065; x_wconf 73' lang='lat' dir='ltr'><strong>(eco-</strong></span> 
     </span>
    </p>
   </div>
   <div class='ocr_carea' id='block_1_86' title="bbox 2017 4102 3597 4174">
    <p class='ocr_par' dir='ltr' id='par_1_86' title="bbox 2017 4102 3597 4174">
     <span class='ocr_line' id='line_1_86' title="bbox 2017 4102 3597 4174; baseline -0.003 -15"><span class='ocrx_word' id='word_1_580' title='bbox 2017 4106 2200 4160; x_wconf 90' lang='lat' dir='ltr'><strong>nomia</strong></span> <span class='ocrx_word' id='word_1_581' title='bbox 2245 4106 2313 4159; x_wconf 88' lang='lat' dir='ltr'><strong>ad</strong></span> <span class='ocrx_word' id='word_1_582' title='bbox 2344 4105 2508 4159; x_wconf 85' lang='lat' dir='ltr'><strong>breve</strong></span> <span class='ocrx_word' id='word_1_583' title='bbox 2542 4113 2756 4174; x_wconf 86' lang='lat' dir='ltr'><strong>tempus</strong></span> <span class='ocrx_word' id='word_1_584' title='bbox 2802 4103 3003 4172; x_wconf 89' lang='lat' dir='ltr'><strong>prodiit</strong></span> <span class='ocrx_word' id='word_1_585' title='bbox 3045 4102 3249 4172; x_wconf 89' lang='lat' dir='ltr'><strong>aliquid</strong></span> <span class='ocrx_word' id='word_1_586' title='bbox 3296 4102 3597 4156; x_wconf 90' lang='lat' dir='ltr'><strong>indebitum</strong></span> 
     </span>
    </p>
   </div>
   <div class='ocr_carea' id='block_1_87' title="bbox 2021 4192 3603 4261">
    <p class='ocr_par' dir='ltr' id='par_1_87' title="bbox 2021 4192 3603 4261">
     <span class='ocr_line' id='line_1_87' title="bbox 2021 4192 3603 4261; baseline -0.003 -10"><span class='ocrx_word' id='word_1_587' title='bbox 2021 4198 2260 4251; x_wconf 87' lang='lat' dir='ltr'><strong>tolerans</strong></span> <span class='ocrx_word' id='word_1_588' title='bbox 2290 4205 2343 4249; x_wconf 92' lang='lat' dir='ltr'><strong>et</strong></span> <span class='ocrx_word' id='word_1_589' title='bbox 2366 4194 2721 4261; x_wconf 89' lang='lat' dir='ltr'><strong>amplectens,</strong></span> <span class='ocrx_word' id='word_1_590' title='bbox 2750 4203 2809 4247; x_wconf 90' lang='lat' dir='ltr'><strong>ut</strong></span> <span class='ocrx_word' id='word_1_591' title='bbox 2850 4192 3170 4247; x_wconf 88' lang='lat' dir='ltr'><strong>continuum</strong></span> <span class='ocrx_word' id='word_1_592' title='bbox 3216 4201 3273 4246; x_wconf 92' lang='lat' dir='ltr'><strong>et</strong></span> <span class='ocrx_word' id='word_1_593' title='bbox 3314 4192 3603 4247; x_wconf 84' lang='lat' dir='ltr'><strong>inconcus-</strong></span> 
     </span>
    </p>
   </div>
   <div class='ocr_carea' id='block_1_88' title="bbox 2017 4282 3602 4355">
    <p class='ocr_par' dir='ltr' id='par_1_88' title="bbox 2017 4282 3602 4355">
     <span class='ocr_line' id='line_1_88' title="bbox 2017 4282 3602 4355; baseline -0.004 -13"><span class='ocrx_word' id='word_1_594' title='bbox 2017 4302 2137 4342; x_wconf 90' lang='lat' dir='ltr'><strong>sum</strong></span> <span class='ocrx_word' id='word_1_595' title='bbox 2184 4288 2351 4341; x_wconf 88' lang='lat' dir='ltr'><strong>robur</strong></span> <span class='ocrx_word' id='word_1_596' title='bbox 2410 4286 2582 4355; x_wconf 89' lang='lat' dir='ltr'><strong>pietas</strong></span> <span class='ocrx_word' id='word_1_597' title='bbox 2640 4285 2936 4353; x_wconf 80' lang='lat' dir='ltr'><strong>acciperet,</strong></span> <span class='ocrx_word' id='word_1_598' title='bbox 2985 4294 3041 4338; x_wconf 92' lang='lat' dir='ltr'><strong>et</strong></span> <span class='ocrx_word' id='word_1_599' title='bbox 3092 4283 3160 4336; x_wconf 88' lang='lat' dir='ltr'><strong>ad</strong></span> <span class='ocrx_word' id='word_1_600' title='bbox 3224 4282 3602 4337; x_wconf 81' lang='lat' dir='ltr'><strong>dissolvendos</strong></span> 
     </span>
    </p>
   </div>
   <div class='ocr_carea' id='block_1_89' title="bbox 2017 4376 3601 4451">
    <p class='ocr_par' dir='ltr' id='par_1_89' title="bbox 2017 4376 3601 4451">
     <span class='ocr_line' id='line_1_89' title="bbox 2017 4376 3601 4451; baseline -0.001 -18"><span class='ocrx_word' id='word_1_601' title='bbox 2017 4378 2215 4451; x_wconf 69' lang='lat' dir='ltr'><strong>2w</strong></span> <span class='ocrx_word' id='word_1_602' title='bbox 2261 4393 2449 4434; x_wconf 83' lang='lat' dir='ltr'><strong>eorum</strong></span> <span class='ocrx_word' id='word_1_603' title='bbox 2484 4378 2578 4449; x_wconf 88' lang='lat' dir='ltr'><strong>qui</strong></span> <span class='ocrx_word' id='word_1_604' title='bbox 2633 4377 2848 4433; x_wconf 87' lang='lat' dir='ltr'><strong>veritati</strong></span> <span class='ocrx_word' id='word_1_605' title='bbox 2885 4377 3289 4433; x_wconf 87' lang='lat' dir='ltr'><strong>insidiabantur</strong></span> <span class='ocrx_word' id='word_1_606' title='bbox 3333 4376 3601 4431; x_wconf 88' lang='lat' dir='ltr'><strong>insultus:</strong></span> 
     </span>
    </p>
   </div>
   <div class='ocr_carea' id='block_1_90' title="bbox 2018 4467 3603 4540">
    <p class='ocr_par' dir='ltr' id='par_1_90' title="bbox 2018 4467 3603 4540">
     <span class='ocr_line' id='line_1_90' title="bbox 2018 4467 3603 4540; baseline -0.002 -15"><span class='ocrx_word' id='word_1_607' title='bbox 2018 4474 2109 4540; x_wconf 83' lang='lat' dir='ltr'><strong>qui</strong></span> <span class='ocrx_word' id='word_1_608' title='bbox 2146 4471 2366 4539; x_wconf 89' lang='lat' dir='ltr'><strong>quidem</strong></span> <span class='ocrx_word' id='word_1_609' title='bbox 2397 4483 2650 4537; x_wconf 79' lang='lat' dir='ltr'><strong>magnam</strong></span> <span class='ocrx_word' id='word_1_610' title='bbox 2692 4467 2892 4522; x_wconf 90' lang='lat' dir='ltr'><strong>illaturi</strong></span> <span class='ocrx_word' id='word_1_611' title='bbox 2929 4467 3228 4537; x_wconf 89' lang='lat' dir='ltr'><strong>perniciem</strong></span> <span class='ocrx_word' id='word_1_612' title='bbox 3262 4467 3372 4521; x_wconf 88' lang='lat' dir='ltr'><strong>lata</strong></span> <span class='ocrx_word' id='word_1_613' title='bbox 3402 4481 3603 4522; x_wconf 86' lang='lat' dir='ltr'><strong>omnes</strong></span> 
     </span>
    </p>
   </div>
   <div class='ocr_carea' id='block_1_91' title="bbox 2018 4558 3601 4633">
    <p class='ocr_par' dir='ltr' id='par_1_91' title="bbox 2018 4558 3601 4633">
     <span class='ocr_line' id='line_1_91' title="bbox 2018 4558 3601 4633; baseline -0.001 -18"><span class='ocrx_word' id='word_1_614' title='bbox 2018 4564 2105 4616; x_wconf 82' lang='lat' dir='ltr'><strong>via</strong></span> <span class='ocrx_word' id='word_1_615' title='bbox 2144 4573 2564 4633; x_wconf 88' lang='lat' dir='ltr'><strong>prorumpentes</strong></span> <span class='ocrx_word' id='word_1_616' title='bbox 2596 4560 2746 4631; x_wconf 90' lang='lat' dir='ltr'><strong>(dum</strong></span> <span class='ocrx_word' id='word_1_617' title='bbox 2806 4560 3024 4613; x_wconf 90' lang='lat' dir='ltr'><strong>interim</strong></span> <span class='ocrx_word' id='word_1_618' title='bbox 3073 4558 3330 4613; x_wconf 69' lang='lat' dir='ltr'><strong>Ecclesiae</strong></span> <span class='ocrx_word' id='word_1_619' title='bbox 3354 4567 3601 4613; x_wconf 85' lang='lat' dir='ltr'><strong>rectores</strong></span> 
     </span>
    </p>
   </div>
   <div class='ocr_carea' id='block_1_92' title="bbox 2019 4650 3605 4718">
    <p class='ocr_par' dir='ltr' id='par_1_92' title="bbox 2019 4650 3605 4718">
     <span class='ocr_line' id='line_1_92' title="bbox 2019 4650 3605 4718; baseline -0.005 -9"><span class='ocrx_word' id='word_1_620' title='bbox 2019 4655 2090 4709; x_wconf 92' lang='lat' dir='ltr'><strong>de</strong></span> <span class='ocrx_word' id='word_1_621' title='bbox 2148 4664 2403 4709; x_wconf 88' lang='lat' dir='ltr'><strong>accurata</strong></span> <span class='ocrx_word' id='word_1_622' title='bbox 2457 4653 2687 4706; x_wconf 88' lang='lat' dir='ltr'><strong>veritate</strong></span> <span class='ocrx_word' id='word_1_623' title='bbox 2742 4650 2878 4704; x_wconf 90' lang='lat' dir='ltr'><strong>nihil</strong></span> <span class='ocrx_word' id='word_1_624' title='bbox 2941 4650 3234 4718; x_wconf 86' lang='lat' dir='ltr'><strong>quidquam</strong></span> <span class='ocrx_word' id='word_1_625' title='bbox 3291 4650 3605 4716; x_wconf 84' lang='lat' dir='ltr'><strong>remittunt)</strong></span> 
     </span>
    </p>
   </div>
   <div class='ocr_carea' id='block_1_93' title="bbox 332 4725 1909 4816">
    <p class='ocr_par' dir='ltr' id='par_1_93' title="bbox 332 4744 1909 4816">
     <span class='ocr_line' id='line_1_93' title="bbox 332 4744 1909 4816; baseline 0.001 -18"><span class='ocrx_word' id='word_1_626' title='bbox 332 4746 758 4816; x_wconf 80' lang='grc' dir='ltr'><strong>σκευωρούντων</strong></span> <span class='ocrx_word' id='word_1_627' title='bbox 783 4744 926 4797; x_wconf 86' lang='grc' dir='ltr'><strong>κατὰ</strong></span> <span class='ocrx_word' id='word_1_628' title='bbox 953 4747 1055 4810; x_wconf 83' lang='grc' dir='ltr'><strong>τῆς</strong></span> <span class='ocrx_word' id='word_1_629' title='bbox 1092 4745 1352 4815; x_wconf 87' lang='grc' dir='ltr'><strong>ἀληθείας</strong></span> <span class='ocrx_word' id='word_1_630' title='bbox 1392 4745 1594 4816; x_wconf 82' lang='grc' dir='ltr'><strong>ὁρμὰς,</strong></span> <span class='ocrx_word' id='word_1_631' title='bbox 1630 4746 1688 4800; x_wconf 85' lang='grc' dir='ltr'><strong>αἳ</strong></span> <span class='ocrx_word' id='word_1_632' title='bbox 1723 4747 1909 4800; x_wconf 80' lang='grc' dir='ltr'><strong>πολλαί</strong></span> 
     </span>
    </p>
   </div>
   <div class='ocr_carea' id='block_1_94' title="bbox 2011 4725 3605 4816">
    <p class='ocr_par' dir='ltr' id='par_1_94' title="bbox 2022 4740 3605 4813">
     <span class='ocr_line' id='line_1_94' title="bbox 2022 4740 3605 4813; baseline -0.003 -14"><span class='ocrx_word' id='word_1_633' title='bbox 2022 4760 2137 4801; x_wconf 91' lang='lat' dir='ltr'><strong>rem</strong></span> <span class='ocrx_word' id='word_1_634' title='bbox 2167 4755 2333 4800; x_wconf 85' lang='lat' dir='ltr'><strong>totam</strong></span> <span class='ocrx_word' id='word_1_635' title='bbox 2359 4746 2566 4813; x_wconf 83' lang='lat' dir='ltr'><strong>absque</strong></span> <span class='ocrx_word' id='word_1_636' title='bbox 2597 4742 2968 4798; x_wconf 87' lang='lat' dir='ltr'><strong>controversia</strong></span> <span class='ocrx_word' id='word_1_637' title='bbox 2994 4742 3318 4796; x_wconf 79' lang='lat' dir='ltr'><strong>eﬂ&#39;ecerunt.</strong></span> <span class='ocrx_word' id='word_1_638' title='bbox 3343 4741 3433 4797; x_wconf 87' lang='lat' dir='ltr'><strong>Sic</strong></span> <span class='ocrx_word' id='word_1_639' title='bbox 3464 4740 3605 4795; x_wconf 82' lang='lat' dir='ltr'><strong>Pau—</strong></span> 
     </span>
    </p>
   </div>
   <div class='ocr_carea' id='block_1_95' title="bbox 333 4839 1911 4912">
    <p class='ocr_par' dir='ltr' id='par_1_95' title="bbox 333 4839 1911 4912">
     <span class='ocr_line' id='line_1_95' title="bbox 333 4839 1911 4912; baseline 0.001 -19"><span class='ocrx_word' id='word_1_640' title='bbox 333 4841 639 4912; x_wconf 80' lang='grc' dir='ltr'><strong>φερόμεναι</strong></span> <span class='ocrx_word' id='word_1_641' title='bbox 664 4843 731 4911; x_wconf 84' lang='grc' dir='ltr'><strong>τῇ</strong></span> <span class='ocrx_word' id='word_1_642' title='bbox 778 4839 926 4910; x_wconf 81' lang='grc' dir='ltr'><strong>ῥύμῃ</strong></span> <span class='ocrx_word' id='word_1_643' title='bbox 959 4840 1105 4910; x_wconf 87' lang='grc' dir='ltr'><strong>μέγα</strong></span> <span class='ocrx_word' id='word_1_644' title='bbox 1130 4840 1177 4872; x_wconf 68' lang='grc'><strong>⁸⁸</strong></span> <span class='ocrx_word' id='word_1_645' title='bbox 1223 4857 1277 4892; x_wconf 88' lang='grc' dir='ltr'><strong>τι</strong></span> <span class='ocrx_word' id='word_1_646' title='bbox 1334 4840 1911 4911; x_wconf 83' lang='grc' dir='ltr'><strong>κακδν“ὲργάσασθαι,</strong></span> 
     </span>
    </p>
   </div>
   <div class='ocr_carea' id='block_1_96' title="bbox 340 4929 1917 5002">
    <p class='ocr_par' dir='ltr' id='par_1_96' title="bbox 340 4929 1917 5002">
     <span class='ocr_line' id='line_1_96' title="bbox 340 4929 1917 5002; baseline -0.001 -17"><span class='ocrx_word' id='word_1_647' title='bbox 340 4931 419 5002; x_wconf 79' lang='grc' dir='ltr'><strong>μὴ</strong></span> <span class='ocrx_word' id='word_1_648' title='bbox 449 4931 588 5002; x_wconf 81' lang='grc' dir='ltr'><strong>πρὸς</strong></span> <span class='ocrx_word' id='word_1_649' title='bbox 618 4930 794 5001; x_wconf 84' lang='grc' dir='ltr'><strong>βραχύ</strong></span> <span class='ocrx_word' id='word_1_650' title='bbox 838 4947 892 4983; x_wconf 85' lang='grc' dir='ltr'><strong>τι</strong></span> <span class='ocrx_word' id='word_1_651' title='bbox 928 4929 1039 4983; x_wconf 85' lang='grc' dir='ltr'><strong>τῶν</strong></span> <span class='ocrx_word' id='word_1_652' title='bbox 1064 4930 1164 5001; x_wconf 81' lang='grc' dir='ltr'><strong>τὴν</strong></span> <span class='ocrx_word' id='word_1_653' title='bbox 1201 4929 1532 5001; x_wconf 88' lang='grc' dir='ltr'><strong>Ἐκκλησίαν</strong></span> <span class='ocrx_word' id='word_1_654' title='bbox 1563 4932 1917 5001; x_wconf 77' lang='grc' dir='ltr'><strong>οἰκονομοῦν-</strong></span> 
     </span>
    </p>
   </div>
   <div class='ocr_carea' id='block_1_97' title="bbox 335 5024 1917 5095">
    <p class='ocr_par' dir='ltr' id='par_1_97' title="bbox 335 5024 1917 5095">
     <span class='ocr_line' id='line_1_97' title="bbox 335 5024 1917 5095; baseline 0.003 -16"><span class='ocrx_word' id='word_1_655' title='bbox 335 5039 451 5080; x_wconf 82' lang='grc' dir='ltr'><strong>των</strong></span> <span class='ocrx_word' id='word_1_656' title='bbox 485 5024 896 5089; x_wconf 86' lang='grc' dir='ltr'><strong>ὑπενδιδόντων,</strong></span> <span class='ocrx_word' id='word_1_657' title='bbox 927 5027 1190 5095; x_wconf 86' lang='grc' dir='ltr'><strong>παρεῖχον</strong></span> <span class='ocrx_word' id='word_1_658' title='bbox 1211 5025 1273 5078; x_wconf 80' lang='grc' dir='ltr'><strong>τὸ</strong></span> <span class='ocrx_word' id='word_1_659' title='bbox 1301 5026 1695 5095; x_wconf 78' lang='grc' dir='ltr'><strong>ἀναμφίϐολον.</strong></span> <span class='ocrx_word' id='word_1_660' title='bbox 1727 5027 1917 5093; x_wconf 79' lang='grc' dir='ltr'><strong>Οὕτως</strong></span> 
     </span>
    </p>
   </div>
   <div class='ocr_carea' id='block_1_98' title="bbox 413 5137 1416 5203">
    <p class='ocr_par' dir='ltr' id='par_1_98' title="bbox 413 5137 1416 5203">
     <span class='ocr_line' id='line_1_98' title="bbox 413 5137 1416 5203; baseline 0 -11"><span class='ocrx_word' id='word_1_661' title='bbox 413 5137 595 5193; x_wconf 78' lang='lat' dir='ltr'><strong>&#39;Psal.</strong></span> <span class='ocrx_word' id='word_1_662' title='bbox 634 5151 783 5203; x_wconf 74' lang='lat' dir='ltr'><strong>xxvi,</strong></span> <span class='ocrx_word' id='word_1_663' title='bbox 812 5137 866 5191; x_wconf 76' lang='grc'><strong>1.</strong></span> <span class='ocrx_word' id='word_1_664' title='bbox 942 5137 964 5168; x_wconf 83' lang='grc'><strong><em>²</em></strong></span> <span class='ocrx_word' id='word_1_665' title='bbox 994 5137 1160 5193; x_wconf 88' lang='lat' dir='ltr'><strong>Eccli.</strong></span> <span class='ocrx_word' id='word_1_666' title='bbox 1195 5137 1416 5201; x_wconf 66' lang='lat'><strong>11.1.15.</strong></span> 
     </span>
    </p>
   </div>
   <div class='ocr_carea' id='block_1_99' title="bbox 2022 4831 3608 4904">
    <p class='ocr_par' dir='ltr' id='par_1_99' title="bbox 2022 4831 3608 4904">
     <span class='ocr_line' id='line_1_99' title="bbox 2022 4831 3608 4904; baseline -0.003 -15"><span class='ocrx_word' id='word_1_667' title='bbox 2022 4837 2104 4891; x_wconf 87' lang='lat' dir='ltr'><strong>lus</strong></span> <span class='ocrx_word' id='word_1_668' title='bbox 2138 4847 2358 4904; x_wconf 88' lang='lat' dir='ltr'><strong>propter</strong></span> <span class='ocrx_word' id='word_1_669' title='bbox 2384 4834 2724 4889; x_wconf 89' lang='lat' dir='ltr'><strong>inevitabiles</strong></span> <span class='ocrx_word' id='word_1_670' title='bbox 2754 4831 3066 4887; x_wconf 70' lang='lat' dir='ltr'><strong>Judteorum</strong></span> <span class='ocrx_word' id='word_1_671' title='bbox 3118 4833 3344 4888; x_wconf 89' lang='lat' dir='ltr'><strong>insidias</strong></span> <span class='ocrx_word' id='word_1_672' title='bbox 3393 4842 3448 4887; x_wconf 84' lang='lat' dir='ltr'><strong>et</strong></span> <span class='ocrx_word' id='word_1_673' title='bbox 3477 4848 3608 4901; x_wconf 85' lang='lat' dir='ltr'><strong>pro-</strong></span> 
     </span>
    </p>
   </div>
   <div class='ocr_carea' id='block_1_100' title="bbox 2022 4927 3607 5001">
    <p class='ocr_par' dir='ltr' id='par_1_100' title="bbox 2022 4927 3607 5001">
     <span class='ocr_line' id='line_1_100' title="bbox 2022 4927 3607 5001; baseline -0.002 -16"><span class='ocrx_word' id='word_1_674' title='bbox 2022 4942 2146 5001; x_wconf 86' lang='lat' dir='ltr'><strong>pter</strong></span> <span class='ocrx_word' id='word_1_675' title='bbox 2177 4930 2497 4986; x_wconf 75' lang='lat' dir='ltr'><strong>del‘ectionis</strong></span> <span class='ocrx_word' id='word_1_676' title='bbox 2524 4930 2843 4984; x_wconf 86' lang='lat' dir='ltr'><strong>occasiones</strong></span> <span class='ocrx_word' id='word_1_677' title='bbox 2861 4927 3206 4983; x_wconf 87' lang='lat' dir='ltr'><strong>Timotheum</strong></span> <span class='ocrx_word' id='word_1_678' title='bbox 3237 4929 3607 4983; x_wconf 83' lang='lat' dir='ltr'><strong>circumcidit.</strong></span> 
     </span>
    </p>
   </div>
   <div class='ocr_carea' id='block_1_101' title="bbox 2023 5020 3608 5092">
    <p class='ocr_par' dir='ltr' id='par_1_101' title="bbox 2023 5020 3608 5092">
     <span class='ocr_line' id='line_1_101' title="bbox 2023 5020 3608 5092; baseline -0.003 -14"><span class='ocrx_word' id='word_1_679' title='bbox 2023 5023 2302 5081; x_wconf 90' lang='lat' dir='ltr'><strong>Tondetur</strong></span> <span class='ocrx_word' id='word_1_680' title='bbox 2329 5033 2385 5079; x_wconf 93' lang='lat' dir='ltr'><strong>et</strong></span> <span class='ocrx_word' id='word_1_681' title='bbox 2415 5024 2531 5092; x_wconf 88' lang='lat' dir='ltr'><strong>ipse</strong></span> <span class='ocrx_word' id='word_1_682' title='bbox 2561 5030 2744 5092; x_wconf 86' lang='lat' dir='ltr'><strong>caput,</strong></span> <span class='ocrx_word' id='word_1_683' title='bbox 2780 5031 2837 5076; x_wconf 84' lang='lat' dir='ltr'><strong>et</strong></span> <span class='ocrx_word' id='word_1_684' title='bbox 2872 5020 3210 5092; x_wconf 80' lang='lat' dir='ltr'><strong>puriﬁcatnr,</strong></span> <span class='ocrx_word' id='word_1_685' title='bbox 3242 5022 3339 5091; x_wconf 91' lang='lat' dir='ltr'><strong>qui</strong></span> <span class='ocrx_word' id='word_1_686' title='bbox 3380 5022 3450 5075; x_wconf 91' lang='lat' dir='ltr'><strong>ad</strong></span> <span class='ocrx_word' id='word_1_687' title='bbox 3495 5020 3608 5076; x_wconf 81' lang='lat' dir='ltr'><strong>Ga-</strong></span> 
     </span>
    </p>
   </div>
   <div class='ocr_carea' id='block_1_102' title="bbox 1617 5246 2301 5306">
    <p class='ocr_par' dir='ltr' id='par_1_102' title="bbox 1617 5246 2301 5306">
     <span class='ocr_line' id='line_1_102' title="bbox 1617 5246 2301 5306; baseline -0.003 -3"><span class='ocrx_word' id='word_1_688' title='bbox 1617 5248 1852 5305; x_wconf 65' lang='lat' dir='ltr'><strong>VABIAS</strong></span> <span class='ocrx_word' id='word_1_689' title='bbox 1896 5246 2301 5306; x_wconf 84' lang='lat' dir='ltr'><strong>LECTIONES.</strong></span> 
     </span>
    </p>
   </div>
   <div class='ocr_carea' id='block_1_103' title="bbox 414 5336 3609 5418">
    <p class='ocr_par' dir='ltr' id='par_1_103' title="bbox 414 5336 3609 5418">
     <span class='ocr_line' id='line_1_103' title="bbox 414 5336 3609 5418; baseline -0.003 -20"><span class='ocrx_word' id='word_1_690' title='bbox 414 5346 460 5418; x_wconf 50' lang='grc' dir='ltr'><strong>’ἵ</strong></span> <span class='ocrx_word' id='word_1_691' title='bbox 493 5345 631 5414; x_wconf 80' lang='grc' dir='ltr'><strong>πρὸς</strong></span> <span class='ocrx_word' id='word_1_692' title='bbox 657 5344 838 5418; x_wconf 75' lang='grc' dir='ltr'><strong>ῥλίγον</strong></span> <span class='ocrx_word' id='word_1_693' title='bbox 866 5359 1008 5418; x_wconf 83' lang='lat' dir='ltr'><strong>corr.</strong></span> <span class='ocrx_word' id='word_1_694' title='bbox 1037 5345 1083 5398; x_wconf 85' lang='lat' dir='ltr'><strong>A</strong></span> <span class='ocrx_word' id='word_1_695' title='bbox 1116 5362 1131 5398; x_wconf 92' lang='lat'><strong>:</strong></span> <span class='ocrx_word' id='word_1_696' title='bbox 1166 5344 1272 5415; x_wconf 80' lang='grc' dir='ltr'><strong>πρὸ</strong></span> <span class='ocrx_word' id='word_1_697' title='bbox 1309 5344 1512 5418; x_wconf 72' lang='grc' dir='ltr'><strong>ὀλίγων</strong></span> <span class='ocrx_word' id='word_1_698' title='bbox 1544 5364 1604 5410; x_wconf 80' lang='grc' dir='ltr'><strong>ς.</strong></span> <span class='ocrx_word' id='word_1_699' title='bbox 1673 5345 1728 5418; x_wconf 25' lang='grc' dir='ltr'><strong>,⁸ο</strong></span> <span class='ocrx_word' id='word_1_700' title='bbox 1758 5345 2093 5418; x_wconf 80' lang='grc' dir='ltr'><strong>οἰκονομίαν]</strong></span> <span class='ocrx_word' id='word_1_701' title='bbox 2123 5346 2195 5400; x_wconf 79' lang='lat' dir='ltr'><strong>cf.</strong></span> <span class='ocrx_word' id='word_1_702' title='bbox 2224 5344 2367 5418; x_wconf 80' lang='lat' dir='ltr'><strong>Elias</strong></span> <span class='ocrx_word' id='word_1_703' title='bbox 2397 5339 2638 5418; x_wconf 79' lang='lat' dir='ltr'><strong>Veielius</strong></span> <span class='ocrx_word' id='word_1_704' title='bbox 2675 5338 2744 5395; x_wconf 92' lang='lat' dir='ltr'><strong>de</strong></span> <span class='ocrx_word' id='word_1_705' title='bbox 2774 5339 2940 5418; x_wconf 71' lang='lat' dir='ltr'><strong>variis</strong></span> <span class='ocrx_word' id='word_1_706' title='bbox 2969 5336 3283 5418; x_wconf 69' lang='lat' dir='ltr'><strong>(economiaa</strong></span> <span class='ocrx_word' id='word_1_707' title='bbox 3310 5351 3480 5418; x_wconf 71' lang='lat' dir='ltr'><strong>sacrm</strong></span> <span class='ocrx_word' id='word_1_708' title='bbox 3514 5352 3609 5418; x_wconf 67' lang='lat' dir='ltr'><strong>gr—</strong></span> 
     </span>
    </p>
   </div>
   <div class='ocr_carea' id='block_1_104' title="bbox 338 5412 2770 5489">
    <p class='ocr_par' dir='ltr' id='par_1_104' title="bbox 338 5412 2770 5489">
     <span class='ocr_line' id='line_1_104' title="bbox 338 5412 2770 5489; baseline -0.002 -20"><span class='ocrx_word' id='word_1_709' title='bbox 338 5412 585 5489; x_wconf 75' lang='lat' dir='ltr'><strong>neribus.</strong></span> <span class='ocrx_word' id='word_1_710' title='bbox 646 5415 703 5489; x_wconf 52' lang='grc' dir='ltr'><strong>ξι</strong></span> <span class='ocrx_word' id='word_1_711' title='bbox 725 5416 949 5489; x_wconf 58' lang='grc' dir='ltr'><strong>σπονδαί</strong></span> <span class='ocrx_word' id='word_1_712' title='bbox 981 5412 1250 5489; x_wconf 34' lang='lat' dir='ltr'><strong>cornuti“;</strong></span> <span class='ocrx_word' id='word_1_713' title='bbox 1286 5412 1515 5489; x_wconf 60' lang='grc' dir='ltr'><strong>σπουδαξι</strong></span> <span class='ocrx_word' id='word_1_714' title='bbox 1548 5435 1608 5489; x_wconf 74' lang='grc' dir='ltr'><strong>ς.</strong></span> <span class='ocrx_word' id='word_1_715' title='bbox 1669 5415 1713 5489; x_wconf 64' lang='lat' dir='ltr'><strong>‘f</strong></span> <span class='ocrx_word' id='word_1_716' title='bbox 1751 5412 2019 5489; x_wconf 77' lang='grc' dir='ltr'><strong>εὑρίσκει]</strong></span> <span class='ocrx_word' id='word_1_717' title='bbox 2057 5412 2156 5487; x_wconf 78' lang='grc' dir='ltr'><strong>οὐχ</strong></span> <span class='ocrx_word' id='word_1_718' title='bbox 2183 5414 2428 5486; x_wconf 82' lang='grc' dir='ltr'><strong>εὑρίσκει</strong></span> <span class='ocrx_word' id='word_1_719' title='bbox 2469 5426 2526 5466; x_wconf 91' lang='lat' dir='ltr'><strong>rc</strong></span> <span class='ocrx_word' id='word_1_720' title='bbox 2553 5412 2599 5465; x_wconf 83' lang='lat' dir='ltr'><strong>A</strong></span> <span class='ocrx_word' id='word_1_721' title='bbox 2627 5418 2683 5466; x_wconf 83' lang='lat' dir='ltr'><strong>et</strong></span> <span class='ocrx_word' id='word_1_722' title='bbox 2710 5428 2770 5476; x_wconf 87' lang='grc' dir='ltr'><strong>ς.</strong></span> 
     </span>
    </p>
   </div>
   <div class='ocr_carea' id='block_1_105' title="bbox 642 5484 2115 5557">
    <p class='ocr_par' dir='ltr' id='par_1_105' title="bbox 642 5484 2115 5557">
     <span class='ocr_line' id='line_1_105' title="bbox 642 5484 2115 5557; baseline 0.002 -18"><span class='ocrx_word' id='word_1_723' title='bbox 642 5484 691 5518; x_wconf 69' lang='grc'>⁸⁸</span> <span class='ocrx_word' id='word_1_724' title='bbox 710 5486 786 5557; x_wconf 84' lang='grc' dir='ltr'><strong>τῷ</strong></span> <span class='ocrx_word' id='word_1_725' title='bbox 812 5486 1052 5555; x_wconf 77' lang='lat' dir='ltr'><strong>Scaliger</strong></span> <span class='ocrx_word' id='word_1_726' title='bbox 1083 5503 1098 5540; x_wconf 90' lang='lat'>:</span> <span class='ocrx_word' id='word_1_727' title='bbox 1134 5486 1256 5541; x_wconf 88' lang='lat' dir='ltr'><strong>libri</strong></span> <span class='ocrx_word' id='word_1_728' title='bbox 1296 5486 1379 5541; x_wconf 90' lang='grc' dir='ltr'><strong>τό.</strong></span> <span class='ocrx_word' id='word_1_729' title='bbox 1459 5486 1505 5518; x_wconf 71' lang='grc'><strong><em>⁸³</em></strong></span> <span class='ocrx_word' id='word_1_730' title='bbox 1540 5486 1706 5557; x_wconf 84' lang='grc' dir='ltr'><strong>μέγα]</strong></span> <span class='ocrx_word' id='word_1_731' title='bbox 1746 5484 1841 5541; x_wconf 70' lang='grc' dir='ltr'><strong>καὶ</strong></span> <span class='ocrx_word' id='word_1_732' title='bbox 1872 5484 2018 5557; x_wconf 76' lang='grc' dir='ltr'><strong>μέγα</strong></span> <span class='ocrx_word' id='word_1_733' title='bbox 2049 5490 2115 5542; x_wconf 81' lang='grc' dir='ltr'><strong>Α.</strong></span> 
     </span>
    </p>
   </div>
   <div class='ocr_carea' id='block_1_106' title="bbox 336 5488 566 5554">
    <p class='ocr_par' dir='ltr' id='par_1_106' title="bbox 336 5488 566 5554">
     <span class='ocr_line' id='line_1_106' title="bbox 336 5488 566 5554; baseline 0.009 -16"><span class='ocrx_word' id='word_1_734' title='bbox 336 5488 483 5554; x_wconf 77' lang='grc' dir='ltr'><strong>ξασα</strong></span> <span class='ocrx_word' id='word_1_735' title='bbox 506 5504 566 5551; x_wconf 80' lang='grc' dir='ltr'><strong>ς.</strong></span> 
     </span>
    </p>
   </div>
   <div class='ocr_carea' id='block_1_107' title="bbox 2865 5407 3609 5477">
    <p class='ocr_par' dir='ltr' id='par_1_107' title="bbox 2865 5407 3609 5477">
     <span class='ocr_line' id='line_1_107' title="bbox 2865 5407 3609 5477; baseline -0.008 -13"><span class='ocrx_word' id='word_1_736' title='bbox 2865 5409 2912 5441; x_wconf 78' lang='grc'><strong><em>⁵³</em></strong></span> <span class='ocrx_word' id='word_1_737' title='bbox 2942 5409 3037 5463; x_wconf 81' lang='grc' dir='ltr'><strong>καὶ</strong></span> <span class='ocrx_word' id='word_1_738' title='bbox 3062 5407 3294 5473; x_wconf 77' lang='grc' dir='ltr'><strong>στέξασα</strong></span> <span class='ocrx_word' id='word_1_739' title='bbox 3324 5407 3370 5460; x_wconf 74' lang='grc' dir='ltr'>Α</span> <span class='ocrx_word' id='word_1_740' title='bbox 3402 5422 3417 5459; x_wconf 86' lang='lat'><strong>:</strong></span> <span class='ocrx_word' id='word_1_741' title='bbox 3451 5408 3609 5477; x_wconf 82' lang='grc' dir='ltr'><strong>στέρ-</strong></span> 
     </span>
    </p>
   </div>
   <div class='ocr_carea' id='block_1_108' title="bbox 1824 5578 2059 5635">
    <p class='ocr_par' dir='ltr' id='par_1_108' title="bbox 1824 5578 2059 5635">
     <span class='ocr_line' id='line_1_108' title="bbox 1824 5578 2059 5635; baseline 0.009 -2"><span class='ocrx_word' id='word_1_742' title='bbox 1824 5578 2059 5635; x_wconf 75' lang='grc' dir='ltr'><strong>ΝΟΤιΕ.</strong></span> 
     </span>
    </p>
   </div>
   <div class='ocr_carea' id='block_1_109' title="bbox 417 5669 1920 5752">
    <p class='ocr_par' dir='ltr' id='par_1_109' title="bbox 417 5669 1920 5752">
     <span class='ocr_line' id='line_1_109' title="bbox 417 5669 1920 5752; baseline 0 -29"><span class='ocrx_word' id='word_1_743' title='bbox 417 5669 529 5752; x_wconf 52' lang='lat' dir='ltr'><strong>(ﬁli)</strong></span> <span class='ocrx_word' id='word_1_744' title='bbox 563 5669 993 5726; x_wconf 86' lang='lat' dir='ltr'><strong>lncarnationem</strong></span> <span class='ocrx_word' id='word_1_745' title='bbox 1010 5686 1088 5726; x_wconf 91' lang='lat' dir='ltr'><strong>sc.</strong></span> <span class='ocrx_word' id='word_1_746' title='bbox 1112 5672 1215 5726; x_wconf 86' lang='lat' dir='ltr'><strong>hoc</strong></span> <span class='ocrx_word' id='word_1_747' title='bbox 1244 5670 1384 5736; x_wconf 86' lang='lat' dir='ltr'><strong>loco,</strong></span> <span class='ocrx_word' id='word_1_748' title='bbox 1407 5670 1798 5726; x_wconf 88' lang='lat' dir='ltr'><strong>incarnationis</strong></span> <span class='ocrx_word' id='word_1_749' title='bbox 1822 5686 1920 5724; x_wconf 83' lang='lat' dir='ltr'><strong>ex-</strong></span> 
     </span>
    </p>
   </div>
   <div class='ocr_carea' id='block_1_110' title="bbox 343 5750 1919 5881">
    <p class='ocr_par' dir='ltr' id='par_1_110' title="bbox 343 5750 1919 5881">
     <span class='ocr_line' id='line_1_110' title="bbox 343 5750 695 5816; baseline 0.003 -21"><span class='ocrx_word' id='word_1_750' title='bbox 343 5750 695 5816; x_wconf 79' lang='lat' dir='ltr'><strong>posmouem.</strong></span> 
     </span>
     <span class='ocr_line' id='line_1_111' title="bbox 422 5808 1919 5881; baseline -0.001 -15"><span class='ocrx_word' id='word_1_751' title='bbox 422 5811 533 5873; x_wconf 78' lang='lat'><strong>(67)</strong></span> <span class='ocrx_word' id='word_1_752' title='bbox 556 5811 728 5873; x_wconf 81' lang='lat' dir='ltr'><strong>Quam</strong></span> <span class='ocrx_word' id='word_1_753' title='bbox 754 5808 899 5867; x_wconf 90' lang='lat' dir='ltr'><strong>novit</strong></span> <span class='ocrx_word' id='word_1_754' title='bbox 924 5812 1043 5867; x_wconf 86' lang='lat' dir='ltr'><strong>css‘e</strong></span> <span class='ocrx_word' id='word_1_755' title='bbox 1063 5811 1231 5867; x_wconf 91' lang='lat' dir='ltr'><strong>divini</strong></span> <span class='ocrx_word' id='word_1_756' title='bbox 1250 5809 1410 5868; x_wconf 82' lang='lat' dir='ltr'><strong>Verbi</strong></span> <span class='ocrx_word' id='word_1_757' title='bbox 1433 5810 1919 5881; x_wconf 82' lang='lat' dir='ltr'><strong>dispensationem,</strong></span> 
     </span>
    </p>
   </div>
   <div class='ocr_carea' id='block_1_111' title="bbox 2029 5661 3611 5742">
    <p class='ocr_par' dir='ltr' id='par_1_111' title="bbox 2029 5661 3611 5742">
     <span class='ocr_line' id='line_1_112' title="bbox 2029 5661 3611 5742; baseline -0.008 -17"><span class='ocrx_word' id='word_1_758' title='bbox 2029 5686 2135 5739; x_wconf 89' lang='lat' dir='ltr'><strong>qua</strong></span> <span class='ocrx_word' id='word_1_759' title='bbox 2168 5684 2274 5742; x_wconf 84' lang='lat' dir='ltr'><strong>una</strong></span> <span class='ocrx_word' id='word_1_760' title='bbox 2311 5682 2446 5742; x_wconf 81' lang='lat' dir='ltr'><strong>voce</strong></span> <span class='ocrx_word' id='word_1_761' title='bbox 2494 5664 2975 5742; x_wconf 72' lang='lat' dir='ltr'><strong>comprehenditur</strong></span> <span class='ocrx_word' id='word_1_762' title='bbox 3003 5661 3252 5742; x_wconf 73' lang='lat' dir='ltr'><strong>ejusdem</strong></span> <span class='ocrx_word' id='word_1_763' title='bbox 3285 5661 3452 5742; x_wconf 68' lang='lat' dir='ltr'><strong>verbi</strong></span> <span class='ocrx_word' id='word_1_764' title='bbox 3487 5674 3611 5740; x_wconf 67' lang='lat' dir='ltr'><strong>pcr-</strong></span> 
     </span>
    </p>
   </div>
   <div class='ocr_carea' id='block_1_112' title="bbox 2029 5732 3610 5802">
    <p class='ocr_par' dir='ltr' id='par_1_112' title="bbox 2029 5732 3610 5802">
     <span class='ocr_line' id='line_1_113' title="bbox 2029 5732 3610 5802; baseline -0.007 -7"><span class='ocrx_word' id='word_1_765' title='bbox 2029 5732 2233 5795; x_wconf 75' lang='lat' dir='ltr'><strong>sonalis</strong></span> <span class='ocrx_word' id='word_1_766' title='bbox 2277 5739 2467 5802; x_wconf 85' lang='lat' dir='ltr'><strong>missio</strong></span> <span class='ocrx_word' id='word_1_767' title='bbox 2508 5751 2602 5793; x_wconf 89' lang='lat' dir='ltr'><strong>seu</strong></span> <span class='ocrx_word' id='word_1_768' title='bbox 2621 5732 2960 5794; x_wconf 61' lang='lat' dir='ltr'><strong>&#39;incarnatio,</strong></span> <span class='ocrx_word' id='word_1_769' title='bbox 2995 5745 3051 5790; x_wconf 87' lang='lat' dir='ltr'><strong>et</strong></span> <span class='ocrx_word' id='word_1_770' title='bbox 3081 5732 3399 5791; x_wconf 87' lang='lat' dir='ltr'><strong>doctrinalis</strong></span> <span class='ocrx_word' id='word_1_771' title='bbox 3441 5732 3610 5797; x_wconf 74' lang='lat' dir='ltr'><strong>ipsius</strong></span> 
     </span>
    </p>
   </div>
   <div class='ocr_carea' id='block_1_113' title="bbox 2029 5803 2981 5877">
    <p class='ocr_par' dir='ltr' id='par_1_113' title="bbox 2029 5803 2981 5877">
     <span class='ocr_line' id='line_1_114' title="bbox 2029 5803 2981 5877; baseline -0.009 -11"><span class='ocrx_word' id='word_1_772' title='bbox 2029 5810 2339 5866; x_wconf 83' lang='lat' dir='ltr'><strong>distributio</strong></span> <span class='ocrx_word' id='word_1_773' title='bbox 2364 5816 2529 5877; x_wconf 86' lang='lat' dir='ltr'><strong>atque</strong></span> <span class='ocrx_word' id='word_1_774' title='bbox 2557 5803 2981 5861; x_wconf 86' lang='lat' dir='ltr'><strong>administratio.</strong></span> 
     </span>
    </p>
   </div>
  </div>
