4004 6448
332 721 343 733 ,
416 668 526 722 Sed
591 668 733 723 hanc
786 671 1201 738 praeceptionem
1265 673 1331 725 ad
1383 677 1547 727 breve
1618 681 1831 741 tempus
1877 688 2007 727 con-

414 381 523 443 955
1576 382 1840 442 PllOTlI
1869 382 2381 443 PATRIARCILE
2412 383 2525 443 (ΣΡ.

3587 381 3696 447 956

414 488 553 543 latas
588 486 873 542 scribens:
901 484 1037 541 Ecce
1057 503 1150 558 ego
1179 486 1381 542 Paulus
1412 489 1533 543 dico
1564 490 1991 555 vobis,quoniam

2119 492 2148 543 6
2191 490 2403 553 Παῦλος
2432 488 2521 544 διὰ
2568 488 2668 552 τάς
2720 488 2829 542 τῶν
2879 486 3147 543 Ἰουδαίων
3179 488 3525 552 ἀκαθέκτους
3571 489 3698 543 ἔπι-

414 580 460 633 si
502 579 976 645 circumcidamini,
1022 579 1264 635 Christus
1318 583 1458 635 vobis
1516 584 1644 635 nihil
1694 584 1926 649 proderit
1956 592 2004 636 ιι.

2119 582 2313 646 ϐουλάς
2362 582 2457 635 καί
2513 581 2611 645 τὰς
2659 581 2797 651 πρὸς
2858 582 2961 652 τὴν
3006 582 3345 637 ἀποστασίαν
3396 581 3702 651 προφάσεις

2115 675 2436 744 περιτέμνει
2472 674 2571 744 μὲν
2598 674 2691 727 τὸν
2714 674 3000 744 Τιμόθεον,
3031 675 3260 745 ξυρᾶται
3308 674 3367 729 δὲ
3414 675 3512 735 καὶ
3537 674 3704 736 αὐτὸς

418 759 625 824 ειίιυίι,
659 760 1115 829 quemadmodum
1142 772 1197 816 et
1217 766 1647 830 experimentum
1685 763 1866 818 docet.
1903 762 2005 818 Per

2119 762 2213 833 τὴν
2260 762 2504 833 κεφαλὴν
2544 764 2638 817 καὶ
2687 764 2992 832 ἀγνίζεται,
3030 766 3060 817 6
3091 767 3228 837 πρὸς
3284 765 3533 826 Γαλάτας
3559 764 3699 834 γρά-

419 850 602 904 omnia
636 851 783 905 enim
834 862 888 905 et
939 864 1202 923 perpetuo
1242 855 1483 909 Ecelesia
1515 854 1810 909 seditiones
1841 854 1995 920 vitat,

2119 870 2243 921 pmv’
2296 852 2419 907 Ἴδε
2456 854 2571 922 ἐγὼ
2614 855 2857 922 Παῦλος
2894 855 3049 926 λέγω
3084 857 3230 927 ὑμῖν
3266 856 3377 920 ὄτι,
3415 855 3493 911 ἂν
3520 871 3684 920 περι-

419 958 475 1004 et
510 949 879 1017 integritatem
910 962 1092 1008 curat.

2119 951 2423 1020 τέμνησθε,
2450 951 2708 1019 Χριστὸς
2743 950 2899 1020 ὑμᾶς
2934 951 3117 1007 οὐδὲν
3149 951 3476 1022 ὠφελήσει.
3520 950 3681 1004 Ἀλλά

420 1044 623 1116 ταύτην
652 1046 751 1116 μὲν
789 1047 891 1116 τὴν
923 1048 1237 1118 οἰκονομίαν
1290 1047 1494 1119 βραχύς
1561 1065 1647 1112 τις
1689 1048 1880 1119 χρόνος
1960 1046 2273 1114 ἐπίσταται,
2349 1046 2493 1101 καθά
2514 1046 2561 1078 ⁸⁸
2623 1046 2750 1118 [402
2799 1046 2889 1119 H.]
2920 1047 3162 1100 διδάσκει
3198 1046 3295 1100 καὶ
3338 1045 3400 1100 τὸ
3434 1044 3698 1116 παράδει-

352 1164 355 1167 λ
418 1154 574 1209 γμα·
626 1138 714 1192 διὰ
756 1140 957 1203 παντὸς
1010 1140 1067 1192 δὲ
1100 1142 1194 1194 καὶ
1229 1142 1406 1195 εἰσαεὶ
1442 1144 1476 1211 ἡ
1522 1141 1820 1213 Ἐκκλησία
1860 1140 1922 1194 τὸ
1967 1139 2334 1194 ἀστασίαστον
2372 1138 2670 1210 μεθοδεύει,
2700 1139 2796 1193 καὶ
2826 1138 3140 1209 ὁλόκληρον.

496 1235 681 1288 Altera
716 1248 847 1286 vero
879 1234 1288 1301 gubernationis
1338 1234 1516 1289 forma
1550 1234 1604 1287 in
1638 1235 1821 1288 verbis
1863 1235 2005 1302 capit

2182 1232 2256 1285 Τὸ
2289 1231 2345 1284 δὲ
2375 1232 2567 1303 ἕτερον
2591 1226 2732 1295 εἶδος
2770 1216 2870 1303 τῆς
2892 1231 3209 1301 οἰκονομίας
3234 1231 3363 1302 περί
3401 1230 3501 1295 τάς
3522 1230 3699 1296 λέξεις

425 1324 759 1378 ﬁrmitatem.
781 1324 1007 1390 Quando
1026 1325 1168 1378 enim
1202 1324 1456 1379 Ecclesia:
1498 1325 1839 1395 dogmatibus
1867 1333 2005 1379 recte

2119 1323 2380 1393 λαμϐάνει
2406 1324 2505 1392 τὴν
2545 1323 2831 1377 σύστασιν.
2865 1324 2994 1376 Ὅτε
3025 1324 3154 1393 γὰρ,
3183 1322 3294 1377 τῶν
3324 1322 3425 1392 τῆς
3466 1323 3699 1393 Ἐκκλη-

425 1414 610 1479 lactis,
654 1426 709 1469 et
748 1430 842 1482 per
878 1416 1013 1470 alias
1052 1431 1213 1471 voces
1250 1417 1489 1471 scandali
1537 1416 1853 1486 expertibus
1886 1432 2005 1486 pro-

2119 1417 2233 1478 πίας
2256 1414 2546 1485 δογμάτων
2581 1414 2757 1486 ὀρθῶς
2788 1415 3023 1485 ἐχόντων
3062 1415 3158 1468 καὶ
3178 1414 3249 1467 δι’
3274 1415 3476 1487 ἐτέρων
3500 1414 3701 1483 φωνῶν

425 1506 715 1575 tnulgatas,
748 1507 963 1560 tametsi
1011 1522 1115 1561 non
1162 1508 1295 1562 bene
1343 1509 1472 1563 dicti
1519 1511 1655 1563 ﬁunt
1690 1519 2005 1577 praatextus,

2119 1505 2658 1577 hvaxqpuuopévwv,
2709 1505 2932 1576 ῥήματά
2959 1523 3082 1559 τινα
3121 1508 3236 1570 τοῖς
3282 1507 3698 1578 ἀκεραιοτέροις

424 1599 591 1651 taceri
634 1598 748 1652 hmc
778 1600 1065 1667 contingit.
1098 1602 1197 1665 Qui
1235 1617 1364 1655 vero
1391 1617 1672 1657 sermones
1714 1618 1844 1657 suos
1894 1602 2005 1656 dis-

2119 1599 2418 1653 σκανδάλου
2475 1598 2580 1651 κᾶν
2640 1598 2741 1651 οὐκ
2795 1596 3011 1666 εῦλογοι
3070 1599 3329 1668 γίνωνται
3379 1601 3699 1668 προφάσεις,

424 1692 579 1759 ponit
614 1691 665 1744 in
692 1690 901 1760 judicio
933 1700 986 1744 et
1021 1692 1259 1757 silentio,
1283 1708 1475 1748 sonum
1504 1696 1747 1764 priorum
1781 1696 2005 1765 dogma-

2119 1690 2541 1745 άποσιωπᾶσθαι
2592 1689 3017 1759 συγκαταϐαίνει
3062 1689 3258 1746 ταῦτα.
3304 1691 3364 1744 '0
3392 1692 3451 1747 δὲ
3481 1693 3525 1723 ⁸⁷
3574 1693 3701 1755 τοὺς

424 1790 539 1834 tum
568 1798 666 1851 per
686 1797 901 1836 onmem
937 1794 1136 1837 terram
1169 1786 1346 1840 audiri
1375 1786 1525 1841 facit.
1551 1786 1799 1855 Qualiter
1820 1788 2005 1843 fecisse

2119 1784 2310 1851 λόγους
2352 1782 2519 1836 αὐτοῦ
2563 1781 2868 1851 οἰκονομῶν
2909 1783 2967 1835 ὲν
3009 1783 3187 1852 κρίσει
3221 1783 3317 1837 καὶ
3364 1786 3566 1854 σιωπῇ,
3591 1784 3702 1837 τῶν

425 1890 680 1943 magnum
706 1874 1058 1929 Athanasium
1082 1876 1377 1946 Gregorius
1402 1890 1763 1947 cognomento
1786 1879 2005 1933 Theolo-

2119 1875 2361 1928 εὐσεϐῶν
2395 1874 2685 1945 δογμάτων
2718 1874 2812 1927 τὸν
2853 1875 3092 1943 φθόγγον
3141 1875 3224 1938 εἰς
3260 1877 3443 1929 πᾶσαν
3486 1876 3586 1947 τὴν
3620 1877 3703 1928 οἰ-

422 1978 523 2034 gus
548 1974 810 2019 testatur:
838 1965 1150 2035 Postquam,
1173 1968 1366 2036 inquit,
1390 1969 1763 2022 consentientes
1789 1970 2005 2034 reperit,

2120 1966 2397 2037 κουμένην
2451 1965 2859 2038 περιηχηθῆναι
2915 1968 3537 2038 καταπραγματεύεται.
3598 1962 3700 2021 Οἷα

419 2067 471 2109 et
498 2056 647 2109 verba
672 2056 805 2108 nihil
827 2058 1182 2127 discrepantes
1204 2073 1223 2110 .'
1245 2061 1459 2112 nomina
1487 2061 1638 2113 rebus
1666 2062 2005 2114 commiscens

2119 2058 2181 2130 δὴ
2199 2058 2245 2090 ⁸⁸
2277 2059 2370 2113 καί
2394 2059 2486 2111 τὸν
2514 2060 2688 2129 μέγαν
2718 2057 3037 2114 Ἀθανάσιον
3064 2061 3094 2112 6
3122 2060 3373 2128 θεολόγος
3402 2060 3701 2131 Γρηγόριος

419 2146 660 2217 colligat.
694 2148 762 2202 Et
781 2150 1026 2204 oratione
1059 2151 1110 2204 in
1138 2151 1480 2215 Pentecoste,
1511 2151 1826 2221 Magistrum
1852 2168 2005 2206 enm-

2119 2150 2458 2219 πεποιηκότα
2492 2150 2890 2203 ὲπιδείκνυσιψ
2933 2148 3175 2217 Ἐπειδὴ
3203 2151 3338 2219 γὰρ,
3376 2152 3701 2220 (mancup-

427 2241 548 2293 detn
606 2239 797 2294 videas
848 2243 1021 2309 ipsum
1077 2243 1417 2311 gubernandi
1472 2242 1701 2296 formam
1749 2246 2005 2298 vincere:

2119 2242 2489 2313 φρονοῦντας
2519 2237 2658 2310 εὗρε
2699 2242 2800 2296 καὶ
2830 2242 3011 2296 οὐδὲν
3038 2242 3364 2307 διεστῶτας
3406 2241 3558 2295 κατὰ
3597 2241 3705 2294 τὸν

422 2329 531 2385 Sed
564 2332 801 2401 syllabis,
834 2333 1027 2403 inquit,
1074 2334 1404 2403 o/fendimiui
1438 2377 1452 2401 ,
1485 2347 1532 2388 et
1562 2351 1682 2389 voce
1708 2353 1725 2397 ;
1751 2334 1874 2389 date
1902 2338 2005 2390 vim

2119 2338 2331 2405 λόγον,
2398 2337 2471 2389 τὰ
2529 2336 2794 2405 ὀνόματα
2842 2336 3256 2408 συγχωρήσας
3310 2335 3529 2390 συνδεῖ
3578 2335 3705 2401 τοῖς

426 2421 740 2488 divinitatis,
765 2434 813 2477 et
839 2424 1081 2479 dabimus
1108 2427 1248 2479 vobis
1277 2429 1479 2481 veniam
1504 2429 1663 2482 vocis.

2119 2427 2437 2497 πράγμασι.
2477 2428 2588 2481 Καὶ
2626 2429 2683 2480 ὲν
2717 2430 2783 2498 τῇ
2820 2428 3171 2497 Πεντηκοστῇ
3198 2427 3256 2480 δὲ
3301 2427 3463 2480 πάλιν
3492 2427 3585 2479 τὸν
3612 2426 3706 2479 αὑ-

420 2519 519 2572 τὸν
561 2520 880 2574 διδάσκαλον
930 2521 1061 2586 ἴδοις
1110 2524 1176 2577 ἂν
1217 2525 1315 2595 τῆς
1363 2525 1536 2594 αὐτῆς
1583 2523 1898 2593 οἰκονομίας
1979 2522 2041 2576 τὸ
2077 2518 2217 2587 εἶδος
2264 2523 2598 2593 κρατύνοντα
2619 2524 2696 2555 ⁸⁸·
2750 2523 2929 2577 Ἀλλὰ
2976 2523 3107 2589 ταῖς
3148 2522 3507 2589 συλλαϐαῖς,
3547 2526 3705 2592 φησί,

422 2616 879 2683 δυσχεραίνετε,
924 2616 1024 2669 καί
1074 2620 1475 2684 προσπταίετε
1520 2618 1594 2684 τῇ
1642 2616 1833 2687 φωνῇ.
1875 2618 2017 2670 Δότε
2053 2616 2171 2684 τὴν
2224 2616 2482 2685 δύναμιν
2514 2617 2626 2686 τῆς
2672 2620 2992 2684 θεότητος,
3067 2617 3167 2671 καί
3239 2616 3510 2687 δώσομεν
3562 2614 3707 2687 ὑμῖν

426 2707 539 2777 τῆς
571 2707 778 2775 φωνῆς
812 2710 927 2776 τὴν
957 2710 1369 2778 συγχώρησιν.

499 2804 563 2857 Et
593 2805 810 2858 tertiam
850 2805 925 2859 ait
958 2820 1081 2859 esse
1126 2807 1461 2873 gubernandi
1507 2810 1765 2871 formam,
1794 2810 2005 2878 quando

2196 2804 2308 2856 Καὶ
2338 2802 2525 2872 τρίτον
2563 2800 2619 2854 δέ
2648 2817 2782 2871 φησι
2823 2801 3025 2871 τρόπον
3054 2799 3391 2870 οἰκονομίας,
3424 2801 3514 2853 ὅτε
3556 2816 3703 2870 παρ-

426 2910 572 2965 εωρο
614 2911 863 2965 persona:
906 2896 1234 2962 despiciunt,
1284 2899 1683 2968 promulgatum
1732 2900 2005 2953 decretum

2119 2896 2356 2966 ορῶνται
2404 2894 2673 2963 πρόσωπα
2718 2890 2980 2954 πολλάκις
3021 2892 3365 2963 ὲκκήρυκτον
3395 2892 3578 2962 ψῆφον
3603 2894 3705 2963 τῆς

426 2996 679 3047 accurate
719 2996 908 3041 contra
964 2987 1086 3041 illos
1154 2989 1605 3055 pronuntiatum,
1652 2990 2005 3043 nihilominus

2121 2984 2413 3056 ἀκριϐείας
2434 2983 2557 3037 κατ’
2580 2982 2761 3036 αὐτῶν
2783 2983 3290 3054 ἀνακηρυττούσης,
3309 2983 3462 3038 οὐδὲν
3484 2984 3708 3040 ἔλαττον

430 3088 583 3133 recta
636 3077 964 3146 prmvalente
1002 3062 1270 3132 doctrina.
1320 3079 1631 3135 Secundum
1681 3096 1869 3149 quam,
1910 3081 2005 3148 ait,

2119 3079 2228 3132 τῶν
2258 3076 2437 3148 ὀρθῶν
2460 3072 2881 3146 κρατυνομένων
2908 3074 3216 3144 δογμάτων.
3234 3075 3372 3129 Καθ’
3399 3077 3487 3146 ἦν,
3514 3078 3703 3147 φησὶν,

419 3170 787 3225 oeconomiam
823 3169 1159 3240 Theophilus
1197 3188 1320 3227 cum
1355 3172 1575 3227 Gelasio
1618 3172 2005 3238 communicat,

2120 3168 2438 3239 οἰκονομίαν
2468 3166 2731 3235 θεόφιλος
2767 3166 2866 3235 μὲν
2898 3165 2975 3235 τῷ
3005 3166 3247 3237 Γελασίῳ
3281 3167 3582 3231 ἐκοινώνει,
3609 3172 3705 3237 by-

427 3262 481 3316 in
513 3263 707 3317 tabulis
738 3263 971 3318 habente
1016 3264 1279 3335 scriptum
1314 3263 1601 3318 Eusebium
1641 3263 2005 3318 Palaestinum.

2119 3261 2512 3331 γεγραμμένον
2538 3258 2719 3328 ἔχοντι
2744 3260 2859 3320 τοῖς
2888 3258 3054 3329 ἱεροῖς
3079 3258 3360 3330 διπτύχοις
3384 3262 3475 3313 τὸν
3502 3262 3708 3316 Παλαι-

420 3353 663 3423 Cyrillus
694 3370 823 3409 vero
852 3371 880 3409 a
912 3354 1188 3411 Theodori
1223 3356 1567 3424 Mopsuestia:
1613 3356 1883 3425 episcopi,
1911 3370 2005 3423 per

2121 3356 2300 3407 στῖνον
2333 3353 2381 3384 ⁸⁸
2436 3350 2734 3417 Εὐσέϐιον,
2781 3351 3053 3422 Κύριλλος
3080 3353 3137 3405 δὲ
3183 3352 3279 3406 τοῦ
3328 3354 3708 3424 Μοψουεοτίσς

423 3446 707 3503 Orientem
739 3448 929 3503 eodem
954 3450 1116 3503 tnodo
1145 3451 1340 3504 iterum
1367 3450 1713 3504 anathemate
1736 3450 2003 3519 percussi,

2119 3445 2420 3517 Θεοδώρου,
2453 3445 2597 3499 κατά
2628 3445 2727 3516 τὴν
2764 3444 2929 3517 ἑῴαν
2958 3446 3223 3510 ὡσαύτως
3256 3450 3707 3520 ἀνακηρυττομέ-

422 3540 812 3594 communione
850 3555 956 3595 non
990 3542 1272 3595 abstinuit.
1325 3540 1553 3595 Videbat
1590 3542 1737 3595 enim
1765 3541 2005 3596 sinceris

2119 3556 2235 3603 νου,
2266 3539 2368 3608 τῆς
2396 3537 2684 3600 κοινωνίας
2712 3537 2813 3590 οὐκ
2849 3537 3117 3607 ἀφίστατο
3136 3556 3150 3571 ο
3179 3538 3326 3609 ἐώρα
3358 3541 3469 3611 γὰρ
3494 3542 3707 3611 ἀκηρά-

423 3630 773 3698 dogmatibus
804 3633 1008 3686 servari
1060 3633 1363 3701 praecipuos
1409 3631 1690 3700 religionis
1722 3631 2005 3686 articulos.

2119 3647 2228 3693 τοις
2276 3629 2563 3698 σωζόμενα
2617 3629 2855 3699 δόγμασι
2887 3630 2958 3683 τὰ
2998 3632 3097 3700 τῆς
3141 3631 3426 3699 εὐσεϐείας
3475 3632 3704 3703 καιριώ-

424 3723 505 3777 Ad
529 3722 659 3777 illud
685 3724 832 3777 enim
865 3739 1036 3793 usque
1062 3734 1276 3791 tempus
1304 3739 1437 3779 sana
1472 3725 1717 3778 doctrina
1745 3724 2003 3784 obtinuit,

2119 3739 2252 3776 τατα
2271 3722 2339 3775 εί.
2373 3722 2555 3792 Μέχρι
2589 3723 2698 3793 γὰρ
2724 3720 2919 3775 τούτου
2949 3722 3017 3775 τὰ
3036 3722 3139 3792 τῆς
3164 3724 3479 3794 οἰκονομίας
3500 3725 3527 3776 ὁ
3548 3725 3708 3794 ὀρθὸς

425 3830 602 3885 neque
630 3816 897 3872 hactenus
917 3817 1192 3887 quidpiam
1219 3817 1479 3872 Ecclesiae
1502 3818 1818 3887 dogmatum
1852 3817 2009 3871 inno-

424 3917 635 3962 vatum.

488 3996 693 4069 ι245α
747 3997 883 4053 Tres
932 3998 1097 4068 igitur
1140 4000 1192 4054 in
1233 4012 1419 4069 partes
1464 4004 1826 4057 mconomiam
1863 4003 2006 4058 divi-

423 4086 581 4151 dens,
612 4097 667 4142 et
694 4090 990 4144 secundum
1020 4092 1219 4145 nullam
1253 4092 1757 4149 Theodosianorum
1793 4105 1849 4149 et
1880 4095 2009 4151 Cai-

425 4180 662 4234 nitarum
698 4181 957 4237 unitatem
980 4186 1274 4251 procedere
1305 4186 1707 4252 demonstrans,
1736 4189 1793 4242 in
1825 4188 2009 4256 prodi-

426 4267 627 4323 tionem
662 4271 971 4335 conclusos,
990 4274 1229 4343 singulas
1248 4288 1436 4345 partes
1461 4278 1694 4347 propriae
1719 4279 2001 4348 religionis

426 4359 728 4427 constituit,
775 4370 831 4415 et
863 4362 1053 4418 nullibi
1091 4367 1326 4433 stetisse,
1364 4368 1459 4421 sed
1498 4367 1783 4432 confusos,
1816 4385 2006 4425 rursus

427 4448 497 4503 ab
525 4450 753 4506 invicem
784 4452 1024 4509 divulsos
1052 4470 1196 4522 esse,
1233 4469 1290 4511 et
1333 4468 1574 4512 mutuum
1608 4460 1847 4528 gessisse
1890 4459 2006 4512 bel-

424 4538 557 4595 lum.
592 4541 717 4597 Haec
732 4551 787 4599 et
808 4544 891 4599 his
921 4546 1122 4600 similia
1150 4550 1581 4618 reprehendens,
1604 4551 2004 4619 Acephalorum

422 4649 586 4701 quam
626 4635 809 4690 dicunt
848 4638 1108 4693 unitatem
1139 4640 1409 4707 referens,
1444 4657 1540 4711 per
1585 4642 1690 4695 alia
1730 4643 1894 4696 multa
1924 4643 2006 4696 di-

426 4723 604 4779 lucide
631 4726 888 4782 ostendit.
919 4728 1133 4785 Nullum
1169 4732 1239 4786 ab
1276 4733 1342 4787 iis
1396 4734 1786 4789 incarnationis
1835 4734 2006 4789 vesti-

425 4816 571 4886 gium
608 4817 877 4890 relictum,
922 4824 1016 4877 sed
1050 4825 1334 4881 manifesta
1384 4826 1624 4896 proditio
1671 4836 1726 4881 et
1768 4829 2005 4896 negatio,

423 4923 525 4979 pro
546 4908 743 4977 quibus
762 4912 960 4968 millies
978 4930 1039 4969 se
1059 4927 1290 4972 mortem
1310 4928 1566 4988 Oppetere
1588 4918 1721 4973 velle
1737 4918 2001 4987 jactabat.

422 4996 517 5052 Sic
545 4996 660 5055 fere
686 5001 753 5059 de
788 5003 1075 5073 Acepbalis
1104 5007 1207 5064 hoc
1236 5010 1354 5079 ipso
1382 5010 1567 5065 libello
1596 5021 1917 5080 pertractat.

489 5176 885 5251 Complectitur
904 5195 1085 5240 autem
1143 5202 1279 5256 opus
1306 5189 1597 5256 epistolam
1625 5205 1843 5263 quoque
1868 5193 2005 5248 scri—

419 5283 568 5339 ptam
622 5270 893 5344 Eutychio
943 5276 1356 5346 archiepiscopo
1381 5278 2003 5353 Constantinopolitano,

420 5376 586 5430 quam
632 5363 931 5433 etiamnum
985 5370 1269 5438 presbyter
1310 5370 1556 5441 scripsit,
1611 5373 2000 5430 certitudinem

422 5453 811 5511 continentetn‘
832 5457 1058 5535 pietatis
1090 5469 1147 5514 et
1182 5460 1305 5515 lidei
1339 5463 1657 5518 orthodoxae
1702 5478 1767 5519 ac
1814 5464 2005 5520 catho-

420 5542 564 5600 licaa.

486 5666 516 5707 (ι
539 5658 717 5714 Galat.
749 5678 802 5725 ν,
834 5662 890 5716 2.

2111 3815 2278 3883 λόγος
2320 3815 2593 3885 ἀνέχεται,
2630 3815 2823 3885 μέχρις
2856 3814 2923 3868 ἂν
2949 3815 3103 3869 οὐδὲν
3162 3818 3562 3887 καινοτομεῖται
3596 3816 3709 3869 τῶν

2112 3907 2213 3977 τῆς
2255 3906 2586 3977 Ἐκκλησίας
2618 3906 2926 3976 δογμάτων.

2183 3998 2355 4069 Τριχῆ
2380 3999 2558 4051 τοίνυν
2579 3997 2677 4069 τὴν
2699 3999 3012 4069 οἰκονομίαν
3036 3998 3250 4063 διελὼν,
3279 4000 3373 4052 καὶ
3404 3997 3526 4052 κατ’
3554 3999 3709 4052 οὐδε-

2114 4089 2243 4161 μίαν
2269 4090 2449 4142 αὐτῶν
2475 4089 2574 4160 τὴν
2594 4089 2701 4144 τῶν
2728 4090 3095 4147 Θεοδοσιανῶν
3117 4092 3212 4143 καὶ
3232 4091 3491 4145 Γαῖνιτῶν
3514 4092 3711 4159 προελ-

2111 4182 2223 4236 θεῖν
2241 4180 2650 4253 ἐπιδειξάμενος
2674 4181 2889 4248 ἓνιυσιν,
2910 4184 2989 4245 εἰς
3010 4182 3301 4253 προδοσίαν
3322 4182 3709 4251 συγκλεισθέν-

2109 4293 2206 4338 τας
2228 4274 2488 4346 ἑκάτερον
2515 4274 2681 4345 μέρος
2701 4276 2801 4344 τῆς
2822 4275 3028 4336 οἰκείας
3050 4274 3348 4346 θρησκείας
3370 4274 3708 4345 παρέστησε,

2108 4369 2203 4420 καὶ
2248 4367 2445 4435 στῆναι
2493 4366 2593 4436 μὲν
2625 4366 2865 4437 οὐδαμοῦ
2891 4407 2906 4432 ,
2952 4367 3086 4420 ἀλλὰ
3130 4366 3500 4436 συγχυθέντας
3542 4368 3708 4419 πάλιν

2108 4460 2203 4512 ἀπ’
2246 4459 2495 4530 ἀλλήλων
2531 4458 2898 4530 διαρραγῆναι
2948 4461 3041 4513 καὶ
3081 4460 3203 4513 κατ’
3236 4457 3484 4531 ἀλλήλων
3519 4459 3709 4528 φέρειν

2108 4551 2201 4605 τὸν
2232 4551 2494 4622 πόλεμον.
2544 4550 2731 4604 Ταῦτα
2763 4550 2859 4604 καὶ
2887 4552 3113 4605 τοιαῦτα
3144 4552 3331 4623 ἕτερα,
3373 4551 3706 4620 στηλιτεύων

2108 4644 2210 4716 τὴν
2233 4642 2343 4696 τῶν
2372 4642 2687 4711 Ἀκεφάλων
2713 4643 3247 4714 λεγομέηνιὲνωσιν,
3282 4643 3591 4710 διεξελθὼν,
3620 4644 3710 4697 διὰ

2031 4775 2085 4835 D
2114 4735 2375 4788 πλειόνων
2427 4733 2603 4789 ἄλλων
2651 4735 2901 4807 ἐναργῶς
2954 4734 3268 4803 ἐπεδείξατο
3312 4735 3441 4808 [775
3488 4736 3583 4806 Β.ἰ
3631 4737 3708 4800 ὡς

2110 4826 2263 4881 οὐδὲν
2299 4826 2484 4890 αὐτοῖς
2518 4826 2664 4897 [χνος
2693 4827 3010 4898 οἰκονομίας
3058 4827 3470 4899 διαπέπρακται
3492 4869 3509 4894 ,
3570 4829 3708 4882 ἀλλά

2113 4920 2292 4990 σαφὴς
2320 4919 2583 4991 προδοσία
2599 4920 2692 4973 καὶ
2708 4921 3018 4992 ὲξάρνησις,
3041 4921 3182 4992 ὑπὲρ
3222 4914 3298 4975 ὧν
3316 4921 3583 4993 πρότερον
3612 4939 3707 4991 μυ-

2111 5014 2297 5084 ριάκις
2321 5011 2572 5065 ὑπελθεῖν
2600 5012 2692 5066 τὸν
2715 5012 2943 5067 θάνατον
2968 5013 3306 5068 διετείνοντο.
3333 5012 3489 5068 Οὕτω
3519 5013 3621 5082 μὲν
3638 5015 3707 5067 τὰ

2113 5104 2243 5172 περὶ
2268 5102 2377 5156 τῶν
2409 5104 2724 5173 Ἀκεφάλων
2745 5106 2803 5157 ὲν
2824 5104 2902 5174 τῷ
2920 5104 3232 5175 βιϐλιδαρίῳ
3261 5104 3435 5175 τούτῳ
3459 5104 3706 5169 διέξεισι.

2184 5196 2433 5267 Περιεῖχε
2481 5196 2539 5249 δὲ
2580 5196 2642 5249 τὸ
2687 5196 2880 5267 τεῦχος
2923 5197 3019 5250 καὶ
3057 5194 3350 5268 ἐπιστολὴν
3400 5195 3567 5249 αὐτοῦ
3614 5213 3709 5265 γε-

2110 5288 2440 5361 γραμμένην
2483 5288 2733 5361 Εὐτυχίῳ
2770 5289 2848 5361 τῷ
2889 5289 3310 5362 άρχιεπισκόπῳ
3356 5277 3710 5343 Κωνσταντιο

2111 5380 2450 5447 νουπόλεως,
2495 5381 2563 5453 ἢν
2604 5381 2845 5454 ἔγραψεν
2876 5384 2934 5435 ὲν
2973 5383 3362 5453 πρεσϐυτέροις
3398 5379 3477 5434 ἔτι
3517 5378 3709 5443 τελῶν,

2115 5472 2494 5546 πληροφορίαν
2533 5476 2898 5545 περιέχουσαν
2941 5476 3042 5544 τῆς
3081 5474 3361 5547 ὁρθοδόξου
3408 5473 3504 5527 καὶ
3545 5471 3707 5527 καθο-

2120 5560 2277 5633 λικῆς
2310 5564 2595 5628 εὐσεϐείας
2632 5567 2728 5620 καὶ
2753 5565 3009 5630 πίστεως.

1742 5766 1970 5823 VARle
2010 5768 2414 5829 LECTIONES.

501 5843 548 5876 “
582 5847 714 5900 καθὸ
739 5865 799 5911 ς.
889 5852 931 5884 ⁸⁷
968 5852 1022 5905 δὲ
1053 5870 1161 5910 om.
1184 5856 1247 5909 Α.
1328 5858 1368 5891 ⁵⁸
1398 5858 1461 5929 δὴ
1487 5862 1528 5913 Α
1572 5876 1586 5913 :
1624 5861 1677 5913 δὲ
1706 5879 1762 5925 τ.
1844 5865 1885 5897 δ’
1920 5867 2249 5935 κρατύνοντα
2280 5868 2341 5923 τὸ
2387 5868 2521 5932 εἶδος
2542 5886 2603 5934 ς.
2680 5871 2723 5905 ⁵ο
2762 5871 3061 5927 Παλατῖνον
3091 5890 3147 5938 ς.
3228 5875 3268 5907 ⁵³
3298 5874 3603 5945 κυριώτατα
3630 5892 3685 5939 ς.
