4004 6444
329 382 434 460 957

1045 519 1219 573 EKH'.

324 608 679 679 Ἐςρραιμίου
724 608 1092 681 πατρώρχόυ
1132 614 1519 680 Θεουπόλεως
1596 591 1762 689 λόγοι
1793 615 1917 670 διά-

1017 699 1211 751 φοροι.

409 768 752 843 ’Δνεγνώσθη
805 774 901 827 τοῦ
959 775 1019 829 ἐν
1073 774 1250 843 ἁγίοις
1296 777 1657 851 Ἐφραιμίου,
1719 796 1917 849 πατρι-

318 859 501 930 άρχης
540 861 598 913 δὲ
643 856 800 926 οὗτος
852 863 1201 930 Θεουπόλεως
1244 862 1335 938 ἦν,
1371 869 1549 937 Λόγοι
1607 867 1916 937 διάφορον

317 951 503 1021 Σύρας
539 953 639 1021 μὲν
671 954 915 1023 γεγονὼς
956 958 1052 1009 καὶ
1094 960 1277 1028 φωνῆς
1314 959 1409 1013 καὶ
1448 960 1662 1027 γενεᾶς,
1693 959 1919 1012 παιδευ-

319 1042 437 1107 θεὶς
488 1042 617 1115 [405
665 1045 761 1118 Η.]
811 1046 870 1099 δὲ
938 1048 1033 1101 καὶ
1080 1050 1183 1120 τὴν
1228 1050 1468 1121 Ἕλληνα
1514 1050 1768 1118 γλῶσσαν
1817 1052 1920 1106 οὐκ

322 1133 583 1202 ἀγεννῶς,
629 1135 772 1191 ἀλλὰ
819 1139 916 1192 καὶ
955 1139 1244 1204 πολιτικὰς
1289 1144 1390 1194 οὑκ
1430 1142 1613 1210 ὀλίγας
1658 1159 1916 1213 μεταχειο

330 1228 617 1298 ρισάμενος
644 1229 839 1300 ἀρχὰς,
872 1223 949 1285 ὧν
987 1231 1087 1303 τὴν
1131 1233 1473 1296 τελευταίαν,
1526 1234 1706 1305 κόμης
1746 1236 1915 1306 άναρ·

331 1317 512 1389 ῥηθεὶς
551 1319 654 1389 τῆς
685 1319 976 1391 ἀνατολῆς,
1018 1320 1229 1376 ἐκεῖθεν
1272 1324 1367 1377 ἐπὶ
1396 1324 1488 1378 τὸν
1528 1325 1917 1396 ἀρχιερατικὸν

329 1409 633 1481 μετηνέχθη
666 1411 877 1483 θρόνον.
900 1413 1040 1467 Φασὶ
1056 1413 1114 1467 δέ
1138 1414 1300 1469 αὐτὸν
1327 1416 1397 1470 τά
1420 1433 1481 1469 τε
1511 1416 1648 1471 ἄλλα
1677 1417 1917 1473 ἐπαίνων

319 1505 450 1571 ἄξια
479 1507 783 1573 διαϐιῶναι,
813 1510 908 1563 καὶ
939 1509 1110 1564 πολὺν
1135 1512 1233 1583 τῆς
1271 1511 1641 1582 ἐλεημοσύνης
1675 1512 1916 1584 ἐργάτην

318 1596 601 1665 γενέσθαι.
618 1598 887 1667 Συνέταξε
912 1599 1011 1671 μὲν
1031 1596 1125 1656 οὖν
1144 1603 1172 1655 ὁ
1195 1602 1335 1674 ἀνὴρ
1360 1602 1651 1674 διαφόρους
1677 1602 1914 1674 βίϐλους,

317 1681 397 1743 ῶν
431 1690 514 1752 εἰς
545 1690 695 1760 ἡμᾶς
731 1690 871 1755 τέως
907 1692 1058 1764 τρεῖς
1092 1694 1407 1765 περιῆλθον.
1450 1694 1645 1765 Σχεδὸν
1682 1695 1740 1749 δέ
1780 1713 1838 1749 τι
1869 1697 1914 1729 ³⁵³

317 1782 486 1836 αὑτοῦ
519 1783 739 1849 πάντες,
779 1783 877 1849 οὒς
904 1784 1212 1857 τεθεάμεθα
1242 1787 1459 1855 πόνους,
1491 1787 1634 1859 ὑπὲρ
1666 1788 1773 1842 τῶν
1815 1788 1918 1859 τῆς

1352 408 1873 470 BIBLIOTHECA.
1898 433 1969 445 -
1998 410 2162 472 COD.
2190 414 2550 477 CCXXVIII.

3495 410 3599 473 953

2642 529 2826 586 CCXX
2838 529 2970 587 Vlll.

2092 620 2277 675 Sancti
2311 620 2557 687 Ephrcem
2594 621 2959 693 Theopolilani
2987 620 3331 693 patriarcltw,
3364 620 3530 673 varia:

2661 692 2961 748 Orationes.

2092 786 2267 840 Lectae
2287 796 2411 840 sunt
2430 786 2604 841 sancti
2626 784 2916 855 Ephrwmii
2945 784 3052 855 (68)
3079 780 3401 853 patriarchte
3423 777 3600 832 Theo-

2020 872 2243 941 politani
2276 872 2558 927 Orationes
2590 874 2771 927 varice.
2806 873 2976 943 Syrus
2999 873 3217 941 quidem
3246 870 3349 924 fuit
3385 880 3596 937 genere

2021 975 2086 1015 ac
2110 974 2381 1027 sermone,
2422 960 2663 1015 Graecam
2691 974 2824 1015 vero
2849 959 3086 1028 linguam
3118 973 3223 1013 non
3245 955 3596 1021 mediocriter

2021 1054 2225 1108 calluit.
2262 1053 2369 1107 Sed
2403 1063 2458 1108 et
2491 1053 2680 1109 civiles
2709 1052 2882 1119 gessit
2912 1052 3285 1121 magistratus,
3321 1063 3352 1103 e
3398 1047 3602 1117 quibus

2022 1161 2204 1201 comes
2236 1146 2449 1201 tandem
2478 1147 2717 1201 Orientis
2755 1145 3120 1209 renuntiatus,
3161 1143 3286 1196 inde
3322 1142 3391 1195 ad
3443 1155 3601 1193 sum-

2020 1253 2165 1293 mam
2198 1236 2456 1292 Ecclesiae
2477 1238 2787 1293 cathedram
2810 1245 3029 1291 evectus
3057 1244 3159 1290 est.
3189 1232 3397 1289 Ferunt
3420 1240 3603 1285 autem

2021 1343 2142 1384 cum
2175 1327 2278 1382 alia
2306 1327 2465 1381 laude
2492 1326 2654 1395 digna
2691 1325 2950 1396 gessisse,
2994 1333 3107 1377 tum
3139 1338 3270 1379 vero
3295 1321 3603 1389 eleemosy-

2021 1419 2107 1473 nis
2136 1416 2465 1484 elargiendis
2507 1414 2795 1471 enituisse.
2844 1411 3038 1467 Libros
3070 1425 3200 1465 vero
3245 1409 3427 1463 varios
3456 1422 3604 1462 com-

2020 1509 2222 1578 posuit,
2268 1521 2496 1576 quorum
2546 1505 2600 1558 in
2651 1518 2845 1558 manus
2899 1516 3048 1557 meas
3104 1508 3217 1555 tres
3268 1499 3601 1553 inciderunt.

2021 1602 2213 1658 Omnia
2245 1614 2379 1669 pene
2418 1611 2581 1667 opera
2608 1596 2727 1666 ejus
2764 1609 2884 1665 qua:
2950 1592 3186 1647 vidimus
3213 1605 3311 1660 pro
3339 1588 3603 1644 ecclesia-

2021 1692 2176 1750 sticis
2198 1689 2545 1761 dogmatibus
2582 1695 2842 1757 pugnant,
2892 1683 3300 1751 defenduntque
3350 1690 3604 1734 Sanctum

2026 1784 2469 1842 Chalcedonense
2493 1776 2786 1835 concilium
2817 1785 2971 1830 extra
3013 1788 3231 1828 omnem
3263 1784 3388 1827 esse
3432 1771 3606 1825 haecc-

330 1873 662 1944 Ἐκκλησίας
707 1875 1069 1940 σπουδάζουσι
1125 1877 1442 1949 δογμάτων,
1479 1879 1576 1933 καὶ
1607 1878 1703 1932 τοῦ
1739 1896 1916 1951 παρα-

2032 1877 2259 1933 ticorum
2300 1866 2805 1941 reprehensionem.

320 1965 520 2036 στῆσαι
572 1966 671 2039 τὴν
721 1966 865 2022 κατὰ
911 1968 1235 2039 Καλχηδόνα
1274 1970 1438 2038 ἁγίαν
1484 1970 1703 2024 σύνοδον
1735 1971 1919 2042 πάσης

321 2057 502 2126 λαϐῆς
530 2059 817 2130 αἱρετικῆς
845 2058 1253 2131 ὑπερκειμένην
1282 2063 1378 2115 καὶ
1421 2063 1846 2134 ἐπικρατοῦσαν.

409 2148 500 2202 Ἑν
524 2150 623 2215 μὲν
651 2145 747 2205 οὖν
771 2152 839 2220 τῇ
869 2151 1063 2223 πρώτῃ
1094 2151 1261 2223 βίϐλῳ
1282 2154 1311 2205 ὁ
1333 2153 1556 2223 πρῶτος
1586 2152 1735 2224 αὑτῷ
1763 2153 1922 2222 λόγος

318 2241 581 2313 ἐπιστολή
613 2243 731 2297 ἐστι
757 2243 893 2315 πρὸς
925 2244 1182 2316 Ζηνόϐιόν
1214 2264 1337 2300 τινα
1367 2247 1727 2318 σχολαστικὸν
1769 2248 1925 2319 Ἐμί-

322 2351 448 2403 σης,
507 2336 605 2406 τῆς
650 2335 956 2407 Ἀκεφάλου
1013 2338 1210 2408 μοίρας
1264 2338 1415 2404 ὄντα,
1471 2339 1915 2411 διαπεμφθεῖσα·

323 2428 566 2499 σπουδὴν
639 2428 695 2483 δὲ
762 2432 1001 2485 ποιεῖται
1076 2431 1208 2502 περὶ
1278 2432 1389 2486 τῶν
1461 2432 1923 2504 ἐπηρεαζομένων

321 2521 613 2591 ῥημάτων,
640 2521 678 2575 ἃ
700 2522 759 2575 ἐν
781 2525 848 2594 τῇ
869 2523 1130 2595 ἐπιστολῇ
1155 2524 1471 2594 περιέχεται
1494 2523 1590 2579 τοῦ
1614 2525 1920 2592 ἁγιωτάτου

319 2611 555 2676 Λέοντος
578 2614 851 2685 Προέδρου
891 2613 1133 2685 Ῥώμης.
1173 2616 1472 2685 Προτάττει
1501 2616 1557 2669 δὲ
1586 2619 1684 2687 τῆς
1712 2633 1924 2687 γυμνα-

321 2704 450 2769 σίας
508 2706 618 2759 τῶν
678 2707 987 2778 εἰρημένων
1045 2706 1310 2780 ῥημάτων
1368 2708 1581 2763 δίαιτάν
1645 2727 1766 2762 τινα
1824 2709 1920 2763 τοῦ

320 2798 624 2869 Τρισαγίου
672 2800 916 2870 ’Υμνου“
971 2800 1067 2853 καὶ
1116 2800 1226 2871 γὰρ
1280 2800 1376 2854 καὶ
1432 2801 1462 2853 ὀ
1515 2800 1773 2871 Ζηνόϐιος
1823 2802 1923 2871 τῆς

319 2889 516 2959 κοινῆς
541 2889 873 2961 Ἐκκλησίας
930 2891 1125 2944 ἐαυτὸν
1176 2890 1497 2963 ἀπορρήξας
1549 2894 1595 2925 ⁵³
1652 2892 1926 2964 πρόφασιν

320 2980 500 3035 ἐδίδου
540 2981 641 3052 τὴν
677 2982 809 3053 περὶ
854 2981 955 3053 τὴν
991 2981 1289 3052 Τρισάγιον
1329 2982 1641 3052 δοξολογίαν
1676 3001 1925 3038 καινοτο-

324 3073 483 3143 μίαν.
513 3074 653 3142 Φησὶ
678 3074 735 3128 δὲ
764 3075 792 3128 ὁ
830 3072 1157 3145 Ἐφραίμιος
1186 3074 1287 3145 τὴν
1312 3073 1575 3145 τοιαύτην
1601 3074 1928 3144 ὑμνολογίαν

321 3164 459 3229 τοὺς
507 3164 607 3233 μὲν
656 3162 761 3235 τὴν
809 3164 1074 3237 ἀνατολὴν
1118 3165 1402 3229 οἰκοῦντας
1455 3166 1537 3230 είς
1584 3166 1679 3220 τὸν
1723 3165 1928 3238 Κύριον

2092 2138 2255 2194 Libro
2293 2132 2513 2206 quidem
2542 2128 2723 2201 primo
2769 2124 2927 2181 initio
2955 2129 3040 2180 est
3067 2118 3296 2192 epistola
3334 2117 3400 2172 ad
3428 2116 3606 2171 Zeno-

2020 2230 2169 2286 bium
2202 2205 2490 2296 quemdam
2535 2216 2925 2275 scholasticum
2960 2211 3276 2268 Emiseuum
3306 2205 3609 2276 Acephalo-

2024 2337 2144 2377 rum
2177 2319 2300 2374 labe
2331 2315 2616 2377 infectum,
2666 2309 2852 2364 missa.
2882 2304 3197 2375 Propugnat
3226 2314 3355 2355 vero
3384 2298 3608 2352 irrisum

2021 2416 2088 2470 de
2132 2410 2349 2467 infestis
2402 2418 2564 2477 atque
2593 2401 2807 2458 acerbis
2850 2396 3059 2460 verbis,
3094 2408 3216 2465 qua:
3265 2392 3320 2447 in
3375 2388 3610 2459 epistola

2022 2506 2224 2561 Leonis
2288 2500 2520 2558 Romani
2572 2493 2855 2553 Pontiﬁcis
2904 2489 3273 2545 continentur.
3321 2483 3611 2539 Praemittit

2022 2614 2151 2653 vero
2178 2597 2372 2649 horum
2405 2591 2695 2647 verborum
2725 2580 3099 2655 disputationi,
3124 2594 3279 2634 usum
3317 2576 3608 2647 quemdam

2023 2691 2165 2747 sacri
2192 2686 2423 2757 Trisagii
2458 2682 2667 2755 hymni.
2696 2677 2910 2734 Etenim
2946 2674 3235 2731 Zenohius
3267 2685 3297 2723 a
3333 2666 3610 2723 communi

2025 2790 2343 2853 segregatus
2390 2775 2660 2839 Ecclesia,
2688 2772 2926 2826 colorem
2974 2769 3119 2822 hunc
3158 2762 3431 2833 quaesivit,
3464 2762 3609 2829 quod

2026 2850 2217 2929 recens
2235 2870 2408 2924 divisa
2439 2875 2585 2921 esset
2612 2873 2694 2917 ter
2713 2859 2886 2915 sancti
2914 2856 3097 2927 hymni
3126 2850 3414 2908 sententia.
3448 2850 3614 2902 Asse-

2026 2968 2098 3022 rit
2128 2975 2321 3021 contra
2346 2959 2713 3033 Epitraamius,
2735 2952 2987 3008 eumdem
3022 2952 3278 3020 hymnum
3304 2941 3613 2998 Orientales

2027 3056 2221 3129 2451)
2249 3031 2465 3110 Christo
2504 3048 2634 3106 Jesu
2667 3045 2992 3107 attribuere,
3024 3049 3080 3096 et
3137 3046 3427 3109 propterea
3476 3031 3614 3087 nihil

2025 3126 2255 3221 [Eccere
2303 3143 2514 3201 tametsi
2565 3139 2863 3209 adjiciam:
2905 3133 3207 3202 Cruci/imus
3258 3144 3353 3196 pro
3401 3126 3551 3180 nobis
3594 3141 3615 3180 :

321 3259 361 3330 ὴ
370 3257 490 3328 μῶν
507 3217 741 3328 ’Ἰησοῡῦ
792 3217 1041 3329 Χριστὸᾷ
1084 3217 1418 3329 sese“:
1476 3217 1572 3312 gs.
1599 3217 1923 3313 sane...

2032 3217 2664 3306 Constantinopolitanos
2716 3245 2847 3286 vero
2893 3237 3059 3296 atque
3105 3219 3506 3284 Occidentales,
3558 3217 3613 3269 in

316 3348 503 3420 μηδὲν
534 3347 934 3420 ἐξαμαρτάνειν
971 3350 1441 3415 ἐπισυνάπτοντας
1472 3352 1554 3419 τὸ,
1590 3351 1644 3404 Ὁ
1662 3366 1930 3421 σταυρω-

324 3442 462 3507 Beli;
503 3441 580 3494 δι’
617 3441 808 3510 ἡμᾶς,
852 3441 980 3507 τοὺς
1028 3442 1088 3496 δὲ
1139 3443 1199 3496 τὸ
1248 3442 1545 3507 Βυζάντιόν
1583 3461 1644 3497 τε
1690 3444 1786 3498 καὶ
1829 3445 1930 3513 τὴν

324 3532 598 3603 ὲσπερίαν
624 3532 959 3604 νεμομένους
982 3535 1064 3598 είς
1085 3534 1190 3606 τὴν
1216 3534 1530 3607 ὑπερτάτην
1553 3536 1647 3589 καὶ
1670 3535 1931 3607 πανίερον

326 3623 520 3694 πηγὴν
565 3623 665 3695 τῆς
704 3623 1074 3696 ἀγαθότητος,
1101 3625 1202 3697 τὴν
1237 3626 1521 3697 ὁμοούσιον
1550 3627 1757 3697 Τριάδα
1781 3668 1796 3693 ,
1831 3628 1932 3698 τὴν

324 3716 646 3785 δοξολογίαν
697 3717 995 3772 ἀνάπτειν⁸
1049 3718 1131 3772 διὸ
1184 3720 1308 3790 μηδ’
1359 3717 1650 3788 ἀνέχεσθαι
1707 3719 1933 3784 τούτους

327 3807 727 3861 ἐπισυνάπτειν
745 3807 827 3874 τὸ,
871 3808 926 3861 '0
962 3808 1328 3879 σταυρωθεὶς
1372 3808 1451 3864 δι’
1494 3807 1674 3878 ἡμᾶς,
1723 3810 1809 3864 ἵνα
1855 3810 1931 3883 μὴ

330 3899 515 3965 πάθος
546 3903 615 3973 τῇ
658 3900 853 3973 Τριάδι
894 3901 1258 3973 περιάψωσιν.
1306 3902 1396 3955 Ἐν
1445 3901 1669 3961 πολλαῖς
1711 3901 1769 3955 δὲ
1812 3904 1935 3966 ταῖς

329 3992 483 4047 κατὰ
501 3993 602 4063 τὴν
636 3992 907 4064 Εὐρώπην
939 3993 1232 4065 ἐπαρχίαις
1252 3994 1375 4047 ἀντὶ
1410 3994 1527 4060 τοῦ,
1565 3993 1629 4047 '0
1660 4007 1934 4063 σταυρω-

330 4086 467 4152 θεὶς
503 4086 580 4140 δι’
607 4083 766 4156 ἡμᾶς
798 4085 881 4153 τὸ,
921 4086 1079 4156 Ἅγια
1119 4087 1290 4156 Τριὰς
1326 4086 1591 4155 ἐλέησον
1626 4086 1937 4157 ἡμᾶς-ἐπά-

329 4197 479 4249 γειν·
515 4178 575 4244 ἐξ
611 4173 685 4233 ὧν
713 4179 1101 4251 ἐπιδηλότερον
1132 4179 1227 4233 τὸν
1256 4179 1457 4233 σκοπὸν
1493 4179 1606 4233 τῶν
1643 4179 1934 4234 εὐσεϐούν-

329 4289 448 4326 των
477 4270 860 4333 καθίστασθαι,
885 4270 962 4334 ὡς
987 4272 1069 4334 είς
1095 4270 1193 4341 τὴν
1223 4271 1387 4340 ἁγίαν
1417 4271 1623 4341 Τριάδα
1644 4272 1705 4326 τὸ
1731 4273 1936 4343 ’Ἄγιος

333 4368 373 4418 ὁ
406 4363 574 4430 Θεὸς,
606 4362 774 4432 ἅγιος
812 4365 1083 4431 ἰσχυρὸς,
1116 4363 1284 4434 ἅγιος
1314 4363 1613 4430 ἀθάνατος
1637 4365 1933 4434 ἀνάγοντες

330 4454 559 4525 ἀκριϐεῖ
600 4455 696 4510 καὶ
735 4454 1015 4527 ἀκολούθῳ
1052 4454 1195 4527 λόγῳ
1236 4454 1300 4509 τὸ
1357 4455 1419 4509 '0
1462 4458 1830 4525 σταυρωθεὶς
1861 4458 1938 4513 δι’

335 4545 499 4616 ἡμᾶς
534 4547 1014 4619 παραγράφονται.
1053 4545 1213 4600 Οὕτω
1245 4546 1344 4617 μὲν
1380 4544 1474 4602 οὖν
1502 4549 1776 4620 ἑκατέραν
1815 4552 1936 4620 μοῖ-

334 4656 442 4712 ραν
473 4640 601 4711 περὶ
770 4637 1143 4711 προκειμένης
1185 4616 1496 4707 δοξολογίας
1534 4616 1842 4711 φρονοῦσαν
1870 4660 1931 4696 τε

331 4733 434 4787 καὶ
473 4732 768 4801 λέγουσαν,
803 4731 1025 4785 ἐπειδὰν
1060 4731 1204 4786 κατὰ
1241 4732 1311 4786 τὰ
1336 4732 1476 4789 ἄλλα
1510 4733 1612 4804 τῆς
1646 4735 1933 4801 εὐσεϐείας

331 4824 583 4894 δόγματα
628 4822 895 4895 μηδαμῶς
953 4822 1122 4894 μηδὲν
1169 4824 1364 4894 ὁρᾶται
1406 4825 1930 4897 παραχαράττουσα,

331 4916 517 4987 ὀρθῶς
564 4934 626 4970 τε
673 4916 937 4987 πράττειν
989 4917 1018 4970 ὁ
1070 4914 1211 4986 ἀνὴρ
1266 4917 1584 4990 ἀμφοτέρας
1638 4918 1787 4987 λέγει
1836 4920 1932 4975 καὶ

335 5009 628 5081 οὐδετέραν
670 5009 855 5081 χώραν
898 5007 1177 5080 εὑρίσκειν
1223 5008 1331 5062 ὑπὸ
1383 5010 1575 5081 μῶμον
1612 5014 1788 5065 ποιεῖν
1829 5013 1931 5083 τὴν

338 5101 536 5172 ἑτέραν
589 5100 624 5173 ἢ
690 5101 797 5154 ὑπὸ
854 5101 1201 5169 κατάγνωσιν
1252 5100 1432 5156 ἕλκειν
1489 5101 1723 5174 ὕϐρεως.
1787 5104 1930 5159 Ἀλλ’

331 5194 549 5257 ἐκεῖνος
563 5192 662 5265 μὲν
678 5192 822 5248 οὑτω
841 5194 1040 5265 διαιτᾷ’
1067 5192 1149 5247 ὅτι
1174 5193 1233 5247 δὲ
1252 5196 1369 5257 τοῖς
1383 5194 1704 5265 Ἀκεφάλοις
1726 5196 1931 5267 αίρετι-

333 5286 479 5350 κοῖς,
522 5283 713 5349 κακῶς
754 5283 857 5357 τὴν
896 5282 1208 5353 δοξολογίαν
1250 5283 1457 5356 ταύτην
1502 5285 1929 5358 ἐκλαμϐάνουσι,

2035 3348 2348 3404 supremum
2407 3325 2961 3390 sacratissimumque
3029 3318 3298 3372 bonorum
3368 3312 3615 3365 omnium

2033 3616 2172 3685 ﬁxus
2202 3628 2298 3681 pro
2319 3609 2492 3676 nobis,
2519 3621 2585 3661 ne
2617 3619 2725 3674 qua
2760 3598 2941 3673 passio
2970 3592 3225 3651 Trinitati
3257 3592 3615 3646 attribuatur.

2034 3680 2093 3761 in
2123 3680 2309 3759 multis
2337 3699 2485 3756 enim
2510 3697 2741 3763 Europa:
2780 3686 3078 3745 ditionibus
3103 3699 3201 3755 pro
3233 3682 3344 3745 illo,
3377 3680 3468 3751 qui
3495 3696 3621 3733 cru-

2035 3807 2226 3876 ciﬁxus
2259 3811 2335 3858 est
2375 3815 2473 3869 pro
2504 3794 2679 3857 nobis,
2712 3793 2816 3846 hoc
2849 3792 3161 3857 reponunt:
3198 3778 3401 3835 Sancta
3430 3779 3610 3833 Trini-

2036 3908 2140 3964 tas,
2188 3897 2434 3950 miserere
2465 3889 2633 3943 nobis.
2668 3882 2824 3939 Unde
2864 3880 3077 3949 piorum
3113 3873 3385 3930 sententia
3416 3871 3619 3925 clarius

2035 3990 2314 4055 elucescit,
2349 3994 2409 4041 ut
2456 3984 2512 4039 in
2546 3990 2791 4036 sanctam
2822 3972 3155 4028 Trinitatem
3190 3967 3335 4021 hoc:
3383 3964 3617 4019 Sanctus

2039 4085 2201 4148 Deus,
2231 4090 2444 4135 sanctus
2490 4074 2671 4145 fortis,
2699 4078 2917 4124 sanctus
2947 4059 3266 4119 immortalis
3309 4072 3620 4113 accommo-

2037 4179 2206 4243 dent;
2239 4179 2495 4229 accurata
2534 4182 2600 4222 ac
2623 4162 2979 4234 consequenti
3032 4159 3280 4216 oratione
3311 4153 3443 4210 illud
3477 4169 3491 4205 :
3525 4149 3619 4219 qui

2036 4285 2224 4342 passus
2258 4276 2334 4322 est
2373 4280 2468 4334 pro
2513 4260 2684 4321 nobis,
2726 4254 3027 4313 ascribunt.
3066 4252 3161 4306 Sic
3193 4249 3360 4319 igitur
3389 4244 3620 4300 alteram

2040 4374 2326 4433 utramque
2369 4368 2576 4427 partem
2630 4354 2697 4408 de
2748 4352 2835 4406 his
2887 4348 3095 4404 sentire
3141 4354 3305 4413 atque
3351 4352 3619 4401 asserere,

2039 4431 2260 4529 quando
2288 4454 2342 4507 in
2374 4450 2592 4506 cretei-is
2626 4445 2731 4515 piis
2767 4438 3116 4512 dogmatibus
3142 4434 3277 4489 nihil
3321 4431 3623 4501 depravare

2042 4523 2472 4617 comperiantur.
2501 4541 2667 4594 Recte
2698 4549 2830 4591 vero
2861 4533 3042 4587 facere
3070 4541 3331 4596 utrosque
3361 4526 3449 4580 hic
3475 4523 3622 4577 allir-

2039 4615 2182 4701 mat,
2207 4646 2384 4701 neque
2434 4628 2598 4685 ullam
2639 4623 2884 4695 reperire
2914 4620 3180 4674 rationem
3218 4630 3319 4671 cur
3353 4615 3619 4671 alterutra

2038 4722 2497 4794 reprehendatur,
2550 4717 2636 4773 vel
2700 4717 2754 4770 in
2820 4712 3255 4785 disquisitionem
3310 4715 3619 4765 revocetur.

2039 4818 2147 4874 Sed
2173 4817 2263 4872 hic
2299 4814 2518 4885 quidem
2548 4812 2621 4866 ita
2650 4817 2863 4873 censet,
2897 4809 3043 4877 quod
3082 4807 3152 4859 ab
3183 4802 3477 4873 Acephalis
3507 4801 3591 4854 hae

2036 4910 2228 4967 reticis
2261 4907 2401 4963 male
2430 4907 2573 4961 hanc
2606 4902 2931 4959 sententiam
2959 4895 3374 4969 accipientibus,
3396 4907 3624 4961 magnus

2038 5004 2133 5057 tiat
2166 5002 2222 5057 in
2254 5001 2377 5070 pios
2426 4998 2682 5053 incursus
2709 5015 2722 5050 :
2768 4993 2963 5047 merito
2995 4990 3180 5046 caeteri
3212 4988 3405 5043 Patres
3446 4985 3619 5039 nostri

2036 5094 2174 5151 illud
2224 5092 2604 5155 decreverunt,
2660 5102 2766 5142 non
2818 5094 3073 5155 oportere
3131 5080 3263 5136 illud
3309 5078 3513 5134 addere
3566 5077 3620 5129 in

2036 5203 2198 5245 sacro
2230 5188 2455 5258 hymno,
2488 5182 2593 5249 Qui
2632 5195 2825 5251 passus
2866 5187 2941 5232 est
2977 5190 3072 5244 pro
3116 5173 3292 5239 nobis,
3322 5179 3377 5226 et
3417 5182 3620 5224 conve-

2039 5283 2281 5339 nientem
2319 5291 2445 5336 esse
2477 5276 2761 5346 hymnum,
2789 5272 2885 5342 qui
2922 5269 2991 5325 de
3023 5265 3295 5322 Trinitate
3340 5260 3621 5329 disputat:

1611 5427 1854 5489 VARIA‘J
1888 5425 2299 5488 LECTIONES.

413 5543 464 5576 "
483 5559 539 5597 τι
566 5544 613 5597 Α
650 5559 665 5597 :
703 5559 865 5609 τοις.
939 5542 987 5576 ⁵³
1014 5541 1325 5615 ἀπορρῆξαι
1357 5547 1423 5598 Δ.

1871 5648 2104 5706 NOT/E.

419 5748 534 5820 (68)
560 5748 715 5808 Alius
742 5748 832 5806 hic
885 5746 954 5803 ab
984 5745 1240 5817 Ephraim
1290 5747 1550 5817 ascetico,
1576 5743 1731 5816 cujus
1800 5758 1965 5816 opera
2030 5741 2258 5800 Pbotios
2311 5738 2672 5806 enumeravit,

341 5829 599 5892 uterque.

2755 5744 2811 5793 et
2857 5741 3093 5803 exstant,
3165 5727 3380 5789 tametsi
3442 5726 3617 5799 Syrus
