4004 6436
448 363 555 425 959

1606 355 1866 416 PIIOTII
1901 353 2411 413 PATRIARCII/E
2441 354 2553 415 (ΣΡ.

3611 360 3720 423 960

444 474 662 543 quando
701 470 1008 526 Chernbma
1045 470 1227 524 cantio
1267 470 1319 522 in
1350 469 1545 538 triplici
1577 483 1713 522 sono
1742 466 2021 522 sanctitatl

2136 465 2336 535 μεγάλη
2392 466 2600 532 γίνεται
2667 466 2808 520 κατᾶ
2876 467 2976 538 τῆς
3030 466 3310 532 εὐσεϐείας
3374 470 3721 541 καταδρομὴ,

445 567 716 619 accedens
766 565 832 616 ab
882 565 1056 626 initio,
1107 579 1268 629 super
1305 578 1520 616 onmem
1577 563 1926 618 sanctitatem
1969 571 2024 616 et

445 657 742 711 bonitatem
787 655 1071 708 Trinitatis
1102 665 1296 709 cantus
1343 670 1464 709 esse
1495 655 1868 723 cognoscitur.
1915 652 2022 706 Sed

451 751 568 802 sive
598 749 734 803 bene
769 763 864 801 seu
896 761 1055 800 secus
1085 748 1152 800 de
1185 745 1431 816 'l'risagio
1461 747 1546 798 hic
1578 746 1653 799 sic
1681 746 1911 814 judicat,
1947 744 2026 796 fa-

442 842 546 895 cile
613 842 758 894 enim
789 841 1008 894 occasio
1073 840 1173 908 ipsi
1233 841 1304 892 ita
1362 838 1642 905 jndicandi
1698 847 2024 906 prmtextum

442 935 613 997 dedit,
647 949 750 1003 nou
785 949 1003 1002 possum
1031 933 1282 1001 equidem
1309 947 1454 986 nunc
1492 933 1558 986 de
1597 931 1765 986 altera
1796 941 2023 984 senten-

444 1025 514 1076 tia
566 1035 774 1078 certum
827 1023 968 1078 ferre
998 1024 1270 1092 judicium
1315 1043 1326 1076 :
1367 1024 1470 1078 nisi
1519 1025 1662 1091 quod
1715 1037 1820 1076 non
1870 1021 2022 1085 sinit,

443 1114 846 1172 Scholasticum
877 1117 1201 1180 admonens,
1247 1115 1316 1169 ab
1358 1115 1612 1171 Ecclesia:
1643 1129 1869 1184 corpore
1917 1128 2022 1168 non

443 1222 569 1276 Sepa
580 1208 684 1260 rari
698 1246 712 1262 .

2121 558 2344 620 εἰκότως
2375 558 2424 609 οἱ
2466 556 2614 610 ἄλλοι
2664 559 2909 629 Πατέρες
2938 560 3095 630 ἡμῶν
3125 559 3406 623 παντελῶς
3446 562 3726 630 περιεῖλον

2125 650 2186 702 τὸ
2225 650 2354 720 [77b
2396 649 2490 720 IL]
2535 652 2609 720 μὴ
2664 651 2774 704 δεῖν
2822 653 3163 722 προσάπτειν
3213 654 3274 704 έν
3319 655 3384 723 τῇ
3440 653 3728 723 Τρισαγίῳ

2121 742 2402 814 δοξολογίᾳ
2448 746 2507 796 τὸ
2554 745 2606 794 Ὁ
2657 746 3025 812 σταυρωθεὶς
3079 745 3157 798 δι’
3209 745 3403 813 ἡμᾶς’
3467 746 3573 816 τῆς
3616 747 3728 815 γάρ

2123 834 2412 902 τριαδικῆς
2468 835 2748 902 θεολογίας
2810 835 2977 905 ὕμνον
3031 832 3172 891 εἷναι
3224 838 3285 891 τὺ
3334 837 3676 909 δοξολόγημα
3708 879 3724 905 ,

2129 925 2253 979 ἐπεὶ
2294 929 2387 979 ml
2426 929 2454 980 ὁ
2489 928 2822 997 Χερουϐικὸς
2866 927 3038 998 ῦμνος
3070 932 3128 982 ὲν
3168 933 3234 1001 τῇ
3275 931 3536 1002 Τριαδικῇ
3571 935 3726 1003 φωνῇ

2129 1019 2229 1087 τῆς
2281 1019 2568 1087 ἁγιότητος
2613 1021 3018 1090 προερχόμενος
3064 1021 3159 1074 ἀπ’
3206 1023 3384 1090 ἀρχῆς
3432 1025 3532 1092 τῆς
3583 1023 3726 1093 ὑπὲρ

2135 1113 2314 1166 πᾶσαν
2357 1115 2621 1184 ἀγιότητα
2665 1118 2761 1168 καὶ
2799 1115 3112 1185 ἀγαθότητα
3157 1115 3388 1186 Τριάδος
3428 1115 3728 1187 μλῴδημα

2133 1205 2478 1275 ὲγνωρίζετο.
2515 1208 2657 1260 Ἀλλ’
2710 1209 2820 1261 εῐτε
2855 1207 2916 1262 εὖ
2950 1209 3060 1262 εἴτε
3092 1209 3188 1261 καὶ⁸
3228 1209 3434 1278 έτέρως
3462 1207 3592 1276 περὶ
3630 1205 3727 1260 τοῦ

443 1303 740 1373 Τρισαγίου
773 1305 1023 1376 διῄτησεν
1053 1306 1081 1358 ὁ
1112 1305 1250 1374 ἀνὴρ
1281 1304 1444 1374 (τάχα
1477 1307 1586 1374 γάρ
1619 1303 1745 1376 [404
1771 1301 1865 1373 Η
1900 1318 2023 1354 τινα
2060 1305 2322 1373 παρεῖχεν
2361 1304 2512 1374 αύτῷ
2584 1306 2857 1376 πρόφασιν
2885 1305 2915 1356 ὁ
2949 1306 3142 1375 καιρὸς
3197 1303 3422 1357 τοιαῦτα
3471 1304 3728 1374 διαιτᾷνι.

440 1396 540 1449 οὐκ
590 1398 696 1467 ἔχω
753 1399 848 1453 νῦν
902 1401 1021 1452 οὐδὲ
1069 1398 1231 1469 ἑτέρᾳ
1282 1399 1476 1470 γνώμῃ
1529 1399 1711 1470 κρίσιν
1759 1397 2027 1451 ἐπιθεῖναι
2062 1395 2408 1452 ἀδίστακτον.
2439 1397 2586 1471 Πλὴν
2613 1399 2714 1452 οὐκ
2738 1399 2927 1469 ἀνίησι
2953 1398 3044 1451 τὸν
3102 1396 3456 1469 σχολαστικὸν
3515 1413 3726 1468 παραι-

442 1492 548 1543 νῶν
575 1494 650 1563 τῷ
678 1495 774 1561 τῆς
812 1495 1136 1564 Ἐκκλησίας
1173 1495 1509 1563 συνοφθῆναι
1543 1495 1776 1565 σώματι.

516 1589 570 1640 In
621 1589 720 1642 hac
761 1588 987 1657 epistola
1038 1603 1302 1642 canonem
1337 1603 1556 1656 quoque
1603 1588 1696 1657 qui
1748 1585 2022 1641 secundus

2211 1584 2300 1639 'Ev
2333 1583 2509 1656 ταύτῃ
2535 1583 2593 1637 δὲ
2620 1584 2686 1655 τῇ
2717 1582 2976 1653 ἐπιστολῇ
3008 1581 3106 1636 ml
3128 1581 3221 1635 τὸν
3247 1581 3472 1644 κανόνα,
3507 1579 3568 1642 ὃς
3596 1578 3724 1632 δεύ-

440 1688 524 1734 est
557 1682 606 1734 in
637 1684 868 1736 secunda
899 1683 1106 1751 synodo
1139 1681 1744 1748 Constantinopolitana
1779 1678 1881 1734 150
1911 1678 2015 1732 Pa-

2136 1696 2275 1752 τερος
2303 1675 2615 1747 ἀριθμεῖται
2649 1677 2707 1728 ὲν
2747 1678 2813 1746 τῇ
2841 1674 3072 1744 δευτέρᾳ
3101 1673 3212 1725 τῶν
3257 1675 3316 1725 ἒν
3360 1672 3722 1724 Κωνσταντι-

443 1781 608 1837 trum,
636 1774 748 1841 ipse
779 1773 882 1828 166
914 1789 1057 1837 esse,
1081 1773 1262 1828 nescio
1290 1789 1398 1840 quo
1426 1783 1672 1835 auclore,
1699 1785 1873 1839 neque
1899 1783 2021 1822 cum

444 1864 568 1918 aliis
593 1866 940 1919 consentiens
969 1875 1216 1919 numerat
1241 1883 1253 1919 :
1281 1880 1459 1932 neque
1499 1864 1551 1918 in
1577 1863 1676 1918 hac
1700 1862 1812 1932 ipsa
1840 1862 2020 1924 modo,

443 1959 537 2006 sed
568 1967 621 2009 et
652 1954 704 2008 in
736 1953 855 2009 aliis
888 1955 1004 2025 ejus
1043 1955 1218 2018 libris,
1271 1955 1518 2009 eamdem
1563 1955 1676 2022 ipse
1704 1951 2025 2023 quantitatis

444 2047 707 2100 rationem
747 2047 866 2100 init.

514 2222 842 2291 AnSpicatus
873 2236 1004 2277 vero
1036 2223 1271 2277 stadium
1297 2223 1613 2276 orthodoxa:
1649 2222 1798 2285 ﬁdei,
1823 2219 2022 2290 pratia-

445 2323 556 2377 tur,
586 2313 913 2366 conferenda
957 2329 1061 2367 non
1105 2330 1223 2367 esse
1254 2329 1372 2380 quae
1403 2314 1470 2367 de
1502 2313 1818 2383 theologicis
1851 2329 1879 2366 a
1919 2313 2025 2367 Pa-

447 2404 621 2457 tribus
675 2404 878 2458 nostris
929 2407 1147 2457 decreta
1194 2410 1343 2467 sunt,
1391 2417 1514 2456 cum
1565 2403 1723 2457 dictis
1767 2419 1795 2456 a
1841 2401 2026 2456 Leone

447 2496 701 2564 pontiﬁce
730 2497 796 2549 de
828 2496 1224 2551 incarnatione.
1253 2496 1362 2551 Sed
1389 2495 1546 2566 hujus
1576 2495 1874 2566 theologica
1901 2510 2024 2550 cum

448 2586 788 2656 theologicis,
820 2601 938 2653 qua:
969 2601 1098 2641 vero
1127 2585 1192 2639 de
1225 2587 1623 2650 incarnatione,
1652 2601 1772 2641 cum
1809 2587 1874 2640 iis
1904 2601 2026 2655 qua:

445 2675 746 2745 analogiam
822 2677 1040 2732 habent.
1096 2676 1293 2748 246a
1360 2677 1637 2744 Quotquot
1701 2677 2026 2748 theologiam

445 2777 724 2836 opponunt
756 2768 1146 2833 incarnationi,
1185 2771 1237 2822 hi
1295 2771 1773 2837 reprehensionem
1813 2770 2027 2838 iniusta:

448 2859 689 2925 przebent
735 2859 1041 2925 sententiaa,
1078 2860 1129 2911 in
1178 2875 1296 2928 qua:
1329 2860 1566 2928 linguam
1612 2870 1906 2924 exacuunt,
1943 2860 2027 2914 his

447 2963 582 3002 vero
616 2949 969 3004 nihilominus
999 2950 1104 3004 nisi
1139 2959 1484 3013 moveantur,
1515 2950 2026 3020 irreprehensibiles

2125 1769 2378 1826 νουπόλει
2411 1772 2486 1837 ρν¹
2516 1764 2790 1836 ίερωτάτῃ
2839 1763 3076 1833 συνόδῳ,
3115 1762 3278 1826 αὐτὸς
3335 1761 3457 1831 ρξς¹
3487 1756 3631 1813 εἶναι
3655 1761 3726 1814 ³⁵.

2124 1863 2225 1916 οὐκ
2267 1855 2365 1913 οἷδ’
2403 1857 2528 1910 ὅθεν
2573 1854 2755 1909 λαϐὼν
2807 1855 2929 1908 οὐδὲ
2974 1855 3117 1907 τίσιν
3169 1853 3350 1915 ἀλλοις
3387 1852 3724 1915 συντάττων,

2124 1953 2372 2024 ἀριθμεῖ.
2411 1949 2525 2003 Οὐκ
2558 1949 2618 2001 ὲν
2651 1946 2828 2019 ταύτῃ
2855 1947 2912 2000 δὲ
2944 1945 3126 2015 μόνον,
3161 1945 3296 1998 ἀλλά
3324 1945 3419 1998 καὶ
3447 1945 3508 1996 ὲν
3542 1943 3725 2006 ἄλλοις

2125 2044 2288 2100 αὑτοῦ
2314 2043 2494 2111 λόγοις
2517 2040 2618 2112 τὴν
2642 2039 2814 2110 αὐτὴν
2837 2039 2986 2108 αὐτῷ
3006 2038 3107 2107 τῆς
3129 2037 3432 2107 ποσότητος
3455 2035 3723 2102 ἀπονέμει

2126 2137 2335 2210 χώραν.

2210 2228 2536 2300 Ἀρχόμενος
2583 2225 2642 2279 δὲ
2693 2225 2795 2296 τῆς
2853 2223 2995 2294 ὑπὲρ
3049 2222 3161 2276 τῶν
3205 2221 3382 2292 ὀρθῶν
3439 2220 3726 2292 δογμάτων

2128 2323 2388 2390 σπουδῆς,
2426 2318 2845 2391 προοιμιάζεται
2881 2316 2956 2386 μὴ
3001 2315 3114 2368 δεῖν
3160 2313 3475 2386 συγκρίνειν
3512 2313 3550 2368 ἆ
3595 2314 3726 2384 περὶ

2129 2413 2405 2482 θεολογίας
2451 2413 2669 2481 εἴρηται
2715 2411 2827 2472 τοῖς
2874 2407 3155 2478 Πατράσιν
3198 2406 3390 2475 ἡμῶν,
3437 2408 3552 2468 τοῖς
3594 2406 3726 2474 περὶ

2127 2501 2441 2571 οἰκονομίας
2485 2497 2799 2572 εἰρημένοις
2837 2497 3028 2553 Λέοντι
3071 2496 3150 2566 τῷ
3188 2495 3435 2566 Ῥώμης,
3479 2494 3614 2547 ἀλλὰ
3655 2493 3726 2547 τὰ

2131 2597 2230 2667 μὲν
2264 2595 2550 2663 θεολογικά
2583 2592 2774 2646 τούτου
2820 2593 2932 2654 τοῖς
2987 2589 3346 2657 θεολογικοῖς,
3377 2587 3447 2640 τὰ
3488 2586 3546 2640 δὲ
3592 2586 3724 2656 περὶ

2127 2687 2224 2757 τῆς
2258 2686 2568 2754 οἰκονομίας
2600 2685 2714 2747 τοῖς
2744 2681 2958 2752 ἔχουσιν
2995 2680 3292 2748 ἀναλόγως.
3339 2679 3493 2730 Ὅσοι
3529 2677 3585 2730 δὲ
3624 2677 3725 2746 τὴν

2129 2777 2406 2845 θεολογίαν
2434 2773 2922 2846 ἀντιπαρατιθέασι
2951 2773 3018 2842 τῇ
3050 2769 3353 2839 οἰκονομία.
3385 2759 3548 2821 Οὗτοι
3579 2764 3722 2834 γνώ-

2133 2886 2241 2940 μης
2273 2870 2372 2938 μὲν
2393 2867 2580 2924 ἀδίκου
2607 2867 2707 2936 τῆς
2738 2863 2950 2918 ἑαυτῶν
2975 2862 3308 2933 παρέχονται
3340 2859 3563 2929 στήλην,
3596 2857 3724 2911 καθ’

2126 2955 2202 3016 ὧν
2229 2961 2289 3014 δὲ
2319 2960 2418 3030 τὴν
2445 2959 2700 3027 γλῶσσαν
2731 2955 2973 3020 κινοῦσι,
3002 2953 3212 3016 τούτοις
3240 2952 3390 3005 οὐδὲν
3418 2947 3580 3024 ἦττον
3610 2950 3644 3019 ἢ
3673 2949 3721 2982 ⁸⁸

447 3053 597 3099 sunt.
647 3045 745 3098 His
803 3045 1116 3112 praemissis,
1167 3046 1309 3099 dicta
1367 3046 1613 3114 qnzedam
1673 3061 1738 3100 ex
1799 3045 2027 3116 epistola

2136 3055 2178 3107 εί
2234 3052 2309 3123 μὴ
2359 3051 2676 3120 ἐκεκίνηντο
2723 3049 2785 3102 τὸ
2837 3046 3070 3117 ἀμωμον
3129 3043 3482 3116 συντηροῦσι.
3536 3041 3724 3095 Ταῦτα

448 3135 648 3191 Leonis
682 3137 894 3204 recitat,
924 3153 1085 3208 quam
1118 3138 1184 3191 ad
1233 3147 1482 3192 sanctum
1513 3136 1827 3192 Flavianum
1857 3139 2029 3204 dedit,

459 3245 524 3282 ex
551 3246 613 3284 ea
661 3229 787 3284 item
821 3244 982 3299 quam
1019 3231 1083 3283 ad
1137 3229 1372 3284 Leonem
1417 3229 1808 3298 imperatorem
1860 3233 2028 3297 misit,

448 3323 645 3390 quibus
675 3323 884 3377 claram
915 3321 1157 3376 ostendit
1189 3321 1290 3375 viri
1311 3320 1669 3391 theologicam
1699 3321 2024 3385 doctrinam,

449 3415 812 3483 eumdemque
841 3429 962 3469 esse
999 3413 1089 3468 Dei
1125 3411 1348 3478 Filium,
1373 3422 1428 3466 et
1463 3413 1722 3477 hominis,
1747 3413 2032 3479 magniﬁce

450 3507 736 3579 pradicat,
767 3506 1048 3575 patibilem
1089 3516 1145 3559 et
1170 3505 1552 3575 impatibilem,
1587 3505 1948 3560 immortalem
1975 3515 2032 3560 et

449 3602 609 3655 morti
676 3600 999 3654 obnoxium.
1058 3599 1125 3652 Et
1184 3613 1292 3652 uno
1345 3599 1534 3664 verbo,
1580 3613 1846 3653 summam
1912 3613 2033 3655 esse

452 3687 620 3742 Verbi
646 3698 698 3742 et
732 3687 970 3742 hominis
1004 3689 1461 3753 uuitatem,certo
1483 3697 1538 3742 et
1568 3689 1829 3744 divinitus
1851 3690 2034 3756 exula-

451 3779 620 3832 navit.
679 3777 822 3846 Quin
869 3786 923 3833 et
972 3779 1160 3832 iisdem
1215 3778 1416 3835 litteris
1468 3777 1787 3834 Nestorium
1846 3792 2035 3849 aperte

449 3874 837 3928 communione
864 3872 1295 3926 interdicendum
1326 3873 1560 3938 censuit,
1599 3874 1690 3944 qui
1725 3875 1937 3929 beatam
1971 3889 2034 3929 ac

451 3967 737 4035 Deiparam
781 3964 1056 4036 Virginem
1113 3981 1218 4019 non
1269 3965 1387 4029 Dei,
1435 3966 1529 4020 sed
1583 3967 1820 4021 hominis
1859 3967 2035 4021 solum

456 4069 684 4114 matrem
715 4059 987 4128 appellare
1021 4068 1104 4113 est
1135 4073 1320 4113 ausus.
1369 4058 1607 4113 Primum
1657 4075 1875 4129 quoque
1910 4061 2037 4116 bea-

459 4163 571 4205 inm
605 4151 840 4206 Leonem
889 4153 1176 4222 perspicue
1211 4153 1341 4221 ipsis
1381 4153 1605 4208 vocibus
1633 4153 2036 4223 pronuntiasse,

457 4243 549 4299 Dei
606 4256 834 4299 matrem
891 4261 1013 4300 esse
1069 4246 1284 4300 beatam
1341 4247 1592 4311 Mariam,
1631 4263 1755 4302 cum
1805 4248 2037 4304 aliorum

2129 3143 2603 3216 προδιασκευάσας
2638 3141 2777 3212 ῥητὰ
2809 3139 3042 3212 προάγει
3075 3137 3198 3192 τινὰ
3227 3137 3328 3206 τῆς
3359 3136 3647 3205 ἐπιστολῆς
3677 3135 3726 3169 ⁸⁸

2129 3236 2224 3291 τοῦ
2255 3234 2563 3303 ἀγιωτάτου
2592 3233 2855 3297 Λέοντος,
2886 3231 2955 3302 ἢν
2985 3231 3191 3293 ἐκεῖνος
3224 3227 3431 3300 ἔγραψε
3470 3227 3606 3294 πρὸς
3634 3227 3727 3279 τὸν

2131 3331 2190 3383 ὲν
2229 3328 2404 3396 ἁγίοις
2432 3325 2754 3386 Φλαὸιανὸν,
2783 3325 2877 3376 καὶ
2923 3322 3030 3394 μὴν
3066 3325 3162 3376 καὶ
3205 3321 3304 3390 τῆς
3340 3319 3477 3388 πρὸς
3522 3318 3730 3372 Λέοντα

2131 3425 2223 3476 τὸν
2253 3421 2497 3492 βασιλέα,
2531 3422 2590 3472 ὲν
2616 3416 2702 3480 αἶς
2735 3415 3012 3482 θεολογίαν
3039 3431 3098 3466 τε
3123 3411 3386 3483 λαμπρὰν
3411 3411 3502 3463 τοῦ
3529 3409 3724 3479 ἀνδρὸς

2131 3513 2482 3575 ἐπιδεικνύει,
2546 3511 2642 3565 καὶ
2682 3511 2766 3563 ὃτι
2807 3508 2897 3562 τὸν
2941 3507 3104 3562 αὑτὸν
3148 3505 3276 3559 Υἱὸν
3317 3505 3410 3558 τοῦ
3456 3503 3590 3556 Θεοῦ
3633 3505 3730 3556 καὶ

2132 3605 2350 3676 ἀληθῶς
2427 3604 2542 3659 υἱὸν
2617 3601 2910 3672 ἀνθρώπου
2990 3599 3250 3668 γενέσθαι
3329 3597 3731 3668 μεγαλοφὼνως

2136 3696 2527 3767 ἁνακηρύττει,
2564 3693 2811 3764 παθητόν
2846 3709 2907 3746 τε
2940 3691 3032 3746 τὸν
3071 3690 3237 3744 αὑτὸν
3270 3689 3364 3743 ml
3399 3687 3602 3756 ἀπαθῆ,
3635 3688 3735 3739 καὶ

2133 3791 2226 3844 τὸν
2258 3791 2530 3845 ἀθάνατον
2561 3789 2750 3860 νόμοις
2779 3785 3057 3855 ὑποκύψαι
3104 3783 3338 3838 θανάτου
3366 3823 3382 3848 ,
3423 3782 3519 3836 καὶ
3546 3781 3735 3843 ἀπλῶς

2133 3887 2235 3956 τὴν
2269 3885 2444 3955 ἀκραν
2477 3883 2670 3938 ἕνωσιν
2696 3880 2790 3935 τοῦ
2819 3879 2994 3948 Λόγου
3022 3878 3117 3932 ml
3145 3878 3245 3948 τῆς
3273 3876 3476 3946 σαρκὸς
3500 3875 3737 3946 ἀμωμή-

2134 3995 2244 4042 τως
2291 3993 2352 4031 τε
2395 3981 2489 4032 ml.
2538 3973 2860 4047 θεοπρεπῶς
2909 3974 3302 4043 διετράνωσεν.
3332 3970 3407 4023 Ού
3458 3967 3565 4039 μὴν
3599 3966 3740 4020 ἀλλά

2137 4072 2233 4125 καὶ
2279 4070 2576 4142 Νεστόριον
2625 4068 2858 4138 λαμπρᾷ
2875 4067 2943 4137 τῇ
2985 4067 3139 4136 φωνῇ
3183 4064 3243 4116 ὲν
3284 4064 3406 4124 ταῖς
3456 4058 3740 4122 τοιαύταις

2139 4161 2449 4225 ἐπιστολαῖς
2503 4159 2904 4230 ἀναθεματίσαι
2933 4197 2950 4221 ,
3007 4156 3084 4219 ὼς
3140 4154 3240 4226 τὴν
3295 4153 3573 4224 μακαρίαν
3637 4152 3737 4203 καὶ

2139 4253 2389 4308 θεοτόκον
2421 4251 2643 4322 Μαρίαν
2673 4251 2797 4321 οὐχὶ
2830 4248 2926 4303 τοῦ
2961 4247 3122 4313 Θεοῦ,
3154 4245 3446 4314 ἀνθρώπου
3476 4245 3534 4297 δὲ
3577 4243 3739 4312 μόνον

451 4342 581 4389 ante
609 4337 784 4403 ipsmn
819 4334 1036 4390 Patrum
1070 4352 1232 4390 nemo
1265 4336 1318 4390 id
1349 4347 1455 4389 tam
1489 4337 1636 4391 clare
1665 4337 1947 4404 extulerit,
1984 4347 2029 4394 el

2141 4345 2492 4416 τολμήσαντα
2525 4344 2703 4397 εἰπεῖν
2753 4341 2967 4412 μητέρα
2996 4356 3008 4370 ·
3049 4339 3144 4392 ml.
3181 4339 3262 4392 ὅτι
3301 4337 3516 4408 πρῶτος
3545 4335 3575 4388 ὁ
3601 4334 3646 4365 ⁸⁷
3683 4335 3739 4386 ἐν

455 4430 570 4482 tuaac
595 4429 811 4496 quidem
843 4429 1020 4497 capite
1045 4427 1222 4499 primo
1257 4428 1622 4498 persequitur.

2067 4405 2114 4461 Β
2142 4405 2318 4506 ἁγίοις
2360 4436 2512 4490 Λέων
2551 4405 2928 4496 ίδικῶς-εῐίπεν
2959 4431 3151 4492 αὑταῖς
3193 4405 3402 4493 λέξεσιν
3435 4428 3511 4491 ὼς
3549 4427 3737 4496 μήτηρ

449 4527 586 4579 Θεοῦ
633 4527 782 4578 ἐστιν
833 4527 866 4595 ὴ
923 4525 1052 4592 ἁγία
1097 4526 1381 4588 Θεοτόκος,
1431 4524 1541 4578 τῶν
1575 4525 1682 4594 πρὸ
1713 4525 1880 4580 αὑτοῦ
1925 4528 2190 4599 Πατέρων
2226 4532 2370 4586 οὕτω
2423 4529 2766 4600 διαπρυσίοις
2807 4527 3018 4599 ῥήμασι
3085 4524 3163 4596 μὴ
3231 4524 3388 4578 τοῦτο
3454 4522 3734 4592 φαμένων.

453 4613 528 4668 Τὸ
573 4615 672 4685 μὲν
725 4611 818 4669 οὖν
863 4617 1079 4687 πρῶτον
1137 4615 1286 4686 αύτῷ
1342 4616 1640 4684 κεφάλαιον
1691 4616 1866 4670 ταῦτα
1919 4619 2216 4676 διατάττει.

529 4712 741 4782 Excipit
774 4713 875 4767 hoc
915 4715 1246 4782 proximum,
1290 4729 1397 4784 quo
1443 4714 1752 4768 ostenditur
1786 4725 2036 4769 sanctum

458 4805 693 4861 Leonem
725 4805 950 4875 reliquis
981 4807 1231 4862 Patribus
1252 4805 1705 4874 consentientem,
1743 4823 1908 4860 unum
1944 4806 2038 4862 Fi~

457 4899 586 4954 lium
639 4913 762 4953 esse
812 4897 1104 4953 conﬁteri:
1139 4908 1307 4968 atque
1359 4898 1522 4953 unius
1577 4907 1632 4954 et
1681 4899 1928 4968 ejusdem
1979 4908 2040 4953 ut

457 4991 619 5045 aliam
669 4990 921 5055 formam,
953 4993 1031 5046 sic
1060 5001 1116 5046 et
1153 4992 1424 5046 diversam
1475 5000 1686 5046 naturas
1733 4991 2036 5059 actionem,

458 5099 726 5152 nusquam
769 5084 1091 5138 divisionem
1135 5084 1344 5136 unitate
1391 5084 1684 5147 adducens,
1733 5082 1830 5138 sed
1870 5097 2036 5138 unum

459 5178 734 5232 hominem
769 5175 972 5232 factum
1030 5177 1197 5230 Deum
1234 5175 1469 5230 Verbum
1529 5176 1814 5245 praedicat.
1840 5174 2041 5243 Adjicit

456 5282 584 5322 vero
630 5267 828 5323 Leonis
854 5268 1138 5323 sententiae
1184 5277 1240 5321 et
1267 5265 1459 5335 Cyrilli
1515 5267 1788 5335 dogmata,
1821 5267 2042 5336 conspi-

461 5374 583 5413 rare
624 5360 764 5415 inter
811 5375 872 5417 se
923 5363 1239 5426 ostendens,
1274 5369 1331 5414 et
1377 5359 1622 5428 Gregorii
1675 5359 1926 5429 Nysseui,
1985 5368 2042 5413 et

455 5446 584 5504 Julii
617 5450 871 5507 Romani.
909 5453 1116 5507 Adhzec
1143 5463 1200 5507 et
1233 5452 1398 5508 verba
1433 5451 1606 5522 ponit,
1632 5451 1833 5522 quibus
1883 5461 2040 5507 utens

2209 4718 2472 4790 Δεύτερον
2497 4718 2553 4772 δὲ
2584 4717 2736 4790 αὑτῷ
2770 4717 3098 4789 προάγεται,
3127 4715 3194 4768 δι’
3224 4711 3284 4769 οὗ
3312 4712 3586 4767 δείκνυται
3614 4710 3690 4773 ὡς
3711 4712 3738 4764 ό

2137 4811 2432 4875 ὁσιώτατος
2479 4811 2632 4865 Λέων
2679 4813 2792 4874 τοῖς
2842 4809 3096 4880 Πατράσι
3154 4806 3465 4878 συμφωνῶν
3500 4805 3598 4858 ἕνα
3646 4805 3736 4857 τὸν

2137 4903 2302 4956 αὑτὸν
2330 4901 2585 4974 ὁμολογεῖ
2615 4901 2767 4966 Υίὸν,
2803 4901 2898 4954 ml
2927 4899 3020 4953 τοῦ
3069 4899 3238 4953 αὐτοῦ
3274 4898 3366 4952 καὶ
3399 4896 3519 4961 ἑνὸς
3548 4895 3738 4966 ὥσπερ

2138 4997 2409 5067 ἑκατέραν
2465 4995 2702 5067 μορφὴν,
2749 4993 2893 5048 οὕτω
2922 4993 3018 5049 καὶ
3065 4993 3166 5063 τὴν
3207 4993 3465 5062 διάφορον
3499 4989 3735 5060 φυσικὴν

2138 5087 2443 5156 ἐνέργειαν,
2477 5085 2716 5157 οὐδαμοῦ
2742 5085 3007 5155 διαίρεσιν
3035 5086 3101 5153 τῇ
3135 5081 3327 5135 ένὼσει
3359 5080 3732 5151 παρεισάγων,

2138 5179 2254 5234 ἀλλ’
2306 5179 2403 5232 ἕνα
2457 5180 2549 5233 τὸν
2603 5178 3027 5249 σεσαρκωμένον
3073 5177 3304 5246 ἀνυμνεῖ
3352 5173 3486 5227 Θεὸν
3535 5173 3733 5241 Λόγον.

2138 5270 2483 5342 Παρατίθησι
2527 5269 2586 5323 δὲ
2631 5271 2757 5331 ταῖς
2803 5271 3010 5338 φωναῖς
3058 5267 3154 5320 τοῦ
3200 5265 3350 5321 ὁσίου
3394 5265 3624 5328 Λέοντος
3667 5265 3736 5317 τὰ

2138 5362 2407 5434 Κυρίλλου
2428 5363 2693 5432 δόγματα,
2711 5361 2927 5424 δεικνὺς
2954 5360 3095 5414 κατὰ
3115 5359 3292 5413 πάντα
3314 5355 3736 5428 συμφωνοῦντα,

2137 5455 2234 5509 καὶ
2258 5456 2327 5520 δὴ
2351 5454 2442 5509 ml
2468 5455 2774 5527 Γρηγορίου
2802 5454 2895 5507 τοῦ
2929 5453 3175 5524 Νύσσης,
3210 5451 3348 5506 ἀλλὰ
3378 5449 3475 5504 καὶ
3514 5449 3738 5503 Ἰουλίου

1719 5567 1953 5622 VARI!!!)
1985 5566 2398 5624 LEC'MONES.

537 5661 582 5691 “
609 5657 774 5731 εἶναι]
808 5662 899 5713 ml
947 5656 1088 5715 εἶναι
1113 5679 1172 5724 ς.

1252 5660 1297 5696 ιιι
1327 5662 1360 5731 ἦ
1399 5662 1525 5735 libri
1558 5678 1666 5717 om.
1745 5665 1792 5695 ⁵⁸
1822 5663 2090 5734 προσάγει
2123 5664 2246 5717 τινὰ
2270 5666 2335 5734 τῇ
2385 5664 2643 5735 ἐπιστολῇ
2677 5683 2736 5730 ς.

2833 5667 2874 5698 ⁵⁷
2901 5667 2930 5719 ὁ
2977 5665 3100 5719 add.
3137 5667 3202 5719 A.
3234 5663 3324 5731 qui
3357 5662 3410 5716 in
3443 5675 3532 5731 mg
3564 5677 3578 5712 :
3617 5658 3733 5721 πῶς

461 5730 622 5807 τοῦ-τό
657 5727 821 5807 φησιν
845 5747 859 5795 ;
885 5731 1153 5803 Κύριλλος
1190 5733 1300 5804 γὰρ
1327 5727 1416 5787 καὶ
1448 5733 1596 5787 ἄλλοι
1633 5727 1915 5804 προεῖπον.
1958 5727 2026 5791 Ἢ
2055 5727 2402 5792 ὃτιθεοτόκον
2431 5736 2527 5806 μὲν
2549 5727 2820 5805 λέγοῦσιν,
2853 5736 3064 5807 μητέρα
3082 5736 3138 5789 δὲ
3163 5727 3288 5789 θεοῦ
3313 5733 3412 5787 οὐκ
3435 5727 3610 5792 εἷπον,
3629 5731 3731 5782 κᾶν

470 5802 637 5870 μηδὲν
667 5801 994 5872 διενήνοχεν.
