4004 6444
292 356 401 425 961
1326 349 1854 412 BIBLIOTHECA.
1891 345 2147 406 -COD.
2186 343 2553 406 CCXXVIII.
3469 338 3581 402 962

279 471 381 524 τοῦ
422 465 661 537 Ῥώμης.
715 466 837 519 Ἔτι
882 463 987 536 μὴν
1032 463 1330 535 παρίστησι
1368 464 1469 533 τὴν
1509 462 1655 528 λέξιν
1681 502 1697 525 ,
1738 455 1883 534 ᾗπερ

2005 466 2181 510 )eatus
2211 453 2345 523 Leo,
2374 454 2596 524 impiam
2627 452 3048 508 Severianorum
3077 450 3407 506 calumniam
3439 454 3572 506 sub-

280 560 640 632 χρησάμενος
693 558 723 612 ὁ
775 558 833 611 ὲν
888 556 1068 625 ἁγίοις
1112 556 1267 610 Λέων
1318 554 1569 624 διαϐολὴν
1630 552 1889 617 ἀσεϐείας

2013 551 2130 617 icit,
2164 566 2269 605 non
2310 550 2477 605 semel
2528 559 2693 618 atque
2727 549 2922 603 iterum
2954 546 3049 601 sed
3084 544 3375 614 quinquies
3406 557 3435 597 a
3467 543 3572 614 Cy-

286 655 506 724 ὑπέστη
538 653 689 721 παρὰ
714 651 826 705 τῶν
856 649 963 703 ἀπὸ
992 649 1256 719 Σεϐήρου,
1286 648 1457 717 αὐτὴν
1477 646 1683 716 ταύτην
1715 646 1761 677 ⁵⁸
1791 646 1891 716 οὐχ

289 745 447 809 ἅπαξ
473 744 597 797 οὐδὲ
617 745 697 807 δὶς
720 741 858 796 ἀλλὰ
883 741 980 795 xui.
1000 739 1262 801 πεντάκις
1289 736 1587 808 εἰρημένην
1613 735 1888 806 Κυρίλλῳ,

288 837 441 906 φημὶ
480 836 545 907 δὴ
599 835 662 889 τὸ
706 834 994 905 ἑκατέρας.
1047 832 1122 885 Οὐ
1171 830 1440 903 Κύριλλον
1486 829 1545 883 δὲ
1596 829 1757 899 μόνον
1798 829 1891 883 τὸν

289 926 592 997 νικηφόρον
625 925 860 996 χρῆσθαι
893 926 962 996 τῇ
1006 924 1182 995 φωνῇ,
1213 923 1335 976 καθ’
1392 916 1460 993 ἧς
1490 920 1621 992 [405
1646 917 1741 992 Η.]
1789 936 1889 989 με-

296 1019 538 1090 μηνότες
568 1019 617 1071 oi
652 1017 762 1071 ἀπὸ
783 1017 1026 1089 Σεϐήρου
1045 1016 1364 1071 δυσσέϐειαν
1396 1016 1473 1086 τῷ
1494 1014 1739 1085 θεοφόρῳ
1768 1016 1889 1067 ἐπι-

291 1109 571 1181 γράφουσι
599 1109 812 1176 Λέοντι,
843 1109 981 1164 ἀλλὰ
1004 1110 1099 1164 καὶ
1124 1109 1216 1163 τὸν
1243 1108 1557 1178 θαυμαστὸν
1586 1107 1886 1161 Βασίλειον.

300 1203 423 1256 Οὐκ
454 1201 510 1254 ὲν
542 1200 718 1273 ταύτῃ
749 1200 807 1254 δὲ
837 1201 975 1273 μόνῃ
1006 1203 1070 1272 τῇ
1115 1202 1267 1271 φωνῇ
1302 1202 1615 1270 συμφωνεῖν
1642 1202 1753 1263 τοῖς
1782 1200 1893 1252 τῶν

300 1293 559 1363 Πατέρων
601 1290 794 1359 λογάσι
827 1290 917 1345 τὸν
956 1294 1014 1345 ὲν
1061 1292 1231 1354 ὁσίοις
1263 1291 1612 1345 ἀποδείκνυσι
1648 1291 1852 1345 Λέοντα
1874 1332 1890 1355 ,

308 1373 437 1442 ί777
473 1381 567 1456 R.]
601 1383 738 1438 ἀλλὰ
766 1386 861 1438 xui.
897 1384 955 1436 ὲν
982 1386 1095 1447 τοῖς
1134 1384 1315 1446 ἄλλοις
1348 1385 1519 1438 ἅπασι
1557 1383 1790 1454 δόγμασί
1831 1400 1892 1437 τε

304 1476 402 1527 καὶ
426 1475 658 1544 ῥήμασι,
683 1473 806 1527 καθ’
827 1467 901 1527 ὧν
924 1475 1176 1528 ὑλακτεῖν
1198 1476 1248 1528 οἱ
1269 1476 1587 1544 αἰρεσιῶται
1612 1477 1673 1529 οὑ
1696 1475 1893 1546 πεφρί-

296 1578 451 1616 κασι·
489 1561 618 1625 τούς
660 1579 718 1615 τε
762 1562 872 1633 γὰρ
912 1563 1234 1633 εἰρημένους
1269 1564 1515 1632 Πατέρας
1543 1561 1815 1631 ὁμοδοξεῖν
1845 1563 1890 1595 ⁸³

297 1670 359 1706 τε
395 1653 493 1705 xui.
537 1652 820 1723 ὁμολογεῖν
849 1653 927 1724 τῷ
954 1654 1138 1725 ἀνδρὶ,
1177 1654 1271 1707 xui.
1311 1652 1419 1725 μὴν
1447 1655 1543 1708 xui.
1577 1653 1893 1708 Ἀθανάσιον

294 1742 393 1793 τὸν
448 1743 792 1809 πολύαθλον,
849 1744 945 1797 καὶ
1000 1744 1091 1797 τὸν
1147 1744 1206 1797 ὲν
1262 1744 1514 1818 θεολογίᾳ
1568 1746 1892 1818 περιϐόητον

1992 644 2117 699 rillo
2184 644 2509 714 irrogatam,
2566 644 2779 707 ambas,
2846 641 3087 709 inquam,
3146 646 3388 691 naturas.
3452 634 3574 690 Non

1991 735 2252 808 Cyrillum
2299 736 2461 790 modo
2486 734 2749 789 victorem
2804 733 2907 785 hac
2956 731 3033 785 uti
3066 744 3222 795 voce,
3258 728 3415 794 cujus
3455 742 3577 781 me-

1992 842 2175 885 mores
2207 826 2394 882 cheri
2436 823 2682 890 asset-lae,
2711 822 3043 890 impietatem
3088 818 3259 873 Leoni
3307 819 3579 887 imputant

1992 922 2086 976 sed
2138 928 2194 975 et
2249 920 2469 974 beatum
2504 915 2785 979 Basilium,
2824 929 2928 966 non
2977 914 3029 966 in
3074 916 3173 965 hac
3212 911 3389 965 solum
3444 922 3575 962 voce

1993 1026 2116 1066 cum
2145 1009 2350 1065 sanctis
2392 1007 2648 1063 Patribus
2693 1004 3003 1059 consentire
3055 1012 3303 1056 sanctum
3334 1000 3572 1056 Leonem

1992 1101 2252 1163 ostendit,
2300 1114 2485 1153 verum
2539 1098 2701 1152 etiam
2750 1096 2803 1149 in
2846 1095 3099 1147 omnibus
3132 1094 3267 1147 adeo
3291 1102 3346 1146 et
3398 1092 3580 1147 verbis

1992 1200 2277 1272 6124εὸ
2350 1198 2715 1267 dogmatibus,
2778 1194 2975 1263 quibus
3021 1192 3295 1245 oblatrare
3337 1189 3578 1243 haaretici

1996 1308 2102 1346 11011
2134 1294 2495 1346 erubueruut.
2530 1287 2831 1343 Ρτωᾱίριοε
2876 1288 3019 1340 enim
3047 1284 3242 1338 Patres
3270 1292 3416 1336 τεοῖο
3454 1296 3577 1334 cum

1999 1384 2090 1439 illo
2117 1384 2342 1447 sentire,
2368 1391 2430 1436 ut
2463 1390 2518 1436 et
2551 1380 2828 1434 laboribus
2851 1378 3151 1431 exercitum
3184 1373 3574 1435 Athanasium,

1993 1483 2049 1529 et
2096 1473 2330 1542 theologi
2369 1472 2689 1542 cognomine
2737 1471 3019 1538 praeditum
3061 1465 3405 1536 Gregorium,
3444 1463 3578 1517 Pro-

1993 1568 2133 1621 clum
2165 1581 2381 1637 quoque
2430 1563 2998 1631 Constantinopoleos,
3038 1570 3092 1615 et
3136 1558 3574 1628 Amphilochium

1992 1657 2159 1714 lconii
2228 1657 2526 1728 praesules,
2565 1664 2620 1710 et
2674 1655 3049 1709 admirandum
3100 1652 3251 1705 illum
3314 1648 3577 1704 JOannem

1994 1751 2468 1821 Chrysostomum.
2504 1749 2571 1803 Et
2608 1749 2722 1802 haec
2744 1748 2960 1816 quidem
2996 1745 3174 1813 capite
3201 1741 3463 1797 secundo.

293 1832 624 1903 Γρηγόριον,
677 1834 922 1906 Πρόκλον
944 1852 1003 1888 τε
1027 1835 1117 1889 τὸν
1144 1838 1771 1905 Κωνσταντινουπὸλεως
1796 1842 1889 1894 xui
1939 1842 2287 1913 ’Λμφιλόχιον
2311 1842 2403 1897 τὸν
2437 1840 2660 1895 Ἰκονίου
2682 1841 2776 1893 καὶ
2837 1838 2928 1892 τὸν
2989 1836 3289 1907 Θαυμάσιον
3325 1833 3579 1900 Ἰωάννην

305 1928 1026 2025 τὸν-Χρ-υσόστομονέᾌλλα
1049 1930 1221 1985 ταῦτα
1244 1932 1345 2004 μὲν
1372 1933 1469 1987 xui
1496 1933 1557 1987 τὸ
1577 1934 1826 2006 δεύτερον
1846 1937 1891 1969 ⁸ο
1929 1937 2076 2009 αὐτῷ
2106 1936 2644 2025 διαπραγματεύεται
2672 1935 2987 2005 κεφάλαιον.

370 2020 450 2073 Τὸ
476 2020 534 2073 δὲ
581 2019 783 2092 τρίτον,
825 2020 909 2073 ὅτι
937 2020 1009 2075 τὰ
1041 2021 1223 2093 ἄρθρα
1250 2027 1666 2095 προταττόμενα
1704 2028 1810 2081 τῶν
1844 2030 1896 2083 ὲν

2074 2019 2343 2093 Tertium,
2368 2029 2629 2084 articulos
2658 2029 2907 2099 praeﬁxos
2927 2036 3240 2080 naturarum
3259 2025 3311 2079 iu
3336 2024 3577 2091 Christo,

292 2110 378 2182 τῷ
428 2111 652 2183 Χριστῷ
704 2111 921 2181 φύσεων
967 2113 1219 2185 οὐδαμῶς
1267 2115 1399 2169 υἰῶν
1442 2116 1607 2171 δυάδα
1659 2120 1893 2175 ἐπινοεῖν

291 2205 567 2275 οὐμενοῦν
614 2204 713 2279 οὐχ
764 2205 1120 2271 ὑποτίθεται,
1177 2208 1293 2261 ἀλλ’
1337 2209 1486 2263 ἔστιν
1541 2211 1737 2282 ἰδίωμα
1792 2213 1894 2284 τῆς

296 2294 455 2359 θείας
485 2296 526 2326 ⁶¹
558 2295 782 2366 Γραφῆς
810 2335 826 2360 ,
881 2296 944 2349 ού
999 2296 1308 2368 προσώπων
1357 2300 1456 2370 μὲν
1494 2300 1598 2374 (ὡς
1645 2302 1892 2373 εἴρηται)

295 2386 468 2440 δυάδα
494 2389 851 2457 παρεισάγον,
876 2390 973 2454 τὰς
1001 2391 1293 2455 ὲνωθείσας
1315 2392 1371 2445 δὲ
1402 2393 1593 2461 φύσεις
1618 2396 1897 2467 ἀτμήτους

295 2491 360 2527 τε
393 2476 485 2529 xui
511 2476 858 2545 ἀδιαιρέτους
887 2479 1265 2547 διαφυλάττον.
1299 2482 1411 2533 Καὶ
1440 2481 1548 2554 γὰρ
1572 2483 1667 2536 xui.
1691 2482 1898 2554 ταύτην

294 2569 404 2638 τὴν
452 2570 716 2640 ἐπήρειαν
767 2570 909 2624 κατά
956 2576 1055 2643 τῆς
1108 2570 1202 2626 τοῦ
1252 2573 1481 2637 Λέοντος
1529 2573 1817 2645 ἐπιστολῆς
1860 2576 1895 2647 ἡ

296 2660 552 2729 αἰρετικὴ
582 2658 757 2714 λύσσα
778 2661 1059 2732 κατέχεεν,
1077 2664 1322 2727 εἰπόντος
1350 2664 1539 2717 αὐτοῦ·
1571 2665 1798 2735 Ὠσπερ
1827 2667 1898 2721 ἐν

295 2748 386 2813 τῷ
420 2748 615 2802 ἐλεεῖν
655 2753 689 2804 ό
722 2750 867 2817 Θεὸς
919 2753 1151 2820 τροπὴν
1185 2755 1299 2823 οὐχ
1332 2756 1674 2823 ὑφίσταται,
1709 2757 1898 2824 οὕτως

297 2843 333 2894 ό
376 2839 687 2907 ἅνθρωπος
716 2840 796 2906 τῷ
822 2841 1059 2912 μεγέθει
1097 2841 1206 2910 τῆς
1232 2843 1411 2911 ἀξίας
1437 2846 1549 2899 οὑκ
1579 2846 1899 2900 ἀναλίσκε-

298 2950 423 2987 ται.
458 2932 640 3002 Ὅπερ
668 2929 760 2986 οὖν
785 2934 1023 3004 εἰρηται,
1050 2936 1192 2989 κατὰ
1220 2934 1283 2989 τὸ
1309 2936 1491 3008 τρίτον
1518 2936 1810 3005 κεφάλαιον
1834 2938 1900 2992 ἔκ

297 3041 359 3077 τε
393 3023 501 3077 τῶν
525 3025 909 3093 Εὑαγγελικῶν
935 3026 1131 3094 φωνῶν
1156 3028 1249 3080 xui.
1275 3029 1339 3081 ὲκ
1362 3027 1472 3081 τῶν
1499 3029 1895 3097 ἀποστολικῶν,

298 3119 402 3169 xui.
425 3117 489 3186 δὴ
503 3119 596 3170 xui.
621 3120 685 3169 ὲκ
711 3117 819 3170 τῶν
846 3119 1135 3189 μακαρίων
1158 3118 1419 3189 Πατέρων
1437 3120 1617 3189 ἡμῶν,
1636 3120 1897 3189 Ἰγνατίου

295 3208 401 3261 τοῦ
442 3208 704 3278 θεοφόρου
750 3211 845 3262 xui.
885 3210 1106 3263 Ἰουλίου
1140 3211 1235 3263 xui.
1277 3211 1598 3265 Ἀθανασίου
1629 3214 1721 3265 καὶ
1752 3213 1897 3284 Γρη-

296 3300 509 3368 γυρίων
536 3300 629 3352 καὶ
661 3298 964 3366 Βασιλείου,
997 3298 1263 3369 διελέγχει
1296 3302 1426 3363 τοὺς
1455 3300 1737 3363 δυσσεϐεῖς
1762 3300 1837 3363 ὡς
1864 3300 1897 3372 ἡ

2003 2137 2342 2192 nequaquam
2394 2122 2535 2176 ﬁlios
2579 2122 2715 2174 duos
2746 2119 3025 2182 exhibere,
3073 2132 3179 2171 non
3214 2116 3379 2187 igitur
3408 2116 3584 2185 subji-

2001 2216 2165 2283 citur,
2209 2214 2303 2270 sed
2334 2225 2419 2269 est
2456 2214 2706 2284 proprius
2753 2210 3009 2282 loquendi
3055 2224 3227 2265 sacra:
3279 2207 3580 2276 Scriptura

2002 2307 2232 2370 modus;
2279 2321 2385 2361 non
2439 2307 2575 2360 duas
2613 2308 2833 2374 quidem
2892 2317 3180 2373 personas,
3219 2312 3278 2356 ut
3324 2302 3581 2361 diximus.

2003 2399 2336 2468 signiﬁcans,
2371 2399 2467 2453 sed
2504 2398 2687 2451 unitas
2724 2407 2945 2450 naturas
2977 2395 3369 2463 iuseparahiles
3396 2404 3448 2448 et
3499 2394 3584 2446 in-

2005 2490 2254 2545 dividuas
2277 2504 2633 2544 conservans.
2659 2488 2869 2542 Etenim
2904 2488 3159 2540 haeretica
3192 2486 3373 2540 rahies
3394 2486 3585 2541 eﬁ'udit

2005 2581 2257 2649 injuriam
2311 2590 2505 2636 contra
2558 2579 2758 2635 Leonis
2808 2580 3091 2649 epistolam
3152 2578 3235 2633 sic
3293 2578 3523 2631 dicentis
3565 2594 3581 2631 :

2007 2673 2463 2739 Quemadmodum
2524 2673 2825 2726 miserando
2881 2673 3227 2725 mutationem
3284 2669 3425 2724 Deus
3479 2687 3586 2724 non

2003 2767 2216 2835 suscipit
2243 2804 2259 2828 ,
2293 2766 2367 2819 sic
2398 2766 2550 2818 homo
2603 2765 2874 2835 dignitatis
2903 2765 3266 2835 magnitudine
3294 2779 3395 2816 non
3428 2764 3584 2830 perit.

2004 2856 2157 2923 Quod
2199 2857 2362 2926 igitur
2398 2858 2560 2911 tertio
2621 2858 2801 2925 capite
2831 2857 3034 2911 dictum
3067 2865 3150 2911 est
3176 2871 3243 2911 ex
3294 2855 3580 2922 Evangelii

2004 2956 2060 2999 et
2112 2946 2478 3014 apostolorum
2532 2962 2718 3009 sensu,
2751 2957 2913 3014 atque
2948 2945 3085 3001 adeo
3143 2961 3211 3000 ex
3271 2954 3585 3000 sanctorum

2006 3034 2227 3090 Patrum
2282 3039 2576 3105 sententia,
2609 3037 2777 3093 divini
2826 3036 3225 3108 lguatii,Julii,
3274 3036 3584 3099 Athanasii,

2004 3128 2414 3198 Gregoriorum,
2454 3141 2509 3183 et
2559 3129 2770 3195 Basilii,
2802 3130 3155 3197 reprehendit
3192 3129 3409 3198 impios,
3443 3127 3590 3197 quod

2006 3222 2365 3276 articulorum
2420 3238 2551 3277 usus
2589 3224 2799 3291 (omnes
2849 3222 2992 3275 enim
3044 3222 3096 3275 lii
3136 3221 3243 3274 illis
3302 3222 3382 3273 usi
3441 3221 3588 3291 sunt)

2010 3315 2215 3367 nullam
2239 3315 2540 3368 sectionem
2577 3325 2673 3367 aut
2701 3315 3018 3368 divisionem
3049 3313 3274 3367 unitatis
3296 3312 3586 3380 signiﬁcat,

295 3392 417 3444 τῶν
444 3392 664 3463 ἄρθρων
697 3394 895 3463 χρῆσις
921 3394 1145 3465 (πάντες
1180 3394 1287 3463 γὰρ
1318 3390 1465 3447 οὗτοι
1493 3393 1703 3458 τούτοις
1729 3395 1896 3466 ἐχρή-

2005 3407 2196 3472 quibus
2236 3406 2423 3459 addit:
2460 3404 2592 3469 Qua:
2626 3417 2672 3459 et
2708 3416 2924 3475 utroque
2962 3421 3165 3458 versum
3219 3402 3386 3455 relata
3432 3412 3578 3454 sunt.

300 3493 495 3551 σαντο)
539 3487 793 3557 οὐδεμίαν
835 3488 1067 3559 τομὴνῆ
1098 3487 1363 3559 διαίρεσιν
1402 3491 1608 3543 ἐπινοεῖ
1663 3492 1761 3559 τῆς
1815 3491 1904 3544 ὲν-

296 3575 518 3641 ὡσεως.
555 3580 643 3632 Ἑν
678 3574 759 3643 οἷς
806 3579 1071 3651 ὑποφέρει
1136 3581 1218 3635 ὅτι
1258 3581 1354 3634 xui.
1386 3582 1467 3644 τὸ,
1534 3583 1639 3636 Ἐν
1664 3582 1789 3645 ὅσῳ
1833 3581 1903 3636 τὰ

2015 3493 2126 3548 lloc
2174 3509 2204 3548 a
2254 3494 2808 3565 Leone‘expressutn,
2868 3510 2975 3547 non
3031 3493 3291 3560 temporis
3341 3491 3587 3545 declara-

2010 3587 2235 3651 tionem,
2264 3588 2358 3641 sed
2384 3603 2482 3656 pro
2513 3588 2631 3652 illo,
2657 3603 2753 3656 per
2777 3587 2980 3647 omnia,
3017 3585 3300 3652 accipitur.

297 3673 737 3741 συναμφότερα
754 3675 904 3743 μετὰ
930 3674 1224 3744 ἀλλήλων
1241 3674 1413 3729 ἐστὶν
1442 3675 1752 3746 (εἰρημένον
1778 3675 1835 3729 δέ
1858 3678 1974 3732 ἐστι
2010 3679 2170 3733 τοῦτο
2205 3681 2284 3752 τῷ
2325 3681 2603 3751 ὁσιωτάτῳ
2645 3679 2865 3750 Λέοντι)
2910 3678 2973 3731 οὐ
3014 3678 3058 3709 ⁸³
3097 3677 3290 3748 χρόνου
3332 3675 3586 3751 δήλωσιν,

297 3763 426 3817 ἀλλ’
452 3765 574 3817 ἀντὶ
614 3763 709 3818 τοῦ
737 3764 825 3817 διὰ
856 3766 1059 3827 παντὸς
1093 3764 1606 3835 παραλαμϐάνεται.

379 3852 651 3924 Τέταρτον
688 3852 742 3904 δὲ
789 3853 1084 3921 κεφάλαιον
1116 3856 1195 3917 εἰς
1228 3853 1436 3923 μέμψιν
1481 3855 1634 3926 παρὰ
1661 3854 1772 3908 τῶν
1823 3856 1909 3908 αἰ-

309 3942 546 4012 ρετικῶν
605 3942 875 4013 προταθὲν
933 3942 1229 3997 ἀνεύθυνον
1280 3943 1565 4007 παντελῶς
1614 3944 1908 4013 ἀποφαίνει

301 4032 400 4087 διὰ
452 4033 550 4103 τῆς
600 4034 793 4104 ὁμοίας
848 4033 1097 4103 μεθόδου,
1151 4034 1338 4102 φωνὰς
1386 4034 1793 4104 συμϐαινούσας
1828 4034 1907 4106 τῷ

302 4123 612 4178 αἰτιαθέντι
644 4124 987 4194 παρατιθεὶς,
1019 4118 1109 4189 αἷς
1144 4126 1174 4178 ὁ
1214 4125 1375 4196 χορὸς
1402 4125 1513 4179 τῶν
1558 4127 1728 4194 ἁγίων
1747 4116 1908 4196 ἡμῶν

301 4217 574 4287 Πατέρων
612 4216 850 4287 χρῆσθαι
896 4215 1139 4271 εἰώθασι.
1185 4217 1260 4269 Τὸ
1296 4217 1354 4271 δὲ
1397 4217 1693 4286 κεφάλαιον
1729 4217 1907 4285 φωναὶ

308 4310 416 4381 μέν
447 4311 554 4361 εἰσι
584 4309 679 4361 τού
711 4309 770 4360 ὲν
811 4309 992 4377 ἁγίοις
1034 4308 1263 4370 Λέοντος
1284 4347 1300 4373 ,
1346 4306 1565 4377 λέγουσι
1603 4308 1659 4361 δὲ
1689 4308 1863 4360 ταῦτα
1887 4324 1904 4343 ο

310 4397 403 4454 Τὼ
438 4398 556 4468 μὲν
585 4399 824 4452 κλαίειν
854 4398 971 4467 τὴν·
996 4400 1361 4468 βεϐαιότητα
1394 4398 1504 4469 τῆς
1533 4400 1722 4455 αὑτοῦ
1756 4415 1905 4467 σαρ-

306 4491 421 4557 κὸς
483 4490 870 4545 ἐπεδείκνυτο
893 4532 910 4556 ,
968 4490 1048 4557 τῷ
1104 4492 1175 4546 δὲ
1223 4491 1569 4560 ἀναστῆσαι
1627 4492 1779 4561 πρὸς
1833 4493 1901 4547 τὸ

307 4579 620 4649 κέλευσμα
649 4578 759 4649 τῆς
785 4579 975 4635 αὐτοῦ
1012 4580 1219 4650 φωνῆς
1242 4581 1359 4650 τὴν
1382 4582 1687 4650 ἄχραντον
1710 4581 1899 4638 αὐτοῦ

312 4672 560 4738 θεότητα
584 4670 828 4735 ἐδήλου.
864 4670 1038 4737 Ἐνὸς
1064 4672 1110 4703 ⁸³
1137 4671 1207 4725 δὲ
1230 4673 1329 4726 καί
1356 4674 1463 4728 τοῦ
1491 4672 1677 4728 αὐτοῦ
1705 4673 1898 4743 ἀμφό-

309 4778 451 4830 τερα
486 4762 821 4831 πέπρακταί
850 4779 915 4817 τε
943 4763 1043 4816 καὶ
1069 4764 1372 4819 λέλεκται.

380 4854 639 4925 Πέμπτον
679 4855 737 4908 δὲ
768 4856 939 4927 λαϐὴν
977 4856 1342 4928 προταθείσαν
1382 4859 1533 4927 παρὰ
1574 4858 1683 4913 τῶν
1715 4858 1895 4912 αὐτῶν

307 4947 606 5017 αἰρετικῶν
665 4949 805 5002 κατὰ
870 4948 1063 5018 φωνῶν
1117 4950 1318 5020 ὁμοίων
1372 4951 1467 5004 τοῦ
1526 4950 1690 5005 αὐτοῦ
1746 4950 1893 5022 ἱεροῦ

310 5036 507 5106 ἀνδρὸς
531 5037 621 5092 διὰ
646 5039 745 5109 τῆς
769 5041 961 5109 ὁμοίας
991 5040 1345 5112 ἐπιρραπίζει
1373 5041 1618 5111 μεθόδου.
1652 5042 1810 5094 Ἐστι
1837 5041 1894 5093 δὲ

311 5129 345 5195 ἠ
373 5127 717 5198 φωνὴοηοία
745 5131 932 5199 φύσις
960 5130 1358 5201 διαπέπαρται
1386 5131 1510 5197 τοῖς
1535 5133 1706 5201 ἣλοις
1732 5130 1896 5197 ἐντῷ

304 5215 418 5271 τοῦ
496 5219 767 5288 σταυροῦ
835 5219 1006 5286 ξύλῳ
1075 5219 1181 5274 τοῦ
1248 5224 1749 5292 προσ-πεπηγότος
1817 5220 1898 5289 τῷ

2088 3857 2354 3924 Quartum
2388 3869 2519 3909 vero
2548 3864 2712 3924 caput
2744 3864 2937 3910 contra
2973 3854 3451 3923 reprehensionem
3485 3854 3590 3907 inc-

2011 3950 2332 4004 reticorum.
2366 3947 2717 4001 Innocentem
2770 3960 3161 4017 usquequaque
3205 3944 3446 4000 ostendit
3491 3961 3588 4014 per

2012 4037 2248 4094 sitnilem
2282 4037 2618 4103 methodum,
2645 4050 2807 4091 voces
2837 4051 2969 4091 vero
2994 4036 3395 4091 consentientes
3428 4052 3591 4091 accu-

2010 4138 2129 4183 sato
2157 4127 2445 4197 adjiciens,
2476 4128 2677 4196 quibus
2726 4136 2785 4180 ut
2818 4127 2959 4181 solet
3004 4136 3318 4181 sanctorum
3364 4125 3587 4180 Patrum

2009 4229 2183 4274 coetus
2240 4218 2429 4273 utitur.
2483 4218 2597 4273 Hoc
2640 4228 2819 4272 autem
2871 4228 3032 4286 caput
3086 4220 3249 4274 verba
3305 4219 3419 4287 ipsa
3460 4228 3591 4274 sunt

2008 4308 2209 4364 Leonis
2232 4309 2372 4381 (69),
2407 4325 2527 4380 qua:
2557 4310 2637 4366 sic
2667 4310 2783 4366 fere
2824 4310 3065 4365 habent:
3108 4308 3268 4375 Fletu
3296 4313 3472 4364 carnis
3507 4328 3591 4365 ve-

2006 4403 2220 4457 ritatem
2260 4402 2509 4465 ostendit,
2542 4404 2893 4457 resurremisse
2922 4418 3038 4456 vero
3052 4404 3121 4455 ad
3152 4403 3289 4457 vocis
3310 4404 3588 4471 imperium

2006 4491 2297 4559 Lazarum,
2349 4492 2744 4546 immaculatum
2798 4495 2914 4562 ejus
2944 4492 3281 4559 _divinitatem
3325 4492 3584 4545 declarat.

2008 4584 2087 4639 Ab
2119 4600 2225 4639 uno
2257 4586 2396 4639 enim
2422 4596 2644 4655 utraque
2675 4597 2722 4639 et
2749 4586 2891 4638 dicta
2914 4594 2964 4638 et
2994 4584 3160 4652 facta.

2073 4848 2334 4916 Quintum
2368 4863 2496 4903 vero
2532 4848 2909 4903 haereticorum
2956 4857 3273 4919 praetextum
3325 4849 3585 4920 alferens,

2003 4954 2194 4998 contra
2250 4956 2444 4996 vocum
2495 4940 2905 4996 similitudinem
2945 4941 3186 5010 ejusdem
3219 4944 3323 4999 viri
3381 4947 3584 5009 sancti,

2002 5052 2101 5106 per
2131 5036 2363 5091 similem
2404 5036 2725 5090 methodum
2769 5035 2986 5089 refellit.
3024 5035 3197 5089 Verba
3229 5035 3373 5091 illius
3406 5046 3534 5091 sunt
3566 5054 3581 5089 :

2006 5130 2196 5194 Qualis
2242 5139 2440 5183 natura
2472 5130 2630 5183 clavis
2678 5131 2832 5200 afﬁxa
2881 5130 2935 5183 in
2974 5130 3171 5203 247a
3227 5130 3371 5201 ligno
3413 5138 3582 5183 crucis

2005 5233 2277 5289 compacta
2310 5223 2505 5275 cruce?
2554 5220 2663 5276 Hoc
2699 5222 2915 5291 quidem
2946 5223 3125 5291 capite
3150 5232 3203 5276 et
3242 5221 3435 5276 Isidori
3466 5239 3582 5275 tuo-

1604 5358 1842 5414 VAIUA‘J
1875 5359 2279 5417 LECTIONES.

392 5517 441 5549 ⁸⁸
467 5514 675 5589 ταύτην
696 5516 828 5589 add.
994 5518 1040 5550 δ’
1067 5516 1370 5589 ὁρθοδοξεῖν
1407 5538 1464 5584 ς.

305 5588 578 5658 Scaliger.
631 5585 640 5589 ⁷
668 5586 712 5619 ⁸³
744 5587 884 5659 ἑνὸς]
920 5589 1049 5657 παρ’
1070 5585 1189 5651 ἑνὸς
1218 5589 1470 5647 Rothom.

1562 5521 1605 5551 ⁸ο
1623 5520 1774 5591 αὐτῷ
1803 5524 1898 5575 καὶ
1954 5524 2006 5576 τὸ
2040 5524 2292 5597 δεύτερον
2327 5528 2391 5580 Α.

2522 5529 2560 5559 ⁶¹
2602 5528 2776 5601 θείας]
2810 5530 2958 5599 ἱερᾶς
2989 5547 3047 5594 ς.
3143 5529 3187 5560 ⁶²
3218 5526 3306 5600 οὑ]
3347 5524 3408 5580 οὐ
3441 5525 3576 5594 πρὸς

1830 5681 2066 5741 NOTAE.

383 5773 500 5849 (69)
533 5772 712 5845 Supra
732 5775 846 5832 haec
868 5772 1067 5832 Leonis
1095 5776 1258 5832 verba
1291 5777 1357 5832 ab
1391 5774 1614 5846 Eulogio
1664 5774 1982 5830 aﬂ'eruntur.
