4004 6434
532 302 647 366 953
1693 296 1959 359 ΡΗΟΤΙΙ
1986 295 2113 357 ΡΛἸ

2144 294 2491 356 summa
2523 294 2633 355 CP.
3647 304 3725 370 9m

538 414 699 469 nacbi
735 411 891 477 clari,
931 410 1279 467 Alexandrini
1335 409 1495 465 domo
1552 417 1609 465 et
1659 409 1802 464 inter
1847 409 2106 480 praesules

2149 414 2183 470 Α
2209 406 2489 477 σταυρῷ;
2530 409 2589 461 ἐν
2618 403 2795 476 τούτῳ
2823 403 2900 477 τῷ
2932 403 3213 476 κεφαλαίῳ
3253 404 3347 459 καὶ
3369 404 3491 479 [406
3522 408 3606 482 IL]
3632 413 3730 469 Ἰσι.

532 504 788 569 illustris,
816 503 1075 574 epistolas
1119 502 1324 572 aliquot
1368 503 1437 557 de
1481 502 1666 557 multis
1717 502 1959 565 adducit,
1987 517 2107 571 quae

2204 500 2377 571 δώρου
2406 498 2501 554 τοῦ
2545 499 2606 552 ἐν
2641 498 2930 569 μονάζουσι
2977 497 3339 569 περιϐλέπτου
3373 499 3734 574 (Ἀλεξανδρεὺς

530 609 628 666 per
656 595 839 650 omnia
865 596 1197 650 conveniunt
1227 609 1349 649 cum
1381 595 1475 659 iis,
1504 608 1623 663 qua:
1647 601 1708 649 ut
1746 592 1913 664 impia
1943 593 2109 649 haere-

2205 590 2262 644 δὲ
2288 591 2350 643 τὸ
2377 590 2534 658 γένος
2558 581 2713 651 οὗτος
2731 583 2821 657 ἦν,
2850 584 2947 640 καὶ
2971 588 3084 650 τοῖς
3113 584 3459 659 ἀρχιερεῦσιν
3483 588 3734 661 αἰδέσιμος)

533 686 625 742 tici
654 685 979 741 calumniari
1010 685 1214 741 solent.

2206 681 2495 751 διαφόρους
2525 680 2585 746 ἐξ
2613 679 2916 734 ἐπιστολῶν
2949 679 3222 750 διαφόρων
3258 680 3476 751 χρήσεις
3510 682 3737 751 ἐπιφέρει,

2207 775 2263 828 αἲ
2287 775 2428 828 κατά
2459 775 2635 828 πάντα
2658 772 3021 844 συμϐαίνουσι
3044 775 3163 836 ταῖς
3189 773 3340 845 παρὰ
3359 773 3467 827 τῶν
3491 776 3742 845 αίρετικῶν

2207 868 2284 933 ὡς
2311 869 2410 921 οὐκ
2439 867 2688 921 εὐσεϐέσι
2717 868 3271 951 συκοφαντομμέναις.

600 963 781 1033 Atque
820 965 872 1018 in
922 964 1008 1019 his
1036 964 1253 1034 quidem
1292 965 1525 1036 epistola
1568 966 1634 1021 ad
1665 964 1961 1021 Zenobium
1990 979 2112 1020 ver-

2294 960 2437 1013 Ἀλλ’
2470 958 2646 1011 ταῦτα
2678 960 2778 1029 μὲν
2837 959 2870 1030 ἡ
2926 958 3064 1029 πρὸς
3120 958 3376 1028 Ζηνόϐιον
3424 958 3660 1032 ἐπιστολὴ
3690 964 3744 1018 τὰ

531 1069 702 1114 satur.
758 1059 891 1113 Alite
947 1058 1013 1112 ad
1067 1058 1430 1114 Justinianum
1494 1060 1879 1128 imperatorem
1932 1060 2112 1113 missae

2211 1050 2481 1118 κεφάλαια
2512 1051 2671 1103 πόνον
2694 1052 2952 1104 ἐποιεῖτο.
2988 1050 3215 1120 Ἔτεραι
3261 1051 3319 1103 δὲ
3355 1052 3504 1123 αὐτῷ
3532 1055 3652 1123 πρὸς
3673 1057 3744 1110 τὸν

531 1151 727 1205 litterae
761 1168 774 1202 :
815 1150 929 1203 haec
968 1150 1184 1217 quidem
1225 1150 1368 1205 illius
1405 1152 1658 1219 pietatem
1700 1150 2109 1217 commendans,

2214 1144 2438 1214 βασιλέα
2482 1142 2859 1195 Ἰουστινιανὸν
2918 1142 3223 1212 γράφονται
3283 1143 3577 1207 ἐπιστολαὶ,
3611 1147 3747 1217 ἡμὲν

532 1239 623 1293 illa
662 1254 790 1294 vero
828 1242 894 1292 de
924 1237 1206 1291 monachis
1232 1238 1503 1308 religiosis
1540 1252 1783 1292 eremum
1816 1235 2107 1290 incolenti-

2212 1235 2376 1290 αὐτοῦ
2428 1234 2526 1305 τὴν
2579 1234 2865 1287 εὐσέϐειαν
2926 1232 3325 1304 ἀποδεχομένη,
3379 1235 3413 1305 ή
3443 1234 3499 1287 δέ
3528 1235 3748 1307 ἀσκητῶν

534 1334 635 1388 bus
686 1332 903 1401 pietatis
947 1330 1319 1391 testimonium
1372 1329 1706 1384 luculentum
1762 1330 1876 1383 dat.
1930 1327 2114 1383 Tertia

2212 1343 2376 1380 τινων
2411 1325 2651 1379 εὐσεϐῶν
2700 1326 2800 1396 τὴν
2823 1325 3028 1396 ἔρημον
3064 1325 3360 1379 οἰκούντων
3390 1326 3750 1398 διαμαρτυρίαν

531 1437 661 1476 vero
690 1422 942 1475 Anthimi
999 1420 1280 1491 synodalia
1312 1431 1570 1475 accurate
1598 1421 1665 1475 de
1702 1420 1822 1474 ﬁdei
1855 1419 2112 1491 dogmati-

2215 1416 2355 1487 ὑπὲρ
2412 1416 2693 1479 εὐσεϐείας
2762 1417 3198 1488 προτεινομένη,
3260 1417 3423 1487 ἑτέρα
3472 1417 3525 1470 δὲ
3575 1418 3636 1471 τὰ
3675 1422 3748 1473 τοῦ

528 1516 651 1577 bus,
680 1522 734 1567 et
773 1513 935 1565 missa
974 1519 1029 1565 et
1069 1513 1273 1579 scripta
1305 1527 1426 1565 esse
1467 1511 1740 1575 ostendit;
1777 1509 1943 1563 altera
1983 1525 2109 1564 vero

2228 1508 2482 1577 Ἀνθίμου
2550 1508 2804 1562 συνοδικά
2865 1508 3007 1563 κατά
3060 1508 3161 1579 τὴν
3217 1507 3501 1579 ἀκρίϐειαν
3552 1509 3649 1561 τῶν
3674 1512 3751 1580 τῆς

529 1607 598 1660 ad
640 1607 812 1674 ipsum
868 1605 1103 1676 mittitur
1148 1605 1465 1658 Anthimum
1503 1614 1626 1671 post
1674 1602 1979 1674 synodalia,
2018 1618 2110 1657 eo-

2230 1601 2559 1671 Ἐκκλησίας
2588 1601 2875 1671 δογμάτων
2924 1600 3150 1666 ἀξιοῦσα
3174 1602 3573 1671 διατυπωθῆναί
3605 1619 3656 1655 τε
3681 1604 3752 1656 καὶ

528 1715 647 1753 rum
676 1698 1039 1752 laudationem
1076 1712 1181 1750 non
1220 1711 1512 1759 excusans,
1555 1696 1710 1764 quasi
1762 1696 1895 1749 nihil
1923 1695 2109 1749 Autbi-

2171 1753 2190 1764 ‘
2218 1692 2613 1763 ἀποσταλῆναι.
2667 1692 2839 1761 Ἄλλη
2907 1693 2964 1745 δὲ
3018 1693 3152 1762 πρὸς
3177 1691 3339 1744 αὐτὸν
3392 1691 3482 1743 τὸν
3531 1692 3752 1760 ’Λνθιμον

527 1791 601 1844 mi
630 1788 923 1857 impietatis
968 1787 1020 1839 in
1058 1786 1124 1840 iis
1164 1793 1442 1856 appareat,
1491 1782 1597 1836 nisi
1641 1782 1783 1849 quod
1819 1781 2108 1836 minutissi-

2173 1753 2193 1809 ⁸
2226 1787 2367 1855 μετά
2419 1752 2499 1837 τὰ.
2535 1784 2791 1838 συνοδικά
2826 1752 3231 1846 ’στέλλεταινδῆ
3266 1782 3407 1854 [καὶ]
3458 1782 3553 1853 τὴν
3572 1752 3754 1837 ἐκείνων

529 1892 641 1943 me,
683 1885 739 1929 et
806 1874 1218 1929 accuratissime
1256 1872 1572 1926 Anthimum
1633 1871 1870 1940 postulet
1918 1873 2110 1941 recipi;

2222 1876 2496 1947 ἀποδοχὴν
2527 1877 2587 1930 οὐ
2617 1878 3056 1947 παραιτουμένη,
3087 1877 3182 1930 ἀτε
3221 1876 3386 1946 μηδὲν
3417 1878 3473 1928 ἐν
3496 1878 3662 1940 αὐτοῖς
3680 1879 3752 1930 τοῦ

526 1969 811 2041 Eutychen
842 1977 895 2021 et
926 1967 1189 2037 Eutychis
1220 1966 1474 2036 dogmata
1510 1965 1997 2019 excommunicari.

2236 1968 2497 2037 ’Λνθίμου
2522 1969 2923 2039 ἐμφανίσαντος
2960 1970 3059 2040 τῆς
3096 1968 3437 2031 δυσσεϐείας,
3469 1968 3600 2037 πλὴν
3620 1986 3752 2039 προσ-

526 2066 700 2120 θεῖναι
718 2064 809 2121 τὸν
838 2064 1102 2133 Ἀνθιμον
1161 2062 1365 2127 ἐξαιτεῖ
1394 2060 1896 2133 λεπτομερέστερόν
1927 2077 1987 2114 τε
2020 2062 2113 2116 καὶ
2148 2064 2545 2136 ἀκριϐέστερον
2604 2066 2823 2137 Εὐτυχῆ
2846 2082 2904 2119 τε
2937 2069 3032 2119 καὶ
3080 2066 3150 2120 τά
3222 2065 3493 2136 Εὐτυχοῦς
3555 2067 3756 2135 δόγματα.

939 2156 1148 2210 έεσθαι.

525 2158 609 2223 εἰς
627 2158 875 2229 ἀνάθεμα
904 2157 1148 2210 θέεσθαι.

599 2250 833 2304 Mittitur
862 2256 919 2303 et
953 2248 1019 2302 ad
1047 2246 1411 2301 Domitianum
1442 2244 1694 2316 epistola,
1724 2243 1818 2314 qui
1849 2242 2106 2311 incidens,

2295 2240 2425 2313 [780
2453 2240 2548 2313 8.]
2566 2240 2774 2312 Γράφει
2797 2241 2853 2293 δὲ
2871 2242 2967 2293 καὶ
2989 2239 3125 2311 πρὸς
3146 2236 3472 2310 Δομετιανὸν
3487 2235 3746 2309 ἐπιστολὴν,

526 2342 811 2405 utseribit,
838 2340 890 2394 in
913 2338 1031 2408 ejus
1051 2339 1295 2408 quaedam
1320 2338 1509 2404 verba,
1528 2336 1777 2391 turbatus
1804 2345 1889 2390 est
1915 2345 2107 2401 mente,

2224 2329 2283 2394 ὃς
2316 2331 2552 2401 ἐντυχὼν
2569 2330 2666 2402 (ὡς
2685 2332 2747 2384 τὸ
2768 2331 3006 2402 γράμμα
3031 2330 3202 2401 λέγει)
3228 2329 3440 2402 ῥήμασί
3464 2346 3571 2382 τισι
3592 2327 3674 2381 τοῦ
3685 2331 3756 2381 ἀν-

527 2441 584 2487 et
621 2434 755 2488 solvi
777 2432 1166 2487 dubitationem
1188 2430 1485 2499 exoptavit.
1515 2427 1687 2484 Verba
1721 2438 1900 2484 autem
1934 2437 2062 2483 sunt
2097 2444 2108 2482 :

2224 2421 2350 2490 δρὸς
2382 2422 2711 2493 διεταράχθη
2767 2438 2828 2475 τε
2859 2422 2985 2485 τούς
3019 2421 3318 2491 λογισμοὺς
3361 2420 3456 2473 καὶ
3480 2417 3754 2487 ἐπιλυθῆναι

536 2521 661 2577 Νοη
689 2530 859 2593 potest
894 2538 1119 2589 persona
1149 2536 1410 2589 personw,
1438 2537 1543 2590 qua
1575 2536 1799 2589 persona
1833 2530 1930 2587 est,
1950 2518 2117 2583 uniri,

2227 2516 2326 2585 τὴν
2354 2516 2590 2586 ἀπορίαν
2618 2515 2877 2587 ἐζήτησε.
2934 2515 3017 2568 Τά
3061 2514 3118 2568 δὲ
3163 2511 3750 2591 ρήματανέλεγεταῠτα·

527 2623 585 2666 ut
629 2611 817 2665 Petrus
843 2622 891 2663 et
928 2609 1133 2664 Paulus
1163 2628 1322 2664 unam
1351 2613 1687 2680 eamdemque
1703 2627 1981 2679 personam
2004 2625 2108 2663 con-

2235 2611 2357 2662 Οὐκ
2385 2610 2557 2663 ἐστιν
2591 2608 2937 2662 ὑπόστασιν
2963 2608 3305 2662 ὑποστάσει
3355 2604 3637 2672 ἐνωθῆναι
3657 2602 3755 2658 καθ’

527 2705 767 2770 stituere,
803 2704 892 2757 sed
920 2720 1081 2773 neque
1110 2704 1405 2756 substantia
1450 2720 1568 2756 cum
1611 2703 1780 2756 altera
1807 2703 2103 2755 substantia

2227 2702 2593 2764 ὑπόστασιν,
2615 2697 2746 2755 οἷον
2795 2700 3041 2754 Παῦλον
3074 2701 3175 2754 καὶ
3210 2699 3441 2768 Πέτρον
3470 2699 3609 2767 μίαν
3637 2698 3753 2752 ὑπό-

529 2805 589 2849 ut
613 2812 707 2864 per
756 2812 872 2850 eam
907 2797 1017 2849 alia
1045 2796 1303 2862 subsistit,
1356 2796 1413 2848 in
1461 2795 1789 2849 identitatem
1815 2794 2110 2848 substantia

2225 2809 2447 2846 στασιν
2463 2793 2829 2847 ἀποτελέσαι
2872 2792 3193 2847 ἀδύνατον.
3238 2791 3404 2848 Ἀλλ’
3420 2790 3557 2844 οὐδὲ
3580 2788 3755 2844 οὐσίαν

528 2888 809 2941 convenire
838 2902 856 2940 :
894 2898 971 2953 ut,
1025 2887 1190 2939 animi
1224 2896 1271 2939 et
1312 2887 1547 2953 corporis
1575 2895 1793 2951 natura,
1832 2901 1991 2938 unam
2025 2900 2109 2937 nor

2223 2884 2395 2951 ἑτέρᾳ
2428 2885 2609 2952 οὐσίᾳ
2639 2885 2705 2948 ⁸⁸,
2736 2883 2885 2938 καθὸ
2916 2884 3293 2952 ἐτεροούσια,
3332 2884 3420 2949 είς
3475 2880 3754 2947 ταυτότητι]

527 2988 699 3047 potest
729 2978 978 3047 per/icere
1009 2989 1280 3045 naturam,
1321 2978 1425 3030 nisi
1454 2979 1572 3047 quis
1603 2978 1739 3047 forte
1768 2979 1825 3031 in
1854 2992 2108 3029 communt

2223 2973 2546 3027 συνελθεῖν
2567 2975 2808 3039 οὐσίας,
2840 2964 2972 3029 οἷον
3010 2974 3221 3043 ψυχῆς
3270 2976 3371 3029 καί
3403 2974 3658 3043 σώματος
3678 2974 3752 3026 οὐ·

533 3069 668 3140 quid
696 3070 835 3139 quod
883 3070 1096 3138 afferat,
1126 3070 1414 3123 secundum
1443 3068 1565 3121 illas
1608 3077 1657 3122 et
1690 3067 1835 3136 prius
1871 3068 2012 3120 uniri
2042 3066 2114 3118 in-

2171 3135 2185 3140 _
2231 3066 2378 3119 σίιιν
2401 3068 2552 3135 μίαν
2609 3068 2832 3121 οὐσίαν
2891 3068 3258 3122 ἀποτελέσαι
3301 3068 3348 3100 ⁸⁸
3388 3064 3752 3137 ἀμήχανον.εί

528 3163 691 3216 vicem
732 3162 947 3215 minime
971 3164 1313 3225 conducebat,
1347 3170 1403 3214 ut
1428 3162 1567 3230 quod
1600 3161 1655 3213 in
1703 3169 1998 3213 creaturam
2020 3159 2109 3226 [er-

2171 3135 2191 3191 Ῑ
2219 3134 2539 3225 μήπωνᾶρα
2562 3174 2654 3222 τις
2685 3161 2771 3224 εις
2789 3159 3111 3225 κοινότητά
3149 3177 3286 3214 τινα
3314 3134 3542 3227 satisro
3582 3159 3752 3227 ἀνάγῃ,

529 3266 640 3317 tur,
672 3256 747 3306 vel
772 3257 889 3317 hoc,
922 3256 975 3307 in
1023 3265 1275 3322 tempore,
1301 3255 1378 3308 vel
1404 3255 1622 3307 similia.
1666 3253 1817 3308 Tunc
1839 3253 1976 3306 enim
2012 3267 2110 3304 non

2223 3249 2351 3303 καθ’
2382 3248 2463 3317 ἢν
2490 3250 2590 3303 καὶ
2620 3252 2763 3318 πρὶν
2781 3251 3075 3320 ἐνωθῆναι
3098 3253 3396 3322 ἀλλήλων
3413 3256 3483 3308 οὐ
3506 3252 3750 3322 διέφερον,

527 3346 754 3410 amplius
786 3349 1006 3401 diversa:
1058 3359 1263 3402 natura:
1301 3348 1355 3400 in
1386 3363 1544 3401 unam
1595 3356 1841 3399 naturam
1864 3360 2108 3398 convene-

2223 3333 2357 3391 οἷον
2384 3339 2451 3391 τὸ
2484 3341 2526 3370 ⁸⁷
2556 3342 2643 3405 εἰς
2670 3340 2736 3393 τὸ
2756 3341 3004 3395 κτιστὸν
3044 3342 3335 3411 ἀναφέροι
3362 3345 3401 3412 ἢ
3428 3344 3493 3397 τὸ
3520 3345 3626 3398 ὑπὸ
3650 3343 3751 3412 χρό-

527 3446 676 3489 runt.
712 3437 818 3492 Sed
845 3455 964 3508 qua:
1000 3438 1190 3494 habent
1236 3439 1548 3494 substantia:
1589 3439 1653 3492 ab
1685 3439 1838 3491 initio
1889 3437 2108 3492 consub-

2223 3445 2338 3484 νον
2363 3430 2400 3498 ἢ
2428 3430 2500 3484 τὰ
2534 3431 2724 3501 ὅμοια.
2781 3435 2919 3488 Τότε
2964 3436 3074 3503 γὰρ
3124 3437 3330 3489 οὐκέτι
3366 3432 3750 3506 ἑτεξοοούοἰαιί⁸

526 3530 948 3585 stantialitatem
1019 3533 1398 3586 communitate
1478 3533 1708 3603 quadam
1785 3530 2107 3601 longissima,

2222 3521 2426 3574 οὐσίαι
2460 3523 2547 3588 εὶς
2585 3522 2629 3554 ⁸⁸
2652 3525 2803 3592 μίαν
2831 3527 3052 3579 οὐσίαν
3080 3525 3419 3596 συνῆλθον,
3446 3528 3578 3583 ἀλλ’
3604 3530 3655 3584 al
3676 3526 3751 3580 ἀπ’

526 3619 669 3674 idem
713 3621 805 3689 jus
854 3631 1025 3677 tenere
1064 3625 1328 3678 videntur.
1384 3623 1514 3691 Qua:
1562 3625 1705 3679 enim
1752 3624 2107 3677 Domitianum

2223 3609 2416 3679 ἀρχῆς
2466 3612 2721 3681 ἔχουσαι
2771 3616 2973 3669 οὐσίαι
3004 3617 3072 3670 τὸ
3123 3620 3452 3687 όμοούσιον
3498 3616 3639 3672 κατὰ
3667 3615 3753 3681 τὴν

530 3713 777 3778 turbant,
814 3724 868 3768 et
929 3730 1159 3781 quorum
1205 3717 1499 3785 exoptabat
1542 3715 1889 3778 solutionem,
1928 3722 1982 3768 et
2020 3727 2111 3766 na-

2224 3705 2580 3773 πορῤωτάτω
2632 3709 2947 3786 κοινότητα
2981 3709 3047 3762 τὸ
3089 3710 3235 3763 αὐτὸ
3263 3711 3661 3780 φυλάττουσαι
3678 3710 3752 3762 ἐπ-

527 3816 651 3861 ctus
682 3814 821 3872 erat,
857 3808 972 3862 haec
1002 3816 1180 3862 erant.
1216 3805 1458 3861 Primum
1489 3808 1706 3877 quidem
1737 3822 1842 3861 non
1878 3804 2108 3860 incredi-

2223 3795 2685 3865 εδείχθησαν.Ἃ
2707 3795 2909 3868 μὲνοῦν
2937 3800 3029 3853 τὸν
3051 3801 3385 3871 Δομετιανὸν
3411 3802 3660 3875 ἐθορύϐει,
3685 3799 3752 3855 καὶ

528 3898 622 3953 bili
667 3912 918 3953 sermone
978 3898 1375 3954 dubitationem
1415 3901 1749 3970 aggreditur.
1807 3899 2015 3953 Deinde
2063 3908 2109 3951 et

2222 3882 2299 3942 ὧν
2330 3891 2427 3959 τὴν
2456 3889 2613 3943 λύσιν
2670 3892 2927 3960 ἐπεζήτει
2958 3880 3053 3947 καὶ
3095 3893 3254 3964 ἔτυχε
3276 3933 3292 3959 ,
3346 3894 3520 3951 ταῦτα
3555 3891 3645 3966 ἦν·
3668 3897 3692 3946 ὁ
3712 3892 3752 3944 δὲ

529 4001 629 4056 per
684 3997 1000 4041 sanctorum
1046 3987 1271 4041 Patrum
1329 4003 1491 4044 voces
1520 3990 1739 4060 propria
1768 4005 1833 4044 ac
1872 3988 2110 4058 subjecta

2224 3977 2442 4044 πρῶτον
2475 3978 2576 4050 μὲν
2601 3980 2703 4033 οὐκ
2718 3981 2967 4053 ἀπιθάνῳ
2987 3982 3233 4053 λογισμῷ
3262 3985 3363 4055 τὴν
3396 3985 3752 4056 ἀμφισϐήτησιν

527 4079 694 4132 verba
742 4087 890 4132 recte
935 4078 1358 4134 concluduntur.
1404 4079 1475 4136 Et
1518 4081 1634 4136 haec
1660 4081 1876 4151 quidem
1923 4089 2108 4136 tractat

2223 4072 2600 4141 περιέρχεται,
2660 4070 2779 4125 εἶτα
2829 4074 2887 4127 δὲ
2926 4075 3019 4128 καὶ
3044 4074 3133 4128 διὰ
3159 4075 3270 4130 τῶν
3297 4078 3583 4148 Πατρικῶν
3604 4074 3751 4143 φωνῶν

535 4166 769 4239 epistola
804 4167 873 4222 ad
914 4165 1307 4225 Domitianum.

2223 4160 2292 4213 τὰ
2322 4161 2497 4214 οἰκεῖα
2551 4164 2648 4216 καὶ
2704 4164 3043 4235 προκείμενα
3094 4166 3276 4231 καλῶς
3304 4168 3450 4238 ἐχειν
3476 4165 3751 4238 βεϐαιοίρή-

2226 4270 2393 4322 ματα.
2424 4254 2536 4308 Καὶ
2560 4256 2595 4326 ἡ
2634 4254 2735 4327 μὲν
2782 4256 2919 4327 πρὸς
2970 4259 3303 4328 Δομετιανὸν
3336 4259 3589 4330 ἐπιστολὴ
3619 4257 3751 4311 ταῦτα

2224 4342 2514 4394 ἔπραττεν.

2255 4359 2514 4413 πραττεν.

602 4430 790 4486 Altera
845 4443 978 4484 vero
1022 4429 1089 4484 ad
1138 4428 1428 4499 quemdam
1471 4431 1860 4503 Syncleticum,
1898 4433 2116 4489 nomine
2148 4489 2183 4511 ἢ

2169 4490 2194 4511 Χ
2302 4433 2472 4504 ’Ἄλλη
2520 4434 2579 4488 δὲ
2623 4435 2759 4507 πρὸς
2805 4436 3181 4508 Συγκλητικὸν
3220 4435 3750 4511 τούνομα(Ταρσοῦδὲ

530 4522 899 4595 (Tarsensem)
959 4489 1253 4589 scribitur,
1305 4489 1588 4594 proferens
1650 4535 1705 4580 et
1760 4489 1953 4598 247i:
2007 4526 2109 4581 ista

2167 4489 2195 4549 )
2223 4489 2631 4598 μητροπολίτην
2663 4489 2825 4583 ἀύτὸν
2871 4489 2946 4583 τὸν
3233 4489 3748 4603 -εξιοέῖὲῖοξτξῖιῖτὲέται,

533 4614 957 4684 disputationem
1013 4629 1136 4668 cum
1177 4615 1488 4685 Acephalis.
1529 4617 1645 4684 Qua
1672 4626 1813 4686 {post
1856 4618 2108 4671 unionem

2218 4617 2310 4670 τὸν
2337 4619 2524 4686 ἀγῶνα
2554 4619 2649 4673 καὶ
2677 4620 2817 4690 αὐτὴ
2838 4621 2930 4675 τὸν
2949 4623 2994 4654 ⁷⁸
3018 4624 3161 4677 κατά
3180 4625 3289 4679 τῶν
3323 4626 3626 4695 Ἀκεφάλων
3648 4625 3750 4691 Προ-

536 4716 894 4801 agnoscentes
942 4716 1191 4760 naturam
1242 4705 1433 4762 Patres
1466 4708 1710 4775 adducit,
1756 4718 1812 4763 et
1843 4724 2109 4777 nusquam

2218 4708 2446 4776 ἀγουσα.
2465 4710 2552 4762 Ἐν
2639 4711 2777 4781 μετά
2796 4714 2892 4783 τὴν
2920 4713 3115 4769 ἕνωσιν
3138 4717 3237 4779 τὰς
3266 4716 3458 4784 φύσεις
3479 4719 3596 4779 τοὺς
3616 4710 3750 4767 Πατέ-

534 4812 631 4868 per
660 4798 783 4853 illos
815 4797 990 4851 'ullam
1033 4812 1390 4866 personarum
1440 4802 1717 4866 unionem,
1756 4814 1931 4870 neque
1972 4800 2110 4854 divi-

2222 4816 2323 4869 ρας
2357 4802 2595 4871 παράγει
2620 4802 3010 4872 γνωρίζοντας,
3067 4806 3163 4859 καὶ
3207 4806 3446 4877 οὐδαμοῦ
3481 4808 3565 4861 διὰ
3592 4804 3751 4861 ταύτας

534 4903 673 4955 sam,
715 4902 892 4957 neque
919 4901 1255 4959 separatam.
1287 4890 1355 4945 Et
1387 4892 1698 4947 testimonia
1733 4893 1872 4946 idem
1904 4904 2112 4946 testan-

2221 4890 2347 4945 οὐτε
2398 4892 2499 4963 τὴν
2552 4893 2675 4947 καθ’
2735 4896 3037 4951 ὑπόστασιν
3066 4898 3260 4952 ἕνωσιν
3297 4900 3423 4953 οὐτε
3459 4896 3751 4969 τεμνομένην

535 4982 610 5031 tia
643 4978 1015 5048 proieruntur,
1047 4981 1254 5052 Cyrilli,
1290 4982 1534 5051 inquam,
1558 4983 1805 5053 Gregorii
1833 4982 2110 5052 Theologi,

2219 4979 2341 5034 οὐτε
2364 4980 2629 5053 διαίρεσιν
2662 4985 2755 5038 καὶ
2777 4985 3046 5057 διχασμὸν
3072 4987 3475 5058 ὑπομένουσαν.
3506 4989 3610 5042 Καὶ
3638 5001 3750 5057 μαρ-

532 5081 590 5124 et
649 5069 904 5134 aliorum,
934 5070 1140 5141 Deique
1172 5072 1439 5138 Ecclesia,
1464 5088 1760 5143 omnesque
1784 5077 1918 5129 adeo
1945 5074 2112 5128 Chal-

2218 5072 2405 5143 τυρίαι
2439 5074 2604 5127 πάλιν
2622 5076 2985 5148 προέρχονται
3005 5078 3325 5149 βεϐαιοῦσαι
3347 5082 3409 5134 τὸ
3438 5079 3752 5153 προκείμενον

531 5162 858 5218 cedonensis
902 5165 1096 5234 synodi
1145 5164 1357 5230 Patres,
1408 5182 1572 5220 unum
1616 5166 1899 5221 Trinitatis
1944 5165 2109 5221 Deum

2220 5165 2492 5236 Κυρίλλου
2521 5186 2579 5222 τε
2604 5169 2701 5222 καὶ
2749 5171 2842 5224 τοῦ
2872 5171 3122 5240 θεολόγου
3164 5174 3468 5247 Γρηγορίου
3499 5172 3753 5241 autem»!

531 5247 771 5305 Verbum
820 5250 1165 5307 incarnatum
1210 5262 1264 5307 et
1300 5253 1575 5309 hominem
1607 5269 1728 5310 esse
1752 5256 1977 5321 factum,
2010 5272 2109 5311 cu-

2219 5258 2506 5328 Πατὲρων.
2563 5261 2675 5314 Καὶ
2726 5262 2809 5315 ὅτι
2842 5264 2875 5332 ή
2922 5264 3216 5335 Ἐκκλησία
3258 5267 3353 5320 τοῦ
3396 5267 3527 5321 Θεοῦ
3556 5261 3753 5333 καὶήὲν

528 5340 619 5410 jus
642 5352 696 5395 et
724 5343 1022 5398 secundum
1055 5345 1365 5415 hypostasin
1396 5347 1655 5400 unitatem
1682 5357 1738 5400 et
1785 5359 2107 5413 senserunt,

2218 5348 2530 5419 Καλχηδόνι
2590 5351 2632 5382 τι
2680 5351 2897 5417 σύνοδος
2943 5354 3036 5409 τὸν
3076 5356 3174 5409 Eva
3201 5356 3332 5429 [407
3368 5358 3455 5430 ΙΙ.]
3492 5358 3584 5428 τῆς
3616 5354 3749 5423 ἀχίας

531 5443 587 5486 et
614 5432 1067 5501 praedicaverunt,
1119 5435 1465 5505 primumque
1514 5435 1609 5492 Dei
1670 5447 1901 5492 matrem
1958 5451 2108 5493 com-

2220 5441 2449 5513 Τριάδος
2488 5442 2623 5497 Θεὸν
2656 5444 2829 5512 Λόγον
2861 5445 3119 5517 ὁμολογεῖ
3147 5450 3493 5522 σαρκωθῆναι
3518 5450 3603 5503 καὶ
3628 5449 3750 5515 ὲνιξνο

1847 5553 2079 5609 VARUE
2124 5556 2537 5614 LECTIONES.

606 5640 975 5745 ἒὶσξέὶλειὲ·
1034 5644 1556 5745 .1”€“€°°.°‘%£-.
1608 5650 2689 5745 ⁶Ῑάποῖελέσαι,ίιεᾲπηξελεσθῆναιτ-
2766 5653 2951 5712 ’τοῖον
2991 5658 3074 5731 τδ]
3103 5675 3281 5718 nonne
3311 5655 3423 5714 οῖον
3443 5658 3536 5714 an
3596 5652 3744 5707 ’δετε-

538 5714 842 5781 ρούσιαις.
919 5715 964 5745 ⁶⁹
1000 5714 1103 5787 είς]
1142 5719 1191 5770 εί
1220 5714 1297 5781 εἰς
1327 5721 1392 5775 Δ.
1425 5721 1467 5752 ⁷⁰
1507 5720 1601 5775 τὸν
1626 5723 1669 5774 Α
1708 5740 1719 5775 :
1755 5722 1861 5774 τῶν
1890 5738 1950 5783 ς.
2016 5724 2055 5753 ⁷¹
2098 5723 2389 5793 χαλκηδόνι
2423 5740 2478 5786 ς.
