  <div class='ocr_page' id='page_1' title='image "/cluster/home/n/w/nwhite01/storage/ocr_20150623/103:no.3/coo.31924054870070/496.png"; bbox 0 0 4004 6432; ppageno 0'>
   <div class='ocr_carea' id='block_1_1' title="bbox 312 310 423 375">
    <p class='ocr_par' dir='ltr' id='par_1_1' title="bbox 312 310 423 375">
     <span class='ocr_line' id='line_1_1' title="bbox 312 310 423 375; baseline 0 0"><span class='ocrx_word' id='word_1_1' title='bbox 312 310 423 375; x_wconf 83' lang='lat'>965</span> 
     </span>
    </p>
   </div>
   <div class='ocr_carea' id='block_1_2' title="bbox 1336 306 2551 370">
    <p class='ocr_par' dir='ltr' id='par_1_2' title="bbox 1336 306 2551 370">
     <span class='ocr_line' id='line_1_2' title="bbox 1336 306 2551 370; baseline 0.002 -3"><span class='ocrx_word' id='word_1_2' title='bbox 1336 306 1861 368; x_wconf 84' lang='lat' dir='ltr'>BIBLIOTHECA-</span> <span class='ocrx_word' id='word_1_3' title='bbox 1892 331 1953 347; x_wconf 81' lang='lat'><strong>-</strong></span> <span class='ocrx_word' id='word_1_4' title='bbox 1992 307 2156 368; x_wconf 87' lang='lat' dir='ltr'>COD.</span> <span class='ocrx_word' id='word_1_5' title='bbox 2190 308 2551 370; x_wconf 83' lang='lat' dir='ltr'>CCXXVIII.</span> 
     </span>
    </p>
   </div>
   <div class='ocr_carea' id='block_1_3' title="bbox 3466 314 3574 377">
    <p class='ocr_par' dir='ltr' id='par_1_3' title="bbox 3466 314 3574 377">
     <span class='ocr_line' id='line_1_3' title="bbox 3466 314 3574 377; baseline 0.009 -1"><span class='ocrx_word' id='word_1_6' title='bbox 3466 314 3574 377; x_wconf 79' lang='lat'>966</span> 
     </span>
    </p>
   </div>
   <div class='ocr_carea' id='block_1_4' title="bbox 316 410 1900 493">
    <p class='ocr_par' dir='ltr' id='par_1_4' title="bbox 316 410 1889 490">
     <span class='ocr_line' id='line_1_4' title="bbox 316 410 1889 490; baseline -0.004 -15"><span class='ocrx_word' id='word_1_7' title='bbox 316 419 633 490; x_wconf 80' lang='grc' dir='ltr'>θρωπῆσαι,</span> <span class='ocrx_word' id='word_1_8' title='bbox 655 410 715 473; x_wconf 76' lang='grc' dir='ltr'>οὑ</span> <span class='ocrx_word' id='word_1_9' title='bbox 734 416 828 472; x_wconf 77' lang='grc' dir='ltr'>καὶ</span> <span class='ocrx_word' id='word_1_10' title='bbox 847 417 947 489; x_wconf 82' lang='grc' dir='ltr'>τὴν</span> <span class='ocrx_word' id='word_1_11' title='bbox 964 415 1088 471; x_wconf 88' lang='grc' dir='ltr'>καθ’</span> <span class='ocrx_word' id='word_1_12' title='bbox 1109 416 1411 471; x_wconf 81' lang='grc' dir='ltr'>ὑπόστασιν</span> <span class='ocrx_word' id='word_1_13' title='bbox 1431 413 1541 470; x_wconf 81' lang='grc' dir='ltr'>οἶδε</span> <span class='ocrx_word' id='word_1_14' title='bbox 1566 419 1661 470; x_wconf 77' lang='grc' dir='ltr'>καὶ</span> <span class='ocrx_word' id='word_1_15' title='bbox 1683 435 1753 487; x_wconf 86' lang='grc' dir='ltr'>κη</span> <span class='ocrx_word' id='word_1_16' title='bbox 1764 417 1889 485; x_wconf 90' lang='grc' dir='ltr'>ρύτ-</span> 
     </span>
    </p>
   </div>
   <div class='ocr_carea' id='block_1_5' title="bbox 2006 410 3574 493">
    <p class='ocr_par' dir='ltr' id='par_1_5' title="bbox 2006 418 3574 493">
     <span class='ocr_line' id='line_1_5' title="bbox 2006 418 3574 493; baseline 0.007 -22"><span class='ocrx_word' id='word_1_17' title='bbox 2006 420 2227 485; x_wconf 81' lang='lat' dir='ltr'><strong>pellasse</strong></span> <span class='ocrx_word' id='word_1_18' title='bbox 2278 418 2576 486; x_wconf 87' lang='lat' dir='ltr'><strong>Elisabeth,</strong></span> <span class='ocrx_word' id='word_1_19' title='bbox 2619 432 2742 473; x_wconf 85' lang='lat' dir='ltr'>cum</span> <span class='ocrx_word' id='word_1_20' title='bbox 2785 420 2863 475; x_wconf 99' lang='lat' dir='ltr'>ait</span> <span class='ocrx_word' id='word_1_21' title='bbox 2894 436 2907 474; x_wconf 88' lang='lat'><strong>:</strong></span> <span class='ocrx_word' id='word_1_22' title='bbox 2939 419 3008 474; x_wconf 81' lang='lat' dir='ltr'><strong>Et</strong></span> <span class='ocrx_word' id='word_1_23' title='bbox 3046 437 3183 476; x_wconf 77' lang='lat' dir='ltr'><strong>unae</strong></span> <span class='ocrx_word' id='word_1_24' title='bbox 3215 423 3313 477; x_wconf 82' lang='lat' dir='ltr'>hoc</span> <span class='ocrx_word' id='word_1_25' title='bbox 3335 426 3484 493; x_wconf 84' lang='lat' dir='ltr'><strong>mihi,</strong></span> <span class='ocrx_word' id='word_1_26' title='bbox 3515 439 3574 482; x_wconf 80' lang='lat' dir='ltr'>ut</span> 
     </span>
    </p>
   </div>
   <div class='ocr_carea' id='block_1_6' title="bbox 313 507 1901 579">
    <p class='ocr_par' dir='ltr' id='par_1_6' title="bbox 313 507 1901 579">
     <span class='ocr_line' id='line_1_6' title="bbox 313 507 1901 579; baseline -0.004 -13"><span class='ocrx_word' id='word_1_27' title='bbox 313 529 406 566; x_wconf 81' lang='grc' dir='ltr'>τει</span> <span class='ocrx_word' id='word_1_28' title='bbox 433 511 629 565; x_wconf 72' lang='grc' dir='ltr'>ἕνωσιν</span> <span class='ocrx_word' id='word_1_29' title='bbox 649 526 664 541; x_wconf 87' lang='grc'><strong>·</strong></span> <span class='ocrx_word' id='word_1_30' title='bbox 693 510 789 563; x_wconf 77' lang='grc' dir='ltr'>καὶ</span> <span class='ocrx_word' id='word_1_31' title='bbox 814 509 897 563; x_wconf 82' lang='grc' dir='ltr'>ὅτι</span> <span class='ocrx_word' id='word_1_32' title='bbox 925 507 1136 579; x_wconf 87' lang='grc' dir='ltr'>μητέρα</span> <span class='ocrx_word' id='word_1_33' title='bbox 1158 507 1293 561; x_wconf 86' lang='grc' dir='ltr'>Θεοῦ</span> <span class='ocrx_word' id='word_1_34' title='bbox 1318 509 1531 579; x_wconf 82' lang='grc' dir='ltr'>πρῶτον</span> <span class='ocrx_word' id='word_1_35' title='bbox 1555 508 1653 578; x_wconf 83' lang='grc' dir='ltr'>μὲν</span> <span class='ocrx_word' id='word_1_36' title='bbox 1688 509 1721 579; x_wconf 88' lang='grc' dir='ltr'>ή</span> <span class='ocrx_word' id='word_1_37' title='bbox 1765 508 1901 560; x_wconf 91' lang='grc' dir='ltr'>Ἐλι-</span> 
     </span>
    </p>
   </div>
   <div class='ocr_carea' id='block_1_7' title="bbox 314 592 1899 666">
    <p class='ocr_par' dir='ltr' id='par_1_7' title="bbox 314 592 1899 666">
     <span class='ocr_line' id='line_1_7' title="bbox 314 592 1899 666; baseline 0 -15"><span class='ocrx_word' id='word_1_38' title='bbox 314 600 491 656; x_wconf 86' lang='grc' dir='ltr'>σάϐετ</span> <span class='ocrx_word' id='word_1_39' title='bbox 517 599 762 664; x_wconf 81' lang='grc' dir='ltr'>ἀνεῖπεν,</span> <span class='ocrx_word' id='word_1_40' title='bbox 794 598 853 651; x_wconf 81' lang='grc' dir='ltr'>έν</span> <span class='ocrx_word' id='word_1_41' title='bbox 883 592 965 660; x_wconf 76' lang='grc' dir='ltr'>οἷς</span> <span class='ocrx_word' id='word_1_42' title='bbox 987 596 1158 665; x_wconf 74' lang='grc' dir='ltr'>λέγει’</span> <span class='ocrx_word' id='word_1_43' title='bbox 1188 596 1301 650; x_wconf 77' lang='grc' dir='ltr'>Καὶ</span> <span class='ocrx_word' id='word_1_44' title='bbox 1331 597 1519 651; x_wconf 73' lang='grc' dir='ltr'>πόθεν</span> <span class='ocrx_word' id='word_1_45' title='bbox 1542 614 1645 666; x_wconf 80' lang='grc' dir='ltr'>μοι</span> <span class='ocrx_word' id='word_1_46' title='bbox 1699 596 1899 662; x_wconf 80' lang='grc' dir='ltr'>τοῦτο,</span> 
     </span>
    </p>
   </div>
   <div class='ocr_carea' id='block_1_8' title="bbox 311 689 1899 759">
    <p class='ocr_par' dir='ltr' id='par_1_8' title="bbox 311 689 1899 759">
     <span class='ocr_line' id='line_1_8' title="bbox 311 689 1899 759; baseline -0.003 -14"><span class='ocrx_word' id='word_1_47' title='bbox 311 694 422 746; x_wconf 77' lang='grc' dir='ltr'>ἵνα</span> <span class='ocrx_word' id='word_1_48' title='bbox 458 692 497 759; x_wconf 73' lang='grc' dir='ltr'><strong><em>ἡ</em></strong></span> <span class='ocrx_word' id='word_1_49' title='bbox 524 690 737 758; x_wconf 81' lang='grc' dir='ltr'>Μήτηρ</span> <span class='ocrx_word' id='word_1_50' title='bbox 765 689 871 744; x_wconf 84' lang='grc' dir='ltr'>τοῦ</span> <span class='ocrx_word' id='word_1_51' title='bbox 903 690 1127 758; x_wconf 84' lang='grc' dir='ltr'>Κυρίου</span> <span class='ocrx_word' id='word_1_52' title='bbox 1142 706 1261 759; x_wconf 83' lang='grc' dir='ltr'>μου</span> <span class='ocrx_word' id='word_1_53' title='bbox 1301 689 1449 757; x_wconf 74' lang='grc' dir='ltr'>ἔλθῃ</span> <span class='ocrx_word' id='word_1_54' title='bbox 1472 689 1622 757; x_wconf 83' lang='grc' dir='ltr'>πρός</span> <span class='ocrx_word' id='word_1_55' title='bbox 1652 704 1771 758; x_wconf 80' lang='grc' dir='ltr'>με;</span> <span class='ocrx_word' id='word_1_56' title='bbox 1802 706 1899 741; x_wconf 83' lang='grc' dir='ltr'>σα-</span> 
     </span>
    </p>
   </div>
   <div class='ocr_carea' id='block_1_9' title="bbox 310 778 1899 855">
    <p class='ocr_par' dir='ltr' id='par_1_9' title="bbox 310 778 1899 855">
     <span class='ocr_line' id='line_1_9' title="bbox 310 778 1899 855; baseline -0.003 -19"><span class='ocrx_word' id='word_1_57' title='bbox 310 784 584 855; x_wconf 84' lang='grc' dir='ltr'>φέστερον</span> <span class='ocrx_word' id='word_1_58' title='bbox 614 781 674 834; x_wconf 83' lang='grc' dir='ltr'>δὲ</span> <span class='ocrx_word' id='word_1_59' title='bbox 693 780 803 836; x_wconf 86' lang='grc' dir='ltr'>τῶν</span> <span class='ocrx_word' id='word_1_60' title='bbox 832 780 1006 835; x_wconf 79' lang='grc' dir='ltr'>ἀλλων</span> <span class='ocrx_word' id='word_1_61' title='bbox 1038 779 1178 852; x_wconf 88' lang='grc' dir='ltr'>μετά</span> <span class='ocrx_word' id='word_1_62' title='bbox 1193 778 1368 835; x_wconf 89' lang='grc' dir='ltr'>ταῦτα</span> <span class='ocrx_word' id='word_1_63' title='bbox 1388 781 1487 849; x_wconf 80' lang='grc' dir='ltr'>τὴν</span> <span class='ocrx_word' id='word_1_64' title='bbox 1511 778 1656 844; x_wconf 81' lang='grc' dir='ltr'>λέξιν</span> <span class='ocrx_word' id='word_1_65' title='bbox 1684 779 1899 850; x_wconf 82' lang='grc' dir='ltr'>πρῶτος</span> 
     </span>
    </p>
   </div>
   <div class='ocr_carea' id='block_1_10' title="bbox 309 869 1896 944">
    <p class='ocr_par' dir='ltr' id='par_1_10' title="bbox 309 869 1896 944">
     <span class='ocr_line' id='line_1_10' title="bbox 309 869 1896 944; baseline -0.004 -15"><span class='ocrx_word' id='word_1_66' title='bbox 309 877 343 929; x_wconf 87' lang='grc' dir='ltr'>ὁ</span> <span class='ocrx_word' id='word_1_67' title='bbox 372 877 522 939; x_wconf 81' lang='grc' dir='ltr'>ὅσιος</span> <span class='ocrx_word' id='word_1_68' title='bbox 546 873 701 929; x_wconf 84' lang='grc' dir='ltr'>Λέων</span> <span class='ocrx_word' id='word_1_69' title='bbox 732 875 761 927; x_wconf 85' lang='grc' dir='ltr'><strong>ὁ</strong></span> <span class='ocrx_word' id='word_1_70' title='bbox 792 873 982 937; x_wconf 85' lang='grc' dir='ltr'>πάπας</span> <span class='ocrx_word' id='word_1_71' title='bbox 1022 874 1385 944; x_wconf 83' lang='grc' dir='ltr'>προήνεγκεν.</span> <span class='ocrx_word' id='word_1_72' title='bbox 1419 872 1507 925; x_wconf 89' lang='grc' dir='ltr'>Ἐν</span> <span class='ocrx_word' id='word_1_73' title='bbox 1530 873 1638 943; x_wconf 75' lang='grc' dir='ltr'>γὰρ</span> <span class='ocrx_word' id='word_1_74' title='bbox 1658 873 1724 942; x_wconf 78' lang='grc' dir='ltr'>τῇ</span> <span class='ocrx_word' id='word_1_75' title='bbox 1757 869 1896 940; x_wconf 84' lang='grc' dir='ltr'>πρὸς</span> 
     </span>
    </p>
   </div>
   <div class='ocr_carea' id='block_1_11' title="bbox 308 962 1903 1035">
    <p class='ocr_par' dir='ltr' id='par_1_11' title="bbox 308 962 1903 1035">
     <span class='ocr_line' id='line_1_11' title="bbox 308 962 1903 1035; baseline -0.003 -16"><span class='ocrx_word' id='word_1_76' title='bbox 308 966 411 1020; x_wconf 80' lang='grc' dir='ltr'>τὸν</span> <span class='ocrx_word' id='word_1_77' title='bbox 451 965 659 1019; x_wconf 78' lang='grc' dir='ltr'>Λέοντα</span> <span class='ocrx_word' id='word_1_78' title='bbox 704 964 797 1020; x_wconf 82' lang='grc' dir='ltr'>τὸν</span> <span class='ocrx_word' id='word_1_79' title='bbox 849 963 1074 1035; x_wconf 84' lang='grc' dir='ltr'>βασιλέα</span> <span class='ocrx_word' id='word_1_80' title='bbox 1120 962 1381 1034; x_wconf 76' lang='grc' dir='ltr'>ἐπιστολῇ</span> <span class='ocrx_word' id='word_1_81' title='bbox 1430 963 1671 1033; x_wconf 73' lang='grc' dir='ltr'>ῥήμασιν</span> <span class='ocrx_word' id='word_1_82' title='bbox 1718 963 1903 1027; x_wconf 84' lang='grc' dir='ltr'>αὐτοῖς</span> 
     </span>
    </p>
   </div>
   <div class='ocr_carea' id='block_1_12' title="bbox 2003 513 3572 589">
    <p class='ocr_par' dir='ltr' id='par_1_12' title="bbox 2003 513 3572 589">
     <span class='ocr_line' id='line_1_12' title="bbox 2003 513 3572 589; baseline 0.005 -23"><span class='ocrx_word' id='word_1_83' title='bbox 2003 524 2172 566; x_wconf 82' lang='lat' dir='ltr'><strong>mater</strong></span> <span class='ocrx_word' id='word_1_84' title='bbox 2190 513 2407 567; x_wconf 78' lang='lat' dir='ltr'>Domini</span> <span class='ocrx_word' id='word_1_85' title='bbox 2428 514 2531 568; x_wconf 82' lang='lat' dir='ltr'>mei</span> <span class='ocrx_word' id='word_1_86' title='bbox 2548 514 2719 567; x_wconf 81' lang='lat' dir='ltr'><strong>veniat</strong></span> <span class='ocrx_word' id='word_1_87' title='bbox 2743 515 2810 568; x_wconf 88' lang='lat' dir='ltr'>ad</span> <span class='ocrx_word' id='word_1_88' title='bbox 2827 531 2908 569; x_wconf 87' lang='lat' dir='ltr'>me</span> <span class='ocrx_word' id='word_1_89' title='bbox 2925 526 2947 554; x_wconf 76' lang='grc'>⁸</span> <span class='ocrx_word' id='word_1_90' title='bbox 2973 513 2996 567; x_wconf 80' lang='lat'><strong>?</strong></span> <span class='ocrx_word' id='word_1_91' title='bbox 3023 514 3234 570; x_wconf 86' lang='lat' dir='ltr'><strong>Clarius</strong></span> <span class='ocrx_word' id='word_1_92' title='bbox 3257 532 3384 573; x_wconf 73' lang='lat' dir='ltr'><strong>vero</strong></span> <span class='ocrx_word' id='word_1_93' title='bbox 3411 536 3572 589; x_wconf 88' lang='lat' dir='ltr'><strong>quam</strong></span> 
     </span>
    </p>
   </div>
   <div class='ocr_carea' id='block_1_13' title="bbox 2004 603 3575 676">
    <p class='ocr_par' dir='ltr' id='par_1_13' title="bbox 2004 603 3575 676">
     <span class='ocr_line' id='line_1_13' title="bbox 2004 603 3575 676; baseline 0.006 -19"><span class='ocrx_word' id='word_1_94' title='bbox 2004 605 2094 657; x_wconf 89' lang='lat' dir='ltr'>alii</span> <span class='ocrx_word' id='word_1_95' title='bbox 2143 613 2328 673; x_wconf 88' lang='lat' dir='ltr'><strong>postea</strong></span> <span class='ocrx_word' id='word_1_96' title='bbox 2368 603 2509 659; x_wconf 91' lang='lat' dir='ltr'><strong>hanc</strong></span> <span class='ocrx_word' id='word_1_97' title='bbox 2558 618 2746 658; x_wconf 81' lang='lat' dir='ltr'><strong>vocem</strong></span> <span class='ocrx_word' id='word_1_98' title='bbox 2780 606 3002 673; x_wconf 73' lang='lat' dir='ltr'>protulit</span> <span class='ocrx_word' id='word_1_99' title='bbox 3048 605 3160 660; x_wconf 87' lang='lat' dir='ltr'>Leo</span> <span class='ocrx_word' id='word_1_100' title='bbox 3190 609 3453 676; x_wconf 79' lang='lat' dir='ltr'><strong>pontifex.</strong></span> <span class='ocrx_word' id='word_1_101' title='bbox 3493 611 3575 666; x_wconf 81' lang='lat' dir='ltr'><strong>Ad</strong></span> 
     </span>
    </p>
   </div>
   <div class='ocr_carea' id='block_1_14' title="bbox 1999 693 3576 761">
    <p class='ocr_par' dir='ltr' id='par_1_14' title="bbox 1999 693 3576 761">
     <span class='ocr_line' id='line_1_14' title="bbox 1999 693 3576 761; baseline 0.002 -14"><span class='ocrx_word' id='word_1_102' title='bbox 1999 693 2233 749; x_wconf 80' lang='lat' dir='ltr'>Leonem</span> <span class='ocrx_word' id='word_1_103' title='bbox 2267 693 2409 749; x_wconf 90' lang='lat' dir='ltr'><strong>enim</strong></span> <span class='ocrx_word' id='word_1_104' title='bbox 2448 693 2830 761; x_wconf 72' lang='lat' dir='ltr'>imperatorem</span> <span class='ocrx_word' id='word_1_105' title='bbox 2874 696 2955 749; x_wconf 91' lang='lat' dir='ltr'>sic</span> <span class='ocrx_word' id='word_1_106' title='bbox 2988 695 3215 750; x_wconf 85' lang='lat' dir='ltr'><strong>scribit:</strong></span> <span class='ocrx_word' id='word_1_107' title='bbox 3255 693 3576 750; x_wconf 79' lang='lat' dir='ltr'><strong>Excommu-</strong></span> 
     </span>
    </p>
   </div>
   <div class='ocr_carea' id='block_1_15' title="bbox 2000 784 3579 854">
    <p class='ocr_par' dir='ltr' id='par_1_15' title="bbox 2000 784 3579 854">
     <span class='ocr_line' id='line_1_15' title="bbox 2000 784 3579 854; baseline 0.002 -15"><span class='ocrx_word' id='word_1_108' title='bbox 2000 786 2204 839; x_wconf 82' lang='lat' dir='ltr'><strong>nicetur</strong></span> <span class='ocrx_word' id='word_1_109' title='bbox 2254 784 2538 839; x_wconf 73' lang='lat' dir='ltr'><strong>Nestorius</strong></span> <span class='ocrx_word' id='word_1_110' title='bbox 2599 784 2814 838; x_wconf 79' lang='lat' dir='ltr'><strong>credens</strong></span> <span class='ocrx_word' id='word_1_111' title='bbox 2859 784 3089 838; x_wconf 84' lang='lat' dir='ltr'><strong>Mariam</strong></span> <span class='ocrx_word' id='word_1_112' title='bbox 3150 803 3254 840; x_wconf 85' lang='lat' dir='ltr'>non</span> <span class='ocrx_word' id='word_1_113' title='bbox 3307 787 3425 854; x_wconf 83' lang='lat' dir='ltr'><strong>Dei,</strong></span> <span class='ocrx_word' id='word_1_114' title='bbox 3482 788 3579 842; x_wconf 70' lang='lat' dir='ltr'>sed</span> 
     </span>
    </p>
   </div>
   <div class='ocr_carea' id='block_1_16' title="bbox 2005 873 3576 955">
    <p class='ocr_par' dir='ltr' id='par_1_16' title="bbox 2005 873 3576 955">
     <span class='ocr_line' id='line_1_16' title="bbox 2005 873 3576 955; baseline 0.004 -28"><span class='ocrx_word' id='word_1_115' title='bbox 2005 874 2231 955; x_wconf 80' lang='lat' dir='ltr'><strong>hominis</strong></span> <span class='ocrx_word' id='word_1_116' title='bbox 2270 874 2526 928; x_wconf 74' lang='lat' dir='ltr'><strong>duntaxat</strong></span> <span class='ocrx_word' id='word_1_117' title='bbox 2544 890 2655 929; x_wconf 77' lang='lat' dir='ltr'><strong>esse</strong></span> <span class='ocrx_word' id='word_1_118' title='bbox 2696 873 3101 940; x_wconf 81' lang='lat' dir='ltr'><strong>Genilricem,et</strong></span> <span class='ocrx_word' id='word_1_119' title='bbox 3134 877 3248 931; x_wconf 62' lang='lat' dir='ltr'><strong>haec</strong></span> <span class='ocrx_word' id='word_1_120' title='bbox 3275 879 3494 947; x_wconf 89' lang='lat' dir='ltr'><strong>quidem</strong></span> <span class='ocrx_word' id='word_1_121' title='bbox 3523 879 3576 934; x_wconf 91' lang='lat' dir='ltr'>in</span> 
     </span>
    </p>
   </div>
   <div class='ocr_carea' id='block_1_17' title="bbox 2001 963 2513 1034">
    <p class='ocr_par' dir='ltr' id='par_1_17' title="bbox 2001 963 2513 1034">
     <span class='ocr_line' id='line_1_17' title="bbox 2001 963 2513 1034; baseline 0 -16"><span class='ocrx_word' id='word_1_122' title='bbox 2001 963 2241 1034; x_wconf 84' lang='lat' dir='ltr'><strong>subjecta</strong></span> <span class='ocrx_word' id='word_1_123' title='bbox 2263 965 2513 1031; x_wconf 87' lang='lat' dir='ltr'><strong>epistola.</strong></span> 
     </span>
    </p>
   </div>
   <div class='ocr_carea' id='block_1_18' title="bbox 307 1056 3578 1134">
    <p class='ocr_par' dir='ltr' id='par_1_18' title="bbox 307 1056 3578 1134">
     <span class='ocr_line' id='line_1_18' title="bbox 307 1056 3578 1134; baseline 0.003 -20"><span class='ocrx_word' id='word_1_124' title='bbox 307 1061 494 1125; x_wconf 76' lang='grc' dir='ltr'>οὕτως</span> <span class='ocrx_word' id='word_1_125' title='bbox 518 1059 749 1129; x_wconf 74' lang='grc' dir='ltr'>γράφει*</span> <span class='ocrx_word' id='word_1_126' title='bbox 794 1056 1326 1126; x_wconf 76' lang='grc' dir='ltr'>Ἀναθεματιζέσθω</span> <span class='ocrx_word' id='word_1_127' title='bbox 1370 1058 1689 1123; x_wconf 85' lang='grc' dir='ltr'>Νεστόριος</span> <span class='ocrx_word' id='word_1_128' title='bbox 1718 1059 1749 1111; x_wconf 83' lang='grc' dir='ltr'><em>ὁ</em></span> <span class='ocrx_word' id='word_1_129' title='bbox 1773 1057 1887 1123; x_wconf 78' lang='grc' dir='ltr'>τὴν</span> <span class='ocrx_word' id='word_1_130' title='bbox 1931 1059 2232 1128; x_wconf 79' lang='grc' dir='ltr'>μακαρίαν</span> <span class='ocrx_word' id='word_1_131' title='bbox 2297 1059 2398 1112; x_wconf 80' lang='grc' dir='ltr'>καί</span> <span class='ocrx_word' id='word_1_132' title='bbox 2472 1062 2759 1116; x_wconf 78' lang='grc' dir='ltr'>θεοτόκον</span> <span class='ocrx_word' id='word_1_133' title='bbox 2833 1063 3067 1131; x_wconf 77' lang='grc' dir='ltr'>Μαρίαν</span> <span class='ocrx_word' id='word_1_134' title='bbox 3103 1066 3240 1134; x_wconf 81' lang='grc' dir='ltr'>οὐχί</span> <span class='ocrx_word' id='word_1_135' title='bbox 3276 1065 3383 1119; x_wconf 88' lang='grc' dir='ltr'>τοῦ</span> <span class='ocrx_word' id='word_1_136' title='bbox 3429 1070 3578 1125; x_wconf 78' lang='grc' dir='ltr'>Θεοῦ</span> 
     </span>
    </p>
   </div>
   <div class='ocr_carea' id='block_1_19' title="bbox 308 1144 3122 1226">
    <p class='ocr_par' dir='ltr' id='par_1_19' title="bbox 308 1144 3122 1226">
     <span class='ocr_line' id='line_1_19' title="bbox 308 1144 3122 1226; baseline 0.002 -22"><span class='ocrx_word' id='word_1_137' title='bbox 308 1150 635 1221; x_wconf 70' lang='grc' dir='ltr'>ἀνθρώπου</span> <span class='ocrx_word' id='word_1_138' title='bbox 651 1150 719 1202; x_wconf 82' lang='grc' dir='ltr'>δὲ</span> <span class='ocrx_word' id='word_1_139' title='bbox 735 1151 927 1218; x_wconf 81' lang='grc' dir='ltr'>μόνον</span> <span class='ocrx_word' id='word_1_140' title='bbox 956 1150 1257 1203; x_wconf 74' lang='grc' dir='ltr'>πιστεύων</span> <span class='ocrx_word' id='word_1_141' title='bbox 1278 1144 1431 1202; x_wconf 80' lang='grc' dir='ltr'>εἶναι</span> <span class='ocrx_word' id='word_1_142' title='bbox 1454 1149 1699 1217; x_wconf 81' lang='grc' dir='ltr'>μητέρα.</span> <span class='ocrx_word' id='word_1_143' title='bbox 1734 1148 1893 1202; x_wconf 74' lang='grc' dir='ltr'>Ἀλλά</span> <span class='ocrx_word' id='word_1_144' title='bbox 1928 1150 2101 1204; x_wconf 82' lang='grc' dir='ltr'>ταῦτα</span> <span class='ocrx_word' id='word_1_145' title='bbox 2140 1150 2239 1221; x_wconf 84' lang='grc' dir='ltr'>μὲν</span> <span class='ocrx_word' id='word_1_146' title='bbox 2273 1151 2370 1204; x_wconf 78' lang='grc' dir='ltr'>καὶ</span> <span class='ocrx_word' id='word_1_147' title='bbox 2402 1152 2435 1223; x_wconf 85' lang='grc' dir='ltr'>ή</span> <span class='ocrx_word' id='word_1_148' title='bbox 2470 1154 2809 1224; x_wconf 77' lang='grc' dir='ltr'>προκειμένη</span> <span class='ocrx_word' id='word_1_149' title='bbox 2841 1155 3122 1226; x_wconf 79' lang='grc' dir='ltr'>ἐπιστολή.</span> 
     </span>
    </p>
   </div>
   <div class='ocr_carea' id='block_1_20' title="bbox 387 1243 1901 1317">
    <p class='ocr_par' dir='ltr' id='par_1_20' title="bbox 387 1243 1901 1317">
     <span class='ocr_line' id='line_1_20' title="bbox 387 1243 1901 1317; baseline -0.001 -17"><span class='ocrx_word' id='word_1_150' title='bbox 387 1246 595 1317; x_wconf 84' lang='grc' dir='ltr'>Γράφει</span> <span class='ocrx_word' id='word_1_151' title='bbox 632 1246 689 1298; x_wconf 83' lang='grc' dir='ltr'>δὲ</span> <span class='ocrx_word' id='word_1_152' title='bbox 716 1247 744 1298; x_wconf 87' lang='grc' dir='ltr'>ὁ</span> <span class='ocrx_word' id='word_1_153' title='bbox 776 1244 937 1307; x_wconf 77' lang='grc' dir='ltr'>αὐτὸς</span> <span class='ocrx_word' id='word_1_154' title='bbox 998 1244 1252 1314; x_wconf 76' lang='grc' dir='ltr'>καὶπρὸς</span> <span class='ocrx_word' id='word_1_155' title='bbox 1288 1243 1570 1313; x_wconf 74' lang='grc' dir='ltr'>’Λνθιμιον</span> <span class='ocrx_word' id='word_1_156' title='bbox 1601 1243 1901 1298; x_wconf 80' lang='grc' dir='ltr'>ἐπίσκοπον</span> 
     </span>
    </p>
   </div>
   <div class='ocr_carea' id='block_1_21' title="bbox 318 1328 1901 1408">
    <p class='ocr_par' dir='ltr' id='par_1_21' title="bbox 318 1328 1901 1408">
     <span class='ocr_line' id='line_1_21' title="bbox 318 1328 1901 1408; baseline -0.001 -20"><span class='ocrx_word' id='word_1_157' title='bbox 318 1333 758 1407; x_wconf 73' lang='grc' dir='ltr'>Τραπεζοῦντος,</span> <span class='ocrx_word' id='word_1_158' title='bbox 784 1335 841 1387; x_wconf 79' lang='grc' dir='ltr'>ἐν</span> <span class='ocrx_word' id='word_1_159' title='bbox 917 1334 1009 1387; x_wconf 89' lang='grc' dir='ltr'>τόν</span> <span class='ocrx_word' id='word_1_160' title='bbox 1045 1351 1104 1386; x_wconf 85' lang='grc' dir='ltr'>τε</span> <span class='ocrx_word' id='word_1_161' title='bbox 1143 1333 1368 1405; x_wconf 81' lang='grc' dir='ltr'>βασιλέα</span> <span class='ocrx_word' id='word_1_162' title='bbox 1414 1333 1784 1388; x_wconf 78' lang='grc' dir='ltr'>Ἰουστινιανὺν</span> <span class='ocrx_word' id='word_1_163' title='bbox 1803 1334 1901 1405; x_wconf 86' lang='grc' dir='ltr'>τῆς</span> 
     </span>
    </p>
   </div>
   <div class='ocr_carea' id='block_1_22' title="bbox 315 1425 1900 1496">
    <p class='ocr_par' dir='ltr' id='par_1_22' title="bbox 315 1425 1900 1496">
     <span class='ocr_line' id='line_1_22' title="bbox 315 1425 1900 1496; baseline -0.002 -15"><span class='ocrx_word' id='word_1_164' title='bbox 315 1426 607 1490; x_wconf 86' lang='grc' dir='ltr'>εὐσεϐείας</span> <span class='ocrx_word' id='word_1_165' title='bbox 628 1425 979 1496; x_wconf 82' lang='grc' dir='ltr'>ἀποδέχεται,</span> <span class='ocrx_word' id='word_1_166' title='bbox 1009 1426 1104 1479; x_wconf 76' lang='grc' dir='ltr'>καὶ</span> <span class='ocrx_word' id='word_1_167' title='bbox 1132 1425 1224 1478; x_wconf 85' lang='grc' dir='ltr'>τὸν</span> <span class='ocrx_word' id='word_1_168' title='bbox 1282 1425 1517 1496; x_wconf 85' lang='grc' dir='ltr'>δυστυχῆ</span> <span class='ocrx_word' id='word_1_169' title='bbox 1548 1425 1763 1496; x_wconf 81' lang='grc' dir='ltr'>Εὐτυχῆ</span> <span class='ocrx_word' id='word_1_170' title='bbox 1801 1426 1900 1494; x_wconf 79' lang='grc' dir='ltr'>τὴν</span> 
     </span>
    </p>
   </div>
   <div class='ocr_carea' id='block_1_23' title="bbox 310 1520 1900 1593">
    <p class='ocr_par' dir='ltr' id='par_1_23' title="bbox 310 1520 1900 1593">
     <span class='ocr_line' id='line_1_23' title="bbox 310 1520 1900 1593; baseline -0.001 -18"><span class='ocrx_word' id='word_1_171' title='bbox 310 1521 645 1593; x_wconf 78' lang='grc' dir='ltr'>καθαίρεσιν</span> <span class='ocrx_word' id='word_1_172' title='bbox 673 1521 993 1591; x_wconf 88' lang='grc' dir='ltr'>ὑποστῆναι,</span> <span class='ocrx_word' id='word_1_173' title='bbox 1009 1520 1142 1573; x_wconf 89' lang='grc' dir='ltr'>διότι</span> <span class='ocrx_word' id='word_1_174' title='bbox 1167 1521 1242 1591; x_wconf 86' lang='grc' dir='ltr'>μὴ</span> <span class='ocrx_word' id='word_1_175' title='bbox 1276 1521 1534 1591; x_wconf 79' lang='grc' dir='ltr'>ἠνέσχετο</span> <span class='ocrx_word' id='word_1_176' title='bbox 1557 1521 1652 1574; x_wconf 90' lang='grc' dir='ltr'>δύο</span> <span class='ocrx_word' id='word_1_177' title='bbox 1684 1522 1900 1591; x_wconf 83' lang='grc' dir='ltr'>φύσεων</span> 
     </span>
    </p>
   </div>
   <div class='ocr_carea' id='block_1_24' title="bbox 312 1610 1902 1682">
    <p class='ocr_par' dir='ltr' id='par_1_24' title="bbox 312 1610 1902 1682">
     <span class='ocr_line' id='line_1_24' title="bbox 312 1610 1902 1682; baseline 0.001 -18"><span class='ocrx_word' id='word_1_178' title='bbox 312 1611 518 1665; x_wconf 73' lang='grc' dir='ltr'>ἕνωσιν</span> <span class='ocrx_word' id='word_1_179' title='bbox 552 1610 732 1679; x_wconf 79' lang='grc' dir='ltr'>λέγειν</span> <span class='ocrx_word' id='word_1_180' title='bbox 754 1612 812 1664; x_wconf 79' lang='grc' dir='ltr'>ἐν</span> <span class='ocrx_word' id='word_1_181' title='bbox 855 1613 953 1682; x_wconf 87' lang='grc' dir='ltr'>μιᾷ</span> <span class='ocrx_word' id='word_1_182' title='bbox 991 1611 1312 1678; x_wconf 83' lang='grc' dir='ltr'>ὑποστάσει,</span> <span class='ocrx_word' id='word_1_183' title='bbox 1344 1611 1686 1676; x_wconf 88' lang='grc' dir='ltr'>διατείνεται,</span> <span class='ocrx_word' id='word_1_184' title='bbox 1722 1613 1902 1665; x_wconf 84' lang='grc' dir='ltr'>καίτοι</span> 
     </span>
    </p>
   </div>
   <div class='ocr_carea' id='block_1_25' title="bbox 310 1702 1897 1774">
    <p class='ocr_par' dir='ltr' id='par_1_25' title="bbox 310 1702 1897 1774">
     <span class='ocr_line' id='line_1_25' title="bbox 310 1702 1897 1774; baseline 0.001 -18"><span class='ocrx_word' id='word_1_185' title='bbox 310 1720 387 1772; x_wconf 88' lang='grc' dir='ltr'>γε</span> <span class='ocrx_word' id='word_1_186' title='bbox 414 1703 626 1771; x_wconf 83' lang='grc' dir='ltr'>τρανῶς</span> <span class='ocrx_word' id='word_1_187' title='bbox 651 1702 760 1756; x_wconf 86' lang='grc' dir='ltr'>τῶν</span> <span class='ocrx_word' id='word_1_188' title='bbox 805 1703 1083 1774; x_wconf 85' lang='grc' dir='ltr'>θεοφόρων</span> <span class='ocrx_word' id='word_1_189' title='bbox 1129 1704 1392 1774; x_wconf 88' lang='grc' dir='ltr'>Πατέρων</span> <span class='ocrx_word' id='word_1_190' title='bbox 1423 1704 1578 1774; x_wconf 83' lang='grc' dir='ltr'>ἡμῶν</span> <span class='ocrx_word' id='word_1_191' title='bbox 1618 1704 1779 1757; x_wconf 82' lang='grc' dir='ltr'>τοῦτο</span> <span class='ocrx_word' id='word_1_192' title='bbox 1813 1704 1897 1757; x_wconf 85' lang='grc' dir='ltr'>δο-</span> 
     </span>
    </p>
   </div>
   <div class='ocr_carea' id='block_1_26' title="bbox 308 1794 1897 1866">
    <p class='ocr_par' dir='ltr' id='par_1_26' title="bbox 308 1794 1897 1866">
     <span class='ocr_line' id='line_1_26' title="bbox 308 1794 1897 1866; baseline -0.001 -18"><span class='ocrx_word' id='word_1_193' title='bbox 308 1794 697 1866; x_wconf 77' lang='grc' dir='ltr'>γματιζόντων</span> <span class='ocrx_word' id='word_1_194' title='bbox 746 1811 807 1847; x_wconf 90' lang='grc' dir='ltr'>τε</span> <span class='ocrx_word' id='word_1_195' title='bbox 860 1794 955 1848; x_wconf 82' lang='grc' dir='ltr'>καὶ</span> <span class='ocrx_word' id='word_1_196' title='bbox 985 1796 1502 1865; x_wconf 77' lang='grc' dir='ltr'>ἀνακηρυττόντων·</span> <span class='ocrx_word' id='word_1_197' title='bbox 1539 1794 1656 1848; x_wconf 87' lang='grc' dir='ltr'>ἀλλ’</span> <span class='ocrx_word' id='word_1_198' title='bbox 1691 1796 1897 1848; x_wconf 77' lang='grc' dir='ltr'>ἐκεῖνον</span> 
     </span>
    </p>
   </div>
   <div class='ocr_carea' id='block_1_27' title="bbox 309 1884 1901 1956">
    <p class='ocr_par' dir='ltr' id='par_1_27' title="bbox 309 1884 1901 1956">
     <span class='ocr_line' id='line_1_27' title="bbox 309 1884 1901 1956; baseline 0 -18"><span class='ocrx_word' id='word_1_199' title='bbox 309 1886 412 1938; x_wconf 81' lang='grc' dir='ltr'>τὸν</span> <span class='ocrx_word' id='word_1_200' title='bbox 436 1884 755 1955; x_wconf 75' lang='grc' dir='ltr'>παράφορον</span> <span class='ocrx_word' id='word_1_201' title='bbox 783 1884 859 1954; x_wconf 83' lang='grc' dir='ltr'>μὴ</span> <span class='ocrx_word' id='word_1_202' title='bbox 877 1884 1188 1955; x_wconf 85' lang='grc' dir='ltr'>ἀνέχεσθαι,</span> <span class='ocrx_word' id='word_1_203' title='bbox 1211 1885 1345 1939; x_wconf 83' lang='grc' dir='ltr'>ἀλλά</span> <span class='ocrx_word' id='word_1_204' title='bbox 1367 1888 1431 1939; x_wconf 85' lang='grc' dir='ltr'>ὲκ</span> <span class='ocrx_word' id='word_1_205' title='bbox 1450 1885 1543 1938; x_wconf 92' lang='grc' dir='ltr'>δύο</span> <span class='ocrx_word' id='word_1_206' title='bbox 1566 1886 1665 1956; x_wconf 83' lang='grc' dir='ltr'>μὲν</span> <span class='ocrx_word' id='word_1_207' title='bbox 1685 1886 1901 1955; x_wconf 85' lang='grc' dir='ltr'>φύσεων</span> 
     </span>
    </p>
   </div>
   <div class='ocr_carea' id='block_1_28' title="bbox 310 1975 1901 2048">
    <p class='ocr_par' dir='ltr' id='par_1_28' title="bbox 310 1975 1901 2048">
     <span class='ocr_line' id='line_1_28' title="bbox 310 1975 1901 2048; baseline 0.001 -19"><span class='ocrx_word' id='word_1_208' title='bbox 310 1975 643 2046; x_wconf 84' lang='grc' dir='ltr'>γεγενῆσθαι</span> <span class='ocrx_word' id='word_1_209' title='bbox 698 1977 788 2029; x_wconf 85' lang='grc' dir='ltr'>τὸν</span> <span class='ocrx_word' id='word_1_210' title='bbox 840 1976 1062 2045; x_wconf 83' lang='grc' dir='ltr'>Κύριον,</span> <span class='ocrx_word' id='word_1_211' title='bbox 1116 1977 1255 2048; x_wconf 87' lang='grc' dir='ltr'>μετά</span> <span class='ocrx_word' id='word_1_212' title='bbox 1286 1978 1343 2030; x_wconf 82' lang='grc' dir='ltr'>δὲ</span> <span class='ocrx_word' id='word_1_213' title='bbox 1377 1977 1475 2048; x_wconf 87' lang='grc' dir='ltr'>τὴν</span> <span class='ocrx_word' id='word_1_214' title='bbox 1497 1977 1689 2030; x_wconf 76' lang='grc' dir='ltr'>ἕνωσιν</span> <span class='ocrx_word' id='word_1_215' title='bbox 1717 1978 1901 2031; x_wconf 87' lang='grc' dir='ltr'>οὐκέτι</span> 
     </span>
    </p>
   </div>
   <div class='ocr_carea' id='block_1_29' title="bbox 310 2066 1901 2139">
    <p class='ocr_par' dir='ltr' id='par_1_29' title="bbox 310 2066 1901 2139">
     <span class='ocr_line' id='line_1_29' title="bbox 310 2066 1901 2139; baseline 0.001 -17"><span class='ocrx_word' id='word_1_216' title='bbox 310 2068 415 2122; x_wconf 85' lang='grc' dir='ltr'>δύο</span> <span class='ocrx_word' id='word_1_217' title='bbox 435 2068 555 2121; x_wconf 81' lang='grc' dir='ltr'>οὐδὲ</span> <span class='ocrx_word' id='word_1_218' title='bbox 587 2067 645 2121; x_wconf 84' lang='grc' dir='ltr'>έν</span> <span class='ocrx_word' id='word_1_219' title='bbox 666 2066 758 2120; x_wconf 91' lang='grc' dir='ltr'>δύο</span> <span class='ocrx_word' id='word_1_220' title='bbox 784 2066 1169 2139; x_wconf 77' lang='grc' dir='ltr'>γνωρίζεσθαι,</span> <span class='ocrx_word' id='word_1_221' title='bbox 1205 2068 1334 2139; x_wconf 89' lang='grc' dir='ltr'>μίαν</span> <span class='ocrx_word' id='word_1_222' title='bbox 1361 2069 1417 2123; x_wconf 86' lang='grc' dir='ltr'>δὲ</span> <span class='ocrx_word' id='word_1_223' title='bbox 1454 2068 1616 2138; x_wconf 90' lang='grc' dir='ltr'>φύσιν</span> <span class='ocrx_word' id='word_1_224' title='bbox 1646 2071 1784 2139; x_wconf 84' lang='grc' dir='ltr'>μετὰ</span> <span class='ocrx_word' id='word_1_225' title='bbox 1803 2069 1901 2139; x_wconf 81' lang='grc' dir='ltr'>τὴν</span> 
     </span>
    </p>
   </div>
   <div class='ocr_carea' id='block_1_30' title="bbox 311 2156 1901 2232">
    <p class='ocr_par' dir='ltr' id='par_1_30' title="bbox 311 2156 1901 2232">
     <span class='ocr_line' id='line_1_30' title="bbox 311 2156 1901 2232; baseline -0.001 -16"><span class='ocrx_word' id='word_1_226' title='bbox 311 2162 519 2216; x_wconf 74' lang='grc' dir='ltr'>ἕνωσιν</span> <span class='ocrx_word' id='word_1_227' title='bbox 545 2159 961 2232; x_wconf 86' lang='grc' dir='ltr'>τερατεύεσθαι.</span> <span class='ocrx_word' id='word_1_228' title='bbox 1011 2156 1106 2224; x_wconf 78' lang='grc' dir='ltr'>Οἷς</span> <span class='ocrx_word' id='word_1_229' title='bbox 1159 2164 1471 2230; x_wconf 86' lang='grc' dir='ltr'>συμφωνεῖν</span> <span class='ocrx_word' id='word_1_230' title='bbox 1515 2162 1779 2231; x_wconf 83' lang='grc' dir='ltr'>διελέγχει</span> <span class='ocrx_word' id='word_1_231' title='bbox 1808 2162 1901 2214; x_wconf 82' lang='grc' dir='ltr'>καὶ</span> 
     </span>
    </p>
   </div>
   <div class='ocr_carea' id='block_1_31' title="bbox 310 2251 1901 2324">
    <p class='ocr_par' dir='ltr' id='par_1_31' title="bbox 310 2251 1901 2324">
     <span class='ocr_line' id='line_1_31' title="bbox 310 2251 1901 2324; baseline 0 -17"><span class='ocrx_word' id='word_1_232' title='bbox 310 2256 421 2321; x_wconf 80' lang='grc' dir='ltr'>τὴν</span> <span class='ocrx_word' id='word_1_233' title='bbox 443 2253 749 2324; x_wconf 80' lang='grc' dir='ltr'>λῃστρικὴν</span> <span class='ocrx_word' id='word_1_234' title='bbox 811 2253 871 2305; x_wconf 82' lang='grc' dir='ltr'>έν</span> <span class='ocrx_word' id='word_1_235' title='bbox 910 2251 1124 2323; x_wconf 87' lang='grc' dir='ltr'>Ἐφέσῳ</span> <span class='ocrx_word' id='word_1_236' title='bbox 1152 2252 1391 2317; x_wconf 86' lang='grc' dir='ltr'>σύνοδον,</span> <span class='ocrx_word' id='word_1_237' title='bbox 1424 2253 1607 2315; x_wconf 88' lang='grc' dir='ltr'>αὐτοῖς</span> <span class='ocrx_word' id='word_1_238' title='bbox 1640 2252 1901 2307; x_wconf 81' lang='grc' dir='ltr'>εἰποῦσαν</span> 
     </span>
    </p>
   </div>
   <div class='ocr_carea' id='block_1_32' title="bbox 313 2342 1897 2416">
    <p class='ocr_par' dir='ltr' id='par_1_32' title="bbox 313 2342 1897 2416">
     <span class='ocr_line' id='line_1_32' title="bbox 313 2342 1897 2416; baseline -0.011 0"><span class='ocrx_word' id='word_1_239' title='bbox 313 2347 532 2416; x_wconf 66' lang='grc' dir='ltr'>ῥήμασι</span> <span class='ocrx_word' id='word_1_240' title='bbox 567 2359 583 2375; x_wconf 84' lang='grc'><strong><em>⁸</em></strong></span> <span class='ocrx_word' id='word_1_241' title='bbox 632 2343 872 2408; x_wconf 76' lang='grc' dir='ltr'>Τούτοις</span> <span class='ocrx_word' id='word_1_242' title='bbox 911 2342 1010 2398; x_wconf 77' lang='grc' dir='ltr'>καὶ</span> <span class='ocrx_word' id='word_1_243' title='bbox 1032 2342 1204 2412; x_wconf 72' lang='grc' dir='ltr'>ἡμεῖς</span> <span class='ocrx_word' id='word_1_244' title='bbox 1232 2343 1457 2410; x_wconf 83' lang='grc' dir='ltr'>πάντες</span> <span class='ocrx_word' id='word_1_245' title='bbox 1481 2346 1897 2413; x_wconf 76' lang='grc' dir='ltr'>συντιθέμεθα.</span> 
     </span>
    </p>
   </div>
   <div class='ocr_carea' id='block_1_33' title="bbox 316 2436 1901 2508">
    <p class='ocr_par' dir='ltr' id='par_1_33' title="bbox 316 2436 1901 2508">
     <span class='ocr_line' id='line_1_33' title="bbox 316 2436 1901 2508; baseline -0.003 -15"><span class='ocrx_word' id='word_1_246' title='bbox 316 2442 435 2493; x_wconf 76' lang='grc' dir='ltr'>Καὶ</span> <span class='ocrx_word' id='word_1_247' title='bbox 468 2440 542 2503; x_wconf 84' lang='grc' dir='ltr'>ὡς</span> <span class='ocrx_word' id='word_1_248' title='bbox 573 2440 606 2508; x_wconf 84' lang='grc' dir='ltr'>ή</span> <span class='ocrx_word' id='word_1_249' title='bbox 660 2438 717 2489; x_wconf 82' lang='grc' dir='ltr'>ὲν</span> <span class='ocrx_word' id='word_1_250' title='bbox 769 2436 1073 2507; x_wconf 80' lang='grc' dir='ltr'>Καλχηδόνι</span> <span class='ocrx_word' id='word_1_251' title='bbox 1123 2436 1341 2502; x_wconf 83' lang='grc' dir='ltr'>σύνοδος</span> <span class='ocrx_word' id='word_1_252' title='bbox 1379 2437 1469 2491; x_wconf 89' lang='grc' dir='ltr'>τόν</span> <span class='ocrx_word' id='word_1_253' title='bbox 1502 2451 1563 2489; x_wconf 90' lang='grc' dir='ltr'>τε</span> <span class='ocrx_word' id='word_1_254' title='bbox 1608 2437 1901 2507; x_wconf 83' lang='grc' dir='ltr'>Νεστόριον</span> 
     </span>
    </p>
   </div>
   <div class='ocr_carea' id='block_1_34' title="bbox 312 2528 1901 2600">
    <p class='ocr_par' dir='ltr' id='par_1_34' title="bbox 312 2528 1901 2600">
     <span class='ocr_line' id='line_1_34' title="bbox 312 2528 1901 2600; baseline -0.003 -14"><span class='ocrx_word' id='word_1_255' title='bbox 312 2535 416 2586; x_wconf 72' lang='grc' dir='ltr'>καὶ</span> <span class='ocrx_word' id='word_1_256' title='bbox 444 2532 537 2584; x_wconf 82' lang='grc' dir='ltr'>τὸν</span> <span class='ocrx_word' id='word_1_257' title='bbox 570 2530 787 2600; x_wconf 85' lang='grc' dir='ltr'>Εὐτυχῆ</span> <span class='ocrx_word' id='word_1_258' title='bbox 838 2531 944 2583; x_wconf 78' lang='grc' dir='ltr'>ὑπὸ</span> <span class='ocrx_word' id='word_1_259' title='bbox 986 2530 1086 2598; x_wconf 82' lang='grc' dir='ltr'>ῐσῳ</span> <span class='ocrx_word' id='word_1_260' title='bbox 1118 2529 1214 2583; x_wconf 71' lang='grc' dir='ltr'>καὶ</span> <span class='ocrx_word' id='word_1_261' title='bbox 1262 2529 1431 2600; x_wconf 83' lang='grc' dir='ltr'>ὁμοίῳ</span> <span class='ocrx_word' id='word_1_262' title='bbox 1483 2528 1560 2599; x_wconf 84' lang='grc' dir='ltr'>τῷ</span> <span class='ocrx_word' id='word_1_263' title='bbox 1599 2528 1901 2598; x_wconf 79' lang='grc' dir='ltr'>ἀναθέματι</span> 
     </span>
    </p>
   </div>
   <div class='ocr_carea' id='block_1_35' title="bbox 311 2618 1903 2689">
    <p class='ocr_par' dir='ltr' id='par_1_35' title="bbox 311 2618 1903 2689">
     <span class='ocr_line' id='line_1_35' title="bbox 311 2618 1903 2689; baseline -0.002 -14"><span class='ocrx_word' id='word_1_264' title='bbox 311 2624 498 2675; x_wconf 73' lang='grc' dir='ltr'>ἔθετο.</span> <span class='ocrx_word' id='word_1_265' title='bbox 528 2621 638 2675; x_wconf 73' lang='grc' dir='ltr'>Καὶ</span> <span class='ocrx_word' id='word_1_266' title='bbox 666 2622 750 2674; x_wconf 84' lang='grc' dir='ltr'>ὅτι</span> <span class='ocrx_word' id='word_1_267' title='bbox 784 2620 846 2673; x_wconf 84' lang='grc' dir='ltr'>τὸ</span> <span class='ocrx_word' id='word_1_268' title='bbox 863 2618 1063 2673; x_wconf 85' lang='grc' dir='ltr'>εἰδέναι</span> <span class='ocrx_word' id='word_1_269' title='bbox 1084 2620 1183 2682; x_wconf 88' lang='grc' dir='ltr'>τὰς</span> <span class='ocrx_word' id='word_1_270' title='bbox 1202 2618 1391 2687; x_wconf 88' lang='grc' dir='ltr'>φύσεις</span> <span class='ocrx_word' id='word_1_271' title='bbox 1420 2618 1558 2689; x_wconf 87' lang='grc' dir='ltr'>μετά</span> <span class='ocrx_word' id='word_1_272' title='bbox 1582 2618 1679 2687; x_wconf 88' lang='grc' dir='ltr'>τὴν</span> <span class='ocrx_word' id='word_1_273' title='bbox 1710 2618 1903 2672; x_wconf 78' lang='grc' dir='ltr'>ἕνωσιν</span> 
     </span>
    </p>
   </div>
   <div class='ocr_carea' id='block_1_36' title="bbox 313 2707 1899 2782">
    <p class='ocr_par' dir='ltr' id='par_1_36' title="bbox 313 2707 1899 2782">
     <span class='ocr_line' id='line_1_36' title="bbox 313 2707 1899 2782; baseline -0.003 -18"><span class='ocrx_word' id='word_1_274' title='bbox 313 2715 382 2765; x_wconf 83' lang='grc' dir='ltr'>ὲν</span> <span class='ocrx_word' id='word_1_275' title='bbox 414 2714 512 2782; x_wconf 82' lang='grc' dir='ltr'>μιᾷ</span> <span class='ocrx_word' id='word_1_276' title='bbox 543 2710 841 2763; x_wconf 84' lang='grc' dir='ltr'>ὑποστάσει</span> <span class='ocrx_word' id='word_1_277' title='bbox 870 2711 1049 2779; x_wconf 82' lang='grc' dir='ltr'>πάσης</span> <span class='ocrx_word' id='word_1_278' title='bbox 1072 2710 1220 2762; x_wconf 74' lang='grc' dir='ltr'>ἐστὶν</span> <span class='ocrx_word' id='word_1_279' title='bbox 1249 2709 1528 2779; x_wconf 86' lang='grc' dir='ltr'>ἀλλότριον</span> <span class='ocrx_word' id='word_1_280' title='bbox 1559 2707 1899 2778; x_wconf 81' lang='grc' dir='ltr'>διαιρέσεως,</span> 
     </span>
    </p>
   </div>
   <div class='ocr_carea' id='block_1_37' title="bbox 313 2799 1902 2871">
    <p class='ocr_par' dir='ltr' id='par_1_37' title="bbox 313 2799 1902 2871">
     <span class='ocr_line' id='line_1_37' title="bbox 313 2799 1902 2871; baseline -0.003 -13"><span class='ocrx_word' id='word_1_281' title='bbox 313 2806 418 2859; x_wconf 69' lang='grc' dir='ltr'>καὶ</span> <span class='ocrx_word' id='word_1_282' title='bbox 450 2803 607 2857; x_wconf 88' lang='grc' dir='ltr'>τοῦτο</span> <span class='ocrx_word' id='word_1_283' title='bbox 628 2804 792 2867; x_wconf 85' lang='grc' dir='ltr'>αὐτός</span> <span class='ocrx_word' id='word_1_284' title='bbox 838 2820 899 2856; x_wconf 89' lang='grc' dir='ltr'>τε</span> <span class='ocrx_word' id='word_1_285' title='bbox 956 2802 1225 2871; x_wconf 88' lang='grc' dir='ltr'>Κύριλλος</span> <span class='ocrx_word' id='word_1_286' title='bbox 1255 2803 1348 2854; x_wconf 76' lang='grc' dir='ltr'>καὶ</span> <span class='ocrx_word' id='word_1_287' title='bbox 1380 2801 1410 2853; x_wconf 85' lang='grc' dir='ltr'>ὀ</span> <span class='ocrx_word' id='word_1_288' title='bbox 1441 2801 1629 2863; x_wconf 85' lang='grc' dir='ltr'>λοιπὸς</span> <span class='ocrx_word' id='word_1_289' title='bbox 1652 2801 1759 2853; x_wconf 85' lang='grc' dir='ltr'>τῶν</span> <span class='ocrx_word' id='word_1_290' title='bbox 1780 2799 1902 2853; x_wconf 85' lang='grc' dir='ltr'>θεο-</span> 
     </span>
    </p>
   </div>
   <div class='ocr_carea' id='block_1_38' title="bbox 317 2892 1901 2966">
    <p class='ocr_par' dir='ltr' id='par_1_38' title="bbox 317 2892 1901 2966">
     <span class='ocr_line' id='line_1_38' title="bbox 317 2892 1901 2966; baseline -0.002 -18"><span class='ocrx_word' id='word_1_291' title='bbox 317 2896 507 2966; x_wconf 86' lang='grc' dir='ltr'>φόρων</span> <span class='ocrx_word' id='word_1_292' title='bbox 547 2895 755 2964; x_wconf 86' lang='grc' dir='ltr'>ἀνδρῶν</span> <span class='ocrx_word' id='word_1_293' title='bbox 789 2896 951 2965; x_wconf 77' lang='grc' dir='ltr'>χορὸς</span> <span class='ocrx_word' id='word_1_294' title='bbox 979 2895 1260 2964; x_wconf 81' lang='grc' dir='ltr'>λαμπραῖς</span> <span class='ocrx_word' id='word_1_295' title='bbox 1310 2892 1754 2963; x_wconf 87' lang='grc' dir='ltr'>ἀνακηρύττουσι</span> <span class='ocrx_word' id='word_1_296' title='bbox 1779 2893 1901 2955; x_wconf 84' lang='grc' dir='ltr'>ταῖς</span> 
     </span>
    </p>
   </div>
   <div class='ocr_carea' id='block_1_39' title="bbox 315 2985 1903 3059">
    <p class='ocr_par' dir='ltr' id='par_1_39' title="bbox 315 2985 1903 3059">
     <span class='ocr_line' id='line_1_39' title="bbox 315 2985 1903 3059; baseline 0.006 -26"><span class='ocrx_word' id='word_1_297' title='bbox 315 2990 554 3055; x_wconf 80' lang='grc' dir='ltr'>φωναῖς,</span> <span class='ocrx_word' id='word_1_298' title='bbox 584 2986 705 3057; x_wconf 69' lang='lat'>{781</span> <span class='ocrx_word' id='word_1_299' title='bbox 747 2985 840 3058; x_wconf 70' lang='lat'>3.]</span> <span class='ocrx_word' id='word_1_300' title='bbox 868 2986 1115 3057; x_wconf 71' lang='grc' dir='ltr'>Εὐτυχῆς</span> <span class='ocrx_word' id='word_1_301' title='bbox 1156 2986 1214 3039; x_wconf 86' lang='grc' dir='ltr'>δὲ</span> <span class='ocrx_word' id='word_1_302' title='bbox 1256 2988 1352 3042; x_wconf 79' lang='grc' dir='ltr'>και</span> <span class='ocrx_word' id='word_1_303' title='bbox 1386 2988 1439 3040; x_wconf 85' lang='grc' dir='ltr'>οι</span> <span class='ocrx_word' id='word_1_304' title='bbox 1471 2986 1639 3041; x_wconf 84' lang='grc' dir='ltr'>αὐτοῦ</span> <span class='ocrx_word' id='word_1_305' title='bbox 1670 2987 1903 3059; x_wconf 80' lang='grc' dir='ltr'>πρὸτῆς</span> 
     </span>
    </p>
   </div>
   <div class='ocr_carea' id='block_1_40' title="bbox 2075 1245 3576 1321">
    <p class='ocr_par' dir='ltr' id='par_1_40' title="bbox 2075 1245 3576 1321">
     <span class='ocr_line' id='line_1_40' title="bbox 2075 1245 3576 1321; baseline 0.003 -21"><span class='ocrx_word' id='word_1_306' title='bbox 2075 1245 2274 1300; x_wconf 77' lang='lat' dir='ltr'>Scribit</span> <span class='ocrx_word' id='word_1_307' title='bbox 2312 1260 2443 1300; x_wconf 87' lang='lat' dir='ltr'><strong>vero</strong></span> <span class='ocrx_word' id='word_1_308' title='bbox 2473 1247 2538 1299; x_wconf 92' lang='lat' dir='ltr'>ad</span> <span class='ocrx_word' id='word_1_309' title='bbox 2568 1249 2883 1301; x_wconf 83' lang='lat' dir='ltr'><strong>Anthimum</strong></span> <span class='ocrx_word' id='word_1_310' title='bbox 2921 1251 3232 1319; x_wconf 87' lang='lat' dir='ltr'><strong>episcopum</strong></span> <span class='ocrx_word' id='word_1_311' title='bbox 3266 1252 3576 1321; x_wconf 87' lang='lat' dir='ltr'><strong>Trapezun-</strong></span> 
     </span>
    </p>
   </div>
   <div class='ocr_carea' id='block_1_41' title="bbox 2003 1337 3579 1410">
    <p class='ocr_par' dir='ltr' id='par_1_41' title="bbox 2003 1337 3579 1410">
     <span class='ocr_line' id='line_1_41' title="bbox 2003 1337 3579 1410; baseline 0.003 -17"><span class='ocrx_word' id='word_1_312' title='bbox 2003 1341 2093 1402; x_wconf 91' lang='lat' dir='ltr'><strong>tis,</strong></span> <span class='ocrx_word' id='word_1_313' title='bbox 2143 1339 2196 1392; x_wconf 90' lang='lat' dir='ltr'>in</span> <span class='ocrx_word' id='word_1_314' title='bbox 2224 1353 2326 1408; x_wconf 93' lang='lat' dir='ltr'>qua</span> <span class='ocrx_word' id='word_1_315' title='bbox 2359 1337 2721 1392; x_wconf 65' lang='lat' dir='ltr'>Iustinianum</span> <span class='ocrx_word' id='word_1_316' title='bbox 2757 1350 2815 1392; x_wconf 93' lang='lat' dir='ltr'>ut</span> <span class='ocrx_word' id='word_1_317' title='bbox 2852 1342 2995 1408; x_wconf 91' lang='lat' dir='ltr'><strong>pium</strong></span> <span class='ocrx_word' id='word_1_318' title='bbox 3029 1342 3275 1410; x_wconf 90' lang='lat' dir='ltr'><strong>suscipit,</strong></span> <span class='ocrx_word' id='word_1_319' title='bbox 3310 1352 3364 1397; x_wconf 89' lang='lat' dir='ltr'>et</span> <span class='ocrx_word' id='word_1_320' title='bbox 3391 1342 3579 1397; x_wconf 85' lang='lat' dir='ltr'><strong>infeli-</strong></span> 
     </span>
    </p>
   </div>
   <div class='ocr_carea' id='block_1_42' title="bbox 2000 1429 3580 1501">
    <p class='ocr_par' dir='ltr' id='par_1_42' title="bbox 2000 1429 3580 1501">
     <span class='ocr_line' id='line_1_42' title="bbox 2000 1429 3580 1501; baseline 0.001 -15"><span class='ocrx_word' id='word_1_321' title='bbox 2000 1446 2120 1487; x_wconf 89' lang='lat' dir='ltr'><strong>cem</strong></span> <span class='ocrx_word' id='word_1_322' title='bbox 2168 1429 2472 1501; x_wconf 85' lang='lat' dir='ltr'><strong>Eulychem</strong></span> <span class='ocrx_word' id='word_1_323' title='bbox 2506 1429 2753 1483; x_wconf 66' lang='lat' dir='ltr'><strong>hieresim</strong></span> <span class='ocrx_word' id='word_1_324' title='bbox 2797 1431 3149 1494; x_wconf 83' lang='lat' dir='ltr'><strong>constituere,</strong></span> <span class='ocrx_word' id='word_1_325' title='bbox 3187 1432 3311 1500; x_wconf 85' lang='lat' dir='ltr'><strong>quia</strong></span> <span class='ocrx_word' id='word_1_326' title='bbox 3345 1447 3451 1488; x_wconf 90' lang='lat' dir='ltr'>non</span> <span class='ocrx_word' id='word_1_327' title='bbox 3486 1449 3580 1488; x_wconf 89' lang='lat' dir='ltr'><strong>su-</strong></span> 
     </span>
    </p>
   </div>
   <div class='ocr_carea' id='block_1_43' title="bbox 2003 1522 3567 1592">
    <p class='ocr_par' dir='ltr' id='par_1_43' title="bbox 2003 1522 3567 1592">
     <span class='ocr_line' id='line_1_43' title="bbox 2003 1522 3567 1592; baseline 0.001 -15"><span class='ocrx_word' id='word_1_328' title='bbox 2003 1523 2191 1578; x_wconf 89' lang='lat' dir='ltr'><strong>stinuit</strong></span> <span class='ocrx_word' id='word_1_329' title='bbox 2245 1525 2378 1576; x_wconf 89' lang='lat' dir='ltr'><strong>duas</strong></span> <span class='ocrx_word' id='word_1_330' title='bbox 2429 1530 2652 1575; x_wconf 87' lang='lat' dir='ltr'><strong>naturas</strong></span> <span class='ocrx_word' id='word_1_331' title='bbox 2687 1523 2739 1575; x_wconf 94' lang='lat' dir='ltr'>in</span> <span class='ocrx_word' id='word_1_332' title='bbox 2772 1538 2874 1574; x_wconf 90' lang='lat' dir='ltr'>una</span> <span class='ocrx_word' id='word_1_333' title='bbox 2930 1522 3207 1592; x_wconf 87' lang='lat' dir='ltr'><strong>hypostasi</strong></span> <span class='ocrx_word' id='word_1_334' title='bbox 3244 1524 3567 1589; x_wconf 88' lang='lat' dir='ltr'><strong>subsistere,</strong></span> 
     </span>
    </p>
   </div>
   <div class='ocr_carea' id='block_1_44' title="bbox 2003 1613 3575 1685">
    <p class='ocr_par' dir='ltr' id='par_1_44' title="bbox 2003 1613 3575 1685">
     <span class='ocr_line' id='line_1_44' title="bbox 2003 1613 3575 1685; baseline 0.001 -15"><span class='ocrx_word' id='word_1_335' title='bbox 2003 1626 2221 1682; x_wconf 80' lang='lat' dir='ltr'><strong>narrat;</strong></span> <span class='ocrx_word' id='word_1_336' title='bbox 2253 1622 2307 1670; x_wconf 91' lang='lat' dir='ltr'>et</span> <span class='ocrx_word' id='word_1_337' title='bbox 2330 1613 2459 1668; x_wconf 89' lang='lat' dir='ltr'><strong>illud</strong></span> <span class='ocrx_word' id='word_1_338' title='bbox 2490 1629 2587 1683; x_wconf 91' lang='lat' dir='ltr'>per</span> <span class='ocrx_word' id='word_1_339' title='bbox 2617 1614 2747 1667; x_wconf 87' lang='lat' dir='ltr'><strong>illud</strong></span> <span class='ocrx_word' id='word_1_340' title='bbox 2779 1617 3063 1685; x_wconf 84' lang='lat' dir='ltr'><strong>perspicue</strong></span> <span class='ocrx_word' id='word_1_341' title='bbox 3093 1617 3282 1671; x_wconf 90' lang='lat' dir='ltr'><strong>Patres</strong></span> <span class='ocrx_word' id='word_1_342' title='bbox 3315 1619 3380 1672; x_wconf 86' lang='lat' dir='ltr'>ad</span> <span class='ocrx_word' id='word_1_343' title='bbox 3408 1634 3575 1672; x_wconf 92' lang='lat' dir='ltr'><strong>unum</strong></span> 
     </span>
    </p>
   </div>
   <div class='ocr_carea' id='block_1_45' title="bbox 2002 1706 3577 1775">
    <p class='ocr_par' dir='ltr' id='par_1_45' title="bbox 2002 1706 3577 1775">
     <span class='ocr_line' id='line_1_45' title="bbox 2002 1706 3577 1775; baseline 0.004 -14"><span class='ocrx_word' id='word_1_344' title='bbox 2002 1723 2214 1772; x_wconf 90' lang='lat' dir='ltr'><strong>omnes,</strong></span> <span class='ocrx_word' id='word_1_345' title='bbox 2271 1715 2325 1761; x_wconf 91' lang='lat' dir='ltr'>et</span> <span class='ocrx_word' id='word_1_346' title='bbox 2362 1706 2557 1760; x_wconf 79' lang='lat' dir='ltr'><strong>docent</strong></span> <span class='ocrx_word' id='word_1_347' title='bbox 2607 1714 2661 1759; x_wconf 92' lang='lat' dir='ltr'>et</span> <span class='ocrx_word' id='word_1_348' title='bbox 2710 1708 3023 1775; x_wconf 63' lang='lat' dir='ltr'><strong>praedicant,</strong></span> <span class='ocrx_word' id='word_1_349' title='bbox 3074 1711 3166 1763; x_wconf 89' lang='lat' dir='ltr'>sed</span> <span class='ocrx_word' id='word_1_350' title='bbox 3217 1710 3358 1764; x_wconf 89' lang='lat' dir='ltr'><strong>illius</strong></span> <span class='ocrx_word' id='word_1_351' title='bbox 3406 1710 3577 1767; x_wconf 89' lang='lat' dir='ltr'><strong>animi</strong></span> 
     </span>
    </p>
   </div>
   <div class='ocr_carea' id='block_1_46' title="bbox 2003 1794 3578 1867">
    <p class='ocr_par' dir='ltr' id='par_1_46' title="bbox 2003 1794 3578 1867">
     <span class='ocr_line' id='line_1_46' title="bbox 2003 1794 3578 1867; baseline 0.003 -16"><span class='ocrx_word' id='word_1_352' title='bbox 2003 1797 2375 1867; x_wconf 81' lang='lat' dir='ltr'><strong>impotentiam</strong></span> <span class='ocrx_word' id='word_1_353' title='bbox 2430 1794 2710 1850; x_wconf 84' lang='lat' dir='ltr'><strong>ferendam</strong></span> <span class='ocrx_word' id='word_1_354' title='bbox 2771 1813 2875 1851; x_wconf 93' lang='lat' dir='ltr'>non</span> <span class='ocrx_word' id='word_1_355' title='bbox 2926 1814 3065 1865; x_wconf 85' lang='lat' dir='ltr'><strong>esse,</strong></span> <span class='ocrx_word' id='word_1_356' title='bbox 3115 1801 3207 1853; x_wconf 91' lang='lat' dir='ltr'>sed</span> <span class='ocrx_word' id='word_1_357' title='bbox 3264 1816 3332 1855; x_wconf 80' lang='lat' dir='ltr'><strong>ex</strong></span> <span class='ocrx_word' id='word_1_358' title='bbox 3372 1802 3578 1855; x_wconf 89' lang='lat' dir='ltr'><strong>duabus</strong></span> 
     </span>
    </p>
   </div>
   <div class='ocr_carea' id='block_1_47' title="bbox 2003 1886 3579 1958">
    <p class='ocr_par' dir='ltr' id='par_1_47' title="bbox 2003 1886 3579 1958">
     <span class='ocr_line' id='line_1_47' title="bbox 2003 1886 3579 1958; baseline 0.001 -15"><span class='ocrx_word' id='word_1_359' title='bbox 2003 1889 2211 1943; x_wconf 82' lang='lat' dir='ltr'><strong>naturis</strong></span> <span class='ocrx_word' id='word_1_360' title='bbox 2252 1896 2510 1943; x_wconf 82' lang='lat' dir='ltr'><strong>constare</strong></span> <span class='ocrx_word' id='word_1_361' title='bbox 2553 1886 2857 1951; x_wconf 83' lang='lat' dir='ltr'><strong>Christum,</strong></span> <span class='ocrx_word' id='word_1_362' title='bbox 2887 1900 3006 1958; x_wconf 90' lang='lat' dir='ltr'><strong>post</strong></span> <span class='ocrx_word' id='word_1_363' title='bbox 3032 1893 3285 1945; x_wconf 91' lang='lat' dir='ltr'><strong>unionem</strong></span> <span class='ocrx_word' id='word_1_364' title='bbox 3320 1908 3424 1945; x_wconf 91' lang='lat' dir='ltr'>non</span> <span class='ocrx_word' id='word_1_365' title='bbox 3465 1909 3579 1946; x_wconf 85' lang='lat' dir='ltr'><strong>am-</strong></span> 
     </span>
    </p>
   </div>
   <div class='ocr_carea' id='block_1_48' title="bbox 2001 1978 3584 2049">
    <p class='ocr_par' dir='ltr' id='par_1_48' title="bbox 2001 1978 3584 2049">
     <span class='ocr_line' id='line_1_48' title="bbox 2001 1978 3584 2049; baseline 0.003 -17"><span class='ocrx_word' id='word_1_366' title='bbox 2001 1978 2144 2049; x_wconf 90' lang='lat' dir='ltr'><strong>plius</strong></span> <span class='ocrx_word' id='word_1_367' title='bbox 2173 1980 2325 2042; x_wconf 90' lang='lat' dir='ltr'><strong>duas,</strong></span> <span class='ocrx_word' id='word_1_368' title='bbox 2377 1992 2556 2048; x_wconf 89' lang='lat' dir='ltr'><strong>neque</strong></span> <span class='ocrx_word' id='word_1_369' title='bbox 2596 1978 2649 2030; x_wconf 92' lang='lat' dir='ltr'>in</span> <span class='ocrx_word' id='word_1_370' title='bbox 2703 1979 2909 2033; x_wconf 87' lang='lat' dir='ltr'><strong>duabus</strong></span> <span class='ocrx_word' id='word_1_371' title='bbox 2944 1983 3219 2048; x_wconf 75' lang='lat' dir='ltr'><strong>cognosci,</strong></span> <span class='ocrx_word' id='word_1_372' title='bbox 3250 1998 3413 2036; x_wconf 87' lang='lat' dir='ltr'><strong>unam</strong></span> <span class='ocrx_word' id='word_1_373' title='bbox 3448 1998 3584 2037; x_wconf 78' lang='lat' dir='ltr'><strong>vero</strong></span> 
     </span>
    </p>
   </div>
   <div class='ocr_carea' id='block_1_49' title="bbox 2004 2071 3581 2139">
    <p class='ocr_par' dir='ltr' id='par_1_49' title="bbox 2004 2071 3581 2139">
     <span class='ocr_line' id='line_1_49' title="bbox 2004 2071 3581 2139; baseline 0.001 -14"><span class='ocrx_word' id='word_1_374' title='bbox 2004 2080 2251 2125; x_wconf 90' lang='lat' dir='ltr'><strong>naturam</strong></span> <span class='ocrx_word' id='word_1_375' title='bbox 2300 2078 2422 2138; x_wconf 89' lang='lat' dir='ltr'><strong>post</strong></span> <span class='ocrx_word' id='word_1_376' title='bbox 2475 2071 2735 2124; x_wconf 89' lang='lat' dir='ltr'><strong>unitatem</strong></span> <span class='ocrx_word' id='word_1_377' title='bbox 2792 2071 3101 2139; x_wconf 72' lang='lat' dir='ltr'><strong>prodigiose</strong></span> <span class='ocrx_word' id='word_1_378' title='bbox 3140 2073 3334 2127; x_wconf 84' lang='lat' dir='ltr'><strong>asseri.</strong></span> <span class='ocrx_word' id='word_1_379' title='bbox 3374 2074 3581 2139; x_wconf 85' lang='lat' dir='ltr'><strong>Quibus</strong></span> 
     </span>
    </p>
   </div>
   <div class='ocr_carea' id='block_1_50' title="bbox 2004 2162 3579 2236">
    <p class='ocr_par' dir='ltr' id='par_1_50' title="bbox 2004 2162 3579 2236">
     <span class='ocr_line' id='line_1_50' title="bbox 2004 2162 3579 2236; baseline 0.003 -21"><span class='ocrx_word' id='word_1_380' title='bbox 2004 2175 2308 2216; x_wconf 85' lang='lat' dir='ltr'><strong>consonare</strong></span> <span class='ocrx_word' id='word_1_381' title='bbox 2352 2162 2429 2214; x_wconf 90' lang='lat' dir='ltr'>ait</span> <span class='ocrx_word' id='word_1_382' title='bbox 2473 2162 2850 2229; x_wconf 62' lang='lat' dir='ltr'><strong>praedatoriam</strong></span> <span class='ocrx_word' id='word_1_383' title='bbox 2904 2162 3046 2215; x_wconf 88' lang='lat' dir='ltr'><strong>illam</strong></span> <span class='ocrx_word' id='word_1_384' title='bbox 3094 2163 3145 2216; x_wconf 93' lang='lat' dir='ltr'>in</span> <span class='ocrx_word' id='word_1_385' title='bbox 3173 2163 3390 2233; x_wconf 88' lang='lat' dir='ltr'><strong>Epheso</strong></span> <span class='ocrx_word' id='word_1_386' title='bbox 3416 2180 3579 2236; x_wconf 82' lang='lat' dir='ltr'><strong>syno-</strong></span> 
     </span>
    </p>
   </div>
   <div class='ocr_carea' id='block_1_51' title="bbox 2004 2252 3581 2310">
    <p class='ocr_par' dir='ltr' id='par_1_51' title="bbox 2004 2252 3581 2310">
     <span class='ocr_line' id='line_1_51' title="bbox 2004 2252 3581 2310; baseline 0.003 -4"><span class='ocrx_word' id='word_1_387' title='bbox 2004 2253 2131 2306; x_wconf 91' lang='lat' dir='ltr'>dum</span> <span class='ocrx_word' id='word_1_388' title='bbox 2160 2252 2273 2306; x_wconf 75' lang='lat' dir='ltr'><strong>hzec</strong></span> <span class='ocrx_word' id='word_1_389' title='bbox 2300 2263 2632 2307; x_wconf 85' lang='lat' dir='ltr'><strong>asserentem</strong></span> <span class='ocrx_word' id='word_1_390' title='bbox 2664 2271 2677 2307; x_wconf 92' lang='lat'><strong>:</strong></span> <span class='ocrx_word' id='word_1_391' title='bbox 2721 2252 2819 2306; x_wconf 76' lang='lat' dir='ltr'><strong>His</strong></span> <span class='ocrx_word' id='word_1_392' title='bbox 2856 2262 2903 2306; x_wconf 80' lang='lat' dir='ltr'>et</span> <span class='ocrx_word' id='word_1_393' title='bbox 2935 2270 3027 2308; x_wconf 78' lang='lat' dir='ltr'>nos</span> <span class='ocrx_word' id='word_1_394' title='bbox 3056 2271 3229 2308; x_wconf 73' lang='lat' dir='ltr'><strong>omnes</strong></span> <span class='ocrx_word' id='word_1_395' title='bbox 3259 2258 3456 2310; x_wconf 85' lang='lat' dir='ltr'><strong>conditi</strong></span> <span class='ocrx_word' id='word_1_396' title='bbox 3486 2274 3581 2310; x_wconf 76' lang='lat' dir='ltr'><strong>su.-</strong></span> 
     </span>
    </p>
   </div>
   <div class='ocr_carea' id='block_1_52' title="bbox 2003 2345 3581 2421">
    <p class='ocr_par' dir='ltr' id='par_1_52' title="bbox 2003 2345 3581 2421">
     <span class='ocr_line' id='line_1_52' title="bbox 2003 2345 3581 2421; baseline 0.005 -24"><span class='ocrx_word' id='word_1_397' title='bbox 2003 2362 2143 2407; x_wconf 82' lang='lat' dir='ltr'><strong>mus,</strong></span> <span class='ocrx_word' id='word_1_398' title='bbox 2180 2354 2346 2414; x_wconf 90' lang='lat' dir='ltr'><strong>utque</strong></span> <span class='ocrx_word' id='word_1_399' title='bbox 2388 2345 2580 2400; x_wconf 88' lang='lat' dir='ltr'><strong>iisdem</strong></span> <span class='ocrx_word' id='word_1_400' title='bbox 2608 2345 2673 2399; x_wconf 88' lang='lat' dir='ltr'>de</span> <span class='ocrx_word' id='word_1_401' title='bbox 2707 2347 2886 2399; x_wconf 83' lang='lat' dir='ltr'><strong>causis</strong></span> <span class='ocrx_word' id='word_1_402' title='bbox 2912 2346 3375 2404; x_wconf 84' lang='lat' dir='ltr'><strong>Chalcedonensis</strong></span> <span class='ocrx_word' id='word_1_403' title='bbox 3414 2365 3581 2421; x_wconf 84' lang='lat' dir='ltr'><strong>syno-</strong></span> 
     </span>
    </p>
   </div>
   <div class='ocr_carea' id='block_1_53' title="bbox 2004 2436 3583 2506">
    <p class='ocr_par' dir='ltr' id='par_1_53' title="bbox 2004 2436 3583 2506">
     <span class='ocr_line' id='line_1_53' title="bbox 2004 2436 3583 2506; baseline 0.004 -15"><span class='ocrx_word' id='word_1_404' title='bbox 2004 2438 2104 2491; x_wconf 88' lang='lat' dir='ltr'>dus</span> <span class='ocrx_word' id='word_1_405' title='bbox 2135 2436 2439 2490; x_wconf 85' lang='lat' dir='ltr'><strong>Nestorium</strong></span> <span class='ocrx_word' id='word_1_406' title='bbox 2476 2445 2528 2490; x_wconf 91' lang='lat' dir='ltr'>et</span> <span class='ocrx_word' id='word_1_407' title='bbox 2558 2436 2857 2506; x_wconf 88' lang='lat' dir='ltr'><strong>Eulychem</strong></span> <span class='ocrx_word' id='word_1_408' title='bbox 2886 2440 3264 2493; x_wconf 89' lang='lat' dir='ltr'><strong>condemnarit</strong></span> <span class='ocrx_word' id='word_1_409' title='bbox 3297 2458 3311 2497; x_wconf 88' lang='lat'><strong>:</strong></span> <span class='ocrx_word' id='word_1_410' title='bbox 3338 2450 3389 2494; x_wconf 89' lang='lat' dir='ltr'>et</span> <span class='ocrx_word' id='word_1_411' title='bbox 3420 2456 3583 2499; x_wconf 82' lang='lat' dir='ltr'><strong>nosse</strong></span> 
     </span>
    </p>
   </div>
   <div class='ocr_carea' id='block_1_54' title="bbox 2006 2526 3585 2597">
    <p class='ocr_par' dir='ltr' id='par_1_54' title="bbox 2006 2526 3585 2597">
     <span class='ocr_line' id='line_1_54' title="bbox 2006 2526 3585 2597; baseline 0.001 -16"><span class='ocrx_word' id='word_1_412' title='bbox 2006 2537 2227 2581; x_wconf 89' lang='lat' dir='ltr'><strong>naturas</strong></span> <span class='ocrx_word' id='word_1_413' title='bbox 2253 2535 2379 2597; x_wconf 87' lang='lat' dir='ltr'><strong>post</strong></span> <span class='ocrx_word' id='word_1_414' title='bbox 2420 2526 2679 2580; x_wconf 89' lang='lat' dir='ltr'><strong>unitatem</strong></span> <span class='ocrx_word' id='word_1_415' title='bbox 2716 2529 2767 2580; x_wconf 93' lang='lat' dir='ltr'>in</span> <span class='ocrx_word' id='word_1_416' title='bbox 2804 2542 2907 2581; x_wconf 90' lang='lat' dir='ltr'>una</span> <span class='ocrx_word' id='word_1_417' title='bbox 2934 2543 3185 2596; x_wconf 88' lang='lat' dir='ltr'><strong>persona,</strong></span> <span class='ocrx_word' id='word_1_418' title='bbox 3214 2528 3282 2582; x_wconf 91' lang='lat' dir='ltr'>ab</span> <span class='ocrx_word' id='word_1_419' title='bbox 3311 2531 3460 2584; x_wconf 90' lang='lat' dir='ltr'><strong>omni</strong></span> <span class='ocrx_word' id='word_1_420' title='bbox 3496 2539 3585 2585; x_wconf 77' lang='lat' dir='ltr'>est</span> 
     </span>
    </p>
   </div>
   <div class='ocr_carea' id='block_1_55' title="bbox 2003 2616 3584 2689">
    <p class='ocr_par' dir='ltr' id='par_1_55' title="bbox 2003 2616 3584 2689">
     <span class='ocr_line' id='line_1_55' title="bbox 2003 2616 3584 2689; baseline 0.001 -15"><span class='ocrx_word' id='word_1_421' title='bbox 2003 2620 2269 2675; x_wconf 84' lang='lat' dir='ltr'><strong>divisione</strong></span> <span class='ocrx_word' id='word_1_422' title='bbox 2298 2618 2556 2673; x_wconf 89' lang='lat' dir='ltr'><strong>alienum.</strong></span> <span class='ocrx_word' id='word_1_423' title='bbox 2594 2616 2847 2687; x_wconf 89' lang='lat' dir='ltr'><strong>Idemque</strong></span> <span class='ocrx_word' id='word_1_424' title='bbox 2882 2619 3073 2674; x_wconf 90' lang='lat' dir='ltr'><strong>beatus</strong></span> <span class='ocrx_word' id='word_1_425' title='bbox 3115 2620 3351 2689; x_wconf 84' lang='lat' dir='ltr'><strong>Cyrillus</strong></span> <span class='ocrx_word' id='word_1_426' title='bbox 3375 2621 3584 2676; x_wconf 87' lang='lat' dir='ltr'><strong>omnis-</strong></span> 
     </span>
    </p>
   </div>
   <div class='ocr_carea' id='block_1_56' title="bbox 2004 2709 3584 2781">
    <p class='ocr_par' dir='ltr' id='par_1_56' title="bbox 2004 2709 3584 2781">
     <span class='ocr_line' id='line_1_56' title="bbox 2004 2709 3584 2781; baseline 0.002 -17"><span class='ocrx_word' id='word_1_427' title='bbox 2004 2725 2110 2780; x_wconf 90' lang='lat' dir='ltr'>que</span> <span class='ocrx_word' id='word_1_428' title='bbox 2142 2713 2277 2765; x_wconf 87' lang='lat' dir='ltr'><strong>adeo</strong></span> <span class='ocrx_word' id='word_1_429' title='bbox 2307 2718 2619 2765; x_wconf 87' lang='lat' dir='ltr'><strong>sanctorum</strong></span> <span class='ocrx_word' id='word_1_430' title='bbox 2656 2709 2875 2764; x_wconf 91' lang='lat' dir='ltr'><strong>Patrum</strong></span> <span class='ocrx_word' id='word_1_431' title='bbox 2926 2721 3102 2766; x_wconf 75' lang='grc' dir='ltr'>οωιιιε</span> <span class='ocrx_word' id='word_1_432' title='bbox 3133 2712 3295 2767; x_wconf 90' lang='lat' dir='ltr'><strong>claris</strong></span> <span class='ocrx_word' id='word_1_433' title='bbox 3326 2713 3584 2781; x_wconf 63' lang='lat' dir='ltr'><strong>praedicat</strong></span> 
     </span>
    </p>
   </div>
   <div class='ocr_carea' id='block_1_57' title="bbox 2004 2801 3586 2875">
    <p class='ocr_par' dir='ltr' id='par_1_57' title="bbox 2004 2801 3586 2875">
     <span class='ocr_line' id='line_1_57' title="bbox 2004 2801 3586 2875; baseline 0.003 -20"><span class='ocrx_word' id='word_1_434' title='bbox 2004 2802 2250 2856; x_wconf 78' lang='lat' dir='ltr'><strong>vocibus.</strong></span> <span class='ocrx_word' id='word_1_435' title='bbox 2282 2802 2560 2873; x_wconf 89' lang='lat' dir='ltr'><strong>Eutyches</strong></span> <span class='ocrx_word' id='word_1_436' title='bbox 2588 2801 2814 2869; x_wconf 80' lang='lat' dir='ltr'><strong>ejusque</strong></span> <span class='ocrx_word' id='word_1_437' title='bbox 2834 2803 3077 2867; x_wconf 68' lang='lat' dir='ltr'><strong>asseclaa,</strong></span> <span class='ocrx_word' id='word_1_438' title='bbox 3110 2819 3208 2872; x_wconf 89' lang='lat' dir='ltr'>pro</span> <span class='ocrx_word' id='word_1_439' title='bbox 3238 2804 3442 2858; x_wconf 90' lang='lat' dir='ltr'><strong>unitate</strong></span> <span class='ocrx_word' id='word_1_440' title='bbox 3464 2806 3586 2875; x_wconf 81' lang='lat' dir='ltr'><strong>qui-</strong></span> 
     </span>
    </p>
   </div>
   <div class='ocr_carea' id='block_1_58' title="bbox 2005 2894 3587 2966">
    <p class='ocr_par' dir='ltr' id='par_1_58' title="bbox 2005 2894 3587 2966">
     <span class='ocr_line' id='line_1_58' title="bbox 2005 2894 3587 2966; baseline 0.001 -17"><span class='ocrx_word' id='word_1_441' title='bbox 2005 2896 2148 2958; x_wconf 91' lang='lat' dir='ltr'><strong>dem,</strong></span> <span class='ocrx_word' id='word_1_442' title='bbox 2196 2894 2300 2949; x_wconf 91' lang='lat' dir='ltr'>hoc</span> <span class='ocrx_word' id='word_1_443' title='bbox 2340 2904 2443 2961; x_wconf 88' lang='lat' dir='ltr'><strong>est,</strong></span> <span class='ocrx_word' id='word_1_444' title='bbox 2482 2894 2679 2963; x_wconf 85' lang='lat' dir='ltr'><strong>duplici</strong></span> <span class='ocrx_word' id='word_1_445' title='bbox 2729 2896 2939 2949; x_wconf 85' lang='lat' dir='ltr'><strong>unitate</strong></span> <span class='ocrx_word' id='word_1_446' title='bbox 2970 2894 3024 2965; x_wconf 84' lang='lat'>(0</span> <span class='ocrx_word' id='word_1_447' title='bbox 3052 2899 3323 2966; x_wconf 80' lang='lat' dir='ltr'><strong>ingentem</strong></span> <span class='ocrx_word' id='word_1_448' title='bbox 3362 2899 3587 2951; x_wconf 84' lang='lat' dir='ltr'><strong>demen-</strong></span> 
     </span>
    </p>
   </div>
   <div class='ocr_carea' id='block_1_59' title="bbox 2006 2988 3582 3060">
    <p class='ocr_par' dir='ltr' id='par_1_59' title="bbox 2006 2988 3582 3060">
     <span class='ocr_line' id='line_1_59' title="bbox 2006 2988 3582 3060; baseline 0.002 -16"><span class='ocrx_word' id='word_1_449' title='bbox 2006 2990 2137 3044; x_wconf 89' lang='lat' dir='ltr'><strong>tiam</strong></span> <span class='ocrx_word' id='word_1_450' title='bbox 2186 3001 2350 3057; x_wconf 89' lang='lat' dir='ltr'><strong>atque</strong></span> <span class='ocrx_word' id='word_1_451' title='bbox 2393 2988 2787 3057; x_wconf 87' lang='lat' dir='ltr'><strong>impietatem!)</strong></span> <span class='ocrx_word' id='word_1_452' title='bbox 2822 2990 2959 3044; x_wconf 89' lang='lat' dir='ltr'><strong>duas</strong></span> <span class='ocrx_word' id='word_1_453' title='bbox 3004 2991 3304 3060; x_wconf 58' lang='lat' dir='ltr'><strong>pradicant</strong></span> <span class='ocrx_word' id='word_1_454' title='bbox 3334 3002 3582 3052; x_wconf 89' lang='lat' dir='ltr'><strong>naturas.</strong></span> 
     </span>
    </p>
   </div>
   <div class='ocr_carea' id='block_1_60' title="bbox 313 3078 1900 3160">
    <p class='ocr_par' dir='ltr' id='par_1_60' title="bbox 313 3079 1900 3150">
     <span class='ocr_line' id='line_1_60' title="bbox 313 3079 1900 3150; baseline 0.001 -18"><span class='ocrx_word' id='word_1_455' title='bbox 313 3082 568 3143; x_wconf 79' lang='grc' dir='ltr'>ὲνώσεως</span> <span class='ocrx_word' id='word_1_456' title='bbox 602 3080 723 3150; x_wconf 80' lang='grc' dir='ltr'>μὲν,</span> <span class='ocrx_word' id='word_1_457' title='bbox 774 3080 1019 3132; x_wconf 85' lang='grc' dir='ltr'>τουτέστι</span> <span class='ocrx_word' id='word_1_458' title='bbox 1052 3079 1173 3149; x_wconf 85' lang='grc' dir='ltr'>δίχα</span> <span class='ocrx_word' id='word_1_459' title='bbox 1218 3080 1466 3143; x_wconf 81' lang='grc' dir='ltr'>ένώσεως</span> <span class='ocrx_word' id='word_1_460' title='bbox 1512 3081 1580 3149; x_wconf 85' lang='grc' dir='ltr'>(ὣ</span> <span class='ocrx_word' id='word_1_461' title='bbox 1612 3080 1779 3150; x_wconf 85' lang='grc' dir='ltr'>λήρου</span> <span class='ocrx_word' id='word_1_462' title='bbox 1805 3081 1900 3134; x_wconf 71' lang='grc' dir='ltr'>καὶ</span> 
     </span>
    </p>
   </div>
   <div class='ocr_carea' id='block_1_61' title="bbox 2006 3078 3587 3160">
    <p class='ocr_par' dir='ltr' id='par_1_61' title="bbox 2007 3078 3587 3150">
     <span class='ocr_line' id='line_1_61' title="bbox 2007 3078 3587 3150; baseline 0.002 -17"><span class='ocrx_word' id='word_1_463' title='bbox 2007 3095 2113 3133; x_wconf 90' lang='lat' dir='ltr'>non</span> <span class='ocrx_word' id='word_1_464' title='bbox 2164 3078 2395 3147; x_wconf 89' lang='lat' dir='ltr'><strong>amplius</strong></span> <span class='ocrx_word' id='word_1_465' title='bbox 2441 3088 2563 3146; x_wconf 92' lang='lat' dir='ltr'><strong>post</strong></span> <span class='ocrx_word' id='word_1_466' title='bbox 2609 3079 2886 3145; x_wconf 88' lang='lat' dir='ltr'><strong>unionem,</strong></span> <span class='ocrx_word' id='word_1_467' title='bbox 2938 3090 2993 3133; x_wconf 90' lang='lat' dir='ltr'>et</span> <span class='ocrx_word' id='word_1_468' title='bbox 3023 3080 3113 3150; x_wconf 90' lang='lat' dir='ltr'>qui</span> <span class='ocrx_word' id='word_1_469' title='bbox 3157 3080 3449 3150; x_wconf 85' lang='lat' dir='ltr'><strong>Eutychem</strong></span> <span class='ocrx_word' id='word_1_470' title='bbox 3496 3098 3587 3136; x_wconf 87' lang='lat' dir='ltr'><strong>sa-</strong></span> 
     </span>
    </p>
   </div>
   <div class='ocr_carea' id='block_1_62' title="bbox 311 3171 1892 3242">
    <p class='ocr_par' dir='ltr' id='par_1_62' title="bbox 311 3171 1892 3242">
     <span class='ocr_line' id='line_1_62' title="bbox 311 3171 1892 3242; baseline 0.001 -18"><span class='ocrx_word' id='word_1_471' title='bbox 311 3172 639 3235; x_wconf 82' lang='grc' dir='ltr'>δυσσεϐείας</span> <span class='ocrx_word' id='word_1_472' title='bbox 672 3171 948 3242; x_wconf 88' lang='grc' dir='ltr'>ὑπερϐολή</span> <span class='ocrx_word' id='word_1_473' title='bbox 977 3174 1016 3239; x_wconf 81' lang='grc' dir='ltr'>ι)</span> <span class='ocrx_word' id='word_1_474' title='bbox 1050 3172 1150 3235; x_wconf 84' lang='grc' dir='ltr'>τὰς</span> <span class='ocrx_word' id='word_1_475' title='bbox 1178 3172 1271 3225; x_wconf 89' lang='grc' dir='ltr'>δύο</span> <span class='ocrx_word' id='word_1_476' title='bbox 1312 3172 1643 3242; x_wconf 84' lang='grc' dir='ltr'>κηρύττουσι</span> <span class='ocrx_word' id='word_1_477' title='bbox 1678 3172 1892 3241; x_wconf 86' lang='grc' dir='ltr'>φύσεις,</span> 
     </span>
    </p>
   </div>
   <div class='ocr_carea' id='block_1_63' title="bbox 311 3264 1898 3336">
    <p class='ocr_par' dir='ltr' id='par_1_63' title="bbox 311 3264 1898 3336">
     <span class='ocr_line' id='line_1_63' title="bbox 311 3264 1898 3336; baseline 0.002 -20"><span class='ocrx_word' id='word_1_478' title='bbox 311 3266 507 3316; x_wconf 83' lang='grc' dir='ltr'>οὐκέτι</span> <span class='ocrx_word' id='word_1_479' title='bbox 543 3264 601 3315; x_wconf 84' lang='grc' dir='ltr'>δὲ</span> <span class='ocrx_word' id='word_1_480' title='bbox 640 3265 779 3333; x_wconf 87' lang='grc' dir='ltr'>μετὰ</span> <span class='ocrx_word' id='word_1_481' title='bbox 836 3266 934 3333; x_wconf 78' lang='grc' dir='ltr'>τὴν</span> <span class='ocrx_word' id='word_1_482' title='bbox 960 3264 1175 3318; x_wconf 70' lang='grc' dir='ltr'>ἕνωσιν.</span> <span class='ocrx_word' id='word_1_483' title='bbox 1220 3266 1333 3320; x_wconf 77' lang='grc' dir='ltr'>Καὶ</span> <span class='ocrx_word' id='word_1_484' title='bbox 1370 3266 1452 3319; x_wconf 86' lang='grc' dir='ltr'>ὅτι</span> <span class='ocrx_word' id='word_1_485' title='bbox 1485 3268 1535 3318; x_wconf 84' lang='grc' dir='ltr'>οἱ</span> <span class='ocrx_word' id='word_1_486' title='bbox 1561 3267 1652 3320; x_wconf 85' lang='grc' dir='ltr'>τὸν</span> <span class='ocrx_word' id='word_1_487' title='bbox 1680 3266 1898 3336; x_wconf 84' lang='grc' dir='ltr'>Εὐτυχῆ</span> 
     </span>
    </p>
   </div>
   <div class='ocr_carea' id='block_1_64' title="bbox 311 3354 1901 3429">
    <p class='ocr_par' dir='ltr' id='par_1_64' title="bbox 311 3354 1901 3429">
     <span class='ocr_line' id='line_1_64' title="bbox 311 3354 1901 3429; baseline 0.003 -22"><span class='ocrx_word' id='word_1_488' title='bbox 311 3354 817 3424; x_wconf 80' lang='grc' dir='ltr'>ἀναθεματίζοντες</span> <span class='ocrx_word' id='word_1_489' title='bbox 840 3357 935 3407; x_wconf 70' lang='grc' dir='ltr'>καὶ</span> <span class='ocrx_word' id='word_1_490' title='bbox 973 3356 1041 3409; x_wconf 87' lang='grc' dir='ltr'>τὰ</span> <span class='ocrx_word' id='word_1_491' title='bbox 1084 3357 1249 3410; x_wconf 89' lang='grc' dir='ltr'>αὐτοῦ</span> <span class='ocrx_word' id='word_1_492' title='bbox 1284 3358 1526 3428; x_wconf 85' lang='grc' dir='ltr'>δόγματα</span> <span class='ocrx_word' id='word_1_493' title='bbox 1557 3359 1901 3429; x_wconf 87' lang='grc' dir='ltr'>παραχρῆμα</span> 
     </span>
    </p>
   </div>
   <div class='ocr_carea' id='block_1_65' title="bbox 314 3447 1901 3520">
    <p class='ocr_par' dir='ltr' id='par_1_65' title="bbox 314 3447 1901 3520">
     <span class='ocr_line' id='line_1_65' title="bbox 314 3447 1901 3520; baseline 0.003 -22"><span class='ocrx_word' id='word_1_494' title='bbox 314 3449 417 3499; x_wconf 76' lang='grc' dir='ltr'>κα).</span> <span class='ocrx_word' id='word_1_495' title='bbox 449 3447 674 3509; x_wconf 84' lang='grc' dir='ltr'>ἄκοντες</span> <span class='ocrx_word' id='word_1_496' title='bbox 702 3449 801 3517; x_wconf 81' lang='grc' dir='ltr'>τὴν</span> <span class='ocrx_word' id='word_1_497' title='bbox 835 3448 1217 3519; x_wconf 83' lang='grc' dir='ltr'>οἱκουμενικὴν</span> <span class='ocrx_word' id='word_1_498' title='bbox 1265 3450 1531 3520; x_wconf 85' lang='grc' dir='ltr'>τετάρτην</span> <span class='ocrx_word' id='word_1_499' title='bbox 1572 3450 1901 3520; x_wconf 85' lang='grc' dir='ltr'>κηρύττουσι</span> 
     </span>
    </p>
   </div>
   <div class='ocr_carea' id='block_1_66' title="bbox 314 3537 1902 3611">
    <p class='ocr_par' dir='ltr' id='par_1_66' title="bbox 314 3537 1902 3611">
     <span class='ocr_line' id='line_1_66' title="bbox 314 3537 1902 3611; baseline 0.003 -22"><span class='ocrx_word' id='word_1_500' title='bbox 314 3537 544 3591; x_wconf 83' lang='grc' dir='ltr'>σύνοδον</span> <span class='ocrx_word' id='word_1_501' title='bbox 570 3557 581 3570; x_wconf 80' lang='grc'><em>’</em></span> <span class='ocrx_word' id='word_1_502' title='bbox 612 3539 712 3591; x_wconf 85' lang='grc' dir='ltr'>οὐκ</span> <span class='ocrx_word' id='word_1_503' title='bbox 733 3538 866 3609; x_wconf 82' lang='grc' dir='ltr'>ἄλλη</span> <span class='ocrx_word' id='word_1_504' title='bbox 885 3539 992 3609; x_wconf 75' lang='grc' dir='ltr'>γὰρ</span> <span class='ocrx_word' id='word_1_505' title='bbox 1008 3540 1357 3610; x_wconf 84' lang='grc' dir='ltr'>οίκουμενικὴ</span> <span class='ocrx_word' id='word_1_506' title='bbox 1382 3540 1618 3604; x_wconf 86' lang='grc' dir='ltr'>σύνοδος.</span> <span class='ocrx_word' id='word_1_507' title='bbox 1632 3542 1745 3594; x_wconf 81' lang='grc' dir='ltr'>ἀλλ’</span> <span class='ocrx_word' id='word_1_508' title='bbox 1763 3540 1902 3611; x_wconf 82' lang='grc' dir='ltr'>αὐτη</span> 
     </span>
    </p>
   </div>
   <div class='ocr_carea' id='block_1_67' title="bbox 318 3630 1900 3704">
    <p class='ocr_par' dir='ltr' id='par_1_67' title="bbox 318 3630 1900 3704">
     <span class='ocr_line' id='line_1_67' title="bbox 318 3630 1900 3704; baseline 0.001 -21"><span class='ocrx_word' id='word_1_509' title='bbox 318 3632 464 3701; x_wconf 83' lang='grc' dir='ltr'>μόνη</span> <span class='ocrx_word' id='word_1_510' title='bbox 492 3630 750 3700; x_wconf 85' lang='grc' dir='ltr'>δεχθέντα</span> <span class='ocrx_word' id='word_1_511' title='bbox 782 3630 921 3698; x_wconf 88' lang='grc' dir='ltr'>μετά</span> <span class='ocrx_word' id='word_1_512' title='bbox 950 3631 1059 3686; x_wconf 86' lang='grc' dir='ltr'>τῶν</span> <span class='ocrx_word' id='word_1_513' title='bbox 1092 3632 1397 3703; x_wconf 84' lang='grc' dir='ltr'>βδελυκτῶν</span> <span class='ocrx_word' id='word_1_514' title='bbox 1420 3633 1586 3686; x_wconf 82' lang='grc' dir='ltr'>αὐτοῦ</span> <span class='ocrx_word' id='word_1_515' title='bbox 1614 3633 1900 3704; x_wconf 82' lang='grc' dir='ltr'>δογμάτων</span> 
     </span>
    </p>
   </div>
   <div class='ocr_carea' id='block_1_68' title="bbox 314 3721 1900 3794">
    <p class='ocr_par' dir='ltr' id='par_1_68' title="bbox 314 3721 1900 3794">
     <span class='ocr_line' id='line_1_68' title="bbox 314 3721 1900 3794; baseline 0.002 -21"><span class='ocrx_word' id='word_1_516' title='bbox 314 3721 598 3791; x_wconf 79' lang='grc' dir='ltr'>(καθάκαὶ</span> <span class='ocrx_word' id='word_1_517' title='bbox 628 3722 975 3794; x_wconf 86' lang='grc' dir='ltr'>προείρηται)</span> <span class='ocrx_word' id='word_1_518' title='bbox 1006 3724 1154 3791; x_wconf 77' lang='grc' dir='ltr'>παρὰ</span> <span class='ocrx_word' id='word_1_519' title='bbox 1170 3726 1267 3793; x_wconf 81' lang='grc' dir='ltr'>τῆς</span> <span class='ocrx_word' id='word_1_520' title='bbox 1288 3723 1585 3794; x_wconf 78' lang='grc' dir='ltr'>λῃστρικῆς</span> <span class='ocrx_word' id='word_1_521' title='bbox 1604 3725 1660 3775; x_wconf 84' lang='grc' dir='ltr'>ὲν</span> <span class='ocrx_word' id='word_1_522' title='bbox 1689 3723 1900 3793; x_wconf 87' lang='grc' dir='ltr'>Ἐφέσῳ</span> 
     </span>
    </p>
   </div>
   <div class='ocr_carea' id='block_1_69' title="bbox 314 3815 1903 3886">
    <p class='ocr_par' dir='ltr' id='par_1_69' title="bbox 314 3815 1903 3886">
     <span class='ocr_line' id='line_1_69' title="bbox 314 3815 1903 3886; baseline 0.001 -20"><span class='ocrx_word' id='word_1_523' title='bbox 314 3815 585 3884; x_wconf 82' lang='grc' dir='ltr'>δευτέρας</span> <span class='ocrx_word' id='word_1_524' title='bbox 641 3816 861 3868; x_wconf 87' lang='grc' dir='ltr'>συνόδου</span> <span class='ocrx_word' id='word_1_525' title='bbox 915 3815 1107 3867; x_wconf 88' lang='grc' dir='ltr'>τοῦτον</span> <span class='ocrx_word' id='word_1_526' title='bbox 1153 3817 1198 3846; x_wconf 80' lang='grc'>’¹²</span> <span class='ocrx_word' id='word_1_527' title='bbox 1230 3816 1513 3878; x_wconf 84' lang='grc' dir='ltr'>παντελῶς</span> <span class='ocrx_word' id='word_1_528' title='bbox 1566 3816 1793 3886; x_wconf 82' lang='grc' dir='ltr'>ὲξέτεμέ</span> <span class='ocrx_word' id='word_1_529' title='bbox 1842 3833 1903 3869; x_wconf 90' lang='grc' dir='ltr'>τε</span> 
     </span>
    </p>
   </div>
   <div class='ocr_carea' id='block_1_70' title="bbox 321 3907 1901 3979">
    <p class='ocr_par' dir='ltr' id='par_1_70' title="bbox 321 3907 1901 3979">
     <span class='ocr_line' id='line_1_70' title="bbox 321 3907 1901 3979; baseline 0.001 -20"><span class='ocrx_word' id='word_1_530' title='bbox 321 3907 422 3959; x_wconf 73' lang='grc' dir='ltr'>καὶ</span> <span class='ocrx_word' id='word_1_531' title='bbox 451 3907 822 3977; x_wconf 80' lang='grc' dir='ltr'>ἀπεκήρυξεν.</span> <span class='ocrx_word' id='word_1_532' title='bbox 865 3909 1051 3960; x_wconf 84' lang='grc' dir='ltr'>Ἐοικε</span> <span class='ocrx_word' id='word_1_533' title='bbox 1086 3908 1144 3961; x_wconf 83' lang='grc' dir='ltr'>δὲ</span> <span class='ocrx_word' id='word_1_534' title='bbox 1176 3908 1349 3961; x_wconf 86' lang='grc' dir='ltr'>ταῦτα</span> <span class='ocrx_word' id='word_1_535' title='bbox 1380 3909 1615 3978; x_wconf 88' lang='grc' dir='ltr'>γράφειν</span> <span class='ocrx_word' id='word_1_536' title='bbox 1660 3908 1901 3979; x_wconf 79' lang='grc' dir='ltr'>’Λνθίμῳ</span> 
     </span>
    </p>
   </div>
   <div class='ocr_carea' id='block_1_71' title="bbox 321 3998 1902 4071">
    <p class='ocr_par' dir='ltr' id='par_1_71' title="bbox 321 3998 1902 4071">
     <span class='ocr_line' id='line_1_71' title="bbox 321 3998 1902 4071; baseline 0.002 -21"><span class='ocrx_word' id='word_1_537' title='bbox 321 3999 748 4066; x_wconf 75' lang='grc' dir='ltr'>παρουσιάζοντι</span> <span class='ocrx_word' id='word_1_538' title='bbox 792 3999 889 4071; x_wconf 83' lang='grc' dir='ltr'>μὲν</span> <span class='ocrx_word' id='word_1_539' title='bbox 919 4003 985 4070; x_wconf 81' lang='grc' dir='ltr'>τῇ</span> <span class='ocrx_word' id='word_1_540' title='bbox 1022 3999 1253 4070; x_wconf 80' lang='grc' dir='ltr'>βασιλίδι</span> <span class='ocrx_word' id='word_1_541' title='bbox 1284 3999 1460 4065; x_wconf 89' lang='grc' dir='ltr'>πόλει,</span> <span class='ocrx_word' id='word_1_542' title='bbox 1495 3998 1650 4053; x_wconf 80' lang='grc' dir='ltr'>οὐπω</span> <span class='ocrx_word' id='word_1_543' title='bbox 1683 4000 1743 4052; x_wconf 80' lang='grc' dir='ltr'>δὲ</span> <span class='ocrx_word' id='word_1_544' title='bbox 1774 4001 1902 4063; x_wconf 84' lang='grc' dir='ltr'>τοὺς</span> 
     </span>
    </p>
   </div>
   <div class='ocr_carea' id='block_1_72' title="bbox 2005 3169 3585 3243">
    <p class='ocr_par' dir='ltr' id='par_1_72' title="bbox 2005 3169 3585 3243">
     <span class='ocr_line' id='line_1_72' title="bbox 2005 3169 3585 3243; baseline 0.001 -17"><span class='ocrx_word' id='word_1_545' title='bbox 2005 3171 2114 3226; x_wconf 87' lang='lat' dir='ltr'><strong>cris</strong></span> <span class='ocrx_word' id='word_1_546' title='bbox 2148 3170 2505 3234; x_wconf 88' lang='lat' dir='ltr'><strong>interdicunt,</strong></span> <span class='ocrx_word' id='word_1_547' title='bbox 2545 3169 2744 3241; x_wconf 59' lang='lat' dir='ltr'>248a</span> <span class='ocrx_word' id='word_1_548' title='bbox 2782 3180 2842 3224; x_wconf 90' lang='lat' dir='ltr'>et</span> <span class='ocrx_word' id='word_1_549' title='bbox 2886 3169 3001 3239; x_wconf 84' lang='lat' dir='ltr'><strong>ejus</strong></span> <span class='ocrx_word' id='word_1_550' title='bbox 3030 3172 3334 3240; x_wconf 89' lang='lat' dir='ltr'><strong>opiniones,</strong></span> <span class='ocrx_word' id='word_1_551' title='bbox 3366 3175 3429 3226; x_wconf 86' lang='lat' dir='ltr'>de</span> <span class='ocrx_word' id='word_1_552' title='bbox 3464 3174 3585 3243; x_wconf 87' lang='lat' dir='ltr'><strong>pla-</strong></span> 
     </span>
    </p>
   </div>
   <div class='ocr_carea' id='block_1_73' title="bbox 2008 3261 3588 3334">
    <p class='ocr_par' dir='ltr' id='par_1_73' title="bbox 2008 3261 3588 3334">
     <span class='ocr_line' id='line_1_73' title="bbox 2008 3261 3588 3334; baseline 0.003 -19"><span class='ocrx_word' id='word_1_553' title='bbox 2008 3278 2098 3327; x_wconf 88' lang='lat' dir='ltr'>no,</span> <span class='ocrx_word' id='word_1_554' title='bbox 2134 3271 2296 3330; x_wconf 88' lang='lat' dir='ltr'><strong>atque</strong></span> <span class='ocrx_word' id='word_1_555' title='bbox 2349 3261 2505 3315; x_wconf 86' lang='lat' dir='ltr'><strong>inviti</strong></span> <span class='ocrx_word' id='word_1_556' title='bbox 2564 3264 2956 3317; x_wconf 71' lang='lat' dir='ltr'><strong>oecumenicam</strong></span> <span class='ocrx_word' id='word_1_557' title='bbox 2981 3272 3229 3332; x_wconf 89' lang='lat' dir='ltr'><strong>quartam</strong></span> <span class='ocrx_word' id='word_1_558' title='bbox 3288 3266 3588 3334; x_wconf 76' lang='lat' dir='ltr'><strong>przedicant</strong></span> 
     </span>
    </p>
   </div>
   <div class='ocr_carea' id='block_1_74' title="bbox 2007 3353 3583 3426">
    <p class='ocr_par' dir='ltr' id='par_1_74' title="bbox 2007 3353 3583 3426">
     <span class='ocr_line' id='line_1_74' title="bbox 2007 3353 3583 3426; baseline 0.003 -19"><span class='ocrx_word' id='word_1_559' title='bbox 2007 3356 2271 3424; x_wconf 83' lang='lat' dir='ltr'><strong>synodum</strong></span> <span class='ocrx_word' id='word_1_560' title='bbox 2318 3368 2334 3408; x_wconf 89' lang='lat'><strong>:</strong></span> <span class='ocrx_word' id='word_1_561' title='bbox 2381 3369 2487 3407; x_wconf 91' lang='lat' dir='ltr'>non</span> <span class='ocrx_word' id='word_1_562' title='bbox 2528 3353 2631 3407; x_wconf 88' lang='lat' dir='ltr'><strong>alia</strong></span> <span class='ocrx_word' id='word_1_563' title='bbox 2664 3356 2807 3408; x_wconf 86' lang='lat' dir='ltr'><strong>enim</strong></span> <span class='ocrx_word' id='word_1_564' title='bbox 2835 3356 3164 3409; x_wconf 66' lang='lat' dir='ltr'><strong>(acumenica</strong></span> <span class='ocrx_word' id='word_1_565' title='bbox 3197 3361 3432 3426; x_wconf 86' lang='lat' dir='ltr'><strong>synodus</strong></span> <span class='ocrx_word' id='word_1_566' title='bbox 3461 3357 3583 3419; x_wconf 83' lang='lat' dir='ltr'><strong>fuit.</strong></span> 
     </span>
    </p>
   </div>
   <div class='ocr_carea' id='block_1_75' title="bbox 2009 3446 3583 3517">
    <p class='ocr_par' dir='ltr' id='par_1_75' title="bbox 2009 3446 3583 3517">
     <span class='ocr_line' id='line_1_75' title="bbox 2009 3446 3583 3517; baseline 0.001 -17"><span class='ocrx_word' id='word_1_567' title='bbox 2009 3446 2103 3501; x_wconf 89' lang='lat' dir='ltr'>sed</span> <span class='ocrx_word' id='word_1_568' title='bbox 2146 3461 2207 3500; x_wconf 88' lang='lat' dir='ltr'>ea</span> <span class='ocrx_word' id='word_1_569' title='bbox 2237 3446 2375 3514; x_wconf 88' lang='lat' dir='ltr'><strong>sola,</strong></span> <span class='ocrx_word' id='word_1_570' title='bbox 2410 3456 2723 3517; x_wconf 88' lang='lat' dir='ltr'><strong>susceptmu</strong></span> <span class='ocrx_word' id='word_1_571' title='bbox 2758 3462 2879 3501; x_wconf 88' lang='lat' dir='ltr'>eum</span> <span class='ocrx_word' id='word_1_572' title='bbox 2914 3446 3185 3515; x_wconf 83' lang='lat' dir='ltr'><strong>pestiferis</strong></span> <span class='ocrx_word' id='word_1_573' title='bbox 3212 3448 3327 3515; x_wconf 83' lang='lat' dir='ltr'><strong>ejus</strong></span> <span class='ocrx_word' id='word_1_574' title='bbox 3369 3449 3583 3513; x_wconf 86' lang='lat' dir='ltr'><strong>opinio-</strong></span> 
     </span>
    </p>
   </div>
   <div class='ocr_carea' id='block_1_76' title="bbox 2011 3537 3582 3610">
    <p class='ocr_par' dir='ltr' id='par_1_76' title="bbox 2011 3537 3582 3610">
     <span class='ocr_line' id='line_1_76' title="bbox 2011 3537 3582 3610; baseline 0.001 -17"><span class='ocrx_word' id='word_1_575' title='bbox 2011 3537 2195 3600; x_wconf 86' lang='lat' dir='ltr'><strong>nibus,</strong></span> <span class='ocrx_word' id='word_1_576' title='bbox 2232 3546 2291 3591; x_wconf 89' lang='lat' dir='ltr'>ut</span> <span class='ocrx_word' id='word_1_577' title='bbox 2345 3538 2602 3601; x_wconf 79' lang='lat' dir='ltr'><strong>diximus,</strong></span> <span class='ocrx_word' id='word_1_578' title='bbox 2654 3538 2707 3592; x_wconf 92' lang='lat' dir='ltr'>in</span> <span class='ocrx_word' id='word_1_579' title='bbox 2763 3537 2965 3607; x_wconf 80' lang='lat' dir='ltr'><strong>perﬁda</strong></span> <span class='ocrx_word' id='word_1_580' title='bbox 3026 3538 3115 3591; x_wconf 88' lang='lat' dir='ltr'><strong>illa</strong></span> <span class='ocrx_word' id='word_1_581' title='bbox 3160 3539 3368 3610; x_wconf 87' lang='lat' dir='ltr'><strong>synodo</strong></span> <span class='ocrx_word' id='word_1_582' title='bbox 3403 3539 3582 3608; x_wconf 35' lang='lat' dir='ltr'><strong>Ephes</strong></span> 
     </span>
    </p>
   </div>
   <div class='ocr_carea' id='block_1_77' title="bbox 2009 3630 3591 3702">
    <p class='ocr_par' dir='ltr' id='par_1_77' title="bbox 2009 3630 3591 3702">
     <span class='ocr_line' id='line_1_77' title="bbox 2009 3630 3591 3702; baseline 0.003 -17"><span class='ocrx_word' id='word_1_583' title='bbox 2009 3630 2149 3693; x_wconf 87' lang='lat' dir='ltr'><strong>sina,</strong></span> <span class='ocrx_word' id='word_1_584' title='bbox 2182 3631 2283 3685; x_wconf 87' lang='lat' dir='ltr'>hoc</span> <span class='ocrx_word' id='word_1_585' title='bbox 2314 3630 2537 3685; x_wconf 90' lang='lat' dir='ltr'><strong>omnino</strong></span> <span class='ocrx_word' id='word_1_586' title='bbox 2565 3631 2752 3699; x_wconf 74' lang='lat' dir='ltr'><strong>reiecit</strong></span> <span class='ocrx_word' id='word_1_587' title='bbox 2782 3641 2836 3685; x_wconf 88' lang='lat' dir='ltr'>et</span> <span class='ocrx_word' id='word_1_588' title='bbox 2858 3632 3156 3685; x_wconf 87' lang='lat' dir='ltr'><strong>damnavit.</strong></span> <span class='ocrx_word' id='word_1_589' title='bbox 3188 3633 3421 3702; x_wconf 87' lang='lat' dir='ltr'><strong>Apparet</strong></span> <span class='ocrx_word' id='word_1_590' title='bbox 3456 3649 3591 3689; x_wconf 87' lang='lat' dir='ltr'><strong>vero</strong></span> 
     </span>
    </p>
   </div>
   <div class='ocr_carea' id='block_1_78' title="bbox 2008 3724 3586 3794">
    <p class='ocr_par' dir='ltr' id='par_1_78' title="bbox 2008 3724 3586 3794">
     <span class='ocr_line' id='line_1_78' title="bbox 2008 3724 3586 3794; baseline 0.003 -16"><span class='ocrx_word' id='word_1_591' title='bbox 2008 3725 2263 3779; x_wconf 77' lang='lat' dir='ltr'><strong>Autliimo</strong></span> <span class='ocrx_word' id='word_1_592' title='bbox 2308 3725 2421 3778; x_wconf 65' lang='lat' dir='ltr'><strong>haec</strong></span> <span class='ocrx_word' id='word_1_593' title='bbox 2470 3724 2757 3791; x_wconf 88' lang='lat' dir='ltr'><strong>scripsisse</strong></span> <span class='ocrx_word' id='word_1_594' title='bbox 2808 3724 2859 3777; x_wconf 93' lang='lat' dir='ltr'>in</span> <span class='ocrx_word' id='word_1_595' title='bbox 2893 3725 3037 3794; x_wconf 83' lang='lat' dir='ltr'><strong>regia</strong></span> <span class='ocrx_word' id='word_1_596' title='bbox 3074 3724 3208 3779; x_wconf 85' lang='lat' dir='ltr'><strong>urbe</strong></span> <span class='ocrx_word' id='word_1_597' title='bbox 3238 3728 3498 3791; x_wconf 84' lang='lat' dir='ltr'><strong>versanti,</strong></span> <span class='ocrx_word' id='word_1_598' title='bbox 3529 3739 3586 3782; x_wconf 88' lang='lat' dir='ltr'>et</span> 
     </span>
    </p>
   </div>
   <div class='ocr_carea' id='block_1_79' title="bbox 2012 3802 3586 3884">
    <p class='ocr_par' dir='ltr' id='par_1_79' title="bbox 2012 3802 3586 3884">
     <span class='ocr_line' id='line_1_79' title="bbox 2012 3802 3586 3884; baseline -0.001 -16"><span class='ocrx_word' id='word_1_599' title='bbox 2012 3830 2287 3884; x_wconf 89' lang='lat' dir='ltr'><strong>nunquam</strong></span> <span class='ocrx_word' id='word_1_600' title='bbox 2341 3828 2529 3868; x_wconf 88' lang='lat' dir='ltr'><strong>sacras</strong></span> <span class='ocrx_word' id='word_1_601' title='bbox 2570 3814 2712 3867; x_wconf 91' lang='lat' dir='ltr'><strong>illius</strong></span> <span class='ocrx_word' id='word_1_602' title='bbox 2743 3802 2893 3883; x_wconf 78' lang='lat' dir='ltr'><strong>leges</strong></span> <span class='ocrx_word' id='word_1_603' title='bbox 2928 3814 3176 3879; x_wconf 80' lang='lat' dir='ltr'><strong>violasse,</strong></span> <span class='ocrx_word' id='word_1_604' title='bbox 3206 3829 3365 3881; x_wconf 87' lang='lat' dir='ltr'><strong>quem</strong></span> <span class='ocrx_word' id='word_1_605' title='bbox 3404 3827 3459 3868; x_wconf 92' lang='lat' dir='ltr'>et</span> <span class='ocrx_word' id='word_1_606' title='bbox 3488 3819 3586 3869; x_wconf 84' lang='lat' dir='ltr'><strong>ad-</strong></span> 
     </span>
    </p>
   </div>
   <div class='ocr_carea' id='block_1_80' title="bbox 2008 3904 3582 3975">
    <p class='ocr_par' dir='ltr' id='par_1_80' title="bbox 2008 3904 3582 3975">
     <span class='ocr_line' id='line_1_80' title="bbox 2008 3904 3582 3975; baseline 0.001 -15"><span class='ocrx_word' id='word_1_607' title='bbox 2008 3921 2200 3960; x_wconf 81' lang='lat' dir='ltr'><strong>versus</strong></span> <span class='ocrx_word' id='word_1_608' title='bbox 2234 3904 2593 3960; x_wconf 83' lang='lat' dir='ltr'><strong>Nestorianos</strong></span> <span class='ocrx_word' id='word_1_609' title='bbox 2638 3912 2694 3958; x_wconf 90' lang='lat' dir='ltr'>et</span> <span class='ocrx_word' id='word_1_610' title='bbox 2722 3904 3092 3975; x_wconf 84' lang='lat' dir='ltr'><strong>Eutychianos</strong></span> <span class='ocrx_word' id='word_1_611' title='bbox 3126 3914 3337 3959; x_wconf 88' lang='lat' dir='ltr'><strong>certare</strong></span> <span class='ocrx_word' id='word_1_612' title='bbox 3366 3907 3582 3961; x_wconf 86' lang='lat' dir='ltr'><strong>suadet.</strong></span> 
     </span>
    </p>
   </div>
   <div class='ocr_carea' id='block_1_81' title="bbox 2012 3997 3191 4069">
    <p class='ocr_par' dir='ltr' id='par_1_81' title="bbox 2012 3997 3191 4069">
     <span class='ocr_line' id='line_1_81' title="bbox 2012 3997 3191 4069; baseline -0.003 -16"><span class='ocrx_word' id='word_1_613' title='bbox 2012 3999 2132 4053; x_wconf 79' lang='lat' dir='ltr'><strong>Haec</strong></span> <span class='ocrx_word' id='word_1_614' title='bbox 2163 4000 2380 4067; x_wconf 86' lang='lat' dir='ltr'><strong>quidem</strong></span> <span class='ocrx_word' id='word_1_615' title='bbox 2409 3998 2633 4069; x_wconf 87' lang='lat' dir='ltr'><strong>epistola</strong></span> <span class='ocrx_word' id='word_1_616' title='bbox 2669 3997 2757 4051; x_wconf 90' lang='lat' dir='ltr'><strong>illa</strong></span> <span class='ocrx_word' id='word_1_617' title='bbox 2793 3997 3191 4064; x_wconf 86' lang='lat' dir='ltr'><strong>complectitur.</strong></span> 
     </span>
    </p>
   </div>
   <div class='ocr_carea' id='block_1_82' title="bbox 314 4093 3585 4167">
    <p class='ocr_par' dir='ltr' id='par_1_82' title="bbox 314 4093 3585 4167">
     <span class='ocr_line' id='line_1_82' title="bbox 314 4093 3585 4167; baseline -0.001 -18"><span class='ocrx_word' id='word_1_618' title='bbox 314 4097 743 4165; x_wconf 81' lang='grc' dir='ltr'>άρχιερατικούς</span> <span class='ocrx_word' id='word_1_619' title='bbox 805 4096 976 4164; x_wconf 83' lang='grc' dir='ltr'>αὐτῆς</span> <span class='ocrx_word' id='word_1_620' title='bbox 1053 4096 1339 4149; x_wconf 85' lang='grc' dir='ltr'>ὑπελθόντι</span> <span class='ocrx_word' id='word_1_621' title='bbox 1398 4095 1631 4166; x_wconf 81' lang='grc' dir='ltr'>νόμους·</span> <span class='ocrx_word' id='word_1_622' title='bbox 1694 4095 1753 4149; x_wconf 87' lang='grc' dir='ltr'>ὃν</span> <span class='ocrx_word' id='word_1_623' title='bbox 1804 4094 1899 4148; x_wconf 75' lang='grc' dir='ltr'>καὶ</span> <span class='ocrx_word' id='word_1_624' title='bbox 1939 4099 2200 4163; x_wconf 87' lang='grc' dir='ltr'>παραινεῖ</span> <span class='ocrx_word' id='word_1_625' title='bbox 2259 4096 2403 4147; x_wconf 88' lang='grc' dir='ltr'>κατά</span> <span class='ocrx_word' id='word_1_626' title='bbox 2448 4112 2507 4147; x_wconf 93' lang='grc' dir='ltr'>τε</span> <span class='ocrx_word' id='word_1_627' title='bbox 2563 4094 2672 4146; x_wconf 87' lang='grc' dir='ltr'>τῶν</span> <span class='ocrx_word' id='word_1_628' title='bbox 2699 4094 3078 4162; x_wconf 84' lang='grc' dir='ltr'>Νεστοριανῶν</span> <span class='ocrx_word' id='word_1_629' title='bbox 3125 4093 3218 4147; x_wconf 74' lang='grc' dir='ltr'>καὶ</span> <span class='ocrx_word' id='word_1_630' title='bbox 3279 4093 3389 4147; x_wconf 85' lang='grc' dir='ltr'>τῶν</span> <span class='ocrx_word' id='word_1_631' title='bbox 3450 4112 3585 4167; x_wconf 83' lang='grc' dir='ltr'>φρο-</span> 
     </span>
    </p>
   </div>
   <div class='ocr_carea' id='block_1_83' title="bbox 311 4189 2857 4263">
    <p class='ocr_par' dir='ltr' id='par_1_83' title="bbox 311 4189 2857 4263">
     <span class='ocr_line' id='line_1_83' title="bbox 311 4189 2857 4263; baseline -0.001 -16"><span class='ocrx_word' id='word_1_632' title='bbox 311 4192 557 4247; x_wconf 84' lang='grc' dir='ltr'>νούντων</span> <span class='ocrx_word' id='word_1_633' title='bbox 577 4192 647 4245; x_wconf 80' lang='grc' dir='ltr'>τὰ</span> <span class='ocrx_word' id='word_1_634' title='bbox 685 4191 958 4261; x_wconf 82' lang='grc' dir='ltr'>Εὐτυχοῦς</span> <span class='ocrx_word' id='word_1_635' title='bbox 981 4192 1366 4259; x_wconf 82' lang='grc' dir='ltr'>ἀγωνίζεσθαι.</span> <span class='ocrx_word' id='word_1_636' title='bbox 1404 4191 1565 4245; x_wconf 85' lang='grc' dir='ltr'>Ἀλλά</span> <span class='ocrx_word' id='word_1_637' title='bbox 1593 4191 1765 4244; x_wconf 84' lang='grc' dir='ltr'>ταῦτα</span> <span class='ocrx_word' id='word_1_638' title='bbox 1798 4193 1897 4261; x_wconf 83' lang='grc' dir='ltr'>μὲν</span> <span class='ocrx_word' id='word_1_639' title='bbox 1937 4193 2034 4247; x_wconf 79' lang='grc' dir='ltr'>καὶ</span> <span class='ocrx_word' id='word_1_640' title='bbox 2067 4192 2371 4263; x_wconf 85' lang='grc' dir='ltr'>ήπαροῦσα</span> <span class='ocrx_word' id='word_1_641' title='bbox 2398 4192 2545 4259; x_wconf 86' lang='grc' dir='ltr'>λέγει</span> <span class='ocrx_word' id='word_1_642' title='bbox 2576 4189 2857 4260; x_wconf 82' lang='grc' dir='ltr'>ἐπιστολή.</span> 
     </span>
    </p>
   </div>
   <div class='ocr_carea' id='block_1_84' title="bbox 403 4281 1900 4354">
    <p class='ocr_par' dir='ltr' id='par_1_84' title="bbox 403 4282 1900 4354">
     <span class='ocr_line' id='line_1_84' title="bbox 403 4282 1900 4354; baseline 0.001 -19"><span class='ocrx_word' id='word_1_643' title='bbox 403 4283 473 4335; x_wconf 81' lang='grc' dir='ltr'><strong>Ἦ</strong></span> <span class='ocrx_word' id='word_1_644' title='bbox 492 4283 548 4335; x_wconf 85' lang='grc' dir='ltr'>δὲ</span> <span class='ocrx_word' id='word_1_645' title='bbox 570 4282 705 4353; x_wconf 79' lang='grc' dir='ltr'>πρὸς</span> <span class='ocrx_word' id='word_1_646' title='bbox 729 4283 944 4352; x_wconf 78' lang='grc' dir='ltr'>Βράζην</span> <span class='ocrx_word' id='word_1_647' title='bbox 980 4283 1072 4335; x_wconf 84' lang='grc' dir='ltr'>τὸν</span> <span class='ocrx_word' id='word_1_648' title='bbox 1104 4283 1340 4353; x_wconf 80' lang='grc' dir='ltr'>Πέρσην,</span> <span class='ocrx_word' id='word_1_649' title='bbox 1373 4284 1496 4335; x_wconf 72' lang='grc' dir='ltr'>ἐπεὶ</span> <span class='ocrx_word' id='word_1_650' title='bbox 1516 4284 1674 4335; x_wconf 88' lang='grc' dir='ltr'>τοῦτο</span> <span class='ocrx_word' id='word_1_651' title='bbox 1703 4284 1900 4354; x_wconf 80' lang='grc' dir='ltr'>ᾔτησεν</span> 
     </span>
    </p>
   </div>
   <div class='ocr_carea' id='block_1_85' title="bbox 2006 4281 3586 4354">
    <p class='ocr_par' dir='ltr' id='par_1_85' title="bbox 2084 4281 3586 4352">
     <span class='ocr_line' id='line_1_85' title="bbox 2084 4281 3586 4352; baseline 0.001 -13"><span class='ocrx_word' id='word_1_652' title='bbox 2084 4288 2214 4352; x_wconf 68' lang='lat' dir='ltr'><strong>Quae</strong></span> <span class='ocrx_word' id='word_1_653' title='bbox 2257 4299 2389 4339; x_wconf 80' lang='lat' dir='ltr'><strong>vero</strong></span> <span class='ocrx_word' id='word_1_654' title='bbox 2429 4283 2496 4337; x_wconf 90' lang='lat' dir='ltr'>ad</span> <span class='ocrx_word' id='word_1_655' title='bbox 2539 4282 2740 4337; x_wconf 90' lang='lat' dir='ltr'><strong>Brasen</strong></span> <span class='ocrx_word' id='word_1_656' title='bbox 2770 4281 2989 4337; x_wconf 90' lang='lat' dir='ltr'><strong>Persam</strong></span> <span class='ocrx_word' id='word_1_657' title='bbox 3040 4284 3159 4337; x_wconf 80' lang='lat' dir='ltr'><strong>data</strong></span> <span class='ocrx_word' id='word_1_658' title='bbox 3192 4293 3295 4346; x_wconf 87' lang='lat' dir='ltr'><strong>est,</strong></span> <span class='ocrx_word' id='word_1_659' title='bbox 3332 4299 3453 4339; x_wconf 89' lang='lat' dir='ltr'>cum</span> <span class='ocrx_word' id='word_1_660' title='bbox 3484 4287 3586 4341; x_wconf 91' lang='lat' dir='ltr'>hoc</span> 
     </span>
    </p>
   </div>
   <div class='ocr_carea' id='block_1_86' title="bbox 306 4374 1900 4448">
    <p class='ocr_par' dir='ltr' id='par_1_86' title="bbox 306 4376 1900 4448">
     <span class='ocr_line' id='line_1_86' title="bbox 306 4376 1900 4448; baseline 0 -19"><span class='ocrx_word' id='word_1_661' title='bbox 306 4378 549 4439; x_wconf 72' lang='grc' dir='ltr'>ἐκεῖνος,</span> <span class='ocrx_word' id='word_1_662' title='bbox 584 4379 650 4429; x_wconf 85' lang='grc' dir='ltr'>ὲκ</span> <span class='ocrx_word' id='word_1_663' title='bbox 680 4377 789 4429; x_wconf 84' lang='grc' dir='ltr'>τῶν</span> <span class='ocrx_word' id='word_1_664' title='bbox 816 4376 977 4429; x_wconf 86' lang='grc' dir='ltr'>θείων</span> <span class='ocrx_word' id='word_1_665' title='bbox 1000 4376 1232 4447; x_wconf 85' lang='grc' dir='ltr'>Γραφῶν</span> <span class='ocrx_word' id='word_1_666' title='bbox 1247 4376 1360 4429; x_wconf 85' lang='grc' dir='ltr'>ἀλλ’</span> <span class='ocrx_word' id='word_1_667' title='bbox 1392 4377 1490 4429; x_wconf 89' lang='grc' dir='ltr'>οὐκ</span> <span class='ocrx_word' id='word_1_668' title='bbox 1520 4379 1584 4429; x_wconf 82' lang='grc' dir='ltr'>ὲκ</span> <span class='ocrx_word' id='word_1_669' title='bbox 1615 4377 1900 4448; x_wconf 85' lang='grc' dir='ltr'>Πατρικῶν</span> 
     </span>
    </p>
   </div>
   <div class='ocr_carea' id='block_1_87' title="bbox 2006 4374 3583 4448">
    <p class='ocr_par' dir='ltr' id='par_1_87' title="bbox 2012 4374 3583 4445">
     <span class='ocr_line' id='line_1_87' title="bbox 2012 4374 3583 4445; baseline -0.001 -14"><span class='ocrx_word' id='word_1_670' title='bbox 2012 4376 2339 4445; x_wconf 88' lang='lat' dir='ltr'><strong>postulasset</strong></span> <span class='ocrx_word' id='word_1_671' title='bbox 2370 4391 2399 4429; x_wconf 91' lang='lat' dir='ltr'>e</span> <span class='ocrx_word' id='word_1_672' title='bbox 2434 4390 2589 4430; x_wconf 87' lang='lat' dir='ltr'><strong>sacra</strong></span> <span class='ocrx_word' id='word_1_673' title='bbox 2635 4374 2937 4441; x_wconf 80' lang='lat' dir='ltr'><strong>Scriptura,</strong></span> <span class='ocrx_word' id='word_1_674' title='bbox 2971 4375 3061 4427; x_wconf 89' lang='lat' dir='ltr'>sed</span> <span class='ocrx_word' id='word_1_675' title='bbox 3091 4388 3195 4426; x_wconf 92' lang='lat' dir='ltr'>non</span> <span class='ocrx_word' id='word_1_676' title='bbox 3236 4389 3267 4429; x_wconf 91' lang='lat' dir='ltr'>e</span> <span class='ocrx_word' id='word_1_677' title='bbox 3309 4374 3583 4442; x_wconf 72' lang='lat' dir='ltr'><strong>Patrilius,</strong></span> 
     </span>
    </p>
   </div>
   <div class='ocr_carea' id='block_1_88' title="bbox 316 4448 1900 4537">
    <p class='ocr_par' dir='ltr' id='par_1_88' title="bbox 316 4464 1898 4537">
     <span class='ocr_line' id='line_1_88' title="bbox 316 4464 1898 4537; baseline -0.001 -18"><span class='ocrx_word' id='word_1_678' title='bbox 316 4466 644 4537; x_wconf 86' lang='grc' dir='ltr'>μαρτυριῶν</span> <span class='ocrx_word' id='word_1_679' title='bbox 672 4467 798 4535; x_wconf 83' lang='grc' dir='ltr'>περί</span> <span class='ocrx_word' id='word_1_680' title='bbox 828 4483 887 4517; x_wconf 87' lang='grc' dir='ltr'>τε</span> <span class='ocrx_word' id='word_1_681' title='bbox 912 4465 1006 4534; x_wconf 79' lang='grc' dir='ltr'>τῆς</span> <span class='ocrx_word' id='word_1_682' title='bbox 1031 4464 1192 4529; x_wconf 83' lang='grc' dir='ltr'>ἁγίας</span> <span class='ocrx_word' id='word_1_683' title='bbox 1220 4465 1317 4518; x_wconf 74' lang='grc' dir='ltr'>καὶ</span> <span class='ocrx_word' id='word_1_684' title='bbox 1351 4465 1638 4536; x_wconf 85' lang='grc' dir='ltr'>ὁμοουσίου</span> <span class='ocrx_word' id='word_1_685' title='bbox 1668 4464 1898 4536; x_wconf 86' lang='grc' dir='ltr'>Τριάδος</span> 
     </span>
    </p>
   </div>
   <div class='ocr_carea' id='block_1_89' title="bbox 2006 4448 3586 4537">
    <p class='ocr_par' dir='ltr' id='par_1_89' title="bbox 2009 4462 3586 4530">
     <span class='ocr_line' id='line_1_89' title="bbox 2009 4462 3586 4530; baseline 0.001 -9"><span class='ocrx_word' id='word_1_686' title='bbox 2009 4468 2073 4521; x_wconf 90' lang='lat' dir='ltr'>de</span> <span class='ocrx_word' id='word_1_687' title='bbox 2104 4478 2292 4523; x_wconf 86' lang='lat' dir='ltr'><strong>sancta</strong></span> <span class='ocrx_word' id='word_1_688' title='bbox 2340 4475 2394 4520; x_wconf 90' lang='lat' dir='ltr'>et</span> <span class='ocrx_word' id='word_1_689' title='bbox 2440 4463 2889 4521; x_wconf 87' lang='lat' dir='ltr'><strong>consubstantiali</strong></span> <span class='ocrx_word' id='word_1_690' title='bbox 2942 4462 3209 4517; x_wconf 85' lang='lat' dir='ltr'><strong>Triuitate</strong></span> <span class='ocrx_word' id='word_1_691' title='bbox 3236 4468 3499 4530; x_wconf 85' lang='lat' dir='ltr'><strong>continet,</strong></span> <span class='ocrx_word' id='word_1_692' title='bbox 3529 4480 3586 4523; x_wconf 85' lang='lat' dir='ltr'>et</span> 
     </span>
    </p>
   </div>
   <div class='ocr_carea' id='block_1_90' title="bbox 312 4556 1904 4629">
    <p class='ocr_par' dir='ltr' id='par_1_90' title="bbox 312 4556 1904 4629">
     <span class='ocr_line' id='line_1_90' title="bbox 312 4556 1904 4629; baseline -0.001 -16"><span class='ocrx_word' id='word_1_693' title='bbox 312 4560 676 4629; x_wconf 82' lang='grc' dir='ltr'>διαλαμϐάνει</span> <span class='ocrx_word' id='word_1_694' title='bbox 699 4575 719 4593; x_wconf 78' lang='grc' dir='ltr'><strong>ο</strong></span> <span class='ocrx_word' id='word_1_695' title='bbox 771 4558 867 4611; x_wconf 74' lang='grc' dir='ltr'>καὶ</span> <span class='ocrx_word' id='word_1_696' title='bbox 899 4557 1026 4629; x_wconf 69' lang='grc'>[408</span> <span class='ocrx_word' id='word_1_697' title='bbox 1065 4556 1156 4629; x_wconf 77' lang='lat' dir='ltr'>IL]</span> <span class='ocrx_word' id='word_1_698' title='bbox 1183 4559 1310 4627; x_wconf 75' lang='grc' dir='ltr'>περὶ</span> <span class='ocrx_word' id='word_1_699' title='bbox 1347 4562 1445 4628; x_wconf 81' lang='grc' dir='ltr'>τῆς</span> <span class='ocrx_word' id='word_1_700' title='bbox 1484 4559 1540 4609; x_wconf 80' lang='grc' dir='ltr'>ὲν</span> <span class='ocrx_word' id='word_1_701' title='bbox 1570 4558 1732 4627; x_wconf 74' lang='grc' dir='ltr'>σαρκὶ</span> <span class='ocrx_word' id='word_1_702' title='bbox 1764 4576 1904 4629; x_wconf 87' lang='grc' dir='ltr'>παρ-</span> 
     </span>
    </p>
   </div>
   <div class='ocr_carea' id='block_1_91' title="bbox 315 4650 1903 4721">
    <p class='ocr_par' dir='ltr' id='par_1_91' title="bbox 315 4650 1903 4721">
     <span class='ocr_line' id='line_1_91' title="bbox 315 4650 1903 4721; baseline 0 -18"><span class='ocrx_word' id='word_1_703' title='bbox 315 4650 510 4713; x_wconf 84' lang='grc' dir='ltr'>ουσίας</span> <span class='ocrx_word' id='word_1_704' title='bbox 532 4650 629 4703; x_wconf 87' lang='grc' dir='ltr'>τοῦ</span> <span class='ocrx_word' id='word_1_705' title='bbox 662 4651 859 4720; x_wconf 88' lang='grc' dir='ltr'>Λόγου,</span> <span class='ocrx_word' id='word_1_706' title='bbox 888 4652 983 4703; x_wconf 79' lang='grc' dir='ltr'>καὶ</span> <span class='ocrx_word' id='word_1_707' title='bbox 1012 4650 1144 4721; x_wconf 71' lang='grc' dir='ltr'>περ)⁸</span> <span class='ocrx_word' id='word_1_708' title='bbox 1170 4651 1269 4720; x_wconf 88' lang='grc' dir='ltr'>τῆς</span> <span class='ocrx_word' id='word_1_709' title='bbox 1309 4650 1471 4717; x_wconf 86' lang='grc' dir='ltr'>ἁγίας</span> <span class='ocrx_word' id='word_1_710' title='bbox 1496 4651 1587 4702; x_wconf 75' lang='grc' dir='ltr'>καὶ</span> <span class='ocrx_word' id='word_1_711' title='bbox 1619 4651 1717 4702; x_wconf 89' lang='grc' dir='ltr'>ὑπε</span> <span class='ocrx_word' id='word_1_712' title='bbox 1729 4651 1903 4720; x_wconf 78' lang='grc' dir='ltr'>ρενδόο</span> 
     </span>
    </p>
   </div>
   <div class='ocr_carea' id='block_1_92' title="bbox 314 4738 1904 4815">
    <p class='ocr_par' dir='ltr' id='par_1_92' title="bbox 314 4738 1904 4815">
     <span class='ocr_line' id='line_1_92' title="bbox 314 4738 1904 4815; baseline 0.002 -20"><span class='ocrx_word' id='word_1_713' title='bbox 314 4744 411 4808; x_wconf 84' lang='grc' dir='ltr'>ξου</span> <span class='ocrx_word' id='word_1_714' title='bbox 455 4738 734 4814; x_wconf 84' lang='grc' dir='ltr'>Παρθένου</span> <span class='ocrx_word' id='word_1_715' title='bbox 773 4745 868 4797; x_wconf 74' lang='grc' dir='ltr'>καὶ</span> <span class='ocrx_word' id='word_1_716' title='bbox 906 4744 1171 4796; x_wconf 86' lang='grc' dir='ltr'>Θεοτόκου</span> <span class='ocrx_word' id='word_1_717' title='bbox 1222 4745 1459 4813; x_wconf 84' lang='grc' dir='ltr'>Μαρίας.</span> <span class='ocrx_word' id='word_1_718' title='bbox 1498 4746 1562 4797; x_wconf 81' lang='grc' dir='ltr'><strong>Αἱ</strong></span> <span class='ocrx_word' id='word_1_719' title='bbox 1600 4744 1658 4797; x_wconf 81' lang='grc' dir='ltr'>δὲ</span> <span class='ocrx_word' id='word_1_720' title='bbox 1687 4745 1904 4815; x_wconf 86' lang='grc' dir='ltr'>Γραφαί</span> 
     </span>
    </p>
   </div>
   <div class='ocr_carea' id='block_1_93' title="bbox 310 4835 1899 4906">
    <p class='ocr_par' dir='ltr' id='par_1_93' title="bbox 310 4835 1899 4906">
     <span class='ocr_line' id='line_1_93' title="bbox 310 4835 1899 4906; baseline 0.001 -18"><span class='ocrx_word' id='word_1_721' title='bbox 310 4839 460 4888; x_wconf 90' lang='grc' dir='ltr'>εἰσιν</span> <span class='ocrx_word' id='word_1_722' title='bbox 480 4836 629 4905; x_wconf 83' lang='grc' dir='ltr'>αὐτῷ</span> <span class='ocrx_word' id='word_1_723' title='bbox 661 4836 706 4867; x_wconf 84' lang='grc'>⁷³</span> <span class='ocrx_word' id='word_1_724' title='bbox 726 4836 761 4906; x_wconf 82' lang='grc' dir='ltr'>ἦ</span> <span class='ocrx_word' id='word_1_725' title='bbox 791 4853 851 4889; x_wconf 90' lang='grc' dir='ltr'>τε</span> <span class='ocrx_word' id='word_1_726' title='bbox 879 4835 1086 4889; x_wconf 86' lang='grc' dir='ltr'>παλαιά</span> <span class='ocrx_word' id='word_1_727' title='bbox 1111 4835 1352 4906; x_wconf 85' lang='grc' dir='ltr'>Διαθήκη</span> <span class='ocrx_word' id='word_1_728' title='bbox 1381 4835 1477 4888; x_wconf 69' lang='grc' dir='ltr'>καὶ</span> <span class='ocrx_word' id='word_1_729' title='bbox 1522 4835 1593 4889; x_wconf 85' lang='grc' dir='ltr'>τὰ</span> <span class='ocrx_word' id='word_1_730' title='bbox 1642 4837 1899 4906; x_wconf 85' lang='grc' dir='ltr'>Κυριακά</span> 
     </span>
    </p>
   </div>
   <div class='ocr_carea' id='block_1_94' title="bbox 308 4923 1902 5000">
    <p class='ocr_par' dir='ltr' id='par_1_94' title="bbox 308 4923 1902 5000">
     <span class='ocr_line' id='line_1_94' title="bbox 308 4923 1902 5000; baseline 0.004 -23"><span class='ocrx_word' id='word_1_731' title='bbox 308 4927 476 4991; x_wconf 81' lang='grc' dir='ltr'>λόγια</span> <span class='ocrx_word' id='word_1_732' title='bbox 504 4927 599 4979; x_wconf 76' lang='grc' dir='ltr'>καὶ</span> <span class='ocrx_word' id='word_1_733' title='bbox 626 4926 694 4979; x_wconf 77' lang='grc' dir='ltr'>τὰ</span> <span class='ocrx_word' id='word_1_734' title='bbox 727 4926 1065 4981; x_wconf 79' lang='grc' dir='ltr'>ἀποστολικά</span> <span class='ocrx_word' id='word_1_735' title='bbox 1120 4928 1473 4999; x_wconf 88' lang='grc' dir='ltr'>κηρύγματα,</span> <span class='ocrx_word' id='word_1_736' title='bbox 1496 4930 1563 4983; x_wconf 87' lang='grc' dir='ltr'>δι’</span> <span class='ocrx_word' id='word_1_737' title='bbox 1585 4923 1661 4984; x_wconf 84' lang='grc' dir='ltr'>ὧν</span> <span class='ocrx_word' id='word_1_738' title='bbox 1682 4932 1736 4983; x_wconf 81' lang='lat' dir='ltr'>al</span> <span class='ocrx_word' id='word_1_739' title='bbox 1766 4948 1902 5000; x_wconf 78' lang='grc' dir='ltr'>προ-</span> 
     </span>
    </p>
   </div>
   <div class='ocr_carea' id='block_1_95' title="bbox 315 5018 1900 5091">
    <p class='ocr_par' dir='ltr' id='par_1_95' title="bbox 315 5018 1900 5091">
     <span class='ocr_line' id='line_1_95' title="bbox 315 5018 1900 5091; baseline 0.004 -23"><span class='ocrx_word' id='word_1_740' title='bbox 315 5018 575 5087; x_wconf 82' lang='grc' dir='ltr'>κείμεναι</span> <span class='ocrx_word' id='word_1_741' title='bbox 601 5018 709 5071; x_wconf 86' lang='grc' dir='ltr'>τῶν</span> <span class='ocrx_word' id='word_1_742' title='bbox 739 5018 1051 5072; x_wconf 83' lang='grc' dir='ltr'>ὑποθέσεων</span> <span class='ocrx_word' id='word_1_743' title='bbox 1085 5018 1147 5071; x_wconf 86' lang='grc' dir='ltr'>τὸ</span> <span class='ocrx_word' id='word_1_744' title='bbox 1169 5018 1367 5088; x_wconf 81' lang='grc' dir='ltr'>ἀληθὲς</span> <span class='ocrx_word' id='word_1_745' title='bbox 1386 5021 1480 5075; x_wconf 71' lang='grc' dir='ltr'>καὶ</span> <span class='ocrx_word' id='word_1_746' title='bbox 1508 5022 1729 5091; x_wconf 85' lang='grc' dir='ltr'>βέϐαιον</span> <span class='ocrx_word' id='word_1_747' title='bbox 1788 5024 1900 5075; x_wconf 86' lang='grc' dir='ltr'>ἁπ-</span> 
     </span>
    </p>
   </div>
   <div class='ocr_carea' id='block_1_96' title="bbox 314 5106 1901 5181">
    <p class='ocr_par' dir='ltr' id='par_1_96' title="bbox 314 5106 1901 5181">
     <span class='ocr_line' id='line_1_96' title="bbox 314 5106 1901 5181; baseline 0.005 -24"><span class='ocrx_word' id='word_1_748' title='bbox 314 5106 646 5174; x_wconf 85' lang='grc' dir='ltr'>ηνέγκαντο.</span> <span class='ocrx_word' id='word_1_749' title='bbox 672 5107 840 5161; x_wconf 88' lang='grc' dir='ltr'>Πλέον</span> <span class='ocrx_word' id='word_1_750' title='bbox 858 5107 916 5160; x_wconf 86' lang='grc' dir='ltr'>δὲ</span> <span class='ocrx_word' id='word_1_751' title='bbox 941 5107 1048 5160; x_wconf 86' lang='grc' dir='ltr'>τῶν</span> <span class='ocrx_word' id='word_1_752' title='bbox 1073 5107 1248 5162; x_wconf 81' lang='grc' dir='ltr'>ἄλλων</span> <span class='ocrx_word' id='word_1_753' title='bbox 1279 5108 1646 5181; x_wconf 80' lang='grc' dir='ltr'>ἐμφιλοχωρεϊ</span> <span class='ocrx_word' id='word_1_754' title='bbox 1664 5115 1729 5181; x_wconf 82' lang='grc' dir='ltr'>τῇ</span> <span class='ocrx_word' id='word_1_755' title='bbox 1766 5113 1901 5165; x_wconf 90' lang='grc' dir='ltr'>ὑπο-</span> 
     </span>
    </p>
   </div>
   <div class='ocr_carea' id='block_1_97' title="bbox 315 5193 1900 5273">
    <p class='ocr_par' dir='ltr' id='par_1_97' title="bbox 315 5193 1900 5273">
     <span class='ocr_line' id='line_1_97' title="bbox 315 5193 1900 5273; baseline 0.004 -23"><span class='ocrx_word' id='word_1_756' title='bbox 315 5198 494 5262; x_wconf 85' lang='grc' dir='ltr'>θέσει,</span> <span class='ocrx_word' id='word_1_757' title='bbox 536 5200 595 5251; x_wconf 84' lang='grc' dir='ltr'>ὲν</span> <span class='ocrx_word' id='word_1_758' title='bbox 711 5201 744 5269; x_wconf 80' lang='grc' dir='ltr'>ἡ</span> <span class='ocrx_word' id='word_1_759' title='bbox 772 5198 866 5252; x_wconf 92' lang='grc' dir='ltr'>τοῦ</span> <span class='ocrx_word' id='word_1_760' title='bbox 914 5200 1090 5267; x_wconf 90' lang='grc' dir='ltr'>Λόγου</span> <span class='ocrx_word' id='word_1_761' title='bbox 1145 5200 1423 5271; x_wconf 85' lang='grc' dir='ltr'>σάρκωσις</span> <span class='ocrx_word' id='word_1_762' title='bbox 1459 5204 1900 5270; x_wconf 84' lang='grc' dir='ltr'>ἀναδιδάσκεται,</span> 
     </span>
    </p>
   </div>
   <div class='ocr_carea' id='block_1_98' title="bbox 322 5288 1903 5364">
    <p class='ocr_par' dir='ltr' id='par_1_98' title="bbox 322 5288 1903 5364">
     <span class='ocr_line' id='line_1_98' title="bbox 322 5288 1903 5364; baseline 0.003 -22"><span class='ocrx_word' id='word_1_763' title='bbox 322 5288 430 5342; x_wconf 81' lang='grc' dir='ltr'>ἆτε</span> <span class='ocrx_word' id='word_1_764' title='bbox 452 5288 517 5359; x_wconf 85' lang='grc' dir='ltr'>δὴ</span> <span class='ocrx_word' id='word_1_765' title='bbox 543 5289 636 5341; x_wconf 75' lang='grc' dir='ltr'>καὶ</span> <span class='ocrx_word' id='word_1_766' title='bbox 664 5292 759 5343; x_wconf 89' lang='grc' dir='ltr'>τοῦ</span> <span class='ocrx_word' id='word_1_767' title='bbox 812 5289 1007 5361; x_wconf 80' lang='grc' dir='ltr'>καιροῦ</span> <span class='ocrx_word' id='word_1_768' title='bbox 1054 5290 1275 5344; x_wconf 89' lang='grc' dir='ltr'>πλείονα</span> <span class='ocrx_word' id='word_1_769' title='bbox 1321 5290 1419 5363; x_wconf 83' lang='grc' dir='ltr'>τὴν</span> <span class='ocrx_word' id='word_1_770' title='bbox 1458 5294 1588 5364; x_wconf 75' lang='grc' dir='ltr'>περὶ</span> <span class='ocrx_word' id='word_1_771' title='bbox 1612 5294 1783 5363; x_wconf 85' lang='grc' dir='ltr'>αὐτῆς</span> <span class='ocrx_word' id='word_1_772' title='bbox 1814 5294 1903 5361; x_wconf 80' lang='grc' dir='ltr'>ἐξ·</span> 
     </span>
    </p>
   </div>
   <div class='ocr_carea' id='block_1_99' title="bbox 2008 4554 3583 4624">
    <p class='ocr_par' dir='ltr' id='par_1_99' title="bbox 2008 4554 3583 4624">
     <span class='ocr_line' id='line_1_99' title="bbox 2008 4554 3583 4624; baseline 0 -9"><span class='ocrx_word' id='word_1_773' title='bbox 2008 4560 2074 4615; x_wconf 89' lang='lat' dir='ltr'>de</span> <span class='ocrx_word' id='word_1_774' title='bbox 2131 4560 2504 4615; x_wconf 83' lang='lat' dir='ltr'><strong>incarnatione</strong></span> <span class='ocrx_word' id='word_1_775' title='bbox 2563 4556 2743 4621; x_wconf 88' lang='lat' dir='ltr'><strong>Verbi,</strong></span> <span class='ocrx_word' id='word_1_776' title='bbox 2803 4557 2976 4624; x_wconf 90' lang='lat' dir='ltr'><strong>deque</strong></span> <span class='ocrx_word' id='word_1_777' title='bbox 3028 4554 3260 4623; x_wconf 76' lang='lat' dir='ltr'><strong>gloriosa</strong></span> <span class='ocrx_word' id='word_1_778' title='bbox 3307 4568 3364 4613; x_wconf 90' lang='lat' dir='ltr'>et</span> <span class='ocrx_word' id='word_1_779' title='bbox 3395 4570 3583 4615; x_wconf 85' lang='lat' dir='ltr'><strong>sancta</strong></span> 
     </span>
    </p>
   </div>
   <div class='ocr_carea' id='block_1_100' title="bbox 2008 4646 3583 4715">
    <p class='ocr_par' dir='ltr' id='par_1_100' title="bbox 2008 4646 3583 4715">
     <span class='ocr_line' id='line_1_100' title="bbox 2008 4646 3583 4715; baseline 0.002 -12"><span class='ocrx_word' id='word_1_780' title='bbox 2008 4648 2254 4715; x_wconf 63' lang='lat' dir='ltr'><strong>Virgine,</strong></span> <span class='ocrx_word' id='word_1_781' title='bbox 2282 4659 2336 4704; x_wconf 92' lang='lat' dir='ltr'>et</span> <span class='ocrx_word' id='word_1_782' title='bbox 2364 4648 2459 4703; x_wconf 90' lang='lat' dir='ltr'><strong>Dei</strong></span> <span class='ocrx_word' id='word_1_783' title='bbox 2486 4648 2763 4704; x_wconf 87' lang='lat' dir='ltr'><strong>Genitrice</strong></span> <span class='ocrx_word' id='word_1_784' title='bbox 2796 4646 2984 4701; x_wconf 82' lang='lat' dir='ltr'><strong>Maria.</strong></span> <span class='ocrx_word' id='word_1_785' title='bbox 3017 4646 3157 4700; x_wconf 85' lang='lat' dir='ltr'><strong>Sunt</strong></span> <span class='ocrx_word' id='word_1_786' title='bbox 3184 4659 3365 4702; x_wconf 90' lang='lat' dir='ltr'><strong>autem</strong></span> <span class='ocrx_word' id='word_1_787' title='bbox 3391 4664 3583 4707; x_wconf 88' lang='lat' dir='ltr'><strong>eorum</strong></span> 
     </span>
    </p>
   </div>
   <div class='ocr_carea' id='block_1_101' title="bbox 2006 4738 3586 4810">
    <p class='ocr_par' dir='ltr' id='par_1_101' title="bbox 2006 4738 3586 4810">
     <span class='ocr_line' id='line_1_101' title="bbox 2006 4738 3586 4810; baseline 0.001 -13"><span class='ocrx_word' id='word_1_788' title='bbox 2006 4742 2323 4810; x_wconf 66' lang='lat' dir='ltr'><strong>Scriptum,</strong></span> <span class='ocrx_word' id='word_1_789' title='bbox 2352 4752 2408 4796; x_wconf 90' lang='lat' dir='ltr'>et</span> <span class='ocrx_word' id='word_1_790' title='bbox 2456 4739 2626 4795; x_wconf 87' lang='lat' dir='ltr'><strong>Vetus</strong></span> <span class='ocrx_word' id='word_1_791' title='bbox 2656 4738 3086 4804; x_wconf 87' lang='lat' dir='ltr'><strong>Testamentum,</strong></span> <span class='ocrx_word' id='word_1_792' title='bbox 3121 4748 3175 4793; x_wconf 90' lang='lat' dir='ltr'>et</span> <span class='ocrx_word' id='word_1_793' title='bbox 3216 4740 3426 4797; x_wconf 89' lang='lat' dir='ltr'><strong>Domini</strong></span> <span class='ocrx_word' id='word_1_794' title='bbox 3464 4759 3586 4799; x_wconf 84' lang='lat' dir='ltr'><strong>ver-</strong></span> 
     </span>
    </p>
   </div>
   <div class='ocr_carea' id='block_1_102' title="bbox 2005 4832 3582 4903">
    <p class='ocr_par' dir='ltr' id='par_1_102' title="bbox 2005 4832 3582 4903">
     <span class='ocr_line' id='line_1_102' title="bbox 2005 4832 3582 4903; baseline 0.001 -14"><span class='ocrx_word' id='word_1_795' title='bbox 2005 4836 2096 4900; x_wconf 89' lang='lat' dir='ltr'>ba,</span> <span class='ocrx_word' id='word_1_796' title='bbox 2138 4833 2555 4903; x_wconf 72' lang='lat' dir='ltr'><strong>apostolicaeque</strong></span> <span class='ocrx_word' id='word_1_797' title='bbox 2602 4832 3032 4901; x_wconf 74' lang='lat' dir='ltr'><strong>prredicationes,</strong></span> <span class='ocrx_word' id='word_1_798' title='bbox 3071 4832 3268 4901; x_wconf 88' lang='lat' dir='ltr'><strong>quibus</strong></span> <span class='ocrx_word' id='word_1_799' title='bbox 3319 4837 3582 4903; x_wconf 63' lang='lat' dir='ltr'><strong>quaestio-</strong></span> 
     </span>
    </p>
   </div>
   <div class='ocr_carea' id='block_1_103' title="bbox 2005 4923 3583 4994">
    <p class='ocr_par' dir='ltr' id='par_1_103' title="bbox 2005 4923 3583 4994">
     <span class='ocr_line' id='line_1_103' title="bbox 2005 4923 3583 4994; baseline 0.003 -13"><span class='ocrx_word' id='word_1_800' title='bbox 2005 4942 2133 4981; x_wconf 91' lang='lat' dir='ltr'>num</span> <span class='ocrx_word' id='word_1_801' title='bbox 2186 4927 2386 4981; x_wconf 69' lang='lat' dir='ltr'><strong>veritas</strong></span> <span class='ocrx_word' id='word_1_802' title='bbox 2432 4936 2486 4980; x_wconf 88' lang='lat' dir='ltr'>et</span> <span class='ocrx_word' id='word_1_803' title='bbox 2523 4925 2866 4979; x_wconf 84' lang='lat' dir='ltr'><strong>conﬁrmatio</strong></span> <span class='ocrx_word' id='word_1_804' title='bbox 2903 4923 3062 4978; x_wconf 88' lang='lat' dir='ltr'><strong>allata</strong></span> <span class='ocrx_word' id='word_1_805' title='bbox 3088 4931 3195 4986; x_wconf 88' lang='lat' dir='ltr'><strong>est,</strong></span> <span class='ocrx_word' id='word_1_806' title='bbox 3227 4940 3337 4994; x_wconf 65' lang='lat' dir='ltr'><strong>prae</strong></span> <span class='ocrx_word' id='word_1_807' title='bbox 3371 4931 3583 4985; x_wconf 67' lang='lat' dir='ltr'><strong>caeteris</strong></span> 
     </span>
    </p>
   </div>
   <div class='ocr_carea' id='block_1_104' title="bbox 2006 5015 3581 5087">
    <p class='ocr_par' dir='ltr' id='par_1_104' title="bbox 2006 5015 3581 5087">
     <span class='ocr_line' id='line_1_104' title="bbox 2006 5015 3581 5087; baseline 0.002 -15"><span class='ocrx_word' id='word_1_808' title='bbox 2006 5018 2133 5072; x_wconf 86' lang='lat' dir='ltr'><strong>huic</strong></span> <span class='ocrx_word' id='word_1_809' title='bbox 2176 5017 2269 5071; x_wconf 91' lang='lat' dir='ltr'>uni</span> <span class='ocrx_word' id='word_1_810' title='bbox 2298 5015 2581 5087; x_wconf 60' lang='lat' dir='ltr'><strong>quaestioni</strong></span> <span class='ocrx_word' id='word_1_811' title='bbox 2622 5016 2874 5079; x_wconf 67' lang='lat' dir='ltr'><strong>inhaeret,</strong></span> <span class='ocrx_word' id='word_1_812' title='bbox 2919 5015 2972 5069; x_wconf 92' lang='lat' dir='ltr'>in</span> <span class='ocrx_word' id='word_1_813' title='bbox 3007 5030 3111 5084; x_wconf 91' lang='lat' dir='ltr'>qua</span> <span class='ocrx_word' id='word_1_814' title='bbox 3147 5016 3214 5071; x_wconf 91' lang='lat' dir='ltr'>de</span> <span class='ocrx_word' id='word_1_815' title='bbox 3246 5018 3581 5075; x_wconf 85' lang='lat' dir='ltr'><strong>incarnatio-</strong></span> 
     </span>
    </p>
   </div>
   <div class='ocr_carea' id='block_1_105' title="bbox 2005 5108 3577 5182">
    <p class='ocr_par' dir='ltr' id='par_1_105' title="bbox 2005 5108 3577 5182">
     <span class='ocr_line' id='line_1_105' title="bbox 2005 5108 3577 5182; baseline -0.001 -14"><span class='ocrx_word' id='word_1_816' title='bbox 2005 5126 2072 5168; x_wconf 83' lang='lat' dir='ltr'>ne</span> <span class='ocrx_word' id='word_1_817' title='bbox 2108 5111 2267 5167; x_wconf 83' lang='lat' dir='ltr'><strong>Verbi</strong></span> <span class='ocrx_word' id='word_1_818' title='bbox 2315 5111 2669 5179; x_wconf 87' lang='lat' dir='ltr'><strong>disceptatur,</strong></span> <span class='ocrx_word' id='word_1_819' title='bbox 2705 5109 2998 5165; x_wconf 89' lang='lat' dir='ltr'><strong>occasione</strong></span> <span class='ocrx_word' id='word_1_820' title='bbox 3032 5108 3241 5165; x_wconf 86' lang='lat' dir='ltr'><strong>scilicet</strong></span> <span class='ocrx_word' id='word_1_821' title='bbox 3282 5109 3577 5182; x_wconf 77' lang='lat' dir='ltr'><strong>longiorem</strong></span> 
     </span>
    </p>
   </div>
   <div class='ocr_carea' id='block_1_106' title="bbox 2008 5196 3582 5273">
    <p class='ocr_par' dir='ltr' id='par_1_106' title="bbox 2008 5196 3582 5273">
     <span class='ocr_line' id='line_1_106' title="bbox 2008 5196 3582 5273; baseline 0.001 -15"><span class='ocrx_word' id='word_1_822' title='bbox 2008 5203 2168 5273; x_wconf 84' lang='lat' dir='ltr'><strong>hujus</strong></span> <span class='ocrx_word' id='word_1_823' title='bbox 2218 5202 2645 5273; x_wconf 87' lang='lat' dir='ltr'><strong>disputationem</strong></span> <span class='ocrx_word' id='word_1_824' title='bbox 2695 5202 2968 5273; x_wconf 79' lang='lat' dir='ltr'><strong>exigente.</strong></span> <span class='ocrx_word' id='word_1_825' title='bbox 3015 5196 3129 5256; x_wconf 83' lang='lat' dir='ltr'><strong>Hoc</strong></span> <span class='ocrx_word' id='word_1_826' title='bbox 3169 5212 3348 5256; x_wconf 88' lang='lat' dir='ltr'><strong>autem</strong></span> <span class='ocrx_word' id='word_1_827' title='bbox 3392 5202 3445 5258; x_wconf 90' lang='lat' dir='ltr'>in</span> <span class='ocrx_word' id='word_1_828' title='bbox 3478 5204 3582 5259; x_wconf 80' lang='lat' dir='ltr'>hac</span> 
     </span>
    </p>
   </div>
   <div class='ocr_carea' id='block_1_107' title="bbox 2008 5296 2512 5365">
    <p class='ocr_par' dir='ltr' id='par_1_107' title="bbox 2008 5296 2512 5365">
     <span class='ocr_line' id='line_1_107' title="bbox 2008 5296 2512 5365; baseline -0.006 -15"><span class='ocrx_word' id='word_1_829' title='bbox 2008 5296 2234 5365; x_wconf 89' lang='lat' dir='ltr'><strong>epistola</strong></span> <span class='ocrx_word' id='word_1_830' title='bbox 2266 5303 2512 5349; x_wconf 84' lang='lat' dir='ltr'><strong>conatur.</strong></span> 
     </span>
    </p>
   </div>
   <div class='ocr_carea' id='block_1_108' title="bbox 310 5383 2766 5467">
    <p class='ocr_par' dir='ltr' id='par_1_108' title="bbox 310 5383 2766 5467">
     <span class='ocr_line' id='line_1_108' title="bbox 310 5383 2766 5467; baseline 0.007 -32"><span class='ocrx_word' id='word_1_831' title='bbox 310 5383 589 5453; x_wconf 86' lang='grc' dir='ltr'>εργασίαν</span> <span class='ocrx_word' id='word_1_832' title='bbox 635 5384 1014 5447; x_wconf 81' lang='grc' dir='ltr'>ἀπαιτοῦντος.</span> <span class='ocrx_word' id='word_1_833' title='bbox 1068 5385 1321 5439; x_wconf 89' lang='grc' dir='ltr'>Τοιοῦτον</span> <span class='ocrx_word' id='word_1_834' title='bbox 1352 5387 1452 5457; x_wconf 80' lang='grc' dir='ltr'>μὲν</span> <span class='ocrx_word' id='word_1_835' title='bbox 1497 5388 1593 5441; x_wconf 79' lang='grc' dir='ltr'>καὶ</span> <span class='ocrx_word' id='word_1_836' title='bbox 1636 5389 1698 5442; x_wconf 85' lang='grc' dir='ltr'>τὸ</span> <span class='ocrx_word' id='word_1_837' title='bbox 1731 5390 2053 5460; x_wconf 86' lang='grc' dir='ltr'>σπούδασμα</span> <span class='ocrx_word' id='word_1_838' title='bbox 2072 5393 2303 5463; x_wconf 75' lang='grc' dir='ltr'>ταυτησὶ</span> <span class='ocrx_word' id='word_1_839' title='bbox 2332 5393 2431 5465; x_wconf 90' lang='grc' dir='ltr'>τῆς</span> <span class='ocrx_word' id='word_1_840' title='bbox 2454 5395 2766 5467; x_wconf 85' lang='grc' dir='ltr'>ἐπιστολῆς.</span> 
     </span>
    </p>
   </div>
   <div class='ocr_carea' id='block_1_109' title="bbox 388 5514 769 5581">
    <p class='ocr_par' dir='ltr' id='par_1_109' title="bbox 388 5514 769 5581">
     <span class='ocr_line' id='line_1_109' title="bbox 388 5514 769 5581; baseline 0.008 -13"><span class='ocrx_word' id='word_1_841' title='bbox 388 5522 414 5551; x_wconf 81' lang='grc'><em>³</em></span> <span class='ocrx_word' id='word_1_842' title='bbox 446 5514 575 5570; x_wconf 89' lang='lat' dir='ltr'><strong>Luc.</strong></span> <span class='ocrx_word' id='word_1_843' title='bbox 612 5532 650 5581; x_wconf 86' lang='grc' dir='ltr'>ι,</span> <span class='ocrx_word' id='word_1_844' title='bbox 680 5516 769 5571; x_wconf 68' lang='grc'>4⁸5.</span> 
     </span>
    </p>
   </div>
   <div class='ocr_carea' id='block_1_110' title="bbox 1638 5641 2309 5705">
    <p class='ocr_par' dir='ltr' id='par_1_110' title="bbox 1638 5641 2309 5705">
     <span class='ocr_line' id='line_1_110' title="bbox 1638 5641 2309 5705; baseline 0.013 -9"><span class='ocrx_word' id='word_1_845' title='bbox 1638 5641 1868 5699; x_wconf 68' lang='grc' dir='ltr'>νΑιιιΑε</span> <span class='ocrx_word' id='word_1_846' title='bbox 1900 5642 2195 5703; x_wconf 80' lang='lat' dir='ltr'>LECTION</span> <span class='ocrx_word' id='word_1_847' title='bbox 2206 5647 2309 5705; x_wconf 84' lang='lat' dir='ltr'><strong>ES.</strong></span> 
     </span>
    </p>
   </div>
   <div class='ocr_carea' id='block_1_111' title="bbox 389 5746 1415 5817">
    <p class='ocr_par' dir='ltr' id='par_1_111' title="bbox 389 5746 1415 5817">
     <span class='ocr_line' id='line_1_111' title="bbox 389 5746 1415 5817; baseline 0.01 -19"><span class='ocrx_word' id='word_1_848' title='bbox 389 5748 440 5780; x_wconf 79' lang='grc'>⁷⁷³</span> <span class='ocrx_word' id='word_1_849' title='bbox 469 5746 654 5801; x_wconf 88' lang='grc' dir='ltr'>τοῦτον</span> <span class='ocrx_word' id='word_1_850' title='bbox 677 5749 721 5807; x_wconf 77' lang='grc' dir='ltr'>Α</span> <span class='ocrx_word' id='word_1_851' title='bbox 754 5765 765 5804; x_wconf 88' lang='lat'><strong>:</strong></span> <span class='ocrx_word' id='word_1_852' title='bbox 792 5751 909 5806; x_wconf 88' lang='grc' dir='ltr'>τότε</span> <span class='ocrx_word' id='word_1_853' title='bbox 940 5771 995 5816; x_wconf 74' lang='grc' dir='ltr'>ς.</span> <span class='ocrx_word' id='word_1_854' title='bbox 1078 5754 1121 5785; x_wconf 84' lang='grc'>⁷³</span> <span class='ocrx_word' id='word_1_855' title='bbox 1144 5753 1319 5806; x_wconf 83' lang='grc' dir='ltr'>αὐτῶν</span> <span class='ocrx_word' id='word_1_856' title='bbox 1354 5770 1415 5817; x_wconf 75' lang='grc' dir='ltr'>ς.</span> 
     </span>
    </p>
   </div>
  </div>
