4004 6428
537 304 642 368 967
1707 307 1974 368 PHOTII
2017 306 2118 368 PA‘

2154 306 2522 367 RIARCH/E
2554 305 2663 367 (ΖΡ.
3656 312 3735 375 968

611 417 819 474 Scribit
852 424 1033 472 autem
1071 416 1137 473 ad
1174 416 1390 488 aliquos
1434 418 1733 475 monachos
1761 418 2017 473 Ecclesiae
2039 420 2126 473 de-
2158 425 2192 479 Α

2158 425 2198 479 Α
2298 419 2505 490 Γράφει
2556 419 2615 473 δὲ
2670 417 2767 473 καὶ
2818 415 3257 499 πρὸςμοναχούς
3284 434 3451 483 τινας,
3479 419 3527 473 οἳ
3555 425 3640 493 τῆς
3667 427 3739 483 τοῦ

537 512 843 568 fensionem
892 510 1175 565 catholicae
1216 519 1271 564 et
1298 512 1611 580 apostolica:
1640 510 1947 576 molientes,
1985 525 2118 581 quos

2221 513 2357 566 Θεοῦ
2422 512 2719 581 καθολικῆς
2769 512 2865 565 καὶ
2922 511 3289 581 ἁποστολικῆς
3340 511 3644 578 Ἐκκλησίας
3668 518 3745 590 τὴν

543 614 865 659 sanctorum
905 602 1130 658 Patrum
1182 603 1575 659 monitionibus
1605 604 1933 674 conjungere
1965 603 2122 658 moli-

2221 606 2506 660 διάστασιν
2544 606 2763 659 ἐνόσουν
2783 621 2796 634 ·
2827 603 2921 668 οὒς
2961 604 3050 657 διὰ
3103 604 3391 675 Πατρικῶν
3420 609 3746 676 παραινέσεων

541 706 650 758 tur,
708 698 1004 750 ostendens
1056 710 1245 749 eorum
1302 697 1626 751 sententiam
1677 712 1783 751 non
1826 696 2014 769 procul
2054 697 2122 751 ab

2223 700 2482 768 πειρᾶται
2514 698 2769 768 συνάψαι,
2804 698 3021 760 δεικνὺς
3047 696 3147 760 τὰς
3180 696 3401 751 ἐκείνων
3432 698 3603 766 φωνὰς
3624 702 3748 757 οὐδὲν

538 786 917 840 haereticorum
943 785 1293 856 opinionibus
1328 788 1549 852 distare,
1586 787 1899 859 nullumque
1925 804 1989 843 ex
2021 806 2112 855 ea,

2219 792 2329 844 τῶν
2358 791 2533 845 ἄλλων
2556 791 2853 862 αἱρετικῶν
2878 790 3264 860 διαφερούσας,
3302 791 3397 843 καὶ
3438 791 3683 862 μηδεμίαν
3704 796 3751 863 ὲξ

537 879 989 947 quemadmodum
1019 879 1254 934 haeretici
1280 880 1474 945 solent,
1494 882 1832 936 commodum
1855 883 2118 951 accipere,

2223 883 2421 947 αὐτῶν,
2447 883 2636 955 ὥσπερ
2673 883 2781 937 οὐδ’
2808 882 3072 947 ἐκείνους,
3102 882 3288 952 ὄνησιν
3318 884 3621 953 κερδαίνειν.
3648 888 3752 940 Συν-

537 970 639 1024 hoc
670 970 836 1023 variis
861 971 1184 1026 testimoniis
1214 982 1521 1027 sanctorum
1556 972 1775 1028 Patrum
1811 975 2117 1030 conﬁrmat.

2226 977 2404 1045 ίστησι
2428 976 2485 1029 δὲ
2507 975 2786 1047 διαφόροις
2816 974 3077 1045 Πατέρων
3103 976 3425 1045 μαρτυρίαις
3456 976 3536 1045 ἐφ’
3553 976 3654 1042 ἑνὸς
3677 982 3754 1033 καὶ

536 1066 596 1118 ιιι
626 1081 732 1119 una
762 1068 1064 1136 eademque
1090 1082 1323 1135 persona
1361 1067 1567 1120 variam
1605 1077 1814 1120 natura
1848 1067 2117 1120 actionem

2222 1067 2316 1120 τοῦ
2366 1066 2531 1120 αὑτοῦ
2593 1065 2887 1136 προσώπου
2942 1065 3198 1135 διάφορον
3239 1067 3471 1137 φυσικὴν
3512 1067 3752 1137 ἐνέργειαν

542 1157 798 1225 perspici,
837 1168 892 1211 et
915 1159 980 1212 ad
1026 1174 1241 1212 omnem
1285 1159 1505 1227 pietatis
1555 1158 1942 1228 plenitudinem
1978 1159 2123 1211 sulli-

2223 1156 2569 1226 θεωρεῖσθαι,
2601 1155 2698 1209 καὶ
2726 1157 2919 1227 ἀρκεῖν
2963 1156 3100 1226 πρὸς
3136 1157 3318 1209 πᾶσαν
3351 1156 3545 1227 εὐσεϐῆ
3587 1158 3754 1229 πληρο-

537 1263 685 1312 cere,
734 1247 1017 1318 Deiparam
1059 1251 1284 1304 credere
1330 1261 1380 1304 et
1410 1250 1685 1319 appellare
1714 1250 2118 1304 sanctissimam

2226 1248 2423 1317 φορίαν
2453 1247 2717 1300 Θεοτόκον
2776 1249 2994 1318 φρονεῖν
3026 1248 3121 1300 καὶ
3170 1247 3356 1315 λέγειν
3395 1247 3493 1317 τὴν
3523 1252 3755 1315 παναγίαν

542 1341 841 1406 Virginem.
876 1340 1165 1410 Postquam
1197 1342 1340 1395 enim
1369 1344 1491 1413 quis
1517 1342 1715 1396 dixerit
1745 1341 1910 1395 Deum
1948 1342 2123 1395 incar-

2223 1340 2530 1411 Παρθένον⁹
2581 1340 2804 1393 ἐπειδὰν
2844 1340 2953 1412 γάρ
2993 1357 3077 1402 τις
3118 1341 3248 1409 εἴπῃ
3275 1340 3411 1395 Θεὸν
3443 1342 3756 1415 ὲνανθρωπή-

540 1441 723 1483 natum
773 1430 1052 1500 Virginem
1092 1432 1394 1503 peperisse,
1440 1432 1753 1503 angelorum
1807 1432 1880 1485 uti
1913 1431 2121 1485 videtur

2226 1448 2396 1483 σαντα
2421 1432 2601 1483 τεκεῖν
2618 1432 2715 1502 τὴν
2734 1432 3009 1499 παναγίαν
3028 1432 3326 1502 Παρθένον,
3356 1436 3424 1504 τῇ
3453 1433 3560 1486 τῶν
3578 1436 3756 1505 ἀρχαγ-

538 1523 828 1594 theologia.

2224 1521 2401 1591 γέλων
2425 1524 2471 1554 ἠ
2499 1519 2656 1587 οὗτος
2689 1523 2938 1593 Θεολογίᾳ
2969 1523 3221 1592 φαίνεται
3251 1527 3604 1595 κεχρημένος.

606 1614 808 1667 Scribit
843 1615 980 1668 idem
1046 1623 1101 1669 et
1147 1615 1371 1669 alteram
1419 1614 1703 1685 epistolam
1758 1615 1824 1669 ad
1871 1613 2120 1669 Callinici

2299 1612 2507 1683 Γράφει
2531 1614 2589 1667 δὲ
2613 1615 2708 1669 καὶ
2737 1616 2931 1686 ἑτέραν
2958 1615 3249 1686 επιστολὴν
3265 1618 3294 1670 ὁ
3326 1617 3492 1680 αὐτὸς
3515 1619 3638 1689 πρὸς
3656 1624 3755 1685 τοὺς

534 1705 886 1772 desertores;
928 1708 1154 1773 cupiens
1194 1722 1325 1762 vero
1373 1722 1466 1761 eos
1516 1708 1772 1762 Ecclesiae
1800 1707 1891 1761 Dei
1936 1708 2115 1761 conci-

2179 1770 2194 1780 ι
2226 1705 2567 1776 ἀποσχιστὰς
2591 1706 2944 1770 Καλλινίκου,
2975 1708 3244 1762 νουθετῶν
3300 1709 3401 1778 μὲν
3424 1712 3491 1780 τῇ
3519 1709 3606 1761 τοῦ
3648 1711 3755 1765 Θεοῦ

537 1798 693 1861 liare,
718 1800 785 1853 ab
809 1799 958 1853 omni
1002 1814 1123 1853 eam
1172 1799 1399 1853 liberam
1430 1800 1687 1853 haeretica
1717 1799 1836 1853 labe
1859 1800 2117 1864 ostendit,

2175 1767 2447 1861 Ῐτούτόυς
2495 1767 2761 1868 ἐν-ωθῆναι
2808 1767 3132 1871 Ἐκκλησία,
3186 1767 3439 1871 καθαρὰν
3466 1767 3756 1871 "dumpale

533 1900 589 1945 et
619 1891 709 1958 qui
741 1890 805 1945 ad
832 1906 952 1945 eam
986 1889 1162 1944 labem
1192 1900 1493 1945 conventus
1516 1891 1673 1957 ﬁunt,
1702 1891 1969 1945 latronum
2002 1907 2114 1947 esse

2221 1890 2426 1960 ταύτην
2449 1891 2634 1961 πάσης
2663 1891 2948 1961 αἱρετικῆς
2997 1893 3235 1962 κηλῖδος,
3299 1893 3396 1946 καὶ
3436 1892 3522 1946 ὅτι
3550 1893 3613 1946 τὰ
3639 1897 3757 1967 παρὰ

535 1983 898 2051 speluncam:
964 1982 1191 2037 affertur
1241 1984 1440 2037 imitari
1483 1994 1737 2051 oportere
1784 1982 2116 2047 Sime0nem,

2220 1982 2425 2052 ταύτην
2460 1984 2798 2053 συνακτήρια
2839 1983 3052 2057 λῃστῶν
3098 1986 3214 2038 ἐστι
3266 1984 3527 2056 σπήλαια.
3564 1988 3661 2040 Καὶ
3689 2006 3756 2058 μι-

534 2084 589 2126 et
646 2073 996 2141 Baradatum,
1035 2084 1089 2130 et
1139 2073 1423 2142 Iacobum,
1473 2075 1620 2130 viros
1646 2076 1865 2131 virtutis
1906 2077 2115 2131 nomine

2225 2076 2444 2144 μεῖσθαι
2472 2077 2581 2129 δεῖν
2612 2076 2919 2145 εἰσηγεῖται
2955 2077 3218 2145 Συμεῶνα
3248 2080 3346 2130 καὶ
3378 2074 3670 2147 Βαραδάτον
3686 2080 3755 2133 καὶ

534 2173 649 2219 toto
709 2174 979 2220 terrarum
1032 2168 1164 2221 orbe
1211 2168 1484 2229 celebres,
1557 2167 1648 2237 qui
1706 2166 1903 2239 2481)
1954 2168 2115 2221 vitam

2233 2164 2510 2231 Ἰάκωϐον,
2542 2166 2742 2239 ἄνδρας
2776 2169 2865 2221 ἐπ’
2918 2169 3087 2239 ἀρετῇ
3121 2168 3227 2221 ἀνὰ
3254 2169 3440 2223 πᾶσαν
3462 2168 3557 2239 τὴν
3579 2170 3670 2241 γῆν
3691 2169 3755 2239 βε-

535 2256 846 2311 universam
884 2256 938 2310 in
970 2257 1345 2311 ecclesiastica
1400 2257 1685 2327 disciplina
1720 2268 2116 2326 transegerunt.

2222 2254 2546 2325 ϐοημένους,
2600 2256 2652 2309 οἳ
2709 2258 2809 2328 τὴν
2862 2257 3331 2328 ὲκκλησιαστικὴν
3367 2257 3455 2311 διὰ
3486 2257 3594 2329 βίου
3616 2260 3756 2330 ἠσπά-

536 2349 716 2419 Atque
752 2349 867 2405 haec
898 2350 1114 2419 quidem
1148 2350 1376 2420 epiSIola
1415 2350 1683 2404 continet.

2226 2347 2387 2399 σαντό
2415 2364 2477 2399 τε
2507 2348 2602 2401 καὶ
2629 2347 2951 2413 ὲξεθείασαν
2973 2350 3279 2405 κοινωνίαν.
3330 2350 3473 2405 Ἀλλ’
3501 2353 3556 2405 ὲν
3586 2355 3755 2420 τούτοις

2226 2439 2325 2509 μὲν
2349 2438 2448 2491 καὶ
2478 2440 2512 2511 ὴ
2549 2439 2802 2510 παροῦσα
2824 2441 3106 2513 ἐπιστολή.
3553 2455 3560 2461 ·

605 2540 859 2595 Proxima
891 2556 1020 2596 vero
1051 2542 1226 2597 oratio
1263 2540 1557 2613 Ephraamii
1588 2542 1900 2613 synodicam
1952 2544 2124 2599 actio-

2305 2530 2365 2582 Ὀ
2394 2530 2451 2583 δὲ
2482 2530 2681 2600 ἐφεξῆς
2718 2531 2875 2600 λόγος
2906 2532 3194 2604 συνοδικὴν
3233 2533 3571 2589 ἀναπτύσσει
3598 2540 3758 2607 πρᾶξιν

533 2647 657 2687 nem
691 2633 947 2702 explicat,
998 2633 1049 2687 in
1082 2649 1186 2703 qua
1215 2632 1555 2702 Syncleticus
1598 2634 1910 2688 nominatur
1936 2640 2114 2705 (quem

2221 2621 2317 2674 τοῦ
2347 2622 2514 2675 αὑτοῦ
2544 2624 2856 2691 ἁγιωτάτου
2918 2626 3261 2696 πατριάρχου
3309 2626 3756 2703 Ἑφραιμίου,ὲνῇ

533 2724 691 2778 Tarsi
729 2724 1047 2794 episcopum
1087 2724 1255 2779 fuisse
1277 2723 1436 2792 paulo
1465 2733 1591 2779 ante
1629 2726 1947 2798 memoravi)
1979 2729 2114 2794 quod

2221 2715 2251 2767 ὃ
2291 2732 2351 2766 τε
2384 2714 2756 2786 Συγκλητικὸς
2789 2716 2909 2788 (τῆς
2956 2716 3172 2788 Ταρσοῦ
3223 2717 3281 2770 δὲ
3313 2719 3505 2773 τοῦτον
3544 2722 3571 2773 ό
3597 2722 3757 2792 προλα-

532 2815 747 2871 libellos
773 2832 877 2869 non
906 2817 1211 2871 catholicos
1239 2818 1305 2871 ab
1332 2818 1601 2873 haereticis
1629 2821 1947 2888 accepisset,
1979 2822 2113 2877 unde

2222 2805 2334 2859 ϐὼν
2367 2807 2526 2875 λόγος
2551 2807 2849 2862 ἐπίσκοπον
2872 2806 3014 2880 εἷπε)
3048 2810 3420 2879 λογοθετεῖται
3448 2814 3495 2852 ’⁵
3522 2814 3614 2869 οὐκ
3638 2816 3756 2887 ὀρθο-

534 2910 826 2967 hacreticas
862 2909 1108 2963 hauserit
1156 2910 1461 2978 Opiniones,
1503 2919 1556 2964 et
1588 2909 1895 2980 Stephanus
1930 2926 2111 2966 mona-

2222 2896 2410 2963 δόξους
2432 2897 2712 2962 λιϐέλλους
2743 2902 2895 2971 παρά
2948 2918 3113 2954 τινων
3147 2902 3470 2973 δεξάμενος,
3510 2905 3565 2972 ἐξ
3604 2900 3757 2962 ὤνκαὶ

534 3003 672 3057 chus
704 3000 999 3073 Syncletici
1030 3000 1302 3072 syncellus
1340 3001 1666 3071 appellatus,
1699 3012 1755 3056 et
1787 3017 1925 3072 pene
1962 3018 2115 3058 accu-

2221 2990 2507 3060 αἱρετικὴν
2552 2992 2829 3061 παρέσχεν
2886 2993 3184 3057 ὑπόνοιαν,
3239 2997 3338 3050 καὶ
3395 2999 3650 3070 Στέφανός
3696 3020 3756 3064 τις

532 3103 689 3149 satur
720 3103 951 3161 uterque
1000 3092 1322 3161 praecedenti
1353 3093 1619 3160 oratione,
1662 3105 1945 3163 prepterea
1976 3095 2113 3163 quod

2173 3141 2188 3163 ι
2225 3084 2497 3154 μονάζων,
2538 3084 2834 3153 σύγκελλος
2868 3086 2932 3157 δὴ
2982 3086 3076 3140 τοῦ
3113 3089 3498 3161 Συγκλητικοῦ
3526 3094 3754 3164 καλούμε-

2173 3176 2191 3199 Ι
2227 3192 2317 3199 -.-ρ
2371 3177 2476 3199 11-x
2531 3177 2858 3199 Q--\1---.-___a
2912 3198 2918 3199 ,
2949 3181 2983 3199 \,
3049 3198 3113 3199 η..
3167 3180 3177 3199 ι
3391 3184 3404 3199 ι
3565 3186 3588 3196 ο
3636 3186 3649 3199 ι
3672 3187 3682 3199 ι

533 3183 899 3239 orthodoxam
946 3198 1051 3236 non
1094 3182 1537 3252 amplexarentur
1586 3184 1769 3252 ﬁdem,
1820 3187 1912 3241 sed
1953 3186 2114 3259 Euty-

2174 3177 2191 3199 ‘
2227 3192 2337 3240 νος.
2371 3177 2482 3229 Καὶ
2527 3177 2864 3248 διελέγχεται
2908 3181 3005 3249 μὲν
3046 3180 3191 3234 κατὰ
3244 3184 3447 3254 μικρὸν
3501 3186 3590 3238 τοῦ
3636 3186 3755 3252 λόγου

531 3277 653 3331 chis
708 3274 827 3329 labe
882 3272 1064 3329 infecti
1124 3284 1326 3328 essent.
1368 3274 1572 3330 Tamen
1621 3291 1740 3331 cum
1780 3275 2112 3347 Syncleticus

2227 3266 2512 3336 προϊόντος
2561 3267 2823 3338 ἑκάτερος
2883 3270 2957 3339 μὴ
3009 3272 3078 3323 τὰ
3130 3271 3266 3340 ὀρθὰ
3315 3275 3418 3344 τῆς
3480 3275 3756 3348 Ἐκκλησίας

533 3369 853 3437 religionem
887 3367 1125 3435 proﬁteri
1178 3368 1393 3422 tandem
1426 3377 1647 3423 coactus
1679 3380 1846 3436 esset,
1879 3371 2114 3442 synodus

2226 3359 2474 3429 στέργων
2528 3359 2795 3431 δόγματα,
2828 3361 2966 3415 ἀλλὰ
3015 3366 3154 3433 πρὸς
3186 3365 3285 3436 τὴν
3345 3369 3612 3439 Εὑτυχοῦς
3643 3372 3755 3423 νόσον

532 3460 780 3513 solvitur.
841 3456 1088 3530 [Tamen,
1122 3456 1322 3533 inquit,
1385 3458 1640 3527 pietatem
1684 3459 1899 3513 tandem
1942 3462 2113 3516 susci-

2229 3450 2672 3521 ὑποσυρόμενος·
2697 3454 2849 3523 ὅμως
2892 3452 2987 3508 οὖν
3034 3456 3131 3508 τοῦ
3168 3458 3551 3529 Συγκλητικοῦ
3589 3462 3674 3533 τὴν
3700 3464 3755 3515 εὐ-

534 3551 740 3619 piente,
782 3550 1009 3602 solvitur
1045 3531 1333 3620 synodus]
1388 3547 1444 3600 ln
1498 3547 1600 3601 hac
1636 3548 1846 3602 actione
1894 3548 2110 3604 beatum

2224 3544 2444 3597 σέϐειαν
2465 3544 2558 3597 ἐπὶ
2580 3545 2725 3599 τέλει
2759 3548 3143 3613 συνελαθέντος
3173 3552 3353 3604 εἰπεῖν
3378 3555 3412 3623 ἡ
3435 3531 3646 3618 Σύνοδος
3668 3556 3755 3608 δια-

536 3642 797 3713 Cyrillnm
822 3642 1014 3697 alicubi
1041 3651 1234 3696 natura
1259 3656 1356 3710 pro
1379 3656 1600 3708 persona
1618 3655 1771 3695 usum
1801 3656 1922 3695 esse
1946 3651 2117 3696 osten-

2222 3637 2428 3693 λύεται.
2464 3638 2596 3711 [³784
2628 3640 2723 3714 R.]
2765 3640 2854 3695 Ἐν
2875 3642 3047 3715 ταύτῃ
3078 3646 3145 3715 τῇ
3171 3645 3376 3714 πράξει
3393 3646 3486 3701 τὸν
3514 3646 3749 3701 θεσπέσιον

534 3736 637 3797 dit,
680 3750 803 3789 cum
846 3735 1139 3787 dicitnnam
1167 3734 1403 3787 maxime
1436 3730 1595 3787 Verbi
1622 3740 1871 3786 naturam
1898 3748 2115 3787 carnem

2218 3732 2489 3804 Κύριλλον
2543 3733 2621 3803 τῇ
2671 3736 2857 3805 φύσει
2906 3735 3024 3790 ἀνθ’
3060 3739 3465 3806 ὑποστάσεως
3490 3739 3693 3810 ἀλλαχοῦ
3711 3756 3752 3791 τε

534 3827 780 3882 induisse
806 3844 821 3880 :
857 3842 963 3880 non
1000 3827 1173 3895 ipsum
1196 3825 1378 3879 dicere
1406 3838 1550 3893 scepe
1579 3837 1702 3877 eum
1731 3824 1869 3879 duas
1906 3825 2115 3880 confes-

2217 3822 2549 3893 παρεισάγει
2601 3824 2935 3895 χρήσασθαι,
2981 3826 3077 3880 καὶ
3135 3828 3300 3897 ἡνίκα
3364 3829 3513 3900 λέγει
3568 3831 3753 3901 μάλιστα

534 3935 659 3974 sum
690 3926 940 3979 naturas,
971 3916 1427 3983 quemadmodum
1461 3925 1671 3969 mutato
1694 3915 1923 3969 consilio
1954 3930 2114 3968 unam

2217 3916 2350 3985 μίαν
2391 3915 2554 3984 φύσιν
2579 3918 2674 3970 τοῦ
2726 3918 2898 3986 Λόγου
2953 3921 3423 3994 σεσαρκωμένην·
3462 3923 3522 3975 ού
3570 3924 3665 3993 γὰρ
3710 3923 3752 3975 ἂν

538 4023 818 4076 naturam,
857 4010 959 4064 nisi
991 4009 1131 4064 forte
1165 4024 1312 4064 nunc
1351 4017 1557 4063 natura:
1593 4023 1778 4063 vocem
1820 4022 1917 4076 pro
1939 4025 2119 4077 perso-

2221 4007 2402 4058 εἰπεῖν
2427 4006 2612 4073 αὐτὸν,
2640 4009 2901 4074 πολλάκις
2922 4011 3019 4075 τὰς
3039 4012 3132 4065 δύο
3158 4013 3358 4082 φύσεις
3387 4016 3749 4087 ὡμολογηκότα,

508 4108 622 4157 παι
672 4104 1039 4171 usurpaverit,
1086 4112 1141 4155 et
1168 4102 1519 4155 conlirmatnr
1553 4100 1608 4155 id
1646 4115 1713 4154 ex
1760 4100 1884 4154 aliis
1928 4099 2089 4171 Cyrill

2220 4095 2412 4169 ὥσπερ
2465 4102 2531 4153 ὲκ
2582 4102 2948 4173 μεταμελείας
2986 4104 3115 4173 μίαν
3166 4105 3356 4175 φύσιν,
3385 4110 3434 4162 εἰ
3460 4112 3533 4180 μὴ
3559 4109 3615 4161 τὸ
3638 4110 3750 4180 ῥῆμα

537 4194 694 4259 locis,
746 4192 976 4261 eantque
1030 4206 1154 4247 esse
1203 4191 1464 4247 Ecclesia:
1508 4200 1768 4255 mentem,
1816 4191 2030 4263 aliaque
2067 4194 2117 4245 id

2220 4188 2340 4241 νυνὶ
2368 4188 2480 4259 τῆς
2504 4192 2743 4260 φύσεως
2775 4194 2897 4247 ἀντὶ
2929 4194 3039 4263 τῆς
3079 4198 3485 4267 ὑποστάσεως
3534 4201 3750 4272 παρειλή-

530 4299 701 4353 genus
735 4281 889 4337 utilia
920 4282 1180 4337 adversus
1224 4280 1537 4335 haereticatn
1593 4278 1770 4334 labem
1803 4280 1917 4335 haec
1973 4280 2111 4335 actio

2220 4296 2334 4349 φει.
2376 4281 2487 4333 Καὶ
2536 4286 2830 4354 συγκροτεῖ
2865 4286 3024 4339 τοῦτο
3052 4287 3112 4352 ἐξ
3141 4290 3347 4361 ἑτέρων
3394 4308 3455 4344 τε
3482 4291 3661 4361 φωνῶν
3684 4288 3748 4342 τοῦ

531 4375 836 4432 certamina
859 4374 1122 4428 continet.

2223 4373 2390 4426 αὐτοῦ
2413 4374 2707 4445 Κυρίλλου,
2740 4378 2836 4430 καὶ
2873 4378 2958 4431 ὅτι
2994 4378 3124 4450 [409
3149 4382 3507 4454 Η.]τοιοῦτον
3533 4385 3593 4438 τὸ
3614 4385 3655 4416 ⁷⁸
3674 4383 3747 4451 τῆς

534 4468 867 4538 Ἐκκλησίας
901 4466 1181 4549 φρόνημα.
1234 4465 1346 4520 Καὶ
1414 4463 1553 4521 ἄλλα
1602 4463 1661 4519 δέ
1719 4480 1843 4517 τινα
1901 4464 2151 4535 χρήσιμα
2189 4468 2333 4520 κατὰ
2385 4467 2485 4538 τῆς
2535 4470 2872 4541 συγχυτικῆς
2920 4474 3189 4543 αἱρέσεως
3236 4478 3272 4543 ἡ
3330 4480 3534 4549 πρᾶξις
3596 4477 3749 4547 ἀγωνί-

531 4562 715 4631 ἆμιτα
736 4561 1002 4631 περιέχει.

606 4650 739 4707 Post
785 4652 903 4707 haec
966 4650 1227 4721 inscripta
1279 4649 1419 4705 lihro
1466 4646 1694 4718 epistola
1743 4649 1810 4702 ad
1862 4646 2187 4718 Magnuml]

2168 4656 2195 4714 )
2290 4647 2447 4702 Μετὰ
2471 4648 2643 4702 ταῦτα
2661 4648 2718 4702 δὲ
2749 4648 3124 4719 ἐνεγέγραπτο
3150 4654 3217 4723 τῇ
3239 4652 3410 4724 βίϐλῳ
3444 4655 3575 4722 πρὸς
3599 4655 3749 4720 Μέγαν

527 4745 841 4816 episcopum
878 4742 1134 4804 Berroezc,
1165 4743 1287 4806 hoc,
1322 4742 1377 4794 in
1411 4741 1622 4794 duabus
1659 4739 1869 4792 naturis
1890 4737 2108 4792 Emma-

2211 4741 2304 4795 τὸν
2331 4740 2630 4793 ἐπίσκοπον
2660 4740 2887 4812 Βεροίας
2919 4742 2965 4772 ⁷⁷
3000 4741 3280 4813 ἐπιστολὴ,
3309 4745 3370 4796 τὸ
3393 4745 3452 4799 ἐν
3471 4744 3561 4797 δύο
3587 4744 3745 4812 φύσεσι

531 4835 744 4892 nuelem
788 4834 1006 4904 agnosci
1051 4833 1135 4905 (ut
1187 4834 1240 4887 in
1277 4842 1471 4902 quarta
1520 4840 1576 4885 et
1612 4830 1853 4901 generali
1904 4829 2112 4899 synodo

2211 4835 2411 4905 χρῆναι
2440 4833 2487 4864 ⁷⁸
2515 4832 2805 4903 γνωρίζειν
2837 4834 2929 4886 τὸν
2958 4834 3285 4905 Ἐμανουὴλ,
3333 4836 3411 4899 ὡς
3444 4837 3535 4891 καὶ
3558 4839 3618 4905 τῇ
3647 4834 3746 4902 ἁγία

528 4927 840 4998 asseritur),
863 4929 1063 4982 docens
1089 4936 1251 4995 atque
1281 4928 1601 4995 explanatis,
1625 4933 1680 4979 et
1711 4938 1865 4979 usum
1889 4936 2012 4978 esse
2034 4921 2109 4976 lo-

2214 4926 2311 4978 καὶ
2344 4926 2698 4996 οἱκουμενικῇ
2738 4925 2973 4997 τετάρτῃ
3004 4927 3211 4997 συνόδῳ
3253 4927 3492 4999 εἴρηται,
3524 4924 3745 4996 δογματί-

528 5020 753 5090 quendi,
810 5033 973 5071 unam
1026 5014 1187 5071 Verbi
1247 5026 1497 5069 naturam
1551 5015 1827 5069 hominem
1875 5028 1996 5069 esse
2042 5012 2109 5066 l'a-

2214 5017 2386 5081 ζουσά
2413 5034 2474 5069 τε
2508 5018 2603 5070 καὶ
2633 5018 2996 5089 ὲπικυροῦσα,
3029 5021 3123 5072 καὶ
3150 5020 3234 5073 ὅτι
3256 5024 3289 5091 ἡ
3327 5020 3561 5089 λέγουσα
3588 5017 3747 5088 χρῆσις

527 5125 697 5177 ctam,
751 5119 945 5167 contra
981 5124 1099 5173 eos,
1155 5110 1248 5179 qui
1302 5108 1439 5163 duas
1488 5108 1556 5161 ab
1601 5107 1834 5162 invicem
1890 5115 2108 5161 naturas

2219 5109 2351 5179 μίαν
2402 5107 2567 5177 φύσιν
2631 5108 2725 5162 τοῦ
2773 5112 2948 5178 Λόγου
3006 5112 3441 5183 σεσαρκωμένην
3496 5112 3628 5163 κατὰ
3664 5105 3748 5157 τῶν

528 5213 783 5277 separant
824 5203 1088 5274 probandi
1136 5204 1303 5258 robur
1360 5202 1582 5254 habere.
1620 5199 1726 5255 Sed
1757 5214 1871 5255 non
1915 5209 2106 5253 contra

2212 5201 2567 5272 διαιρούντων
2592 5201 2687 5255 ἀπ’
2718 5201 2966 5272 ἀλλήλων
2994 5203 3093 5267 τάς
3133 5204 3323 5272 φύσεις
3351 5204 3464 5274 ἔχει
3491 5203 3548 5256 τὸ
3578 5198 3746 5269 κράτος

530 5309 797 5369 negantes
827 5308 1144 5352 naturarum
1171 5295 1536 5352 differentiam
1568 5303 1788 5363 propter
1827 5292 2104 5346 unionem.

2214 5293 2638 5364 προϐάλλεσθαι,
2669 5294 2786 5349 ἀλλ’
2836 5296 2896 5347 οὑ
2950 5296 3096 5348 κατά
3142 5296 3252 5349 τῶν
3291 5295 3648 5365 ἀναιρούντων
3669 5290 3748 5355 τὴν

530 5393 994 5456 Quemadmodum
1049 5407 1152 5445 una
1208 5389 1371 5445 Verbi
1417 5397 1611 5442 natura
1661 5388 1943 5441 incarnata
1983 5400 2107 5439 cum

2214 5385 2322 5439 τῶν
2354 5386 2568 5456 φύσεων
2596 5386 2860 5457 διαφορὰν
2893 5387 2983 5441 διὰ
3019 5388 3119 5459 τὴν
3159 5391 3373 5445 ἕνωσιν.
3405 5391 3606 5457 Ὥσπερ
3630 5382 3747 5437 δὲτὸ

532 5482 912 5550 separantibus
964 5485 1032 5537 ab
1084 5483 1316 5536 invicem
1366 5491 1607 5544 naturas,
1662 5489 1863 5549 pugnat
1897 5496 1910 5531 :
1948 5478 2029 5533 sic
2057 5485 2113 5532 et

2218 5479 2315 5550 μία
2343 5479 2506 5547 φύσις
2531 5478 2626 5531 τοῦ
2681 5480 2858 5548 Λόγου
2918 5482 3311 5554 σεσαρκωμὲνη
3343 5483 3454 5546 τοῖς
3483 5475 3746 5551 διαιροῦσιν

1829 5649 2063 5707 VARIA‘.‘
2099 5651 2506 5709 LEC'I'lONES.

609 5752 655 5786 '"
684 5753 931 5823 ἀγγέλων
965 5770 1023 5815 ς.
1104 5753 1147 5783 ⁷⁸
1182 5750 1456 5821 λογοθετεῖ
1484 5766 1545 5813 ς.
1622 5751 1668 5787 ⁷⁸
1688 5749 1748 5801 τὸ
1775 5748 1819 5803 Λ
1855 5765 1867 5800 :
1912 5745 2087 5800 καὶτὸ
2120 5764 2183 5811 ς.
2283 5750 2327 5782 ’⁷
2360 5748 2623 5821 Βερίθοίαῖ
2652 5764 2709 5811 ς·
2808 5748 2854 5782 ’⁸
2895 5750 3091 5822 κρῆναι
3138 5750 3259 5804 add'
3293 5750 3361 5803 A'
