4004 6448
275 367 385 432 969

1353 369 1882 429 BlBLIOTHECA.
1906 396 1977 409 -
2004 368 2166 430 COD.
2199 370 2506 430 CCXXIX.

3466 380 3572 442 970

274 479 378 533 ἀπ’
436 477 681 545 ἀλλήλων
724 475 822 539 τὰς
871 475 1067 544 φύσεις
1122 477 1492 547 ἀπομάχεται,
1523 477 1668 530 οὕτω
1695 478 1792 530 καὶ
1813 478 1872 529 τὸ

1986 477 2036 530 in
2066 477 2277 531 duabus
2328 479 2540 532 naturis
2583 480 2836 532 unionem
2881 481 2930 534 in
2979 494 3212 550 persona
3247 483 3402 540 fateri
3440 501 3570 544 con-

278 571 341 622 ὲν
369 569 463 622 δύο
497 569 695 636 φύσεσι
723 567 824 638 τὴν
855 567 980 621 καθ’
1029 567 1333 622 ὑπόστασιν
1371 569 1656 639 ὁμολογεῖν
1679 569 1874 622 ἕνωσιν

279 661 413 723 τοὺς
465 660 828 730 συγχυτικοὺς
883 658 1096 730 ἐλέγχει
1141 661 1236 713 κα¹ι
1285 659 1640 730 καταισχύνει
1671 661 1879 714 τούτων

279 754 346 807 τὸ
380 752 648 822 βούλημα.
707 749 894 813 Οὕτως
946 748 1042 804 οῦν
1109 753 1201 806 καὶ
1241 753 1275 823 ἡ
1323 755 1381 805 ἐν
1413 751 1506 805 δύο
1529 751 1725 821 φύσσει
1755 753 1876 804 καθ’

282 844 587 896 ὑπόστασιν
617 841 812 904 ἓνωσις
848 843 892 874 ⁷⁹
929 841 1022 894 καὶ
1053 843 1087 912 ἡ
1119 843 1218 913 μία
1251 843 1346 895 τοῦ
1381 843 1556 911 Λόγου
1592 861 1877 912 σεσαρκω-

285 933 429 1005 μένη
461 933 623 1002 φύσις
674 933 816 986 κατά
859 934 957 1003 μὲν
1003 935 1112 988 τῶν
1144 936 1540 1006 ἀντικειμένων
1564 937 1758 995 αὑταῖς
1785 937 1878 988 καὶ

280 1027 534 1098 ἀλλήλοις
574 1026 932 1094 δοξασμάτων
961 1027 1343 1094 ἀγωνίζονται,
1372 1029 1633 1100 οὐδετέρα
1660 1029 1716 1083 δὲ
1738 1029 1878 1084 κατά

281 1119 386 1187 τῆς
421 1118 616 1188 ἑτέρας
639 1117 955 1182 ὁπλίζεται·
1010 1117 1135 1172 οὔτε
1184 1119 1293 1190 γὰρ
1345 1123 1379 1191 ἡ
1437 1120 1533 1190 μία
1567 1121 1661 1174 τοῦ
1701 1122 1879 1189 Λόγου

283 1211 686 1281 σεσαρκωμένη
731 1210 894 1279 φύσις
949 1212 1035 1262 ἐπ’
1084 1212 1363 1283 ἀναιρέσει
1385 1213 1486 1282 τῆς
1512 1214 1620 1266 τῶν
1660 1213 1878 1282 φύσεων

279 1304 550 1374 διαφορᾶς
571 1301 810 1370 λέγεται,
844 1302 967 1356 οὔτε
996 1306 1028 1374 ὴ
1076 1305 1134 1356 ὲν
1157 1305 1250 1357 δύο
1275 1305 1469 1371 φύσεσι
1497 1307 1876 1378 γινωσκομένη

280 1396 412 1449 καθ’
483 1396 781 1448 ὑπόστασιν
831 1396 1026 1460 ’ένωσις
1060 1397 1328 1468 διαίρεσιν
1373 1400 1470 1452 ἀπ’
1492 1399 1736 1468 ἀλλήλων
1764 1403 1878 1453 εἰσ-

279 1490 411 1556 άγει
450 1488 558 1541 τῶν
615 1489 853 1558 φύσεων.
882 1489 1047 1542 Ὥστε
1091 1495 1123 1561 ἡ
1168 1492 1276 1545 τῶν
1302 1493 1395 1544 δύο
1427 1493 1644 1563 φύσεων
1679 1493 1877 1557 ἓνωσις

282 1580 578 1648 βεδαίωσίς
629 1581 750 1633 ἐστι
779 1580 881 1644 τῆς
915 1583 1042 1652 μιᾶς
1088 1583 1181 1636 τοῦ
1236 1585 1409 1654 Λόγου
1444 1588 1876 1656 σεσαρκωμένης

279 1674 644 1737 ὑποστάσεως
717 1673 1030 1745 ἁσυγχύτου
1103 1679 1196 1730 καὶ
1258 1677 1521 1750 διαφορᾶς
1568 1679 1876 1749 ἀδιαιρέτου

282 1766 725 1837 κηρυττομένης.
767 1766 955 1821 Ταῦτα
1008 1769 1103 1822 καὶ
1137 1768 1363 1822 τοιαῦτα
1403 1769 1568 1842 ἕτερα
1599 1770 1697 1822 οὑκ
1721 1770 1878 1836 ὀλίγα

281 1857 377 1910 διά
397 1859 502 1927 τῆς
526 1858 899 1930 προκειμένης
947 1859 1280 1931 ἀναγράφων
1337 1861 1630 1933 ἐπιστολῆς
1661 1863 1732 1916 τά
1774 1863 1875 1932 μὲν

278 1950 385 2018 τῆς
423 1950 708 2012 εὐσεϐείας
733 1950 994 2021 κρατύνει
1029 1951 1296 2022 δόγματα,
1335 1952 1432 2022 τῆς
1450 1953 1505 2006 δὲ
1540 1955 1875 2025 συγχυτικῆς

281 2042 565 2104 ἀναιδείας
592 2041 856 2112 διελέγχει
879 2043 978 2106 τὴν
1009 2043 1270 2098 ἀπόνοιαν
1301 2043 1368 2097 ⁸ο.
1402 2045 1512 2097 Καὶ
1538 2047 1876 2116 παραινέσας

1981 567 2271 623 fundentes
2316 571 2692 639 reprehendit,
2765 580 2818 624 et
2865 573 3057 626 horum
3104 585 3332 630 conatus
3389 587 3572 632 retun-

1982 661 2082 715 dit.
2119 658 2212 715 Sic
2243 661 2407 730 igitur
2439 672 2493 714 tl
2531 663 2582 716 in
2619 665 2830 717 duabus
2855 665 3067 719 naturis
3101 665 3233 719 unio
3264 669 3566 722 secundum

1984 756 2340 827 bypostasim,
2399 766 2457 810 ut
2499 772 2604 811 una
2653 756 2811 811 Verbi
2857 767 3049 813 natura
3105 759 3412 826 iucarnata,
3449 775 3569 814 cer-

1983 858 2090 902 tam
2126 861 2317 906 contra
2351 866 2448 906 eos
2467 851 2559 921 qui
2601 867 2786 906 secum
2821 852 2920 920 ipsi
2958 861 3012 906 et
3042 852 3184 907 inter
3219 867 3279 908 se
3310 864 3569 924 pugnant,

1984 957 2091 995 non
2138 943 2305 1010 igitur
2344 942 2517 998 altera
2561 959 2680 997 cum
2725 945 2898 998 altera
2940 955 3169 1014 pugnat.
3209 945 3396 1014 Neque
3426 947 3569 1000 enim

1985 1049 2086 1086 una
2134 1034 2294 1089 Verbi
2328 1045 2522 1090 natura
2558 1037 2867 1103 incuruata,
2903 1037 2954 1090 in
2999 1037 3305 1092 sublatione
3337 1039 3569 1106 quadam

1986 1139 2191 1182 naturae
2231 1128 2430 1184 dicitur
2469 1147 2481 1181 :
2520 1143 2697 1198 neque
2721 1129 2852 1182 unio
2881 1128 2934 1183 in
2973 1130 3184 1184 duabus
3211 1131 3423 1184 naturis
3453 1146 3572 1198 qua:

1982 1222 2278 1275 secundum
2329 1221 2666 1292 hypostasim
2725 1222 3080 1292 agnoscitur,
3146 1222 3468 1277 divisionem
3505 1223 3570 1276 ah

1985 1313 2212 1366 invicem
2263 1311 2415 1367 affert
2478 1322 2817 1366 naturarum.
2863 1312 3042 1379 Quare
3096 1313 3294 1385 249a
3340 1315 3568 1367 duarum

1985 1401 2110 1454 nnio
2153 1412 2498 1465 naturarum,
2551 1403 2900 1456 conﬁrmatio
2947 1412 3028 1457 est
3079 1404 3242 1456 unius
3274 1402 3442 1457 Verbi
3485 1405 3572 1457 in-

1983 1504 2220 1548 earnalzc
2253 1509 2502 1564 personae
2533 1493 2855 1559 inconl'usre,
2879 1504 2934 1550 et
2967 1496 3300 1551 diversitatis
3328 1496 3574 1551 indivisa:
3622 1562 3627 1570 _

1983 1599 2104 1652 quae
2135 1587 2483 1654 praedicatur.
2511 1586 2636 1653 Haze
2661 1597 2716 1642 et
2735 1587 2838 1642 alia
2869 1588 2920 1641 id
2954 1603 3123 1658 genus
3150 1603 3256 1642 non
3285 1604 3456 1657 pauca
3477 1605 3574 1658 pro

1992 1691 2050 1728 re
2109 1686 2233 1730 nata
2289 1677 2535 1747 epistolae
2603 1680 2980 1743 conscribens,
3047 1679 3267 1748 pietatis
3319 1681 3572 1750 degmata

1983 1768 2294 1835 conﬁrmat,
2335 1770 2680 1840 impudenter
2711 1786 2840 1825 vero
2877 1771 3323 1826 confundentium
3351 1787 3571 1826 sensum

1984 1860 2359 1931 redarguit,et
2381 1878 2506 1916 eum
2531 1863 2617 1917 cui
2654 1865 2862 1918 reddita
2893 1865 3119 1934 epistola
3145 1875 3228 1920 est
3249 1866 3570 1930 admonens,

1984 1957 2170 2024 augeri
2214 1967 2268 2010 et
2300 1971 2552 2011 crescere
2581 1958 2810 2028 scripta,
2845 1961 3000 2027 quasi
3050 1973 3156 2013 non
3189 1959 3453 2014 exhausta
3490 1959 3572 2012 Γει-

1987 2046 2214 2113 cnltate,
2253 2048 2526 2102 scribendi
2563 2049 2722 2103 ﬁnem
2756 2049 2907 2104 facit.

281 2133 378 2185 τὸν
406 2133 501 2202 τὴν
525 2132 816 2203 ἐπιστολὴν
847 2132 1142 2202 δεξάμενον
1176 2132 1486 2205 ὲπαυξῆσαί
1518 2152 1576 2187 τε
1603 2138 1698 2188 καὶ
1724 2135 1999 2207 πληθῦναι
2021 2135 2093 2190 τά
2119 2136 2511 2208 γεγραμμένα,
2532 2138 2629 2192 ἁτε
2688 2140 2783 2192 καὶ
2842 2139 3134 2208 δυνάμεως
3191 2139 3291 2192 οὑκ
3355 2141 3561 2212 ἄπορον

290 2223 837 2294 γαταλήγειγρόφων
873 2225 933 2276 τὸ
959 2224 1219 2295 γράμμα.
1315 2235 1319 2238 ’

356 2319 492 2374 Μεθ’
531 2319 560 2373 ὃ
596 2319 733 2391 πρὸς
765 2320 986 2374 Εὑνόῖον
1034 2319 1264 2392 μοναχὸν
1307 2322 1502 2394 ἑτέραν
1545 2324 1769 2396 γράφει,
1816 2326 1876 2378 ὲν

281 2402 320 2481 ᾖ
357 2408 579 2473 διέξεισι
609 2409 748 2478 μήτε
780 2408 1033 2480 ἀλλήλοις
1065 2411 1203 2481 μήτε
1238 2411 1450 2475 ἑαυτοῖς
1487 2413 1874 2483 ἐναντιωθῆναι

280 2503 413 2562 τοὺς
438 2500 615 2570 ἱεροὺς
643 2499 804 2570 ἡμῶν
835 2501 1108 2571 Πατέρας,
1141 2503 1364 2556 ἐπειδὰν
1394 2505 1522 2574 περὶ
1552 2505 1757 2575 φθορᾶς
1784 2506 1878 2558 καὶ

280 2592 598 2662 ἀφθαρσίας
654 2592 1084 2662 διαλαμϐάνωσι.
1129 2594 1238 2646 Καὶ
1271 2595 1416 2666 ὅτιὴ
1454 2596 1553 2666 μὲν
1603 2596 1880 2666 ἁφθαρσία

281 2684 444 2753 ὑγεία
472 2684 554 2748 τίς
591 2686 739 2738 ἐστιν
769 2684 883 2738 ἀλλ’
910 2685 1008 2738 οὑκ
1035 2686 1316 2757 ἀναίρεσις
1345 2687 1444 2757 τῆς
1476 2688 1748 2760 ἡμετέρας
1777 2687 1878 2757 φύ-

283 2794 450 2843 σεως,
482 2781 515 2847 ἡ
549 2777 606 2831 δὲ
639 2777 848 2848 φθορὰς
887 2779 1043 2840 νόσος
1077 2795 1090 2809 -
1123 2779 1248 2832 ὅθεν
1280 2779 1375 2832 καὶ
1424 2779 1514 2833 τὸν
1551 2779 1730 2850 Ἀδὰμ
1767 2781 1875 2850 πρὸ

279 2871 386 2940 τῆς
414 2871 776 2942 παραϐάσεως
799 2870 1075 2940 ἄφθαρτον
1102 2870 1296 2940 ἔχοντα
1324 2872 1502 2942 σάρκα
1524 2874 1666 2927 κειτά
1693 2873 1873 2928 πάντα

281 2964 561 3034 ὑπάρχειν
596 2965 727 3035 ἡμῖν
769 2963 1076 3034 ὁμοούσιον.
1113 2963 1299 3017 Ταῦτα
1348 2969 1579 3037 κρήσεσι
1609 2968 1873 3038 Πατέρων

280 3053 642 3118 διαϐεϐαιῶν,
677 3038 773 3108 καῖ
800 3054 966 3125 ἕτερα
994 3053 1094 3107 οὑκ
1120 3052 1279 3123 ὀλίγα
1312 3055 1446 3126 πρὸς
1470 3057 1567 3127 τὴν
1596 3057 1880 3112 εὐσέϐειαν

282 3147 542 3218 χρήσιμα
603 3145 1019 3216 συγκαταλέξας
1073 3147 1143 3217 τῇ
1177 3144 1460 3218 ἐπιστολῇ,
1520 3147 1692 3218 πέρας
1740 3149 1876 3220 αὐτῇ

280 3239 615 3308 ἐπιτίθησιν.

371 3333 494 3384 Ἐπὶ
527 3332 750 3396 ταύταις
780 3335 838 3387 δὲ
875 3335 972 3390 καὶ
1001 3335 1152 3405 λόγοι
1187 3337 1334 3409 αὑτῷ
1356 3337 1706 3408 διελέχθησαν
1740 3353 1878 3389 παν-

281 3426 549 3493 ηγυρικοὶ
580 3425 623 3456 ⁸¹
658 3425 724 3491 ζ’,
769 3428 797 3480 ὁ
853 3428 951 3498 μὲν
997 3431 1078 3492 είς
1114 3428 1182 3483 τὰ
1227 3430 1482 3498 ὲγκαίνια
1525 3430 1636 3483 τῶν
1707 3428 1878 3496 ἁγίων

284 3518 611 3587 προφητῶν,
643 3520 672 3572 ὁ
707 3519 766 3573 δὲ
795 3520 875 3581 είς
906 3519 972 3574 τὰ
1003 3521 1255 3589 γενέθλια
1290 3521 1385 3575 τοῦ
1441 3523 1693 3590 Σωτῆρος
1722 3521 1879 3592 ἡμῶν

297 3615 480 3689 Ἰησοῦ
502 3615 761 3688 Χριστοῦ,
815 3616 1004 3689 ἕτερος
1031 3617 1087 3671 δὲ
1114 3617 1221 3689 πρὸ
1245 3619 1354 3673 τῶν
1387 3620 1558 3688 ἁγίων
1587 3621 1873 3690 νηστειῶν,

286 3711 385 3762 καὶ
415 3709 573 3773 ἄλλος
603 3710 685 3773 είς
717 3709 818 3780 τὴν
858 3712 1166 3780 κατήχησιν
1199 3711 1308 3765 τῶν
1346 3712 1744 3781 νεοφωτίστων,
1783 3711 1878 3765 καὶ

281 3800 356 3870 δὴ
386 3800 482 3854 καὶ
513 3802 592 3865 είς
636 3802 706 3856 τὰ
743 3801 996 3871 ὒγκαίνια
1032 3803 1128 3856 τοῦ
1159 3805 1500 3874 ἀρχαγγέλου
1535 3803 1751 3874 Μιχαὴλ
1780 3802 1874 3856 τοῦ

285 3895 352 3948 ὲν
402 3895 611 3967 Δάφνῃ,
633 3896 728 3948 καὶ
762 3896 842 3958 εἰς
882 3895 980 3966 τὴν
1003 3896 1163 3964 ἁγίαν
1192 3896 1670 3967 Τεσσαρακοστὴν,
1696 3896 1790 3949 καὶ
1816 3898 1875 3948 ἐν

289 3987 394 4058 μιᾷ
438 3986 538 4055 τῆς
599 3985 762 4054 ἁγίας
818 3988 1281 4059 Τεσσαρακοστῆς
1337 3988 1526 4060 ἐνάτῃ.
1571 3987 1732 4041 Ἀλλὰ
1780 3988 1875 4041 καὶ

281 4081 384 4134 ἐπὶ
416 4079 626 4142 τούτοις
649 4079 833 4147 ὄγδοος
863 4081 890 4133 ὁ
921 4081 978 4133 ὲν
1016 4082 1082 4151 τῇ
1121 4079 1257 4152 ἁγίᾳ
1283 4079 1503 4150 τετράδι
1539 4079 1756 4151 λεχθεὶς
1793 4081 1873 4145 είς

280 4170 411 4232 τοὺς
441 4169 856 4238 νεοφωτίστους.

355 4261 431 4314 Τδ
467 4261 568 4331 μὲν
614 4255 708 4315 οὖν
744 4261 964 4333 πρῶτον
1015 4260 1144 4332 [HO
1198 4261 1264 4315 Η.
1274 4273 1292 4333 γ
1344 4261 1632 4333 περιελθὸν
1664 4263 1746 4326 είς
1773 4261 1873 4327 τὰς

277 4353 560 4424 ἡμετέρας
585 4353 776 4424 χεῖρας
802 4351 996 4432 τεῦχος
1023 4351 1197 4406 ταῦτα
1219 4353 1516 4423 περιεῖχεν.

669 4512 781 4568 Τοῦ
809 4442 1204 4582 αὐτοῦΣιῐὶῗΞη
1247 4511 1488 4578 βίϐλος.

2049 2326 2180 2378 Dein
2249 2325 2316 2379 ad
2367 2326 2636 2379 Eunoium
2698 2327 3023 2379 monachum
3092 2325 3254 2379 aliam
3312 2325 3563 2380 scribit:

1976 2433 2081 2488 qua
2130 2419 2358 2486 epistola
2426 2428 2634 2480 narrat,
2698 2434 2874 2486 neque
2933 2433 3118 2471 secum
3174 2418 3343 2486 ipsos,
3394 2419 3592 2486 neque

1977 2511 2120 2565 inter
2159 2525 2216 2564 se
2257 2524 2500 2578 pugnare
2534 2509 2711 2564 sancti
2757 2509 2970 2573 Patres,
3013 2511 3230 2578 quando
3269 2510 3337 2563 de
3378 2525 3572 2563 curru-

1977 2601 2162 2671 ptione
2200 2609 2254 2655 et
2299 2601 2707 2666 incorruptione
2756 2600 3037 2654 disserunt
3089 2610 3144 2655 et
3199 2601 3570 2669 incorruptioo

1984 2708 2107 2747 nem
2148 2695 2439 2748 sanitatem
2470 2693 2762 2763 quamdam
2805 2705 2950 2756 esse,
2993 2707 3099 2747 non
3132 2703 3314 2747 autem
3365 2703 3574 2746 naturae

1983 2797 2187 2841 nostra:
2209 2785 2575 2841 sublationem
2616 2826 2629 2838 .
2662 2785 3070 2855 corruptionem
3099 2795 3292 2840 contra
3324 2785 3573 2840 morbum

1982 2879 2274 2948 quemdam
2324 2892 2465 2932 esse.
2509 2875 2664 2930 Unde
2695 2886 2750 2930 et
2792 2877 3062 2931 Adamum
3089 2885 3214 2932 ante
3241 2878 3449 2946 lapsum
3493 2877 3576 2930 in-

1980 2978 2292 3037 corruptam
2333 2969 2584 3023 habuisse
2614 2982 2859 3034 carnem,
2883 2976 2938 3022 et
2978 2983 3074 3038 per
3099 2971 3282 3024 omnia
3310 2970 3465 3025 nobis
3499 2971 3576 3026 si-

1987 3060 2172 3116 milem
2229 3059 2400 3114 fuisse
2448 3058 2671 3112 Patrum
2753 3059 3087 3114 testimoniis
3127 3060 3488 3127 confirmans,
3515 3071 3571 3117 et

1989 3153 2089 3206 alia
2142 3154 2208 3206 ad
2245 3153 2501 3220 pietatem
2561 3151 2710 3204 utilia
2764 3153 3010 3222 epistolae
3070 3154 3359 3211 includens
3406 3154 3570 3211 tinem

1907 3255 1950 3313 α
1985 3247 2134 3300 facit.

2060 3338 2377 3407 Sequuntur
2425 3337 2553 3392 hinc
2604 3335 2844 3400 eiusdem
2898 3337 3240 3406 pauegyrica:
3291 3338 3572 3394 orationes

1986 3439 2215 3499 septem.
2262 3430 2443 3484 Prima
2478 3430 2530 3483 in
2563 3428 2764 3485 festum
2813 3431 3286 3484 sanctissimorutn
3340 3431 3573 3500 prophe-

1988 3532 2207 3586 tarum;
2258 3521 2431 3576 altera
2482 3521 2534 3574 in
2573 3520 2698 3576 Jesu
2737 3522 2939 3576 Christi
2972 3521 3208 3575 natalem
3238 3523 3416 3589 diem;
3454 3530 3571 3579 ter-

1990 3614 2062 3692 tia
2108 3613 2160 3667 in
2195 3629 2350 3668 sacra
2391 3613 2520 3668 anni
2562 3612 2766 3683 jejnnia
2793 3629 2810 3679 ;
2840 3623 3034 3682 quarta
3062 3614 3115 3666 in
3148 3615 3569 3670 catechumeno-

1989 3722 2105 3760 rum
2133 3706 2586 3772 instructionem;
2621 3705 2751 3759 item
2797 3705 2850 3759 in
2892 3706 3086 3760 festum
3121 3707 3260 3761 diem
3289 3706 3572 3763 Michaelis

1982 3798 2298 3869 archangeli
2355 3798 2407 3852 in
2461 3797 2718 3868 Daphne;
2776 3808 2930 3851 sexta
2965 3799 3017 3852 in
3062 3814 3276 3853 sacram
3319 3799 3572 3864 Quadra-

1984 3891 2284 3959 gesimam;
2323 3891 2557 3959 denique
2585 3890 2637 3944 in
2671 3906 2831 3944 unam
2862 3889 3303 3959 Quadragesimm
3332 3906 3563 3956 nonam;

1982 3991 2175 4035 octava
2212 3979 2281 4034 ad
2321 3982 2435 4035 haec
2473 3982 2648 4034 oratio
2689 3994 2811 4049 quae
2839 3980 2894 4034 in
2927 3993 3087 4035 sacro
3117 3981 3470 4049 quaternario
3497 3983 3566 4034 ad

1981 4071 2295 4144 Neophytos
2325 4072 2530 4126 habita.

2051 4249 2296 4305 Primum
2353 4248 2538 4316 itaque
2591 4246 2735 4316 quod
2779 4246 2832 4299 in
2884 4259 3075 4300 manus
3117 4259 3266 4300 meas
3312 4244 3564 4301 volumen

1980 4343 2189 4410 incidit,
2232 4341 2348 4396 haec
2380 4341 2714 4395 continebat.

2634 4429 2914 4486 CCXXIX.

2336 4502 2605 4572 Eplu'emt'i
2621 4503 2856 4572 ejusdem
2888 4502 3021 4555 liber
3042 4499 3203 4558 alius.

354 4604 483 4676 [785
514 4603 608 4678 R.]
651 4602 996 4675 Ἀνεγνὼσθη
1025 4568 1232 4674 βιϐλίόν
1247 4568 1353 4658 ἶτοῦ
1381 4568 1550 4659 αὑτοῦ
1593 4604 1653 4658 ὲν
1695 4605 1870 4673 ἁγίοις

2049 4595 2179 4667 Legi
2197 4568 2436 4662 ejusdem
2469 4568 2890 4650 sanctivalterum
2922 4593 3145 4660 librum,
3168 4593 3261 4662 qui
3291 4593 3359 4648 de
3387 4568 3563 4651 sacris

292 4697 650 4765 Ἐφραιμίου,
695 4696 755 4758 ὃς
784 4695 898 4750 τῶν
947 4694 1109 4767 ἱερῶν
1136 4695 1236 4766 τῆς
1281 4695 1616 4767 Ἀντιοχείας
1659 4696 1878 4767 θεσμῶν

281 4789 496 4856 ἠγεῖτο,
530 4789 589 4842 ὲν
639 4787 818 4855 λόγοις
851 4788 915 4850 δ’,
945 4781 1021 4840 ῶν
1048 4787 1076 4840 ὁ
1109 4787 1208 4857 μὲν
1239 4784 1286 4840 α’
1317 4787 1584 4858 περὶτῶν
1629 4787 1876 4858 ἐπηρεα-

280 4877 531 4950 ζομένων
581 4880 842 4950 ῥημάτων
892 4878 1187 4949 Κυρίλλου,
1243 4878 1281 4932 ἃ
1330 4880 1541 4941 ἐκεῖνος
1594 4878 1875 4948 παρέθηκε

280 4971 423 5042 πρὸς
459 4971 765 5041 Σούκηνσον
809 4971 952 5025 κατὰ
984 4969 1083 5040 τὴν
1110 4969 1371 5042 δευτέραν
1412 4970 1704 5042 ἐπιστολὴν
1738 4971 1876 5042 γρά-

279 5080 424 5133 φων,
455 5061 813 5132 διαλαμϐάνει
847 5079 859 5092 ·
889 5063 989 5132 τὴν
1013 5061 1278 5130 ἐπήρειαν
1322 5061 1380 5113 δὲ
1420 5063 1454 5128 ἡ
1501 5061 1595 5114 τοῦ
1630 5062 1873 5132 Σεϐήρου

277 5153 498 5222 αἵρεσις
546 5152 766 5220 ἐπάγει.
828 5150 890 5206 '0
940 5151 998 5206 δὲ
1045 5149 1090 5221 β’
1119 5151 1415 5219 ἀπόκρισίς
1449 5152 1566 5204 ἐστι
1607 5152 1744 5223 πρὸς
1784 5151 1874 5205 τὸν

279 5245 644 5315 σχολαστικὸν
721 5245 1025 5299 Ἀνατόλιον
1080 5244 1210 5314 περὶ
1274 5235 1351 5297 ὧν
1401 5245 1610 5306 ἐκεῖνος
1670 5243 1864 5313 μαθεῖν

274 5336 583 5407 ἠϐουλήθη.
619 5339 678 5389 'U
707 5336 764 5390 δὲ
804 5343 852 5405 γ’
896 5336 1193 5405 ἀπολογίαν
1241 5335 1386 5406 ὑπὲρ
1412 5335 1512 5405 τῆς
1561 5334 1723 5402 ἁγίας
1768 5334 1864 5388 καὶ

276 5429 667 5497 οίκουμενικῆς
727 5432 786 5482 ὲν
841 5428 1154 5498 Καλχηδόνι·
1209 5427 1426 5481 συνόδου
1479 5429 1684 5496 γράφει
1726 5427 1864 5497 πρὸς

273 5519 487 5590 Δόμνον
517 5521 610 5573 καὶ
661 5521 915 5589 Ἰωάννην
955 5519 1084 5582 τοὺς
1135 5520 1194 5572 ἐν
1246 5521 1312 5588 τῇ
1360 5517 1592 5588 δευτέρᾳ
1643 5517 1864 5588 Κιλικίᾳ

1975 4688 2278 4743 Antiochia:
2303 4687 2512 4758 legibus
2541 4694 2727 4739 narrat
2774 4684 2927 4740 libris
2957 4691 3210 4753 quatuor.
3243 4685 3456 4740 Primus
3495 4688 3563 4744 de

1976 4781 2156 4836 verbis
2184 4779 2393 4850 Cyrilli,
2421 4780 2474 4833 in
2499 4777 2831 4834 calumniam
2859 4778 3126 4842 adductis,
3157 4793 3277 4847 qua:
3310 4778 3378 4832 ad
3420 4777 3559 4834 Suc-

1973 4887 2192 4926 censum
2221 4870 2316 4946 [al.
2350 4869 2699 4940 Successum]
2726 4870 2952 4938 epistola
2979 4870 3216 4924 secunda
3243 4870 3482 4936 scripsit,
3505 4880 3560 4925 et

1969 4963 2424 5034 oppugnationem
2477 4959 2790 5016 Severiana:
2842 4959 3050 5030 profert
3108 4960 3351 5014 hmresis.
3407 4961 3560 5014 Alter

1970 5057 2246 5126 responsio
2266 5064 2350 5109 est
2378 5055 2444 5109 ad
2474 5053 2786 5108 Anatolium
2825 5052 3234 5116 sclnulasticum,
3255 5053 3320 5105 de
3345 5051 3412 5105 iis
3436 5067 3557 5119 quae

1971 5148 2183 5202 discere
2218 5145 2449 5200 volebat.
2495 5143 2717 5199 Tertius
2776 5142 3094 5214 Apologiam
3142 5140 3354 5197 concilii
3392 5140 3556 5195 Chal-

1974 5238 2293 5293 cedonensis
2329 5240 2574 5291 continet
2615 5237 2682 5288 ad
2726 5235 2994 5291 Domuum
3040 5237 3261 5290 mittens
3295 5243 3350 5290 et
3389 5232 3556 5288 Joan-

1975 5343 2117 5390 nem,
2151 5327 2240 5395 qui
2267 5326 2470 5381 Cicilia:
2492 5325 2742 5381 secunda:
2761 5326 3010 5381 monachi
3035 5335 3212 5379 erant.
3232 5322 3466 5390 Quartus
3485 5323 3554 5380 ad

1974 5420 2216 5476 Orientis
2256 5421 2573 5484 monachos,
2606 5420 2697 5489 qui
2740 5427 2794 5474 et
2830 5419 2930 5488 ipsi
2977 5418 3272 5473 Severiana
3315 5419 3553 5487 correpti

1973 5515 2093 5570 labe
2126 5513 2362 5569 fuerunt.

275 5611 608 5674 ἀσκοῦντας.
650 5611 709 5665 '0
733 5611 788 5664 δὲ
817 5607 857 5662 δ’
881 5608 1018 5680 πρὸς
1047 5609 1175 5673 τοὺς
1196 5607 1547 5670 ἁνατολικοὺς
1573 5608 1864 5678 μοναχοὺς,
1902 5608 2000 5676 τῆς
2032 5605 2276 5675 Σεϐή-ρου
2307 5601 2626 5666 δυσσεϐείας
2648 5601 2742 5657 καὶ
2766 5600 2966 5664 αὑτοὺς
2993 5598 3411 5670 ἀντεχομένους.

1569 5725 1811 5782 ἿΑΗΙΛΕ
1849 5722 2262 5782 LECTIUNES.

344 5827 394 5859 7’
433 5825 625 5891 ἓνωσις
653 5824 777 5878 καθ’
819 5823 1117 5877 ὑπόστασιν
1151 5841 1212 5888 ς’.
1288 5824 1334 5858 ⁸ο
1368 5824 1623 5882 ὑπόνοιαν
1657 5841 1718 5889 ς.

640 5918 908 5976 ΡΑτιιοῐ..
943 5916 1057 5976 Gn.
1106 5917 1262 5977 CllI.

1807 5824 1849 5856 ⁸¹
1892 5839 2095 5893 πανηγ.
2130 5821 2263 5877 διελ.
2290 5836 2352 5884 ς.

3104 5910 3174 5972 31
