4004 6428
524 347 624 416 971

1689 332 1952 399 1³11οΤῐῖ
1994 336 2107 396 ΡΑἿ

2211 335 2505 395 [ARCH/E
2536 336 2641 396 CP.
3660 336 3745 398 9Ἷὲ

587 459 759 515 Aﬂ‘ert
790 469 970 514 autem
1003 458 1140 513 libro
1174 457 1349 526 primo
1381 454 1662 510 calumni:c
1692 454 1838 508 illam
1887 451 2052 525 2&9
2072 451 2098 504 b

2277 445 2606 516 Προτίθησιν
2639 439 2736 496 οὖν
2783 442 2840 494 ἐν
2875 439 2952 511 τῷ
3001 446 3048 495 α’
3086 439 3227 511 λόγῳ
3269 439 3366 512 τὴν
3400 441 3745 515 ἐπηρεαζομέ-

513 567 734 616 vorem,
781 557 839 602 ut
877 549 1076 602 dictum
1123 556 1206 602 est
1247 559 1312 600 ex
1367 545 1602 599 secunda
1655 545 1719 598 ad
1766 543 2096 598 Succensnm

513 642 766 712 cpistola,
798 641 880 693 his
914 639 1097 693 verbis
1132 655 1145 690 :
1181 637 1260 692 Sit
1291 638 1440 690 nobis
1466 637 1656 689 iterum
1680 635 1914 702 exemplo
1944 634 2098 687 homo

516 739 651 788 inter
682 751 774 787 nos
801 741 1056 786 rersatus.
1093 730 1237 783 Duas
1266 730 1404 782 enim
1444 729 1501 782 in
1540 728 1633 781 illo
1663 735 1892 780 naturas
1941 742 2100 796 agno-

516 830 708 881 scimus
747 841 763 878 :
797 842 953 877 unum
975 823 1180 890 quidem
1212 822 1470 890 corporis,
1495 821 1715 872 alterum
1744 834 1862 872 vero
1887 817 2098 882 animos,

515 922 603 972 sed
635 918 688 970 in
712 931 872 986 puras
903 915 1135 967 notiones
1173 914 1393 975 divisas,
1426 921 1473 964 et
1500 923 1552 962 ut
1583 912 1635 963 in
1661 911 1905 963 tenuibus
1929 911 2101 962 rimu-

515 1006 697 1067 Inrris,
757 1005 852 1057 Itoc
892 1014 964 1056 est
1016 1004 1205 1056 mentis
1266 1001 1697 1070 cogitationibus,
1748 1001 2102 1070 di/ferentiam

515 1098 875 1166 suscipientes,
899 1112 1002 1148 non
1025 1111 1116 1163 per
1136 1103 1314 1162 partes
1338 1102 1556 1146 naturas
1580 1092 1923 1156 collocamus,
1942 1108 2103 1161 neque

515 1190 761 1256 utrinque
807 1188 1050 1241 sectionis
1079 1187 1180 1238 vim
1224 1185 1351 1254 ipsis
1396 1184 1750 1248 concedimus,
1801 1185 1891 1237 sed
1946 1184 2102 1237 unius

514 1298 676 1334 unam
700 1297 808 1334 esse
842 1278 1204 1348 intelligimus,
1237 1292 1399 1346 quare
1427 1276 1550 1330 bina
1578 1292 1681 1328 non
1719 1275 1950 1345 amplius
1977 1275 2105 1330 bina

515 1385 657 1435 sunt,
707 1373 796 1426 sed
849 1382 1072 1442 utroque
1122 1379 1326 1423 tantum
1363 1385 1525 1422 unum
1570 1369 2101 1439 perﬁcitur'animal.

517 1465 643 1518 llaec
678 1475 948 1532 suntquae
977 1464 1030 1516 in
1062 1461 1390 1516 calumniam
1421 1471 1609 1514 vocata
1639 1471 1766 1515 sunt
1786 1461 1968 1515 verba.
1998 1459 2106 1532 Cy-

517 1558 668 1610 rillus
698 1556 840 1610 enim
879 1554 1046 1608 animi
1089 1563 1142 1608 et
1174 1553 1443 1621 corporis,
1468 1567 1498 1607 e
1525 1553 1722 1621 quibus
1763 1552 1924 1608 homo
1952 1566 2102 1606 com-

514 1651 751 1714 ponitur,
780 1649 1002 1703 vocibus
1033 1646 1394 1702 diﬂ‘erentiam
1432 1647 1767 1700 constituere
1794 1646 2100 1700 recusabat.

513 1739 872 1807 Quamobrem
899 1738 977 1793 sic
1005 1738 1081 1792 ait
1107 1751 1122 1790 :
1150 1736 1272 1791 Non
1291 1753 1383 1806 per
1402 1748 1579 1806 partes
1597 1746 1817 1789 naturas
1840 1735 2101 1804 ponimus,

2204 555 2302 606 νην
2355 537 2560 608 φωνὴν,
2611 535 2800 602 ὥσπερ
2842 532 3052 603 ἔφημεν
3099 534 3162 584 ἐκ
3201 533 3298 603 τῆς
3346 532 3599 602 δευτέρας
3641 537 3751 604 πρδς

2205 628 2512 698 Σούκηνσον
2561 625 2875 695 ἐπιστολῆς,
2930 623 3158 694 ἔχουσαν
3189 622 3360 686 οὕτως
3392 639 3408 655 ο
3465 624 3657 678 Ἔστω
3701 625 3755 679 δὲ

2204 717 2350 786 ἡμῖν
2397 720 2485 782 εἰς
2533 715 2904 785 παράδειγμα
2937 712 3124 766 πάλιν
3153 715 3186 766 ὀ
3219 715 3347 766 καθ’
3378 711 3535 781 ἡμᾶς
3568 713 3760 782 ἅνθρω-

2205 825 2340 874 πος.
2397 809 2511 862 Δύο
2559 807 2676 877 μὲν
2716 807 2825 875 γὰρ
2853 806 2952 858 καὶ
2986 804 3078 856 ἐπ’
3111 805 3296 858 αὑτοῦ
3326 805 3376 852 ⁸¹.
3396 805 3649 874 νοοῦμεν
3672 809 3760 874 τὰς

2206 902 2447 970 φύσεις,
2489 900 2632 967 μίαν
2654 898 2773 967 μὲν
2804 896 2915 963 τῆς
2940 895 3169 964 ψυχῆς,
3203 894 3413 962 ἑτέραν
3438 895 3508 948 δὲ
3535 896 3645 964 τὴν
3671 897 3762 954 τοῦ

2204 993 2504 1061 σώματος.
2569 989 2724 1044 Ἀλλ’
2775 988 2844 1042 ἐν
2884 987 3097 1057 ψιλαῖς
3132 986 3435 1053 διελόντες
3501 988 3762 1058 ἐννοίαις,

2204 1082 2302 1135 καὶ
2337 1081 2418 1147 ὡς
2441 1081 2510 1133 ἐν
2549 1078 2792 1148 laxe-air;
2833 1076 3100 1144 θεωρίαις
3124 1076 3256 1145 ἤτοι
3278 1077 3390 1129 νοῦ
3422 1079 3763 1145 φαντασίαις

2204 1175 2323 1243 τὴν
2350 1171 2646 1242 διαφορὰν
2671 1168 3010 1239 δεξάμενοι,
3045 1171 3156 1224 οὐκ
3186 1169 3302 1222 ἀνὰ
3337 1169 3520 1238 μέρος
3558 1171 3768 1238 τίθεμεν

2203 1265 2312 1332 τὰς
2342 1266 2580 1336 φύσεις,
2621 1265 2759 1317 οὔτε
2784 1263 2912 1332 μὴν
2951 1262 3049 1316 καὶ
3077 1260 3343 1330 διαμπὰξ
3373 1260 3651 1330 διατομῆς
3681 1263 3772 1316 δύ-

2204 1376 2385 1427 ναμιν
2435 1357 2676 1426 ἐφίεμεν
2701 1354 2934 1420 αὐταῖς,
2978 1355 3138 1408 ἀλλὰ
3167 1355 3314 1422 μίαν
3343 1353 3483 1416 ἐνὸς
3507 1350 3659 1408 εἶναι
3685 1371 3772 1409 νο-

2209 1446 2418 1516 οῦμεν,
2450 1445 2606 1499 ὥστε
2625 1445 2696 1499 τὰ
2725 1444 2834 1498 δύο
2861 1443 3078 1512 μηκέτι
3101 1444 3220 1512 μὲν
3242 1441 3394 1496 εἶναι
3425 1441 3558 1507 δύο,
3585 1442 3655 1496 δι’
3683 1445 3775 1513 ἀμ-

2207 1539 2348 1610 φοῖν
2388 1539 2457 1592 δὲ
2504 1539 2571 1592 τὸ
2614 1537 2685 1590 ἓν
2735 1533 3164 1592 ἀποτελεῖσθαι
3219 1534 3384 1596 ζῶον.
3434 1536 3502 1588 Al
3551 1535 3648 1604 μὲν
3695 1531 3775 1590 οὖν

2209 1629 2656 1701 ἐπηρεαζόμενοι
2691 1629 2867 1697 φωναὶ
2908 1621 3093 1682 αὗται.
3137 1627 3196 1680 Ὀ
3237 1626 3336 1696 μὲν
3365 1626 3474 1694 γὰρ
3509 1626 3650 1697 ἱερὸς
3684 1627 3776 1680 Κύ-

2213 1723 2392 1794 ριλλος
2444 1722 2626 1794 ψυχῆς
2659 1723 2753 1775 καὶ
2788 1720 3063 1790 σώματος,
3102 1720 3161 1784 ὲξ
3191 1711 3266 1772 ὧν
3308 1720 3336 1772 ὁ
3383 1719 3463 1781 είς
3510 1718 3775 1789 ἄνθρωπος

511 1805 601 1884 sed
649 1828 1077 1898 diuisiohinqnit.
1115 1828 1315 1882 Verum
1336 1805 1542 1882 addidit
1580 1844 1594 1880 :
1629 1824 1801 1881 Unam
1825 1842 1934 1881 esse
1950 1828 2106 1881 unius

2213 1815 2580 1879 ἀποτελεῖται,
2635 1814 2735 1884 τὴν
2769 1813 3035 1884 διαφορὰν
3091 1811 3366 1881 ὴὸουλήθη
3413 1811 3504 1864 διὰ
3542 1811 3650 1863 τῶν
3697 1811 3773 1863 λέ-

511 1919 880 1992 intelligimus.
900 1919 1112 1989 thuid
1130 1919 1267 1973 hoc?
1293 1934 1454 1973 unam
1480 1919 1625 1974 enim
1655 1919 1744 1974 hic
1769 1919 2104 1991 hypostasin,

512 2014 608 2067 sed
642 2027 749 2067 non
789 2020 1039 2066 naturam
1076 2010 1294 2075 asserit,
1331 2011 1492 2080 idque
1545 2009 1887 2066 manifestius
1929 2011 2106 2066 reddit

512 2105 830 2170 ostendens,
867 2101 1098 2172 Utroque
1129 2119 1293 2156 unum
1338 2102 1540 2156 animal
1568 2103 1924 2157 constituitur.
1962 2101 2107 2170 Quo-

515 2194 675 2248 modo
713 2194 874 2263 igitur
904 2192 1020 2246 lieri
1047 2202 1226 2261 potest
1258 2207 1422 2246 unam
1455 2207 1576 2246 esse
1610 2191 1799 2258 animi,
1835 2192 2106 2261 corporis-

515 2297 619 2351 que
666 2283 954 2338 naturam?
999 2283 1104 2336 Sed
1153 2283 1273 2337 vide
1309 2285 1500 2336 iterum
1551 2283 1775 2336 alteram
1837 2282 2107 2336 haereseos

512 2376 826 2436 amentiam,
861 2373 1166 2444 Intelligere
1221 2383 1458 2442 Oportet,
1517 2375 1716 2443 inquit,
1763 2391 1866 2428 non
1910 2375 2103 2428 dicere.

513 2472 832 2536 Quanquam
863 2467 985 2536 quis
1008 2467 1181 2520 nescit
1209 2475 1356 2520 recte
1386 2464 1741 2527 intellectum,
1769 2472 1918 2518 recte
1939 2463 2103 2516 etiam

512 2560 642 2623 dici,
675 2565 865 2614 contra
893 2571 1026 2612 vero
1060 2555 1199 2610 male
1225 2555 1587 2618 intellectum,
1616 2553 1755 2607 male
1784 2554 1946 2608 etiam
1978 2551 2103 2606 dici.

514 2649 573 2704 Si
609 2661 736 2703 vero
765 2647 889 2716 quia
921 2647 1053 2702 dicit
1089 2665 1103 2700 :
1137 2643 1310 2698 Unam
1344 2645 1500 2698 unius
1533 2643 1886 2714 intelligimus
1911 2643 1937 2696 ?
1965 2641 2102 2697 Illud

513 2755 668 2805 vero,
704 2755 866 2793 unam
917 2738 1203 2793 secundum
1239 2753 1331 2790 nos
1375 2747 1644 2802 naturam,
1702 2735 1839 2788 dixit
1880 2753 1893 2788 :
1947 2733 2106 2788 unius

515 2847 732 2902 quoque
760 2831 1023 2886 duntaxat
1057 2830 1307 2884 animalis
1352 2843 1474 2884 esse
1507 2827 1807 2897 intelligere
1844 2841 1942 2895 par
1983 2835 2102 2890 est,

515 2924 702 2978 dicere
731 2934 861 2976 vero
890 2934 996 2974 non
1030 2920 1179 2973 item.
1212 2917 1327 2972 Non
1365 2919 1530 2987 igitur
1561 2917 1916 2971 asserendum
1943 2925 1999 2969 et
2023 2915 2104 2968 in-

521 3012 896 3082 telligendum,
929 3025 1090 3065 unam
1121 3025 1245 3064 esse
1275 3019 1544 3075 naturam,
1575 3008 1770 3076 quibus
1797 3007 1899 3061 hoc
1929 3020 2106 3062 acces-

515 3108 605 3161 sit.
640 3109 708 3158 At
730 3103 1000 3172 quomodo
1024 3103 1166 3158 idem
1194 3105 1403 3170 integre
1431 3102 1588 3165 dixit,
1618 3117 1739 3170 quae
1765 3100 1966 3153 dixisse
1993 3113 2100 3153 non

515 3193 790 3265 Oportuit?
842 3191 949 3247 Sed
992 3193 1208 3245 valeant
1241 3193 1321 3246 ha:
1361 3206 1534 3259 nugtc.
1588 3189 1785 3244 lterum
1813 3188 1983 3251 aiunt,
2027 3188 2108 3241 in-

513 3282 676 3352 quit:
717 3278 783 3334 Ut
829 3281 951 3334 bina
994 3295 1099 3334 non
1142 3279 1371 3348 amplius
1408 3295 1518 3333 esse
1550 3278 1696 3340 bina,
1745 3281 1833 3332 sed
1889 3287 2108 3345 utroque

515 3384 724 3430 tantum
757 3388 917 3426 unum
943 3373 1216 3441 perﬁcitur
1239 3372 1459 3426 animal.
1490 3371 1657 3441 Igitur
1684 3371 1819 3425 duas
1863 3385 2110 3425 asserere

518 3477 761 3528 naturas.
797 3482 902 3520 non
932 3467 1066 3520 duas
1105 3466 1336 3534 amplius
1357 3480 1597 3521 manere.
1628 3463 1684 3518 Si
1710 3479 1838 3518 vero
1860 3464 2110 3533 exemplo

516 3562 832 3629 loquuntur,
867 3561 1001 3615 duas
1043 3569 1268 3613 naturas
1300 3573 1408 3613 non
1443 3558 1682 3628 amplius
1714 3558 1847 3613 dicit
1891 3571 2112 3613 manere

516 3653 674 3716 duas,
717 3649 971 3705 videlicet
1021 3649 1088 3704 de
1133 3648 1352 3703 Christo
1415 3648 1556 3702 idem
1605 3661 1672 3702 ex
1726 3649 2113 3704 consecutione

516 3742 916 3797 consideratur.
936 3739 1003 3793 Et
1034 3739 1253 3809 quidem
1294 3754 1402 3794 non
1432 3739 1792 3808 intelligentes
1815 3738 2110 3804 allirmant,

521 3835 754 3904 primum
793 3833 1034 3903 qnidem,
1066 3842 1125 3886 ut
1167 3847 1276 3886 non
1307 3831 1489 3887 omnia
1530 3831 1582 3885 in
1615 3831 1864 3901 exemplo
1895 3833 2110 3898 debent,

517 3937 573 3979 et
605 3940 702 3993 per
727 3925 1036 3994 exemplum
1071 3924 1346 3978 declarato
1379 3923 1738 3978 considerari.
1778 3923 1981 3978 Deinde
2006 3938 2110 3977 non

518 4015 752 4084 amplius
795 4028 917 4070 esse
967 4013 1120 4080 duos,
1157 4013 1233 4067 ait
1269 4031 1283 4070 :
1317 4015 1417 4068 hoc
1460 4022 1564 4079 est,
1606 4028 1712 4067 non
1745 4027 1810 4067 ex
1856 4021 2031 4083 parte,
2062 4022 2117 4068 et

521 4120 617 4176 per
651 4119 710 4160 se
751 4105 1070 4168 subsistere,
1103 4103 1235 4172 sed,
1279 4113 1339 4157 ut
1384 4113 1543 4158 antea
1587 4105 1845 4170 diximus,
1885 4114 2117 4174 utroque

521 4213 685 4252 utinm
713 4196 910 4251 animal
940 4197 1227 4252 constitui.
1258 4196 1326 4252 Et
1357 4196 1665 4264 considera,
1702 4198 1975 4267 quomodo
2008 4211 2114 4252 non

517 4308 585 4346 ex
615 4300 868 4360 utroque,
918 4292 1012 4346 sed
1063 4305 1156 4362 per
1206 4299 1439 4360 utraque
1478 4291 1572 4345 ﬁat
1609 4289 1833 4344 animal.
1893 4288 2119 4361 Signiﬁ-

520 4398 651 4439 cans
721 4393 1007 4452 utramque
1091 4391 1342 4437 naturam
1392 4384 1445 4436 in
1510 4381 1841 4438 absolvendo
1893 4382 2117 4450 animali

2213 1909 2349 1975 ξεων
2381 1907 2736 1978 παραστῆσαι
2769 1921 2782 1936 ·
2813 1905 2893 1959 διδ
2922 1903 3018 1958 καὶ
3064 1899 3243 1957 εἶπεν·
3286 1906 3408 1956 Οὐκ
3456 1902 3575 1957 ἀνὰ
3613 1902 3773 1972 μέρος

2218 2004 2459 2071 τίθεμεν
2495 1999 2604 2065 τὰς
2641 1999 2880 2069 φύσεις,
2920 1997 2958 2065 ἡ
2999 1996 3068 2050 δὲ
3105 1997 3358 2064 αἵρεσις,
3409 1995 3580 2065 φησίν
3675 1995 3772 2048 ἀλλ’

2214 2093 2486 2163 ἐπήγαγε,
2530 2091 2688 2144 Μίαν
2721 2087 2859 2154 ἐνὸς
2887 2083 3042 2140 εἶναι
3070 2086 3350 2156 νοοῦμεν.
3387 2086 3501 2140 Kal
3527 2085 3578 2138 τί
3607 2084 3774 2154 τοῦτο,

2211 2183 2342 2253 μίαν
2377 2183 2487 2252 γὰρ
2513 2179 2752 2234 ἐνταῦθα
2777 2178 2876 2250 τὴν
2911 2178 3212 2232 ὑπόστασιν
3250 2176 3364 2230 ἀλλ’
3404 2176 3467 2229 οὐ
3494 2177 3592 2246 τὴν
3631 2176 3770 2246 φύσιν

2207 2272 2351 2331 εἶπε.
2399 2273 2511 2328 Καὶ
2560 2273 2719 2326 τοῦτο
2756 2271 3090 2341 σαφέστερον
3137 2269 3428 2340 ἐδήλωσεν,
3477 2267 3768 2338 ἐπαγαγὼν·

2207 2368 2288 2422 Δι’
2321 2366 2547 2436 ἀμφοῖν
2571 2365 2640 2419 δὲ
2679 2365 2748 2419 τὸ
2781 2363 2851 2418 ἐν
2877 2362 3306 2418 ἀποτελεῖσθαι
3334 2361 3505 2423 ζῶον.
3540 2361 3659 2426 Πῶς
3683 2363 3771 2434 γὰρ

2217 2461 2328 2520 οἷόν
2357 2466 2416 2518 τέ
2447 2465 2564 2518 ἐστι
2592 2465 2734 2518 νοεῖν
2767 2460 3019 2532 σώματος
3054 2462 3148 2514 καὶ
3173 2460 3353 2530 ψυχῆς
3394 2460 3530 2532 μίαν
3563 2460 3771 2522 οὖσίαν;

2206 2559 2319 2614 ἀλλ’
2360 2559 2462 2629 ὅρα
2494 2555 2656 2609 πάλιν
2683 2554 2878 2626 ἑτέραν
2908 2553 3094 2607 ἄνοιαν
3132 2553 3232 2623 τῆς
3280 2552 3552 2623 αἱρέσεως
3582 2569 3599 2585 ·
3623 2553 3771 2606 Νοεῖν

2207 2647 2363 2711 εἷπε,
2404 2650 2592 2720 φησὶν,
2634 2649 2705 2702 οὐ
2722 2647 2946 2718 λέγειν.
2980 2647 3177 2699 Καίτοι
3217 2663 3281 2714 γε
3310 2645 3391 2708 τίς
3417 2645 3521 2698 οὐκ
3553 2639 3684 2696 οἶδεν
3710 2646 3770 2706 ὡς

2206 2745 2268 2798 τὸ
2299 2743 2481 2805 καλῶς
2503 2741 2798 2812 νοούμενον
2829 2741 2921 2794 καὶ
2954 2738 3135 2801 καλῶς
3159 2738 3402 2806 λέγεται,
3433 2738 3500 2791 τὸ
3528 2738 3584 2791 δὲ
3610 2737 3769 2801 κακῶς

2214 2833 2507 2905 νοούμενον
2533 2833 2657 2887 οὐδὲ
2690 2832 2947 2899 λέγεσθαι
2977 2832 3224 2896 δίκαιον;
3258 2831 3318 2883 Εἰ
3346 2831 3401 2883 δὲ
3429 2830 3567 2883 διότι
3600 2829 3732 2896 λέγει
3757 2843 3770 2858 °

2206 2927 2368 2981 Μίαν
2399 2925 2538 2991 ἐνὸς
2585 2923 2866 2992 νοοῦμεν,
2924 2921 2983 2974 τὺ
3031 2921 3088 2975 δὲ
3134 2923 3282 2991 μίαν
3329 2922 3467 2976 καθ’
3503 2919 3653 2990 ἡμᾶς
3679 2919 3770 2988 τὴν

2207 3019 2399 3087 φύσιν
2422 3000 2597 3078 εἶπεν,
2651 3017 2746 3068 καὶ
2802 3014 2920 3076 ἐνὸς
2955 3013 3054 3082 μὲν
3109 3007 3251 3065 εἶναι
3301 3011 3446 3076 {mou
3511 3013 3662 3084 μόνον
3708 3010 3771 3062 δεῖ

2159 3153 2177 3171 ,
2211 3111 2374 3173 νοεῖν,
2409 3107 2590 3176 λέγειν
2616 3105 2672 3159 δὲ
2699 3105 2908 3168 οὐκέτι,
2960 3104 3156 3158 οὐκοῦν
3209 3105 3267 3157 οὐ
3317 3103 3426 3176 χρὴ
3460 3105 3633 3171 λέγειν
3665 3103 3768 3172 μίαν

2212 3199 2398 3270 φύσιν,
2454 3201 2503 3253 ei
2540 3198 2585 3230 ⁸³
2626 3197 2723 3252 καὶ
2757 3198 2898 3250 νοεῖν
2941 3213 3086 3251 τισιν
3118 3196 3324 3266 ἐπῆλθε
3357 3196 3543 3250 τοῦτο.
3588 3195 3697 3256 Πῶς
3725 3191 3766 3244 δὲ

2211 3291 2308 3346 καὶ
2330 3290 2492 3353 αὐτὸς
2515 3290 2654 3354 ὅλως
2683 3286 2836 3342 εἷπεν
2867 3288 2903 3343 ἃ
2932 3287 3117 3357 λέγειν
3139 3288 3238 3341 οὐκ
3271 3288 3418 3354 ἕδει;
3451 3287 3566 3342 ἀλλ’
3592 3288 3618 3340 ὁ
3641 3285 3765 3347 κενὸς

2211 3375 2370 3446 οὗτος
2393 3381 2605 3454 ἐρρέτω
2625 3383 2811 3453 λῆρος.
2837 3381 3008 3436 Πάλιν
3025 3381 3104 3445 δὲ,
3128 3381 3314 3451 φασὶν,
3333 3382 3560 3452 εῖρηκεν
3581 3398 3595 3414 ο
3622 3382 3766 3433 Ὥστε

2211 3475 2287 3531 τὰ
2317 3475 2428 3530 δύο
2447 3475 2664 3544 μηκέτι
2687 3475 2805 3544 μὲν
2833 3475 2988 3529 εἶναι
3017 3475 3140 3542 δύο,
3183 3473 3259 3528 δι’
3289 3475 3520 3544 ἀμφοῖν
3547 3473 3612 3528 δὲ
3637 3472 3691 3527 τὸ
3713 3470 3765 3524 ἐν

2214 3567 2643 3623 ἀποτελεῖσθαι
2673 3565 2841 3627 ζῶον.
2881 3565 3095 3620 Οὐκοῦν
3125 3566 3223 3631 τὰς
3257 3566 3350 3620 δύο
3372 3567 3565 3637 φύσεις
3582 3566 3710 3634 λέγει
3731 3564 3764 3594 ⁸⁸

2217 3661 2293 3733 μὴ
2334 3661 2515 3731 μένειν
2544 3661 2625 3714 ἔτι
2660 3661 2753 3714 δύο
2785 3661 2996 3730 φύσεις.
3042 3663 3106 3714 Εἰ
3142 3661 3200 3715 δὲ
3233 3661 3328 3715 ἐπὶ
3377 3661 3478 3716 τοῦ
3549 3660 3763 3733 παραδεί-

2217 3767 2453 3822 γματος,
2477 3754 2632 3821 φασὶ,
2657 3753 2755 3815 τὰς
2781 3752 2873 3805 δύο
2903 3752 3094 3822 φύσεις
3128 3753 3190 3806 οὐ
3221 3751 3372 3822 λέγει
3389 3753 3657 3823 διαμένειν
3676 3751 3764 3813 δύο,

2215 3844 2463 3916 δηλονότι
2493 3847 2592 3899 καὶ
2626 3845 2979 3916 ἐπὶΧριστοῦ
3025 3846 3186 3900 τοῦτο
3238 3845 3553 3911 ἀκολούθως
3595 3847 3763 3915 θεωρη-

2217 3935 2466 4007 θήσεται.
2515 3937 2626 3991 Kal.
2675 3937 2850 3992 ταῦτά
2879 3957 3012 4007 φασι
3065 3939 3139 4011 μὴ
3167 3939 3444 4003 συνιέντες
3465 3939 3667 4011 πρῶτον
3689 3935 3765 4006 μὲν

2218 4028 2296 4091 ὼς
2326 4029 2448 4099 οὐχὶ
2495 4029 2677 4083 πάντα
2726 4031 2796 4083 τὰ
2842 4033 2901 4084 ἐν
2941 4032 3020 4102 τῷ
3069 4032 3482 4103 παραδείγματι
3529 4031 3641 4104 [411
3693 4026 3764 4098 1·1.]

2218 4119 2421 4188 ὀφείλει
2457 4121 2551 4173 καὶ
2592 4124 2648 4173 ὲν
2691 4121 2769 4192 τῷ
2799 4124 3431 4195 παραδειγματιξομὲνῳ
3461 4121 3764 4194 θεωρεῖσθαι,

2218 4209 2473 4282 δεύτερον
2503 4211 2558 4264 δὲ
2597 4212 2680 4264 ὅτι
2713 4213 2776 4266 τὸ
2808 4216 3005 4283 μηκέτι
3035 4215 3134 4284 μὲν
3167 4211 3307 4268 εἶναι
3342 4215 3437 4268 δύο
3469 4211 3606 4275 εἷπε,
3641 4227 3765 4265 τουτ-

2223 4301 2339 4356 έστι
2365 4303 2441 4374 μὴ
2463 4303 2569 4357 ἀνὰ
2603 4303 2771 4373 μέρος
2802 4305 2898 4359 καὶ
2928 4305 3314 4370 ῖδιοσυστάτως
3349 4307 3632 4378 ὑπάρχειν,
3655 4302 3763 4365 ἀλλ’,

2222 4393 2299 4458 ὡς
2349 4396 2598 4464 προεῖπε,
2649 4393 2718 4447 δι’
2765 4395 2970 4466 ἀμφοῖν
3012 4397 3074 4450 τὺ
3123 4397 3180 4450 ἓν
3214 4397 3595 4451 ἀποτελεῖσθαι
3635 4394 3761 4458 ζὼν.

521 4475 857 4530 conservari.
883 4473 1114 4541 Quando
1139 4474 1269 4545 quid
1296 4474 1575 4542 prohibuit
1599 4490 1693 4545 per
1717 4475 1808 4530 illo
1835 4491 1928 4544 per
1958 4485 2107 4529 utra-

2223 4486 2334 4539 Kal
2369 4487 2560 4539 σκόπει
2592 4485 2669 4550 ὡς
2697 4487 2800 4541 οὐκ
2839 4489 2898 4554 ἐξ
2925 4489 3133 4558 ἀμφοῖν
3166 4489 3302 4543 ἀλλά
3331 4491 3400 4544 δι’
3432 4491 3626 4562 ἀμφοῖν
3651 4487 3760 4540 ἀπο-

519 4583 619 4622 aue
657 4568 856 4631 dicere,
885 4581 984 4636 pro
1022 4581 1182 4620 unam
1213 4581 1374 4620 υηιιηι
1406 4565 1592 4637 perlici
1625 4567 1846 4621 animal.
1872 4565 1929 4621 Si
1963 4567 2108 4622 enim

525 4661 647 4713 bina
685 4661 808 4714 bina
843 4674 948 4713 non
994 4670 1273 4727 maneant,
1302 4661 1356 4714 in
1399 4676 1561 4715 unam
1615 4670 1986 4715 convenerunt
2015 4675 2111 4714 na-

526 4765 725 4815 turam,
757 4768 854 4821 per
895 4769 1057 4806 unam
1091 4754 1196 4807 dici
1223 4755 1510 4823 oportebat
1562 4754 1674 4806 lieri
1701 4793 1716 4818 ,
1747 4752 1944 4823 250a
1995 4753 2112 4806 ani-

524 4845 631 4896 mal
672 4859 859 4907 unum,
895 4855 945 4895 et
979 4859 1153 4912 neque
1198 4847 1391 4899 iterum
1430 4847 1588 4908 dixit,
1626 4861 1690 4899 ea:
1753 4854 1974 4913 utroque
2002 4862 2109 4900 una

524 4946 715 4989 natura
772 4936 1005 5004 perfecta
1061 4947 1159 4999 est,
1229 4938 1320 4990 sed
1375 4953 1540 4992 unum
1590 4939 1790 4992 animal
1857 4941 1958 4992 hoc
2008 4946 2109 5004 est,

523 5041 774 5096 persona.
814 5026 879 5079 Et
919 5036 1067 5081 recte
1113 5043 1218 5080 non
1258 5026 1393 5081 dixit
1430 5045 1444 5081 :
1481 5027 1598 5080 Una
1640 5040 1830 5082 natura
1887 5030 2117 5098 perfecta

522 5127 617 5169 est.
649 5116 761 5170 lloc
793 5117 937 5170 enim
999 5130 1246 5171 asserere
1279 5118 1593 5187 Apollinarii
1644 5119 1868 5173 haeresis
1893 5128 1993 5182 est,
2021 5120 2116 5189 qui

523 5209 660 5262 dixit
699 5227 710 5264 :
756 5207 942 5262 Mistio
970 5211 1159 5262 divina.
1181 5208 1318 5262 Deus
1347 5218 1400 5263 et
1423 5210 1576 5264 homo
1599 5227 1759 5264 unam
1791 5221 1837 5264 et
1865 5213 2103 5266 eamdem

522 5310 793 5367 naturam,
828 5308 884 5355 et
909 5300 1160 5371 quamvis
1191 5299 1243 5353 in
1285 5301 1457 5370 prima
1494 5301 1558 5354 ad
1607 5300 1940 5356 Succensum
2004 5302 2117 5371 epi-

525 5391 660 5445 stola
694 5395 760 5445 de
789 5395 978 5448 eodem
1008 5393 1258 5462 exemplo
1285 5392 1394 5462 agit
1421 5409 1435 5446 :
1470 5390 1560 5456 Et,
1606 5395 1650 5446 si
1677 5393 1900 5456 videtur,
1931 5393 2112 5462 capia-

525 5493 642 5534 mus
685 5483 906 5549 manipli
941 5481 1117 5553 gratia
1170 5482 1339 5536 nostri
1371 5483 1819 5551 compositionem,
1869 5498 1975 5552 qua
2017 5483 2113 5535 no-

2217 4579 2492 4632 τελεῖσθαι
2524 4579 2681 4644 ζῶον,
2724 4581 3006 4652 σημαίνων
3031 4584 3108 4646 ὡς
3133 4585 3373 4656 ἑκατέρα
3417 4584 3576 4656 φύσις
3619 4583 3670 4635 ἐν
3705 4577 3762 4646 τῷ

2221 4673 2643 4726 ἀποτε).εσθέντι
2689 4673 2925 4738 σώζεται
2971 4674 3118 4746 ζώῳ.
3163 4679 3390 4732 Ἐπεὶτί
3423 4677 3644 4732 ἐκώλυεν
3670 4671 3761 4726 ἀντὶ

2216 4760 2310 4814 τοῦ
2333 4761 2408 4815 δι’
2435 4760 2662 4830 ἀμφοῖν
2697 4765 2871 4816 εῖπεῖν
2892 4765 2973 4818 ὄτι
3005 4764 3092 4818 διὰ
3127 4767 3254 4836 μιᾶς
3287 4766 3351 4820 τὸ
3379 4766 3438 4820 ’ἐν
3469 4760 3757 4824 ἀπετελέσθη

2218 4848 2364 4913 (div;
2408 4851 2466 4903 Et
2500 4850 2611 4923 γὰρ
2645 4853 2702 4905 al
2730 4851 2824 4906 δύο
2856 4854 3040 4908 οὐκέτι
3073 4855 3296 4924 μένουσι
3332 4857 3448 4921 δύο,
3475 4859 3555 4919 εἰς
3588 4851 3758 4926 piavit

2225 4943 2490 5010 συνῆλθον
2527 4943 2710 5013 φύσιν,
2747 4945 2876 5018 [788
2919 4946 3013 5020 [1.]
3042 4949 3129 5002 διὰ
3163 4951 3292 5020 μιᾶς
3323 4949 3430 5004 ἔδει
3459 4950 3610 5019 φάναι
3636 4945 3687 4998 τὸ
3715 4942 3759 4994 ἓν

2219 5031 2604 5087 ἀποτελεῖσθαι
2629 5034 2786 5099 ζῶον.
2820 5037 2932 5089 Kal.
2957 5037 3079 5090 οὐδὲ
3111 5039 3274 5093 πάλιν
3300 5037 3446 5107 εἷπε,
3468 5039 3544 5092 Δι’
3572 5031 3756 5106 ἀμφοῖν

2218 5123 2258 5190 ἠ
2299 5124 2410 5192 μία
2443 5125 2631 5193 φύσις
2670 5127 3074 5198 ἀπετελέσθη,
3105 5129 3242 5184 ἀλλὰ
3277 5134 3336 5186 τὸ
3363 5131 3421 5188 ἓν
3451 5132 3602 5196 ζῶον,
3630 5139 3754 5178 τουτ-

2218 5211 2370 5266 έστιν
2395 5214 2427 5285 ἡ
2463 5214 2784 5280 ὑπόστασις.
2817 5219 2925 5270 Kal.
2949 5219 3134 5283 καλῶς
3169 5222 3271 5274 οὐκ
3299 5219 3443 5286 εἶπε,
3466 5221 3576 5274 Μία
3604 5215 3753 5285 φύσις

2219 5304 2602 5374 ἀπετελέσθη
2630 5323 2647 5338 ο
2689 5308 2750 5360 τὸ
2771 5308 2881 5381 γὰρ
2912 5310 3093 5380 λέγειν
3117 5312 3274 5366 τοῦτο
3298 5315 3397 5384 τῆς
3423 5315 3478 5366 Ἀ
3489 5303 3752 5376 πολιναρίου

2220 5394 2406 5468 λώὃης
2430 5395 2476 5428 ⁸⁸
2511 5398 2682 5464 ἐστὶν,
2707 5399 2767 5462 ὃς
2797 5399 2927 5471 ἔφη·
2961 5403 3138 5467 Μίξις
3160 5405 3456 5460 θεσπεσία
3499 5400 3627 5464 Θεὸς
3672 5390 3748 5446 καὶ

2219 5485 2534 5554 ἄνθρωπος
2562 5490 2712 5558 μίαν
2742 5491 2843 5546 καὶ
2884 5493 3001 5561 τὴν
3027 5496 3224 5565 αὐτὴν
3259 5496 3575 5552 ἀπετέλεσε
3600 5490 3640 5523 ⁸⁶
3660 5486 3750 5555 ρύα

1833 5597 2072 5655 VARl/E
2107 5601 2514 5662 LECTIONES.

625 5687 666 5722 ⁸⁸
699 5689 786 5742 ἐπ’
832 5691 870 5743 Α
911 5711 922 5745 :
966 5693 1057 5744 ὑπ’
1091 5712 1149 5755 ς.
1225 5692 1272 5725 ⁸³
1307 5695 1354 5745 εἰ
1412 5693 1533 5745 add.
1579 5692 1638 5745 Λ.

528 5756 690 5812 λεσαν
718 5767 780 5812 Α.

1735 5695 1782 5724 ⁸³
1809 5693 1956 5762 λέγει
2010 5708 2150 5748 corr.
2179 5697 2223 5748 A
2251 5717 2262 5750 :
2289 5698 2464 5767 λέγειν
2487 5719 2568 5765 ,ςκ

2671 5701 2719 5736 ⁸⁵
2748 5706 2930 5778 λώϐης
2956 5708 2997 5759 A
3055 5726 3064 5759 :
3136 5709 3306 5780 λάϐῃς
3337 5727 3396 5773 ς,
3521 5704 3563 5736 ⁸⁸
3583 5695 3742 5756 ἀπετέ-
