4004 6432
260 371 370 432 973
1235 365 1758 425 BIBHUTIIECA.
1786 388 1855 401 --
1886 362 2051 424 COD.
2086 364 2389 425 CCXXIX.
3420 366 3523 427 971

258 502 387 541 σιν.
432 484 545 537 Καὶ
590 482 697 555 μὴν
742 481 844 537 κάν
890 484 959 553 τῇ
993 480 1239 554 προτέρᾳ
1266 482 1403 554 πρὸς
1435 481 1741 554 Σούκηνσον
1786 480 1836 515 ⁸⁷

1941 483 2107 536 mines
2131 499 2331 536 sumus.
2360 482 2736 549 Contponimur
2753 484 2894 536 enim
2918 498 2981 537 ra:
3013 486 3193 537 anima
3214 494 3260 536 et
3282 498 3516 549 corpore,

256 576 520 648 ἐπιστολῇ
578 577 670 629 ἐπὶ
717 574 812 629 τοῦ
857 574 1024 629 αὐτοῦ
1060 574 1504 644 παραδείγματος
1522 574 1691 643 λέγει·
1724 573 1837 628 Kal.

1943 576 2172 642 duasque
2204 574 2544 639 perspicimus
2573 585 2813 640 naturas,
2834 576 3067 640 corporis
3100 576 3344 640 alterum,
3389 576 3524 630 alte-

254 672 310 724 εὶ
355 668 542 732 δοκεῖ,
577 666 878 737 δεξώμεθα
906 666 952 699 ⁸⁸
984 665 1134 735 πρὸς
1162 665 1531 735 παράδειγμα
1559 664 1676 733 τὴν
1706 664 1835 720 καθ’

1943 683 2053 719 ram
2098 666 2313 720 animi:
2351 680 2521 734 quare
2554 666 2604 719 in
2668 668 3058 734 compositione
3109 668 3245 723 duas
3299 680 3524 725 naturas

252 760 415 831 ἡμᾶς
436 760 660 825 αὐτοὺς
694 760 1012 824 σύνθεσιν,
1036 758 1166 811 καθ’
1196 757 1276 824 ἢν
1299 758 1486 828 ἐσμεν
1515 756 1833 825 ἄνθρωποι.

1939 758 2225 827 conspicit,
2261 774 2360 810 non
2390 758 2551 827 igitur
2587 759 2815 827 amplius
2845 775 2954 812 esse
2976 760 3129 824 duos,
3156 774 3330 828 neque
3362 777 3520 815 unam

253 850 655 920 Συντιθέμεθα
682 851 749 903 δὲ
779 852 847 903 ἐκ
872 849 1081 919 ψυχῆς
1119 849 1218 903 καὶ
1248 849 1543 918 σώματος,
1577 848 1674 902 καὶ
1705 847 1834 916 όρῶ·

1944 849 2055 903 iieri
2089 861 2340 904 naturam
2377 851 2595 912 asserit,
2623 851 2783 916 absit,
2812 852 2901 905 sed
2927 868 3030 904 non
3058 868 3121 905 ex
3155 865 3307 921 parte
3339 862 3392 907 et
3433 870 3525 922 per

245 960 369 1013 μεν
389 942 496 997 δύο
517 944 753 1012 φύσεις,
772 944 983 1012 ἑτέραν
999 941 1225 1010 σαρκὸς
1249 941 1346 995 καὶ
1373 941 1584 1011 ἑτέραν
1605 939 1826 1010 ψυχῆςΤ

1943 954 1999 994 se
2029 941 2347 996 subsistere.
2376 943 2653 996 Diversam
2697 959 2822 997 vero
2856 958 2976 998 esse
3005 944 3168 997 animi
3196 954 3250 998 et
3279 948 3524 1015 corporis

254 1036 400 1090 ὥστε
433 1035 492 1087 ὲν
524 1037 594 1107 τῇ
629 1034 877 1088 συνθέσει
900 1035 999 1099 τὰς
1031 1035 1126 1089 δύο
1146 1034 1341 1105 φύσεις
1375 1034 1590 1106 Θεωρεῖ.
1629 1033 1835 1087 Οὐκοῦν

1943 1042 2290 1098 naturam,et
2313 1045 2433 1103 post
2473 1036 2917 1104 eontpositiOuetn
2953 1036 3004 1089 in
3057 1042 3361 1105 composito
3396 1054 3520 1107 per-

251 1127 339 1193 1:6,
375 1128 597 1194 Μηκέτι
621 1126 738 1195 μὲν
770 1124 925 1180 εἶναι
956 1126 1066 1181 δύο
1091 1127 1213 1197 οὐχὶ
1250 1126 1381 1198 μίαν
1426 1126 1591 1195 φύσιν
1636 1125 1832 1189 ταύτας

1946 1125 2114 1193 spici;
2160 1133 2498 1195 testaturque
2551 1126 2846 1197 Gregorius
2894 1138 3257 1197 cognomento
3292 1129 3522 1183 Theolo-

258 1218 516 1287 γενέσθαι
540 1218 712 1288 λέγει,
742 1220 947 1288 ἄπαγε,
976 1219 1111 1272 ἀλλὰ
1140 1223 1215 1291 μὴ
1253 1219 1357 1273 ἀνὰ
1388 1218 1555 1291 μέρος
1584 1220 1678 1272 καὶ
1711 1219 1838 1273 ἰδιο-

1943 1230 2043 1283 gus
2095 1216 2177 1269 his
2247 1215 2358 1270 fere
2418 1216 2595 1270 verbis
2672 1218 2721 1270 in
2778 1219 3025 1273 oratione
3088 1218 3163 1271 De
3222 1221 3522 1285 baptismo:

254 1311 541 1374 συστὰτως
572 1312 863 1383 ὑπάρχειν.
902 1312 1027 1365 Ὀτι
1061 1312 1118 1365 δὲ
1156 1313 1414 1383 διάφορος
1448 1313 1481 1383 ἡ
1523 1312 1702 1383 ψυχῆς
1748 1313 1835 1365 καὶ

1944 1305 2277 1361 Germinatos
2308 1325 2400 1361 nos
2432 1325 2458 1361 e
2488 1310 2689 1362 duobus
2730 1310 2934 1363 cutibus
2980 1314 3158 1365 animo
3206 1322 3254 1366 et
3284 1331 3521 1382 corpore,

253 1402 509 1474 σώματος
548 1403 708 1473 φύσις
747 1407 842 1456 καὶ
875 1403 1015 1472 μετὰ
1043 1404 1142 1475 τὴν
1199 1404 1449 1457 σύνθεσιν
1488 1405 1546 1457 ὲν
1589 1404 1668 1473 τῷ
1716 1421 1834 1457 συν-

1945 1396 2043 1449 hoc
2067 1398 2275 1464 quidem
2303 1397 2516 1461 visibili,
2550 1399 2643 1451 illo
2684 1416 2803 1453 vero
2836 1402 3109 1463 invisibili,
3147 1404 3355 1470 gemina
3389 1421 3524 1471 quo-

252 1498 396 1567 θέτω
427 1497 734 1566 θεωρεῖται,
771 1497 866 1549 καὶ
894 1499 923 1549 6
957 1496 1217 1564 Θεολόγος
1244 1496 1543 1567 Γρηγόριο;
1575 1498 1833 1566 μαρτυρεῖ

1944 1505 2043 1557 que
2078 1490 2341 1559 purgatio,
2385 1499 2439 1543 et
2477 1504 2596 1560 qua:
2646 1505 2967 1559 Sequuntur.
3028 1493 3169 1559 Quin
3225 1502 3280 1547 et
3336 1496 3524 1551 beatus

253 1588 315 1640 ὲν
337 1586 415 1656 τῷ
447 1586 585 1655 Περὶ
608 1587 711 1641 τοῦ
730 1587 1154 1655 βαπτίσματος
1179 1585 1403 1654 φάσκων
1432 1587 1595 1657 λόγῳο
1628 1586 1834 1639 Διττῶν

1945 1580 2180 1651 Cyrillus
2212 1581 2349 1635 libro
2404 1597 2545 1635 nono
2590 1583 3111 1637 Commentariorum
3160 1586 3213 1639 in
3260 1585 3520 1640 Joannem

252 1676 326 1729 δὲ
357 1676 546 1728 ὄντων
570 1674 736 1743 ἡμῶν
772 1675 839 1727 ἐκ
875 1674 1084 1743 ψυχῆς
1125 1676 1223 1728 καὶ
1276 1674 1573 1743 σώματος,
1611 1673 1833 1742 καὶτῆς

1946 1672 2329 1743 evangelistam
2362 1673 2435 1727 ita
2467 1673 2662 1727 scribit
2689 1692 2701 1727 :
2734 1673 2920 1728 Sacra!
2951 1694 3043 1729 nos
3066 1676 3249 1729 docent
3282 1678 3521 1742 Scriptu-

246 1768 370 1836 μὲν
400 1765 620 1833 ὁρατῆς
649 1765 755 1819 τοῦ
786 1767 830 1797 ⁸³
853 1765 920 1819 δὲ
945 1765 1203 1835 ἀοράτου
1234 1766 1496 1835 φύσεως,
1538 1765 1705 1834 διττὴ
1739 1766 1827 1818 καὶ

1949 1780 2023 1817 ra:
2085 1780 2103 1817 :
2143 1767 2351 1820 credere
2395 1767 2446 1819 in
2495 1767 2830 1835 cruciﬁxum.
2882 1781 3141 1821 mortuum
3169 1808 3183 1831 ,
3230 1778 3278 1822 et
3329 1787 3522 1822 amor-

253 1823 298 1925 ὴ
330 1823 623 1925 meum};
654 1856 750 1909 καὶ
795 1855 940 1926 ἑξῆς.
1001 1823 1163 1910 ’λλλά
1200 1823 1297 1909 κξιι
1337 1858 1364 1909 6
1398 1823 1540 1923 ιερὲς
1573 1823 1834 1928 Κύρὶλλος

1941 1857 2047 1909 tuis
2100 1858 2405 1919 excitatum,
2465 1869 2520 1910 ut
2581 1863 2682 1911 non
2731 1860 2891 1911 alium
2940 1861 3271 1912 e.rsistentem
3324 1859 3520 1913 Filium

253 1949 318 2002 ὲν
366 1948 442 2018 τῷ
472 1950 646 2017 ἐνάτῳ
691 1947 835 2018 λόγῳ
883 1947 993 2000 τῶν
1036 1946 1505 2018 Ὑπομνημάτων,
1538 1947 1594 2000 ἐν
1620 1942 1701 2011 οἷς
1748 1947 1834 2000 τὸν

1942 1944 2040 2013 ipsi
2066 1962 2223 2014 quam
2269 1944 2510 2003 Verbum.
2538 1948 2772 2003 Deinde:
2815 1948 2935 2003 Non
2964 1962 3215 2019 quantum
3237 1952 3290 2004 in
3320 1964 3523 2007 natura:

253 2036 651 2109 εὐαγγελιστὴν
709 2037 965 2108 Ἰωάννην
1006 2038 1471 2108 ύπομνηματῑζει,
1499 2036 1642 2092 οὔτω
1682 2038 1834 2108 φησι·

1943 2036 2199 2090 unitatem
2225 2038 2567 2104 dico,corpus
2598 2040 2737 2092 enim
2781 2056 2970 2106 corpus
3022 2057 3125 2094 non
3178 2043 3405 2106 verbum,
3450 2054 3522 2095 ets

252 2127 577 2181 Πιστεύειν
618 2125 687 2179 δὲ
708 2124 866 2195 ἡμᾶς
902 2130 961 2179 αἱ
996 2126 1144 2181 θεῖαι
1179 2126 1411 2196 Γραφαὶ
1439 2126 1833 2182 διδάσκουσιν

1944 2144 2131 2194 corpus
2176 2127 2344 2188 Verbi.
2379 2131 2466 2182 sed
2492 2142 2741 2199 quantum
2777 2131 2831 2183 iu
2864 2148 3019 2184 usum
3053 2148 3186 2186 verae
3219 2132 3517 2201 filiatiouis.

249 2221 343 2285 εις
394 2218 500 2273 τὸν
529 2220 966 2287 ’σταυρωθέντα
1000 2222 1099 2272 καὶ
1149 2220 1533 2275 ἀποθανόντα
1564 2219 1663 2274 καὶ
1706 2221 1830 2290 ἐτη-

1945 2217 2047 2272 Ubi
2081 2219 2242 2288 igitur
2271 2221 2607 2286 substantiae,
2654 2223 2757 2275 hoc
2796 2232 2879 2277 est
2927 2232 3116 2275 natura
3172 2225 3436 2292 corporis,
3470 2236 3524 2278 et

252 2311 550 2379 τερμένον
596 2311 667 2364 ἐκ
722 2311 976 2378 νεκρῶν,
1006 2312 1087 2376 ὡς
1132 2314 1245 2380 οὐχ
1288 2312 1493 2381 ἕτερον
1539 2312 1684 2367 ὄντα
1735 2314 1833 2367 τὸν

1946 2309 2139 2361 anima:
2191 2310 2479 2364 idenlitas?
2513 2310 2591 2365 vel
2637 2315 2909 2381 quomodo
2957 2313 3070 2367 bam
3126 2331 3253 2377 una,
3292 2331 3520 2383 quorum

251 2404 395 2459 Υίὸν
440 2404 488 2435 ⁸⁸
543 2404 705 2472 παρὰ
752 2405 861 2457 τὸν
912 2404 980 2456 ἐν
1003 2405 1046 2436 ⁹¹
1075 2403 1235 2469 αὐτῷ
1260 2405 1475 2475 Λόγον.
1512 2402 1651 2459 Εἶτα
1677 2422 1691 2436 ο
1717 2408 1832 2477 Οὐχ

1948 2416 2050 2453 non
2077 2400 2201 2454 licet
2225 2417 2423 2471 cupere
2454 2403 2786 2456 identitatetn
2815 2414 3131 2457 naturarum
3162 2416 3216 2459 et
3240 2409 3485 2459 essmttia-
3509 2448 3520 2460 .

253 2498 412 2549 ὅσον
462 2498 549 2562 εὶς
588 2495 804 2561 οὐσίας
846 2495 1175 2560 ταυτότητὰ
1223 2512 1376 2564 ρημι
1416 2495 1609 2565 (σῶμα
1637 2496 1746 2565 γὰρ
1778 2497 1834 2550 τέ

1950 2492 2147 2546 Eadem
2180 2510 2394 2563 quoque
2424 2508 2655 2564 magnus
2684 2494 3022 2561 Eustathius,
3063 2497 3365 2553 Antiochia:
3389 2514 3525 2569 pra:-

252 2585 433 2655 σῶμα
472 2586 569 2639 καὶ
607 2587 680 2640 οὐ
709 2587 923 2654 Λόγος,
972 2588 1024 2639 εὶ
1073 2586 1172 2639 καὶ
1225 2585 1399 2655 σῶμα
1446 2586 1556 2641 τοῦ
1600 2587 1833 2658 Λόγου),

1948 2584 2050 2650 sul,
2096 2587 2393 2641 Antiochus
2433 2602 2665 2655 quoque,
2702 2585 3048 2643 Plolemaidis
3079 2590 3522 2659 episeopus,cum

253 2678 397 2732 ἀλλ’
432 2677 584 2731 ὅσον
606 2680 692 2743 εὶς
725 2679 791 2731 τὸ
837 2677 945 2745 τῆς
970 2677 1236 2745 ἀληθοῦς
1287 2678 1561 2746 υίότητος
1617 2678 1834 2748 χρῆμα.

1948 2682 2021 2734 ait
2053 2701 2066 2735 :
2107 2682 2345 2744 Domine,
2376 2684 2455 2749 fili
2499 2684 2686 2747 David,
2710 2695 2754 2737 et
2782 2685 2972 2752 duplex
3003 2701 3067 2738 ac
3113 2686 3353 2754 simplex,
3390 2704 3524 2741 unus

255 2770 374 2823 Ποῦ
410 2766 502 2825 οὖν
532 2771 566 2841 ἡ
616 2771 713 2840 τῆς
751 2769 939 2833 οὐσίας
982 2770 1101 2840 ἦτοι
1152 2769 1368 2838 φύσεως
1400 2769 1582 2840 ψυχῆς
1613 2771 1709 2823 καὶ
1744 2769 1836 2823 σώ·

1948 2784 1992 2826 et
2025 2774 2151 2837 duo,
2190 2791 2291 2827 non
2323 2774 2505 2828 divisa:
2529 2778 2932 2841 incarnationis,
2984 2794 3084 2830 non
3115 2778 3418 2845 duplicataz‘
3440 2798 3523 2834 re-

260 2879 436 2933 ματος
485 2862 793 2932 ταυτότης;
843 2863 914 2914 Ἢ
962 2862 1080 2925 πῶς
1106 2860 1281 2915 ταῦτα
1311 2861 1431 2931 μία,
1475 2856 1550 2915 ὧν
1592 2860 1693 2915 ούκ
1731 2861 1841 2914 ἔστι

1949 2864 2281 2930 dcmptionis,
2316 2877 2364 2918 et
2405 2881 2508 2919 non
2565 2865 2702 2919 Deus
2754 2867 2985 2933 patibilis
3043 2869 3304 2934 inventus,
3365 2888 3528 2941 neque

255 2953 447 3005 λαϐεῖν
504 2953 811 3023 ταυτότητα
862 2952 1081 3021 φύσεων
1137 2953 1231 3005 καὶ
1286 2951 1515 3018 ούσίας;
1567 2951 1649 3005 Τὰ
1709 2952 1836 3006 αὑτά

1950 2955 2101 3007 Itonia
2132 2972 2226 3023 per
2253 2973 2305 3009 se
2334 2957 2586 3009 mundum
2638 2974 2871 3011 servans.
2929 2958 2994 3012 Et
3019 2975 3242 3014 aureum
3302 2962 3427 3015 illud
3467 2979 3528 3016 os

256 3062 397 3114 φησι
438 3047 529 3097 καὶ
565 3044 861 3098 Εὶστάοιοε
898 3046 925 3097 6
961 3044 1154 3116 μέγας,
1181 3045 1209 3097 6
1238 3044 1335 3112 τῆς
1366 3045 1685 3113 Ἀντιοχέων
1711 3045 1837 3114 ἀρχ-

1953 3045 2226 3113 Ecclesiae,
2262 3047 2462 3116 aliique
2527 3048 2745 3117 plurimi
2793 3050 2891 3105 SS.
2956 3050 3196 3116 Patrum,
3236 3054 3288 3106 in
3321 3054 3528 3109 duabus

261 3139 467 3207 ιερεὺς,
512 3139 605 3190 καὶ
651 3136 919 3206 Ἀντίοχος
956 3138 983 3189 6
1039 3135 1426 3206 Πτολεμαΐδος,
1464 3138 1519 3188 ὲν
1552 3131 1632 3199 οἷς
1682 3152 1840 3204 φησι·

1954 3138 2158 3191 naturis
2197 3146 2359 3207 atque
2398 3139 2651 3193 essentiis
2680 3157 2843 3194 unum
2894 3152 3195 3211 agnoscunt
3224 3144 3521 3198 Christum.

257 3230 462 3296 Κύριε,
486 3227 578 3280 υἱὲ
600 3227 799 3291 Δαϐὶδ,
827 3230 859 3281 ό
882 3227 1137 3293 διπλοῦς
1166 3227 1263 3280 καὶ
1287 3227 1541 3291 ἁπλοῦς,
1566 3230 1597 3280 o'
1612 3226 1723 3279 δύο
1744 3226 1838 3280 καὶ

1951 3228 1990 3282 Ε
2014 3230 2211 3298 quibus
2246 3230 2389 3283 enim
2414 3232 2750 3286 inearnatum
2787 3232 3018 3288 Verbum
3043 3236 3398 3304 compositum
3424 3247 3525 3299 est,

254 3320 352 3385 ἓν,
390 3320 473 3390 μὴ
508 3319 897 3391 μεριζομένης
938 3318 1048 3388 τῆς
1096 3321 1459 3390 οἰκονομίας,
1491 3319 1575 3388 μὴ
1616 3319 1835 3387 διχοτο-

1954 3322 2006 3375 in
2049 3323 2114 3378 iis
2146 3331 2199 3377 et
2232 3332 2315 3378 est
2355 3331 2409 3377 et
2450 3326 2795 3393 cognoscitur
2829 3344 2841 3380 :
2891 3325 3127 3396 Cyrillus
3177 3343 3385 3381 rursum
3432 3344 3526 3381 ex-

257 3417 567 3484 ιιουμέι·ης
618 3412 788 3483 ἡμῶν
832 3414 943 3481 τῆς
974 3413 1295 3480 σωτηρίας,
1344 3413 1445 3465 ἵνίι
1491 3411 1647 3479 μήτε
1703 3411 1838 3477 Θεὸς

1947 3413 2146 3467 clamat
2180 3432 2192 3467 :
2231 3414 2708 3481 Quemadmodum,
2740 3418 2931 3483 inquit,
2964 3419 3015 3469 in
3041 3417 3313 3471 divinitate
3355 3420 3526 3487 per/e-

254 3502 531 3572 παθητὸς
562 3502 777 3572 εὑρεθνῇ
810 3502 961 3572 μήτε
990 3503 1298 3571 ἅνθρωπος
1328 3504 1457 3557 καθ’
1489 3502 1706 3556 ἑαυτὸν
1735 3502 1835 3568 τὴν

1948 3516 2080 3567 ctus,
2113 3507 2186 3558 ita
2224 3516 2271 3558 et
2313 3506 2504 3576 250!)
2554 3507 2607 3559 iu
2647 3508 2973 3561 humanitate
3003 3519 3092 3573 ;et
3131 3509 3367 3563 iterum:
3403 3509 3527 3563 Non

256 3597 625 3665 οῐκοενμένην
654 3594 874 3654 σώζων.
904 3596 1013 3647 Καὶ
1042 3594 1102 3647 τὸ
1131 3596 1367 3666 χρυσοῦν
1395 3594 1449 3647 δὲ
1476 3596 1648 3662 στόμα
1676 3595 1720 3625 ’³
1744 3594 1837 3661 τῆς

1951 3596 2113 3660 ipsum
2142 3598 2466 3666 unigenitum
2499 3597 2589 3650 Dei
2628 3595 2849 3663 Filium,
2873 3614 2976 3668 qua
3005 3611 3155 3667 parte
3193 3605 3526 3669 cognoscitur

269 3690 602 3759 Ἐκκλησῖας
653 3690 748 3741 καὶ
778 3688 973 3758 μυρίος
1013 3687 1172 3749 ἄλλος
1216 3686 1374 3757 χορὸς
1418 3685 1529 3739 τῶν
1572 3685 1847 3755 Θεοφόρων

1948 3696 1995 3738 ct
2032 3704 2202 3739 rerera
2233 3698 2307 3739 est
2346 3686 2503 3751 Deus,
2547 3691 2655 3755 pati
2714 3692 2769 3742 in
2814 3692 3025 3758 prapn'a
3068 3702 3260 3746 natura
3310 3710 3526 3761 corpore

254 3783 421 3853 ἡμῶν
450 3782 711 3853 Πατέρων
749 3783 805 3833 ἐν
839 3781 990 3833 δυσὶν
1017 3781 1230 3844 ούσὶαις
1261 3781 1354 3833 καὶ
1390 3779 1589 3849 φύσεσι
1620 3780 1711 3832 τὸν
1748 3778 1835 3832 ιν]

1950 3778 2268 3847 οῃῖινηηκιιιδ
2294 3797 2312 3831 :
2341 3780 2450 3847 pati
2480 3797 2596 3831 vero
2616 3782 2787 3846 potius
2816 3791 3021 3838 terrena
3047 3793 3259 3840 natura.
3303 3787 3365 3840 Et
3400 3805 3525 3841 τηι-

254 3872 591 3944 γνωρίζουσι
619 3872 878 3943 Χριστόν.
917 3873 1040 3926 Ὀτι
1078 3872 1263 3941 μέντοι
1295 3888 1358 3939 γε
1392 3871 1449 3937 ἐξ
1475 3865 1552 3925 ὧν
1593 3873 1620 3923 6
1654 3866 1733 3933 εἷς
1760 3887 1835 3921 σε-

1950 3886 2067 3923 Stlttl
2109 3892 2117 3923 :
2156 3870 2365 3936 Oportet
2397 3872 2533 3923 enim
2569 3873 2768 3924 servari
2811 3876 3108 3927 necessario
3150 3885 3389 3945 utraque,
3423 3896 3525 3932 una

261 3964 627 4036 σαρκωμένος
658 3964 830 4032 Λόγος
864 3962 1141 4033 συνετέθη,
1176 3964 1232 4015 ἐν
1263 3963 1445 4024 αὐτοῖς
1477 3963 1571 4015 καὶ
1602 3961 1716 4015 ἔστι
1751 3962 1842 4015 καὶ

1948 3974 1994 4016 et
2027 3978 2146 4015 vero
2173 3962 2336 4016 Filio.
2364 3963 2427 4016 Et
2456 3964 2580 4016 illud
2611 3984 2623 4018 :
2654 3962 2775 4016 Non
2811 3966 2924 4033 pati
2960 3967 3229 4021 divinitus.
3259 3968 3323 4022 Et
3355 3970 3481 4025 illttd
3508 3991 3520 4025 :

256 4056 615 4128 γνωρίζεται,
640 4056 909 4128 Κύριλλος
930 4055 1093 4109 πάλιν
1112 4055 1467 4125 βοᾷ”Ὠσπερ
1499 4054 1631 4122 γὰρ,
1658 4054 1837 4123 φησὶν,

1953 4049 2461 4104 DicereJtumanitus
2489 4052 2634 4119 pati;
2672 4052 2840 4121 ipsius
2886 4055 3025 4107 enim
3074 4072 3198 4109 caro
3236 4073 3395 4126 passa
3429 4072 3523 4114 est.

258 4153 335 4205 ἐν
380 4152 613 4219 θεότητι
662 4149 793 4221 [412
822 4148 913 4220 Η.]
945 4148 1193 4213 τέλειος,
1221 4147 1373 4200 οὕτω
1397 4147 1495 4199 καὶ
1524 4148 1593 4200 ἐν
1621 4148 1839 4215 ἀνθρω-

1952 4144 2147 4199 Verum
2187 4147 2375 4199 doctus
2407 4145 2642 4216 Cyrillus
2663 4147 2734 4201 ita
2762 4150 2953 4210 sensit,
2983 4158 3040 4203 at
3062 4160 3249 4205 contra
3289 4147 3526 4208 Inieretici

257 4243 475 4309 πότητι
500 4257 515 4273 ’
553 4242 648 4293 καὶ
684 4240 845 4293 πάλιν
867 4256 880 4270 ο
915 4241 1033 4291 Οὐκ
1068 4238 1254 4290 αὐτὸν
1281 4236 1388 4291 τὸν
1411 4234 1711 4306 μονογενῆ
1743 4237 1838 4291 τοῦ

1949 4232 2441 4302 amrtnaut,'divine
2482 4255 2671 4307 passus
2700 4249 2773 4292 est
2824 4241 2984 4293 si.qu
3032 4258 3081 4294 et
3122 4241 3371 4298 humane.
3420 4245 3525 4299 Sed

261 4334 414 4390 Θεοῦ
444 4338 581 4390 Υἱόν
610 4336 677 4400 ’⁸,
703 4336 846 4388 καθὸ
878 4334 1100 4387 νοεῖται
1138 4332 1233 4386 καὶ
1274 4332 1405 4387 ἔστι
1438 4331 1602 4399 Θεὸς,
1634 4331 1842 4386 παθεῖν

1950 4332 2037 4386 hic
2062 4346 2272 4384 rursum
2302 4333 2378 4385 ait
2411 4350 2423 4386 :
2471 4331 2832 4387 Humanitatis
2862 4334 3109 4401 perfectio
3128 4346 3416 4406 nostraeque
3433 4354 3529 4391 na-

257 4433 350 4495 εῐς
381 4428 539 4481 ἰδίαν
566 4428 757 4496 φύσιν
778 4426 849 4479 τὰ
876 4426 923 4458 9"
951 4424 1225 4494 σώματος
1255 4422 1689 4493 ὶσχυριζόμεθα,
1722 4438 1838 4477 πα-

1950 4434 2083 4479 tura:
2122 4424 2368 4479 exhibitio
2411 4425 2578 4478 allata
2618 4434 2719 4489 est,
2753 4428 2876 4479 dum
2925 4427 3187 4481 diceretur
3227 4429 3524 4483 incarnata.

261 4520 394 4575 θεῖν
418 4519 486 4573 δὲ
516 4517 759 4588 μᾶλλον
806 4515 879 4584 τῇ
917 4515 1095 4585 χοτκιῇ
1135 4516 1317 4585 φύσει
1341 4531 1356 4546 ο
1398 4516 1492 4568 καὶ
1522 4515 1683 4568 πάλιν
1706 4531 1721 4545 ο
1756 4515 1842 4569 Δεῖ

1958 4517 2130 4587 Supra
2162 4532 2377 4587 quoque
2412 4518 2476 4572 de
2500 4532 2661 4573 carne
2690 4517 2720 4571 in
2750 4516 2923 4572 Verbo
2951 4528 3223 4587 assumpta
3248 4519 3326 4573 sic
3350 4519 3525 4589 loqui—

258 4615 377 4681 γὰρ
419 4609 757 4679 ἀναγκαίως
800 4608 1104 4677 ἀμφότερα
1142 4606 1430 4665 σώζεσθαι
1472 4605 1551 4670 τῷ
1596 4606 1685 4659 ἐνὶ
1750 4606 1839 4660 καὶ

1954 4620 2040 4664 tur
2073 4627 2087 4665 :
2127 4607 2310 4680 Neque
2328 4610 2587 4663 diminuta
2610 4618 2684 4664 est
2716 4625 2877 4678 neque
2915 4611 2997 4679 (ut
3048 4610 3165 4678 ipse
3200 4610 3321 4680 ait)
3384 4611 3526 4680 furto

260 4704 419 4757 κατὰ
465 4702 759 4767 ἀλήθειαν
811 4699 939 4764 Υἱῷ,
967 4700 1062 4751 καὶ
1106 4698 1165 4750 τὸ
1204 4698 1299 4767 Μὴ
1328 4697 1594 4766 πάσχειν
1621 4696 1841 4761 θιιΐκῶς⁴

1949 4700 2153 4753 sublata
2178 4710 2279 4762 est,
2298 4700 2588 4754 necessario
2610 4701 2770 4769 igitur
2798 4712 3060 4756 servatur.
3086 4700 3152 4755 Et
3180 4702 3342 4769 paulo
3365 4712 3522 4758 ante:

262 4797 368 4849 καὶ
398 4795 459 4847 τὸ
508 4792 805 4862 Λέγεσθαι
852 4791 1066 4845 παθεῖν
1117 4791 1501 4859 ἀνθρωπίνως
1536 4805 1547 4817 ·
1583 4789 1621 4855 ἠ
1664 4789 1843 4842 αὑτοῦ

1950 4792 2069 4845 Etsi
2096 4791 2480 4861 compositionis
2502 4790 2666 4845 verbis
2712 4792 2842 4845 inest
2895 4792 3199 4862 diﬁ'erentia
3239 4794 3526 4848 secundum

262 4888 380 4959 γὰρ
426 4887 693 4940 πέπονθε
744 4884 922 4952 σάρξ.
968 4883 1105 4935 Ἀλλ’
1143 4884 1170 4936 6
1210 4882 1371 4949 σοφὸς
1426 4883 1527 4951 μὲν
1582 4880 1843 4949 Romae;

1951 4893 2218 4944 naturam,
2251 4898 2430 4935 eorum
2464 4898 2579 4951 qua:
2616 4883 2687 4935 ad
2724 4885 2973 4936 unitatem
3027 4882 3224 4937 collata
3274 4894 3416 4939 sunt.
3461 4884 3527 4938 Et

259 4978 439 5031 ταῦτα
465 4994 478 5006 ·
526 4978 558 5047 ἡ
606 4975 662 5028 δὲ
715 4976 925 5043 αἵρεσις
950 4974 1123 5041 λέγει,
1147 4972 1332 5027 ἔπαθε
1353 4971 1562 5038 θεϊκῶς
1594 4972 1715 5041 ἅμα
1749 4972 1840 5025 καὶ

1959 4975 2083 5027 alibi
2114 4992 2125 5027 :
2162 4971 2282 5027 Non
2311 4976 2642 5027 commistum
2678 4985 2751 5027 est
2772 4991 2864 5041 per
2892 4976 3007 5037 hoc,
3037 4983 3093 5028 ut
3127 4976 3252 5044 ipsis
3297 4977 3522 5037 videtur,

260 5069 675 5136 ἀνθρωπίνως.
737 5065 879 5119 Ἀλλ’
928 5066 954 5116 6
994 5063 1157 5127 αὐτὸς
1216 5063 1378 5118 πάλιν
1430 5066 1615 5133 φησὶν,
1682 5063 1755 5117 Ἡ
1780 5063 1841 5115 ἐν

1959 5081 2020 5119 ne
2043 5068 2096 5118 in
2131 5066 2305 5118 carnis
2345 5066 2553 5131 quidem
2596 5076 2840 5119 naturam
2866 5069 3077 5120 transiit
3118 5065 3270 5121 Verbi
3308 5078 3523 5131 natura,

259 5162 677 5229 ἀνθρωπότητι
705 5160 1011 5225 τελειότης
1034 5156 1133 5210 καὶ
1160 5155 1267 5223 τῆς
1294 5157 1423 5209 καθ’
1454 5154 1610 5222 ἡμᾶς
1634 5158 1840 5220 οὐσίας

1955 5156 2045 5209 sed
2068 5173 2230 5223 neque
2262 5157 2435 5209 carnis
2486 5169 2676 5210 natura
2704 5157 2757 5211 in
2787 5157 2952 5223 illius,
3001 5159 3091 5213 sed
3122 5158 3177 5211 in
3206 5161 3525 5226 proprietate

261 5254 305 5323 ἡ
346 5252 613 5323 δήλωσις
641 5253 1083 5322 εισκεκόμισται
1116 5248 1213 5303 διὰ
1250 5248 1355 5302 τοῦ
1390 5252 1594 5318 λέγειν
1628 5262 1842 5317 σεσαρ-

1955 5248 2240 5300 secundum
2276 5257 2543 5312 naturam,
2571 5248 2737 5301 altero
2773 5259 3013 5302 manente
3030 5258 3185 5316 atque
3238 5248 3520 5312 intellecto.

262 5344 566 5414 κωμένην.
607 5346 719 5398 Καὶ
759 5343 1016 5415 ἀνωτέρω
1063 5341 1192 5411 περὶ
1236 5340 1337 5410 τῆς
1370 5338 1463 5393 τοῦ
1502 5340 1675 5408 Λόγου
1716 5357 1843 5411 σαρ-

1954 5340 2235 5409 ineﬁ'abilis
2262 5351 2416 5409 atque
2456 5341 2839 5408 inexplicabilis
2887 5343 3033 5408 unio,
3062 5358 3218 5395 unam
3238 5342 3388 5395 nobis
3416 5340 3522 5393 Fili

268 5435 370 5499 κὸς
396 5435 537 5489 οὕτω
582 5436 767 5505 φησιν’
800 5437 947 5490 Οὔτε
972 5435 1288 5503 μεμείωται
1302 5433 1439 5486 οὔτε
1465 5431 1631 5500 (καθά
1660 5431 1845 5503 φησιν)

1956 5446 2201 5485 naturam
2242 5434 2502 5498 ostendit;
2542 5434 2666 5500 nisi,
2727 5441 2787 5487 ut
2838 5433 2949 5498 ait,
3000 5435 3352 5487 incarnalam.
3387 5434 3524 5490 Ecce

1574 5571 1810 5643 vlmus
1851 5589 2255 5646 LECTIONES.

348 5710 394 5743 ⁸⁷
424 5710 721 5762 Σούκενσον
749 5708 811 5763 C.
906 5707 952 5739 ⁸⁸
1018 5706 1318 5778 δεξιὼμεθα
1351 5723 1411 5771 ς.
1519 5707 1562 5743 δ’
1587 5701 1704 5776 τοῦ]
1736 5706 1833 5778 τῆς
1861 5721 1998 5762 corr.
2026 5709 2091 5762 Α.
2200 5708 2245 5740 ⁹⁰
2265 5715 2387 5764 ante
2404 5707 2529 5763 Υἱὸν
2556 5720 2665 5765 om.
2692 5708 2759 5763 Δ.
2850 5707 2894 5740 ³⁸
2921 5704 2981 5759 ἐν
3004 5705 3126 5763 add.
3146 5705 3215 5766 A.
3318 5708 3361 5765 ."
3382 5723 3445 5776 γε
3462 5723 3521 5776 ς,

266 5781 316 5813 ⁸³
334 5781 465 5833 Υἱδν
485 5780 577 5832 τοῦ
599 5778 734 5833 Θεοῦ
768 5795 825 5843 ς.
904 5778 950 5809 ³⁵
980 5777 1223 5847 σώματα.
