4004 6452
407 401 518 468 975
1562 399 1792 461 ΡΙΙΟΤΙ
1800 399 1825 458 Ι
1867 400 2001 458 ΡΑΤ

2107 397 2375 458 ARCII/E
2415 399 2522 457 CP.
3589 401 3698 466 9'16

404 523 548 577 clare
572 523 735 575 etiam
772 529 892 588 post
916 518 1346 575 incarnationem
1377 518 1659 589 utriusque
1692 517 1989 580 unitorum,

2107 513 2542 569 ὑποθῶ-κλέπται
2570 526 2580 538 ·
2632 512 2860 566 οὐκοῦν
2893 512 3229 584 ἀναγκαίως
3263 513 3530 576 σώζεται.
3584 517 3700 570 Καὶ

402 625 532 670 ante
561 613 697 667 dixit
720 624 941 666 manere
978 610 1031 665 in
1061 610 1150 676 iis,
1181 625 1302 680 quae
1333 612 1630 666 secundum
1671 618 1941 664 naturam.

2107 603 2378 675 titvm'répw'
2399 605 2525 657 Κάν
2555 600 2681 668 τοῖς
2721 600 2834 670 τῆς
2862 603 3211 668 συνθέσεως
3253 606 3456 672 λόγοις
3505 604 3705 658 Mrt-

403 707 573 776 άρχει
603 705 671 758 τὸ
704 704 998 773 διάφορον
1025 704 1178 757 κατὰ
1203 704 1396 767 φύσιν
1418 703 1540 758 τῶν
1560 705 1643 770 εις
1681 703 1935 769 ἑνότητα
1952 697 2543 769 συγκεκομισμένων.
2570 695 2696 766 [789
2728 695 2823 766 IL]
2856 697 2965 748 Καὶ
2994 695 3251 767 ἀλλαχοῦο
3278 699 3360 751 Οὐ
3390 697 3705 767 πὲεο-υρται

399 802 554 856 κατὰ
579 799 780 864 τοῦτο,
803 797 954 851 κατὰ
979 797 1047 852 τὸ
1068 799 1326 866 ἐκείνοις
1343 798 1567 854 δοκοῦν
1586 815 1599 830 ·
1624 799 1763 853 οὔτε
1776 798 1902 867 μὴν
1922 798 2007 862 εἰς
2020 793 2136 862 τὴν
2163 793 2273 863 τῆς
2292 793 2516 862 σαρκὸς
2532 793 3253 862 φύσινμεταπεεροίτηκεν
3277 793 3314 860 ὴ
3345 795 3449 848 τοῦ
3473 797 3705 863 λόγον’

397 893 533 947 ἀλλ’
595 890 739 946 οὐδὲ
795 891 835 958 ἠ
869 888 982 959 τῆς
1044 892 1277 959 σαρκὸς
1342 890 1547 960 ειςτὴν
1595 889 1782 945 αὐτοῦ
1806 905 1820 919 ⁸
1851 889 1994 942 ἀλλ’
2026 887 2096 940 ἐν
2127 885 2372 954 ἰδιότητι
2401 885 2552 940 κατὰ
2601 887 2792 955 φύσιν
2825 879 3113 953 ἐκατέρου
3169 885 3464 952 μένοντος
3488 903 3561 938 τε
3601 887 3706 939 καὶ

395 980 754 1050 νοουμένου,
782 983 822 1050 ’ἠ
844 982 1104 1052 ἄρρητοί*
1127 981 1228 1037 καὶ
1247 983 1556 1051 ἄφραστος
1584 981 1805 1046 ἕνωσις
1833 980 1983 1050 μίαν
2009 978 2156 1048 ἡμῖν
2187 977 2422 1042 ἔδειξεν
2450 978 2586 1032 Υιοῦ
2624 978 3032 1046 φύσιν,πλὴν,
3067 977 3146 1042 ὡς
3171 979 3346 1046 ἕδρην,
3378 992 3708 1046 (recapitu-

389 1077 611 1149 μένην.
659 1079 791 1133 Ἰδοὺ
813 1080 1066 1151 φανερῶς
1083 1081 1178 1134 καὶ
1215 1080 1354 1150 μετὰ
1379 1081 1478 1150 τὴν
1516 1079 1791 1150 σάρκωσιν
1819 1076 2078 1147 ἑκάτερον
2107 1076 2152 1107 ’⁵
2179 1075 2288 1128 τῶν
2319 1075 2630 1128 ἑνωθέντων
2659 1076 2715 1127 ἐν
2739 1077 2852 1139 τοῖς
2875 1073 3018 1128 κατὰ
3051 1073 3211 1144 φύσιν
3247 1072 3431 1142 μένειν
3456 1069 3588 1127 εἷπε
3631 1074 3707 1128 ’⁸.

469 1191 718 1264 Scriptor
740 1195 854 1249 haec
889 1210 1156 1251 enarrans
1189 1198 1403 1262 scribit,
1433 1207 1490 1250 ut
1525 1193 1991 1252 consubstantiale

399 1285 862 1340 consubstantiali
913 1287 1215 1341 secundum
1267 1287 1585 1358 hypostasin
1634 1302 1737 1341 non
1783 1286 1988 1349 unitur,

398 1391 576 1445 neque
601 1378 747 1430 enim
783 1377 965 1430 anima
994 1377 1192 1431 animae
1221 1377 1276 1432 in
1309 1393 1542 1446 persona
1572 1378 1783 1442 unitur,
1817 1389 1991 1444 neque

399 1483 598 1534 corpus
621 1469 856 1537 corpori.
889 1467 1020 1532 Qua:
1048 1485 1177 1524 vero
1217 1469 1430 1524 diversa
1463 1468 1766 1524 substantia
1791 1467 1988 1520 uniun-

401 1569 513 1624 tur,
565 1572 808 1626 persona:
861 1560 1127 1614 unitatem
1171 1559 1476 1624 absolvunt,
1534 1559 1589 1613 in
1631 1574 1796 1613 unam
1845 1555 1992 1612 enim

399 1649 723 1704 substantia:
761 1652 1175 1721 proprietatem,
1215 1667 1335 1721 quae
1361 1667 1424 1705 ex
1467 1651 1677 1706 unitate
1715 1659 1844 1706 sunt
1884 1664 1990 1704 non

398 1751 813 1796 COIIVCNUHIUI‘.
842 1741 1044 1808 Quare,
1079 1745 1125 1799 si
1152 1745 1424 1810 volumus,
1451 1760 1614 1798 unam
1653 1743 1992 1797 inc-amatam

399 1833 562 1888 Verbi
605 1841 879 1900 naturam,
919 1835 972 1890 id
997 1845 1100 1901 est,
1136 1852 1298 1889 unam
1325 1851 1636 1901 personam,
1664 1835 1717 1888 in
1751 1836 1989 1903 seipsam

399 1927 758 1990 invalescere,
793 1927 1142 1998 agnoscimus
1188 1930 1466 1982 unitorum
1504 1928 1558 1982 in
1595 1937 1793 1982 natura
1836 1926 1990 1982 dilic—

400 2020 654 2084 rentiam,
702 2034 867 2073 unam
916 2019 1082 2090 igitur
1114 2019 1278 2075 Verbi
1326 2020 1669 2076 incarnatam
1713 2030 1987 2085 naturam,
2019 2000 2068 2062 Β

405 2125 566 2164 unam
615 2111 972 2182 intelligimus
1008 2127 1316 2181 personam.
1353 2112 1410 2166 Si
1443 2114 1588 2168 enim
1633 2129 1796 2168 unam
1834 2121 1997 2168 natu-

402 2212 519 2252 ram
552 2199 894 2252 incarnatam
920 2207 1250 2265 asserentes,
1280 2201 1500 2271 proprie
1535 2211 1789 2255 naturam
1816 2203 1999 2256 incar-

403 2298 588 2343 natam
626 2288 1001 2359 intelligimus,
1039 2281 1252 2344 Patrem
1287 2301 1342 2346 et
1369 2292 1637 2361 Spiritum
1667 2291 1998 2360 .incarnalos

402 2382 723 2436 asserimus.
772 2381 887 2436 Una
934 2383 1082 2437 enim
1123 2391 1208 2436 est
1251 2384 1555 2453 eademque
1605 2393 1799 2438 natura
1851 2383 1994 2449 Filii,

402 2473 579 2528 Patris
602 2488 668 2527 ac
723 2473 961 2543 Spiritus
1026 2473 1252 2529 sancti:
1295 2490 1485 2529 verum
1538 2476 1997 2530 considerandum

402 2563 534 2616 illud
565 2565 896 2618 accuralitts.
935 2564 1041 2618 Sed
1075 2564 1300 2619 haeresis
1329 2565 1460 2633 quid
1483 2566 1724 2621 astruit?
1756 2564 1999 2618 Duarum

403 2670 720 2709 naturarum
763 2656 1018 2710 unitatem
1059 2657 1347 2710 asserintus
1378 2668 1492 2724 post
1523 2674 1688 2710 unam
1724 2658 1996 2712 unionem.

403 2746 608 2802 Verum
659 2749 707 2804 si
731 2759 984 2804 naturam
1025 2758 1081 2805 et
1130 2750 1429 2805 essentiam
1470 2749 1680 2816 dicunt,
1723 2751 2000 2816 quomodo

407 2851 513 2894 nOn
547 2841 921 2896 confusionem
951 2849 1005 2896 et
1033 2840 1667 2898 consubstantialitatem
1703 2841 1999 2896 sentientes

406 2932 719 3002 capiuntur.
755 2930 814 2986 Si
856 2947 986 2987 vero
1025 2948 1192 2987 unam
1244 2948 1552 3003 personam,
1584 2933 1670 2988 vel
1711 2949 1874 2988 unam
1905 2934 2000 3001 hy-

406 3025 651 3093 posmsin
694 3033 842 3078 recte
883 3033 1160 3088 astruunt,
1206 3033 1544 3092 cognoscant
1590 3023 1788 3095 251a
1846 3041 1998 3080 suin-

408 3133 553 3173 mam
586 3127 640 3171 et
672 3117 960 3172 indivisam
993 3117 1280 3182 unitatem,
1310 3134 1484 3186 neque
1515 3119 1789 3186 suscipere
1813 3120 2002 3173 sectio-

411 3223 535 3260 nem
599 3207 892 3272 unitatum,
948 3221 1128 3276 neque
1181 3207 1583 3271 confusionem,
1638 3224 1815 3278 neque
1874 3225 2002 3264 con-

2167 1193 2354 1248 Ταῦτα
2387 1195 2612 1249 διελθὼν
2640 1197 2668 1249 ὁ
2711 1192 3063 1266 συγγραφεύς
3102 1210 3236 1263 φησι
3289 1192 3390 1264 μὲν
3433 1192 3508 1254 ὡς
3562 1193 3709 1260 ὀμο-

2094 1286 2276 1342 οὑσιον
2307 1287 2406 1358 μὲν
2444 1287 2717 1360 ὁμοουσίῳ
2773 1286 2898 1340 καθ’
2955 1285 3257 1340 ὑπόστασιν
3316 1285 3416 1355 οὑχ
3471 1284 3712 1337 ἑνοῦται

2095 1378 2238 1445 (οὑδὲ
2271 1378 2383 1450 γὰρ
2414 1379 2563 1449 ψυχὴ
2592 1379 2739 1448 ψυχῇ
2782 1378 2905 1432 καθ’
2962 1378 3263 1431 ὑπόστασιν
3294 1375 3532 1438 ἑνοῦται,
3571 1375 3712 1426 οὔτε

2098 1469 2259 1539 σῶμα
2281 1467 2542 1540 σώματι),
2569 1471 2638 1523 τὰ
2660 1468 2716 1522 δὲ
2746 1469 3066 1540 ἑτεροοὺσια
3087 1469 3131 1500 ’⁷
3161 1469 3425 1538 ὲνούμενα
3442 1467 3540 1537 τὴν
3573 1465 3712 1518 καθ’

2099 1561 2403 1622 ὑπόστασιν
2441 1561 2635 1614 ἕνωσιν
2664 1561 2922 1614 ἀποτελεῖ
2954 1576 2966 1589 ·
3003 1561 3084 1624 εἰς
3112 1560 3240 1630 μίαν
3266 1558 3321 1611 δὲ
3355 1557 3545 1618 οὐσίας
3568 1571 3714 1609 ταυ-

2093 1655 2296 1724 τότητα
2333 1652 2402 1706 τὰ
2455 1654 2520 1704 ὲκ
2561 1654 2661 1720 τῆς
2693 1651 2942 1717 ὲνώσεως
2976 1651 3038 1704 οὑ
3090 1651 3377 1721 τρέπεται.
3428 1649 3603 1701 Ὥστε
3659 1647 3714 1700 εἰ

2096 1745 2429 1816 βουλοίμεθα
2469 1744 2568 1815 τὴν
2621 1745 2752 1814 μίαν
2787 1745 2950 1814 φύσιν
2988 1741 3084 1797 τοῦ
3118 1742 3254 1796 Θεοῦ
3285 1743 3461 1810 Λόγου
3494 1758 3715 1811 σεσαρ-

2093 1838 2383 1909 κωμένην,
2428 1838 2679 1892 τουτέστι
2733 1841 2831 1908 τήν
2889 1838 3019 1908 μίαν
3067 1838 3402 1901 ὑπόστασιν,
3461 1852 3714 1904 κρατυν-

2094 1929 2278 1999 Οῆναι,
2314 1930 2372 1981 ὲν
2395 1927 2535 2000 αὑτῇ
2577 1927 2920 1998 γνωρίζομεν
2950 1927 3059 1981 τῶν
3090 1926 3402 1980 ἑνωθέντων
3430 1923 3533 1994 τὴν
3567 1922 3714 1976 κατ’

2097 2020 2290 2073 οὑσὶαν
2319 2019 2612 2090 διαφοράν.
2646 2019 2756 2089 Τὴν
2792 2013 2885 2071 οῦν
2937 2018 2984 2049 ³⁸
3029 2018 3159 2087 μίαν
3199 2015 3502 2088 φύσιντοῦ
3561 2011 3710 2066 Θεοῦ

2099 2112 2274 2180 Λόγου
2313 2111 2750 2182 σεσαρκωμένην
2791 2111 2921 2180 μίαν
2978 2108 3281 2161 ὑπόστασιν
3326 2105 3587 2177 νοοῦμεν.
3644 2105 3711 2157 Εἰ

2099 2203 2210 2274 γὰρ
2245 2203 2378 2274 μίαν
2419 2202 2583 2270 φύσιν
2614 2200 3048 2272 σεσαρκωμένην
3079 2200 3324 2260 εἰπόντες
3340 2196 3454 2268 στὴν
3491 2195 3712 2266 κυρὲως

2099 2296 2263 2366 φύσιν
2308 2295 2740 2366 σεσαρκωμένην
2775 2295 3068 2365 νοήσομεν,
3113 2292 3205 2345 τὸν
3246 2291 3465 2361 Πατέρα
3509 2289 3611 2342 καὶ
3648 2286 3713 2341 τὸ

2102 2387 2375 2454 πανάγιον
2431 2385 2658 2456 Πνεῦμα
2725 2383 3150 2456 σεσαρκωμένον
3223 2381 3558 2452 εἰσφέρομεν
3590 2395 3608 2409 ο
3674 2381 3710 2447 ἡ

2100 2478 2240 2550 αὑτὴ
2273 2480 2379 2550 γὰρ
2422 2478 2583 2548 φύσις
2621 2476 2752 2531 Υἱοῦ
2796 2478 2890 2531 καὶ
2923 2476 3139 2545 [ἰατρὸς
3185 2475 3281 2528 καὶ
3331 2475 3489 2542 ἁγίου
3529 2472 3709 2526 Ilus-.3—

2105 2585 2296 2635 ματος.
2341 2565 2502 2619 Ἀλλὰ
2551 2567 2711 2620 τοῦτο
2751 2567 2850 2635 μὲν
2886 2564 3283 2636 ἀκριϐέστερον
3313 2561 3704 2616 ἐπισκεπτέον.

2115 2660 2179 2712 Ἡ
2225 2658 2281 2711 δὲ
2330 2658 2542 2729 αἵρεσις
2583 2659 2635 2712 τί
2676 2675 2846 2730 φησι;
2885 2659 3002 2712 Δύο
3043 2658 3162 2727 μὲν
3197 2657 3444 2724 φύσεων
3474 2655 3709 2707 ἕνωσιν

2099 2748 2384 2819 λέγομεν,
2422 2749 2576 2819 μετὰ
2623 2749 2692 2802 δὲ
2729 2749 2847 2817 τὴν
2885 2750 3107 2804 ἕνωσιν
3130 2748 3300 2819 μίαν.
3343 2746 3484 2800 Ἀλλ’
3515 2747 3568 2798 εἰ
3603 2745 3708 2816 μὲν

2103 2842 2265 2911 φύσιν
2321 2845 2418 2896 καὶ
2461 2845 2651 2898 οὐσίαν
2700 2843 2944 2910 λέγουσι,
2999 2842 3116 2904 πῶς
3168 2841 3229 2894 οὑ
3283 2839 3563 2910 σύμφυσιν
3607 2836 3710 2889 καὶ

2104 2935 2462 2986 συνουσίωσιν
2517 2931 2851 3004 φρονοῦντες
2898 2931 3246 2996 ἁλίσκονται;
3302 2930 3364 2982 Εἰ
3419 2928 3477 2980 δὲ
3528 2926 3709 2995 πρόσ-

2101 3042 2250 3079 ωπον
2281 3023 2339 3078 ἓν
2370 3026 2404 3096 ἢ
2438 3025 2739 3079 ὑπόστασιν
2773 3024 2926 3095 μίαν,
2986 3022 3171 3084 καλῶς
3221 3037 3376 3089 φασι.
3429 3020 3466 3071 Γ
3476 3016 3708 3071 ινωσκέ-

2102 3133 2284 3171 τωσαν
2317 3116 2374 3170 δὲ
2401 3116 2477 3180 ὡς
2521 3117 2556 3187 ἡ
2608 3116 2755 3189 ἄκρα
2804 3117 2900 3170 καὶ
2955 3115 3276 3177 ἀδιάστατος
3326 3113 3520 3174 ἓνωσις
3571 3108 3704 3163 οὔτε

2103 3207 2275 3280 τομὴν
2331 3207 2642 3278 ἐπιδέχεται
2690 3207 2798 3261 τῶν
2827 3205 3139 3261 ἑνωθέντων
3173 3203 3297 3258 οὔτε
3351 3202 3614 3272 σύγχυσιν
3663 3198 3702 3270 ἢ

409 3294 952 3350 substantialitatem.
988 3294 1080 3350 Sic
1107 3295 1251 3349 enim
1281 3293 1515 3349 aﬂirmat
1546 3296 1734 3351 beatus
1764 3296 1998 3368 Cyrillus

2110 3300 2490 3356 συνουσιὼσιν.
2527 3300 2686 3354 Οὕτω
2714 3301 2823 3372 γάρ
2860 3316 2993 3370 φησι
3041 3298 3138 3352 καὶ
3177 3298 3206 3349 ὁ
3250 3298 3307 3349 ἐν
3356 3293 3530 3399 ἁγίοις
3580 3291 3703 3344 Κύ-

410 3386 800 3440 Commentario
845 3386 904 3440 in
935 3383 1194 3440 Joannem
1225 3403 1244 3440 :
1281 3385 1430 3440 Unus
1456 3397 1529 3440 est
1569 3385 1741 3440 Filius
1768 3398 1817 3441 et
1847 3387 2000 3443 Ultri-

408 3490 544 3546 stus,
577 3479 884 3533 divisionem
921 3495 1024 3533 non
1051 3479 1334 3533 admittens
1367 3480 1420 3532 in
1451 3481 1859 3544 humanitatem,
1903 3482 2006 3535 nisi

407 3571 547 3642 quod
583 3570 756 3625 dicere
803 3571 872 3623 ad
920 3570 1263 3624 dividendum
1312 3571 1485 3626 solum
1527 3570 1683 3626 Verbi
1730 3584 1781 3628 et
1827 3575 2004 3628 carnis

412 3676 686 3729 naturam,
732 3680 834 3718 non
872 3665 1112 3717 eamdem
1158 3679 1270 3717 esse
1319 3665 1608 3732 cognitam.
1654 3663 2006 3736 Rursumque

411 3757 479 3812 ad
515 3757 798 3828 Eulogium
850 3758 1098 3813 scribens
1145 3772 1160 3808 :
1193 3756 1262 3812 Et
1296 3759 1430 3813 illud
1466 3776 1569 3813 non
1611 3759 1876 3828 ignorent,
1917 3760 2006 3814 ubi

411 3851 553 3902 enim
583 3849 710 3902 unio
740 3851 1068 3917 nominatur,
1108 3866 1211 3904 non
1241 3851 1399 3904 unius
1445 3852 1523 3904 rei
1571 3850 1811 3904 collectio
1843 3852 2010 3922 signi-

417 3943 632 4008 ﬁcatur,
667 3939 756 3994 sed
807 3941 1056 4006 duarum,
1089 3941 1166 3995 vel
1194 3941 1454 4010 plurium,
1485 3953 1532 3996 et
1575 3941 1646 3995 'ab
1673 3943 1890 3996 invicem
1919 3944 2006 3996 di-

417 4047 710 4085 uersarum.
749 4031 1023 4100 Siquidem
1055 4034 1315 4087 unitatem
1354 4033 1577 4087 dicimus
1607 4049 1624 4087 :
1661 4034 2006 4103 Conﬁtemur,

416 4125 596 4178 carnis
630 4125 881 4196 animata:
917 4125 1188 4194 perspicue
1230 4135 1277 4179 et
1316 4123 1473 4179 Verbi
1504 4126 1649 4196 facta
1679 4137 1754 4180 est
1776 4129 1921 4184 unio.
1946 4129 2011 4184 Et

413 4232 634 4274 rursum
663 4232 730 4271 ex
756 4217 946 4272 eadem
973 4218 1122 4272 verbi
1152 4218 1366 4272 actione
1391 4236 1405 4273 :
1435 4219 1575 4284 Quid
1599 4236 1748 4290 agas,
1773 4223 2007 4291 quando,

412 4306 503 4376 qui
557 4317 750 4359 natura
795 4305 961 4369 nobis,
1005 4319 1123 4357 cum
1161 4304 1382 4373 simplex
1418 4316 1514 4371 est,
1565 4308 1737 4360 evadit
1772 4307 2012 4377 duplex?

415 4398 482 4454 Et
533 4398 732 4454 millies
783 4397 1092 4453 invenietur
1139 4408 1363 4453 sanctus
1411 4399 1494 4451 vir
1542 4399 1794 4455 conﬁteri
1839 4417 2009 4456 unttm

417 4485 697 4541 Chrismm
726 4499 756 4538 a
789 4483 1363 4539 consubstantialitate
1401 4483 1582 4541 Patris
1605 4497 1659 4542 et
1691 4489 1864 4542 nostri
1901 4504 2011 4544 non

416 4572 748 4641 discrepare.
771 4571 1188 4642 Amphilochius
1222 4587 1462 4643 quoque,
1496 4571 1664 4629 Iconii
1697 4577 2008 4658 episcopus,

2109 3393 2285 3463 ριλλος
2308 3394 2365 3448 ὲν
2387 3393 2464 3464 τῷ
2492 3393 2641 3446 κατὰ
2657 3389 3380 3461 ’ῙωὰννηνὙπομνήματι-
3401 3381 3506 3452 Εἷς
3524 3386 3704 3439 ἐστιν

2106 3487 2142 3540 δ
2182 3485 2316 3552 Υἱὸς
2347 3484 2450 3538 καὶ
2475 3484 2752 3553 Χριστὸς,
2781 3482 2976 3554 τομὴν
3009 3484 3122 3538 οὑκ
3147 3481 3305 3551 ἔχων
3335 3479 3432 3534 διὰ
3464 3478 3582 3546 τὴν
3609 3477 3703 3530 ἐν·

2106 3576 2519 3645 ανθρώπησιν,
2573 3574 2745 3644 πλὴν
2781 3574 2935 3630 ὅσον
2975 3573 3168 3629 εἰπεῖν
3216 3575 3303 3638 εἰς
3341 3572 3409 3625 τὸ
3445 3567 3705 3625 διαστεῒ-

2105 3670 2210 3722 .Zat.
2237 3667 2436 3737 μόνον
2469 3667 2667 3736 Λόγου
2701 3683 2766 3719 τε
2806 3665 2908 3720 καὶ
2937 3665 3168 3734 σαρκὸς
3208 3663 3424 3734 φύσιν,
3471 3663 3544 3716 οὐ
3583 3661 3702 3729 τὴν

2108 3759 2308 3828 αὐτὴν
2335 3753 2535 3815 οὖσαν
2585 3759 2673 3824 εὶς
2720 3756 2970 3827 γνῶσιν.
3017 3756 3127 3810 Καὶ
3168 3755 3329 3810 πάλιν
3359 3753 3498 3825 πρὸς
3532 3753 3701 3806 Eulo-

2110 3870 2228 3921 γιον
2275 3851 2529 3921 γράφων,
2550 3849 2810 3904 Κάκεῒνο
2860 3848 2990 3922 [415
3028 3847 3125 3920 Η.]
3167 3847 3236 3902 δὲ
3263 3847 3351 3917 μὴ
3388 3847 3700 3916 ἀγνοείτω-

2113 3959 2239 3999 σαν
2278 3963 2291 3976 ·
2345 3943 2500 3998 ὅπου
2552 3943 2663 4014 τὰρ
2721 3942 2940 4008 ἐνωσις
2983 3941 3351 4010 ὀνομάζεται,
3407 3941 3521 3994 οὐκ
3561 3937 3700 4005 ἐνὸς

2111 4037 2459 4107 exprimatur}
2484 4036 2841 4104 σημαίνεται
2881 4035 3166 4100 σύνοδος,
3192 4034 3270 4089 ἀλ
3285 4034 3355 4086 λὰ
3387 4033 3498 4088 δύο
3532 4032 3570 4101 ἢ
3601 4031 3699 4086 καὶ

2112 4131 2434 4194 πλειόνων,
2470 4130 2570 4184 καὶ
2615 4129 3022 4198 διαφερόντων
3059 4128 3364 4196 ἀλλήλοις
3399 4125 3551 4180 κατὰ
3591 4124 3701 4194 τὴν

2111 4223 2322 4292 φύσιν.
2365 4223 2438 4277 El
2470 4223 2681 4276 τοίνυν
2708 4219 2970 4291 λέγομεν
3005 4219 3250 4287 ἕνωσιν,
3291 4217 3704 4289 ὁμολογοῦμεν

2114 4313 2204 4367 ὅτι
2241 4312 2470 4382 σαρκὸς
2508 4312 2908 4383 ἐψυχωμέντης
2931 4311 3214 4382 θ’νοερῶς
3249 4311 3354 4365 καὶ
3377 4312 3575 4381 Λόγου
3608 4309 3703 4380 τέ-

2114 4423 2298 4476 τονεν
2314 4405 2553 4474 ἓνωσις.
2580 4407 2692 4460 Καὶ
2714 4405 2878 4460 πάλιν
2907 4405 2972 4459 ὲκ
2992 4405 3094 4476 τῆς
3120 4403 3292 4475 αὐτῆς
3318 4402 3702 4476 πραγματείας

2113 4498 2210 4553 τοῦ
2245 4499 2409 4568 λόγου
2448 4497 2613 4552 Ἐπεὶ
2649 4498 2708 4551 τί
2729 4497 3029 4565 ποιήσεις,
3054 4497 3204 4551 ὅταν
3229 4495 3378 4566 ἡμῖν
3403 4499 3438 4550 ὁ
3467 4494 3702 4560 ἁπλοῦς

2115 4590 2231 4659 τὴν
2271 4591 2462 4659 φύσιν
2485 4589 2776 4644 εὶσϐαἱνει
2805 4588 3100 4654 διπλοῦς;
3150 4589 3262 4641 Καὶ
3307 4587 3570 4658 μυριάκις
3616 4587 3703 4638 εὖ-

420 4663 492 4715 itu
528 4663 601 4716 ait
645 4680 658 4714 :
708 4663 934 4731 Apparet
971 4674 1110 4716 certe
1147 4672 1360 4716 sanctos
1393 4663 1582 4718 Patres
1638 4674 1844 4720 nostros
1883 4681 2001 4721 con‘

2118 4681 2410 4754 ρεθήσεται
2445 4682 2474 4734 ὁ
2517 4678 2661 4752 ἱερὸς
2703 4671 2861 4743 οὗτος
2895 4680 3034 4750 ἀνὴρ
3065 4679 3165 4749 τῆς
3208 4695 3268 4733 τε
3303 4680 3319 4710 ¹
3354 4677 3452 4732 τοῦ
3491 4677 3704 4749 Πατρρς

420 4755 818 4808 substantialem
852 4769 1084 4807 asserere
1112 4753 1267 4807 Patri
1305 4752 1506 4807 Filium
1538 4758 1826 4810 secundum
1869 4757 2004 4812 diui-

421 4848 657 4912 nitatem,
691 4855 741 4901 et
774 4847 1274 4901 consubstantialem
1308 4845 1472 4900 Matri
1501 4848 1790 4903 secundum
1817 4849 2005 4906 huma-

420 4935 663 4998 nitatem,
691 4933 952 5001 tluplicem
980 4935 1155 5004 quoad
1181 4937 1459 4990 essentiam
1484 4939 1589 4991 sive
1608 4946 1880 5004 naturam,
1907 4956 2006 4994 non

417 5029 682 5097 duplicent
728 5029 902 5096 quoad
952 5043 1251 5096 personant.
1300 5027 1370 5082 Et
1418 5043 1548 5084 vero
1590 5029 2009 5100 Amphilochius

421 5124 561 5176 inter
595 5120 700 5175 ﬁde
748 5121 1102 5189 dignissimos
1144 5132 1248 5174 εει.
1293 5119 1531 5191 Cyrillus
1568 5123 1713 5177 enim
1757 5139 1822 5177 eo
1872 5135 2009 5179 teste

421 5214 594 5266 utimr
616 5222 806 5266 contra
835 5212 1059 5281 impium
1080 5209 1421 5278 Nestorium;
1447 5212 1771 5270 Ambrosius
1794 5231 2009 5285 quoque

422 5306 705 5359 coniressor
751 5304 840 5357 ille
884 5301 1226 5358 admirabilis
1281 5301 1361 5357 sic
1409 5304 1674 5376 scriptmn
1724 5309 1941 5377 reliquit
1992 5329 2003 5360 :

424 5396 639 5462 Appone
678 5397 904 5448 uniones
931 5393 1227 5448 divinitatis
1261 5402 1311 5447 et
1343 5396 1539 5461 carnis,
1583 5413 1718 5451 unus
1753 5401 1807 5453 in
1843 5402 2008 5454 altero

425 5497 639 5538 vocatur
668 5484 813 5541 Deus
847 5483 1020 5540 Filius
1043 5486 1184 5554 quod
1214 5486 1268 5541 t'n
1295 5487 1406 5555 ipso
1437 5497 1659 5558 utraque
1692 5502 1882 5543 natura
1919 5496 2006 5545 sit.

2113 4774 2538 4846 ὁμοουσιότητος
2588 4774 2682 4826 καὶ
2725 4772 2828 4842 τῆς
2857 4773 3137 4843 ἡμετέρας
3185 4771 3278 4825 τὸν
3322 4771 3420 4826 ἕνα
3466 4771 3703 4843 Χριστὸν

2115 4865 2395 4936 ὁμολογῶν
2450 4863 2526 4935 μὴ
2571 4849 2894 4932 ἀφεστάναι.
2943 4864 3055 4917 Καὶ
3099 4865 3127 4916 ὁ
3177 4864 3236 4917 ὲν
3269 4862 3446 4932 ἁγίοις
3499 4863 3556 4916 δὲ
3609 4859 3703 4914 τοῦ

2131 4955 2356 5012 Ἰκονίου
2386 4955 2650 5025 πρόεδρος
2667 4954 3016 5026 Ἀμφιλόχιος
3041 4951 3185 5008 οὕτω
3218 4957 3383 5024 φησὶν
3404 4971 3416 4982 ·
3452 4951 3654 5022 Ὁρᾶτε
3683 4954 3702 4984 ³

2107 5049 2431 5120 τοιγαροῦν
2455 5049 2617 5113 ὅπως
2647 5047 2746 5101 καὶ
2778 5050 2833 5102 ol
2864 5046 3178 5103 θεσπέσιοι
3209 5046 3469 5114 Πατέρες
3501 5043 3704 5114 ὁμοσύ-

2107 5158 2250 5197 σιον
2275 5141 2556 5211 εἰρήκασι
2581 5139 2690 5194 τὸν
2728 5140 2867 5194 Υιὸν
2911 5139 2994 5204 τῷ
3022 5139 3212 5207 Πατρὶ
3255 5141 3405 5192 κατὰ
3452 5138 3566 5206 τὴν
3591 5136 3704 5190 θεό-

2109 5249 2277 5300 τητα,
2329 5231 2429 5286 καὶ
2471 5231 2802 5300 όμοούσιον
2846 5231 2919 5302 τῇ
2949 5232 3144 5300 Μητρὶ
3170 5231 3325 5286 κατὰ
3353 5231 3736 5302 τὴνιιὶνθρω-ἑ

2111 5321 2363 5388 πότητα,
2414 5320 2679 5375 διπλοῦν
2731 5321 2846 5390 τὴν
2877 5323 3100 5377 οὐσίαν
3139 5324 3272 5391 ἢτοι
3302 5323 3416 5391 τὴν
3451 5323 3472 5354 ³
3495 5299 3736 5402 eadem,"

2121 5416 2192 5467 οὐ
2224 5413 2487 5466 διπλοῦν
2519 5413 2587 5466 δὲ
2616 5412 2732 5480 τὴν
2762 5416 3126 5469 ὑπόστασιν.
3169 5414 3293 5468 Τῶν
3347 5413 3696 5482 ἀξιολογωτά-
3728 5409 3733 5426 τ

2120 5522 2228 5557 των
2259 5504 2313 5556 δὲ
2348 5505 2376 5555 ὁ
2422 5503 2803 5574 Ἀμφιλόχιος·
2838 5507 3104 5574 Κύριλλος
3131 5506 3240 5576 γὰρ
3280 5507 3506 5579 χρήσεις
3546 5503 3703 5556 αὑτοῦ

1717 5655 1952 5714 νΑιυίΕ
1987 5662 2287 5722 LECTION
2299 5667 2402 5723 ES.

500 5769 544 5840 ⁹ν⁵
579 5768 843 5837 ἑκατέρου
872 5787 930 5834 ς’.
1007 5773 1055 5804 ⁸⁸
1093 5764 1219 5822 εἷπε
1251 5770 1292 5822 Α
1319 5787 1332 5823 :
1362 5771 1590 5840 προεῖπε
1621 5790 1680 5835 ς.

430 5839 552 5892 add.
589 5845 648 5890 Α.
720 5841 891 5895 "libri
927 5843 1141 5909 ὁρᾶται.
1203 5841 1363 5910 θῆτοι
1394 5839 1534 5894 κατὰ
1572 5843 1668 5913 τὴν
1699 5862 1758 5908 ς.

1779 5777 1824 5809 9"
1847 5779 2136 5850 ἐτεροὺσια
2173 5803 2235 5850 ς.

2341 5789 2386 5819 93
2412 5786 2516 5856 τὴν
2540 5787 2638 5855 μὲν
2673 5781 2766 5840 οὖν
2803 5805 2864 5850 ς.
2943 5788 2989 5819 ’⁸
3022 5786 3425 5856 ἐμψυχωμίνης
3459 5801 3522 5853 ς.
3600 5789 3612 5816 ¹
3649 5800 3703 5836 τε

2943 5788 2989 5819 ³⁸
3022 5786 3425 5856 ἐμψυχωμίνης
3459 5801 3522 5853 ς.
