  <div class='ocr_page' id='page_1' title='image "/cluster/home/n/w/nwhite01/storage/ocr_20150623/103:no.3/coo.31924054870070/502.png"; bbox 0 0 4004 6450; ppageno 0'>
   <div class='ocr_carea' id='block_1_1' title="bbox 313 396 415 463">
    <p class='ocr_par' dir='ltr' id='par_1_1' title="bbox 313 396 415 463">
     <span class='ocr_line' id='line_1_1' title="bbox 313 396 415 463; baseline -0.039 0"><span class='ocrx_word' id='word_1_1' title='bbox 313 396 415 463; x_wconf 84' lang='grc'><strong><em>977</em></strong></span> 
     </span>
    </p>
   </div>
   <div class='ocr_carea' id='block_1_2' title="bbox 1358 405 2538 475">
    <p class='ocr_par' dir='ltr' id='par_1_2' title="bbox 1358 405 2538 475">
     <span class='ocr_line' id='line_1_2' title="bbox 1358 405 2538 475; baseline 0.006 -9"><span class='ocrx_word' id='word_1_2' title='bbox 1358 406 1885 468; x_wconf 85' lang='lat' dir='ltr'><strong><em>BIBLIOTHECA.</em></strong></span> <span class='ocrx_word' id='word_1_3' title='bbox 1926 432 1996 443; x_wconf 91' lang='lat'>-</span> <span class='ocrx_word' id='word_1_4' title='bbox 2032 405 2197 467; x_wconf 88' lang='lat' dir='ltr'><strong><em>COD.</em></strong></span> <span class='ocrx_word' id='word_1_5' title='bbox 2233 408 2538 475; x_wconf 81' lang='lat' dir='ltr'><strong><em>CCXXIX.</em></strong></span> 
     </span>
    </p>
   </div>
   <div class='ocr_carea' id='block_1_3' title="bbox 3474 410 3580 473">
    <p class='ocr_par' dir='ltr' id='par_1_3' title="bbox 3474 410 3580 473">
     <span class='ocr_line' id='line_1_3' title="bbox 3474 410 3580 473; baseline -0.009 -1"><span class='ocrx_word' id='word_1_6' title='bbox 3474 410 3580 473; x_wconf 75' lang='lat'><strong>978</strong></span> 
     </span>
    </p>
   </div>
   <div class='ocr_carea' id='block_1_4' title="bbox 310 509 1878 593">
    <p class='ocr_par' dir='ltr' id='par_1_4' title="bbox 310 509 1878 589">
     <span class='ocr_line' id='line_1_4' title="bbox 310 509 1878 589; baseline 0.004 -24"><span class='ocrx_word' id='word_1_7' title='bbox 310 509 452 566; x_wconf 84' lang='grc' dir='ltr'><strong><em>κατά</em></strong></span> <span class='ocrx_word' id='word_1_8' title='bbox 484 512 577 565; x_wconf 74' lang='grc' dir='ltr'><em>τοῦ</em></span> <span class='ocrx_word' id='word_1_9' title='bbox 601 512 894 578; x_wconf 79' lang='grc' dir='ltr'><em>δυσσεϐοῦς</em></span> <span class='ocrx_word' id='word_1_10' title='bbox 915 513 1214 587; x_wconf 80' lang='grc' dir='ltr'><em>Νεστορίου</em></span> <span class='ocrx_word' id='word_1_11' title='bbox 1241 518 1553 589; x_wconf 81' lang='grc' dir='ltr'><strong><em>προήγαγε.</em></strong></span> <span class='ocrx_word' id='word_1_12' title='bbox 1589 519 1701 574; x_wconf 75' lang='grc' dir='ltr'><strong><em>Καὶ</em></strong></span> <span class='ocrx_word' id='word_1_13' title='bbox 1753 520 1878 589; x_wconf 82' lang='grc' dir='ltr'><strong><em>Ἀμ‹</em></strong></span> 
     </span>
    </p>
   </div>
   <div class='ocr_carea' id='block_1_5' title="bbox 1983 509 3579 593">
    <p class='ocr_par' dir='ltr' id='par_1_5' title="bbox 1998 518 3579 593">
     <span class='ocr_line' id='line_1_5' title="bbox 1998 518 3579 593; baseline 0.003 -21"><span class='ocrx_word' id='word_1_14' title='bbox 1998 519 2137 573; x_wconf 90' lang='lat' dir='ltr'><strong><em>Idem</em></strong></span> <span class='ocrx_word' id='word_1_15' title='bbox 2159 518 2274 574; x_wconf 88' lang='lat' dir='ltr'><strong><em>fere</em></strong></span> <span class='ocrx_word' id='word_1_16' title='bbox 2295 519 2667 575; x_wconf 88' lang='lat' dir='ltr'><strong><em>testimonium</em></strong></span> <span class='ocrx_word' id='word_1_17' title='bbox 2690 520 2907 575; x_wconf 85' lang='lat' dir='ltr'><strong><em>adhibet</em></strong></span> <span class='ocrx_word' id='word_1_18' title='bbox 2926 530 3118 576; x_wconf 88' lang='lat' dir='ltr'><strong><em>contra</em></strong></span> <span class='ocrx_word' id='word_1_19' title='bbox 3134 520 3446 576; x_wconf 78' lang='lat' dir='ltr'><strong>Nestorium</strong></span> <span class='ocrx_word' id='word_1_20' title='bbox 3471 522 3579 593; x_wconf 84' lang='lat' dir='ltr'><strong><em>Cy-</em></strong></span> 
     </span>
    </p>
   </div>
   <div class='ocr_carea' id='block_1_6' title="bbox 308 604 1895 681">
    <p class='ocr_par' dir='ltr' id='par_1_6' title="bbox 308 604 1895 681">
     <span class='ocr_line' id='line_1_6' title="bbox 308 604 1895 681; baseline 0.004 -25"><span class='ocrx_word' id='word_1_21' title='bbox 308 604 526 674; x_wconf 80' lang='grc' dir='ltr'><em>ϐρόσιος</em></span> <span class='ocrx_word' id='word_1_22' title='bbox 571 604 627 657; x_wconf 86' lang='grc' dir='ltr'><strong><em>δὲ</em></strong></span> <span class='ocrx_word' id='word_1_23' title='bbox 681 607 710 658; x_wconf 89' lang='grc' dir='ltr'>ὁ</span> <span class='ocrx_word' id='word_1_24' title='bbox 764 606 1070 677; x_wconf 83' lang='grc' dir='ltr'><strong><em>Θαυμάσιος</em></strong></span> <span class='ocrx_word' id='word_1_25' title='bbox 1116 610 1327 674; x_wconf 69' lang='grc' dir='ltr'><em>ἐκεῖνος</em></span> <span class='ocrx_word' id='word_1_26' title='bbox 1358 610 1700 681; x_wconf 78' lang='grc' dir='ltr'><em>ὁμολογητὴς</em></span> <span class='ocrx_word' id='word_1_27' title='bbox 1752 611 1895 664; x_wconf 80' lang='grc' dir='ltr'><em>οὓτω</em></span> 
     </span>
    </p>
   </div>
   <div class='ocr_carea' id='block_1_7' title="bbox 304 693 1895 766">
    <p class='ocr_par' dir='ltr' id='par_1_7' title="bbox 304 693 1895 766">
     <span class='ocr_line' id='line_1_7' title="bbox 304 693 1895 766; baseline 0.004 -22"><span class='ocrx_word' id='word_1_28' title='bbox 304 693 480 762; x_wconf 79' lang='grc' dir='ltr'><em>φησί’</em></span> <span class='ocrx_word' id='word_1_29' title='bbox 520 696 795 761; x_wconf 83' lang='grc' dir='ltr'><em>Πρόσχες</em></span> <span class='ocrx_word' id='word_1_30' title='bbox 875 696 993 764; x_wconf 81' lang='grc' dir='ltr'><em>τὴν</em></span> <span class='ocrx_word' id='word_1_31' title='bbox 1036 696 1260 752; x_wconf 81' lang='grc' dir='ltr'><em>ἕνωσιν</em></span> <span class='ocrx_word' id='word_1_32' title='bbox 1310 696 1421 765; x_wconf 79' lang='grc' dir='ltr'><em>τῆς</em></span> <span class='ocrx_word' id='word_1_33' title='bbox 1466 701 1748 766; x_wconf 79' lang='grc' dir='ltr'><strong><em>θεότητος</em></strong></span> <span class='ocrx_word' id='word_1_34' title='bbox 1796 702 1895 753; x_wconf 78' lang='grc' dir='ltr'><em>καὶ</em></span> 
     </span>
    </p>
   </div>
   <div class='ocr_carea' id='block_1_8' title="bbox 300 783 1890 857">
    <p class='ocr_par' dir='ltr' id='par_1_8' title="bbox 300 783 1890 857">
     <span class='ocr_line' id='line_1_8' title="bbox 300 783 1890 857; baseline 0.006 -20"><span class='ocrx_word' id='word_1_35' title='bbox 300 784 416 853; x_wconf 81' lang='grc' dir='ltr'><strong><em>τῆς</em></strong></span> <span class='ocrx_word' id='word_1_36' title='bbox 437 786 666 853; x_wconf 85' lang='grc' dir='ltr'><em>σαρκὸς</em></span> <span class='ocrx_word' id='word_1_37' title='bbox 685 783 773 853; x_wconf 84' lang='grc' dir='ltr'><em>εἷς</em></span> <span class='ocrx_word' id='word_1_38' title='bbox 803 787 874 840; x_wconf 81' lang='grc' dir='ltr'><em>ἐν</em></span> <span class='ocrx_word' id='word_1_39' title='bbox 899 788 1078 856; x_wconf 78' lang='grc' dir='ltr'><em>ἑτέρῳ</em></span> <span class='ocrx_word' id='word_1_40' title='bbox 1096 792 1273 844; x_wconf 76' lang='grc' dir='ltr'><em>καλεῖ</em></span> <span class='ocrx_word' id='word_1_41' title='bbox 1304 792 1327 822; x_wconf 70' lang='grc'><strong><em>’⁸</em></strong></span> <span class='ocrx_word' id='word_1_42' title='bbox 1357 795 1393 845; x_wconf 83' lang='grc' dir='ltr'><em>ο⁸</em></span> <span class='ocrx_word' id='word_1_43' title='bbox 1413 793 1521 847; x_wconf 87' lang='grc' dir='ltr'><em>τοῦ</em></span> <span class='ocrx_word' id='word_1_44' title='bbox 1550 792 1695 846; x_wconf 85' lang='grc' dir='ltr'><em>Θεοῦ</em></span> <span class='ocrx_word' id='word_1_45' title='bbox 1738 792 1890 857; x_wconf 77' lang='grc' dir='ltr'><em>Υἱὸς,</em></span> 
     </span>
    </p>
   </div>
   <div class='ocr_carea' id='block_1_9' title="bbox 298 879 1892 953">
    <p class='ocr_par' dir='ltr' id='par_1_9' title="bbox 298 879 1892 953">
     <span class='ocr_line' id='line_1_9' title="bbox 298 879 1892 953; baseline 0.002 -20"><span class='ocrx_word' id='word_1_46' title='bbox 298 879 395 933; x_wconf 85' lang='grc' dir='ltr'><em>ὅτι</em></span> <span class='ocrx_word' id='word_1_47' title='bbox 445 879 517 933; x_wconf 86' lang='grc' dir='ltr'><em>ἐν</em></span> <span class='ocrx_word' id='word_1_48' title='bbox 560 879 722 944; x_wconf 83' lang='grc' dir='ltr'><em>αὐτῷ</em></span> <span class='ocrx_word' id='word_1_49' title='bbox 769 880 807 949; x_wconf 76' lang='grc' dir='ltr'>ἡ</span> <span class='ocrx_word' id='word_1_50' title='bbox 859 879 1113 950; x_wconf 83' lang='grc' dir='ltr'><em>ἑκατέρα</em></span> <span class='ocrx_word' id='word_1_51' title='bbox 1143 884 1332 951; x_wconf 74' lang='grc' dir='ltr'><em>φύσις</em></span> <span class='ocrx_word' id='word_1_52' title='bbox 1362 883 1516 939; x_wconf 85' lang='grc' dir='ltr'><em>ἐστί.</em></span> <span class='ocrx_word' id='word_1_53' title='bbox 1571 884 1788 953; x_wconf 81' lang='grc' dir='ltr'><strong><em>Ταύτης</em></strong></span> <span class='ocrx_word' id='word_1_54' title='bbox 1834 884 1892 937; x_wconf 80' lang='grc' dir='ltr'><strong><em>δὲ</em></strong></span> 
     </span>
    </p>
   </div>
   <div class='ocr_carea' id='block_1_10' title="bbox 295 972 1892 1049">
    <p class='ocr_par' dir='ltr' id='par_1_10' title="bbox 295 972 1892 1049">
     <span class='ocr_line' id='line_1_10' title="bbox 295 972 1892 1049; baseline 0.003 -27"><span class='ocrx_word' id='word_1_55' title='bbox 295 974 403 1041; x_wconf 81' lang='grc' dir='ltr'><em>τῆς</em></span> <span class='ocrx_word' id='word_1_56' title='bbox 427 972 677 1041; x_wconf 79' lang='grc' dir='ltr'><em>χρήσεως</em></span> <span class='ocrx_word' id='word_1_57' title='bbox 700 973 796 1024; x_wconf 76' lang='grc' dir='ltr'><em>καὶ</em></span> <span class='ocrx_word' id='word_1_58' title='bbox 822 974 967 1027; x_wconf 74' lang='grc' dir='ltr'><em>κατὰ</em></span> <span class='ocrx_word' id='word_1_59' title='bbox 998 974 1298 1043; x_wconf 83' lang='grc' dir='ltr'><em>Νεστορίου</em></span> <span class='ocrx_word' id='word_1_60' title='bbox 1317 975 1601 1049; x_wconf 58' lang='grc' dir='ltr'><strong><em>⁸κέχρηται</em></strong></span> <span class='ocrx_word' id='word_1_61' title='bbox 1632 976 1653 1007; x_wconf 86' lang='grc'>⁸</span> <span class='ocrx_word' id='word_1_62' title='bbox 1683 976 1712 1027; x_wconf 96' lang='lat'><strong><em>6</em></strong></span> <span class='ocrx_word' id='word_1_63' title='bbox 1748 975 1892 1045; x_wconf 81' lang='grc' dir='ltr'><em>ἱερὸς</em></span> 
     </span>
    </p>
   </div>
   <div class='ocr_carea' id='block_1_11' title="bbox 297 1063 1891 1138">
    <p class='ocr_par' dir='ltr' id='par_1_11' title="bbox 297 1063 1891 1138">
     <span class='ocr_line' id='line_1_11' title="bbox 297 1063 1891 1138; baseline 0.004 -23"><span class='ocrx_word' id='word_1_64' title='bbox 297 1063 590 1135; x_wconf 84' lang='grc' dir='ltr'><em>Κύριλλος.</em></span> <span class='ocrx_word' id='word_1_65' title='bbox 652 1065 741 1119; x_wconf 83' lang='grc' dir='ltr'><em>Ἐν</em></span> <span class='ocrx_word' id='word_1_66' title='bbox 794 1065 853 1119; x_wconf 80' lang='grc' dir='ltr'><strong><em>δὲ</em></strong></span> <span class='ocrx_word' id='word_1_67' title='bbox 900 1066 978 1137; x_wconf 82' lang='grc' dir='ltr'><em>τῷ</em></span> <span class='ocrx_word' id='word_1_68' title='bbox 1024 1066 1169 1138; x_wconf 84' lang='grc' dir='ltr'><em>λόγῳ</em></span> <span class='ocrx_word' id='word_1_69' title='bbox 1218 1068 1275 1131; x_wconf 86' lang='grc' dir='ltr'><em>ὃς</em></span> <span class='ocrx_word' id='word_1_70' title='bbox 1329 1069 1700 1138; x_wconf 78' lang='grc' dir='ltr'><strong><em>ἐπιγράφεται</em></strong></span> <span class='ocrx_word' id='word_1_71' title='bbox 1748 1068 1891 1137; x_wconf 76' lang='grc' dir='ltr'><em>Περὶ</em></span> 
     </span>
    </p>
   </div>
   <div class='ocr_carea' id='block_1_12' title="bbox 297 1154 1891 1230">
    <p class='ocr_par' dir='ltr' id='par_1_12' title="bbox 297 1154 1891 1230">
     <span class='ocr_line' id='line_1_12' title="bbox 297 1154 1891 1230; baseline 0.004 -21"><span class='ocrx_word' id='word_1_72' title='bbox 297 1154 432 1226; x_wconf 77' lang='lat'><strong><em>[79‘2</em></strong></span> <span class='ocrx_word' id='word_1_73' title='bbox 480 1155 573 1226; x_wconf 61' lang='lat' dir='ltr'><strong><em>IL]</em></strong></span> <span class='ocrx_word' id='word_1_74' title='bbox 610 1156 931 1225; x_wconf 77' lang='grc' dir='ltr'><strong><em>ἑρμηνείας</em></strong></span> <span class='ocrx_word' id='word_1_75' title='bbox 966 1158 1077 1227; x_wconf 82' lang='grc' dir='ltr'><em>τῆς</em></span> <span class='ocrx_word' id='word_1_76' title='bbox 1122 1161 1404 1226; x_wconf 80' lang='grc' dir='ltr'><em>πίστεως,</em></span> <span class='ocrx_word' id='word_1_77' title='bbox 1449 1160 1594 1214; x_wconf 80' lang='grc' dir='ltr'><em>οὕτω</em></span> <span class='ocrx_word' id='word_1_78' title='bbox 1641 1162 1810 1230; x_wconf 65' lang='grc' dir='ltr'><em>φησιν</em></span> <span class='ocrx_word' id='word_1_79' title='bbox 1861 1163 1891 1215; x_wconf 91' lang='lat'><strong><em>6</em></strong></span> 
     </span>
    </p>
   </div>
   <div class='ocr_carea' id='block_1_13' title="bbox 292 1248 1885 1321">
    <p class='ocr_par' dir='ltr' id='par_1_13' title="bbox 292 1248 1885 1321">
     <span class='ocr_line' id='line_1_13' title="bbox 292 1248 1885 1321; baseline 0.005 -22"><span class='ocrx_word' id='word_1_80' title='bbox 292 1248 464 1311; x_wconf 83' lang='grc' dir='ltr'><em>αὐτὸς</em></span> <span class='ocrx_word' id='word_1_81' title='bbox 488 1249 724 1319; x_wconf 79' lang='grc' dir='ltr'><em>ὀμολογη</em></span> <span class='ocrx_word' id='word_1_82' title='bbox 736 1251 850 1319; x_wconf 70' lang='grc' dir='ltr'><em>τής*</em></span> <span class='ocrx_word' id='word_1_83' title='bbox 882 1249 1029 1315; x_wconf 86' lang='grc' dir='ltr'><em>Τοὺς</em></span> <span class='ocrx_word' id='word_1_84' title='bbox 1051 1250 1120 1303; x_wconf 81' lang='grc' dir='ltr'><strong><em>δὲ</em></strong></span> <span class='ocrx_word' id='word_1_85' title='bbox 1146 1251 1438 1320; x_wconf 75' lang='grc' dir='ltr'><em>λέγοντας</em></span> <span class='ocrx_word' id='word_1_86' title='bbox 1452 1252 1640 1321; x_wconf 75' lang='grc' dir='ltr'><em>ψιλὸν</em></span> <span class='ocrx_word' id='word_1_87' title='bbox 1661 1253 1885 1321; x_wconf 82' lang='grc' dir='ltr'><em>ἅνθρω-</em></span> 
     </span>
    </p>
   </div>
   <div class='ocr_carea' id='block_1_14' title="bbox 291 1342 1888 1411">
    <p class='ocr_par' dir='ltr' id='par_1_14' title="bbox 291 1342 1888 1411">
     <span class='ocr_line' id='line_1_14' title="bbox 291 1342 1888 1411; baseline 0.002 -17"><span class='ocrx_word' id='word_1_88' title='bbox 291 1358 422 1394; x_wconf 65' lang='lat' dir='ltr'><strong><em>xor</em></strong></span> <span class='ocrx_word' id='word_1_89' title='bbox 468 1342 576 1394; x_wconf 89' lang='grc' dir='ltr'><em>τὸν</em></span> <span class='ocrx_word' id='word_1_90' title='bbox 620 1342 900 1408; x_wconf 84' lang='grc' dir='ltr'><em>Χριστὸν,</em></span> <span class='ocrx_word' id='word_1_91' title='bbox 956 1342 993 1411; x_wconf 76' lang='grc' dir='ltr'><em>ἢ</em></span> <span class='ocrx_word' id='word_1_92' title='bbox 1037 1343 1308 1410; x_wconf 76' lang='grc' dir='ltr'><em>παθητὸν</em></span> <span class='ocrx_word' id='word_1_93' title='bbox 1354 1344 1461 1397; x_wconf 84' lang='grc' dir='ltr'><em>τὸν</em></span> <span class='ocrx_word' id='word_1_94' title='bbox 1495 1343 1664 1408; x_wconf 84' lang='grc' dir='ltr'><em>Θεὸν,</em></span> <span class='ocrx_word' id='word_1_95' title='bbox 1720 1345 1758 1411; x_wconf 85' lang='grc' dir='ltr'><em>ἢ</em></span> <span class='ocrx_word' id='word_1_96' title='bbox 1800 1345 1888 1409; x_wconf 84' lang='grc' dir='ltr'><strong><em>είς</em></strong></span> 
     </span>
    </p>
   </div>
   <div class='ocr_carea' id='block_1_15' title="bbox 290 1429 1887 1503">
    <p class='ocr_par' dir='ltr' id='par_1_15' title="bbox 290 1429 1887 1503">
     <span class='ocr_line' id='line_1_15' title="bbox 290 1429 1887 1503; baseline 0.001 -19"><span class='ocrx_word' id='word_1_97' title='bbox 290 1431 504 1499; x_wconf 82' lang='grc' dir='ltr'><em>σάρκα</em></span> <span class='ocrx_word' id='word_1_98' title='bbox 555 1429 876 1499; x_wconf 79' lang='grc' dir='ltr'><strong><em>τραπέντα,</em></strong></span> <span class='ocrx_word' id='word_1_99' title='bbox 930 1431 969 1499; x_wconf 81' lang='grc' dir='ltr'><strong>ἢ</strong></span> <span class='ocrx_word' id='word_1_100' title='bbox 1022 1431 1519 1501; x_wconf 82' lang='grc' dir='ltr'><em>συνουσιωμένον</em></span> <span class='ocrx_word' id='word_1_101' title='bbox 1560 1434 1887 1503; x_wconf 81' lang='grc' dir='ltr'><strong><em>ἐσχηκέναι</em></strong></span> 
     </span>
    </p>
   </div>
   <div class='ocr_carea' id='block_1_16' title="bbox 291 1522 1884 1595">
    <p class='ocr_par' dir='ltr' id='par_1_16' title="bbox 291 1522 1884 1595">
     <span class='ocr_line' id='line_1_16' title="bbox 291 1522 1884 1595; baseline 0.002 -19"><span class='ocrx_word' id='word_1_102' title='bbox 291 1524 369 1577; x_wconf 82' lang='grc' dir='ltr'><em>τὸ</em></span> <span class='ocrx_word' id='word_1_103' title='bbox 395 1522 585 1593; x_wconf 82' lang='grc' dir='ltr'><em>σῶμα,</em></span> <span class='ocrx_word' id='word_1_104' title='bbox 610 1525 942 1593; x_wconf 81' lang='grc' dir='ltr'><strong><em>οὐρανόθεν</em></strong></span> <span class='ocrx_word' id='word_1_105' title='bbox 960 1524 1138 1579; x_wconf 87' lang='grc' dir='ltr'><em>τοῦτο</em></span> <span class='ocrx_word' id='word_1_106' title='bbox 1158 1524 1559 1594; x_wconf 80' lang='grc' dir='ltr'><strong><em>κεκομικέναι,</em></strong></span> <span class='ocrx_word' id='word_1_107' title='bbox 1591 1526 1631 1593; x_wconf 77' lang='grc' dir='ltr'><strong>ἢ</strong></span> <span class='ocrx_word' id='word_1_108' title='bbox 1659 1542 1884 1595; x_wconf 73' lang='grc' dir='ltr'><em>φαντα-</em></span> 
     </span>
    </p>
   </div>
   <div class='ocr_carea' id='block_1_17' title="bbox 289 1609 1880 1685">
    <p class='ocr_par' dir='ltr' id='par_1_17' title="bbox 289 1609 1880 1685">
     <span class='ocr_line' id='line_1_17' title="bbox 289 1609 1880 1685; baseline 0.001 -17"><span class='ocrx_word' id='word_1_109' title='bbox 289 1614 447 1668; x_wconf 83' lang='grc' dir='ltr'><em>σίαν</em></span> <span class='ocrx_word' id='word_1_110' title='bbox 468 1609 642 1679; x_wconf 74' lang='grc' dir='ltr'><em>εἶναι,</em></span> <span class='ocrx_word' id='word_1_111' title='bbox 675 1614 713 1681; x_wconf 82' lang='grc' dir='ltr'>ἢ</span> <span class='ocrx_word' id='word_1_112' title='bbox 738 1614 963 1679; x_wconf 78' lang='grc' dir='ltr'><em>θνητὸν</em></span> <span class='ocrx_word' id='word_1_113' title='bbox 993 1613 1284 1683; x_wconf 78' lang='grc' dir='ltr'><em>λέγοντας</em></span> <span class='ocrx_word' id='word_1_114' title='bbox 1332 1615 1440 1669; x_wconf 82' lang='grc' dir='ltr'><strong><em>τὸν</em></strong></span> <span class='ocrx_word' id='word_1_115' title='bbox 1472 1615 1622 1669; x_wconf 85' lang='grc' dir='ltr'><strong><em>Θεὸν</em></strong></span> <span class='ocrx_word' id='word_1_116' title='bbox 1666 1617 1880 1685; x_wconf 74' lang='grc' dir='ltr'><em>Λόγον,</em></span> 
     </span>
    </p>
   </div>
   <div class='ocr_carea' id='block_1_18' title="bbox 286 1706 1879 1777">
    <p class='ocr_par' dir='ltr' id='par_1_18' title="bbox 286 1706 1879 1777">
     <span class='ocr_line' id='line_1_18' title="bbox 286 1706 1879 1777; baseline 0 -17"><span class='ocrx_word' id='word_1_117' title='bbox 286 1706 616 1773; x_wconf 83' lang='grc' dir='ltr'><strong><em>δεδεῆσθαι</em></strong></span> <span class='ocrx_word' id='word_1_118' title='bbox 642 1707 712 1760; x_wconf 82' lang='grc' dir='ltr'><strong><em>δὲ</em></strong></span> <span class='ocrx_word' id='word_1_119' title='bbox 751 1708 856 1775; x_wconf 80' lang='grc' dir='ltr'><em>τῆς</em></span> <span class='ocrx_word' id='word_1_120' title='bbox 889 1706 1050 1775; x_wconf 78' lang='grc' dir='ltr'><em>παρὰ</em></span> <span class='ocrx_word' id='word_1_121' title='bbox 1074 1709 1179 1763; x_wconf 87' lang='grc' dir='ltr'><em>τοῦ</em></span> <span class='ocrx_word' id='word_1_122' title='bbox 1203 1710 1433 1777; x_wconf 80' lang='grc' dir='ltr'><em>Πατρός</em></span> <span class='ocrx_word' id='word_1_123' title='bbox 1465 1708 1879 1772; x_wconf 82' lang='grc' dir='ltr'><strong><em>ἀναστάσεως,</em></strong></span> 
     </span>
    </p>
   </div>
   <div class='ocr_carea' id='block_1_19' title="bbox 286 1797 1877 1867">
    <p class='ocr_par' dir='ltr' id='par_1_19' title="bbox 286 1797 1877 1867">
     <span class='ocr_line' id='line_1_19' title="bbox 286 1797 1877 1867; baseline 0 -17"><span class='ocrx_word' id='word_1_124' title='bbox 286 1798 334 1865; x_wconf 72' lang='grc' dir='ltr'>ἢ</span> <span class='ocrx_word' id='word_1_125' title='bbox 360 1798 608 1866; x_wconf 73' lang='grc' dir='ltr'><em>ἄψυχον</em></span> <span class='ocrx_word' id='word_1_126' title='bbox 630 1798 823 1866; x_wconf 79' lang='grc' dir='ltr'><em>σῶμα,</em></span> <span class='ocrx_word' id='word_1_127' title='bbox 850 1799 888 1865; x_wconf 78' lang='grc' dir='ltr'>ἡ</span> <span class='ocrx_word' id='word_1_128' title='bbox 915 1797 1108 1851; x_wconf 81' lang='grc' dir='ltr'><em>ἄνουν</em></span> <span class='ocrx_word' id='word_1_129' title='bbox 1124 1798 1442 1867; x_wconf 80' lang='grc' dir='ltr'><em>ἄνθρωπον</em></span> <span class='ocrx_word' id='word_1_130' title='bbox 1460 1798 1877 1865; x_wconf 70' lang='grc' dir='ltr'><em>ἀνειληφέναι,</em></span> 
     </span>
    </p>
   </div>
   <div class='ocr_carea' id='block_1_20' title="bbox 1999 610 3578 682">
    <p class='ocr_par' dir='ltr' id='par_1_20' title="bbox 1999 610 3578 682">
     <span class='ocr_line' id='line_1_20' title="bbox 1999 610 3578 682; baseline 0.001 -17"><span class='ocrx_word' id='word_1_131' title='bbox 1999 611 2155 667; x_wconf 86' lang='lat' dir='ltr'><strong><em>rillus</em></strong></span> <span class='ocrx_word' id='word_1_132' title='bbox 2176 610 2230 665; x_wconf 91' lang='lat' dir='ltr'><strong><em>in</em></strong></span> <span class='ocrx_word' id='word_1_133' title='bbox 2245 611 2508 676; x_wconf 83' lang='lat' dir='ltr'><strong><em>oratione,</em></strong></span> <span class='ocrx_word' id='word_1_134' title='bbox 2529 628 2648 682; x_wconf 70' lang='lat' dir='ltr'><strong><em>qua:</em></strong></span> <span class='ocrx_word' id='word_1_135' title='bbox 2667 612 2989 667; x_wconf 75' lang='lat' dir='ltr'><strong><em>inscribitur</em></strong></span> <span class='ocrx_word' id='word_1_136' title='bbox 3008 612 3082 666; x_wconf 90' lang='lat' dir='ltr'><strong><em>De</em></strong></span> <span class='ocrx_word' id='word_1_137' title='bbox 3100 614 3421 681; x_wconf 72' lang='lat' dir='ltr'><strong><em>expositione</em></strong></span> <span class='ocrx_word' id='word_1_138' title='bbox 3431 615 3578 682; x_wconf 82' lang='lat' dir='ltr'><strong><em>fidei.</em></strong></span> 
     </span>
    </p>
   </div>
   <div class='ocr_carea' id='block_1_21' title="bbox 1999 701 3581 760">
    <p class='ocr_par' dir='ltr' id='par_1_21' title="bbox 1999 701 3581 760">
     <span class='ocr_line' id='line_1_21' title="bbox 1999 701 3581 760; baseline 0 -2"><span class='ocrx_word' id='word_1_139' title='bbox 1999 701 2089 758; x_wconf 89' lang='lat' dir='ltr'><strong><em>Sic</em></strong></span> <span class='ocrx_word' id='word_1_140' title='bbox 2119 703 2264 757; x_wconf 87' lang='lat' dir='ltr'><strong><em>enim</em></strong></span> <span class='ocrx_word' id='word_1_141' title='bbox 2300 701 2583 757; x_wconf 82' lang='lat' dir='ltr'><strong><em>confessor</em></strong></span> <span class='ocrx_word' id='word_1_142' title='bbox 2616 703 2704 757; x_wconf 88' lang='lat' dir='ltr'><strong><em>ille</em></strong></span> <span class='ocrx_word' id='word_1_143' title='bbox 2733 705 3276 759; x_wconf 76' lang='lat' dir='ltr'><strong><em>scribitzAsserentes</em></strong></span> <span class='ocrx_word' id='word_1_144' title='bbox 3313 705 3581 760; x_wconf 81' lang='lat' dir='ltr'><strong><em>Christum</em></strong></span> 
     </span>
    </p>
   </div>
   <div class='ocr_carea' id='block_1_22' title="bbox 1994 793 3580 864">
    <p class='ocr_par' dir='ltr' id='par_1_22' title="bbox 1994 793 3580 864">
     <span class='ocr_line' id='line_1_22' title="bbox 1994 793 3580 864; baseline 0.001 -18"><span class='ocrx_word' id='word_1_145' title='bbox 1994 809 2183 862; x_wconf 86' lang='lat' dir='ltr'><strong><em>purum</em></strong></span> <span class='ocrx_word' id='word_1_146' title='bbox 2231 794 2515 858; x_wconf 78' lang='lat' dir='ltr'><strong><em>hominem,</em></strong></span> <span class='ocrx_word' id='word_1_147' title='bbox 2550 794 2628 847; x_wconf 85' lang='lat' dir='ltr'><strong><em>vel</em></strong></span> <span class='ocrx_word' id='word_1_148' title='bbox 2660 794 2930 864; x_wconf 76' lang='lat' dir='ltr'><strong><em>patibilem</em></strong></span> <span class='ocrx_word' id='word_1_149' title='bbox 2981 793 3165 859; x_wconf 88' lang='lat' dir='ltr'><strong><em>Deum,</em></strong></span> <span class='ocrx_word' id='word_1_150' title='bbox 3186 798 3265 849; x_wconf 81' lang='lat' dir='ltr'><strong><em>vel</em></strong></span> <span class='ocrx_word' id='word_1_151' title='bbox 3289 798 3339 850; x_wconf 88' lang='lat' dir='ltr'><strong><em>in</em></strong></span> <span class='ocrx_word' id='word_1_152' title='bbox 3370 813 3580 850; x_wconf 87' lang='lat' dir='ltr'><strong><em>carnem</em></strong></span> 
     </span>
    </p>
   </div>
   <div class='ocr_carea' id='block_1_23' title="bbox 1994 886 3580 955">
    <p class='ocr_par' dir='ltr' id='par_1_23' title="bbox 1994 886 3580 955">
     <span class='ocr_line' id='line_1_23' title="bbox 1994 886 3580 955; baseline 0.002 -17"><span class='ocrx_word' id='word_1_153' title='bbox 1994 886 2423 940; x_wconf 71' lang='lat' dir='ltr'><strong><em>conversumwel</em></strong></span> <span class='ocrx_word' id='word_1_154' title='bbox 2452 887 2902 939; x_wconf 87' lang='lat' dir='ltr'><strong><em>consubstantiale</em></strong></span> <span class='ocrx_word' id='word_1_155' title='bbox 2927 902 3121 955; x_wconf 84' lang='lat' dir='ltr'><strong><em>corpus</em></strong></span> <span class='ocrx_word' id='word_1_156' title='bbox 3135 886 3345 951; x_wconf 83' lang='lat' dir='ltr'><strong><em>habere,</em></strong></span> <span class='ocrx_word' id='word_1_157' title='bbox 3370 887 3449 940; x_wconf 87' lang='lat' dir='ltr'><strong><em>vel</em></strong></span> <span class='ocrx_word' id='word_1_158' title='bbox 3475 903 3580 941; x_wconf 77' lang='lat' dir='ltr'><strong><em>rte-</em></strong></span> 
     </span>
    </p>
   </div>
   <div class='ocr_carea' id='block_1_24' title="bbox 1990 976 3582 1045">
    <p class='ocr_par' dir='ltr' id='par_1_24' title="bbox 1990 976 3582 1045">
     <span class='ocr_line' id='line_1_24' title="bbox 1990 976 3582 1045; baseline 0.001 -15"><span class='ocrx_word' id='word_1_159' title='bbox 1990 976 2118 1031; x_wconf 85' lang='lat' dir='ltr'><strong><em>litus</em></strong></span> <span class='ocrx_word' id='word_1_160' title='bbox 2141 976 2395 1040; x_wconf 77' lang='lat' dir='ltr'><strong><em>delatum,</em></strong></span> <span class='ocrx_word' id='word_1_161' title='bbox 2418 992 2521 1029; x_wconf 89' lang='lat' dir='ltr'><strong><em>non</em></strong></span> <span class='ocrx_word' id='word_1_162' title='bbox 2538 976 2971 1045; x_wconf 77' lang='lat' dir='ltr'><strong><em>imaginationem</em></strong></span> <span class='ocrx_word' id='word_1_163' title='bbox 2990 994 3119 1040; x_wconf 88' lang='lat' dir='ltr'><strong><em>esse,</em></strong></span> <span class='ocrx_word' id='word_1_164' title='bbox 3147 995 3173 1031; x_wconf 90' lang='grc' dir='ltr'><strong><em>υ</em></strong></span> <span class='ocrx_word' id='word_1_165' title='bbox 3189 979 3225 1032; x_wconf 76' lang='lat' dir='ltr'><strong><em>zl</em></strong></span> <span class='ocrx_word' id='word_1_166' title='bbox 3242 978 3466 1032; x_wconf 75' lang='lat' dir='ltr'><strong><em>mortale</em></strong></span> <span class='ocrx_word' id='word_1_167' title='bbox 3481 978 3582 1032; x_wconf 86' lang='lat' dir='ltr'><strong><em>Dei</em></strong></span> 
     </span>
    </p>
   </div>
   <div class='ocr_carea' id='block_1_25' title="bbox 2005 1062 3578 1135">
    <p class='ocr_par' dir='ltr' id='par_1_25' title="bbox 2005 1062 3578 1135">
     <span class='ocr_line' id='line_1_25' title="bbox 2005 1062 3578 1135; baseline 0.003 -18"><span class='ocrx_word' id='word_1_168' title='bbox 2005 1062 2248 1130; x_wconf 78' lang='lat' dir='ltr'><strong><em>Verbum,</em></strong></span> <span class='ocrx_word' id='word_1_169' title='bbox 2276 1064 2565 1133; x_wconf 77' lang='lat' dir='ltr'><strong><em>indiguisse</em></strong></span> <span class='ocrx_word' id='word_1_170' title='bbox 2593 1081 2710 1118; x_wconf 81' lang='lat' dir='ltr'><strong><em>vero</em></strong></span> <span class='ocrx_word' id='word_1_171' title='bbox 2731 1066 2785 1119; x_wconf 80' lang='lat' dir='ltr'><strong><em>in</em></strong></span> <span class='ocrx_word' id='word_1_172' title='bbox 2810 1069 3184 1121; x_wconf 78' lang='lat' dir='ltr'><strong><em>resurrectione</em></strong></span> <span class='ocrx_word' id='word_1_173' title='bbox 3202 1084 3361 1135; x_wconf 88' lang='lat' dir='ltr'><strong><em>opera</em></strong></span> <span class='ocrx_word' id='word_1_174' title='bbox 3381 1068 3578 1121; x_wconf 82' lang='lat' dir='ltr'><strong><em>Putris.</em></strong></span> 
     </span>
    </p>
   </div>
   <div class='ocr_carea' id='block_1_26' title="bbox 1990 1154 3579 1222">
    <p class='ocr_par' dir='ltr' id='par_1_26' title="bbox 1990 1154 3579 1222">
     <span class='ocr_line' id='line_1_26' title="bbox 1990 1154 3579 1222; baseline 0.001 -17"><span class='ocrx_word' id='word_1_175' title='bbox 1990 1157 2092 1207; x_wconf 80' lang='lat' dir='ltr'><strong><em>Aut</em></strong></span> <span class='ocrx_word' id='word_1_176' title='bbox 2124 1154 2473 1206; x_wconf 79' lang='lat' dir='ltr'><strong><em>inanimatam</em></strong></span> <span class='ocrx_word' id='word_1_177' title='bbox 2510 1169 2619 1206; x_wconf 90' lang='lat' dir='ltr'><strong><em>esse</em></strong></span> <span class='ocrx_word' id='word_1_178' title='bbox 2639 1169 2849 1222; x_wconf 89' lang='lat' dir='ltr'><strong><em>corpus,</em></strong></span> <span class='ocrx_word' id='word_1_179' title='bbox 2884 1154 2961 1206; x_wconf 90' lang='lat' dir='ltr'><strong><em>vel</em></strong></span> <span class='ocrx_word' id='word_1_180' title='bbox 2987 1154 3099 1207; x_wconf 89' lang='lat' dir='ltr'><strong><em>sine</em></strong></span> <span class='ocrx_word' id='word_1_181' title='bbox 3119 1165 3286 1207; x_wconf 82' lang='lat' dir='ltr'><strong><em>mente</em></strong></span> <span class='ocrx_word' id='word_1_182' title='bbox 3312 1156 3579 1207; x_wconf 81' lang='lat' dir='ltr'><strong><em>hominem</em></strong></span> 
     </span>
    </p>
   </div>
   <div class='ocr_carea' id='block_1_27' title="bbox 1989 1243 3579 1312">
    <p class='ocr_par' dir='ltr' id='par_1_27' title="bbox 1989 1243 3579 1312">
     <span class='ocr_line' id='line_1_27' title="bbox 1989 1243 3579 1312; baseline 0.001 -15"><span class='ocrx_word' id='word_1_183' title='bbox 1989 1243 2348 1311; x_wconf 85' lang='lat' dir='ltr'><strong><em>resumpsisse,</em></strong></span> <span class='ocrx_word' id='word_1_184' title='bbox 2366 1253 2457 1297; x_wconf 91' lang='lat' dir='ltr'><strong><em>aut</em></strong></span> <span class='ocrx_word' id='word_1_185' title='bbox 2470 1243 2604 1297; x_wconf 86' lang='lat' dir='ltr'><strong><em>duas</em></strong></span> <span class='ocrx_word' id='word_1_186' title='bbox 2616 1243 2782 1300; x_wconf 87' lang='lat' dir='ltr'><strong><em>Chisti</em></strong></span> <span class='ocrx_word' id='word_1_187' title='bbox 2799 1247 3049 1299; x_wconf 84' lang='lat' dir='ltr'><strong><em>essentias</em></strong></span> <span class='ocrx_word' id='word_1_188' title='bbox 3068 1247 3311 1300; x_wconf 88' lang='lat' dir='ltr'><strong><em>mistione</em></strong></span> <span class='ocrx_word' id='word_1_189' title='bbox 3328 1246 3579 1312; x_wconf 78' lang='lat' dir='ltr'><strong><em>confusas</em></strong></span> 
     </span>
    </p>
   </div>
   <div class='ocr_carea' id='block_1_28' title="bbox 1986 1335 3582 1405">
    <p class='ocr_par' dir='ltr' id='par_1_28' title="bbox 1986 1335 3582 1405">
     <span class='ocr_line' id='line_1_28' title="bbox 1986 1335 3582 1405; baseline 0.001 -18"><span class='ocrx_word' id='word_1_190' title='bbox 1986 1351 2146 1389; x_wconf 89' lang='lat' dir='ltr'><strong><em>unam</em></strong></span> <span class='ocrx_word' id='word_1_191' title='bbox 2165 1335 2364 1404; x_wconf 78' lang='lat' dir='ltr'><strong><em>factam</em></strong></span> <span class='ocrx_word' id='word_1_192' title='bbox 2379 1352 2491 1390; x_wconf 88' lang='lat' dir='ltr'><strong><em>esse</em></strong></span> <span class='ocrx_word' id='word_1_193' title='bbox 2505 1338 2883 1390; x_wconf 83' lang='lat' dir='ltr'><strong><em>substantiam:</em></strong></span> <span class='ocrx_word' id='word_1_194' title='bbox 2896 1348 2942 1391; x_wconf 87' lang='lat' dir='ltr'><strong><em>et</em></strong></span> <span class='ocrx_word' id='word_1_195' title='bbox 2964 1353 3066 1391; x_wconf 88' lang='lat' dir='ltr'><strong><em>non</em></strong></span> <span class='ocrx_word' id='word_1_196' title='bbox 3086 1338 3382 1405; x_wconf 76' lang='lat' dir='ltr'><strong><em>conﬁtentes</em></strong></span> <span class='ocrx_word' id='word_1_197' title='bbox 3400 1337 3582 1391; x_wconf 82' lang='lat' dir='ltr'><strong><em>Jesnm</em></strong></span> 
     </span>
    </p>
   </div>
   <div class='ocr_carea' id='block_1_29' title="bbox 1987 1426 3581 1488">
    <p class='ocr_par' dir='ltr' id='par_1_29' title="bbox 1987 1426 3581 1488">
     <span class='ocr_line' id='line_1_29' title="bbox 1987 1426 3581 1488; baseline 0.002 -9"><span class='ocrx_word' id='word_1_198' title='bbox 1987 1426 2251 1480; x_wconf 80' lang='lat' dir='ltr'><strong><em>Christum</em></strong></span> <span class='ocrx_word' id='word_1_199' title='bbox 2269 1428 2404 1481; x_wconf 84' lang='lat' dir='ltr'><strong><em>duas</em></strong></span> <span class='ocrx_word' id='word_1_200' title='bbox 2423 1445 2534 1483; x_wconf 88' lang='lat' dir='ltr'><strong><em>esse</em></strong></span> <span class='ocrx_word' id='word_1_201' title='bbox 2546 1428 2872 1483; x_wconf 85' lang='lat' dir='ltr'><strong><em>substantias</em></strong></span> <span class='ocrx_word' id='word_1_202' title='bbox 2886 1431 3245 1484; x_wconf 79' lang='lat' dir='ltr'><strong><em>incommistas</em></strong></span> <span class='ocrx_word' id='word_1_203' title='bbox 3257 1470 3269 1488; x_wconf 81' lang='lat'><strong><em>.</em></strong></span> <span class='ocrx_word' id='word_1_204' title='bbox 3285 1446 3447 1482; x_wconf 87' lang='lat' dir='ltr'><strong><em>unam</em></strong></span> <span class='ocrx_word' id='word_1_205' title='bbox 3462 1445 3581 1482; x_wconf 84' lang='lat' dir='ltr'><strong><em>vero</em></strong></span> 
     </span>
    </p>
   </div>
   <div class='ocr_carea' id='block_1_30' title="bbox 1982 1519 3580 1589">
    <p class='ocr_par' dir='ltr' id='par_1_30' title="bbox 1982 1519 3580 1589">
     <span class='ocr_line' id='line_1_30' title="bbox 1982 1519 3580 1589; baseline 0.001 -18"><span class='ocrx_word' id='word_1_206' title='bbox 1982 1532 2282 1588; x_wconf 82' lang='lat' dir='ltr'><strong><em>personant,</em></strong></span> <span class='ocrx_word' id='word_1_207' title='bbox 2309 1534 2412 1589; x_wconf 76' lang='lat' dir='ltr'><strong><em>qua</em></strong></span> <span class='ocrx_word' id='word_1_208' title='bbox 2435 1521 2636 1573; x_wconf 83' lang='lat' dir='ltr'><strong><em>ratione</em></strong></span> <span class='ocrx_word' id='word_1_209' title='bbox 2657 1536 2791 1573; x_wconf 85' lang='lat' dir='ltr'><strong><em>unus</em></strong></span> <span class='ocrx_word' id='word_1_210' title='bbox 2816 1519 3081 1586; x_wconf 78' lang='lat' dir='ltr'><strong><em>Christus,</em></strong></span> <span class='ocrx_word' id='word_1_211' title='bbox 3106 1537 3243 1574; x_wconf 90' lang='lat' dir='ltr'><strong><em>unus</em></strong></span> <span class='ocrx_word' id='word_1_212' title='bbox 3267 1519 3465 1584; x_wconf 85' lang='lat' dir='ltr'><strong><em>Filius,</em></strong></span> <span class='ocrx_word' id='word_1_213' title='bbox 3486 1521 3580 1573; x_wconf 90' lang='lat' dir='ltr'><strong><em>hos</em></strong></span> 
     </span>
    </p>
   </div>
   <div class='ocr_carea' id='block_1_31' title="bbox 1982 1608 3579 1666">
    <p class='ocr_par' dir='ltr' id='par_1_31' title="bbox 1982 1608 3579 1666">
     <span class='ocr_line' id='line_1_31' title="bbox 1982 1608 3579 1666; baseline -0.001 0"><span class='ocrx_word' id='word_1_214' title='bbox 1982 1620 2167 1666; x_wconf 86' lang='lat' dir='ltr'><strong><em>sancta</em></strong></span> <span class='ocrx_word' id='word_1_215' title='bbox 2186 1617 2233 1661; x_wconf 85' lang='lat' dir='ltr'><strong><em>et</em></strong></span> <span class='ocrx_word' id='word_1_216' title='bbox 2263 1608 2525 1662; x_wconf 89' lang='lat' dir='ltr'><strong><em>catholica</em></strong></span> <span class='ocrx_word' id='word_1_217' title='bbox 2546 1612 2962 1664; x_wconf 74' lang='lat' dir='ltr'><strong><em>excommunicat</em></strong></span> <span class='ocrx_word' id='word_1_218' title='bbox 2996 1609 3256 1665; x_wconf 85' lang='lat' dir='ltr'><strong><em>Ecclesia.</em></strong></span> <span class='ocrx_word' id='word_1_219' title='bbox 3287 1610 3404 1664; x_wconf 79' lang='lat' dir='ltr'><strong><em>Non</em></strong></span> <span class='ocrx_word' id='word_1_220' title='bbox 3431 1610 3579 1665; x_wconf 84' lang='lat' dir='ltr'><strong><em>enim</em></strong></span> 
     </span>
    </p>
   </div>
   <div class='ocr_carea' id='block_1_32' title="bbox 1982 1700 3578 1771">
    <p class='ocr_par' dir='ltr' id='par_1_32' title="bbox 1982 1700 3578 1771">
     <span class='ocr_line' id='line_1_32' title="bbox 1982 1700 3578 1771; baseline -0.004 -13"><span class='ocrx_word' id='word_1_221' title='bbox 1982 1704 2145 1758; x_wconf 77' lang='lat' dir='ltr'><strong><em>Verbi</em></strong></span> <span class='ocrx_word' id='word_1_222' title='bbox 2169 1710 2225 1758; x_wconf 85' lang='lat' dir='ltr'><strong><em>et</em></strong></span> <span class='ocrx_word' id='word_1_223' title='bbox 2246 1703 2427 1757; x_wconf 87' lang='lat' dir='ltr'><strong><em>carnis</em></strong></span> <span class='ocrx_word' id='word_1_224' title='bbox 2450 1702 3099 1768; x_wconf 87' lang='lat' dir='ltr'><strong><em>consubstantialitatem,</em></strong></span> <span class='ocrx_word' id='word_1_225' title='bbox 3147 1703 3200 1756; x_wconf 91' lang='lat' dir='ltr'><strong><em>id</em></strong></span> <span class='ocrx_word' id='word_1_226' title='bbox 3250 1712 3358 1767; x_wconf 88' lang='lat' dir='ltr'><strong><em>est,</em></strong></span> <span class='ocrx_word' id='word_1_227' title='bbox 3382 1700 3578 1771; x_wconf 77' lang='grc' dir='ltr'><strong><em>25ιὸ</em></strong></span> 
     </span>
    </p>
   </div>
   <div class='ocr_carea' id='block_1_33' title="bbox 1981 1794 3581 1858">
    <p class='ocr_par' dir='ltr' id='par_1_33' title="bbox 1981 1794 3581 1858">
     <span class='ocr_line' id='line_1_33' title="bbox 1981 1794 3581 1858; baseline -0.004 -6"><span class='ocrx_word' id='word_1_228' title='bbox 1981 1812 2147 1852; x_wconf 91' lang='lat' dir='ltr'><strong><em>unam</em></strong></span> <span class='ocrx_word' id='word_1_229' title='bbox 2167 1807 2416 1852; x_wconf 86' lang='lat' dir='ltr'><strong><em>naturam</em></strong></span> <span class='ocrx_word' id='word_1_230' title='bbox 2432 1794 2890 1850; x_wconf 81' lang='lat' dir='ltr'><strong><em>dixeruntPatres</em></strong></span> <span class='ocrx_word' id='word_1_231' title='bbox 2908 1794 3046 1858; x_wconf 82' lang='lat' dir='ltr'><strong><em>ﬁeri,</em></strong></span> <span class='ocrx_word' id='word_1_232' title='bbox 3065 1808 3172 1848; x_wconf 91' lang='lat' dir='ltr'><strong><em>non</em></strong></span> <span class='ocrx_word' id='word_1_233' title='bbox 3194 1801 3338 1848; x_wconf 90' lang='lat' dir='ltr'><strong><em>certe</em></strong></span> <span class='ocrx_word' id='word_1_234' title='bbox 3358 1802 3581 1847; x_wconf 87' lang='lat' dir='ltr'><strong><em>sanctus</em></strong></span> 
     </span>
    </p>
   </div>
   <div class='ocr_carea' id='block_1_34' title="bbox 284 1883 1878 1957">
    <p class='ocr_par' dir='ltr' id='par_1_34' title="bbox 284 1887 1875 1957">
     <span class='ocr_line' id='line_1_34' title="bbox 284 1887 1875 1957; baseline -0.001 -16"><span class='ocrx_word' id='word_1_235' title='bbox 284 1888 335 1957; x_wconf 78' lang='grc' dir='ltr'><strong>ἣ</strong></span> <span class='ocrx_word' id='word_1_236' title='bbox 372 1887 478 1955; x_wconf 80' lang='grc' dir='ltr'><strong><em>τὰς</em></strong></span> <span class='ocrx_word' id='word_1_237' title='bbox 515 1887 626 1941; x_wconf 80' lang='grc' dir='ltr'><em>δύο</em></span> <span class='ocrx_word' id='word_1_238' title='bbox 669 1888 884 1952; x_wconf 77' lang='grc' dir='ltr'><em>οὐσίας</em></span> <span class='ocrx_word' id='word_1_239' title='bbox 912 1889 1019 1942; x_wconf 88' lang='grc' dir='ltr'><em>τοῦ</em></span> <span class='ocrx_word' id='word_1_240' title='bbox 1048 1889 1306 1957; x_wconf 86' lang='grc' dir='ltr'><em>Χριστοῦ</em></span> <span class='ocrx_word' id='word_1_241' title='bbox 1349 1889 1501 1943; x_wconf 82' lang='grc' dir='ltr'><em>κατὰ</em></span> <span class='ocrx_word' id='word_1_242' title='bbox 1536 1888 1875 1957; x_wconf 84' lang='grc' dir='ltr'><em>ἀνάκρασιν</em></span> 
     </span>
    </p>
   </div>
   <div class='ocr_carea' id='block_1_35' title="bbox 1983 1883 3580 1957">
    <p class='ocr_par' dir='ltr' id='par_1_35' title="bbox 1983 1883 3580 1956">
     <span class='ocr_line' id='line_1_35' title="bbox 1983 1883 3580 1956; baseline -0.001 -15"><span class='ocrx_word' id='word_1_243' title='bbox 1983 1888 2016 1941; x_wconf 83' lang='grc' dir='ltr'>Α</span> <span class='ocrx_word' id='word_1_244' title='bbox 2026 1890 2295 1944; x_wconf 83' lang='lat' dir='ltr'><strong><em>mbrosius</em></strong></span> <span class='ocrx_word' id='word_1_245' title='bbox 2304 1895 2493 1943; x_wconf 89' lang='lat' dir='ltr'><strong><em>contra</em></strong></span> <span class='ocrx_word' id='word_1_246' title='bbox 2506 1885 2892 1956; x_wconf 78' lang='lat' dir='ltr'><strong><em>Apollinarium</em></strong></span> <span class='ocrx_word' id='word_1_247' title='bbox 2911 1885 3154 1941; x_wconf 87' lang='lat' dir='ltr'><strong><em>scribens</em></strong></span> <span class='ocrx_word' id='word_1_248' title='bbox 3168 1886 3269 1940; x_wconf 89' lang='lat' dir='ltr'><strong><em>ait:</em></strong></span> <span class='ocrx_word' id='word_1_249' title='bbox 3288 1883 3393 1939; x_wconf 86' lang='lat' dir='ltr'><strong><em>Sed</em></strong></span> <span class='ocrx_word' id='word_1_250' title='bbox 3412 1885 3463 1937; x_wconf 87' lang='lat' dir='ltr'><strong><em>in</em></strong></span> <span class='ocrx_word' id='word_1_251' title='bbox 3478 1901 3580 1954; x_wconf 84' lang='lat' dir='ltr'><strong><em>quo</em></strong></span> 
     </span>
    </p>
   </div>
   <div class='ocr_carea' id='block_1_36' title="bbox 284 1978 1873 2050">
    <p class='ocr_par' dir='ltr' id='par_1_36' title="bbox 284 1978 1873 2050">
     <span class='ocr_line' id='line_1_36' title="bbox 284 1978 1873 2050; baseline -0.001 -17"><span class='ocrx_word' id='word_1_252' title='bbox 284 1980 710 2048; x_wconf 77' lang='grc' dir='ltr'><em>συγχυθείσης</em></span> <span class='ocrx_word' id='word_1_253' title='bbox 732 1981 881 2049; x_wconf 83' lang='grc' dir='ltr'><em>μίαν</em></span> <span class='ocrx_word' id='word_1_254' title='bbox 909 1980 1267 2050; x_wconf 77' lang='grc' dir='ltr'><em>γεγενῆσθαι</em></span> <span class='ocrx_word' id='word_1_255' title='bbox 1298 1980 1519 2035; x_wconf 83' lang='grc' dir='ltr'><em>οὐσίαν</em></span> <span class='ocrx_word' id='word_1_256' title='bbox 1544 1981 1586 2040; x_wconf 71' lang='grc'><em>⁸.</em></span> <span class='ocrx_word' id='word_1_257' title='bbox 1638 1980 1738 2033; x_wconf 74' lang='grc' dir='ltr'><em>καὶ</em></span> <span class='ocrx_word' id='word_1_258' title='bbox 1786 1978 1873 2048; x_wconf 79' lang='grc' dir='ltr'><em>μὴ</em></span> 
     </span>
    </p>
   </div>
   <div class='ocr_carea' id='block_1_37' title="bbox 282 2069 1877 2139">
    <p class='ocr_par' dir='ltr' id='par_1_37' title="bbox 282 2069 1877 2139">
     <span class='ocr_line' id='line_1_37' title="bbox 282 2069 1877 2139; baseline 0 -18"><span class='ocrx_word' id='word_1_259' title='bbox 282 2070 740 2137; x_wconf 74' lang='grc' dir='ltr'><em>ὁμολογοῦντας</em></span> <span class='ocrx_word' id='word_1_260' title='bbox 768 2072 875 2123; x_wconf 82' lang='grc' dir='ltr'><em>τὸν</em></span> <span class='ocrx_word' id='word_1_261' title='bbox 900 2073 1121 2139; x_wconf 81' lang='grc' dir='ltr'><em>Κύριον</em></span> <span class='ocrx_word' id='word_1_262' title='bbox 1142 2070 1313 2139; x_wconf 73' lang='grc' dir='ltr'><em>ἡμῶν</em></span> <span class='ocrx_word' id='word_1_263' title='bbox 1347 2071 1594 2136; x_wconf 81' lang='grc' dir='ltr'><em>Ἰησοῦν</em></span> <span class='ocrx_word' id='word_1_264' title='bbox 1615 2069 1877 2136; x_wconf 80' lang='grc' dir='ltr'><em>Χριστὸν</em></span> 
     </span>
    </p>
   </div>
   <div class='ocr_carea' id='block_1_38' title="bbox 278 2157 1872 2230">
    <p class='ocr_par' dir='ltr' id='par_1_38' title="bbox 278 2157 1872 2230">
     <span class='ocr_line' id='line_1_38' title="bbox 278 2157 1872 2230; baseline 0.001 -18"><span class='ocrx_word' id='word_1_265' title='bbox 278 2159 401 2214; x_wconf 82' lang='grc' dir='ltr'><em>δύο</em></span> <span class='ocrx_word' id='word_1_266' title='bbox 430 2157 579 2215; x_wconf 76' lang='grc' dir='ltr'><em>εἶναι</em></span> <span class='ocrx_word' id='word_1_267' title='bbox 616 2162 834 2225; x_wconf 83' lang='grc' dir='ltr'><em>οὐσίας</em></span> <span class='ocrx_word' id='word_1_268' title='bbox 871 2162 1278 2230; x_wconf 72' lang='grc' dir='ltr'><strong><em>ἀσυγχύτους,</em></strong></span> <span class='ocrx_word' id='word_1_269' title='bbox 1307 2161 1378 2214; x_wconf 79' lang='grc' dir='ltr'><em>ἓν</em></span> <span class='ocrx_word' id='word_1_270' title='bbox 1420 2162 1489 2213; x_wconf 85' lang='grc' dir='ltr'><em>δὲ</em></span> <span class='ocrx_word' id='word_1_271' title='bbox 1524 2164 1872 2228; x_wconf 78' lang='grc' dir='ltr'><em>πρόσωπον,</em></span> 
     </span>
    </p>
   </div>
   <div class='ocr_carea' id='block_1_39' title="bbox 1981 1975 3581 2047">
    <p class='ocr_par' dir='ltr' id='par_1_39' title="bbox 1981 1975 3581 2047">
     <span class='ocr_line' id='line_1_39' title="bbox 1981 1975 3581 2047; baseline -0.003 -18"><span class='ocrx_word' id='word_1_272' title='bbox 1981 1977 2106 2030; x_wconf 83' lang='lat' dir='ltr'><strong><em>illos</em></strong></span> <span class='ocrx_word' id='word_1_273' title='bbox 2137 1978 2409 2047; x_wconf 86' lang='lat' dir='ltr'><strong><em>arguimus</em></strong></span> <span class='ocrx_word' id='word_1_274' title='bbox 2425 1976 2781 2045; x_wconf 81' lang='lat' dir='ltr'><strong><em>pullularunt,</em></strong></span> <span class='ocrx_word' id='word_1_275' title='bbox 2806 1977 2900 2029; x_wconf 88' lang='lat' dir='ltr'><strong><em>alii</em></strong></span> <span class='ocrx_word' id='word_1_276' title='bbox 2925 1977 3151 2030; x_wconf 85' lang='lat' dir='ltr'><strong><em>dicentes</em></strong></span> <span class='ocrx_word' id='word_1_277' title='bbox 3183 1992 3200 2030; x_wconf 90' lang='lat'><strong><em>:</em></strong></span> <span class='ocrx_word' id='word_1_278' title='bbox 3230 1975 3444 2029; x_wconf 87' lang='lat' dir='ltr'><strong><em>Domini</em></strong></span> <span class='ocrx_word' id='word_1_279' title='bbox 3463 1991 3581 2028; x_wconf 86' lang='lat' dir='ltr'><strong><em>cor-</em></strong></span> 
     </span>
    </p>
   </div>
   <div class='ocr_carea' id='block_1_40' title="bbox 1981 2067 3580 2135">
    <p class='ocr_par' dir='ltr' id='par_1_40' title="bbox 1981 2067 3580 2135">
     <span class='ocr_line' id='line_1_40' title="bbox 1981 2067 3580 2135; baseline 0.001 -14"><span class='ocrx_word' id='word_1_280' title='bbox 1981 2083 2079 2135; x_wconf 88' lang='lat' dir='ltr'><strong><em>pus</em></strong></span> <span class='ocrx_word' id='word_1_281' title='bbox 2110 2085 2171 2122; x_wconf 89' lang='lat' dir='ltr'><strong><em>ac</em></strong></span> <span class='ocrx_word' id='word_1_282' title='bbox 2190 2068 2523 2121; x_wconf 85' lang='lat' dir='ltr'><strong><em>divinitatem</em></strong></span> <span class='ocrx_word' id='word_1_283' title='bbox 2544 2070 2701 2121; x_wconf 87' lang='lat' dir='ltr'><strong><em>unius</em></strong></span> <span class='ocrx_word' id='word_1_284' title='bbox 2721 2077 2925 2121; x_wconf 73' lang='lat' dir='ltr'><strong><em>natura:</em></strong></span> <span class='ocrx_word' id='word_1_285' title='bbox 2946 2084 3079 2121; x_wconf 87' lang='lat' dir='ltr'><strong><em>esse.</em></strong></span> <span class='ocrx_word' id='word_1_286' title='bbox 3114 2068 3245 2133; x_wconf 84' lang='lat' dir='ltr'><strong><em>Quis</em></strong></span> <span class='ocrx_word' id='word_1_287' title='bbox 3275 2082 3427 2121; x_wconf 81' lang='lat' dir='ltr'><strong><em>orcus</em></strong></span> <span class='ocrx_word' id='word_1_288' title='bbox 3444 2067 3580 2123; x_wconf 88' lang='lat' dir='ltr'><strong><em>hanc</em></strong></span> 
     </span>
    </p>
   </div>
   <div class='ocr_carea' id='block_1_41' title="bbox 1980 2157 3578 2226">
    <p class='ocr_par' dir='ltr' id='par_1_41' title="bbox 1980 2157 3578 2226">
     <span class='ocr_line' id='line_1_41' title="bbox 1980 2157 3578 2226; baseline -0.001 -15"><span class='ocrx_word' id='word_1_289' title='bbox 1980 2159 2201 2211; x_wconf 87' lang='lat' dir='ltr'><strong><em>evomuit</em></strong></span> <span class='ocrx_word' id='word_1_290' title='bbox 2224 2157 2648 2224; x_wconf 83' lang='lat' dir='ltr'><strong><em>blasphemiam?</em></strong></span> <span class='ocrx_word' id='word_1_291' title='bbox 2677 2158 2861 2210; x_wconf 83' lang='lat' dir='ltr'><strong><em>Ariani</em></strong></span> <span class='ocrx_word' id='word_1_292' title='bbox 2883 2175 3021 2221; x_wconf 88' lang='lat' dir='ltr'><strong><em>vero,</em></strong></span> <span class='ocrx_word' id='word_1_293' title='bbox 3044 2174 3268 2226; x_wconf 85' lang='lat' dir='ltr'><strong><em>quarunt</em></strong></span> <span class='ocrx_word' id='word_1_294' title='bbox 3289 2173 3439 2211; x_wconf 88' lang='lat' dir='ltr'><strong><em>error</em></strong></span> <span class='ocrx_word' id='word_1_295' title='bbox 3463 2173 3578 2209; x_wconf 87' lang='lat' dir='ltr'><strong><em>ma-</em></strong></span> 
     </span>
    </p>
   </div>
   <div class='ocr_carea' id='block_1_42' title="bbox 277 2247 1878 2322">
    <p class='ocr_par' dir='ltr' id='par_1_42' title="bbox 277 2248 1873 2322">
     <span class='ocr_line' id='line_1_42' title="bbox 277 2248 1873 2322; baseline -0.001 -17"><span class='ocrx_word' id='word_1_296' title='bbox 277 2252 436 2306; x_wconf 78' lang='grc' dir='ltr'><strong><em>καθό</em></strong></span> <span class='ocrx_word' id='word_1_297' title='bbox 459 2248 545 2318; x_wconf 81' lang='grc' dir='ltr'><strong><em>εἵς</em></strong></span> <span class='ocrx_word' id='word_1_298' title='bbox 578 2253 833 2322; x_wconf 83' lang='grc' dir='ltr'><em>Χριστὸς</em></span> <span class='ocrx_word' id='word_1_299' title='bbox 866 2248 955 2318; x_wconf 75' lang='grc' dir='ltr'><em>εἷς</em></span> <span class='ocrx_word' id='word_1_300' title='bbox 995 2253 1148 2318; x_wconf 79' lang='grc' dir='ltr'><em>Υἱὸς,</em></span> <span class='ocrx_word' id='word_1_301' title='bbox 1186 2252 1438 2317; x_wconf 84' lang='grc' dir='ltr'><em>τούτους</em></span> <span class='ocrx_word' id='word_1_302' title='bbox 1463 2249 1873 2320; x_wconf 77' lang='grc' dir='ltr'><em>ἀναθεματίζει</em></span> 
     </span>
    </p>
   </div>
   <div class='ocr_carea' id='block_1_43' title="bbox 1983 2247 3578 2322">
    <p class='ocr_par' dir='ltr' id='par_1_43' title="bbox 1983 2247 3578 2317">
     <span class='ocr_line' id='line_1_43' title="bbox 1983 2247 3578 2317; baseline -0.002 -15"><span class='ocrx_word' id='word_1_303' title='bbox 1983 2251 2083 2315; x_wconf 79' lang='lat' dir='ltr'><strong><em>iori</em></strong></span> <span class='ocrx_word' id='word_1_304' title='bbox 2108 2248 2441 2303; x_wconf 84' lang='lat' dir='ltr'><strong><em>contentione</em></strong></span> <span class='ocrx_word' id='word_1_305' title='bbox 2466 2250 2727 2317; x_wconf 87' lang='lat' dir='ltr'><strong><em>pervadit,</em></strong></span> <span class='ocrx_word' id='word_1_306' title='bbox 2751 2247 2989 2314; x_wconf 85' lang='lat' dir='ltr'><strong><em>Patrem,</em></strong></span> <span class='ocrx_word' id='word_1_307' title='bbox 3016 2248 3216 2302; x_wconf 84' lang='lat' dir='ltr'><strong><em>Filium</em></strong></span> <span class='ocrx_word' id='word_1_308' title='bbox 3244 2261 3289 2302; x_wconf 90' lang='lat' dir='ltr'><strong><em>et</em></strong></span> <span class='ocrx_word' id='word_1_309' title='bbox 3315 2248 3578 2316; x_wconf 86' lang='lat' dir='ltr'><strong><em>Spiritum</em></strong></span> 
     </span>
    </p>
   </div>
   <div class='ocr_carea' id='block_1_44' title="bbox 273 2344 1869 2417">
    <p class='ocr_par' dir='ltr' id='par_1_44' title="bbox 273 2344 1869 2417">
     <span class='ocr_line' id='line_1_44' title="bbox 273 2344 1869 2417; baseline -0.001 -17"><span class='ocrx_word' id='word_1_310' title='bbox 273 2346 325 2414; x_wconf 74' lang='grc' dir='ltr'>ἡ</span> <span class='ocrx_word' id='word_1_311' title='bbox 367 2349 659 2415; x_wconf 68' lang='grc' dir='ltr'><em>καθολικὴ</em></span> <span class='ocrx_word' id='word_1_312' title='bbox 701 2348 801 2400; x_wconf 82' lang='grc' dir='ltr'><em>καὶ</em></span> <span class='ocrx_word' id='word_1_313' title='bbox 835 2348 975 2417; x_wconf 74' lang='grc' dir='ltr'><em>ἁγία</em></span> <span class='ocrx_word' id='word_1_314' title='bbox 1006 2349 1025 2379; x_wconf 88' lang='grc'>⁷</span> <span class='ocrx_word' id='word_1_315' title='bbox 1076 2347 1423 2414; x_wconf 75' lang='grc' dir='ltr'><em>Ἐκκλησία.</em></span> <span class='ocrx_word' id='word_1_316' title='bbox 1461 2344 1600 2400; x_wconf 78' lang='grc' dir='ltr'><em>Οὑτε</em></span> <span class='ocrx_word' id='word_1_317' title='bbox 1636 2345 1746 2417; x_wconf 81' lang='grc' dir='ltr'><strong><em>γὰρ</em></strong></span> <span class='ocrx_word' id='word_1_318' title='bbox 1774 2345 1869 2398; x_wconf 82' lang='grc' dir='ltr'><em>τοῦ</em></span> 
     </span>
    </p>
   </div>
   <div class='ocr_carea' id='block_1_45' title="bbox 273 2437 1872 2510">
    <p class='ocr_par' dir='ltr' id='par_1_45' title="bbox 273 2437 1872 2510">
     <span class='ocr_line' id='line_1_45' title="bbox 273 2437 1872 2510; baseline -0.001 -20"><span class='ocrx_word' id='word_1_319' title='bbox 273 2438 461 2506; x_wconf 83' lang='grc' dir='ltr'><em>Λόγου</em></span> <span class='ocrx_word' id='word_1_320' title='bbox 495 2439 587 2491; x_wconf 77' lang='grc' dir='ltr'><em>καὶ</em></span> <span class='ocrx_word' id='word_1_321' title='bbox 617 2439 717 2508; x_wconf 78' lang='grc' dir='ltr'><em>τῆς</em></span> <span class='ocrx_word' id='word_1_322' title='bbox 767 2438 973 2510; x_wconf 83' lang='grc' dir='ltr'><em>σαρκὸς</em></span> <span class='ocrx_word' id='word_1_323' title='bbox 1000 2437 1418 2509; x_wconf 81' lang='grc' dir='ltr'><em>ὁμοουσιότητα,</em></span> <span class='ocrx_word' id='word_1_324' title='bbox 1459 2437 1704 2491; x_wconf 83' lang='grc' dir='ltr'><em>τουτέστι</em></span> <span class='ocrx_word' id='word_1_325' title='bbox 1744 2437 1872 2504; x_wconf 84' lang='grc' dir='ltr'><em>μίαν</em></span> 
     </span>
    </p>
   </div>
   <div class='ocr_carea' id='block_1_46' title="bbox 274 2526 1871 2600">
    <p class='ocr_par' dir='ltr' id='par_1_46' title="bbox 274 2526 1871 2600">
     <span class='ocr_line' id='line_1_46' title="bbox 274 2526 1871 2600; baseline 0.002 -21"><span class='ocrx_word' id='word_1_326' title='bbox 274 2530 450 2596; x_wconf 68' lang='grc' dir='ltr'><em>φύσιν</em></span> <span class='ocrx_word' id='word_1_327' title='bbox 490 2526 644 2583; x_wconf 76' lang='grc' dir='ltr'><em>εἷπον</em></span> <span class='ocrx_word' id='word_1_328' title='bbox 674 2531 723 2583; x_wconf 87' lang='grc' dir='ltr'><em>οἱ</em></span> <span class='ocrx_word' id='word_1_329' title='bbox 758 2529 1001 2597; x_wconf 85' lang='grc' dir='ltr'><em>Πατέρες</em></span> <span class='ocrx_word' id='word_1_330' title='bbox 1026 2546 1038 2559; x_wconf 91' lang='grc'><strong>·</strong></span> <span class='ocrx_word' id='word_1_331' title='bbox 1082 2530 1155 2600; x_wconf 82' lang='grc' dir='ltr'><em>μὴ</em></span> <span class='ocrx_word' id='word_1_332' title='bbox 1191 2530 1400 2599; x_wconf 85' lang='grc' dir='ltr'><em>γένοιτο</em></span> <span class='ocrx_word' id='word_1_333' title='bbox 1422 2545 1439 2563; x_wconf 73' lang='grc' dir='ltr'><strong><em>ο</em></strong></span> <span class='ocrx_word' id='word_1_334' title='bbox 1488 2529 1565 2593; x_wconf 83' lang='grc' dir='ltr'><em>ὡς</em></span> <span class='ocrx_word' id='word_1_335' title='bbox 1596 2531 1692 2583; x_wconf 79' lang='grc' dir='ltr'><em>καὶ</em></span> <span class='ocrx_word' id='word_1_336' title='bbox 1737 2531 1766 2582; x_wconf 89' lang='lat'><strong><em>6</em></strong></span> <span class='ocrx_word' id='word_1_337' title='bbox 1812 2530 1871 2582; x_wconf 85' lang='grc' dir='ltr'><em>ἐν</em></span> 
     </span>
    </p>
   </div>
   <div class='ocr_carea' id='block_1_47' title="bbox 1979 2343 3577 2400">
    <p class='ocr_par' dir='ltr' id='par_1_47' title="bbox 1979 2343 3577 2400">
     <span class='ocr_line' id='line_1_47' title="bbox 1979 2343 3577 2400; baseline 0 -4"><span class='ocrx_word' id='word_1_338' title='bbox 1979 2353 2219 2397; x_wconf 82' lang='lat' dir='ltr'><strong><em>sanctum</em></strong></span> <span class='ocrx_word' id='word_1_339' title='bbox 2237 2360 2342 2397; x_wconf 89' lang='lat' dir='ltr'><strong><em>non</em></strong></span> <span class='ocrx_word' id='word_1_340' title='bbox 2362 2344 2518 2397; x_wconf 90' lang='lat' dir='ltr'><strong><em>unius</em></strong></span> <span class='ocrx_word' id='word_1_341' title='bbox 2541 2354 2750 2399; x_wconf 70' lang='lat' dir='ltr'><strong><em>natura:</em></strong></span> <span class='ocrx_word' id='word_1_342' title='bbox 2765 2356 3052 2399; x_wconf 88' lang='lat' dir='ltr'><strong><em>asserentes</em></strong></span> <span class='ocrx_word' id='word_1_343' title='bbox 3069 2362 3087 2398; x_wconf 87' lang='lat'><strong><em>:</em></strong></span> <span class='ocrx_word' id='word_1_344' title='bbox 3109 2343 3308 2400; x_wconf 81' lang='lat' dir='ltr'><strong><em>Christi</em></strong></span> <span class='ocrx_word' id='word_1_345' title='bbox 3327 2344 3577 2398; x_wconf 85' lang='lat' dir='ltr'><strong><em>divinita-</em></strong></span> 
     </span>
    </p>
   </div>
   <div class='ocr_carea' id='block_1_48' title="bbox 1979 2435 3569 2500">
    <p class='ocr_par' dir='ltr' id='par_1_48' title="bbox 1979 2435 3569 2500">
     <span class='ocr_line' id='line_1_48' title="bbox 1979 2435 3569 2500; baseline 0.001 -13"><span class='ocrx_word' id='word_1_346' title='bbox 1979 2443 2103 2500; x_wconf 89' lang='lat' dir='ltr'><strong><em>tem,</em></strong></span> <span class='ocrx_word' id='word_1_347' title='bbox 2122 2444 2168 2489; x_wconf 88' lang='lat' dir='ltr'><strong><em>et</em></strong></span> <span class='ocrx_word' id='word_1_348' title='bbox 2184 2449 2394 2489; x_wconf 87' lang='lat' dir='ltr'><strong><em>carnem</em></strong></span> <span class='ocrx_word' id='word_1_349' title='bbox 2408 2435 2566 2488; x_wconf 85' lang='lat' dir='ltr'><strong><em>unius</em></strong></span> <span class='ocrx_word' id='word_1_350' title='bbox 2582 2444 2787 2489; x_wconf 80' lang='lat' dir='ltr'><strong><em>naturte</em></strong></span> <span class='ocrx_word' id='word_1_351' title='bbox 2802 2451 2913 2489; x_wconf 88' lang='lat' dir='ltr'><strong><em>esse</em></strong></span> <span class='ocrx_word' id='word_1_352' title='bbox 2924 2436 3097 2490; x_wconf 80' lang='lat' dir='ltr'><strong><em>dicere</em></strong></span> <span class='ocrx_word' id='word_1_353' title='bbox 3114 2436 3293 2490; x_wconf 87' lang='lat' dir='ltr'><strong><em>conati</em></strong></span> <span class='ocrx_word' id='word_1_354' title='bbox 3311 2444 3454 2490; x_wconf 89' lang='lat' dir='ltr'><strong><em>sunt.</em></strong></span> <span class='ocrx_word' id='word_1_355' title='bbox 3472 2435 3569 2489; x_wconf 34' lang='lat' dir='ltr'><strong><em>Eae</em></strong></span> 
     </span>
    </p>
   </div>
   <div class='ocr_carea' id='block_1_49' title="bbox 1977 2526 3573 2597">
    <p class='ocr_par' dir='ltr' id='par_1_49' title="bbox 1977 2526 3573 2597">
     <span class='ocr_line' id='line_1_49' title="bbox 1977 2526 3573 2597; baseline -0.002 -15"><span class='ocrx_word' id='word_1_356' title='bbox 1977 2527 2121 2592; x_wconf 89' lang='lat' dir='ltr'><strong><em>dem,</em></strong></span> <span class='ocrx_word' id='word_1_357' title='bbox 2140 2527 2232 2581; x_wconf 90' lang='lat' dir='ltr'><strong><em>sed</em></strong></span> <span class='ocrx_word' id='word_1_358' title='bbox 2246 2526 2471 2593; x_wconf 87' lang='lat' dir='ltr'><strong><em>clarius,</em></strong></span> <span class='ocrx_word' id='word_1_359' title='bbox 2486 2526 2819 2583; x_wconf 82' lang='lat' dir='ltr'><strong><em>Athanasius</em></strong></span> <span class='ocrx_word' id='word_1_360' title='bbox 2840 2527 2896 2581; x_wconf 91' lang='lat' dir='ltr'><strong><em>in</em></strong></span> <span class='ocrx_word' id='word_1_361' title='bbox 2911 2528 3136 2597; x_wconf 85' lang='lat' dir='ltr'><strong><em>epistola</em></strong></span> <span class='ocrx_word' id='word_1_362' title='bbox 3156 2528 3221 2582; x_wconf 89' lang='lat' dir='ltr'><strong><em>ad</em></strong></span> <span class='ocrx_word' id='word_1_363' title='bbox 3242 2528 3573 2597; x_wconf 86' lang='lat' dir='ltr'><strong><em>Epictetum.</em></strong></span> 
     </span>
    </p>
   </div>
   <div class='ocr_carea' id='block_1_50' title="bbox 275 2620 3578 2701">
    <p class='ocr_par' dir='ltr' id='par_1_50' title="bbox 275 2620 3578 2701">
     <span class='ocr_line' id='line_1_50' title="bbox 275 2620 3578 2701; baseline -0.002 -20"><span class='ocrx_word' id='word_1_364' title='bbox 275 2628 463 2695; x_wconf 80' lang='grc' dir='ltr'><em>ἁγίοις</em></span> <span class='ocrx_word' id='word_1_365' title='bbox 502 2627 829 2698; x_wconf 81' lang='grc' dir='ltr'><em>’Δμϐρὸσιος</em></span> <span class='ocrx_word' id='word_1_366' title='bbox 860 2629 1002 2683; x_wconf 81' lang='grc' dir='ltr'><em>κατὰ</em></span> <span class='ocrx_word' id='word_1_367' title='bbox 1051 2629 1427 2701; x_wconf 79' lang='grc' dir='ltr'><em>Ἀπολιναρίου</em></span> <span class='ocrx_word' id='word_1_368' title='bbox 1454 2629 1682 2701; x_wconf 84' lang='grc' dir='ltr'><em>γράφων</em></span> <span class='ocrx_word' id='word_1_369' title='bbox 1708 2629 1875 2698; x_wconf 82' lang='grc' dir='ltr'><em>φησὶν</em></span> <span class='ocrx_word' id='word_1_370' title='bbox 1910 2646 1923 2660; x_wconf 88' lang='grc'><strong>·</strong></span> <span class='ocrx_word' id='word_1_371' title='bbox 1956 2628 2118 2682; x_wconf 74' lang='grc' dir='ltr'><strong><em>Ἀλλ’</em></strong></span> <span class='ocrx_word' id='word_1_372' title='bbox 2144 2629 2215 2681; x_wconf 86' lang='grc' dir='ltr'><em>ἐν</em></span> <span class='ocrx_word' id='word_1_373' title='bbox 2244 2628 2367 2692; x_wconf 82' lang='grc' dir='ltr'><strong><em>ὅσῳ</em></strong></span> <span class='ocrx_word' id='word_1_374' title='bbox 2385 2628 2640 2691; x_wconf 84' lang='grc' dir='ltr'><em>τούτους</em></span> <span class='ocrx_word' id='word_1_375' title='bbox 2661 2624 3012 2693; x_wconf 78' lang='grc' dir='ltr'><em>ἐλέγχομεν,</em></span> <span class='ocrx_word' id='word_1_376' title='bbox 3054 2624 3415 2691; x_wconf 68' lang='grc' dir='ltr'><em>ἀνεφύησαν</em></span> <span class='ocrx_word' id='word_1_377' title='bbox 3480 2620 3578 2673; x_wconf 78' lang='grc' dir='ltr'><strong><em>ἕτ-</em></strong></span> 
     </span>
    </p>
   </div>
   <div class='ocr_carea' id='block_1_51' title="bbox 272 2712 3577 2790">
    <p class='ocr_par' dir='ltr' id='par_1_51' title="bbox 272 2712 3577 2790">
     <span class='ocr_line' id='line_1_51' title="bbox 272 2712 3577 2790; baseline -0.002 -16"><span class='ocrx_word' id='word_1_378' title='bbox 272 2737 410 2788; x_wconf 85' lang='grc' dir='ltr'><em>εροι</em></span> <span class='ocrx_word' id='word_1_379' title='bbox 453 2721 737 2789; x_wconf 60' lang='grc' dir='ltr'><em>λέγοντες</em></span> <span class='ocrx_word' id='word_1_380' title='bbox 781 2723 851 2774; x_wconf 91' lang='grc' dir='ltr'><strong><em>τό</em></strong></span> <span class='ocrx_word' id='word_1_381' title='bbox 899 2738 964 2775; x_wconf 87' lang='grc' dir='ltr'><strong><em>τε</em></strong></span> <span class='ocrx_word' id='word_1_382' title='bbox 1001 2720 1174 2790; x_wconf 75' lang='grc' dir='ltr'><em>σῶμα</em></span> <span class='ocrx_word' id='word_1_383' title='bbox 1246 2723 1352 2775; x_wconf 87' lang='grc' dir='ltr'><em>τοῦ</em></span> <span class='ocrx_word' id='word_1_384' title='bbox 1393 2723 1616 2790; x_wconf 83' lang='grc' dir='ltr'><em>Κυρίου</em></span> <span class='ocrx_word' id='word_1_385' title='bbox 1665 2721 1765 2775; x_wconf 76' lang='grc' dir='ltr'><em>καὶ</em></span> <span class='ocrx_word' id='word_1_386' title='bbox 1802 2722 1917 2790; x_wconf 80' lang='grc' dir='ltr'><em>τὴν</em></span> <span class='ocrx_word' id='word_1_387' title='bbox 1955 2722 2207 2789; x_wconf 86' lang='grc' dir='ltr'><em>θεότητα</em></span> <span class='ocrx_word' id='word_1_388' title='bbox 2242 2720 2386 2789; x_wconf 80' lang='grc' dir='ltr'><em>μιᾶς</em></span> <span class='ocrx_word' id='word_1_389' title='bbox 2432 2720 2675 2788; x_wconf 66' lang='grc' dir='ltr'><em>φύσεως</em></span> <span class='ocrx_word' id='word_1_390' title='bbox 2723 2714 2896 2771; x_wconf 76' lang='grc' dir='ltr'><em>εἶναι.</em></span> <span class='ocrx_word' id='word_1_391' title='bbox 2948 2716 3124 2781; x_wconf 82' lang='grc' dir='ltr'><em>Ποῖος</em></span> <span class='ocrx_word' id='word_1_392' title='bbox 3173 2714 3380 2782; x_wconf 76' lang='grc' dir='ltr'><em>’Ἅιδης</em></span> <span class='ocrx_word' id='word_1_393' title='bbox 3459 2712 3577 2781; x_wconf 80' lang='grc' dir='ltr'><em>τὴν</em></span> 
     </span>
    </p>
   </div>
   <div class='ocr_carea' id='block_1_52' title="bbox 272 2803 3575 2883">
    <p class='ocr_par' dir='ltr' id='par_1_52' title="bbox 272 2803 3575 2883">
     <span class='ocr_line' id='line_1_52' title="bbox 272 2803 3575 2883; baseline -0.002 -17"><span class='ocrx_word' id='word_1_394' title='bbox 272 2804 592 2880; x_wconf 85' lang='grc' dir='ltr'><em>τοσὰύτην</em></span> <span class='ocrx_word' id='word_1_395' title='bbox 627 2812 924 2879; x_wconf 78' lang='grc' dir='ltr'><em>ἠρεύξατο</em></span> <span class='ocrx_word' id='word_1_396' title='bbox 950 2815 1401 2881; x_wconf 51' lang='grc' dir='ltr'><em>βλασφημίαιη</em></span> <span class='ocrx_word' id='word_1_397' title='bbox 1449 2813 1737 2882; x_wconf 77' lang='grc' dir='ltr'><em>Ἀρειανοὶ</em></span> <span class='ocrx_word' id='word_1_398' title='bbox 1758 2814 1867 2882; x_wconf 75' lang='grc' dir='ltr'><em>γὰρ</em></span> <span class='ocrx_word' id='word_1_399' title='bbox 1905 2813 2023 2883; x_wconf 83' lang='grc' dir='ltr'><strong><em>ἤδη</em></strong></span> <span class='ocrx_word' id='word_1_400' title='bbox 2046 2812 2458 2882; x_wconf 82' lang='grc' dir='ltr'><em>τυγχάνουσιν</em></span> <span class='ocrx_word' id='word_1_401' title='bbox 2487 2810 2882 2878; x_wconf 84' lang='grc' dir='ltr'><em>ἀνεκτότεροι,</em></span> <span class='ocrx_word' id='word_1_402' title='bbox 2927 2803 3016 2862; x_wconf 85' lang='grc' dir='ltr'><em>ὧν</em></span> <span class='ocrx_word' id='word_1_403' title='bbox 3077 2809 3115 2875; x_wconf 76' lang='grc' dir='ltr'>ἡ</span> <span class='ocrx_word' id='word_1_404' title='bbox 3148 2805 3399 2861; x_wconf 82' lang='grc' dir='ltr'><em>ἀπιστία</em></span> <span class='ocrx_word' id='word_1_405' title='bbox 3474 2804 3575 2858; x_wconf 86' lang='grc' dir='ltr'><strong><em>διὰ</em></strong></span> 
     </span>
    </p>
   </div>
   <div class='ocr_carea' id='block_1_53' title="bbox 275 2902 3572 2982">
    <p class='ocr_par' dir='ltr' id='par_1_53' title="bbox 275 2902 3572 2982">
     <span class='ocr_line' id='line_1_53' title="bbox 275 2902 3572 2982; baseline -0.002 -19"><span class='ocrx_word' id='word_1_406' title='bbox 275 2910 537 2977; x_wconf 83' lang='grc' dir='ltr'><em>τούτους</em></span> <span class='ocrx_word' id='word_1_407' title='bbox 592 2911 948 2978; x_wconf 77' lang='grc' dir='ltr'><em>κρατύνεται</em></span> <span class='ocrx_word' id='word_1_408' title='bbox 1000 2912 1226 2981; x_wconf 83' lang='grc' dir='ltr'><em>μείζονι</em></span> <span class='ocrx_word' id='word_1_409' title='bbox 1274 2913 1615 2981; x_wconf 72' lang='grc' dir='ltr'><em>φιλονεικίᾳ</em></span> <span class='ocrx_word' id='word_1_410' title='bbox 1660 2910 1894 2982; x_wconf 85' lang='grc' dir='ltr'><em>Πατέρα</em></span> <span class='ocrx_word' id='word_1_411' title='bbox 1944 2912 2065 2965; x_wconf 83' lang='grc' dir='ltr'><em>-καὶ</em></span> <span class='ocrx_word' id='word_1_412' title='bbox 2115 2911 2251 2965; x_wconf 84' lang='grc' dir='ltr'><em>Υίὸν</em></span> <span class='ocrx_word' id='word_1_413' title='bbox 2293 2910 2393 2964; x_wconf 76' lang='grc' dir='ltr'><em>καὶ</em></span> <span class='ocrx_word' id='word_1_414' title='bbox 2437 2908 2609 2978; x_wconf 79' lang='grc' dir='ltr'><em>ἅγιον</em></span> <span class='ocrx_word' id='word_1_415' title='bbox 2642 2906 2884 2975; x_wconf 83' lang='grc' dir='ltr'><em>Πνεῦμα</em></span> <span class='ocrx_word' id='word_1_416' title='bbox 2911 2903 3054 2974; x_wconf 83' lang='grc' dir='ltr'><em>μιᾶς</em></span> <span class='ocrx_word' id='word_1_417' title='bbox 3088 2905 3303 2968; x_wconf 87' lang='grc' dir='ltr'><em>οὐσίας</em></span> <span class='ocrx_word' id='word_1_418' title='bbox 3336 2902 3422 2972; x_wconf 82' lang='grc' dir='ltr'><strong><em>μὴ</em></strong></span> <span class='ocrx_word' id='word_1_419' title='bbox 3468 2902 3572 2955; x_wconf 70' lang='grc' dir='ltr'><em>λέ-</em></span> 
     </span>
    </p>
   </div>
   <div class='ocr_carea' id='block_1_54' title="bbox 277 2997 3566 3077">
    <p class='ocr_par' dir='ltr' id='par_1_54' title="bbox 277 2997 3566 3077">
     <span class='ocr_line' id='line_1_54' title="bbox 277 2997 3566 3077; baseline -0.004 -15"><span class='ocrx_word' id='word_1_420' title='bbox 277 3023 433 3077; x_wconf 70' lang='grc' dir='ltr'><em>γειν,</em></span> <span class='ocrx_word' id='word_1_421' title='bbox 486 3005 808 3074; x_wconf 81' lang='grc' dir='ltr'><em>ἐπειδήπερ</em></span> <span class='ocrx_word' id='word_1_422' title='bbox 849 3001 1015 3061; x_wconf 83' lang='grc' dir='ltr'><em>οὗτοι</em></span> <span class='ocrx_word' id='word_1_423' title='bbox 1046 3010 1161 3074; x_wconf 81' lang='grc' dir='ltr'><em>τὴν</em></span> <span class='ocrx_word' id='word_1_424' title='bbox 1194 3008 1445 3075; x_wconf 88' lang='grc' dir='ltr'><em>θεότητα</em></span> <span class='ocrx_word' id='word_1_425' title='bbox 1490 3008 1597 3063; x_wconf 89' lang='grc' dir='ltr'><em>τοῦ</em></span> <span class='ocrx_word' id='word_1_426' title='bbox 1650 3008 1871 3075; x_wconf 87' lang='grc' dir='ltr'><em>Κυρίου</em></span> <span class='ocrx_word' id='word_1_427' title='bbox 1911 3008 2010 3061; x_wconf 78' lang='grc' dir='ltr'><em>καὶ</em></span> <span class='ocrx_word' id='word_1_428' title='bbox 2046 3006 2160 3075; x_wconf 84' lang='grc' dir='ltr'><em>τὴν</em></span> <span class='ocrx_word' id='word_1_429' title='bbox 2189 3004 2389 3073; x_wconf 81' lang='grc' dir='ltr'><em>σάρκα</em></span> <span class='ocrx_word' id='word_1_430' title='bbox 2420 3002 2559 3076; x_wconf 85' lang='grc' dir='ltr'><em>μιᾶς</em></span> <span class='ocrx_word' id='word_1_431' title='bbox 2586 3003 2825 3071; x_wconf 64' lang='grc' dir='ltr'><em>φύσεως</em></span> <span class='ocrx_word' id='word_1_432' title='bbox 2892 2997 3082 3055; x_wconf 72' lang='grc' dir='ltr'><em>εἰπεῖν</em></span> <span class='ocrx_word' id='word_1_433' title='bbox 3142 2997 3566 3067; x_wconf 53' lang='grc' dir='ltr'><em>ἐπεχείρησαν,</em></span> 
     </span>
    </p>
   </div>
   <div class='ocr_carea' id='block_1_55' title="bbox 279 3090 2745 3172">
    <p class='ocr_par' dir='ltr' id='par_1_55' title="bbox 279 3090 2745 3172">
     <span class='ocr_line' id='line_1_55' title="bbox 279 3090 2745 3172; baseline -0.001 -20"><span class='ocrx_word' id='word_1_434' title='bbox 279 3100 368 3153; x_wconf 79' lang='grc' dir='ltr'><strong><em>Τὰ</em></strong></span> <span class='ocrx_word' id='word_1_435' title='bbox 394 3100 535 3152; x_wconf 84' lang='grc' dir='ltr'><em>αὑτὰ</em></span> <span class='ocrx_word' id='word_1_436' title='bbox 560 3100 618 3153; x_wconf 84' lang='grc' dir='ltr'><strong><em>δὲ</em></strong></span> <span class='ocrx_word' id='word_1_437' title='bbox 648 3101 743 3155; x_wconf 72' lang='grc' dir='ltr'><em>καὶ</em></span> <span class='ocrx_word' id='word_1_438' title='bbox 795 3100 1130 3171; x_wconf 79' lang='grc' dir='ltr'><em>σαφέστερον</em></span> <span class='ocrx_word' id='word_1_439' title='bbox 1177 3090 1495 3165; x_wconf 82' lang='grc' dir='ltr'><em>’Λοανάσιος</em></span> <span class='ocrx_word' id='word_1_440' title='bbox 1536 3101 1593 3155; x_wconf 82' lang='grc' dir='ltr'><em>ὲν</em></span> <span class='ocrx_word' id='word_1_441' title='bbox 1623 3104 1689 3172; x_wconf 82' lang='grc' dir='ltr'><em>τῇ</em></span> <span class='ocrx_word' id='word_1_442' title='bbox 1728 3102 1867 3169; x_wconf 76' lang='grc' dir='ltr'><em>πρὸς</em></span> <span class='ocrx_word' id='word_1_443' title='bbox 1917 3100 2244 3171; x_wconf 82' lang='grc' dir='ltr'><em>Ἐπίκτητον</em></span> <span class='ocrx_word' id='word_1_444' title='bbox 2275 3098 2427 3165; x_wconf 87' lang='grc' dir='ltr'><em>λέγει</em></span> <span class='ocrx_word' id='word_1_445' title='bbox 2462 3095 2745 3165; x_wconf 73' lang='grc' dir='ltr'><em>ἐπιστολῇ.</em></span> 
     </span>
    </p>
   </div>
   <div class='ocr_carea' id='block_1_56' title="bbox 356 3181 1878 3266">
    <p class='ocr_par' dir='ltr' id='par_1_56' title="bbox 356 3191 1864 3266">
     <span class='ocr_line' id='line_1_56' title="bbox 356 3191 1864 3266; baseline 0.002 -21"><span class='ocrx_word' id='word_1_446' title='bbox 356 3191 546 3246; x_wconf 84' lang='grc' dir='ltr'><em>Ταῦτα</em></span> <span class='ocrx_word' id='word_1_447' title='bbox 571 3192 741 3246; x_wconf 78' lang='grc' dir='ltr'><em>εἰπὼν</em></span> <span class='ocrx_word' id='word_1_448' title='bbox 775 3196 801 3247; x_wconf 88' lang='grc' dir='ltr'><strong>ὁ</strong></span> <span class='ocrx_word' id='word_1_449' title='bbox 823 3196 1173 3265; x_wconf 72' lang='grc' dir='ltr'><em>συγγραφεὺς</em></span> <span class='ocrx_word' id='word_1_450' title='bbox 1218 3195 1418 3264; x_wconf 75' lang='grc' dir='ltr'><strong><em>ἑφεξῆς</em></strong></span> <span class='ocrx_word' id='word_1_451' title='bbox 1458 3196 1588 3266; x_wconf 71' lang='grc' dir='ltr'><em>περὶ</em></span> <span class='ocrx_word' id='word_1_452' title='bbox 1648 3194 1864 3263; x_wconf 81' lang='grc' dir='ltr'><em>φύσεως</em></span> 
     </span>
    </p>
   </div>
   <div class='ocr_carea' id='block_1_57' title="bbox 1983 3181 3569 3266">
    <p class='ocr_par' dir='ltr' id='par_1_57' title="bbox 2047 3181 3569 3264">
     <span class='ocr_line' id='line_1_57' title="bbox 2047 3181 3569 3264; baseline -0.011 -15"><span class='ocrx_word' id='word_1_453' title='bbox 2047 3193 2293 3264; x_wconf 83' lang='lat' dir='ltr'><strong><em>Scriptor</em></strong></span> <span class='ocrx_word' id='word_1_454' title='bbox 2321 3192 2579 3260; x_wconf 75' lang='lat' dir='ltr'><strong><em>deinceps</em></strong></span> <span class='ocrx_word' id='word_1_455' title='bbox 2602 3202 2793 3243; x_wconf 85' lang='lat' dir='ltr'><strong><em>natura</em></strong></span> <span class='ocrx_word' id='word_1_456' title='bbox 2817 3188 2931 3243; x_wconf 88' lang='lat' dir='ltr'><strong><em>sive</em></strong></span> <span class='ocrx_word' id='word_1_457' title='bbox 2953 3184 3279 3247; x_wconf 83' lang='lat' dir='ltr'><strong><em>substantia,</em></strong></span> <span class='ocrx_word' id='word_1_458' title='bbox 3303 3191 3358 3237; x_wconf 91' lang='lat' dir='ltr'><strong><em>et</em></strong></span> <span class='ocrx_word' id='word_1_459' title='bbox 3384 3182 3450 3236; x_wconf 90' lang='lat' dir='ltr'><strong><em>de</em></strong></span> <span class='ocrx_word' id='word_1_460' title='bbox 3468 3181 3569 3250; x_wconf 85' lang='lat' dir='ltr'><strong><em>by-</em></strong></span> 
     </span>
    </p>
   </div>
   <div class='ocr_carea' id='block_1_58' title="bbox 277 3285 1869 3358">
    <p class='ocr_par' dir='ltr' id='par_1_58' title="bbox 277 3285 1869 3358">
     <span class='ocr_line' id='line_1_58' title="bbox 277 3285 1869 3358; baseline 0.001 -21"><span class='ocrx_word' id='word_1_461' title='bbox 277 3286 403 3355; x_wconf 71' lang='grc' dir='ltr'><em>ἦτοι</em></span> <span class='ocrx_word' id='word_1_462' title='bbox 433 3285 625 3348; x_wconf 75' lang='grc' dir='ltr'><em>οὐσίας</em></span> <span class='ocrx_word' id='word_1_463' title='bbox 662 3286 757 3337; x_wconf 78' lang='grc' dir='ltr'><em>καὶ</em></span> <span class='ocrx_word' id='word_1_464' title='bbox 797 3287 927 3355; x_wconf 82' lang='grc' dir='ltr'><em>περὶ</em></span> <span class='ocrx_word' id='word_1_465' title='bbox 985 3286 1341 3348; x_wconf 80' lang='grc' dir='ltr'><em>ὑποστάσεως</em></span> <span class='ocrx_word' id='word_1_466' title='bbox 1391 3288 1515 3358; x_wconf 77' lang='grc' dir='ltr'><em>ἦτοι</em></span> <span class='ocrx_word' id='word_1_467' title='bbox 1574 3290 1869 3358; x_wconf 78' lang='grc' dir='ltr'><em>προσώπου</em></span> 
     </span>
    </p>
   </div>
   <div class='ocr_carea' id='block_1_59' title="bbox 278 3375 1874 3450">
    <p class='ocr_par' dir='ltr' id='par_1_59' title="bbox 278 3375 1874 3450">
     <span class='ocr_line' id='line_1_59' title="bbox 278 3375 1874 3450; baseline 0.003 -22"><span class='ocrx_word' id='word_1_468' title='bbox 278 3378 560 3445; x_wconf 76' lang='grc' dir='ltr'><em>πατρικὰς</em></span> <span class='ocrx_word' id='word_1_469' title='bbox 604 3375 847 3447; x_wconf 67' lang='lat'><strong><em>[41411.]</em></strong></span> <span class='ocrx_word' id='word_1_470' title='bbox 923 3377 1254 3448; x_wconf 81' lang='grc' dir='ltr'><em>προκομίζει</em></span> <span class='ocrx_word' id='word_1_471' title='bbox 1285 3379 1615 3450; x_wconf 77' lang='grc' dir='ltr'><em>μαρτυρίας,</em></span> <span class='ocrx_word' id='word_1_472' title='bbox 1684 3379 1760 3441; x_wconf 81' lang='grc' dir='ltr'><em>ὡς</em></span> <span class='ocrx_word' id='word_1_473' title='bbox 1814 3379 1874 3432; x_wconf 81' lang='grc' dir='ltr'><em>τὸ</em></span> 
     </span>
    </p>
   </div>
   <div class='ocr_carea' id='block_1_60' title="bbox 281 3469 1870 3541">
    <p class='ocr_par' dir='ltr' id='par_1_60' title="bbox 281 3469 1870 3541">
     <span class='ocr_line' id='line_1_60' title="bbox 281 3469 1870 3541; baseline 0.005 -23"><span class='ocrx_word' id='word_1_474' title='bbox 281 3470 462 3519; x_wconf 78' lang='grc' dir='ltr'><em>κοινὸν</em></span> <span class='ocrx_word' id='word_1_475' title='bbox 498 3469 593 3537; x_wconf 79' lang='grc' dir='ltr'><em>μὲν</em></span> <span class='ocrx_word' id='word_1_476' title='bbox 625 3469 871 3522; x_wconf 81' lang='grc' dir='ltr'><em>καλεῖται</em></span> <span class='ocrx_word' id='word_1_477' title='bbox 901 3471 997 3522; x_wconf 75' lang='grc' dir='ltr'><em>καὶ</em></span> <span class='ocrx_word' id='word_1_478' title='bbox 1035 3471 1199 3537; x_wconf 85' lang='grc' dir='ltr'><em>φύσις</em></span> <span class='ocrx_word' id='word_1_479' title='bbox 1231 3473 1327 3525; x_wconf 71' lang='grc' dir='ltr'><em>καὶ</em></span> <span class='ocrx_word' id='word_1_480' title='bbox 1356 3472 1512 3541; x_wconf 89' lang='grc' dir='ltr'><em>γένος</em></span> <span class='ocrx_word' id='word_1_481' title='bbox 1535 3473 1629 3526; x_wconf 77' lang='grc' dir='ltr'><em>καὶ</em></span> <span class='ocrx_word' id='word_1_482' title='bbox 1688 3473 1870 3537; x_wconf 74' lang='grc' dir='ltr'><em>οὐσία,</em></span> 
     </span>
    </p>
   </div>
   <div class='ocr_carea' id='block_1_61' title="bbox 282 3556 1873 3635">
    <p class='ocr_par' dir='ltr' id='par_1_61' title="bbox 282 3556 1873 3635">
     <span class='ocr_line' id='line_1_61' title="bbox 282 3556 1873 3635; baseline 0.005 -26"><span class='ocrx_word' id='word_1_483' title='bbox 282 3556 585 3621; x_wconf 77' lang='grc' dir='ltr'><em>ὑπόστασις</em></span> <span class='ocrx_word' id='word_1_484' title='bbox 611 3559 668 3611; x_wconf 81' lang='grc' dir='ltr'>δὲ</span> <span class='ocrx_word' id='word_1_485' title='bbox 710 3560 805 3611; x_wconf 74' lang='grc' dir='ltr'><em>καὶ</em></span> <span class='ocrx_word' id='word_1_486' title='bbox 833 3562 1124 3630; x_wconf 80' lang='grc' dir='ltr'><em>πρόσωπον</em></span> <span class='ocrx_word' id='word_1_487' title='bbox 1156 3563 1216 3615; x_wconf 84' lang='grc' dir='ltr'><em>τὸ</em></span> <span class='ocrx_word' id='word_1_488' title='bbox 1272 3563 1459 3616; x_wconf 73' lang='grc' dir='ltr'><em>εδικόν.</em></span> <span class='ocrx_word' id='word_1_489' title='bbox 1523 3566 1633 3617; x_wconf 74' lang='grc' dir='ltr'><strong><em>Καὶ</em></strong></span> <span class='ocrx_word' id='word_1_490' title='bbox 1682 3582 1873 3635; x_wconf 88' lang='grc' dir='ltr'><em>κυριο-</em></span> 
     </span>
    </p>
   </div>
   <div class='ocr_carea' id='block_1_62' title="bbox 280 3649 1876 3723">
    <p class='ocr_par' dir='ltr' id='par_1_62' title="bbox 280 3649 1876 3723">
     <span class='ocr_line' id='line_1_62' title="bbox 280 3649 1876 3723; baseline 0.005 -23"><span class='ocrx_word' id='word_1_491' title='bbox 280 3649 469 3702; x_wconf 73' lang='grc' dir='ltr'><em>λεκτεί</em></span> <span class='ocrx_word' id='word_1_492' title='bbox 498 3649 596 3719; x_wconf 82' lang='grc' dir='ltr'><em>μὲν</em></span> <span class='ocrx_word' id='word_1_493' title='bbox 619 3652 647 3703; x_wconf 85' lang='lat'><strong><em>6</em></strong></span> <span class='ocrx_word' id='word_1_494' title='bbox 680 3651 854 3719; x_wconf 87' lang='grc' dir='ltr'><em>λέγων</em></span> <span class='ocrx_word' id='word_1_495' title='bbox 880 3653 980 3723; x_wconf 87' lang='grc' dir='ltr'><em>τὴν</em></span> <span class='ocrx_word' id='word_1_496' title='bbox 1033 3653 1200 3721; x_wconf 81' lang='grc' dir='ltr'><em>φύσιν</em></span> <span class='ocrx_word' id='word_1_497' title='bbox 1267 3654 1455 3708; x_wconf 79' lang='grc' dir='ltr'><em>οὐσίαν</em></span> <span class='ocrx_word' id='word_1_498' title='bbox 1491 3657 1586 3709; x_wconf 81' lang='grc' dir='ltr'><em>καὶ</em></span> <span class='ocrx_word' id='word_1_499' title='bbox 1634 3657 1692 3708; x_wconf 71' lang='grc' dir='ltr'><em>τδ</em></span> <span class='ocrx_word' id='word_1_500' title='bbox 1746 3656 1876 3708; x_wconf 82' lang='grc' dir='ltr'><em>ἀνά-</em></span> 
     </span>
    </p>
   </div>
   <div class='ocr_carea' id='block_1_63' title="bbox 283 3741 1870 3816">
    <p class='ocr_par' dir='ltr' id='par_1_63' title="bbox 283 3741 1870 3816">
     <span class='ocr_line' id='line_1_63' title="bbox 283 3741 1870 3816; baseline 0.004 -23"><span class='ocrx_word' id='word_1_501' title='bbox 283 3741 469 3807; x_wconf 84' lang='grc' dir='ltr'><em>παλιν,</em></span> <span class='ocrx_word' id='word_1_502' title='bbox 506 3743 965 3813; x_wconf 75' lang='grc' dir='ltr'><em>καταχρηστικῶς</em></span> <span class='ocrx_word' id='word_1_503' title='bbox 988 3744 1043 3796; x_wconf 78' lang='grc' dir='ltr'><strong><em>δὲ</em></strong></span> <span class='ocrx_word' id='word_1_504' title='bbox 1065 3744 1289 3798; x_wconf 76' lang='grc' dir='ltr'><em>δύναταί</em></span> <span class='ocrx_word' id='word_1_505' title='bbox 1325 3763 1409 3808; x_wconf 84' lang='grc' dir='ltr'><strong><em>τις</em></strong></span> <span class='ocrx_word' id='word_1_506' title='bbox 1434 3746 1741 3816; x_wconf 79' lang='grc' dir='ltr'><em>λαμϐάνειν</em></span> <span class='ocrx_word' id='word_1_507' title='bbox 1775 3748 1870 3800; x_wconf 75' lang='grc' dir='ltr'><em>καὶ</em></span> 
     </span>
    </p>
   </div>
   <div class='ocr_carea' id='block_1_64' title="bbox 281 3831 1871 3908">
    <p class='ocr_par' dir='ltr' id='par_1_64' title="bbox 281 3831 1871 3908">
     <span class='ocr_line' id='line_1_64' title="bbox 281 3831 1871 3908; baseline 0.006 -26"><span class='ocrx_word' id='word_1_508' title='bbox 281 3831 347 3883; x_wconf 85' lang='grc' dir='ltr'><em>τὸ</em></span> <span class='ocrx_word' id='word_1_509' title='bbox 372 3831 473 3901; x_wconf 84' lang='grc' dir='ltr'><em>τῆς</em></span> <span class='ocrx_word' id='word_1_510' title='bbox 496 3832 711 3899; x_wconf 83' lang='grc' dir='ltr'><em>φύσεως</em></span> <span class='ocrx_word' id='word_1_511' title='bbox 736 3834 907 3904; x_wconf 77' lang='grc' dir='ltr'><em>ὄνομα</em></span> <span class='ocrx_word' id='word_1_512' title='bbox 936 3836 1059 3889; x_wconf 77' lang='grc' dir='ltr'><em>ἀντὶ</em></span> <span class='ocrx_word' id='word_1_513' title='bbox 1103 3837 1481 3900; x_wconf 77' lang='grc' dir='ltr'><em>ὑποστάσεως.</em></span> <span class='ocrx_word' id='word_1_514' title='bbox 1540 3840 1633 3890; x_wconf 86' lang='grc' dir='ltr'><strong><em>Δεῖ</em></strong></span> <span class='ocrx_word' id='word_1_515' title='bbox 1688 3840 1871 3908; x_wconf 86' lang='grc' dir='ltr'><em>μέντοι</em></span> 
     </span>
    </p>
   </div>
   <div class='ocr_carea' id='block_1_65' title="bbox 283 3922 1868 3998">
    <p class='ocr_par' dir='ltr' id='par_1_65' title="bbox 283 3922 1868 3998">
     <span class='ocr_line' id='line_1_65' title="bbox 283 3922 1868 3998; baseline 0.005 -25"><span class='ocrx_word' id='word_1_516' title='bbox 283 3939 351 3988; x_wconf 88' lang='grc' dir='ltr'><strong><em>γε</em></strong></span> <span class='ocrx_word' id='word_1_517' title='bbox 383 3922 482 3985; x_wconf 77' lang='grc' dir='ltr'><em>τὰς</em></span> <span class='ocrx_word' id='word_1_518' title='bbox 496 3923 670 3989; x_wconf 78' lang='grc' dir='ltr'><em>λέξεις</em></span> <span class='ocrx_word' id='word_1_519' title='bbox 699 3924 758 3976; x_wconf 90' lang='grc' dir='ltr'><strong><em>οὐ</em></strong></span> <span class='ocrx_word' id='word_1_520' title='bbox 788 3925 921 3996; x_wconf 83' lang='grc' dir='ltr'><em>πρὸς</em></span> <span class='ocrx_word' id='word_1_521' title='bbox 938 3925 1038 3998; x_wconf 78' lang='grc' dir='ltr'><em>τὴν</em></span> <span class='ocrx_word' id='word_1_522' title='bbox 1055 3928 1164 3980; x_wconf 87' lang='grc' dir='ltr'><em>τῶν</em></span> <span class='ocrx_word' id='word_1_523' title='bbox 1190 3927 1529 3981; x_wconf 86' lang='grc' dir='ltr'><em>ἀσεϐούντων</em></span> <span class='ocrx_word' id='word_1_524' title='bbox 1558 3928 1813 3998; x_wconf 84' lang='grc' dir='ltr'><em>βούλησιν</em></span> <span class='ocrx_word' id='word_1_525' title='bbox 1826 3930 1868 3995; x_wconf 84' lang='grc'><em>⁸,</em></span> 
     </span>
    </p>
   </div>
   <div class='ocr_carea' id='block_1_66' title="bbox 284 4013 1873 4087">
    <p class='ocr_par' dir='ltr' id='par_1_66' title="bbox 284 4013 1873 4087">
     <span class='ocr_line' id='line_1_66' title="bbox 284 4013 1873 4087; baseline 0.004 -22"><span class='ocrx_word' id='word_1_526' title='bbox 284 4013 426 4083; x_wconf 78' lang='grc' dir='ltr'><em>πρὸς</em></span> <span class='ocrx_word' id='word_1_527' title='bbox 446 4014 504 4067; x_wconf 84' lang='grc' dir='ltr'>δὲ</span> <span class='ocrx_word' id='word_1_528' title='bbox 541 4015 638 4086; x_wconf 80' lang='grc' dir='ltr'><em>τὴν</em></span> <span class='ocrx_word' id='word_1_529' title='bbox 668 4016 765 4086; x_wconf 82' lang='grc' dir='ltr'><em>τῆς</em></span> <span class='ocrx_word' id='word_1_530' title='bbox 793 4017 1081 4080; x_wconf 87' lang='grc' dir='ltr'><em>εὐσεϐείας</em></span> <span class='ocrx_word' id='word_1_531' title='bbox 1106 4018 1407 4087; x_wconf 81' lang='grc' dir='ltr'><em>λαμϐάνειν</em></span> <span class='ocrx_word' id='word_1_532' title='bbox 1456 4020 1715 4073; x_wconf 83' lang='grc' dir='ltr'><em>διάνοιαν.</em></span> <span class='ocrx_word' id='word_1_533' title='bbox 1766 4021 1873 4072; x_wconf 75' lang='grc' dir='ltr'><strong><em>Καὶ</em></strong></span> 
     </span>
    </p>
   </div>
   <div class='ocr_carea' id='block_1_67' title="bbox 284 4104 1870 4182">
    <p class='ocr_par' dir='ltr' id='par_1_67' title="bbox 284 4104 1870 4182">
     <span class='ocr_line' id='line_1_67' title="bbox 284 4104 1870 4182; baseline 0.005 -25"><span class='ocrx_word' id='word_1_534' title='bbox 284 4107 336 4157; x_wconf 75' lang='grc' dir='ltr'><strong><em>ει</em></strong></span> <span class='ocrx_word' id='word_1_535' title='bbox 370 4104 472 4174; x_wconf 81' lang='grc' dir='ltr'><em>μὲν</em></span> <span class='ocrx_word' id='word_1_536' title='bbox 503 4108 597 4159; x_wconf 73' lang='grc' dir='ltr'><strong><em>ἐπὶ</em></strong></span> <span class='ocrx_word' id='word_1_537' title='bbox 624 4107 920 4176; x_wconf 84' lang='grc' dir='ltr'><em>προσώπου</em></span> <span class='ocrx_word' id='word_1_538' title='bbox 942 4109 1161 4175; x_wconf 81' lang='grc' dir='ltr'><em>λέγεται</em></span> <span class='ocrx_word' id='word_1_539' title='bbox 1188 4113 1219 4180; x_wconf 82' lang='grc' dir='ltr'>ἡ</span> <span class='ocrx_word' id='word_1_540' title='bbox 1254 4110 1405 4182; x_wconf 83' lang='grc' dir='ltr'><em>φωνὴ</em></span> <span class='ocrx_word' id='word_1_541' title='bbox 1428 4112 1520 4163; x_wconf 73' lang='grc' dir='ltr'><em>καὶ</em></span> <span class='ocrx_word' id='word_1_542' title='bbox 1549 4111 1643 4162; x_wconf 81' lang='grc' dir='ltr'><em>τοῦ</em></span> <span class='ocrx_word' id='word_1_543' title='bbox 1671 4112 1870 4166; x_wconf 85' lang='grc' dir='ltr'><em>ἀποτε-</em></span> 
     </span>
    </p>
   </div>
   <div class='ocr_carea' id='block_1_68' title="bbox 282 4196 1871 4273">
    <p class='ocr_par' dir='ltr' id='par_1_68' title="bbox 282 4196 1871 4273">
     <span class='ocr_line' id='line_1_68' title="bbox 282 4196 1871 4273; baseline 0.006 -26"><span class='ocrx_word' id='word_1_544' title='bbox 282 4196 568 4259; x_wconf 80' lang='grc' dir='ltr'><em>λεσθέντος</em></span> <span class='ocrx_word' id='word_1_545' title='bbox 597 4198 743 4268; x_wconf 72' lang='grc' dir='ltr'><em>ἑνὸς,</em></span> <span class='ocrx_word' id='word_1_546' title='bbox 779 4200 903 4253; x_wconf 72' lang='grc' dir='ltr'><em>ἀντὶ</em></span> <span class='ocrx_word' id='word_1_547' title='bbox 934 4200 1291 4264; x_wconf 76' lang='grc' dir='ltr'><em>ὑποστάσεως</em></span> <span class='ocrx_word' id='word_1_548' title='bbox 1338 4200 1421 4252; x_wconf 84' lang='grc' dir='ltr'><strong><em>δεῖ</em></strong></span> <span class='ocrx_word' id='word_1_549' title='bbox 1465 4202 1871 4273; x_wconf 58' lang='grc' dir='ltr'><em>παραδέχεσθαι</em></span> 
     </span>
    </p>
   </div>
   <div class='ocr_carea' id='block_1_69' title="bbox 279 4288 1875 4363">
    <p class='ocr_par' dir='ltr' id='par_1_69' title="bbox 279 4288 1875 4363">
     <span class='ocr_line' id='line_1_69' title="bbox 279 4288 1875 4363; baseline 0.005 -23"><span class='ocrx_word' id='word_1_550' title='bbox 279 4288 345 4341; x_wconf 82' lang='grc' dir='ltr'><em>τὸ</em></span> <span class='ocrx_word' id='word_1_551' title='bbox 369 4291 469 4359; x_wconf 83' lang='grc' dir='ltr'><em>τῆς</em></span> <span class='ocrx_word' id='word_1_552' title='bbox 498 4289 717 4356; x_wconf 81' lang='grc' dir='ltr'><em>φύσεως</em></span> <span class='ocrx_word' id='word_1_553' title='bbox 745 4290 919 4360; x_wconf 81' lang='grc' dir='ltr'><em>ὄνομα</em></span> <span class='ocrx_word' id='word_1_554' title='bbox 947 4307 959 4320; x_wconf 84' lang='grc'><em>’</em></span> <span class='ocrx_word' id='word_1_555' title='bbox 994 4292 1042 4344; x_wconf 88' lang='grc' dir='ltr'><em>εἰ</em></span> <span class='ocrx_word' id='word_1_556' title='bbox 1073 4292 1130 4345; x_wconf 75' lang='grc' dir='ltr'><strong><em>δὲ</em></strong></span> <span class='ocrx_word' id='word_1_557' title='bbox 1158 4293 1287 4363; x_wconf 80' lang='grc' dir='ltr'><strong><em>περί¹</em></strong></span> <span class='ocrx_word' id='word_1_558' title='bbox 1314 4292 1422 4346; x_wconf 85' lang='grc' dir='ltr'><em>τῶν</em></span> <span class='ocrx_word' id='word_1_559' title='bbox 1448 4293 1508 4357; x_wconf 81' lang='grc' dir='ltr'>ἐξ</span> <span class='ocrx_word' id='word_1_560' title='bbox 1565 4288 1639 4347; x_wconf 80' lang='grc' dir='ltr'><em>ὧν</em></span> <span class='ocrx_word' id='word_1_561' title='bbox 1678 4296 1875 4348; x_wconf 84' lang='grc' dir='ltr'><em>ἀπετε-</em></span> 
     </span>
    </p>
   </div>
   <div class='ocr_carea' id='block_1_70' title="bbox 280 4376 1874 4457">
    <p class='ocr_par' dir='ltr' id='par_1_70' title="bbox 280 4376 1874 4457">
     <span class='ocr_line' id='line_1_70' title="bbox 280 4376 1874 4457; baseline 0.007 -28"><span class='ocrx_word' id='word_1_562' title='bbox 280 4376 450 4448; x_wconf 84' lang='grc' dir='ltr'><em>λέσθη</em></span> <span class='ocrx_word' id='word_1_563' title='bbox 484 4378 701 4447; x_wconf 82' lang='grc' dir='ltr'><em>φύσεων</em></span> <span class='ocrx_word' id='word_1_564' title='bbox 731 4382 759 4433; x_wconf 89' lang='lat'><strong><em>6</em></strong></span> <span class='ocrx_word' id='word_1_565' title='bbox 796 4378 875 4442; x_wconf 72' lang='grc' dir='ltr'><em>εἷς</em></span> <span class='ocrx_word' id='word_1_566' title='bbox 909 4381 1169 4451; x_wconf 84' lang='grc' dir='ltr'><em>Χριστὸς,</em></span> <span class='ocrx_word' id='word_1_567' title='bbox 1222 4383 1343 4437; x_wconf 80' lang='grc' dir='ltr'><em>τότε</em></span> <span class='ocrx_word' id='word_1_568' title='bbox 1378 4384 1477 4454; x_wconf 86' lang='grc' dir='ltr'><em>τὴν</em></span> <span class='ocrx_word' id='word_1_569' title='bbox 1532 4386 1718 4455; x_wconf 74' lang='grc' dir='ltr'><em>φωνὴν</em></span> <span class='ocrx_word' id='word_1_570' title='bbox 1773 4387 1874 4457; x_wconf 85' lang='grc' dir='ltr'><em>τῆς</em></span> 
     </span>
    </p>
   </div>
   <div class='ocr_carea' id='block_1_71' title="bbox 281 4471 1872 4548">
    <p class='ocr_par' dir='ltr' id='par_1_71' title="bbox 281 4471 1872 4548">
     <span class='ocr_line' id='line_1_71' title="bbox 281 4471 1872 4548; baseline 0.006 -26"><span class='ocrx_word' id='word_1_571' title='bbox 281 4471 507 4539; x_wconf 74' lang='grc' dir='ltr'><em>φύσεως</em></span> <span class='ocrx_word' id='word_1_572' title='bbox 552 4473 675 4525; x_wconf 76' lang='grc' dir='ltr'><em>ἀντὶ</em></span> <span class='ocrx_word' id='word_1_573' title='bbox 732 4474 833 4544; x_wconf 80' lang='grc' dir='ltr'><em>τῆς</em></span> <span class='ocrx_word' id='word_1_574' title='bbox 866 4475 1064 4544; x_wconf 79' lang='grc' dir='ltr'><em>κυρίας</em></span> <span class='ocrx_word' id='word_1_575' title='bbox 1115 4474 1331 4545; x_wconf 82' lang='grc' dir='ltr'><em>φύσεως</em></span> <span class='ocrx_word' id='word_1_576' title='bbox 1389 4478 1487 4531; x_wconf 76' lang='grc' dir='ltr'><em>καὶ</em></span> <span class='ocrx_word' id='word_1_577' title='bbox 1534 4479 1635 4548; x_wconf 84' lang='grc' dir='ltr'><em>τῆς</em></span> <span class='ocrx_word' id='word_1_578' title='bbox 1684 4480 1872 4542; x_wconf 79' lang='grc' dir='ltr'><em>οὐσίας</em></span> 
     </span>
    </p>
   </div>
   <div class='ocr_carea' id='block_1_72' title="bbox 1976 3272 3565 3354">
    <p class='ocr_par' dir='ltr' id='par_1_72' title="bbox 1976 3272 3565 3354">
     <span class='ocr_line' id='line_1_72' title="bbox 1976 3272 3565 3354; baseline -0.009 -14"><span class='ocrx_word' id='word_1_579' title='bbox 1976 3284 2185 3354; x_wconf 87' lang='lat' dir='ltr'><strong><em>postasi</em></strong></span> <span class='ocrx_word' id='word_1_580' title='bbox 2219 3284 2335 3337; x_wconf 84' lang='lat' dir='ltr'><strong><em>sive</em></strong></span> <span class='ocrx_word' id='word_1_581' title='bbox 2376 3295 2632 3351; x_wconf 84' lang='lat' dir='ltr'><strong><em>persona,</em></strong></span> <span class='ocrx_word' id='word_1_582' title='bbox 2666 3278 2887 3332; x_wconf 82' lang='lat' dir='ltr'><strong><em>Patrum</em></strong></span> <span class='ocrx_word' id='word_1_583' title='bbox 2928 3275 3195 3330; x_wconf 85' lang='lat' dir='ltr'><strong><em>adhibens</em></strong></span> <span class='ocrx_word' id='word_1_584' title='bbox 3232 3272 3565 3336; x_wconf 88' lang='lat' dir='ltr'><strong><em>testimonia,</em></strong></span> 
     </span>
    </p>
   </div>
   <div class='ocr_carea' id='block_1_73' title="bbox 1979 3375 3565 3446">
    <p class='ocr_par' dir='ltr' id='par_1_73' title="bbox 1979 3375 3565 3446">
     <span class='ocr_line' id='line_1_73' title="bbox 1979 3375 3565 3446; baseline -0.009 -15"><span class='ocrx_word' id='word_1_585' title='bbox 1979 3386 2038 3431; x_wconf 90' lang='lat' dir='ltr'><strong><em>ut</em></strong></span> <span class='ocrx_word' id='word_1_586' title='bbox 2060 3375 2205 3446; x_wconf 89' lang='lat' dir='ltr'><strong><em>quod</em></strong></span> <span class='ocrx_word' id='word_1_587' title='bbox 2236 3386 2525 3429; x_wconf 83' lang='lat' dir='ltr'><strong><em>commune</em></strong></span> <span class='ocrx_word' id='word_1_588' title='bbox 2549 3381 2634 3425; x_wconf 87' lang='lat' dir='ltr'><strong><em>est</em></strong></span> <span class='ocrx_word' id='word_1_589' title='bbox 2659 3378 2883 3425; x_wconf 82' lang='lat' dir='ltr'><strong><em>vocetur</em></strong></span> <span class='ocrx_word' id='word_1_590' title='bbox 2913 3377 3128 3430; x_wconf 89' lang='lat' dir='ltr'><strong><em>natura,</em></strong></span> <span class='ocrx_word' id='word_1_591' title='bbox 3162 3380 3355 3436; x_wconf 84' lang='lat' dir='ltr'><strong><em>genus,</em></strong></span> <span class='ocrx_word' id='word_1_592' title='bbox 3376 3379 3565 3419; x_wconf 88' lang='lat' dir='ltr'><strong><em>essen-</em></strong></span> 
     </span>
    </p>
   </div>
   <div class='ocr_carea' id='block_1_74' title="bbox 1979 3458 3563 3536">
    <p class='ocr_par' dir='ltr' id='par_1_74' title="bbox 1979 3458 3563 3536">
     <span class='ocr_line' id='line_1_74' title="bbox 1979 3458 3563 3536; baseline -0.01 -12"><span class='ocrx_word' id='word_1_593' title='bbox 1979 3470 2081 3534; x_wconf 88' lang='lat' dir='ltr'><strong><em>tia;</em></strong></span> <span class='ocrx_word' id='word_1_594' title='bbox 2104 3467 2247 3536; x_wconf 86' lang='lat' dir='ltr'><strong><em>quod</em></strong></span> <span class='ocrx_word' id='word_1_595' title='bbox 2279 3481 2408 3519; x_wconf 85' lang='lat' dir='ltr'><strong><em>vero</em></strong></span> <span class='ocrx_word' id='word_1_596' title='bbox 2444 3463 2723 3533; x_wconf 83' lang='lat' dir='ltr'><strong><em>proprium</em></strong></span> <span class='ocrx_word' id='word_1_597' title='bbox 2760 3468 2865 3523; x_wconf 83' lang='lat' dir='ltr'><strong><em>est,</em></strong></span> <span class='ocrx_word' id='word_1_598' title='bbox 2902 3458 3219 3528; x_wconf 86' lang='lat' dir='ltr'><strong><em>byposlasis</em></strong></span> <span class='ocrx_word' id='word_1_599' title='bbox 3243 3464 3296 3510; x_wconf 87' lang='lat' dir='ltr'><strong><em>ct</em></strong></span> <span class='ocrx_word' id='word_1_600' title='bbox 3331 3470 3563 3526; x_wconf 76' lang='lat' dir='ltr'><strong><em>persona</em></strong></span> 
     </span>
    </p>
   </div>
   <div class='ocr_carea' id='block_1_75' title="bbox 1979 3548 3563 3627">
    <p class='ocr_par' dir='ltr' id='par_1_75' title="bbox 1979 3548 3563 3627">
     <span class='ocr_line' id='line_1_75' title="bbox 1979 3548 3563 3627; baseline -0.01 -13"><span class='ocrx_word' id='word_1_601' title='bbox 1979 3572 2202 3614; x_wconf 79' lang='lat' dir='ltr'><strong><em>vocetur</em></strong></span> <span class='ocrx_word' id='word_1_602' title='bbox 2233 3566 2286 3611; x_wconf 88' lang='lat' dir='ltr'><strong><em>et</em></strong></span> <span class='ocrx_word' id='word_1_603' title='bbox 2312 3556 2531 3627; x_wconf 88' lang='lat' dir='ltr'><strong><em>proprie</em></strong></span> <span class='ocrx_word' id='word_1_604' title='bbox 2561 3553 2781 3623; x_wconf 83' lang='lat' dir='ltr'><strong><em>quidem</em></strong></span> <span class='ocrx_word' id='word_1_605' title='bbox 2832 3550 3092 3619; x_wconf 79' lang='lat' dir='ltr'><strong><em>loquitur,</em></strong></span> <span class='ocrx_word' id='word_1_606' title='bbox 3137 3564 3261 3603; x_wconf 90' lang='lat' dir='ltr'><strong><em>cum</em></strong></span> <span class='ocrx_word' id='word_1_607' title='bbox 3306 3548 3563 3603; x_wconf 83' lang='lat' dir='ltr'><strong><em>substan—</em></strong></span> 
     </span>
    </p>
   </div>
   <div class='ocr_carea' id='block_1_76' title="bbox 1978 3640 3561 3708">
    <p class='ocr_par' dir='ltr' id='par_1_76' title="bbox 1978 3640 3561 3708">
     <span class='ocr_line' id='line_1_76' title="bbox 1978 3640 3561 3708; baseline -0.012 -1"><span class='ocrx_word' id='word_1_608' title='bbox 1978 3654 2108 3707; x_wconf 88' lang='lat' dir='ltr'><strong><em>tiam</em></strong></span> <span class='ocrx_word' id='word_1_609' title='bbox 2132 3650 2265 3705; x_wconf 83' lang='lat' dir='ltr'><strong><em>dicit</em></strong></span> <span class='ocrx_word' id='word_1_610' title='bbox 2298 3648 2614 3708; x_wconf 84' lang='lat' dir='ltr'><strong><em>essentiam,</em></strong></span> <span class='ocrx_word' id='word_1_611' title='bbox 2648 3652 2701 3698; x_wconf 86' lang='lat' dir='ltr'><strong><em>et</em></strong></span> <span class='ocrx_word' id='word_1_612' title='bbox 2743 3644 2859 3697; x_wconf 85' lang='lat' dir='ltr'><strong><em>vice</em></strong></span> <span class='ocrx_word' id='word_1_613' title='bbox 2897 3656 3074 3697; x_wconf 86' lang='lat' dir='ltr'><strong><em>versa.</em></strong></span> <span class='ocrx_word' id='word_1_614' title='bbox 3107 3640 3349 3694; x_wconf 74' lang='lat' dir='ltr'><strong><em>Altusive</em></strong></span> <span class='ocrx_word' id='word_1_615' title='bbox 3379 3647 3561 3691; x_wconf 87' lang='lat' dir='ltr'><strong><em>autem</em></strong></span> 
     </span>
    </p>
   </div>
   <div class='ocr_carea' id='block_1_77' title="bbox 1980 3727 3561 3808">
    <p class='ocr_par' dir='ltr' id='par_1_77' title="bbox 1980 3727 3561 3808">
     <span class='ocr_line' id='line_1_77' title="bbox 1980 3727 3561 3808; baseline -0.009 -13"><span class='ocrx_word' id='word_1_616' title='bbox 1980 3756 2172 3808; x_wconf 81' lang='lat' dir='ltr'><strong><em>capere</em></strong></span> <span class='ocrx_word' id='word_1_617' title='bbox 2223 3740 2345 3807; x_wconf 88' lang='lat' dir='ltr'><strong><em>quis</em></strong></span> <span class='ocrx_word' id='word_1_618' title='bbox 2393 3744 2570 3807; x_wconf 74' lang='lat' dir='ltr'><strong><em>potest</em></strong></span> <span class='ocrx_word' id='word_1_619' title='bbox 2627 3744 2835 3787; x_wconf 65' lang='lat' dir='ltr'><strong><em>natura“;</em></strong></span> <span class='ocrx_word' id='word_1_620' title='bbox 2866 3746 3063 3786; x_wconf 85' lang='lat' dir='ltr'><strong><em>nomen</em></strong></span> <span class='ocrx_word' id='word_1_621' title='bbox 3117 3746 3215 3800; x_wconf 90' lang='lat' dir='ltr'><strong><em>pro</em></strong></span> <span class='ocrx_word' id='word_1_622' title='bbox 3261 3727 3561 3799; x_wconf 84' lang='lat' dir='ltr'><strong><em>bypostasi,</em></strong></span> 
     </span>
    </p>
   </div>
   <div class='ocr_carea' id='block_1_78' title="bbox 1977 3820 3563 3902">
    <p class='ocr_par' dir='ltr' id='par_1_78' title="bbox 1977 3820 3563 3902">
     <span class='ocr_line' id='line_1_78' title="bbox 1977 3820 3563 3902; baseline -0.009 -15"><span class='ocrx_word' id='word_1_623' title='bbox 1977 3842 2186 3902; x_wconf 82' lang='lat' dir='ltr'><strong><em>Oportet</em></strong></span> <span class='ocrx_word' id='word_1_624' title='bbox 2227 3843 2400 3885; x_wconf 67' lang='lat' dir='ltr'><strong><em>tamen</em></strong></span> <span class='ocrx_word' id='word_1_625' title='bbox 2450 3844 2555 3881; x_wconf 88' lang='lat' dir='ltr'><strong><em>non</em></strong></span> <span class='ocrx_word' id='word_1_626' title='bbox 2606 3827 2673 3880; x_wconf 89' lang='lat' dir='ltr'><strong><em>ad</em></strong></span> <span class='ocrx_word' id='word_1_627' title='bbox 2706 3826 2993 3895; x_wconf 85' lang='lat' dir='ltr'><strong><em>impiorum</em></strong></span> <span class='ocrx_word' id='word_1_628' title='bbox 3030 3822 3332 3883; x_wconf 83' lang='lat' dir='ltr'><strong><em>libidinem,</em></strong></span> <span class='ocrx_word' id='word_1_629' title='bbox 3366 3822 3458 3875; x_wconf 83' lang='lat' dir='ltr'><strong><em>sed</em></strong></span> <span class='ocrx_word' id='word_1_630' title='bbox 3494 3820 3563 3874; x_wconf 85' lang='lat' dir='ltr'><strong><em>ad</em></strong></span> 
     </span>
    </p>
   </div>
   <div class='ocr_carea' id='block_1_79' title="bbox 1978 3912 3565 3993">
    <p class='ocr_par' dir='ltr' id='par_1_79' title="bbox 1978 3912 3565 3993">
     <span class='ocr_line' id='line_1_79' title="bbox 1978 3912 3565 3993; baseline -0.01 -12"><span class='ocrx_word' id='word_1_631' title='bbox 1978 3942 2195 3982; x_wconf 85' lang='lat' dir='ltr'><strong><em>sensum</em></strong></span> <span class='ocrx_word' id='word_1_632' title='bbox 2224 3925 2435 3993; x_wconf 83' lang='lat' dir='ltr'><strong><em>piorum</em></strong></span> <span class='ocrx_word' id='word_1_633' title='bbox 2467 3919 2786 3987; x_wconf 84' lang='lat' dir='ltr'><strong><em>intelligere,</em></strong></span> <span class='ocrx_word' id='word_1_634' title='bbox 2820 3919 2884 3971; x_wconf 88' lang='lat' dir='ltr'><strong><em>de</em></strong></span> <span class='ocrx_word' id='word_1_635' title='bbox 2913 3930 3145 3985; x_wconf 88' lang='lat' dir='ltr'><strong><em>persona</em></strong></span> <span class='ocrx_word' id='word_1_636' title='bbox 3173 3914 3393 3983; x_wconf 85' lang='lat' dir='ltr'><strong><em>quidem</em></strong></span> <span class='ocrx_word' id='word_1_637' title='bbox 3420 3912 3565 3965; x_wconf 84' lang='lat' dir='ltr'><strong><em>allir-</em></strong></span> 
     </span>
    </p>
   </div>
   <div class='ocr_carea' id='block_1_80' title="bbox 1979 4007 3573 4079">
    <p class='ocr_par' dir='ltr' id='par_1_80' title="bbox 1979 4007 3573 4079">
     <span class='ocr_line' id='line_1_80' title="bbox 1979 4007 3573 4079; baseline -0.011 -6"><span class='ocrx_word' id='word_1_638' title='bbox 1979 4028 2158 4073; x_wconf 85' lang='lat' dir='ltr'><strong><em>matur</em></strong></span> <span class='ocrx_word' id='word_1_639' title='bbox 2192 4018 2293 4072; x_wconf 85' lang='lat' dir='ltr'><strong><em>hoc</em></strong></span> <span class='ocrx_word' id='word_1_640' title='bbox 2320 4013 2669 4073; x_wconf 82' lang='lat' dir='ltr'><strong><em>vocabulum,</em></strong></span> <span class='ocrx_word' id='word_1_641' title='bbox 2707 4011 2847 4066; x_wconf 88' lang='lat' dir='ltr'><strong><em>etde</em></strong></span> <span class='ocrx_word' id='word_1_642' title='bbox 2873 4009 3113 4079; x_wconf 78' lang='lat' dir='ltr'><strong><em>perfecto</em></strong></span> <span class='ocrx_word' id='word_1_643' title='bbox 3139 4022 3245 4059; x_wconf 94' lang='lat' dir='ltr'><strong><em>uno</em></strong></span> <span class='ocrx_word' id='word_1_644' title='bbox 3269 4021 3366 4074; x_wconf 88' lang='lat' dir='ltr'><strong><em>pro</em></strong></span> <span class='ocrx_word' id='word_1_645' title='bbox 3395 4007 3573 4073; x_wconf 40' lang='lat' dir='ltr'><strong><em>hypot</em></strong></span> 
     </span>
    </p>
   </div>
   <div class='ocr_carea' id='block_1_81' title="bbox 1976 4097 3560 4179">
    <p class='ocr_par' dir='ltr' id='par_1_81' title="bbox 1976 4097 3560 4179">
     <span class='ocr_line' id='line_1_81' title="bbox 1976 4097 3560 4179; baseline -0.009 -13"><span class='ocrx_word' id='word_1_646' title='bbox 1976 4112 2131 4175; x_wconf 88' lang='lat' dir='ltr'><strong><em>stasi,</em></strong></span> <span class='ocrx_word' id='word_1_647' title='bbox 2166 4118 2379 4179; x_wconf 80' lang='lat' dir='ltr'><strong><em>oportet</em></strong></span> <span class='ocrx_word' id='word_1_648' title='bbox 2408 4120 2603 4177; x_wconf 81' lang='lat' dir='ltr'><strong><em>capere</em></strong></span> <span class='ocrx_word' id='word_1_649' title='bbox 2630 4114 2833 4159; x_wconf 78' lang='lat' dir='ltr'><strong><em>naturae</em></strong></span> <span class='ocrx_word' id='word_1_650' title='bbox 2865 4117 3084 4156; x_wconf 89' lang='lat' dir='ltr'><strong><em>nomen.</em></strong></span> <span class='ocrx_word' id='word_1_651' title='bbox 3122 4100 3179 4153; x_wconf 89' lang='lat' dir='ltr'><strong><em>Si</em></strong></span> <span class='ocrx_word' id='word_1_652' title='bbox 3216 4114 3343 4153; x_wconf 85' lang='lat' dir='ltr'><strong><em>vero</em></strong></span> <span class='ocrx_word' id='word_1_653' title='bbox 3371 4099 3435 4151; x_wconf 87' lang='lat' dir='ltr'><strong><em>de</em></strong></span> <span class='ocrx_word' id='word_1_654' title='bbox 3476 4097 3560 4159; x_wconf 86' lang='lat' dir='ltr'><strong><em>iis,</em></strong></span> 
     </span>
    </p>
   </div>
   <div class='ocr_carea' id='block_1_82' title="bbox 1976 4196 3565 4271">
    <p class='ocr_par' dir='ltr' id='par_1_82' title="bbox 1976 4196 3565 4271">
     <span class='ocr_line' id='line_1_82' title="bbox 1976 4196 3565 4271; baseline -0.012 -12"><span class='ocrx_word' id='word_1_655' title='bbox 1976 4220 2044 4259; x_wconf 76' lang='lat' dir='ltr'><strong><em>ex</em></strong></span> <span class='ocrx_word' id='word_1_656' title='bbox 2089 4204 2289 4271; x_wconf 86' lang='lat' dir='ltr'><strong><em>quibus</em></strong></span> <span class='ocrx_word' id='word_1_657' title='bbox 2340 4214 2481 4253; x_wconf 91' lang='lat' dir='ltr'><strong><em>unus</em></strong></span> <span class='ocrx_word' id='word_1_658' title='bbox 2526 4196 3098 4268; x_wconf 81' lang='lat' dir='ltr'><strong><em>perlicitur‘Christus</em></strong></span> <span class='ocrx_word' id='word_1_659' title='bbox 3133 4210 3147 4245; x_wconf 89' lang='lat'><strong>:</strong></span> <span class='ocrx_word' id='word_1_660' title='bbox 3184 4200 3311 4245; x_wconf 87' lang='lat' dir='ltr'><strong><em>tunc</em></strong></span> <span class='ocrx_word' id='word_1_661' title='bbox 3357 4197 3565 4242; x_wconf 71' lang='lat' dir='ltr'><strong><em>natura:</em></strong></span> 
     </span>
    </p>
   </div>
   <div class='ocr_carea' id='block_1_83' title="bbox 1979 4281 3568 4361">
    <p class='ocr_par' dir='ltr' id='par_1_83' title="bbox 1979 4281 3568 4361">
     <span class='ocr_line' id='line_1_83' title="bbox 1979 4281 3568 4361; baseline -0.011 -11"><span class='ocrx_word' id='word_1_662' title='bbox 1979 4294 2326 4357; x_wconf 85' lang='lat' dir='ltr'><strong><em>vocabulum,</em></strong></span> <span class='ocrx_word' id='word_1_663' title='bbox 2364 4306 2465 4361; x_wconf 88' lang='lat' dir='ltr'><strong><em>pro</em></strong></span> <span class='ocrx_word' id='word_1_664' title='bbox 2493 4289 2712 4360; x_wconf 86' lang='lat' dir='ltr'><strong><em>propria</em></strong></span> <span class='ocrx_word' id='word_1_665' title='bbox 2756 4295 2951 4341; x_wconf 88' lang='lat' dir='ltr'><strong><em>natura</em></strong></span> <span class='ocrx_word' id='word_1_666' title='bbox 2982 4296 3036 4340; x_wconf 86' lang='lat' dir='ltr'><strong><em>et</em></strong></span> <span class='ocrx_word' id='word_1_667' title='bbox 3081 4284 3320 4338; x_wconf 86' lang='lat' dir='ltr'><strong><em>essentia</em></strong></span> <span class='ocrx_word' id='word_1_668' title='bbox 3365 4281 3568 4335; x_wconf 83' lang='lat' dir='ltr'><strong><em>intelli-</em></strong></span> 
     </span>
    </p>
   </div>
   <div class='ocr_carea' id='block_1_84' title="bbox 1979 4383 3569 4458">
    <p class='ocr_par' dir='ltr' id='par_1_84' title="bbox 1979 4383 3569 4458">
     <span class='ocr_line' id='line_1_84' title="bbox 1979 4383 3569 4458; baseline -0.01 -16"><span class='ocrx_word' id='word_1_669' title='bbox 1979 4403 2127 4458; x_wconf 85' lang='lat' dir='ltr'><strong><em>gere.</em></strong></span> <span class='ocrx_word' id='word_1_670' title='bbox 2168 4386 2290 4440; x_wconf 81' lang='lat' dir='ltr'><strong><em>llaec</em></strong></span> <span class='ocrx_word' id='word_1_671' title='bbox 2329 4384 2474 4439; x_wconf 72' lang='lat' dir='ltr'><strong><em>enim</em></strong></span> <span class='ocrx_word' id='word_1_672' title='bbox 2525 4383 2906 4445; x_wconf 78' lang='lat' dir='ltr'><strong><em>observantes,</em></strong></span> <span class='ocrx_word' id='word_1_673' title='bbox 2937 4392 3206 4447; x_wconf 89' lang='lat' dir='ltr'><strong><em>nusquam</em></strong></span> <span class='ocrx_word' id='word_1_674' title='bbox 3243 4384 3466 4430; x_wconf 84' lang='lat' dir='ltr'><strong><em>sanctos</em></strong></span> <span class='ocrx_word' id='word_1_675' title='bbox 3504 4385 3569 4426; x_wconf 88' lang='lat' dir='ltr'><strong><em>ac</em></strong></span> 
     </span>
    </p>
   </div>
   <div class='ocr_carea' id='block_1_85' title="bbox 1979 4466 3563 4539">
    <p class='ocr_par' dir='ltr' id='par_1_85' title="bbox 1979 4466 3563 4539">
     <span class='ocr_line' id='line_1_85' title="bbox 1979 4466 3563 4539; baseline -0.011 -4"><span class='ocrx_word' id='word_1_676' title='bbox 1979 4481 2215 4535; x_wconf 87' lang='lat' dir='ltr'><strong><em>disertos</em></strong></span> <span class='ocrx_word' id='word_1_677' title='bbox 2252 4477 2439 4531; x_wconf 84' lang='lat' dir='ltr'><strong><em>Patres</em></strong></span> <span class='ocrx_word' id='word_1_678' title='bbox 2468 4483 2681 4529; x_wconf 88' lang='lat' dir='ltr'><strong><em>nostros</em></strong></span> <span class='ocrx_word' id='word_1_679' title='bbox 2712 4474 2855 4526; x_wconf 90' lang='lat' dir='ltr'><strong><em>inter</em></strong></span> <span class='ocrx_word' id='word_1_680' title='bbox 2877 4485 2935 4525; x_wconf 89' lang='lat' dir='ltr'><strong><em>se</em></strong></span> <span class='ocrx_word' id='word_1_681' title='bbox 2963 4483 3206 4539; x_wconf 77' lang='lat' dir='ltr'><strong><em>pugnare</em></strong></span> <span class='ocrx_word' id='word_1_682' title='bbox 3232 4466 3563 4530; x_wconf 88' lang='lat' dir='ltr'><strong><em>videbimus,</em></strong></span> 
     </span>
    </p>
   </div>
   <div class='ocr_carea' id='block_1_86' title="bbox 282 4552 1878 4641">
    <p class='ocr_par' dir='ltr' id='par_1_86' title="bbox 282 4564 1868 4641">
     <span class='ocr_line' id='line_1_86' title="bbox 282 4564 1868 4641; baseline 0.007 -27"><span class='ocrx_word' id='word_1_683' title='bbox 282 4564 446 4616; x_wconf 80' lang='grc' dir='ltr'><em>νοεῖν.</em></span> <span class='ocrx_word' id='word_1_684' title='bbox 485 4564 672 4617; x_wconf 83' lang='grc' dir='ltr'><em>Ταῦτα</em></span> <span class='ocrx_word' id='word_1_685' title='bbox 729 4567 838 4635; x_wconf 77' lang='grc' dir='ltr'><em>γὰρ</em></span> <span class='ocrx_word' id='word_1_686' title='bbox 880 4566 1396 4636; x_wconf 78' lang='grc' dir='ltr'><em>παραφυλάττοντες</em></span> <span class='ocrx_word' id='word_1_687' title='bbox 1457 4570 1694 4641; x_wconf 81' lang='grc' dir='ltr'><em>οὐδαμοῦ</em></span> <span class='ocrx_word' id='word_1_688' title='bbox 1744 4574 1868 4635; x_wconf 81' lang='grc' dir='ltr'><em>τοὺς</em></span> 
     </span>
    </p>
   </div>
   <div class='ocr_carea' id='block_1_87' title="bbox 1983 4552 3566 4641">
    <p class='ocr_par' dir='ltr' id='par_1_87' title="bbox 1983 4566 3566 4638">
     <span class='ocr_line' id='line_1_87' title="bbox 1983 4566 3566 4638; baseline -0.011 -12"><span class='ocrx_word' id='word_1_689' title='bbox 1983 4572 2252 4638; x_wconf 88' lang='lat' dir='ltr'><strong><em>talemque</em></strong></span> <span class='ocrx_word' id='word_1_690' title='bbox 2299 4582 2419 4622; x_wconf 73' lang='lat' dir='ltr'><strong><em>esse</em></strong></span> <span class='ocrx_word' id='word_1_691' title='bbox 2450 4566 2670 4619; x_wconf 84' lang='lat' dir='ltr'><strong><em>Patrum</em></strong></span> <span class='ocrx_word' id='word_1_692' title='bbox 2698 4570 2930 4618; x_wconf 87' lang='lat' dir='ltr'><strong><em>mentem</em></strong></span> <span class='ocrx_word' id='word_1_693' title='bbox 2964 4573 3234 4629; x_wconf 81' lang='lat' dir='ltr'><strong><em>cognosce</em></strong></span> <span class='ocrx_word' id='word_1_694' title='bbox 3280 4573 3311 4612; x_wconf 88' lang='lat' dir='ltr'><strong><em>e</em></strong></span> <span class='ocrx_word' id='word_1_695' title='bbox 3338 4566 3566 4612; x_wconf 87' lang='lat' dir='ltr'><strong><em>strenuo</em></strong></span> 
     </span>
    </p>
   </div>
   <div class='ocr_carea' id='block_1_88' title="bbox 285 4650 1878 4734">
    <p class='ocr_par' dir='ltr' id='par_1_88' title="bbox 285 4656 1873 4734">
     <span class='ocr_line' id='line_1_88' title="bbox 285 4656 1873 4734; baseline 0.006 -27"><span class='ocrx_word' id='word_1_696' title='bbox 285 4657 465 4725; x_wconf 78' lang='grc' dir='ltr'><em>ἱεροὺς</em></span> <span class='ocrx_word' id='word_1_697' title='bbox 498 4656 594 4710; x_wconf 71' lang='grc' dir='ltr'><em>καὶ</em></span> <span class='ocrx_word' id='word_1_698' title='bbox 623 4657 854 4725; x_wconf 82' lang='grc' dir='ltr'><em>λογάδας</em></span> <span class='ocrx_word' id='word_1_699' title='bbox 886 4657 1047 4728; x_wconf 83' lang='grc' dir='ltr'><em>ἡμῶν</em></span> <span class='ocrx_word' id='word_1_700' title='bbox 1082 4660 1337 4731; x_wconf 83' lang='grc' dir='ltr'><em>Πατέρας</em></span> <span class='ocrx_word' id='word_1_701' title='bbox 1393 4662 1704 4734; x_wconf 83' lang='grc' dir='ltr'><em>εὑρήσομεν</em></span> <span class='ocrx_word' id='word_1_702' title='bbox 1756 4664 1873 4717; x_wconf 84' lang='grc' dir='ltr'><em>δια-</em></span> 
     </span>
    </p>
   </div>
   <div class='ocr_carea' id='block_1_89' title="bbox 1983 4650 3565 4734">
    <p class='ocr_par' dir='ltr' id='par_1_89' title="bbox 1983 4650 3565 4734">
     <span class='ocr_line' id='line_1_89' title="bbox 1983 4650 3565 4734; baseline -0.011 -16"><span class='ocrx_word' id='word_1_703' title='bbox 1983 4663 2186 4734; x_wconf 86' lang='lat' dir='ltr'><strong><em>Cyrillo</em></strong></span> <span class='ocrx_word' id='word_1_704' title='bbox 2210 4661 2381 4731; x_wconf 84' lang='lat' dir='ltr'><strong><em>prima</em></strong></span> <span class='ocrx_word' id='word_1_705' title='bbox 2414 4661 2481 4712; x_wconf 82' lang='lat' dir='ltr'><strong><em>ad</em></strong></span> <span class='ocrx_word' id='word_1_706' title='bbox 2514 4659 2846 4711; x_wconf 86' lang='lat' dir='ltr'><strong><em>Succensum</em></strong></span> <span class='ocrx_word' id='word_1_707' title='bbox 2869 4652 3093 4723; x_wconf 88' lang='lat' dir='ltr'><strong><em>epistola</em></strong></span> <span class='ocrx_word' id='word_1_708' title='bbox 3124 4670 3138 4706; x_wconf 87' lang='lat'><strong>;</strong></span> <span class='ocrx_word' id='word_1_709' title='bbox 3175 4650 3298 4705; x_wconf 88' lang='lat' dir='ltr'><strong><em>Non</em></strong></span> <span class='ocrx_word' id='word_1_710' title='bbox 3324 4660 3397 4705; x_wconf 84' lang='lat' dir='ltr'><strong><em>est</em></strong></span> <span class='ocrx_word' id='word_1_711' title='bbox 3424 4650 3565 4704; x_wconf 90' lang='lat' dir='ltr'><strong><em>enim</em></strong></span> 
     </span>
    </p>
   </div>
   <div class='ocr_carea' id='block_1_90' title="bbox 286 4742 1878 4827">
    <p class='ocr_par' dir='ltr' id='par_1_90' title="bbox 286 4748 1871 4827">
     <span class='ocr_line' id='line_1_90' title="bbox 286 4748 1871 4827; baseline 0.008 -29"><span class='ocrx_word' id='word_1_712' title='bbox 286 4748 632 4816; x_wconf 78' lang='grc' dir='ltr'><em>μαχομένους</em></span> <span class='ocrx_word' id='word_1_713' title='bbox 647 4749 920 4817; x_wconf 82' lang='grc' dir='ltr'><em>ἀλλήλοις.</em></span> <span class='ocrx_word' id='word_1_714' title='bbox 951 4751 1061 4803; x_wconf 75' lang='grc' dir='ltr'><strong><em>Καὶ</em></strong></span> <span class='ocrx_word' id='word_1_715' title='bbox 1104 4752 1186 4805; x_wconf 87' lang='grc' dir='ltr'><em>ὄτι</em></span> <span class='ocrx_word' id='word_1_716' title='bbox 1219 4753 1462 4807; x_wconf 83' lang='grc' dir='ltr'><em>τοιοῦτον</em></span> <span class='ocrx_word' id='word_1_717' title='bbox 1502 4756 1563 4808; x_wconf 81' lang='grc' dir='ltr'><em>τὸ</em></span> <span class='ocrx_word' id='word_1_718' title='bbox 1613 4757 1871 4827; x_wconf 82' lang='grc' dir='ltr'><em>φρόνημα</em></span> 
     </span>
    </p>
   </div>
   <div class='ocr_carea' id='block_1_91' title="bbox 1983 4742 3567 4827">
    <p class='ocr_par' dir='ltr' id='par_1_91' title="bbox 1983 4742 3567 4822">
     <span class='ocr_line' id='line_1_91' title="bbox 1983 4742 3567 4822; baseline -0.009 -14"><span class='ocrx_word' id='word_1_719' title='bbox 1983 4751 2181 4822; x_wconf 85' lang='lat' dir='ltr'><strong><em>aliquid</em></strong></span> <span class='ocrx_word' id='word_1_720' title='bbox 2216 4751 2323 4804; x_wconf 90' lang='lat' dir='ltr'><strong><em>ullo</em></strong></span> <span class='ocrx_word' id='word_1_721' title='bbox 2358 4750 2510 4802; x_wconf 88' lang='lat' dir='ltr'><strong><em>modo</em></strong></span> <span class='ocrx_word' id='word_1_722' title='bbox 2532 4746 2780 4817; x_wconf 84' lang='lat' dir='ltr'><strong><em>possibile</em></strong></span> <span class='ocrx_word' id='word_1_723' title='bbox 2802 4755 2856 4797; x_wconf 88' lang='lat' dir='ltr'><strong><em>ut</em></strong></span> <span class='ocrx_word' id='word_1_724' title='bbox 2881 4744 2937 4799; x_wconf 87' lang='lat' dir='ltr'><strong><em>in</em></strong></span> <span class='ocrx_word' id='word_1_725' title='bbox 2959 4743 3254 4797; x_wconf 84' lang='lat' dir='ltr'><strong><em>divinitatis</em></strong></span> <span class='ocrx_word' id='word_1_726' title='bbox 3283 4742 3567 4796; x_wconf 85' lang='lat' dir='ltr'><strong><em>essentiam</em></strong></span> 
     </span>
    </p>
   </div>
   <div class='ocr_carea' id='block_1_92' title="bbox 282 4832 1878 4918">
    <p class='ocr_par' dir='ltr' id='par_1_92' title="bbox 282 4839 1871 4918">
     <span class='ocr_line' id='line_1_92' title="bbox 282 4839 1871 4918; baseline 0.009 -28"><span class='ocrx_word' id='word_1_727' title='bbox 282 4839 390 4891; x_wconf 80' lang='grc' dir='ltr'><em>τῶν</em></span> <span class='ocrx_word' id='word_1_728' title='bbox 419 4840 701 4907; x_wconf 83' lang='grc' dir='ltr'><em>Πατέρων,</em></span> <span class='ocrx_word' id='word_1_729' title='bbox 730 4842 893 4894; x_wconf 81' lang='grc' dir='ltr'><em>ἄκουε</em></span> <span class='ocrx_word' id='word_1_730' title='bbox 916 4841 1011 4895; x_wconf 82' lang='grc' dir='ltr'><em>τοῦ</em></span> <span class='ocrx_word' id='word_1_731' title='bbox 1040 4844 1340 4915; x_wconf 85' lang='grc' dir='ltr'><em>νικηφόρου</em></span> <span class='ocrx_word' id='word_1_732' title='bbox 1372 4847 1647 4917; x_wconf 84' lang='grc' dir='ltr'><em>Κυρίλλου</em></span> <span class='ocrx_word' id='word_1_733' title='bbox 1676 4850 1741 4902; x_wconf 81' lang='grc' dir='ltr'><em>ἐκ</em></span> <span class='ocrx_word' id='word_1_734' title='bbox 1770 4850 1871 4918; x_wconf 85' lang='grc' dir='ltr'><em>τῆς</em></span> 
     </span>
    </p>
   </div>
   <div class='ocr_carea' id='block_1_93' title="bbox 1983 4832 3566 4918">
    <p class='ocr_par' dir='ltr' id='par_1_93' title="bbox 1983 4832 3566 4907">
     <span class='ocr_line' id='line_1_93' title="bbox 1983 4832 3566 4907; baseline -0.011 -6"><span class='ocrx_word' id='word_1_735' title='bbox 1983 4849 2082 4901; x_wconf 81' lang='lat' dir='ltr'><strong><em>sive</em></strong></span> <span class='ocrx_word' id='word_1_736' title='bbox 2114 4854 2360 4898; x_wconf 82' lang='lat' dir='ltr'><strong><em>naturam</em></strong></span> <span class='ocrx_word' id='word_1_737' title='bbox 2394 4841 2621 4896; x_wconf 84' lang='lat' dir='ltr'><strong><em>transire</em></strong></span> <span class='ocrx_word' id='word_1_738' title='bbox 2674 4838 2872 4907; x_wconf 82' lang='lat' dir='ltr'><strong><em>aliquid</em></strong></span> <span class='ocrx_word' id='word_1_739' title='bbox 2925 4848 3163 4890; x_wconf 86' lang='lat' dir='ltr'><strong><em>creatum</em></strong></span> <span class='ocrx_word' id='word_1_740' title='bbox 3206 4844 3384 4905; x_wconf 86' lang='lat' dir='ltr'><strong><em>queat.</em></strong></span> <span class='ocrx_word' id='word_1_741' title='bbox 3427 4832 3566 4887; x_wconf 84' lang='lat' dir='ltr'><strong><em>Caro</em></strong></span> 
     </span>
    </p>
   </div>
   <div class='ocr_carea' id='block_1_94' title="bbox 280 4925 1878 5009">
    <p class='ocr_par' dir='ltr' id='par_1_94' title="bbox 280 4929 1871 5009">
     <span class='ocr_line' id='line_1_94' title="bbox 280 4929 1871 5009; baseline 0.01 -30"><span class='ocrx_word' id='word_1_742' title='bbox 280 4929 420 4999; x_wconf 69' lang='grc' dir='ltr'><em>πρὸς</em></span> <span class='ocrx_word' id='word_1_743' title='bbox 442 4929 748 5000; x_wconf 87' lang='grc' dir='ltr'><em>Σούκηνσον</em></span> <span class='ocrx_word' id='word_1_744' title='bbox 799 4931 1024 5003; x_wconf 82' lang='grc' dir='ltr'><em>πρώτης</em></span> <span class='ocrx_word' id='word_1_745' title='bbox 1067 4935 1361 5005; x_wconf 77' lang='grc' dir='ltr'><em>ἐπιστολῆς</em></span> <span class='ocrx_word' id='word_1_746' title='bbox 1389 4954 1404 4969; x_wconf 76' lang='grc' dir='ltr'><strong>ο</strong></span> <span class='ocrx_word' id='word_1_747' title='bbox 1461 4941 1543 4992; x_wconf 79' lang='grc' dir='ltr'><em>Οὐ</em></span> <span class='ocrx_word' id='word_1_748' title='bbox 1573 4939 1683 5009; x_wconf 79' lang='grc' dir='ltr'><strong><em>γάρ</em></strong></span> <span class='ocrx_word' id='word_1_749' title='bbox 1735 4941 1871 4995; x_wconf 84' lang='grc' dir='ltr'><em>ἐστι</em></span> 
     </span>
    </p>
   </div>
   <div class='ocr_carea' id='block_1_95' title="bbox 1983 4925 3566 5009">
    <p class='ocr_par' dir='ltr' id='par_1_95' title="bbox 1983 4925 3566 4998">
     <span class='ocr_line' id='line_1_95' title="bbox 1983 4925 3566 4998; baseline -0.009 -6"><span class='ocrx_word' id='word_1_750' title='bbox 1983 4939 2116 4992; x_wconf 83' lang='lat' dir='ltr'><strong><em>enim</em></strong></span> <span class='ocrx_word' id='word_1_751' title='bbox 2148 4937 2412 4990; x_wconf 85' lang='lat' dir='ltr'><strong><em>creatura</em></strong></span> <span class='ocrx_word' id='word_1_752' title='bbox 2435 4941 2509 4987; x_wconf 83' lang='lat' dir='ltr'><strong><em>est</em></strong></span> <span class='ocrx_word' id='word_1_753' title='bbox 2533 4947 2551 4985; x_wconf 91' lang='lat'><strong><em>:</em></strong></span> <span class='ocrx_word' id='word_1_754' title='bbox 2574 4939 2793 4986; x_wconf 87' lang='lat' dir='ltr'><strong><em>constat</em></strong></span> <span class='ocrx_word' id='word_1_755' title='bbox 2821 4929 3008 4998; x_wconf 85' lang='lat' dir='ltr'><strong><em>itaque</em></strong></span> <span class='ocrx_word' id='word_1_756' title='bbox 3049 4937 3301 4981; x_wconf 83' lang='lat' dir='ltr'><strong><em>naturam</em></strong></span> <span class='ocrx_word' id='word_1_757' title='bbox 3336 4925 3424 4979; x_wconf 87' lang='lat' dir='ltr'><strong><em>hic</em></strong></span> <span class='ocrx_word' id='word_1_758' title='bbox 3469 4939 3566 4992; x_wconf 86' lang='lat' dir='ltr'><strong><em>pro</em></strong></span> 
     </span>
    </p>
   </div>
   <div class='ocr_carea' id='block_1_96' title="bbox 284 5016 1878 5097">
    <p class='ocr_par' dir='ltr' id='par_1_96' title="bbox 284 5016 1876 5096">
     <span class='ocr_line' id='line_1_96' title="bbox 284 5016 1876 5096; baseline 0.01 -28"><span class='ocrx_word' id='word_1_759' title='bbox 284 5016 406 5069; x_wconf 84' lang='grc' dir='ltr'><strong><em>τῶν</em></strong></span> <span class='ocrx_word' id='word_1_760' title='bbox 434 5017 695 5087; x_wconf 65' lang='grc' dir='ltr'><em>ἐφικτῶν</em></span> <span class='ocrx_word' id='word_1_761' title='bbox 730 5021 817 5085; x_wconf 84' lang='grc' dir='ltr'><strong><em>είς</em></strong></span> <span class='ocrx_word' id='word_1_762' title='bbox 849 5022 1136 5089; x_wconf 87' lang='grc' dir='ltr'><em>θεότητος</em></span> <span class='ocrx_word' id='word_1_763' title='bbox 1183 5025 1407 5077; x_wconf 82' lang='grc' dir='ltr'><em>οὐσίαν</em></span> <span class='ocrx_word' id='word_1_764' title='bbox 1454 5025 1589 5095; x_wconf 82' lang='grc' dir='ltr'><em>ἤτοι</em></span> <span class='ocrx_word' id='word_1_765' title='bbox 1638 5029 1830 5096; x_wconf 63' lang='grc' dir='ltr'><em>φύσιν</em></span> <span class='ocrx_word' id='word_1_766' title='bbox 1854 5031 1876 5063; x_wconf 82' lang='grc'><strong>⁹</strong></span> 
     </span>
    </p>
   </div>
   <div class='ocr_carea' id='block_1_97' title="bbox 1983 5016 3562 5097">
    <p class='ocr_par' dir='ltr' id='par_1_97' title="bbox 1983 5016 3562 5097">
     <span class='ocr_line' id='line_1_97' title="bbox 1983 5016 3562 5097; baseline -0.013 -11"><span class='ocrx_word' id='word_1_767' title='bbox 1983 5030 2282 5086; x_wconf 85' lang='lat' dir='ltr'><strong><em>substantia</em></strong></span> <span class='ocrx_word' id='word_1_768' title='bbox 2305 5025 2447 5097; x_wconf 79' lang='lat' dir='ltr'><strong><em>capi.</em></strong></span> <span class='ocrx_word' id='word_1_769' title='bbox 2474 5024 2714 5078; x_wconf 80' lang='lat' dir='ltr'><strong><em>Rursum</em></strong></span> <span class='ocrx_word' id='word_1_770' title='bbox 2748 5024 2800 5076; x_wconf 92' lang='lat' dir='ltr'><strong><em>in</em></strong></span> <span class='ocrx_word' id='word_1_771' title='bbox 2837 5020 3064 5091; x_wconf 88' lang='lat' dir='ltr'><strong><em>epistola</em></strong></span> <span class='ocrx_word' id='word_1_772' title='bbox 3102 5019 3167 5073; x_wconf 89' lang='lat' dir='ltr'><strong><em>ad</em></strong></span> <span class='ocrx_word' id='word_1_773' title='bbox 3200 5016 3511 5071; x_wconf 87' lang='lat' dir='ltr'><strong><em>Nestorium</em></strong></span> <span class='ocrx_word' id='word_1_774' title='bbox 3547 5031 3562 5066; x_wconf 88' lang='lat'><strong>:</strong></span> 
     </span>
    </p>
   </div>
   <div class='ocr_carea' id='block_1_98' title="bbox 273 5108 1878 5186">
    <p class='ocr_par' dir='ltr' id='par_1_98' title="bbox 273 5109 1877 5186">
     <span class='ocr_line' id='line_1_98' title="bbox 273 5109 1877 5186; baseline 0.01 -26"><span class='ocrx_word' id='word_1_775' title='bbox 273 5109 703 5178; x_wconf 79' lang='grc' dir='ltr'><em>μεταχωρῆσαί</em></span> <span class='ocrx_word' id='word_1_776' title='bbox 730 5129 783 5163; x_wconf 91' lang='grc' dir='ltr'><strong><em>τι</em></strong></span> <span class='ocrx_word' id='word_1_777' title='bbox 823 5111 1122 5165; x_wconf 84' lang='grc' dir='ltr'><em>δύνασθαι</em></span> <span class='ocrx_word' id='word_1_778' title='bbox 1161 5113 1282 5167; x_wconf 81' lang='grc' dir='ltr'><em>τῶν</em></span> <span class='ocrx_word' id='word_1_779' title='bbox 1325 5117 1671 5186; x_wconf 81' lang='grc' dir='ltr'><em>κτισμάτων</em></span> <span class='ocrx_word' id='word_1_780' title='bbox 1701 5135 1714 5149; x_wconf 82' lang='grc'><em>’</em></span> <span class='ocrx_word' id='word_1_781' title='bbox 1754 5122 1877 5175; x_wconf 88' lang='grc' dir='ltr'><em>κτί-</em></span> 
     </span>
    </p>
   </div>
   <div class='ocr_carea' id='block_1_99' title="bbox 1983 5108 3560 5186">
    <p class='ocr_par' dir='ltr' id='par_1_99' title="bbox 1983 5108 3560 5177">
     <span class='ocr_line' id='line_1_99' title="bbox 1983 5108 3560 5177; baseline -0.013 -1"><span class='ocrx_word' id='word_1_782' title='bbox 1983 5121 2181 5175; x_wconf 80' lang='lat' dir='ltr'><strong><em>Asserit</em></strong></span> <span class='ocrx_word' id='word_1_783' title='bbox 2208 5120 2347 5172; x_wconf 88' lang='lat' dir='ltr'><strong><em>enim</em></strong></span> <span class='ocrx_word' id='word_1_784' title='bbox 2376 5117 2543 5171; x_wconf 86' lang='lat' dir='ltr'><strong><em>Deum</em></strong></span> <span class='ocrx_word' id='word_1_785' title='bbox 2566 5131 2721 5168; x_wconf 88' lang='lat' dir='ltr'><strong><em>suum</em></strong></span> <span class='ocrx_word' id='word_1_786' title='bbox 2753 5112 2991 5177; x_wconf 86' lang='lat' dir='ltr'><strong><em>Patrem,</em></strong></span> <span class='ocrx_word' id='word_1_787' title='bbox 3025 5121 3079 5165; x_wconf 88' lang='lat' dir='ltr'><strong><em>ut</em></strong></span> <span class='ocrx_word' id='word_1_788' title='bbox 3113 5119 3247 5164; x_wconf 87' lang='lat' dir='ltr'><strong><em>certe</em></strong></span> <span class='ocrx_word' id='word_1_789' title='bbox 3276 5108 3418 5162; x_wconf 87' lang='lat' dir='ltr'><strong><em>Deus</em></strong></span> <span class='ocrx_word' id='word_1_790' title='bbox 3441 5121 3560 5157; x_wconf 87' lang='lat' dir='ltr'><strong><em>cum</em></strong></span> 
     </span>
    </p>
   </div>
   <div class='ocr_carea' id='block_1_100' title="bbox 278 5196 1878 5281">
    <p class='ocr_par' dir='ltr' id='par_1_100' title="bbox 278 5200 1872 5281">
     <span class='ocr_line' id='line_1_100' title="bbox 278 5200 1872 5281; baseline 0.011 -30"><span class='ocrx_word' id='word_1_791' title='bbox 278 5216 407 5267; x_wconf 81' lang='grc' dir='ltr'><strong><em>σμα</em></strong></span> <span class='ocrx_word' id='word_1_792' title='bbox 435 5200 505 5253; x_wconf 82' lang='grc' dir='ltr'><em>δὲ</em></span> <span class='ocrx_word' id='word_1_793' title='bbox 527 5203 623 5254; x_wconf 76' lang='grc' dir='ltr'><em>καὶ</em></span> <span class='ocrx_word' id='word_1_794' title='bbox 652 5205 687 5271; x_wconf 73' lang='grc' dir='ltr'><strong><em>ἡ</em></strong></span> <span class='ocrx_word' id='word_1_795' title='bbox 715 5202 875 5273; x_wconf 76' lang='grc' dir='ltr'><em>σάρξ</em></span> <span class='ocrx_word' id='word_1_796' title='bbox 895 5219 908 5232; x_wconf 76' lang='grc' dir='ltr'><strong><em>ο</em></strong></span> <span class='ocrx_word' id='word_1_797' title='bbox 939 5204 1109 5272; x_wconf 83' lang='grc' dir='ltr'><em>Δῆλον</em></span> <span class='ocrx_word' id='word_1_798' title='bbox 1138 5207 1245 5278; x_wconf 81' lang='grc' dir='ltr'><strong><em>γὰρ</em></strong></span> <span class='ocrx_word' id='word_1_799' title='bbox 1286 5207 1363 5270; x_wconf 81' lang='grc' dir='ltr'><em>ὡς</em></span> <span class='ocrx_word' id='word_1_800' title='bbox 1419 5209 1519 5281; x_wconf 79' lang='grc' dir='ltr'><em>τὴν</em></span> <span class='ocrx_word' id='word_1_801' title='bbox 1561 5211 1727 5281; x_wconf 82' lang='grc' dir='ltr'><em>φύσιν</em></span> <span class='ocrx_word' id='word_1_802' title='bbox 1784 5217 1872 5269; x_wconf 78' lang='grc' dir='ltr'><strong><em>ἐν·</em></strong></span> 
     </span>
    </p>
   </div>
   <div class='ocr_carea' id='block_1_101' title="bbox 1983 5196 3559 5281">
    <p class='ocr_par' dir='ltr' id='par_1_101' title="bbox 1983 5196 3559 5280">
     <span class='ocr_line' id='line_1_101' title="bbox 1983 5196 3559 5280; baseline -0.012 -14"><span class='ocrx_word' id='word_1_803' title='bbox 1983 5214 2042 5267; x_wconf 76' lang='lat' dir='ltr'><strong><em>sit</em></strong></span> <span class='ocrx_word' id='word_1_804' title='bbox 2071 5221 2255 5280; x_wconf 88' lang='lat' dir='ltr'><strong><em>suapte</em></strong></span> <span class='ocrx_word' id='word_1_805' title='bbox 2284 5220 2478 5265; x_wconf 89' lang='lat' dir='ltr'><strong><em>natura</em></strong></span> <span class='ocrx_word' id='word_1_806' title='bbox 2510 5217 2662 5276; x_wconf 86' lang='lat' dir='ltr'><strong><em>atque</em></strong></span> <span class='ocrx_word' id='word_1_807' title='bbox 2683 5206 2933 5268; x_wconf 84' lang='lat' dir='ltr'><strong><em>essentia,</em></strong></span> <span class='ocrx_word' id='word_1_808' title='bbox 2966 5203 3066 5256; x_wconf 86' lang='lat' dir='ltr'><strong><em>etsi</em></strong></span> <span class='ocrx_word' id='word_1_809' title='bbox 3098 5209 3293 5254; x_wconf 87' lang='lat' dir='ltr'><strong><em>natura</em></strong></span> <span class='ocrx_word' id='word_1_810' title='bbox 3318 5196 3559 5250; x_wconf 76' lang='lat' dir='ltr'><strong><em>essentia:</em></strong></span> 
     </span>
    </p>
   </div>
   <div class='ocr_carea' id='block_1_102' title="bbox 278 5284 1878 5378">
    <p class='ocr_par' dir='ltr' id='par_1_102' title="bbox 278 5291 1868 5378">
     <span class='ocr_line' id='line_1_102' title="bbox 278 5291 1868 5378; baseline 0.011 -35"><span class='ocrx_word' id='word_1_811' title='bbox 278 5291 458 5344; x_wconf 83' lang='grc' dir='ltr'><em>ταῦοα</em></span> <span class='ocrx_word' id='word_1_812' title='bbox 487 5293 609 5346; x_wconf 66' lang='lat' dir='ltr'><strong><em>avri.</em></strong></span> <span class='ocrx_word' id='word_1_813' title='bbox 633 5295 730 5365; x_wconf 81' lang='grc' dir='ltr'><em>τῆς</em></span> <span class='ocrx_word' id='word_1_814' title='bbox 759 5295 950 5359; x_wconf 85' lang='grc' dir='ltr'><em>οὐσίας</em></span> <span class='ocrx_word' id='word_1_815' title='bbox 988 5298 1288 5367; x_wconf 83' lang='grc' dir='ltr'><em>παρέλαϐε.</em></span> <span class='ocrx_word' id='word_1_816' title='bbox 1340 5301 1451 5354; x_wconf 76' lang='grc' dir='ltr'><strong><em>Καὶ</em></strong></span> <span class='ocrx_word' id='word_1_817' title='bbox 1484 5303 1647 5357; x_wconf 87' lang='grc' dir='ltr'><em>πάλιν</em></span> <span class='ocrx_word' id='word_1_818' title='bbox 1678 5307 1743 5359; x_wconf 82' lang='grc' dir='ltr'><em>ἐκ</em></span> <span class='ocrx_word' id='word_1_819' title='bbox 1772 5307 1868 5378; x_wconf 83' lang='grc' dir='ltr'><em>τῆς</em></span> 
     </span>
    </p>
   </div>
   <div class='ocr_carea' id='block_1_103' title="bbox 1983 5284 3562 5378">
    <p class='ocr_par' dir='ltr' id='par_1_103' title="bbox 1983 5284 3562 5369">
     <span class='ocr_line' id='line_1_103' title="bbox 1983 5284 3562 5369; baseline -0.016 -12"><span class='ocrx_word' id='word_1_820' title='bbox 1983 5301 2541 5369; x_wconf 85' lang='lat' dir='ltr'><strong><em>:0ncursum_accepit.</em></strong></span> <span class='ocrx_word' id='word_1_821' title='bbox 2575 5297 2638 5352; x_wconf 89' lang='lat' dir='ltr'><strong><em>Et</em></strong></span> <span class='ocrx_word' id='word_1_822' title='bbox 2661 5312 2879 5351; x_wconf 87' lang='lat' dir='ltr'><strong><em>rursum</em></strong></span> <span class='ocrx_word' id='word_1_823' title='bbox 2913 5311 2927 5347; x_wconf 90' lang='lat'>:</span> <span class='ocrx_word' id='word_1_824' title='bbox 2964 5292 3189 5358; x_wconf 82' lang='lat' dir='ltr'><strong><em>Quando</em></strong></span> <span class='ocrx_word' id='word_1_825' title='bbox 3231 5287 3369 5340; x_wconf 88' lang='lat' dir='ltr'><strong><em>enim</em></strong></span> <span class='ocrx_word' id='word_1_826' title='bbox 3425 5284 3562 5335; x_wconf 80' lang='lat' dir='ltr'><strong><em>divi-</em></strong></span> 
     </span>
    </p>
   </div>
   <div class='ocr_carea' id='block_1_104' title="bbox 282 5377 1878 5462">
    <p class='ocr_par' dir='ltr' id='par_1_104' title="bbox 282 5377 1865 5462">
     <span class='ocr_line' id='line_1_104' title="bbox 282 5377 1865 5462; baseline 0.012 -28"><span class='ocrx_word' id='word_1_827' title='bbox 282 5384 423 5453; x_wconf 78' lang='grc' dir='ltr'><em>πρὸς</em></span> <span class='ocrx_word' id='word_1_828' title='bbox 452 5385 746 5456; x_wconf 75' lang='grc' dir='ltr'><em>Νεπόριον</em></span> <span class='ocrx_word' id='word_1_829' title='bbox 772 5389 1086 5458; x_wconf 69' lang='grc' dir='ltr'><em>ἐπιστολῆς</em></span> <span class='ocrx_word' id='word_1_830' title='bbox 1114 5391 1264 5458; x_wconf 68' lang='grc' dir='ltr'><em>Ἔφη</em></span> <span class='ocrx_word' id='word_1_831' title='bbox 1290 5391 1409 5460; x_wconf 81' lang='grc' dir='ltr'><strong><em>μὲν</em></strong></span> <span class='ocrx_word' id='word_1_832' title='bbox 1428 5394 1539 5462; x_wconf 75' lang='grc' dir='ltr'><em>γὰρ</em></span> <span class='ocrx_word' id='word_1_833' title='bbox 1560 5399 1708 5450; x_wconf 79' lang='grc' dir='ltr'><em>Θεὸν</em></span> <span class='ocrx_word' id='word_1_834' title='bbox 1725 5377 1865 5453; x_wconf 83' lang='grc' dir='ltr'><em>ἐαυ-</em></span> 
     </span>
    </p>
   </div>
   <div class='ocr_carea' id='block_1_105' title="bbox 1983 5377 3559 5462">
    <p class='ocr_par' dir='ltr' id='par_1_105' title="bbox 1983 5377 3559 5462">
     <span class='ocr_line' id='line_1_105' title="bbox 1983 5377 3559 5462; baseline -0.014 -11"><span class='ocrx_word' id='word_1_835' title='bbox 1983 5399 2112 5451; x_wconf 76' lang='lat' dir='ltr'><strong><em>titus</em></strong></span> <span class='ocrx_word' id='word_1_836' title='bbox 2160 5398 2223 5450; x_wconf 86' lang='lat' dir='ltr'><strong><em>de</em></strong></span> <span class='ocrx_word' id='word_1_837' title='bbox 2294 5412 2349 5451; x_wconf 87' lang='lat' dir='ltr'><strong><em>se</em></strong></span> <span class='ocrx_word' id='word_1_838' title='bbox 2414 5397 2524 5462; x_wconf 87' lang='lat' dir='ltr'><strong><em>ipse</em></strong></span> <span class='ocrx_word' id='word_1_839' title='bbox 2570 5401 2795 5447; x_wconf 83' lang='lat' dir='ltr'><strong><em>testatur</em></strong></span> <span class='ocrx_word' id='word_1_840' title='bbox 2837 5404 2855 5441; x_wconf 89' lang='lat'><strong><em>:</em></strong></span> <span class='ocrx_word' id='word_1_841' title='bbox 2910 5386 3011 5453; x_wconf 86' lang='lat' dir='ltr'><strong><em>Qui</em></strong></span> <span class='ocrx_word' id='word_1_842' title='bbox 3058 5384 3194 5439; x_wconf 85' lang='lat' dir='ltr'><strong><em>videt</em></strong></span> <span class='ocrx_word' id='word_1_843' title='bbox 3259 5397 3373 5445; x_wconf 87' lang='lat' dir='ltr'><strong><em>me,</em></strong></span> <span class='ocrx_word' id='word_1_844' title='bbox 3423 5377 3559 5430; x_wconf 83' lang='lat' dir='ltr'><strong><em>videt</em></strong></span> 
     </span>
    </p>
   </div>
   <div class='ocr_carea' id='block_1_106' title="bbox 280 5475 1878 5558">
    <p class='ocr_par' dir='ltr' id='par_1_106' title="bbox 280 5475 1865 5558">
     <span class='ocr_line' id='line_1_106' title="bbox 280 5475 1865 5558; baseline 0.009 -29"><span class='ocrx_word' id='word_1_845' title='bbox 280 5475 390 5531; x_wconf 83' lang='grc' dir='ltr'><strong><em>τοῦ</em></strong></span> <span class='ocrx_word' id='word_1_846' title='bbox 419 5478 525 5531; x_wconf 86' lang='grc' dir='ltr'><em>τὸν</em></span> <span class='ocrx_word' id='word_1_847' title='bbox 542 5480 796 5548; x_wconf 83' lang='grc' dir='ltr'><em>Πατέρα,</em></span> <span class='ocrx_word' id='word_1_848' title='bbox 845 5482 1037 5536; x_wconf 81' lang='grc' dir='ltr'><em>καίτοι</em></span> <span class='ocrx_word' id='word_1_849' title='bbox 1088 5484 1233 5549; x_wconf 77' lang='grc' dir='ltr'><em>Θεὸς</em></span> <span class='ocrx_word' id='word_1_850' title='bbox 1262 5484 1348 5536; x_wconf 79' lang='grc' dir='ltr'><em>ὢν</em></span> <span class='ocrx_word' id='word_1_851' title='bbox 1398 5488 1577 5554; x_wconf 71' lang='grc' dir='ltr'><em>φύσει</em></span> <span class='ocrx_word' id='word_1_852' title='bbox 1612 5489 1709 5542; x_wconf 83' lang='grc' dir='ltr'><strong><em>καὶ</em></strong></span> <span class='ocrx_word' id='word_1_853' title='bbox 1756 5489 1865 5558; x_wconf 80' lang='grc' dir='ltr'><em>τῆς</em></span> 
     </span>
    </p>
   </div>
   <div class='ocr_carea' id='block_1_107' title="bbox 1983 5475 3560 5558">
    <p class='ocr_par' dir='ltr' id='par_1_107' title="bbox 1983 5475 3560 5555">
     <span class='ocr_line' id='line_1_107' title="bbox 1983 5475 3560 5555; baseline -0.014 -13"><span class='ocrx_word' id='word_1_854' title='bbox 1983 5488 2256 5543; x_wconf 74' lang='lat' dir='ltr'><strong><em>ttPatrem</em></strong></span> <span class='ocrx_word' id='word_1_855' title='bbox 2291 5489 2333 5541; x_wconf 72' lang='grc' dir='ltr'><strong><em>ί.</em></strong></span> <span class='ocrx_word' id='word_1_856' title='bbox 2384 5486 2449 5541; x_wconf 87' lang='lat' dir='ltr'><strong><em>Et</em></strong></span> <span class='ocrx_word' id='word_1_857' title='bbox 2493 5503 2509 5540; x_wconf 90' lang='lat'><strong>:</strong></span> <span class='ocrx_word' id='word_1_858' title='bbox 2570 5483 2681 5555; x_wconf 81' lang='lat' dir='ltr'><strong><em>Ego</em></strong></span> <span class='ocrx_word' id='word_1_859' title='bbox 2735 5489 2783 5535; x_wconf 88' lang='lat' dir='ltr'><strong><em>et</em></strong></span> <span class='ocrx_word' id='word_1_860' title='bbox 2840 5478 3001 5532; x_wconf 84' lang='lat' dir='ltr'><strong><em>Pater</em></strong></span> <span class='ocrx_word' id='word_1_861' title='bbox 3067 5489 3228 5529; x_wconf 87' lang='lat' dir='ltr'><strong><em>unum</em></strong></span> <span class='ocrx_word' id='word_1_862' title='bbox 3284 5485 3465 5525; x_wconf 77' lang='lat' dir='ltr'><strong><em>sumus</em></strong></span> <span class='ocrx_word' id='word_1_863' title='bbox 3508 5475 3560 5520; x_wconf 74' lang='grc' dir='ltr'><em>υ.</em></span> 
     </span>
    </p>
   </div>
   <div class='ocr_carea' id='block_1_108' title="bbox 356 5569 1320 5644">
    <p class='ocr_par' dir='ltr' id='par_1_108' title="bbox 356 5569 1320 5644">
     <span class='ocr_line' id='line_1_108' title="bbox 356 5569 1320 5644; baseline 0.005 -20"><span class='ocrx_word' id='word_1_864' title='bbox 356 5571 375 5608; x_wconf 64' lang='grc' dir='ltr'>ί</span> <span class='ocrx_word' id='word_1_865' title='bbox 418 5569 576 5626; x_wconf 79' lang='lat' dir='ltr'><strong><em>Joan.</em></strong></span> <span class='ocrx_word' id='word_1_866' title='bbox 612 5589 723 5640; x_wconf 80' lang='lat' dir='ltr'><strong><em>xw,</em></strong></span> <span class='ocrx_word' id='word_1_867' title='bbox 758 5574 812 5630; x_wconf 88' lang='lat'><strong><em>9.</em></strong></span> <span class='ocrx_word' id='word_1_868' title='bbox 888 5586 915 5614; x_wconf 74' lang='grc' dir='ltr'><em>υ</em></span> <span class='ocrx_word' id='word_1_869' title='bbox 955 5574 1110 5631; x_wconf 86' lang='lat' dir='ltr'><strong><em>Joan.</em></strong></span> <span class='ocrx_word' id='word_1_870' title='bbox 1154 5578 1320 5644; x_wconf 79' lang='lat' dir='ltr'><strong><em>x,50.</em></strong></span> 
     </span>
    </p>
   </div>
   <div class='ocr_carea' id='block_1_109' title="bbox 1599 5669 2279 5728">
    <p class='ocr_par' dir='ltr' id='par_1_109' title="bbox 1599 5669 2279 5728">
     <span class='ocr_line' id='line_1_109' title="bbox 1599 5669 2279 5728; baseline -0.006 0"><span class='ocrx_word' id='word_1_871' title='bbox 1599 5672 1837 5728; x_wconf 66' lang='lat' dir='ltr'><strong><em>VARIJE</em></strong></span> <span class='ocrx_word' id='word_1_872' title='bbox 1880 5669 2279 5728; x_wconf 77' lang='lat' dir='ltr'><strong><em>LECTIONES.</em></strong></span> 
     </span>
    </p>
   </div>
   <div class='ocr_carea' id='block_1_110' title="bbox 745 5762 2337 5836">
    <p class='ocr_par' dir='ltr' id='par_1_110' title="bbox 745 5762 2337 5836">
     <span class='ocr_line' id='line_1_110' title="bbox 745 5762 2337 5836; baseline -0.011 -3"><span class='ocrx_word' id='word_1_873' title='bbox 745 5763 765 5793; x_wconf 68' lang='grc'>⁸</span> <span class='ocrx_word' id='word_1_874' title='bbox 792 5762 1080 5836; x_wconf 67' lang='grc' dir='ltr'><em>κεχρῆται]</em></span> <span class='ocrx_word' id='word_1_875' title='bbox 1108 5765 1230 5821; x_wconf 80' lang='grc' dir='ltr'><strong><em>’ἰηιο</em></strong></span> <span class='ocrx_word' id='word_1_876' title='bbox 1278 5767 1570 5836; x_wconf 77' lang='grc' dir='ltr'><em>μέμνηται.</em></span> <span class='ocrx_word' id='word_1_877' title='bbox 1652 5766 1671 5796; x_wconf 73' lang='grc' dir='ltr'><strong>θ</strong></span> <span class='ocrx_word' id='word_1_878' title='bbox 1700 5765 1889 5819; x_wconf 80' lang='grc' dir='ltr'><em>οὐσίαν</em></span> <span class='ocrx_word' id='word_1_879' title='bbox 1916 5764 2246 5835; x_wconf 79' lang='grc' dir='ltr'><em>γεγενῆσθαι</em></span> <span class='ocrx_word' id='word_1_880' title='bbox 2278 5781 2337 5827; x_wconf 68' lang='grc' dir='ltr'><em>τ.</em></span> 
     </span>
    </p>
   </div>
   <div class='ocr_carea' id='block_1_111' title="bbox 728 5833 1611 5905">
    <p class='ocr_par' dir='ltr' id='par_1_111' title="bbox 728 5833 1611 5905">
     <span class='ocr_line' id='line_1_111' title="bbox 728 5833 1611 5905; baseline 0.006 -22"><span class='ocrx_word' id='word_1_881' title='bbox 728 5833 748 5863; x_wconf 70' lang='lat'><strong><em>9</em></strong></span> <span class='ocrx_word' id='word_1_882' title='bbox 773 5834 934 5902; x_wconf 77' lang='grc' dir='ltr'><em>φύσιν</em></span> <span class='ocrx_word' id='word_1_883' title='bbox 997 5833 1140 5892; x_wconf 82' lang='lat' dir='ltr'><strong><em>corr.</em></strong></span> <span class='ocrx_word' id='word_1_884' title='bbox 1172 5838 1215 5889; x_wconf 79' lang='grc' dir='ltr'><strong>Α</strong></span> <span class='ocrx_word' id='word_1_885' title='bbox 1258 5833 1520 5905; x_wconf 48' lang='lat' dir='ltr'><strong><em>{otioso};</em></strong></span> <span class='ocrx_word' id='word_1_886' title='bbox 1554 5854 1611 5900; x_wconf 75' lang='grc' dir='ltr'><strong><em>ς.</em></strong></span> 
     </span>
    </p>
   </div>
   <div class='ocr_carea' id='block_1_112' title="bbox 351 5760 641 5817">
    <p class='ocr_par' dir='ltr' id='par_1_112' title="bbox 351 5760 641 5817">
     <span class='ocr_line' id='line_1_112' title="bbox 351 5760 641 5817; baseline 0.021 -7"><span class='ocrx_word' id='word_1_887' title='bbox 351 5762 372 5792; x_wconf 71' lang='grc'><strong><em>⁵</em></strong></span> <span class='ocrx_word' id='word_1_888' title='bbox 399 5760 549 5813; x_wconf 73' lang='grc' dir='ltr'><em>λαλεῖ</em></span> <span class='ocrx_word' id='word_1_889' title='bbox 579 5763 641 5817; x_wconf 83' lang='grc' dir='ltr'><em>Α.</em></span> 
     </span>
    </p>
   </div>
   <div class='ocr_carea' id='block_1_113' title="bbox 281 5831 649 5900">
    <p class='ocr_par' dir='ltr' id='par_1_113' title="bbox 281 5831 649 5900">
     <span class='ocr_line' id='line_1_113' title="bbox 281 5831 649 5900; baseline 0.008 -16"><span class='ocrx_word' id='word_1_890' title='bbox 281 5831 554 5900; x_wconf 66' lang='grc' dir='ltr'><em>ὑπόληψιν</em></span> <span class='ocrx_word' id='word_1_891' title='bbox 589 5849 649 5896; x_wconf 85' lang='grc' dir='ltr'><em>ς’.</em></span> 
     </span>
    </p>
   </div>
   <div class='ocr_carea' id='block_1_114' title="bbox 2452 5754 3556 5827">
    <p class='ocr_par' dir='ltr' id='par_1_114' title="bbox 2452 5754 3556 5827">
     <span class='ocr_line' id='line_1_114' title="bbox 2452 5754 3556 5827; baseline -0.005 -14"><span class='ocrx_word' id='word_1_892' title='bbox 2452 5763 2468 5791; x_wconf 79' lang='grc'><strong>⁷</strong></span> <span class='ocrx_word' id='word_1_893' title='bbox 2499 5761 2592 5813; x_wconf 77' lang='grc' dir='ltr'><em>καὶ</em></span> <span class='ocrx_word' id='word_1_894' title='bbox 2621 5760 2753 5827; x_wconf 78' lang='grc' dir='ltr'><em>ἁγία</em></span> <span class='ocrx_word' id='word_1_895' title='bbox 2779 5760 2899 5813; x_wconf 82' lang='lat' dir='ltr'><strong><em>add.</em></strong></span> <span class='ocrx_word' id='word_1_896' title='bbox 2934 5760 2977 5811; x_wconf 83' lang='lat' dir='ltr'><strong>A</strong></span> <span class='ocrx_word' id='word_1_897' title='bbox 3090 5758 3110 5787; x_wconf 72' lang='grc' dir='ltr'><strong>δ</strong></span> <span class='ocrx_word' id='word_1_898' title='bbox 3152 5755 3407 5827; x_wconf 64' lang='grc' dir='ltr'><em>βούλησιν</em></span> <span class='ocrx_word' id='word_1_899' title='bbox 3465 5754 3510 5805; x_wconf 77' lang='grc' dir='ltr'>Α</span> <span class='ocrx_word' id='word_1_900' title='bbox 3540 5768 3556 5807; x_wconf 90' lang='lat'><strong><em>:</em></strong></span> 
     </span>
    </p>
   </div>
  </div>
