  <div class='ocr_page' id='page_1' title='image "/cluster/home/n/w/nwhite01/storage/ocr_20150623/103:no.3/coo.31924054870070/503.png"; bbox 0 0 4004 6460; ppageno 0'>
   <div class='ocr_carea' id='block_1_1' title="bbox 425 414 529 476">
    <p class='ocr_par' dir='ltr' id='par_1_1' title="bbox 425 414 529 476">
     <span class='ocr_line' id='line_1_1' title="bbox 425 414 529 476; baseline 0.019 -3"><span class='ocrx_word' id='word_1_1' title='bbox 425 414 529 476; x_wconf 70' lang='lat'><strong>9&#39;19</strong></span> 
     </span>
    </p>
   </div>
   <div class='ocr_carea' id='block_1_2' title="bbox 1555 413 2483 475">
    <p class='ocr_par' dir='ltr' id='par_1_2' title="bbox 1555 413 2483 475">
     <span class='ocr_line' id='line_1_2' title="bbox 1555 413 2483 475; baseline 0.002 -2"><span class='ocrx_word' id='word_1_2' title='bbox 1555 414 1820 474; x_wconf 78' lang='lat' dir='ltr'><strong>PHOTII</strong></span> <span class='ocrx_word' id='word_1_3' title='bbox 1843 413 2348 474; x_wconf 62' lang='lat' dir='ltr'><strong>PATRIARCHJ&#39;I</strong></span> <span class='ocrx_word' id='word_1_4' title='bbox 2375 415 2483 475; x_wconf 73' lang='grc' dir='ltr'><strong>ΟΡ.</strong></span> 
     </span>
    </p>
   </div>
   <div class='ocr_carea' id='block_1_3' title="bbox 3596 420 3693 487">
    <p class='ocr_par' dir='ltr' id='par_1_3' title="bbox 3596 420 3693 487">
     <span class='ocr_line' id='line_1_3' title="bbox 3596 420 3693 487; baseline 0.031 -4"><span class='ocrx_word' id='word_1_5' title='bbox 3596 420 3693 487; x_wconf 69' lang='lat'><strong>99.0</strong></span> 
     </span>
    </p>
   </div>
   <div class='ocr_carea' id='block_1_4' title="bbox 381 519 2028 604">
    <p class='ocr_par' dir='ltr' id='par_1_4' title="bbox 381 519 2007 591">
     <span class='ocr_line' id='line_1_4' title="bbox 381 519 2007 591; baseline 0 -17"><span class='ocrx_word' id='word_1_6' title='bbox 381 520 383 523; x_wconf 75' lang='grc'><strong>’</strong></span> <span class='ocrx_word' id='word_1_7' title='bbox 429 523 671 577; x_wconf 65' lang='lat' dir='ltr'><strong>Divinam</strong></span> <span class='ocrx_word' id='word_1_8' title='bbox 693 519 808 588; x_wconf 81' lang='lat' dir='ltr'><strong>ejus</strong></span> <span class='ocrx_word' id='word_1_9' title='bbox 829 529 875 574; x_wconf 88' lang='lat' dir='ltr'><strong>et</strong></span> <span class='ocrx_word' id='word_1_10' title='bbox 909 519 1323 586; x_wconf 69' lang='lat' dir='ltr'><strong>inexplicabilem</strong></span> <span class='ocrx_word' id='word_1_11' title='bbox 1368 520 1708 591; x_wconf 82' lang='lat' dir='ltr'><strong>intelligimus</strong></span> <span class='ocrx_word' id='word_1_12' title='bbox 1738 533 2007 583; x_wconf 89' lang='lat' dir='ltr'><strong>naturam,</strong></span> 
     </span>
    </p>
   </div>
   <div class='ocr_carea' id='block_1_5' title="bbox 2131 519 3691 604">
    <p class='ocr_par' dir='ltr' id='par_1_5' title="bbox 2131 522 3691 604">
     <span class='ocr_line' id='line_1_5' title="bbox 2131 522 3691 604; baseline 0.006 -28"><span class='ocrx_word' id='word_1_13' title='bbox 2131 524 2331 591; x_wconf 65' lang='lat' dir='ltr'><strong>abolet;-</strong></span> <span class='ocrx_word' id='word_1_14' title='bbox 2356 522 2565 579; x_wconf 84' lang='grc' dir='ltr'><em>αὐτοῦ.</em></span> <span class='ocrx_word' id='word_1_15' title='bbox 2614 524 2914 579; x_wconf 84' lang='grc' dir='ltr'><em>Κανταῦθα</em></span> <span class='ocrx_word' id='word_1_16' title='bbox 2940 525 3051 597; x_wconf 76' lang='grc' dir='ltr'><strong>γὰρ</strong></span> <span class='ocrx_word' id='word_1_17' title='bbox 3084 527 3129 559; x_wconf 84' lang='grc'><strong>¹⁶</strong></span> <span class='ocrx_word' id='word_1_18' title='bbox 3154 529 3214 580; x_wconf 59' lang='grc' dir='ltr'><strong>τι)</strong></span> <span class='ocrx_word' id='word_1_19' title='bbox 3275 526 3446 597; x_wconf 83' lang='grc' dir='ltr'><em>φύσει</em></span> <span class='ocrx_word' id='word_1_20' title='bbox 3500 531 3575 599; x_wconf 78' lang='grc' dir='ltr'>τῷ</span> <span class='ocrx_word' id='word_1_21' title='bbox 3604 534 3691 604; x_wconf 78' lang='grc' dir='ltr'>τῆς</span> 
     </span>
    </p>
   </div>
   <div class='ocr_carea' id='block_1_6' title="bbox 423 612 2008 683">
    <p class='ocr_par' dir='ltr' id='par_1_6' title="bbox 423 612 2008 683">
     <span class='ocr_line' id='line_1_6' title="bbox 423 612 2008 683; baseline -0.001 -15"><span class='ocrx_word' id='word_1_22' title='bbox 423 632 529 683; x_wconf 84' lang='lat' dir='ltr'><strong>qua</strong></span> <span class='ocrx_word' id='word_1_23' title='bbox 561 631 696 668; x_wconf 88' lang='lat' dir='ltr'><strong>unus</strong></span> <span class='ocrx_word' id='word_1_24' title='bbox 720 626 793 668; x_wconf 85' lang='lat' dir='ltr'><strong>est</strong></span> <span class='ocrx_word' id='word_1_25' title='bbox 818 629 935 666; x_wconf 85' lang='lat' dir='ltr'><strong>cum</strong></span> <span class='ocrx_word' id='word_1_26' title='bbox 983 612 1169 677; x_wconf 85' lang='lat' dir='ltr'><strong>Patre;</strong></span> <span class='ocrx_word' id='word_1_27' title='bbox 1216 629 1308 681; x_wconf 88' lang='lat' dir='ltr'><strong>per</strong></span> <span class='ocrx_word' id='word_1_28' title='bbox 1356 616 1593 669; x_wconf 83' lang='lat' dir='ltr'><strong><em>eamdem</em></strong></span> <span class='ocrx_word' id='word_1_29' title='bbox 1640 613 1836 683; x_wconf 77' lang='lat' dir='ltr'><strong>252a</strong></span> <span class='ocrx_word' id='word_1_30' title='bbox 1884 613 2008 667; x_wconf 84' lang='lat' dir='ltr'><strong>sub-</strong></span> 
     </span>
    </p>
   </div>
   <div class='ocr_carea' id='block_1_7' title="bbox 425 703 2003 773">
    <p class='ocr_par' dir='ltr' id='par_1_7' title="bbox 425 703 2003 773">
     <span class='ocr_line' id='line_1_7' title="bbox 425 703 2003 773; baseline -0.003 -13"><span class='ocrx_word' id='word_1_31' title='bbox 425 708 697 760; x_wconf 74' lang='lat' dir='ltr'><strong>stantiam.</strong></span> <span class='ocrx_word' id='word_1_32' title='bbox 754 703 1017 759; x_wconf 87' lang='lat' dir='ltr'><strong>Omnibus</strong></span> <span class='ocrx_word' id='word_1_33' title='bbox 1073 703 1216 757; x_wconf 79' lang='lat' dir='ltr'><strong>enim</strong></span> <span class='ocrx_word' id='word_1_34' title='bbox 1268 704 1611 773; x_wconf 88' lang='lat' dir='ltr'><strong>perspicuum</strong></span> <span class='ocrx_word' id='word_1_35' title='bbox 1657 713 1760 767; x_wconf 88' lang='lat' dir='ltr'><strong>est,</strong></span> <span class='ocrx_word' id='word_1_36' title='bbox 1811 714 1866 757; x_wconf 92' lang='lat' dir='ltr'><strong>ut</strong></span> <span class='ocrx_word' id='word_1_37' title='bbox 1902 720 2003 757; x_wconf 90' lang='lat' dir='ltr'><strong>na-</strong></span> 
     </span>
    </p>
   </div>
   <div class='ocr_carea' id='block_1_8' title="bbox 428 794 2011 865">
    <p class='ocr_par' dir='ltr' id='par_1_8' title="bbox 428 794 2011 865">
     <span class='ocr_line' id='line_1_8' title="bbox 428 794 2011 865; baseline -0.001 -16"><span class='ocrx_word' id='word_1_38' title='bbox 428 806 604 850; x_wconf 87' lang='lat' dir='ltr'><strong>turam</strong></span> <span class='ocrx_word' id='word_1_39' title='bbox 646 807 810 865; x_wconf 85' lang='lat' dir='ltr'><strong>atque</strong></span> <span class='ocrx_word' id='word_1_40' title='bbox 837 794 1125 849; x_wconf 85' lang='lat' dir='ltr'><strong>essentiam</strong></span> <span class='ocrx_word' id='word_1_41' title='bbox 1165 796 1264 849; x_wconf 91' lang='lat' dir='ltr'><strong>hoc</strong></span> <span class='ocrx_word' id='word_1_42' title='bbox 1295 795 1688 863; x_wconf 79' lang='lat' dir='ltr'><strong>signiﬁcantem</strong></span> <span class='ocrx_word' id='word_1_43' title='bbox 1731 796 2011 850; x_wconf 83' lang='lat' dir='ltr'><strong>coulirma-</strong></span> 
     </span>
    </p>
   </div>
   <div class='ocr_carea' id='block_1_9' title="bbox 427 887 2013 957">
    <p class='ocr_par' dir='ltr' id='par_1_9' title="bbox 427 887 2013 957">
     <span class='ocr_line' id='line_1_9' title="bbox 427 887 2013 957; baseline -0.001 -14"><span class='ocrx_word' id='word_1_44' title='bbox 427 891 516 943; x_wconf 86' lang='lat' dir='ltr'><strong>rit.</strong></span> <span class='ocrx_word' id='word_1_45' title='bbox 570 888 801 943; x_wconf 88' lang='lat' dir='ltr'><strong>Sanctus</strong></span> <span class='ocrx_word' id='word_1_46' title='bbox 838 902 1055 957; x_wconf 86' lang='lat' dir='ltr'><strong>quoque</strong></span> <span class='ocrx_word' id='word_1_47' title='bbox 1108 887 1543 956; x_wconf 85' lang='lat' dir='ltr'><strong>Amphilochius,</strong></span> <span class='ocrx_word' id='word_1_48' title='bbox 1580 894 1641 942; x_wconf 87' lang='lat' dir='ltr'><strong>ut</strong></span> <span class='ocrx_word' id='word_1_49' title='bbox 1681 888 1827 941; x_wconf 83' lang='lat' dir='ltr'><strong>clare</strong></span> <span class='ocrx_word' id='word_1_50' title='bbox 1873 888 2013 941; x_wconf 78' lang='lat' dir='ltr'><strong>dixi-</strong></span> 
     </span>
    </p>
   </div>
   <div class='ocr_carea' id='block_1_10' title="bbox 427 978 2010 1049">
    <p class='ocr_par' dir='ltr' id='par_1_10' title="bbox 427 978 2010 1049">
     <span class='ocr_line' id='line_1_10' title="bbox 427 978 2010 1049; baseline -0.001 -16"><span class='ocrx_word' id='word_1_51' title='bbox 427 996 572 1046; x_wconf 87' lang='lat' dir='ltr'><strong>mus,</strong></span> <span class='ocrx_word' id='word_1_52' title='bbox 618 980 890 1035; x_wconf 70' lang='lat' dir='ltr'><strong>similiter.</strong></span> <span class='ocrx_word' id='word_1_53' title='bbox 943 978 1048 1032; x_wconf 85' lang='lat' dir='ltr'><strong>Scd</strong></span> <span class='ocrx_word' id='word_1_54' title='bbox 1098 987 1346 1033; x_wconf 77' lang='lat' dir='ltr'><strong>naturam</strong></span> <span class='ocrx_word' id='word_1_55' title='bbox 1389 994 1488 1049; x_wconf 88' lang='lat' dir='ltr'><strong>pro</strong></span> <span class='ocrx_word' id='word_1_56' title='bbox 1518 978 1822 1035; x_wconf 86' lang='lat' dir='ltr'><strong>substantia</strong></span> <span class='ocrx_word' id='word_1_57' title='bbox 1865 981 2010 1045; x_wconf 84' lang='lat' dir='ltr'><strong>capi,</strong></span> 
     </span>
    </p>
   </div>
   <div class='ocr_carea' id='block_1_11' title="bbox 425 1069 2008 1140">
    <p class='ocr_par' dir='ltr' id='par_1_11' title="bbox 425 1069 2008 1140">
     <span class='ocr_line' id='line_1_11' title="bbox 425 1069 2008 1140; baseline -0.002 -17"><span class='ocrx_word' id='word_1_58' title='bbox 425 1079 709 1127; x_wconf 83' lang='lat' dir='ltr'><strong>ostensum</strong></span> <span class='ocrx_word' id='word_1_59' title='bbox 740 1078 843 1133; x_wconf 89' lang='lat' dir='ltr'><strong>est,</strong></span> <span class='ocrx_word' id='word_1_60' title='bbox 878 1070 1103 1125; x_wconf 79' lang='lat' dir='ltr'><strong>abusive</strong></span> <span class='ocrx_word' id='word_1_61' title='bbox 1127 1082 1339 1138; x_wconf 88' lang='lat' dir='ltr'><strong>quoque</strong></span> <span class='ocrx_word' id='word_1_62' title='bbox 1367 1076 1422 1123; x_wconf 83' lang='lat' dir='ltr'><strong>et</strong></span> <span class='ocrx_word' id='word_1_63' title='bbox 1445 1083 1542 1137; x_wconf 92' lang='lat' dir='ltr'><strong>pro</strong></span> <span class='ocrx_word' id='word_1_64' title='bbox 1564 1069 1842 1140; x_wconf 73' lang='lat' dir='ltr'><strong>hyposmsi</strong></span> <span class='ocrx_word' id='word_1_65' title='bbox 1866 1069 2008 1136; x_wconf 83' lang='lat' dir='ltr'><strong>capi,</strong></span> 
     </span>
    </p>
   </div>
   <div class='ocr_carea' id='block_1_12' title="bbox 424 1160 2011 1234">
    <p class='ocr_par' dir='ltr' id='par_1_12' title="bbox 424 1160 2011 1234">
     <span class='ocr_line' id='line_1_12' title="bbox 424 1160 2011 1234; baseline -0.001 -17"><span class='ocrx_word' id='word_1_66' title='bbox 424 1163 662 1234; x_wconf 77' lang='lat' dir='ltr'><strong>Cyrillus</strong></span> <span class='ocrx_word' id='word_1_67' title='bbox 717 1171 966 1217; x_wconf 76' lang='lat' dir='ltr'><strong>testatur.</strong></span> <span class='ocrx_word' id='word_1_68' title='bbox 1033 1161 1165 1215; x_wconf 86' lang='lat' dir='ltr'><strong>Nam</strong></span> <span class='ocrx_word' id='word_1_69' title='bbox 1215 1163 1267 1216; x_wconf 92' lang='lat' dir='ltr'><strong>in</strong></span> <span class='ocrx_word' id='word_1_70' title='bbox 1318 1162 1709 1217; x_wconf 76' lang='lat' dir='ltr'><strong>controversiis</strong></span> <span class='ocrx_word' id='word_1_71' title='bbox 1751 1162 1868 1216; x_wconf 86' lang='lat' dir='ltr'><strong>ait:</strong></span> <span class='ocrx_word' id='word_1_72' title='bbox 1900 1160 2011 1216; x_wconf 83' lang='lat' dir='ltr'><strong>Nos</strong></span> 
     </span>
    </p>
   </div>
   <div class='ocr_carea' id='block_1_13' title="bbox 425 1255 2015 1326">
    <p class='ocr_par' dir='ltr' id='par_1_13' title="bbox 425 1255 2015 1326">
     <span class='ocr_line' id='line_1_13' title="bbox 425 1255 2015 1326; baseline -0.003 -17"><span class='ocrx_word' id='word_1_73' title='bbox 425 1258 592 1326; x_wconf 66' lang='lat' dir='ltr'><strong>igFIur</strong></span> <span class='ocrx_word' id='word_1_74' title='bbox 620 1257 769 1309; x_wconf 85' lang='lat' dir='ltr'><strong>illius</strong></span> <span class='ocrx_word' id='word_1_75' title='bbox 810 1258 1132 1326; x_wconf 75' lang='lat' dir='ltr'><strong>argumentis</strong></span> <span class='ocrx_word' id='word_1_76' title='bbox 1165 1270 1480 1325; x_wconf 82' lang='lat' dir='ltr'><strong>pugnamus,</strong></span> <span class='ocrx_word' id='word_1_77' title='bbox 1521 1256 1775 1308; x_wconf 76' lang='lat' dir='ltr'><strong>unitatem</strong></span> <span class='ocrx_word' id='word_1_78' title='bbox 1795 1255 1854 1308; x_wconf 86' lang='lat' dir='ltr'><strong>in</strong></span> <span class='ocrx_word' id='word_1_79' title='bbox 1894 1270 2015 1323; x_wconf 81' lang='lat' dir='ltr'><strong>per-</strong></span> 
     </span>
    </p>
   </div>
   <div class='ocr_carea' id='block_1_14' title="bbox 426 1346 2011 1415">
    <p class='ocr_par' dir='ltr' id='par_1_14' title="bbox 426 1346 2011 1415">
     <span class='ocr_line' id='line_1_14' title="bbox 426 1346 2011 1415; baseline -0.003 -13"><span class='ocrx_word' id='word_1_80' title='bbox 426 1364 559 1402; x_wconf 85' lang='lat' dir='ltr'><strong>sona</strong></span> <span class='ocrx_word' id='word_1_81' title='bbox 594 1349 712 1415; x_wconf 79' lang='lat' dir='ltr'><strong>ﬁeri</strong></span> <span class='ocrx_word' id='word_1_82' title='bbox 748 1349 1053 1411; x_wconf 85' lang='lat' dir='ltr'><strong>asserimus,</strong></span> <span class='ocrx_word' id='word_1_83' title='bbox 1085 1346 1217 1399; x_wconf 83' lang='lat' dir='ltr'><strong>nihil</strong></span> <span class='ocrx_word' id='word_1_84' title='bbox 1239 1346 1387 1399; x_wconf 85' lang='lat' dir='ltr'><strong>aliud</strong></span> <span class='ocrx_word' id='word_1_85' title='bbox 1419 1354 1703 1414; x_wconf 86' lang='lat' dir='ltr'><strong>apparente</strong></span> <span class='ocrx_word' id='word_1_86' title='bbox 1724 1346 2011 1398; x_wconf 84' lang='lat' dir='ltr'><strong>secundum</strong></span> 
     </span>
    </p>
   </div>
   <div class='ocr_carea' id='block_1_15' title="bbox 423 1434 2012 1507">
    <p class='ocr_par' dir='ltr' id='par_1_15' title="bbox 423 1434 2012 1507">
     <span class='ocr_line' id='line_1_15' title="bbox 423 1434 2012 1507; baseline -0.004 -16"><span class='ocrx_word' id='word_1_87' title='bbox 423 1439 759 1507; x_wconf 80' lang='lat' dir='ltr'><strong>hypostasin,</strong></span> <span class='ocrx_word' id='word_1_88' title='bbox 785 1452 942 1505; x_wconf 87' lang='lat' dir='ltr'><strong>quam</strong></span> <span class='ocrx_word' id='word_1_89' title='bbox 971 1436 1138 1491; x_wconf 86' lang='lat' dir='ltr'><strong>solam</strong></span> <span class='ocrx_word' id='word_1_90' title='bbox 1173 1434 1327 1488; x_wconf 80' lang='lat' dir='ltr'><strong>Verbi</strong></span> <span class='ocrx_word' id='word_1_91' title='bbox 1356 1446 1621 1498; x_wconf 88' lang='lat' dir='ltr'><strong>naturam,</strong></span> <span class='ocrx_word' id='word_1_92' title='bbox 1652 1436 1886 1487; x_wconf 75' lang='lat' dir='ltr'><strong>vide/iret</strong></span> <span class='ocrx_word' id='word_1_93' title='bbox 1918 1435 2012 1504; x_wconf 77' lang='lat' dir='ltr'><strong>Ity-</strong></span> 
     </span>
    </p>
   </div>
   <div class='ocr_carea' id='block_1_16' title="bbox 424 1526 2014 1599">
    <p class='ocr_par' dir='ltr' id='par_1_16' title="bbox 424 1526 2014 1599">
     <span class='ocr_line' id='line_1_16' title="bbox 424 1526 2014 1599; baseline -0.002 -16"><span class='ocrx_word' id='word_1_94' title='bbox 424 1531 686 1599; x_wconf 73' lang='lat' dir='ltr'><strong>postasin,</strong></span> <span class='ocrx_word' id='word_1_95' title='bbox 727 1530 866 1598; x_wconf 85' lang='lat' dir='ltr'><strong>quod</strong></span> <span class='ocrx_word' id='word_1_96' title='bbox 905 1537 1005 1594; x_wconf 82' lang='lat' dir='ltr'><strong>est,</strong></span> <span class='ocrx_word' id='word_1_97' title='bbox 1038 1529 1207 1597; x_wconf 81' lang='lat' dir='ltr'><strong>ipsum</strong></span> <span class='ocrx_word' id='word_1_98' title='bbox 1254 1526 1480 1580; x_wconf 85' lang='lat' dir='ltr'><strong>Verbum</strong></span> <span class='ocrx_word' id='word_1_99' title='bbox 1520 1530 1764 1580; x_wconf 77' lang='lat' dir='ltr'><strong>Iunnanre</strong></span> <span class='ocrx_word' id='word_1_100' title='bbox 1808 1538 2014 1580; x_wconf 79' lang='lat' dir='ltr'><strong>natura:</strong></span> 
     </span>
    </p>
   </div>
   <div class='ocr_carea' id='block_1_17' title="bbox 424 1608 2012 1686">
    <p class='ocr_par' dir='ltr' id='par_1_17' title="bbox 424 1608 2012 1686">
     <span class='ocr_line' id='line_1_17' title="bbox 424 1608 2012 1686; baseline -0.003 -11"><span class='ocrx_word' id='word_1_101' title='bbox 424 1637 605 1675; x_wconf 79' lang='lat' dir='ltr'><strong><em>revera</em></strong></span> <span class='ocrx_word' id='word_1_102' title='bbox 637 1608 866 1686; x_wconf 81' lang='lat' dir='ltr'><strong>unitum,</strong></span> <span class='ocrx_word' id='word_1_103' title='bbox 895 1620 1010 1673; x_wconf 86' lang='lat' dir='ltr'><strong>sine</strong></span> <span class='ocrx_word' id='word_1_104' title='bbox 1046 1621 1339 1672; x_wconf 86' lang='lat' dir='ltr'><strong>mutatione</strong></span> <span class='ocrx_word' id='word_1_105' title='bbox 1360 1628 1409 1671; x_wconf 88' lang='lat' dir='ltr'><strong>et</strong></span> <span class='ocrx_word' id='word_1_106' title='bbox 1434 1617 1761 1685; x_wconf 73' lang='lat' dir='ltr'><strong>confusione.</strong></span> <span class='ocrx_word' id='word_1_107' title='bbox 1795 1629 1849 1669; x_wconf 89' lang='lat' dir='ltr'><strong>ut</strong></span> <span class='ocrx_word' id='word_1_108' title='bbox 1877 1634 2012 1683; x_wconf 67' lang='grc' dir='ltr'><em>,τηερε</em></span> 
     </span>
    </p>
   </div>
   <div class='ocr_carea' id='block_1_18' title="bbox 416 1706 2077 1781">
    <p class='ocr_par' dir='ltr' id='par_1_18' title="bbox 416 1706 2077 1781">
     <span class='ocr_line' id='line_1_18' title="bbox 416 1706 2077 1781; baseline -0.001 -18"><span class='ocrx_word' id='word_1_109' title='bbox 416 1711 534 1781; x_wconf 87' lang='lat' dir='ltr'><strong>jam</strong></span> <span class='ocrx_word' id='word_1_110' title='bbox 562 1712 819 1774; x_wconf 65' lang='lat' dir='ltr'><strong>diximus,</strong></span> <span class='ocrx_word' id='word_1_111' title='bbox 851 1727 993 1765; x_wconf 85' lang='lat' dir='ltr'><strong>unus</strong></span> <span class='ocrx_word' id='word_1_112' title='bbox 1042 1726 1152 1764; x_wconf 82' lang='lat' dir='ltr'><strong>esse</strong></span> <span class='ocrx_word' id='word_1_113' title='bbox 1199 1710 1511 1778; x_wconf 82' lang='lat' dir='ltr'><strong>percipitur,</strong></span> <span class='ocrx_word' id='word_1_114' title='bbox 1557 1718 1605 1762; x_wconf 84' lang='lat' dir='ltr'><strong>et</strong></span> <span class='ocrx_word' id='word_1_115' title='bbox 1648 1718 1725 1763; x_wconf 85' lang='lat' dir='ltr'><strong>est</strong></span> <span class='ocrx_word' id='word_1_116' title='bbox 1771 1706 2011 1762; x_wconf 63' lang='lat' dir='ltr'><strong>Christus</strong></span> <span class='ocrx_word' id='word_1_117' title='bbox 2074 1736 2077 1739; x_wconf 55' lang='grc' dir='ltr'><strong>ι</strong></span> 
     </span>
    </p>
   </div>
   <div class='ocr_carea' id='block_1_19' title="bbox 425 1800 2010 1871">
    <p class='ocr_par' dir='ltr' id='par_1_19' title="bbox 425 1800 2010 1871">
     <span class='ocr_line' id='line_1_19' title="bbox 425 1800 2010 1871; baseline -0.002 -13"><span class='ocrx_word' id='word_1_118' title='bbox 425 1806 564 1860; x_wconf 81' lang='lat' dir='ltr'><strong>idem</strong></span> <span class='ocrx_word' id='word_1_119' title='bbox 595 1804 748 1858; x_wconf 85' lang='lat' dir='ltr'><strong>homo</strong></span> <span class='ocrx_word' id='word_1_120' title='bbox 784 1813 829 1858; x_wconf 88' lang='lat' dir='ltr'><strong>et</strong></span> <span class='ocrx_word' id='word_1_121' title='bbox 858 1804 1016 1858; x_wconf 82' lang='lat' dir='ltr'><strong>Deus.</strong></span> <span class='ocrx_word' id='word_1_122' title='bbox 1048 1803 1271 1869; x_wconf 79' lang='lat' dir='ltr'><strong>Magnus</strong></span> <span class='ocrx_word' id='word_1_123' title='bbox 1302 1817 1514 1871; x_wconf 70' lang='lat' dir='ltr'><strong>(pioque</strong></span> <span class='ocrx_word' id='word_1_124' title='bbox 1542 1800 1777 1857; x_wconf 80' lang='lat' dir='ltr'><strong>Basilius</strong></span> <span class='ocrx_word' id='word_1_125' title='bbox 1803 1802 2010 1870; x_wconf 84' lang='lat' dir='ltr'><strong>Cappa-</strong></span> 
     </span>
    </p>
   </div>
   <div class='ocr_carea' id='block_1_20' title="bbox 425 1875 2091 1965">
    <p class='ocr_par' dir='ltr' id='par_1_20' title="bbox 425 1875 2091 1965">
     <span class='ocr_line' id='line_1_20' title="bbox 425 1875 2091 1965; baseline -0.005 -13"><span class='ocrx_word' id='word_1_126' title='bbox 425 1897 553 1963; x_wconf 87' lang='lat' dir='ltr'><strong>dox,</strong></span> <span class='ocrx_word' id='word_1_127' title='bbox 587 1896 745 1965; x_wconf 83' lang='lat' dir='ltr'><strong>cujus</strong></span> <span class='ocrx_word' id='word_1_128' title='bbox 775 1895 914 1949; x_wconf 80' lang='lat' dir='ltr'><strong>fama</strong></span> <span class='ocrx_word' id='word_1_129' title='bbox 954 1895 1271 1949; x_wconf 86' lang='lat' dir='ltr'><strong>universum</strong></span> <span class='ocrx_word' id='word_1_130' title='bbox 1302 1903 1630 1963; x_wconf 80' lang='lat' dir='ltr'><strong>pervagatur</strong></span> <span class='ocrx_word' id='word_1_131' title='bbox 1656 1895 1869 1953; x_wconf 87' lang='lat' dir='ltr'><strong>orbem.</strong></span> <span class='ocrx_word' id='word_1_132' title='bbox 1903 1895 2014 1961; x_wconf 80' lang='lat' dir='ltr'><strong>for-</strong></span> <span class='ocrx_word' id='word_1_133' title='bbox 2052 1875 2091 1930; x_wconf 64' lang='grc' dir='ltr'><strong>θ</strong></span> 
     </span>
    </p>
   </div>
   <div class='ocr_carea' id='block_1_21' title="bbox 425 1983 2016 2051">
    <p class='ocr_par' dir='ltr' id='par_1_21' title="bbox 425 1983 2016 2051">
     <span class='ocr_line' id='line_1_21' title="bbox 425 1983 2016 2051; baseline -0.002 -11"><span class='ocrx_word' id='word_1_134' title='bbox 425 2004 567 2040; x_wconf 88' lang='lat' dir='ltr'><strong>mam</strong></span> <span class='ocrx_word' id='word_1_135' title='bbox 597 1996 651 2040; x_wconf 90' lang='lat' dir='ltr'><strong>et</strong></span> <span class='ocrx_word' id='word_1_136' title='bbox 678 1986 961 2040; x_wconf 75' lang='lat' dir='ltr'><strong>essentiam</strong></span> <span class='ocrx_word' id='word_1_137' title='bbox 998 1986 1140 2039; x_wconf 87' lang='lat' dir='ltr'><strong>idem</strong></span> <span class='ocrx_word' id='word_1_138' title='bbox 1168 2000 1288 2038; x_wconf 79' lang='lat' dir='ltr'><strong>csse</strong></span> <span class='ocrx_word' id='word_1_139' title='bbox 1319 1984 1497 2039; x_wconf 87' lang='lat' dir='ltr'><strong>docet.</strong></span> <span class='ocrx_word' id='word_1_140' title='bbox 1536 1983 1769 2039; x_wconf 89' lang='lat' dir='ltr'><strong>Proclus</strong></span> <span class='ocrx_word' id='word_1_141' title='bbox 1792 1998 2016 2051; x_wconf 85' lang='lat' dir='ltr'><strong>quoque</strong></span> 
     </span>
    </p>
   </div>
   <div class='ocr_carea' id='block_1_22' title="bbox 427 2075 2016 2146">
    <p class='ocr_par' dir='ltr' id='par_1_22' title="bbox 427 2075 2016 2146">
     <span class='ocr_line' id='line_1_22' title="bbox 427 2075 2016 2146; baseline -0.002 -15"><span class='ocrx_word' id='word_1_142' title='bbox 427 2077 1068 2146; x_wconf 64' lang='lat' dir='ltr'><strong>Constantinopolitanae.</strong></span> <span class='ocrx_word' id='word_1_143' title='bbox 1092 2075 1403 2146; x_wconf 73' lang='lat' dir='ltr'><strong>patriarcha</strong></span> <span class='ocrx_word' id='word_1_144' title='bbox 1431 2075 1689 2131; x_wconf 82' lang='lat' dir='ltr'><strong>similiter</strong></span> <span class='ocrx_word' id='word_1_145' title='bbox 1713 2093 1728 2130; x_wconf 90' lang='lat'><strong>:</strong></span> <span class='ocrx_word' id='word_1_146' title='bbox 1758 2075 1846 2129; x_wconf 91' lang='lat' dir='ltr'><strong>ille</strong></span> <span class='ocrx_word' id='word_1_147' title='bbox 1871 2076 2016 2129; x_wconf 89' lang='lat' dir='ltr'><strong>enim</strong></span> 
     </span>
    </p>
   </div>
   <div class='ocr_carea' id='block_1_23' title="bbox 429 2166 2020 2237">
    <p class='ocr_par' dir='ltr' id='par_1_23' title="bbox 429 2166 2020 2237">
     <span class='ocr_line' id='line_1_23' title="bbox 429 2166 2020 2237; baseline -0.001 -14"><span class='ocrx_word' id='word_1_148' title='bbox 429 2170 662 2225; x_wconf 83' lang='lat' dir='ltr'><strong>formam</strong></span> <span class='ocrx_word' id='word_1_149' title='bbox 692 2168 988 2224; x_wconf 88' lang='lat' dir='ltr'><strong>essentiam</strong></span> <span class='ocrx_word' id='word_1_150' title='bbox 1014 2167 1324 2237; x_wconf 81' lang='lat' dir='ltr'><strong>appellavit,</strong></span> <span class='ocrx_word' id='word_1_151' title='bbox 1348 2166 1438 2220; x_wconf 90' lang='lat' dir='ltr'><strong>hic</strong></span> <span class='ocrx_word' id='word_1_152' title='bbox 1474 2180 1602 2220; x_wconf 87' lang='lat' dir='ltr'><strong>vero</strong></span> <span class='ocrx_word' id='word_1_153' title='bbox 1624 2173 1899 2220; x_wconf 90' lang='lat' dir='ltr'><strong>naturam.</strong></span> <span class='ocrx_word' id='word_1_154' title='bbox 1927 2167 2020 2221; x_wconf 89' lang='lat' dir='ltr'><strong>Sic</strong></span> 
     </span>
    </p>
   </div>
   <div class='ocr_carea' id='block_1_24' title="bbox 428 2258 2018 2317">
    <p class='ocr_par' dir='ltr' id='par_1_24' title="bbox 428 2258 2018 2317">
     <span class='ocr_line' id='line_1_24' title="bbox 428 2258 2018 2317; baseline -0.003 0"><span class='ocrx_word' id='word_1_155' title='bbox 428 2273 483 2317; x_wconf 91' lang='lat' dir='ltr'><strong>et</strong></span> <span class='ocrx_word' id='word_1_156' title='bbox 513 2260 703 2315; x_wconf 83' lang='lat' dir='ltr'><strong>Patres</strong></span> <span class='ocrx_word' id='word_1_157' title='bbox 731 2262 902 2314; x_wconf 86' lang='lat' dir='ltr'><strong>nostri</strong></span> <span class='ocrx_word' id='word_1_158' title='bbox 934 2275 963 2314; x_wconf 91' lang='lat' dir='ltr'><strong>e</strong></span> <span class='ocrx_word' id='word_1_159' title='bbox 991 2259 1202 2314; x_wconf 88' lang='lat' dir='ltr'><strong>duabus</strong></span> <span class='ocrx_word' id='word_1_160' title='bbox 1232 2268 1488 2314; x_wconf 85' lang='lat' dir='ltr'><strong>constare</strong></span> <span class='ocrx_word' id='word_1_161' title='bbox 1518 2258 1728 2313; x_wconf 88' lang='lat' dir='ltr'><strong>naturis</strong></span> <span class='ocrx_word' id='word_1_162' title='bbox 1775 2258 2018 2313; x_wconf 68' lang='lat' dir='ltr'><strong>dicentes</strong></span> 
     </span>
    </p>
   </div>
   <div class='ocr_carea' id='block_1_25' title="bbox 429 2350 2021 2421">
    <p class='ocr_par' dir='ltr' id='par_1_25' title="bbox 429 2350 2021 2421">
     <span class='ocr_line' id='line_1_25' title="bbox 429 2350 2021 2421; baseline -0.005 -10"><span class='ocrx_word' id='word_1_163' title='bbox 429 2354 706 2411; x_wconf 88' lang='lat' dir='ltr'><strong>Christum</strong></span> <span class='ocrx_word' id='word_1_164' title='bbox 740 2352 952 2419; x_wconf 82' lang='lat' dir='ltr'><strong>Jesum,</strong></span> <span class='ocrx_word' id='word_1_165' title='bbox 995 2367 1025 2406; x_wconf 90' lang='lat' dir='ltr'><strong>e</strong></span> <span class='ocrx_word' id='word_1_166' title='bbox 1065 2353 1276 2405; x_wconf 86' lang='lat' dir='ltr'><strong>duabus</strong></span> <span class='ocrx_word' id='word_1_167' title='bbox 1317 2351 1642 2407; x_wconf 85' lang='lat' dir='ltr'><strong>substantiis</strong></span> <span class='ocrx_word' id='word_1_168' title='bbox 1688 2350 2021 2421; x_wconf 81' lang='lat' dir='ltr'><strong>intelligunt.</strong></span> 
     </span>
    </p>
   </div>
   <div class='ocr_carea' id='block_1_26' title="bbox 429 2442 2019 2514">
    <p class='ocr_par' dir='ltr' id='par_1_26' title="bbox 429 2442 2019 2514">
     <span class='ocr_line' id='line_1_26' title="bbox 429 2442 2019 2514; baseline -0.003 -13"><span class='ocrx_word' id='word_1_169' title='bbox 429 2446 897 2514; x_wconf 87' lang='lat' dir='ltr'><strong>Quemadmodum</strong></span> <span class='ocrx_word' id='word_1_170' title='bbox 934 2455 988 2500; x_wconf 92' lang='lat' dir='ltr'><strong>et</strong></span> <span class='ocrx_word' id='word_1_171' title='bbox 1014 2461 1136 2499; x_wconf 89' lang='lat' dir='ltr'><strong>cum</strong></span> <span class='ocrx_word' id='word_1_172' title='bbox 1159 2445 1212 2498; x_wconf 91' lang='lat' dir='ltr'><strong>iu</strong></span> <span class='ocrx_word' id='word_1_173' title='bbox 1240 2443 1454 2498; x_wconf 89' lang='lat' dir='ltr'><strong>duabus</strong></span> <span class='ocrx_word' id='word_1_174' title='bbox 1470 2443 1704 2508; x_wconf 87' lang='lat' dir='ltr'><strong>naturis,</strong></span> <span class='ocrx_word' id='word_1_175' title='bbox 1731 2443 1783 2496; x_wconf 91' lang='lat' dir='ltr'><strong>iu</strong></span> <span class='ocrx_word' id='word_1_176' title='bbox 1804 2442 2019 2496; x_wconf 88' lang='lat' dir='ltr'><strong>duabus</strong></span> 
     </span>
    </p>
   </div>
   <div class='ocr_carea' id='block_1_27' title="bbox 430 2533 2021 2599">
    <p class='ocr_par' dir='ltr' id='par_1_27' title="bbox 430 2533 2021 2599">
     <span class='ocr_line' id='line_1_27' title="bbox 430 2533 2021 2599; baseline -0.004 -5"><span class='ocrx_word' id='word_1_177' title='bbox 430 2538 776 2594; x_wconf 86' lang='lat' dir='ltr'><strong>substantiis.</strong></span> <span class='ocrx_word' id='word_1_178' title='bbox 814 2537 879 2589; x_wconf 90' lang='lat' dir='ltr'><strong>Et</strong></span> <span class='ocrx_word' id='word_1_179' title='bbox 921 2537 1009 2591; x_wconf 90' lang='lat' dir='ltr'><strong>ille</strong></span> <span class='ocrx_word' id='word_1_180' title='bbox 1040 2535 1263 2590; x_wconf 89' lang='lat' dir='ltr'><strong>tonitrui</strong></span> <span class='ocrx_word' id='word_1_181' title='bbox 1314 2535 1456 2592; x_wconf 90' lang='lat' dir='ltr'><strong>lilius</strong></span> <span class='ocrx_word' id='word_1_182' title='bbox 1495 2533 1639 2590; x_wconf 89' lang='lat' dir='ltr'><strong>idem</strong></span> <span class='ocrx_word' id='word_1_183' title='bbox 1687 2535 1861 2599; x_wconf 81' lang='lat' dir='ltr'><strong>docet,</strong></span> <span class='ocrx_word' id='word_1_184' title='bbox 1895 2548 2021 2589; x_wconf 93' lang='lat' dir='ltr'><strong>cum</strong></span> 
     </span>
    </p>
   </div>
   <div class='ocr_carea' id='block_1_28' title="bbox 432 2624 2021 2697">
    <p class='ocr_par' dir='ltr' id='par_1_28' title="bbox 432 2624 2021 2697">
     <span class='ocr_line' id='line_1_28' title="bbox 432 2624 2021 2697; baseline -0.006 -11"><span class='ocrx_word' id='word_1_185' title='bbox 432 2630 511 2685; x_wconf 88' lang='lat' dir='ltr'><strong>ait</strong></span> <span class='ocrx_word' id='word_1_186' title='bbox 536 2648 551 2686; x_wconf 86' lang='lat'><strong>:</strong></span> <span class='ocrx_word' id='word_1_187' title='bbox 577 2629 732 2695; x_wconf 85' lang='lat' dir='ltr'><strong>Quod</strong></span> <span class='ocrx_word' id='word_1_188' title='bbox 756 2628 862 2697; x_wconf 74' lang='lat' dir='ltr'><strong>fuit</strong></span> <span class='ocrx_word' id='word_1_189' title='bbox 899 2629 954 2682; x_wconf 87' lang='lat' dir='ltr'><strong>in</strong></span> <span class='ocrx_word' id='word_1_190' title='bbox 980 2627 1152 2691; x_wconf 84' lang='lat' dir='ltr'><strong>initio,</strong></span> <span class='ocrx_word' id='word_1_191' title='bbox 1185 2626 1324 2696; x_wconf 82' lang='lat' dir='ltr'><strong>quod</strong></span> <span class='ocrx_word' id='word_1_192' title='bbox 1361 2625 1587 2679; x_wconf 76' lang='lat' dir='ltr'><strong>vidimus</strong></span> <span class='ocrx_word' id='word_1_193' title='bbox 1611 2624 1777 2679; x_wconf 76' lang='lat' dir='ltr'><strong>oculis</strong></span> <span class='ocrx_word' id='word_1_194' title='bbox 1805 2624 2021 2686; x_wconf 85' lang='lat' dir='ltr'><strong>nostris,</strong></span> 
     </span>
    </p>
   </div>
   <div class='ocr_carea' id='block_1_29' title="bbox 432 2716 2019 2784">
    <p class='ocr_par' dir='ltr' id='par_1_29' title="bbox 432 2716 2019 2784">
     <span class='ocr_line' id='line_1_29' title="bbox 432 2716 2019 2784; baseline -0.005 -7"><span class='ocrx_word' id='word_1_195' title='bbox 432 2733 479 2777; x_wconf 88' lang='lat' dir='ltr'><strong>et</strong></span> <span class='ocrx_word' id='word_1_196' title='bbox 506 2738 695 2777; x_wconf 83' lang='lat' dir='ltr'><strong>manus</strong></span> <span class='ocrx_word' id='word_1_197' title='bbox 741 2729 937 2775; x_wconf 73' lang='lat' dir='ltr'><strong>nostra:</strong></span> <span class='ocrx_word' id='word_1_198' title='bbox 990 2728 1464 2784; x_wconf 76' lang='lat' dir='ltr'><strong>contrectaverunt,</strong></span> <span class='ocrx_word' id='word_1_199' title='bbox 1509 2716 1573 2771; x_wconf 83' lang='lat' dir='ltr'><strong>de</strong></span> <span class='ocrx_word' id='word_1_200' title='bbox 1634 2716 1803 2771; x_wconf 88' lang='lat' dir='ltr'><strong>Verba</strong></span> <span class='ocrx_word' id='word_1_201' title='bbox 1849 2718 2019 2771; x_wconf 69' lang='lat' dir='ltr'><strong>vitaz&#39;.</strong></span> 
     </span>
    </p>
   </div>
   <div class='ocr_carea' id='block_1_30' title="bbox 432 2808 2025 2880">
    <p class='ocr_par' dir='ltr' id='par_1_30' title="bbox 432 2808 2025 2880">
     <span class='ocr_line' id='line_1_30' title="bbox 432 2808 2025 2880; baseline -0.004 -10"><span class='ocrx_word' id='word_1_202' title='bbox 432 2812 618 2870; x_wconf 89' lang='lat' dir='ltr'><strong>Unum</strong></span> <span class='ocrx_word' id='word_1_203' title='bbox 678 2822 733 2869; x_wconf 89' lang='lat' dir='ltr'><strong>et</strong></span> <span class='ocrx_word' id='word_1_204' title='bbox 811 2814 1065 2868; x_wconf 84' lang='lat' dir='ltr'><strong>eumdem</strong></span> <span class='ocrx_word' id='word_1_205' title='bbox 1122 2825 1218 2880; x_wconf 88' lang='lat' dir='ltr'><strong>per</strong></span> <span class='ocrx_word' id='word_1_206' title='bbox 1291 2825 1414 2879; x_wconf 72' lang='lat' dir='ltr'><strong>qua:</strong></span> <span class='ocrx_word' id='word_1_207' title='bbox 1465 2810 1704 2865; x_wconf 77' lang='lat' dir='ltr'><strong>diximus</strong></span> <span class='ocrx_word' id='word_1_208' title='bbox 1775 2808 2025 2863; x_wconf 86' lang='lat' dir='ltr'><strong>manibus</strong></span> 
     </span>
    </p>
   </div>
   <div class='ocr_carea' id='block_1_31' title="bbox 433 2898 2023 2968">
    <p class='ocr_par' dir='ltr' id='par_1_31' title="bbox 433 2898 2023 2968">
     <span class='ocr_line' id='line_1_31' title="bbox 433 2898 2023 2968; baseline -0.005 -11"><span class='ocrx_word' id='word_1_209' title='bbox 433 2903 773 2958; x_wconf 78' lang='lat' dir='ltr'><strong>tractabilem</strong></span> <span class='ocrx_word' id='word_1_210' title='bbox 806 2911 1057 2956; x_wconf 86' lang='lat' dir='ltr'><strong>naturam</strong></span> <span class='ocrx_word' id='word_1_211' title='bbox 1106 2900 1307 2954; x_wconf 84' lang='lat' dir='ltr'><strong>habere</strong></span> <span class='ocrx_word' id='word_1_212' title='bbox 1343 2908 1398 2953; x_wconf 90' lang='lat' dir='ltr'><strong>et</strong></span> <span class='ocrx_word' id='word_1_213' title='bbox 1439 2898 1860 2964; x_wconf 83' lang='lat' dir='ltr'><strong>intractabilem,</strong></span> <span class='ocrx_word' id='word_1_214' title='bbox 1886 2914 2023 2968; x_wconf 65' lang='lat' dir='ltr'><strong>pra:-</strong></span> 
     </span>
    </p>
   </div>
   <div class='ocr_carea' id='block_1_32' title="bbox 433 2991 2029 3059">
    <p class='ocr_par' dir='ltr' id='par_1_32' title="bbox 433 2991 2029 3059">
     <span class='ocr_line' id='line_1_32' title="bbox 433 2991 2029 3059; baseline -0.004 -8"><span class='ocrx_word' id='word_1_215' title='bbox 433 2995 654 3051; x_wconf 86' lang='lat' dir='ltr'><strong>dicavit.</strong></span> <span class='ocrx_word' id='word_1_216' title='bbox 691 2994 923 3050; x_wconf 83' lang='lat' dir='ltr'><strong>Verbum</strong></span> <span class='ocrx_word' id='word_1_217' title='bbox 972 2995 1117 3059; x_wconf 87' lang='lat' dir='ltr'><strong>enim</strong></span> <span class='ocrx_word' id='word_1_218' title='bbox 1173 2991 1518 3047; x_wconf 85' lang='lat' dir='ltr'><strong>intractabile</strong></span> <span class='ocrx_word' id='word_1_219' title='bbox 1574 3000 1863 3046; x_wconf 85' lang='lat' dir='ltr'><strong>tractatum</strong></span> <span class='ocrx_word' id='word_1_220' title='bbox 1905 3005 2029 3045; x_wconf 89' lang='lat' dir='ltr'><strong>esse</strong></span> 
     </span>
    </p>
   </div>
   <div class='ocr_carea' id='block_1_33' title="bbox 437 3083 2028 3154">
    <p class='ocr_par' dir='ltr' id='par_1_33' title="bbox 437 3083 2028 3154">
     <span class='ocr_line' id='line_1_33' title="bbox 437 3083 2028 3154; baseline -0.004 -9"><span class='ocrx_word' id='word_1_221' title='bbox 437 3089 721 3152; x_wconf 58' lang='lat' dir='ltr'><strong>o;tenilit,</strong></span> <span class='ocrx_word' id='word_1_222' title='bbox 785 3097 841 3142; x_wconf 85' lang='lat' dir='ltr'><strong>et</strong></span> <span class='ocrx_word' id='word_1_223' title='bbox 902 3087 1174 3142; x_wconf 77' lang='lat' dir='ltr'><strong>invisibile</strong></span> <span class='ocrx_word' id='word_1_224' title='bbox 1236 3086 1412 3141; x_wconf 89' lang='lat' dir='ltr'><strong>visum</strong></span> <span class='ocrx_word' id='word_1_225' title='bbox 1462 3083 1631 3139; x_wconf 73' lang='lat' dir='ltr'><strong>fuisse</strong></span> <span class='ocrx_word' id='word_1_226' title='bbox 1692 3083 2028 3154; x_wconf 80' lang='lat' dir='ltr'><strong>praenuntia-</strong></span> 
     </span>
    </p>
   </div>
   <div class='ocr_carea' id='block_1_34' title="bbox 437 3177 2101 3273">
    <p class='ocr_par' dir='ltr' id='par_1_34' title="bbox 437 3177 2101 3273">
     <span class='ocr_line' id='line_1_34' title="bbox 437 3177 2101 3273; baseline -0.001 -41"><span class='ocrx_word' id='word_1_227' title='bbox 437 3181 537 3235; x_wconf 85' lang='lat' dir='ltr'><strong>vit.</strong></span> <span class='ocrx_word' id='word_1_228' title='bbox 574 3182 755 3248; x_wconf 83' lang='lat' dir='ltr'><strong>Quare</strong></span> <span class='ocrx_word' id='word_1_229' title='bbox 794 3179 1050 3235; x_wconf 86' lang='lat' dir='ltr'><strong>Christus</strong></span> <span class='ocrx_word' id='word_1_230' title='bbox 1100 3194 1239 3235; x_wconf 90' lang='lat' dir='ltr'><strong>unus</strong></span> <span class='ocrx_word' id='word_1_231' title='bbox 1275 3178 1328 3234; x_wconf 91' lang='lat' dir='ltr'><strong>in</strong></span> <span class='ocrx_word' id='word_1_232' title='bbox 1360 3178 1640 3249; x_wconf 88' lang='lat' dir='ltr'><strong>palpabili,</strong></span> <span class='ocrx_word' id='word_1_233' title='bbox 1678 3187 1733 3235; x_wconf 85' lang='lat' dir='ltr'><strong>et</strong></span> <span class='ocrx_word' id='word_1_234' title='bbox 1764 3177 2028 3249; x_wconf 86' lang='lat' dir='ltr'><strong>impalpa-</strong></span> <span class='ocrx_word' id='word_1_235' title='bbox 2057 3213 2101 3273; x_wconf 65' lang='grc' dir='ltr'>α</span> 
     </span>
    </p>
   </div>
   <div class='ocr_carea' id='block_1_35' title="bbox 438 3271 2026 3340">
    <p class='ocr_par' dir='ltr' id='par_1_35' title="bbox 438 3271 2026 3340">
     <span class='ocr_line' id='line_1_35' title="bbox 438 3271 2026 3340; baseline -0.002 -14"><span class='ocrx_word' id='word_1_236' title='bbox 438 3272 536 3327; x_wconf 84' lang='lat' dir='ltr'><strong>bili</strong></span> <span class='ocrx_word' id='word_1_237' title='bbox 597 3272 928 3338; x_wconf 85' lang='lat' dir='ltr'><strong>substantia,</strong></span> <span class='ocrx_word' id='word_1_238' title='bbox 982 3280 1042 3326; x_wconf 90' lang='lat' dir='ltr'><strong>ut</strong></span> <span class='ocrx_word' id='word_1_239' title='bbox 1085 3278 1141 3326; x_wconf 87' lang='lat' dir='ltr'><strong>et</strong></span> <span class='ocrx_word' id='word_1_240' title='bbox 1193 3272 1244 3325; x_wconf 91' lang='lat' dir='ltr'><strong>iu</strong></span> <span class='ocrx_word' id='word_1_241' title='bbox 1298 3271 1497 3326; x_wconf 88' lang='lat' dir='ltr'><strong>visibili</strong></span> <span class='ocrx_word' id='word_1_242' title='bbox 1547 3280 1713 3340; x_wconf 83' lang='lat' dir='ltr'><strong>atque</strong></span> <span class='ocrx_word' id='word_1_243' title='bbox 1765 3271 2026 3326; x_wconf 84' lang='lat' dir='ltr'><strong>invisibili</strong></span> 
     </span>
    </p>
   </div>
   <div class='ocr_carea' id='block_1_36' title="bbox 440 3364 2030 3437">
    <p class='ocr_par' dir='ltr' id='par_1_36' title="bbox 440 3364 2030 3437">
     <span class='ocr_line' id='line_1_36' title="bbox 440 3364 2030 3437; baseline -0.003 -16"><span class='ocrx_word' id='word_1_244' title='bbox 440 3366 809 3437; x_wconf 79' lang='lat' dir='ltr'><strong>cognoscitur,</strong></span> <span class='ocrx_word' id='word_1_245' title='bbox 845 3374 896 3420; x_wconf 82' lang='lat' dir='ltr'><strong>et</strong></span> <span class='ocrx_word' id='word_1_246' title='bbox 937 3365 1058 3420; x_wconf 87' lang='lat' dir='ltr'><strong>aliis</strong></span> <span class='ocrx_word' id='word_1_247' title='bbox 1091 3373 1395 3435; x_wconf 61' lang='lat' dir='ltr'><strong>praeceptor</strong></span> <span class='ocrx_word' id='word_1_248' title='bbox 1434 3367 1770 3435; x_wconf 80' lang='lat' dir='ltr'><strong>agnoscitur.</strong></span> <span class='ocrx_word' id='word_1_249' title='bbox 1807 3364 1863 3418; x_wconf 89' lang='lat' dir='ltr'><strong>Si</strong></span> <span class='ocrx_word' id='word_1_250' title='bbox 1885 3365 2030 3419; x_wconf 89' lang='lat' dir='ltr'><strong>enim</strong></span> 
     </span>
    </p>
   </div>
   <div class='ocr_carea' id='block_1_37' title="bbox 441 3456 2030 3527">
    <p class='ocr_par' dir='ltr' id='par_1_37' title="bbox 441 3456 2030 3527">
     <span class='ocr_line' id='line_1_37' title="bbox 441 3456 2030 3527; baseline -0.001 -17"><span class='ocrx_word' id='word_1_251' title='bbox 441 3467 491 3510; x_wconf 84' lang='lat' dir='ltr'><strong>et</strong></span> <span class='ocrx_word' id='word_1_252' title='bbox 519 3457 682 3511; x_wconf 89' lang='lat' dir='ltr'><strong>unius</strong></span> <span class='ocrx_word' id='word_1_253' title='bbox 704 3472 950 3527; x_wconf 78' lang='lat' dir='ltr'><strong>persona:</strong></span> <span class='ocrx_word' id='word_1_254' title='bbox 978 3456 1204 3511; x_wconf 89' lang='lat' dir='ltr'><strong>alterum</strong></span> <span class='ocrx_word' id='word_1_255' title='bbox 1230 3473 1244 3510; x_wconf 91' lang='lat'><strong>:</strong></span> <span class='ocrx_word' id='word_1_256' title='bbox 1272 3456 1365 3511; x_wconf 91' lang='lat' dir='ltr'><strong>sed</strong></span> <span class='ocrx_word' id='word_1_257' title='bbox 1396 3470 1552 3510; x_wconf 86' lang='lat' dir='ltr'><strong>nemo</strong></span> <span class='ocrx_word' id='word_1_258' title='bbox 1580 3471 1716 3510; x_wconf 87' lang='lat' dir='ltr'><strong>sana</strong></span> <span class='ocrx_word' id='word_1_259' title='bbox 1750 3467 1930 3510; x_wconf 89' lang='lat' dir='ltr'><strong>mente</strong></span> <span class='ocrx_word' id='word_1_260' title='bbox 1950 3458 2030 3510; x_wconf 59' lang='lat' dir='ltr'><strong>dio</strong></span> 
     </span>
    </p>
   </div>
   <div class='ocr_carea' id='block_1_38' title="bbox 442 3548 2034 3619">
    <p class='ocr_par' dir='ltr' id='par_1_38' title="bbox 442 3548 2034 3619">
     <span class='ocr_line' id='line_1_38' title="bbox 442 3548 2034 3619; baseline -0.003 -13"><span class='ocrx_word' id='word_1_261' title='bbox 442 3565 570 3606; x_wconf 88' lang='lat' dir='ltr'><strong>cere</strong></span> <span class='ocrx_word' id='word_1_262' title='bbox 599 3560 784 3619; x_wconf 89' lang='lat' dir='ltr'><strong>queat,</strong></span> <span class='ocrx_word' id='word_1_263' title='bbox 812 3558 874 3604; x_wconf 90' lang='lat' dir='ltr'><strong>ut</strong></span> <span class='ocrx_word' id='word_1_264' title='bbox 898 3551 1089 3605; x_wconf 85' lang='lat' dir='ltr'><strong>eadem</strong></span> <span class='ocrx_word' id='word_1_265' title='bbox 1124 3558 1318 3604; x_wconf 83' lang='lat' dir='ltr'><strong>natura</strong></span> <span class='ocrx_word' id='word_1_266' title='bbox 1350 3549 1657 3604; x_wconf 86' lang='lat' dir='ltr'><strong>tractabilis</strong></span> <span class='ocrx_word' id='word_1_267' title='bbox 1685 3558 1740 3603; x_wconf 90' lang='lat' dir='ltr'><strong>et</strong></span> <span class='ocrx_word' id='word_1_268' title='bbox 1770 3548 2034 3605; x_wconf 84' lang='lat' dir='ltr'><strong>intracta-</strong></span> 
     </span>
    </p>
   </div>
   <div class='ocr_carea' id='block_1_39' title="bbox 441 3642 2036 3713">
    <p class='ocr_par' dir='ltr' id='par_1_39' title="bbox 441 3642 2036 3713">
     <span class='ocr_line' id='line_1_39' title="bbox 441 3642 2036 3713; baseline 0 -16"><span class='ocrx_word' id='word_1_269' title='bbox 441 3643 588 3708; x_wconf 84' lang='lat' dir='ltr'><strong>bilis,</strong></span> <span class='ocrx_word' id='word_1_270' title='bbox 616 3643 717 3698; x_wconf 89' lang='lat' dir='ltr'><strong>sub</strong></span> <span class='ocrx_word' id='word_1_271' title='bbox 735 3652 1016 3713; x_wconf 88' lang='lat' dir='ltr'><strong>aspectum</strong></span> <span class='ocrx_word' id='word_1_272' title='bbox 1040 3643 1284 3698; x_wconf 88' lang='lat' dir='ltr'><strong>cadentis</strong></span> <span class='ocrx_word' id='word_1_273' title='bbox 1306 3650 1361 3697; x_wconf 89' lang='lat' dir='ltr'><strong>et</strong></span> <span class='ocrx_word' id='word_1_274' title='bbox 1385 3642 1629 3706; x_wconf 89' lang='lat' dir='ltr'><strong>minime,</strong></span> <span class='ocrx_word' id='word_1_275' title='bbox 1664 3642 1743 3696; x_wconf 91' lang='lat' dir='ltr'><strong>sic</strong></span> <span class='ocrx_word' id='word_1_276' title='bbox 1767 3651 1823 3697; x_wconf 89' lang='lat' dir='ltr'><strong>et</strong></span> <span class='ocrx_word' id='word_1_277' title='bbox 1846 3657 1875 3696; x_wconf 88' lang='lat' dir='ltr'><strong>a</strong></span> <span class='ocrx_word' id='word_1_278' title='bbox 1903 3642 2036 3697; x_wconf 81' lang='lat' dir='ltr'><strong>lide-</strong></span> 
     </span>
    </p>
   </div>
   <div class='ocr_carea' id='block_1_40' title="bbox 444 3732 2038 3805">
    <p class='ocr_par' dir='ltr' id='par_1_40' title="bbox 444 3732 2038 3805">
     <span class='ocr_line' id='line_1_40' title="bbox 444 3732 2038 3805; baseline 0.001 -18"><span class='ocrx_word' id='word_1_279' title='bbox 444 3734 587 3791; x_wconf 85' lang='lat' dir='ltr'><strong>libus</strong></span> <span class='ocrx_word' id='word_1_280' title='bbox 610 3743 891 3805; x_wconf 87' lang='lat' dir='ltr'><strong>sumptum</strong></span> <span class='ocrx_word' id='word_1_281' title='bbox 914 3733 1118 3788; x_wconf 74' lang='lat' dir='ltr'><strong>Christi</strong></span> <span class='ocrx_word' id='word_1_282' title='bbox 1145 3748 1362 3803; x_wconf 83' lang='lat' dir='ltr'><strong>corpus,</strong></span> <span class='ocrx_word' id='word_1_283' title='bbox 1392 3744 1447 3788; x_wconf 87' lang='lat' dir='ltr'><strong>et</strong></span> <span class='ocrx_word' id='word_1_284' title='bbox 1476 3732 1753 3790; x_wconf 84' lang='lat' dir='ltr'><strong>sensibilis</strong></span> <span class='ocrx_word' id='word_1_285' title='bbox 1784 3734 2038 3790; x_wconf 66' lang='lat' dir='ltr'><strong>essentia:</strong></span> 
     </span>
    </p>
   </div>
   <div class='ocr_carea' id='block_1_41' title="bbox 448 3823 2036 3897">
    <p class='ocr_par' dir='ltr' id='par_1_41' title="bbox 448 3823 2036 3897">
     <span class='ocr_line' id='line_1_41' title="bbox 448 3823 2036 3897; baseline -0.001 -17"><span class='ocrx_word' id='word_1_286' title='bbox 448 3841 554 3881; x_wconf 90' lang='lat' dir='ltr'><strong>non</strong></span> <span class='ocrx_word' id='word_1_287' title='bbox 588 3825 959 3897; x_wconf 78' lang='lat' dir='ltr'><strong>cognoscitur,</strong></span> <span class='ocrx_word' id='word_1_288' title='bbox 1001 3832 1056 3880; x_wconf 88' lang='lat' dir='ltr'><strong>et</strong></span> <span class='ocrx_word' id='word_1_289' title='bbox 1086 3824 1381 3879; x_wconf 85' lang='lat' dir='ltr'><strong>indivisum</strong></span> <span class='ocrx_word' id='word_1_290' title='bbox 1414 3841 1442 3877; x_wconf 72' lang='grc' dir='ltr'><em>τι</em></span> <span class='ocrx_word' id='word_1_291' title='bbox 1487 3824 1664 3894; x_wconf 83' lang='lat' dir='ltr'><strong>gratia</strong></span> <span class='ocrx_word' id='word_1_292' title='bbox 1708 3823 2036 3894; x_wconf 80' lang='lat' dir='ltr'><strong>intelligibili</strong></span> 
     </span>
    </p>
   </div>
   <div class='ocr_carea' id='block_1_42' title="bbox 445 3915 2039 3986">
    <p class='ocr_par' dir='ltr' id='par_1_42' title="bbox 445 3915 2039 3986">
     <span class='ocr_line' id='line_1_42' title="bbox 445 3915 2039 3986; baseline 0.001 -15"><span class='ocrx_word' id='word_1_293' title='bbox 445 3928 650 3973; x_wconf 85' lang='lat' dir='ltr'><strong>manet.</strong></span> <span class='ocrx_word' id='word_1_294' title='bbox 691 3917 755 3972; x_wconf 89' lang='lat' dir='ltr'><strong>Et</strong></span> <span class='ocrx_word' id='word_1_295' title='bbox 796 3917 1097 3986; x_wconf 87' lang='lat' dir='ltr'><strong>spiritualis</strong></span> <span class='ocrx_word' id='word_1_296' title='bbox 1144 3916 1471 3986; x_wconf 85' lang='lat' dir='ltr'><strong>baptismus,</strong></span> <span class='ocrx_word' id='word_1_297' title='bbox 1505 3925 1674 3969; x_wconf 91' lang='lat' dir='ltr'><strong>totum</strong></span> <span class='ocrx_word' id='word_1_298' title='bbox 1708 3915 1913 3972; x_wconf 77' lang='lat' dir='ltr'><strong>factum</strong></span> <span class='ocrx_word' id='word_1_299' title='bbox 1954 3924 2039 3972; x_wconf 86' lang='lat' dir='ltr'><strong>est</strong></span> 
     </span>
    </p>
   </div>
   <div class='ocr_carea' id='block_1_43' title="bbox 447 4007 2035 4078">
    <p class='ocr_par' dir='ltr' id='par_1_43' title="bbox 447 4007 2035 4078">
     <span class='ocr_line' id='line_1_43' title="bbox 447 4007 2035 4078; baseline -0.001 -15"><span class='ocrx_word' id='word_1_300' title='bbox 447 4025 620 4063; x_wconf 88' lang='lat' dir='ltr'><strong>unum</strong></span> <span class='ocrx_word' id='word_1_301' title='bbox 660 4008 954 4072; x_wconf 79' lang='lat' dir='ltr'><strong>cxsistens,</strong></span> <span class='ocrx_word' id='word_1_302' title='bbox 992 4009 1205 4075; x_wconf 69' lang='lat' dir='ltr'><strong>llOl‘Qlle</strong></span> <span class='ocrx_word' id='word_1_303' title='bbox 1240 4007 1559 4061; x_wconf 72' lang='lat' dir='ltr'><strong>substantia:</strong></span> <span class='ocrx_word' id='word_1_304' title='bbox 1594 4008 1871 4064; x_wconf 87' lang='lat' dir='ltr'><strong>sensibilis</strong></span> <span class='ocrx_word' id='word_1_305' title='bbox 1905 4024 2035 4078; x_wconf 88' lang='lat' dir='ltr'><strong>pro-</strong></span> 
     </span>
    </p>
   </div>
   <div class='ocr_carea' id='block_1_44' title="bbox 446 4097 2040 4171">
    <p class='ocr_par' dir='ltr' id='par_1_44' title="bbox 446 4097 2040 4171">
     <span class='ocr_line' id='line_1_44' title="bbox 446 4097 2040 4171; baseline 0.002 -18"><span class='ocrx_word' id='word_1_306' title='bbox 446 4102 627 4168; x_wconf 89' lang='lat' dir='ltr'><strong>prium</strong></span> <span class='ocrx_word' id='word_1_307' title='bbox 652 4109 760 4164; x_wconf 89' lang='lat' dir='ltr'><strong>est,</strong></span> <span class='ocrx_word' id='word_1_308' title='bbox 815 4113 909 4168; x_wconf 89' lang='lat' dir='ltr'><strong>per</strong></span> <span class='ocrx_word' id='word_1_309' title='bbox 969 4113 1193 4166; x_wconf 89' lang='lat' dir='ltr'><strong>aquam,</strong></span> <span class='ocrx_word' id='word_1_310' title='bbox 1247 4097 1494 4166; x_wconf 88' lang='lat' dir='ltr'><strong>inquam,</strong></span> <span class='ocrx_word' id='word_1_311' title='bbox 1558 4100 1753 4164; x_wconf 86' lang='lat' dir='ltr'><strong>salvat,</strong></span> <span class='ocrx_word' id='word_1_312' title='bbox 1791 4109 1845 4155; x_wconf 89' lang='lat' dir='ltr'><strong>et</strong></span> <span class='ocrx_word' id='word_1_313' title='bbox 1895 4100 2040 4171; x_wconf 86' lang='lat' dir='ltr'><strong>quod</strong></span> 
     </span>
    </p>
   </div>
   <div class='ocr_carea' id='block_1_45' title="bbox 449 4190 2039 4261">
    <p class='ocr_par' dir='ltr' id='par_1_45' title="bbox 449 4190 2039 4261">
     <span class='ocr_line' id='line_1_45' title="bbox 449 4190 2039 4261; baseline 0 -16"><span class='ocrx_word' id='word_1_314' title='bbox 449 4193 652 4248; x_wconf 71' lang='lat' dir='ltr'><strong>[aetum</strong></span> <span class='ocrx_word' id='word_1_315' title='bbox 683 4200 764 4245; x_wconf 89' lang='lat' dir='ltr'><strong>est</strong></span> <span class='ocrx_word' id='word_1_316' title='bbox 815 4205 921 4244; x_wconf 91' lang='lat' dir='ltr'><strong>non</strong></span> <span class='ocrx_word' id='word_1_317' title='bbox 956 4192 1116 4259; x_wconf 87' lang='lat' dir='ltr'><strong>perit.</strong></span> <span class='ocrx_word' id='word_1_318' title='bbox 1170 4190 1241 4244; x_wconf 83' lang='lat' dir='ltr'><strong>At</strong></span> <span class='ocrx_word' id='word_1_319' title='bbox 1278 4205 1407 4245; x_wconf 86' lang='lat' dir='ltr'><strong>vero</strong></span> <span class='ocrx_word' id='word_1_320' title='bbox 1455 4191 1655 4261; x_wconf 87' lang='lat' dir='ltr'><strong>impius</strong></span> <span class='ocrx_word' id='word_1_321' title='bbox 1708 4193 1797 4246; x_wconf 90' lang='lat' dir='ltr'><strong>ille</strong></span> <span class='ocrx_word' id='word_1_322' title='bbox 1846 4190 2039 4247; x_wconf 84' lang='lat' dir='ltr'><strong>Nesto-</strong></span> 
     </span>
    </p>
   </div>
   <div class='ocr_carea' id='block_1_46' title="bbox 450 4281 2042 4354">
    <p class='ocr_par' dir='ltr' id='par_1_46' title="bbox 450 4281 2042 4354">
     <span class='ocr_line' id='line_1_46' title="bbox 450 4281 2042 4354; baseline 0.001 -17"><span class='ocrx_word' id='word_1_323' title='bbox 450 4285 587 4347; x_wconf 84' lang='lat' dir='ltr'><strong>rius,</strong></span> <span class='ocrx_word' id='word_1_324' title='bbox 614 4281 707 4352; x_wconf 90' lang='lat' dir='ltr'><strong>qui</strong></span> <span class='ocrx_word' id='word_1_325' title='bbox 739 4297 864 4337; x_wconf 90' lang='lat' dir='ltr'><strong>cum</strong></span> <span class='ocrx_word' id='word_1_326' title='bbox 910 4283 1018 4337; x_wconf 85' lang='lat' dir='ltr'><strong>Deo</strong></span> <span class='ocrx_word' id='word_1_327' title='bbox 1048 4282 1321 4352; x_wconf 79' lang='lat' dir='ltr'><strong>pugnandi</strong></span> <span class='ocrx_word' id='word_1_328' title='bbox 1370 4294 1558 4339; x_wconf 86' lang='lat' dir='ltr'><strong>auctor</strong></span> <span class='ocrx_word' id='word_1_329' title='bbox 1586 4284 1816 4347; x_wconf 83' lang='lat' dir='ltr'><strong>exstitit,</strong></span> <span class='ocrx_word' id='word_1_330' title='bbox 1850 4284 2042 4354; x_wconf 90' lang='lat' dir='ltr'><strong>impie-</strong></span> 
     </span>
    </p>
   </div>
   <div class='ocr_carea' id='block_1_47' title="bbox 453 4375 2043 4446">
    <p class='ocr_par' dir='ltr' id='par_1_47' title="bbox 453 4375 2043 4446">
     <span class='ocr_line' id='line_1_47' title="bbox 453 4375 2043 4446; baseline 0.003 -18"><span class='ocrx_word' id='word_1_331' title='bbox 453 4385 617 4430; x_wconf 81' lang='lat' dir='ltr'><strong>tatem</strong></span> <span class='ocrx_word' id='word_1_332' title='bbox 642 4389 917 4445; x_wconf 90' lang='lat' dir='ltr'><strong>opponere</strong></span> <span class='ocrx_word' id='word_1_333' title='bbox 939 4375 1175 4441; x_wconf 85' lang='lat' dir='ltr'><strong>videtur,</strong></span> <span class='ocrx_word' id='word_1_334' title='bbox 1203 4378 1339 4431; x_wconf 90' lang='lat' dir='ltr'><strong>duas</strong></span> <span class='ocrx_word' id='word_1_335' title='bbox 1361 4385 1592 4431; x_wconf 87' lang='lat' dir='ltr'><strong>naturas</strong></span> <span class='ocrx_word' id='word_1_336' title='bbox 1619 4377 1820 4431; x_wconf 83' lang='lat' dir='ltr'><strong>divisas</strong></span> <span class='ocrx_word' id='word_1_337' title='bbox 1838 4388 1891 4431; x_wconf 89' lang='lat' dir='ltr'><strong>et</strong></span> <span class='ocrx_word' id='word_1_338' title='bbox 1914 4391 2043 4446; x_wconf 90' lang='lat' dir='ltr'><strong>pro-</strong></span> 
     </span>
    </p>
   </div>
   <div class='ocr_carea' id='block_1_48' title="bbox 448 4468 2040 4538">
    <p class='ocr_par' dir='ltr' id='par_1_48' title="bbox 448 4468 2040 4538">
     <span class='ocr_line' id='line_1_48' title="bbox 448 4468 2040 4538; baseline 0.002 -18"><span class='ocrx_word' id='word_1_339' title='bbox 448 4470 600 4534; x_wconf 70' lang='lat' dir='ltr'><strong>prius</strong></span> <span class='ocrx_word' id='word_1_340' title='bbox 628 4484 888 4537; x_wconf 86' lang='lat' dir='ltr'><strong>personas</strong></span> <span class='ocrx_word' id='word_1_341' title='bbox 911 4468 1263 4538; x_wconf 80' lang='lat' dir='ltr'><strong>excogitavit,</strong></span> <span class='ocrx_word' id='word_1_342' title='bbox 1305 4476 1361 4523; x_wconf 84' lang='lat' dir='ltr'><strong>et</strong></span> <span class='ocrx_word' id='word_1_343' title='bbox 1393 4477 1711 4523; x_wconf 88' lang='lat' dir='ltr'><strong>naturarum</strong></span> <span class='ocrx_word' id='word_1_344' title='bbox 1740 4470 2040 4525; x_wconf 82' lang='lat' dir='ltr'><strong>secundum</strong></span> 
     </span>
    </p>
   </div>
   <div class='ocr_carea' id='block_1_49' title="bbox 2110 614 3696 688">
    <p class='ocr_par' dir='ltr' id='par_1_49' title="bbox 2110 614 3696 688">
     <span class='ocr_line' id='line_1_49' title="bbox 2110 614 3696 688; baseline 0.006 -21"><span class='ocrx_word' id='word_1_345' title='bbox 2110 614 2296 677; x_wconf 78' lang='grc' dir='ltr'><em>οὐσίας</em></span> <span class='ocrx_word' id='word_1_346' title='bbox 2321 616 2360 646; x_wconf 82' lang='grc' dir='ltr'><strong>¹ί</strong></span> <span class='ocrx_word' id='word_1_347' title='bbox 2399 614 2675 686; x_wconf 77' lang='grc' dir='ltr'>παρέλαϐε</span> <span class='ocrx_word' id='word_1_348' title='bbox 2737 615 3059 688; x_wconf 81' lang='grc' dir='ltr'><strong>σύνδρομον.</strong></span> <span class='ocrx_word' id='word_1_349' title='bbox 3108 619 3219 671; x_wconf 76' lang='grc' dir='ltr'><strong>Καὶ</strong></span> <span class='ocrx_word' id='word_1_350' title='bbox 3266 619 3438 674; x_wconf 85' lang='grc' dir='ltr'>πάλιν</span> <span class='ocrx_word' id='word_1_351' title='bbox 3532 623 3696 678; x_wconf 79' lang='grc' dir='ltr'><em>Ὅταν</em></span> 
     </span>
    </p>
   </div>
   <div class='ocr_carea' id='block_1_50' title="bbox 2107 707 3696 783">
    <p class='ocr_par' dir='ltr' id='par_1_50' title="bbox 2107 707 3696 783">
     <span class='ocr_line' id='line_1_50' title="bbox 2107 707 3696 783; baseline 0.006 -23"><span class='ocrx_word' id='word_1_352' title='bbox 2107 707 2365 777; x_wconf 76' lang='grc' dir='ltr'><em>μὲνγὰρ</em></span> <span class='ocrx_word' id='word_1_353' title='bbox 2398 708 2740 777; x_wconf 80' lang='grc' dir='ltr'><strong>θεοπρεπῶς</strong></span> <span class='ocrx_word' id='word_1_354' title='bbox 2784 710 2937 779; x_wconf 68' lang='grc' dir='ltr'><strong>λέγῃ</strong></span> <span class='ocrx_word' id='word_1_355' title='bbox 2962 712 3097 780; x_wconf 80' lang='grc' dir='ltr'><em>περὶ</em></span> <span class='ocrx_word' id='word_1_356' title='bbox 3147 713 3395 776; x_wconf 81' lang='grc' dir='ltr'><em>ἑαυτοῦ,</em></span> <span class='ocrx_word' id='word_1_357' title='bbox 3436 718 3469 768; x_wconf 86' lang='grc' dir='ltr'><strong>ό</strong></span> <span class='ocrx_word' id='word_1_358' title='bbox 3526 716 3696 783; x_wconf 65' lang='grc' dir='ltr'><em>ἑωρα-</em></span> 
     </span>
    </p>
   </div>
   <div class='ocr_carea' id='block_1_51' title="bbox 2112 797 3696 873">
    <p class='ocr_par' dir='ltr' id='par_1_51' title="bbox 2112 797 3696 873">
     <span class='ocr_line' id='line_1_51' title="bbox 2112 797 3696 873; baseline 0.007 -21"><span class='ocrx_word' id='word_1_359' title='bbox 2112 797 2232 865; x_wconf 85' lang='grc' dir='ltr'><strong>κὼς</strong></span> <span class='ocrx_word' id='word_1_360' title='bbox 2258 800 2363 868; x_wconf 80' lang='grc' dir='ltr'><strong>ἐμὲ</strong></span> <span class='ocrx_word' id='word_1_361' title='bbox 2389 799 2612 869; x_wconf 77' lang='grc' dir='ltr'><em>ἑώρακε</em></span> <span class='ocrx_word' id='word_1_362' title='bbox 2636 802 2744 855; x_wconf 85' lang='grc' dir='ltr'><strong>τὸν</strong></span> <span class='ocrx_word' id='word_1_363' title='bbox 2766 803 3021 871; x_wconf 81' lang='grc' dir='ltr'><strong>Πατέρα·</strong></span> <span class='ocrx_word' id='word_1_364' title='bbox 3064 802 3158 856; x_wconf 84' lang='grc' dir='ltr'><strong>καί</strong></span> <span class='ocrx_word' id='word_1_365' title='bbox 3168 819 3183 832; x_wconf 90' lang='grc'><strong>·</strong></span> <span class='ocrx_word' id='word_1_366' title='bbox 3206 804 3264 856; x_wconf 83' lang='grc' dir='ltr'>Ἐ</span> <span class='ocrx_word' id='word_1_367' title='bbox 3271 804 3361 873; x_wconf 69' lang='grc' dir='ltr'><strong>γὼ</strong></span> <span class='ocrx_word' id='word_1_368' title='bbox 3384 807 3485 859; x_wconf 76' lang='grc' dir='ltr'><em>καὶ</em></span> <span class='ocrx_word' id='word_1_369' title='bbox 3530 810 3562 860; x_wconf 87' lang='grc' dir='ltr'><strong>ό</strong></span> <span class='ocrx_word' id='word_1_370' title='bbox 3588 812 3696 863; x_wconf 87' lang='grc' dir='ltr'><strong>Πα-</strong></span> 
     </span>
    </p>
   </div>
   <div class='ocr_carea' id='block_1_52' title="bbox 2112 888 3699 966">
    <p class='ocr_par' dir='ltr' id='par_1_52' title="bbox 2112 888 3699 966">
     <span class='ocr_line' id='line_1_52' title="bbox 2112 888 3699 966; baseline 0.007 -25"><span class='ocrx_word' id='word_1_371' title='bbox 2112 888 2225 956; x_wconf 80' lang='grc' dir='ltr'><strong>τὴρ</strong></span> <span class='ocrx_word' id='word_1_372' title='bbox 2249 888 2319 943; x_wconf 83' lang='grc' dir='ltr'><em>ἓν</em></span> <span class='ocrx_word' id='word_1_373' title='bbox 2346 889 2559 959; x_wconf 82' lang='grc' dir='ltr'><em>ἐσμεν,</em></span> <span class='ocrx_word' id='word_1_374' title='bbox 2606 890 2721 959; x_wconf 77' lang='grc' dir='ltr'><em>τὴν</em></span> <span class='ocrx_word' id='word_1_375' title='bbox 2765 892 2935 945; x_wconf 81' lang='grc' dir='ltr'>θείαν</span> <span class='ocrx_word' id='word_1_376' title='bbox 2975 892 3165 947; x_wconf 86' lang='grc' dir='ltr'><em>αὐτοῦ</em></span> <span class='ocrx_word' id='word_1_377' title='bbox 3202 896 3302 948; x_wconf 76' lang='grc' dir='ltr'><em>καὶ</em></span> <span class='ocrx_word' id='word_1_378' title='bbox 3360 897 3699 966; x_wconf 70' lang='grc' dir='ltr'><em>ἀπόρρητον</em></span> 
     </span>
    </p>
   </div>
   <div class='ocr_carea' id='block_1_53' title="bbox 2112 980 3700 1055">
    <p class='ocr_par' dir='ltr' id='par_1_53' title="bbox 2112 980 3700 1055">
     <span class='ocr_line' id='line_1_53' title="bbox 2112 980 3700 1055; baseline 0.006 -20"><span class='ocrx_word' id='word_1_379' title='bbox 2112 980 2446 1051; x_wconf 74' lang='grc' dir='ltr'><strong>ἐννοοῦμεν</strong></span> <span class='ocrx_word' id='word_1_380' title='bbox 2472 983 2685 1051; x_wconf 62' lang='grc' dir='ltr'><em>φύσιν,</em></span> <span class='ocrx_word' id='word_1_381' title='bbox 2710 983 2840 1039; x_wconf 82' lang='grc' dir='ltr'><em>καθ’</em></span> <span class='ocrx_word' id='word_1_382' title='bbox 2878 984 2959 1052; x_wconf 80' lang='grc' dir='ltr'><em>ἣν</em></span> <span class='ocrx_word' id='word_1_383' title='bbox 2981 985 3079 1039; x_wconf 81' lang='grc' dir='ltr'><em>καὶ</em></span> <span class='ocrx_word' id='word_1_384' title='bbox 3120 985 3190 1040; x_wconf 83' lang='grc' dir='ltr'><em>ἓν</em></span> <span class='ocrx_word' id='word_1_385' title='bbox 3227 987 3368 1040; x_wconf 79' lang='grc' dir='ltr'><em>ἐστι</em></span> <span class='ocrx_word' id='word_1_386' title='bbox 3405 990 3557 1055; x_wconf 80' lang='grc' dir='ltr'>πρὸς</span> <span class='ocrx_word' id='word_1_387' title='bbox 3600 991 3700 1045; x_wconf 80' lang='grc' dir='ltr'><em>τὸν</em></span> 
     </span>
    </p>
   </div>
   <div class='ocr_carea' id='block_1_54' title="bbox 2112 1069 3698 1147">
    <p class='ocr_par' dir='ltr' id='par_1_54' title="bbox 2112 1069 3698 1147">
     <span class='ocr_line' id='line_1_54' title="bbox 2112 1069 3698 1147; baseline 0.008 -24"><span class='ocrx_word' id='word_1_388' title='bbox 2112 1069 2331 1125; x_wconf 72' lang='grc' dir='ltr'><em>ἑαυτοῦ</em></span> <span class='ocrx_word' id='word_1_389' title='bbox 2358 1070 2590 1139; x_wconf 78' lang='grc' dir='ltr'><strong>Πατέρα</strong></span> <span class='ocrx_word' id='word_1_390' title='bbox 2619 1072 2720 1127; x_wconf 78' lang='grc' dir='ltr'><em>διὰ</em></span> <span class='ocrx_word' id='word_1_391' title='bbox 2765 1074 2879 1135; x_wconf 75' lang='grc' dir='ltr'><strong>τὴν</strong></span> <span class='ocrx_word' id='word_1_392' title='bbox 2922 1077 3258 1147; x_wconf 81' lang='grc' dir='ltr'><em>ταυτότητα</em></span> <span class='ocrx_word' id='word_1_393' title='bbox 3302 1077 3421 1144; x_wconf 82' lang='grc' dir='ltr'><strong>τῆς</strong></span> <span class='ocrx_word' id='word_1_394' title='bbox 3472 1082 3698 1146; x_wconf 77' lang='grc' dir='ltr'><strong>οὐσίας.</strong></span> 
     </span>
    </p>
   </div>
   <div class='ocr_carea' id='block_1_55' title="bbox 2114 1160 3704 1236">
    <p class='ocr_par' dir='ltr' id='par_1_55' title="bbox 2114 1160 3704 1236">
     <span class='ocr_line' id='line_1_55' title="bbox 2114 1160 3704 1236; baseline 0.007 -24"><span class='ocrx_word' id='word_1_395' title='bbox 2114 1160 2285 1213; x_wconf 77' lang='grc' dir='ltr'><em>Παντὶ</em></span> <span class='ocrx_word' id='word_1_396' title='bbox 2315 1162 2423 1231; x_wconf 80' lang='grc' dir='ltr'><strong>γὰρ</strong></span> <span class='ocrx_word' id='word_1_397' title='bbox 2456 1162 2617 1231; x_wconf 83' lang='grc' dir='ltr'><em>δῆλον</em></span> <span class='ocrx_word' id='word_1_398' title='bbox 2650 1163 2728 1226; x_wconf 83' lang='grc' dir='ltr'><strong>ὡς</strong></span> <span class='ocrx_word' id='word_1_399' title='bbox 2763 1164 2860 1235; x_wconf 85' lang='grc' dir='ltr'><strong>τὴν</strong></span> <span class='ocrx_word' id='word_1_400' title='bbox 2883 1165 3045 1234; x_wconf 84' lang='grc' dir='ltr'><em>φύσιν</em></span> <span class='ocrx_word' id='word_1_401' title='bbox 3082 1168 3177 1219; x_wconf 79' lang='grc' dir='ltr'><strong>καὶ</strong></span> <span class='ocrx_word' id='word_1_402' title='bbox 3192 1168 3296 1236; x_wconf 81' lang='grc' dir='ltr'><strong>τὴν</strong></span> <span class='ocrx_word' id='word_1_403' title='bbox 3323 1169 3523 1221; x_wconf 76' lang='grc' dir='ltr'><em>οὐσίαν</em></span> <span class='ocrx_word' id='word_1_404' title='bbox 3548 1173 3704 1225; x_wconf 67' lang='grc' dir='ltr'><strong>ταύτὸ</strong></span> 
     </span>
    </p>
   </div>
   <div class='ocr_carea' id='block_1_56' title="bbox 2117 1252 3706 1330">
    <p class='ocr_par' dir='ltr' id='par_1_56' title="bbox 2117 1252 3706 1330">
     <span class='ocr_line' id='line_1_56' title="bbox 2117 1252 3706 1330; baseline 0.006 -26"><span class='ocrx_word' id='word_1_405' title='bbox 2117 1252 2489 1321; x_wconf 78' lang='grc' dir='ltr'><strong>σημαίνουσαν</strong></span> <span class='ocrx_word' id='word_1_406' title='bbox 2524 1253 2847 1309; x_wconf 74' lang='grc' dir='ltr'><strong>ἐϐεϐαίωσε.</strong></span> <span class='ocrx_word' id='word_1_407' title='bbox 2879 1256 2992 1309; x_wconf 72' lang='grc' dir='ltr'><strong>Καὶ</strong></span> <span class='ocrx_word' id='word_1_408' title='bbox 3018 1257 3045 1309; x_wconf 92' lang='lat'><strong>6</strong></span> <span class='ocrx_word' id='word_1_409' title='bbox 3072 1258 3130 1310; x_wconf 82' lang='grc' dir='ltr'><em>ἐν</em></span> <span class='ocrx_word' id='word_1_410' title='bbox 3164 1258 3347 1327; x_wconf 78' lang='grc' dir='ltr'><strong>ἁγίοις</strong></span> <span class='ocrx_word' id='word_1_411' title='bbox 3394 1259 3451 1312; x_wconf 80' lang='grc' dir='ltr'><em>δὲ</em></span> <span class='ocrx_word' id='word_1_412' title='bbox 3518 1261 3706 1330; x_wconf 69' lang='grc' dir='ltr'><em>Ἄμφι-</em></span> 
     </span>
    </p>
   </div>
   <div class='ocr_carea' id='block_1_57' title="bbox 2113 1339 3701 1419">
    <p class='ocr_par' dir='ltr' id='par_1_57' title="bbox 2113 1339 3701 1419">
     <span class='ocr_line' id='line_1_57' title="bbox 2113 1339 3701 1419; baseline 0.009 -27"><span class='ocrx_word' id='word_1_413' title='bbox 2113 1339 2311 1410; x_wconf 85' lang='grc' dir='ltr'><em>λόχιος,</em></span> <span class='ocrx_word' id='word_1_414' title='bbox 2372 1342 2448 1407; x_wconf 83' lang='grc' dir='ltr'>ὡς</span> <span class='ocrx_word' id='word_1_415' title='bbox 2502 1344 2567 1396; x_wconf 84' lang='grc' dir='ltr'><strong>ὲκ</strong></span> <span class='ocrx_word' id='word_1_416' title='bbox 2626 1344 2734 1397; x_wconf 83' lang='grc' dir='ltr'><strong>τῶν</strong></span> <span class='ocrx_word' id='word_1_417' title='bbox 2777 1347 3192 1417; x_wconf 82' lang='grc' dir='ltr'><strong>προειρημένων</strong></span> <span class='ocrx_word' id='word_1_418' title='bbox 3241 1349 3433 1417; x_wconf 86' lang='grc' dir='ltr'><em>δῆλον,</em></span> <span class='ocrx_word' id='word_1_419' title='bbox 3488 1351 3701 1419; x_wconf 76' lang='grc' dir='ltr'><strong>ὁμοίως.</strong></span> 
     </span>
    </p>
   </div>
   <div class='ocr_carea' id='block_1_58' title="bbox 2128 1433 3704 1513">
    <p class='ocr_par' dir='ltr' id='par_1_58' title="bbox 2128 1433 3704 1513">
     <span class='ocr_line' id='line_1_58' title="bbox 2128 1433 3704 1513; baseline 0.008 -27"><span class='ocrx_word' id='word_1_420' title='bbox 2128 1433 2268 1487; x_wconf 85' lang='grc' dir='ltr'><strong>Ἀλλ’</strong></span> <span class='ocrx_word' id='word_1_421' title='bbox 2298 1436 2382 1489; x_wconf 83' lang='grc' dir='ltr'><strong>ὅτι</strong></span> <span class='ocrx_word' id='word_1_422' title='bbox 2423 1436 2574 1508; x_wconf 81' lang='grc' dir='ltr'><strong>μὲνὴ</strong></span> <span class='ocrx_word' id='word_1_423' title='bbox 2597 1436 2757 1506; x_wconf 84' lang='grc' dir='ltr'><em>φύσις</em></span> <span class='ocrx_word' id='word_1_424' title='bbox 2780 1439 2903 1492; x_wconf 77' lang='grc' dir='ltr'><strong>ἀντὶ</strong></span> <span class='ocrx_word' id='word_1_425' title='bbox 2930 1439 3033 1509; x_wconf 84' lang='grc' dir='ltr'>τῆς</span> <span class='ocrx_word' id='word_1_426' title='bbox 3082 1440 3275 1504; x_wconf 83' lang='grc' dir='ltr'>οὐσίας</span> <span class='ocrx_word' id='word_1_427' title='bbox 3337 1443 3704 1513; x_wconf 72' lang='grc' dir='ltr'><strong>παραλαμϐάο</strong></span> 
     </span>
    </p>
   </div>
   <div class='ocr_carea' id='block_1_59' title="bbox 2116 1529 3708 1605">
    <p class='ocr_par' dir='ltr' id='par_1_59' title="bbox 2116 1529 3708 1605">
     <span class='ocr_line' id='line_1_59' title="bbox 2116 1529 3708 1605; baseline 0.006 -24"><span class='ocrx_word' id='word_1_428' title='bbox 2116 1545 2289 1595; x_wconf 87' lang='grc' dir='ltr'><em>νεται,</em></span> <span class='ocrx_word' id='word_1_429' title='bbox 2317 1529 2627 1584; x_wconf 75' lang='grc' dir='ltr'><em>δέδεικταιο</em></span> <span class='ocrx_word' id='word_1_430' title='bbox 2690 1533 2773 1586; x_wconf 89' lang='grc' dir='ltr'><strong>ὃτι</strong></span> <span class='ocrx_word' id='word_1_431' title='bbox 2818 1534 2876 1587; x_wconf 74' lang='grc' dir='ltr'><em>δὲ</em></span> <span class='ocrx_word' id='word_1_432' title='bbox 2927 1537 3402 1605; x_wconf 74' lang='grc' dir='ltr'><strong>καταχρηστικῶς</strong></span> <span class='ocrx_word' id='word_1_433' title='bbox 3461 1538 3555 1589; x_wconf 74' lang='grc' dir='ltr'><strong>καὶ</strong></span> <span class='ocrx_word' id='word_1_434' title='bbox 3596 1540 3708 1591; x_wconf 70' lang='grc' dir='ltr'><strong>ἀντὶ</strong></span> 
     </span>
    </p>
   </div>
   <div class='ocr_carea' id='block_1_60' title="bbox 2114 1620 3703 1699">
    <p class='ocr_par' dir='ltr' id='par_1_60' title="bbox 2114 1620 3703 1699">
     <span class='ocr_line' id='line_1_60' title="bbox 2114 1620 3703 1699; baseline -0.008 -26"><span class='ocrx_word' id='word_1_435' title='bbox 2114 1620 2215 1690; x_wconf 80' lang='grc' dir='ltr'>τῆς</span> <span class='ocrx_word' id='word_1_436' title='bbox 2253 1622 2629 1688; x_wconf 80' lang='grc' dir='ltr'><strong>ὑποστάσεως,</strong></span> <span class='ocrx_word' id='word_1_437' title='bbox 2685 1624 2715 1676; x_wconf 99' lang='lat'><strong>6</strong></span> <span class='ocrx_word' id='word_1_438' title='bbox 2768 1624 2934 1687; x_wconf 82' lang='grc' dir='ltr'>αὐτὸς</span> <span class='ocrx_word' id='word_1_439' title='bbox 2994 1628 3346 1697; x_wconf 84' lang='grc' dir='ltr'><strong>μαρτυρήσει</strong></span> <span class='ocrx_word' id='word_1_440' title='bbox 3397 1628 3703 1699; x_wconf 67' lang='grc' dir='ltr'><strong>Κύριλλος.</strong></span> 
     </span>
    </p>
   </div>
   <div class='ocr_carea' id='block_1_61' title="bbox 2120 1710 3706 1789">
    <p class='ocr_par' dir='ltr' id='par_1_61' title="bbox 2120 1710 3706 1789">
     <span class='ocr_line' id='line_1_61' title="bbox 2120 1710 3706 1789; baseline 0.004 -22"><span class='ocrx_word' id='word_1_441' title='bbox 2120 1710 2247 1783; x_wconf 82' lang='lat'><strong>[793</strong></span> <span class='ocrx_word' id='word_1_442' title='bbox 2272 1711 2439 1784; x_wconf 62' lang='lat' dir='ltr'><strong>Klév</strong></span> <span class='ocrx_word' id='word_1_443' title='bbox 2465 1714 2571 1785; x_wconf 74' lang='grc' dir='ltr'><strong>γὰρ</strong></span> <span class='ocrx_word' id='word_1_444' title='bbox 2595 1717 2714 1777; x_wconf 87' lang='grc' dir='ltr'>ταῖς</span> <span class='ocrx_word' id='word_1_445' title='bbox 2744 1717 3121 1786; x_wconf 77' lang='grc' dir='ltr'><em>Ἀντιρῤἡσεσε</em></span> <span class='ocrx_word' id='word_1_446' title='bbox 3146 1735 3339 1789; x_wconf 78' lang='grc' dir='ltr'><em>φησιν·</em></span> <span class='ocrx_word' id='word_1_447' title='bbox 3360 1719 3706 1789; x_wconf 78' lang='grc' dir='ltr'><em>Ἆναγκαίως</em></span> 
     </span>
    </p>
   </div>
   <div class='ocr_carea' id='block_1_62' title="bbox 2119 1802 3708 1878">
    <p class='ocr_par' dir='ltr' id='par_1_62' title="bbox 2119 1802 3708 1878">
     <span class='ocr_line' id='line_1_62' title="bbox 2119 1802 3708 1878; baseline 0.007 -21"><span class='ocrx_word' id='word_1_448' title='bbox 2119 1802 2233 1860; x_wconf 81' lang='grc' dir='ltr'><em>οὖν</em></span> <span class='ocrx_word' id='word_1_449' title='bbox 2247 1805 2419 1873; x_wconf 77' lang='grc' dir='ltr'><em>ἡμεῖς</em></span> <span class='ocrx_word' id='word_1_450' title='bbox 2438 1806 2563 1873; x_wconf 86' lang='grc' dir='ltr'>τοῖς</span> <span class='ocrx_word' id='word_1_451' title='bbox 2588 1807 2824 1862; x_wconf 75' lang='grc' dir='ltr'><em>ἐκεῖνον</em></span> <span class='ocrx_word' id='word_1_452' title='bbox 2845 1812 3181 1878; x_wconf 67' lang='grc' dir='ltr'><em>μαχόμενοι</em></span> <span class='ocrx_word' id='word_1_453' title='bbox 3226 1810 3349 1878; x_wconf 77' lang='grc' dir='ltr'><em>τὴν</em></span> <span class='ocrx_word' id='word_1_454' title='bbox 3410 1815 3541 1867; x_wconf 72' lang='grc' dir='ltr'><em>καθ’</em></span> <span class='ocrx_word' id='word_1_455' title='bbox 3570 1815 3708 1867; x_wconf 78' lang='grc' dir='ltr'><strong>ὑπό-</strong></span> 
     </span>
    </p>
   </div>
   <div class='ocr_carea' id='block_1_63' title="bbox 2122 1898 3710 1971">
    <p class='ocr_par' dir='ltr' id='par_1_63' title="bbox 2122 1898 3710 1971">
     <span class='ocr_line' id='line_1_63' title="bbox 2122 1898 3710 1971; baseline 0.006 -20"><span class='ocrx_word' id='word_1_456' title='bbox 2122 1910 2348 1951; x_wconf 85' lang='grc' dir='ltr'><em>στασιν</em></span> <span class='ocrx_word' id='word_1_457' title='bbox 2380 1898 2600 1952; x_wconf 83' lang='grc' dir='ltr'><em>ἕνωσιν</em></span> <span class='ocrx_word' id='word_1_458' title='bbox 2626 1899 2905 1969; x_wconf 75' lang='grc' dir='ltr'><em>γενέσθαι</em></span> <span class='ocrx_word' id='word_1_459' title='bbox 2945 1902 3164 1971; x_wconf 66' lang='grc' dir='ltr'><em>φαμὲν.</em></span> <span class='ocrx_word' id='word_1_460' title='bbox 3190 1902 3299 1957; x_wconf 84' lang='grc' dir='ltr'><strong>τοῦ</strong></span> <span class='ocrx_word' id='word_1_461' title='bbox 3325 1904 3371 1935; x_wconf 68' lang='grc' dir='ltr'>η</span> <span class='ocrx_word' id='word_1_462' title='bbox 3408 1905 3539 1959; x_wconf 82' lang='grc' dir='ltr'><em>καθ’</em></span> <span class='ocrx_word' id='word_1_463' title='bbox 3569 1908 3710 1960; x_wconf 75' lang='grc' dir='ltr'><strong>ὑπό⁴</strong></span> 
     </span>
    </p>
   </div>
   <div class='ocr_carea' id='block_1_64' title="bbox 2123 1988 3707 2061">
    <p class='ocr_par' dir='ltr' id='par_1_64' title="bbox 2123 1988 3707 2061">
     <span class='ocr_line' id='line_1_64' title="bbox 2123 1988 3707 2061; baseline 0.007 -20"><span class='ocrx_word' id='word_1_464' title='bbox 2123 2002 2354 2041; x_wconf 83' lang='grc' dir='ltr'><em>στασιν</em></span> <span class='ocrx_word' id='word_1_465' title='bbox 2386 1988 2568 2043; x_wconf 81' lang='grc' dir='ltr'><em>οὐδὲν</em></span> <span class='ocrx_word' id='word_1_466' title='bbox 2598 1990 2806 2059; x_wconf 81' lang='grc' dir='ltr'><em>ἕτερον</em></span> <span class='ocrx_word' id='word_1_467' title='bbox 2842 1994 3298 2061; x_wconf 60' lang='grc' dir='ltr'><em>ὑποφαίνοντος</em></span> <span class='ocrx_word' id='word_1_468' title='bbox 3321 1996 3365 2028; x_wconf 77' lang='grc'><strong>⁸³</strong></span> <span class='ocrx_word' id='word_1_469' title='bbox 3399 1996 3572 2061; x_wconf 79' lang='grc' dir='ltr'><em>πλὴν</em></span> <span class='ocrx_word' id='word_1_470' title='bbox 3626 1998 3707 2052; x_wconf 85' lang='grc' dir='ltr'><em>ὅτι</em></span> 
     </span>
    </p>
   </div>
   <div class='ocr_carea' id='block_1_65' title="bbox 2122 2080 3711 2153">
    <p class='ocr_par' dir='ltr' id='par_1_65' title="bbox 2122 2080 3711 2153">
     <span class='ocr_line' id='line_1_65' title="bbox 2122 2080 3711 2153; baseline 0.007 -22"><span class='ocrx_word' id='word_1_471' title='bbox 2122 2080 2283 2148; x_wconf 82' lang='grc' dir='ltr'><em>μόνη</em></span> <span class='ocrx_word' id='word_1_472' title='bbox 2320 2081 2359 2148; x_wconf 77' lang='grc' dir='ltr'><strong><em>ἠ</em></strong></span> <span class='ocrx_word' id='word_1_473' title='bbox 2388 2080 2495 2134; x_wconf 83' lang='grc' dir='ltr'><strong>τοῦ</strong></span> <span class='ocrx_word' id='word_1_474' title='bbox 2535 2083 2731 2149; x_wconf 76' lang='grc' dir='ltr'><em>Λόγου</em></span> <span class='ocrx_word' id='word_1_475' title='bbox 2766 2082 2954 2153; x_wconf 68' lang='grc' dir='ltr'><em>φύσις</em></span> <span class='ocrx_word' id='word_1_476' title='bbox 3007 2082 3204 2152; x_wconf 78' lang='grc' dir='ltr'><em>ἤγουν</em></span> <span class='ocrx_word' id='word_1_477' title='bbox 3258 2085 3629 2153; x_wconf 82' lang='grc' dir='ltr'><strong>ὑπόστασις,</strong></span> <span class='ocrx_word' id='word_1_478' title='bbox 3679 2086 3711 2142; x_wconf 85' lang='grc' dir='ltr'><strong><em>ὅ</em></strong></span> 
     </span>
    </p>
   </div>
   <div class='ocr_carea' id='block_1_66' title="bbox 2120 2172 3708 2246">
    <p class='ocr_par' dir='ltr' id='par_1_66' title="bbox 2120 2172 3708 2246">
     <span class='ocr_line' id='line_1_66' title="bbox 2120 2172 3708 2246; baseline 0.006 -22"><span class='ocrx_word' id='word_1_479' title='bbox 2120 2172 2292 2225; x_wconf 86' lang='grc' dir='ltr'><em>ἐστιν</em></span> <span class='ocrx_word' id='word_1_480' title='bbox 2328 2174 2511 2239; x_wconf 82' lang='grc' dir='ltr'><em>αὐτὸς</em></span> <span class='ocrx_word' id='word_1_481' title='bbox 2570 2176 2603 2227; x_wconf 86' lang='grc' dir='ltr'><strong>ό</strong></span> <span class='ocrx_word' id='word_1_482' title='bbox 2660 2175 2864 2244; x_wconf 65' lang='grc' dir='ltr'><strong>Λόγοςζ</strong></span> <span class='ocrx_word' id='word_1_483' title='bbox 2927 2175 3267 2243; x_wconf 74' lang='grc' dir='ltr'><em>ἀνθρωπεία</em></span> <span class='ocrx_word' id='word_1_484' title='bbox 3318 2178 3505 2246; x_wconf 69' lang='grc' dir='ltr'><em>φύσει</em></span> <span class='ocrx_word' id='word_1_485' title='bbox 3569 2180 3708 2233; x_wconf 76' lang='grc' dir='ltr'><em>κατὰ</em></span> 
     </span>
    </p>
   </div>
   <div class='ocr_carea' id='block_1_67' title="bbox 2122 2263 3706 2337">
    <p class='ocr_par' dir='ltr' id='par_1_67' title="bbox 2122 2263 3706 2337">
     <span class='ocr_line' id='line_1_67' title="bbox 2122 2263 3706 2337; baseline 0.003 -20"><span class='ocrx_word' id='word_1_486' title='bbox 2122 2264 2414 2333; x_wconf 78' lang='grc' dir='ltr'><em>ἀλήθειαν</em></span> <span class='ocrx_word' id='word_1_487' title='bbox 2449 2263 2706 2331; x_wconf 77' lang='grc' dir='ltr'><em>ἐνωθεὶς,</em></span> <span class='ocrx_word' id='word_1_488' title='bbox 2748 2265 2976 2333; x_wconf 76' lang='grc' dir='ltr'><em>τροπῆς</em></span> <span class='ocrx_word' id='word_1_489' title='bbox 3015 2267 3156 2334; x_wconf 78' lang='grc' dir='ltr'><em>δίχα</em></span> <span class='ocrx_word' id='word_1_490' title='bbox 3195 2268 3295 2320; x_wconf 80' lang='grc' dir='ltr'><strong>καὶ</strong></span> <span class='ocrx_word' id='word_1_491' title='bbox 3333 2270 3706 2337; x_wconf 79' lang='grc' dir='ltr'><em>συγχύσεως.</em></span> 
     </span>
    </p>
   </div>
   <div class='ocr_carea' id='block_1_68' title="bbox 2124 2353 3709 2425">
    <p class='ocr_par' dir='ltr' id='par_1_68' title="bbox 2124 2353 3709 2425">
     <span class='ocr_line' id='line_1_68' title="bbox 2124 2353 3709 2425; baseline 0.005 -17"><span class='ocrx_word' id='word_1_492' title='bbox 2124 2356 2277 2408; x_wconf 76' lang='grc' dir='ltr'><em>καθὰ</em></span> <span class='ocrx_word' id='word_1_493' title='bbox 2296 2356 2654 2424; x_wconf 74' lang='grc' dir='ltr'><strong>πλειστάκις</strong></span> <span class='ocrx_word' id='word_1_494' title='bbox 2683 2358 3034 2425; x_wconf 70' lang='grc' dir='ltr'><em>εἰρήκαμεν,</em></span> <span class='ocrx_word' id='word_1_495' title='bbox 3061 2353 3148 2423; x_wconf 80' lang='grc' dir='ltr'><strong>εἷς</strong></span> <span class='ocrx_word' id='word_1_496' title='bbox 3188 2359 3419 2412; x_wconf 75' lang='grc' dir='ltr'><em>νοεῖται</em></span> <span class='ocrx_word' id='word_1_497' title='bbox 3461 2359 3560 2413; x_wconf 76' lang='grc' dir='ltr'><em>καὶ</em></span> <span class='ocrx_word' id='word_1_498' title='bbox 3589 2360 3709 2417; x_wconf 83' lang='grc' dir='ltr'><em>ἔστι</em></span> 
     </span>
    </p>
   </div>
   <div class='ocr_carea' id='block_1_69' title="bbox 2126 2446 3709 2515">
    <p class='ocr_par' dir='ltr' id='par_1_69' title="bbox 2126 2446 3709 2515">
     <span class='ocr_line' id='line_1_69' title="bbox 2126 2446 3709 2515; baseline 0.001 -16"><span class='ocrx_word' id='word_1_499' title='bbox 2126 2447 2379 2514; x_wconf 81' lang='grc' dir='ltr'><em>Χριστὸς</em></span> <span class='ocrx_word' id='word_1_500' title='bbox 2405 2449 2437 2500; x_wconf 86' lang='grc' dir='ltr'><em>ὁ</em></span> <span class='ocrx_word' id='word_1_501' title='bbox 2462 2447 2647 2511; x_wconf 85' lang='grc' dir='ltr'><em>αὐτὸς</em></span> <span class='ocrx_word' id='word_1_502' title='bbox 2686 2448 2832 2511; x_wconf 84' lang='grc' dir='ltr'><em>Θεὸς</em></span> <span class='ocrx_word' id='word_1_503' title='bbox 2864 2447 2959 2500; x_wconf 75' lang='grc' dir='ltr'><em>καὶ</em></span> <span class='ocrx_word' id='word_1_504' title='bbox 2991 2446 3332 2515; x_wconf 75' lang='grc' dir='ltr'><em>ἄνθρωπος.</em></span> <span class='ocrx_word' id='word_1_505' title='bbox 3362 2449 3475 2501; x_wconf 77' lang='grc' dir='ltr'><strong>Καὶ</strong></span> <span class='ocrx_word' id='word_1_506' title='bbox 3530 2451 3558 2501; x_wconf 89' lang='lat'><strong>6</strong></span> <span class='ocrx_word' id='word_1_507' title='bbox 3590 2449 3709 2501; x_wconf 80' lang='grc' dir='ltr'>θαυ-</span> 
     </span>
    </p>
   </div>
   <div class='ocr_carea' id='block_1_70' title="bbox 2131 2538 3707 2608">
    <p class='ocr_par' dir='ltr' id='par_1_70' title="bbox 2131 2538 3707 2608">
     <span class='ocr_line' id='line_1_70' title="bbox 2131 2538 3707 2608; baseline 0.001 -17"><span class='ocrx_word' id='word_1_508' title='bbox 2131 2538 2322 2608; x_wconf 85' lang='grc' dir='ltr'><em>μάσιος</em></span> <span class='ocrx_word' id='word_1_509' title='bbox 2355 2538 2410 2591; x_wconf 78' lang='grc' dir='ltr'><em>δὲ</em></span> <span class='ocrx_word' id='word_1_510' title='bbox 2434 2538 2737 2604; x_wconf 83' lang='grc' dir='ltr'><strong>Βασίλειος,</strong></span> <span class='ocrx_word' id='word_1_511' title='bbox 2775 2541 2803 2592; x_wconf 91' lang='lat'><strong>6</strong></span> <span class='ocrx_word' id='word_1_512' title='bbox 2836 2542 2899 2592; x_wconf 78' lang='grc' dir='ltr'>ἐκ</span> <span class='ocrx_word' id='word_1_513' title='bbox 2929 2538 3337 2602; x_wconf 78' lang='grc' dir='ltr'>Καππαδοκῖας</span> <span class='ocrx_word' id='word_1_514' title='bbox 3389 2540 3572 2593; x_wconf 83' lang='grc' dir='ltr'><em>πᾶσαν</em></span> <span class='ocrx_word' id='word_1_515' title='bbox 3607 2557 3707 2608; x_wconf 63' lang='lat' dir='ltr'><strong>9w-</strong></span> 
     </span>
    </p>
   </div>
   <div class='ocr_carea' id='block_1_71' title="bbox 2125 2629 3711 2702">
    <p class='ocr_par' dir='ltr' id='par_1_71' title="bbox 2125 2629 3711 2702">
     <span class='ocr_line' id='line_1_71' title="bbox 2125 2629 3711 2702; baseline 0.001 -21"><span class='ocrx_word' id='word_1_516' title='bbox 2125 2631 2283 2694; x_wconf 80' lang='grc' dir='ltr'>τίσας</span> <span class='ocrx_word' id='word_1_517' title='bbox 2308 2629 2407 2700; x_wconf 80' lang='grc' dir='ltr'><strong>τὴν</strong></span> <span class='ocrx_word' id='word_1_518' title='bbox 2434 2631 2785 2701; x_wconf 81' lang='grc' dir='ltr'><em>οἰκουμένην,</em></span> <span class='ocrx_word' id='word_1_519' title='bbox 2818 2630 2915 2701; x_wconf 86' lang='grc' dir='ltr'><strong>τὴν</strong></span> <span class='ocrx_word' id='word_1_520' title='bbox 2960 2631 3175 2702; x_wconf 74' lang='grc' dir='ltr'><em>μορφὴν</em></span> <span class='ocrx_word' id='word_1_521' title='bbox 3224 2631 3326 2684; x_wconf 74' lang='grc' dir='ltr'><strong>καὶ</strong></span> <span class='ocrx_word' id='word_1_522' title='bbox 3388 2631 3490 2702; x_wconf 82' lang='grc' dir='ltr'><strong>τὴν</strong></span> <span class='ocrx_word' id='word_1_523' title='bbox 3536 2632 3711 2685; x_wconf 80' lang='grc' dir='ltr'><em>οὐσίαν</em></span> 
     </span>
    </p>
   </div>
   <div class='ocr_carea' id='block_1_72' title="bbox 2128 2718 3710 2791">
    <p class='ocr_par' dir='ltr' id='par_1_72' title="bbox 2128 2718 3710 2791">
     <span class='ocr_line' id='line_1_72' title="bbox 2128 2718 3710 2791; baseline 0.001 -19"><span class='ocrx_word' id='word_1_524' title='bbox 2128 2718 2692 2791; x_wconf 75' lang='grc' dir='ltr'><em>ταύτὺνδογματίζει.</em></span> <span class='ocrx_word' id='word_1_525' title='bbox 2738 2721 2846 2773; x_wconf 74' lang='grc' dir='ltr'><strong>Καὶ</strong></span> <span class='ocrx_word' id='word_1_526' title='bbox 2895 2720 3138 2791; x_wconf 80' lang='grc' dir='ltr'><strong>Πρόκλος</strong></span> <span class='ocrx_word' id='word_1_527' title='bbox 3189 2720 3249 2773; x_wconf 81' lang='grc' dir='ltr'><em>δὲ</em></span> <span class='ocrx_word' id='word_1_528' title='bbox 3280 2722 3311 2774; x_wconf 90' lang='lat'><strong>6</strong></span> <span class='ocrx_word' id='word_1_529' title='bbox 3376 2722 3710 2775; x_wconf 73' lang='grc' dir='ltr'><em>Κωνσταντιο</em></span> 
     </span>
    </p>
   </div>
   <div class='ocr_carea' id='block_1_73' title="bbox 2129 2813 3711 2885">
    <p class='ocr_par' dir='ltr' id='par_1_73' title="bbox 2129 2813 3711 2885">
     <span class='ocr_line' id='line_1_73' title="bbox 2129 2813 3711 2885; baseline 0 -19"><span class='ocrx_word' id='word_1_530' title='bbox 2129 2813 2440 2877; x_wconf 79' lang='grc' dir='ltr'><em>νουπόλεως</em></span> <span class='ocrx_word' id='word_1_531' title='bbox 2493 2814 2792 2876; x_wconf 77' lang='grc' dir='ltr'>ἐπίσκοπος</span> <span class='ocrx_word' id='word_1_532' title='bbox 2857 2813 3123 2876; x_wconf 79' lang='grc' dir='ltr'>ὡσαύτως</span> <span class='ocrx_word' id='word_1_533' title='bbox 3153 2829 3166 2842; x_wconf 89' lang='grc'><strong>·</strong></span> <span class='ocrx_word' id='word_1_534' title='bbox 3238 2816 3269 2869; x_wconf 97' lang='lat'><strong>6</strong></span> <span class='ocrx_word' id='word_1_535' title='bbox 3312 2814 3416 2884; x_wconf 84' lang='grc' dir='ltr'><em>μὲν</em></span> <span class='ocrx_word' id='word_1_536' title='bbox 3467 2815 3575 2885; x_wconf 78' lang='grc' dir='ltr'><strong>γὰρ</strong></span> <span class='ocrx_word' id='word_1_537' title='bbox 3623 2814 3711 2883; x_wconf 83' lang='grc' dir='ltr'><strong>τὴν</strong></span> 
     </span>
    </p>
   </div>
   <div class='ocr_carea' id='block_1_74' title="bbox 2135 2904 3711 2976">
    <p class='ocr_par' dir='ltr' id='par_1_74' title="bbox 2135 2904 3711 2976">
     <span class='ocr_line' id='line_1_74' title="bbox 2135 2904 3711 2976; baseline -0.001 -18"><span class='ocrx_word' id='word_1_538' title='bbox 2135 2905 2348 2976; x_wconf 82' lang='grc' dir='ltr'><em>μορφὴν</em></span> <span class='ocrx_word' id='word_1_539' title='bbox 2366 2904 2554 2958; x_wconf 78' lang='grc' dir='ltr'><em>οὐσίαν</em></span> <span class='ocrx_word' id='word_1_540' title='bbox 2589 2904 2897 2974; x_wconf 87' lang='grc' dir='ltr'><em>ὠνόμασεν,</em></span> <span class='ocrx_word' id='word_1_541' title='bbox 2941 2906 2969 2957; x_wconf 89' lang='lat'><strong>6</strong></span> <span class='ocrx_word' id='word_1_542' title='bbox 2996 2905 3054 2957; x_wconf 83' lang='grc' dir='ltr'><em>δὲ</em></span> <span class='ocrx_word' id='word_1_543' title='bbox 3082 2905 3269 2974; x_wconf 78' lang='grc' dir='ltr'><em>φύσιν.</em></span> <span class='ocrx_word' id='word_1_544' title='bbox 3302 2906 3497 2969; x_wconf 79' lang='grc' dir='ltr'>Οὕτως</span> <span class='ocrx_word' id='word_1_545' title='bbox 3532 2906 3580 2957; x_wconf 77' lang='grc' dir='ltr'><strong>οἱ</strong></span> <span class='ocrx_word' id='word_1_546' title='bbox 3610 2906 3711 2957; x_wconf 81' lang='grc' dir='ltr'><strong>Πα-</strong></span> 
     </span>
    </p>
   </div>
   <div class='ocr_carea' id='block_1_75' title="bbox 2132 2995 3711 3066">
    <p class='ocr_par' dir='ltr' id='par_1_75' title="bbox 2132 2995 3711 3066">
     <span class='ocr_line' id='line_1_75' title="bbox 2132 2995 3711 3066; baseline 0.001 -19"><span class='ocrx_word' id='word_1_547' title='bbox 2132 2995 2288 3065; x_wconf 82' lang='grc' dir='ltr'><em>τέρες</em></span> <span class='ocrx_word' id='word_1_548' title='bbox 2322 2996 2483 3064; x_wconf 86' lang='grc' dir='ltr'><em>ἡμῶν</em></span> <span class='ocrx_word' id='word_1_549' title='bbox 2543 2997 2609 3049; x_wconf 83' lang='grc' dir='ltr'><strong>ὲκ</strong></span> <span class='ocrx_word' id='word_1_550' title='bbox 2639 2995 2732 3049; x_wconf 88' lang='grc' dir='ltr'><strong>δύο</strong></span> <span class='ocrx_word' id='word_1_551' title='bbox 2788 2996 3006 3064; x_wconf 79' lang='grc' dir='ltr'><em>φύσεων</em></span> <span class='ocrx_word' id='word_1_552' title='bbox 3059 2996 3318 3063; x_wconf 82' lang='grc' dir='ltr'><strong>λέγοντες</strong></span> <span class='ocrx_word' id='word_1_553' title='bbox 3374 2997 3470 3051; x_wconf 66' lang='grc' dir='ltr'><strong>τὸν</strong></span> <span class='ocrx_word' id='word_1_554' title='bbox 3527 2997 3711 3066; x_wconf 82' lang='grc' dir='ltr'><strong>Κύριον</strong></span> 
     </span>
    </p>
   </div>
   <div class='ocr_carea' id='block_1_76' title="bbox 2132 3084 3710 3159">
    <p class='ocr_par' dir='ltr' id='par_1_76' title="bbox 2132 3084 3710 3159">
     <span class='ocr_line' id='line_1_76' title="bbox 2132 3084 3710 3159; baseline 0.001 -22"><span class='ocrx_word' id='word_1_555' title='bbox 2132 3085 2291 3157; x_wconf 82' lang='grc' dir='ltr'><em>ἡμῶν</em></span> <span class='ocrx_word' id='word_1_556' title='bbox 2328 3084 2535 3154; x_wconf 84' lang='grc' dir='ltr'><strong>Ἰησοῦν</strong></span> <span class='ocrx_word' id='word_1_557' title='bbox 2567 3086 2805 3159; x_wconf 80' lang='grc' dir='ltr'><em>Χριστὸν</em></span> <span class='ocrx_word' id='word_1_558' title='bbox 2864 3089 3183 3155; x_wconf 78' lang='grc' dir='ltr'><strong>συγκεῖσθαι</strong></span> <span class='ocrx_word' id='word_1_559' title='bbox 3252 3091 3320 3143; x_wconf 78' lang='grc' dir='ltr'><strong>ὲκ</strong></span> <span class='ocrx_word' id='word_1_560' title='bbox 3371 3090 3467 3143; x_wconf 87' lang='grc' dir='ltr'><strong>δύο</strong></span> <span class='ocrx_word' id='word_1_561' title='bbox 3519 3089 3710 3142; x_wconf 81' lang='grc' dir='ltr'><em>νοοῦσιν</em></span> 
     </span>
    </p>
   </div>
   <div class='ocr_carea' id='block_1_77' title="bbox 2133 3176 3711 3251">
    <p class='ocr_par' dir='ltr' id='par_1_77' title="bbox 2133 3176 3711 3251">
     <span class='ocr_line' id='line_1_77' title="bbox 2133 3176 3711 3251; baseline 0.002 -21"><span class='ocrx_word' id='word_1_562' title='bbox 2133 3176 2354 3242; x_wconf 83' lang='grc' dir='ltr'><strong>οὐσιῶν,</strong></span> <span class='ocrx_word' id='word_1_563' title='bbox 2386 3176 2577 3249; x_wconf 82' lang='grc' dir='ltr'><em>ὥσπερ</em></span> <span class='ocrx_word' id='word_1_564' title='bbox 2599 3179 2693 3232; x_wconf 72' lang='grc' dir='ltr'><strong>καὶ</strong></span> <span class='ocrx_word' id='word_1_565' title='bbox 2728 3179 2891 3248; x_wconf 76' lang='grc' dir='ltr'><em>ἡνίκα</em></span> <span class='ocrx_word' id='word_1_566' title='bbox 2920 3182 2977 3234; x_wconf 77' lang='grc' dir='ltr'><em>ἐν</em></span> <span class='ocrx_word' id='word_1_567' title='bbox 3001 3181 3094 3234; x_wconf 74' lang='grc' dir='ltr'><strong>δύο</strong></span> <span class='ocrx_word' id='word_1_568' title='bbox 3138 3181 3394 3251; x_wconf 75' lang='grc' dir='ltr'><em>φύσεσιν,</em></span> <span class='ocrx_word' id='word_1_569' title='bbox 3453 3182 3513 3235; x_wconf 79' lang='grc' dir='ltr'><em>ἐν</em></span> <span class='ocrx_word' id='word_1_570' title='bbox 3578 3181 3711 3233; x_wconf 73' lang='grc' dir='ltr'>δυσὶν</span> 
     </span>
    </p>
   </div>
   <div class='ocr_carea' id='block_1_78' title="bbox 2135 3268 3711 3341">
    <p class='ocr_par' dir='ltr' id='par_1_78' title="bbox 2135 3268 3711 3341">
     <span class='ocr_line' id='line_1_78' title="bbox 2135 3268 3711 3341; baseline 0.001 -19"><span class='ocrx_word' id='word_1_571' title='bbox 2135 3268 2370 3331; x_wconf 83' lang='grc' dir='ltr'><em>οὐσίαις.</em></span> <span class='ocrx_word' id='word_1_572' title='bbox 2407 3270 2518 3323; x_wconf 76' lang='grc' dir='ltr'><strong>Καὶ</strong></span> <span class='ocrx_word' id='word_1_573' title='bbox 2539 3270 2566 3324; x_wconf 85' lang='lat'><strong>6</strong></span> <span class='ocrx_word' id='word_1_574' title='bbox 2590 3269 2691 3339; x_wconf 82' lang='grc' dir='ltr'>τῆς</span> <span class='ocrx_word' id='word_1_575' title='bbox 2721 3269 2951 3341; x_wconf 84' lang='grc' dir='ltr'><em>βροντῆς</em></span> <span class='ocrx_word' id='word_1_576' title='bbox 2971 3271 3029 3324; x_wconf 80' lang='grc' dir='ltr'><em>δὲ</em></span> <span class='ocrx_word' id='word_1_577' title='bbox 3062 3273 3187 3331; x_wconf 68' lang='grc' dir='ltr'>Υἱὸς</span> <span class='ocrx_word' id='word_1_578' title='bbox 3220 3273 3387 3327; x_wconf 84' lang='grc' dir='ltr'><em>τοῦτο</em></span> <span class='ocrx_word' id='word_1_579' title='bbox 3408 3272 3640 3327; x_wconf 80' lang='grc' dir='ltr'><em>διδάσκει</em></span> <span class='ocrx_word' id='word_1_580' title='bbox 3661 3275 3711 3324; x_wconf 90' lang='grc' dir='ltr'><em>ἐν</em></span> 
     </span>
    </p>
   </div>
   <div class='ocr_carea' id='block_1_79' title="bbox 2135 3356 3711 3433">
    <p class='ocr_par' dir='ltr' id='par_1_79' title="bbox 2135 3356 3711 3433">
     <span class='ocr_line' id='line_1_79' title="bbox 2135 3356 3711 3433; baseline 0.001 -20"><span class='ocrx_word' id='word_1_581' title='bbox 2135 3360 2213 3431; x_wconf 82' lang='grc' dir='ltr'><strong>τῷ</strong></span> <span class='ocrx_word' id='word_1_582' title='bbox 2250 3360 2450 3428; x_wconf 75' lang='grc' dir='ltr'><em>λέγειν.</em></span> <span class='ocrx_word' id='word_1_583' title='bbox 2481 3363 2552 3415; x_wconf 89' lang='grc' dir='ltr'><strong><em>Ὃ</em></strong></span> <span class='ocrx_word' id='word_1_584' title='bbox 2580 3356 2721 3431; x_wconf 72' lang='grc' dir='ltr'><strong>ἦν¹⁶</strong></span> <span class='ocrx_word' id='word_1_585' title='bbox 2748 3361 2851 3415; x_wconf 80' lang='grc' dir='ltr'><strong>ἀπ’</strong></span> <span class='ocrx_word' id='word_1_586' title='bbox 2883 3360 3097 3431; x_wconf 76' lang='grc' dir='ltr'><em>ἀρχῆς,</em></span> <span class='ocrx_word' id='word_1_587' title='bbox 3134 3363 3165 3415; x_wconf 83' lang='grc' dir='ltr'>ὃ</span> <span class='ocrx_word' id='word_1_588' title='bbox 3223 3362 3578 3433; x_wconf 81' lang='grc' dir='ltr'><em>ἑωράκαμεν</em></span> <span class='ocrx_word' id='word_1_589' title='bbox 3623 3362 3711 3416; x_wconf 78' lang='grc' dir='ltr'><em>καὶ</em></span> 
     </span>
    </p>
   </div>
   <div class='ocr_carea' id='block_1_80' title="bbox 2135 3449 3711 3523">
    <p class='ocr_par' dir='ltr' id='par_1_80' title="bbox 2135 3449 3711 3523">
     <span class='ocr_line' id='line_1_80' title="bbox 2135 3449 3711 3523; baseline 0 -18"><span class='ocrx_word' id='word_1_590' title='bbox 2135 3452 2195 3505; x_wconf 77' lang='grc' dir='ltr'><em>αἱ</em></span> <span class='ocrx_word' id='word_1_591' title='bbox 2228 3450 2424 3519; x_wconf 84' lang='grc' dir='ltr'><em>χεῖρες</em></span> <span class='ocrx_word' id='word_1_592' title='bbox 2451 3449 2623 3520; x_wconf 76' lang='grc' dir='ltr'><em>ἡμῶν</em></span> <span class='ocrx_word' id='word_1_593' title='bbox 2640 3451 3059 3521; x_wconf 72' lang='grc' dir='ltr'><em>ἐψηλάφησαν</em></span> <span class='ocrx_word' id='word_1_594' title='bbox 3082 3454 3217 3521; x_wconf 78' lang='grc' dir='ltr'><em>περὶ</em></span> <span class='ocrx_word' id='word_1_595' title='bbox 3261 3454 3374 3508; x_wconf 78' lang='grc' dir='ltr'><strong>τοῦ</strong></span> <span class='ocrx_word' id='word_1_596' title='bbox 3398 3455 3591 3523; x_wconf 79' lang='grc' dir='ltr'><em>Λόγου</em></span> <span class='ocrx_word' id='word_1_597' title='bbox 3618 3452 3711 3517; x_wconf 83' lang='grc' dir='ltr'>τῆς</span> 
     </span>
    </p>
   </div>
   <div class='ocr_carea' id='block_1_81' title="bbox 2137 3539 3709 3615">
    <p class='ocr_par' dir='ltr' id='par_1_81' title="bbox 2137 3539 3709 3615">
     <span class='ocr_line' id='line_1_81' title="bbox 2137 3539 3709 3615; baseline -0.003 -17"><span class='ocrx_word' id='word_1_598' title='bbox 2137 3543 2306 3611; x_wconf 77' lang='grc' dir='ltr'><strong>ζωῆς.</strong></span> <span class='ocrx_word' id='word_1_599' title='bbox 2342 3544 2448 3596; x_wconf 85' lang='grc' dir='ltr'><strong>Τὸν</strong></span> <span class='ocrx_word' id='word_1_600' title='bbox 2476 3542 2572 3597; x_wconf 72' lang='grc' dir='ltr'><em>ἕνα</em></span> <span class='ocrx_word' id='word_1_601' title='bbox 2600 3543 2711 3615; x_wconf 81' lang='grc' dir='ltr'><strong>γὰρ</strong></span> <span class='ocrx_word' id='word_1_602' title='bbox 2747 3545 2843 3598; x_wconf 76' lang='grc' dir='ltr'><strong>καὶ</strong></span> <span class='ocrx_word' id='word_1_603' title='bbox 2891 3544 2983 3597; x_wconf 80' lang='grc' dir='ltr'><strong>τὸν</strong></span> <span class='ocrx_word' id='word_1_604' title='bbox 3025 3546 3210 3610; x_wconf 80' lang='grc' dir='ltr'><em>αὐτὸν,</em></span> <span class='ocrx_word' id='word_1_605' title='bbox 3261 3547 3331 3599; x_wconf 80' lang='grc' dir='ltr'><em>δι’</em></span> <span class='ocrx_word' id='word_1_606' title='bbox 3367 3539 3445 3600; x_wconf 85' lang='grc' dir='ltr'><em>ὧν</em></span> <span class='ocrx_word' id='word_1_607' title='bbox 3497 3544 3709 3614; x_wconf 73' lang='grc' dir='ltr'><em>ἔφημεν,</em></span> 
     </span>
    </p>
   </div>
   <div class='ocr_carea' id='block_1_82' title="bbox 2137 3635 3713 3709">
    <p class='ocr_par' dir='ltr' id='par_1_82' title="bbox 2137 3635 3713 3709">
     <span class='ocr_line' id='line_1_82' title="bbox 2137 3635 3713 3709; baseline -0.003 -19"><span class='ocrx_word' id='word_1_608' title='bbox 2137 3637 2234 3690; x_wconf 68' lang='grc' dir='ltr'><strong>καὶ</strong></span> <span class='ocrx_word' id='word_1_609' title='bbox 2266 3636 2592 3707; x_wconf 59' lang='grc' dir='ltr'><strong>ψηλαφητὴν</strong></span> <span class='ocrx_word' id='word_1_610' title='bbox 2612 3637 2803 3689; x_wconf 65' lang='grc' dir='ltr'><em>οὐσίαν</em></span> <span class='ocrx_word' id='word_1_611' title='bbox 2834 3636 3075 3709; x_wconf 69' lang='grc'><strong>[41511.]</strong></span> <span class='ocrx_word' id='word_1_612' title='bbox 3103 3636 3250 3707; x_wconf 79' lang='grc' dir='ltr'><em>ἔχειν</em></span> <span class='ocrx_word' id='word_1_613' title='bbox 3300 3639 3398 3692; x_wconf 74' lang='grc' dir='ltr'><strong>καὶ</strong></span> <span class='ocrx_word' id='word_1_614' title='bbox 3447 3635 3713 3708; x_wconf 48' lang='lat' dir='ltr'><strong>sweet;-</strong></span> 
     </span>
    </p>
   </div>
   <div class='ocr_carea' id='block_1_83' title="bbox 2137 3729 3711 3801">
    <p class='ocr_par' dir='ltr' id='par_1_83' title="bbox 2137 3729 3711 3801">
     <span class='ocr_line' id='line_1_83' title="bbox 2137 3729 3711 3801; baseline -0.004 -16"><span class='ocrx_word' id='word_1_615' title='bbox 2137 3747 2231 3785; x_wconf 86' lang='grc' dir='ltr'><em>τον</em></span> <span class='ocrx_word' id='word_1_616' title='bbox 2265 3730 2593 3801; x_wconf 83' lang='grc' dir='ltr'><strong>ἀνεκήρυξε.</strong></span> <span class='ocrx_word' id='word_1_617' title='bbox 2616 3730 2788 3798; x_wconf 89' lang='grc' dir='ltr'><em>Λόγον</em></span> <span class='ocrx_word' id='word_1_618' title='bbox 2844 3730 2955 3801; x_wconf 83' lang='grc' dir='ltr'><strong>γὰρ</strong></span> <span class='ocrx_word' id='word_1_619' title='bbox 3014 3731 3187 3783; x_wconf 84' lang='grc' dir='ltr'><em>εἰπὼν</em></span> <span class='ocrx_word' id='word_1_620' title='bbox 3220 3731 3317 3784; x_wconf 73' lang='grc' dir='ltr'><strong>τὸν</strong></span> <span class='ocrx_word' id='word_1_621' title='bbox 3380 3729 3711 3801; x_wconf 78' lang='grc' dir='ltr'><strong>ἀψηλάφητον</strong></span> 
     </span>
    </p>
   </div>
   <div class='ocr_carea' id='block_1_84' title="bbox 2137 3818 3713 3893">
    <p class='ocr_par' dir='ltr' id='par_1_84' title="bbox 2137 3818 3713 3893">
     <span class='ocr_line' id='line_1_84' title="bbox 2137 3818 3713 3893; baseline -0.007 -17"><span class='ocrx_word' id='word_1_622' title='bbox 2137 3821 2525 3893; x_wconf 52' lang='grc' dir='ltr'><em>ῂλαφηθῆναι</em></span> <span class='ocrx_word' id='word_1_623' title='bbox 2555 3822 3073 3893; x_wconf 79' lang='grc' dir='ltr'><em>προσεμαρτύρησε,</em></span> <span class='ocrx_word' id='word_1_624' title='bbox 3104 3822 3200 3875; x_wconf 77' lang='grc' dir='ltr'><strong>καὶ</strong></span> <span class='ocrx_word' id='word_1_625' title='bbox 3232 3821 3543 3893; x_wconf 79' lang='grc' dir='ltr'><em>ἑωρακέναι</em></span> <span class='ocrx_word' id='word_1_626' title='bbox 3564 3818 3713 3871; x_wconf 80' lang='grc' dir='ltr'><em>εἰπὼν</em></span> 
     </span>
    </p>
   </div>
   <div class='ocr_carea' id='block_1_85' title="bbox 2138 3908 3712 3981">
    <p class='ocr_par' dir='ltr' id='par_1_85' title="bbox 2138 3908 3712 3981">
     <span class='ocr_line' id='line_1_85' title="bbox 2138 3908 3712 3981; baseline -0.004 -19"><span class='ocrx_word' id='word_1_627' title='bbox 2138 3909 2231 3962; x_wconf 83' lang='grc' dir='ltr'><strong>τὸν</strong></span> <span class='ocrx_word' id='word_1_628' title='bbox 2261 3909 2493 3979; x_wconf 83' lang='grc' dir='ltr'><em>ἀόρατον</em></span> <span class='ocrx_word' id='word_1_629' title='bbox 2530 3911 2965 3981; x_wconf 83' lang='grc' dir='ltr'><em>προανήγγειλεν</em></span> <span class='ocrx_word' id='word_1_630' title='bbox 2994 3927 3009 3941; x_wconf 89' lang='grc'><strong>·</strong></span> <span class='ocrx_word' id='word_1_631' title='bbox 3046 3909 3188 3964; x_wconf 84' lang='grc' dir='ltr'><em>ὥστε</em></span> <span class='ocrx_word' id='word_1_632' title='bbox 3227 3912 3321 3965; x_wconf 81' lang='grc' dir='ltr'><em>τὸν</em></span> <span class='ocrx_word' id='word_1_633' title='bbox 3351 3913 3450 3964; x_wconf 73' lang='grc' dir='ltr'><strong>ἕνα</strong></span> <span class='ocrx_word' id='word_1_634' title='bbox 3499 3908 3712 3977; x_wconf 65' lang='grc' dir='ltr'><em>Χριστὸν</em></span> 
     </span>
    </p>
   </div>
   <div class='ocr_carea' id='block_1_86' title="bbox 2140 3999 3711 4073">
    <p class='ocr_par' dir='ltr' id='par_1_86' title="bbox 2140 3999 3711 4073">
     <span class='ocr_line' id='line_1_86' title="bbox 2140 3999 3711 4073; baseline 0.001 -20"><span class='ocrx_word' id='word_1_635' title='bbox 2140 4001 2200 4054; x_wconf 79' lang='grc' dir='ltr'><em>ἐν</em></span> <span class='ocrx_word' id='word_1_636' title='bbox 2233 4001 2528 4073; x_wconf 74' lang='grc' dir='ltr'>ψηλαφητῇ</span> <span class='ocrx_word' id='word_1_637' title='bbox 2563 4005 2658 4056; x_wconf 69' lang='grc' dir='ltr'><strong>καὶ</strong></span> <span class='ocrx_word' id='word_1_638' title='bbox 2686 4002 3033 4073; x_wconf 77' lang='grc' dir='ltr'><strong>ἁψηλαφήτῳ</strong></span> <span class='ocrx_word' id='word_1_639' title='bbox 3080 4003 3240 4073; x_wconf 65' lang='grc' dir='ltr'><em>οὐσίᾳ.</em></span> <span class='ocrx_word' id='word_1_640' title='bbox 3300 4002 3397 4056; x_wconf 76' lang='grc' dir='ltr'><strong>καὶ</strong></span> <span class='ocrx_word' id='word_1_641' title='bbox 3449 4003 3508 4055; x_wconf 82' lang='grc' dir='ltr'><em>ὲν</em></span> <span class='ocrx_word' id='word_1_642' title='bbox 3561 3999 3711 4068; x_wconf 80' lang='grc' dir='ltr'>ὁρατῇ</span> 
     </span>
    </p>
   </div>
   <div class='ocr_carea' id='block_1_87' title="bbox 2142 4091 3713 4166">
    <p class='ocr_par' dir='ltr' id='par_1_87' title="bbox 2142 4091 3713 4166">
     <span class='ocr_line' id='line_1_87' title="bbox 2142 4091 3713 4166; baseline -0.004 -20"><span class='ocrx_word' id='word_1_643' title='bbox 2142 4093 2237 4146; x_wconf 76' lang='grc' dir='ltr'><strong>καὶ</strong></span> <span class='ocrx_word' id='word_1_644' title='bbox 2263 4094 2483 4166; x_wconf 82' lang='grc' dir='ltr'>ἀοράτῳ</span> <span class='ocrx_word' id='word_1_645' title='bbox 2503 4094 2764 4166; x_wconf 81' lang='grc' dir='ltr'><em>γνωρίζει</em></span> <span class='ocrx_word' id='word_1_646' title='bbox 2794 4112 2855 4148; x_wconf 84' lang='grc' dir='ltr'><em>τε</em></span> <span class='ocrx_word' id='word_1_647' title='bbox 2882 4097 2925 4128; x_wconf 81' lang='grc'><strong>¹⁶</strong></span> <span class='ocrx_word' id='word_1_648' title='bbox 2977 4094 3073 4149; x_wconf 73' lang='grc' dir='ltr'><strong>καὶ</strong></span> <span class='ocrx_word' id='word_1_649' title='bbox 3131 4097 3245 4158; x_wconf 86' lang='grc' dir='ltr'>τοῖς</span> <span class='ocrx_word' id='word_1_650' title='bbox 3304 4095 3489 4158; x_wconf 79' lang='grc' dir='ltr'><strong>ἄλλοις</strong></span> <span class='ocrx_word' id='word_1_651' title='bbox 3536 4091 3713 4145; x_wconf 80' lang='grc' dir='ltr'><em>εἰδέναι</em></span> 
     </span>
    </p>
   </div>
   <div class='ocr_carea' id='block_1_88' title="bbox 2140 4179 3713 4257">
    <p class='ocr_par' dir='ltr' id='par_1_88' title="bbox 2140 4179 3713 4257">
     <span class='ocr_line' id='line_1_88' title="bbox 2140 4179 3713 4257; baseline -0.004 -20"><span class='ocrx_word' id='word_1_652' title='bbox 2140 4184 2460 4249; x_wconf 74' lang='grc' dir='ltr'><em>διδάσκαλος</em></span> <span class='ocrx_word' id='word_1_653' title='bbox 2484 4185 2717 4253; x_wconf 80' lang='grc' dir='ltr'><em>γίνεται.</em></span> <span class='ocrx_word' id='word_1_654' title='bbox 2756 4186 2819 4239; x_wconf 76' lang='grc' dir='ltr'><strong>Εἰ</strong></span> <span class='ocrx_word' id='word_1_655' title='bbox 2852 4184 2961 4255; x_wconf 84' lang='grc' dir='ltr'><strong>γὰρ</strong></span> <span class='ocrx_word' id='word_1_656' title='bbox 2988 4185 3084 4239; x_wconf 74' lang='grc' dir='ltr'><strong>καὶ</strong></span> <span class='ocrx_word' id='word_1_657' title='bbox 3120 4184 3238 4248; x_wconf 56' lang='lat' dir='ltr'><strong>sva;</strong></span> <span class='ocrx_word' id='word_1_658' title='bbox 3279 4182 3574 4257; x_wconf 85' lang='grc' dir='ltr'><strong>προσώπου</strong></span> <span class='ocrx_word' id='word_1_659' title='bbox 3598 4179 3713 4233; x_wconf 65' lang='lat' dir='ltr'><strong>txi-</strong></span> 
     </span>
    </p>
   </div>
   <div class='ocr_carea' id='block_1_89' title="bbox 2142 4268 3712 4353">
    <p class='ocr_par' dir='ltr' id='par_1_89' title="bbox 2142 4268 3712 4353">
     <span class='ocr_line' id='line_1_89' title="bbox 2142 4268 3712 4353; baseline -0.01 -18"><span class='ocrx_word' id='word_1_660' title='bbox 2142 4300 2201 4335; x_wconf 81' lang='grc' dir='ltr'><em>’τε</em></span> <span class='ocrx_word' id='word_1_661' title='bbox 2213 4299 2303 4353; x_wconf 90' lang='grc' dir='ltr'><em>ρον</em></span> <span class='ocrx_word' id='word_1_662' title='bbox 2330 4283 2395 4346; x_wconf 77' lang='grc'><strong>¹⁶,</strong></span> <span class='ocrx_word' id='word_1_663' title='bbox 2433 4281 2549 4334; x_wconf 78' lang='grc' dir='ltr'><strong>ἀλλ’</strong></span> <span class='ocrx_word' id='word_1_664' title='bbox 2576 4279 2751 4341; x_wconf 80' lang='grc' dir='ltr'><em>οὐδεὶς</em></span> <span class='ocrx_word' id='word_1_665' title='bbox 2779 4277 2846 4332; x_wconf 85' lang='grc' dir='ltr'><em>ἂν</em></span> <span class='ocrx_word' id='word_1_666' title='bbox 2875 4279 3049 4332; x_wconf 83' lang='grc' dir='ltr'><em>εἰπεῖν</em></span> <span class='ocrx_word' id='word_1_667' title='bbox 3067 4276 3296 4332; x_wconf 87' lang='grc' dir='ltr'><em>δύναται</em></span> <span class='ocrx_word' id='word_1_668' title='bbox 3324 4274 3450 4329; x_wconf 82' lang='grc' dir='ltr'><em>νοῦν</em></span> <span class='ocrx_word' id='word_1_669' title='bbox 3475 4273 3608 4343; x_wconf 82' lang='grc' dir='ltr'><em>ἔχων</em></span> <span class='ocrx_word' id='word_1_670' title='bbox 3648 4268 3712 4329; x_wconf 84' lang='grc' dir='ltr'>ὡς</span> 
     </span>
    </p>
   </div>
   <div class='ocr_carea' id='block_1_90' title="bbox 2144 4361 3713 4446">
    <p class='ocr_par' dir='ltr' id='par_1_90' title="bbox 2144 4361 3713 4446">
     <span class='ocr_line' id='line_1_90' title="bbox 2144 4361 3713 4446; baseline -0.013 -17"><span class='ocrx_word' id='word_1_671' title='bbox 2144 4375 2178 4445; x_wconf 86' lang='grc' dir='ltr'><strong>ή</strong></span> <span class='ocrx_word' id='word_1_672' title='bbox 2210 4375 2349 4446; x_wconf 83' lang='grc' dir='ltr'><em>αὐτὴ</em></span> <span class='ocrx_word' id='word_1_673' title='bbox 2380 4372 2541 4442; x_wconf 84' lang='grc' dir='ltr'>φύσις</span> <span class='ocrx_word' id='word_1_674' title='bbox 2558 4370 2885 4441; x_wconf 78' lang='grc' dir='ltr'><strong>ψηλαφητοῦ</strong></span> <span class='ocrx_word' id='word_1_675' title='bbox 2924 4370 3017 4424; x_wconf 65' lang='grc' dir='ltr'><strong>καὶ</strong></span> <span class='ocrx_word' id='word_1_676' title='bbox 3066 4367 3434 4438; x_wconf 75' lang='grc' dir='ltr'><strong>ἁψηλαφήτου</strong></span> <span class='ocrx_word' id='word_1_677' title='bbox 3482 4362 3573 4416; x_wconf 86' lang='grc' dir='ltr'><strong>καί</strong></span> <span class='ocrx_word' id='word_1_678' title='bbox 3600 4361 3713 4428; x_wconf 83' lang='grc' dir='ltr'><strong>ὁρα-</strong></span> 
     </span>
    </p>
   </div>
   <div class='ocr_carea' id='block_1_91' title="bbox 2144 4447 3714 4535">
    <p class='ocr_par' dir='ltr' id='par_1_91' title="bbox 2144 4447 3714 4535">
     <span class='ocr_line' id='line_1_91' title="bbox 2144 4447 3714 4535; baseline -0.014 -15"><span class='ocrx_word' id='word_1_679' title='bbox 2144 4465 2237 4520; x_wconf 88' lang='grc' dir='ltr'><strong>τοῦ</strong></span> <span class='ocrx_word' id='word_1_680' title='bbox 2266 4466 2360 4519; x_wconf 72' lang='grc' dir='ltr'>καὶ</span> <span class='ocrx_word' id='word_1_681' title='bbox 2391 4464 2647 4535; x_wconf 82' lang='grc' dir='ltr'><strong>ἀοράτου.</strong></span> <span class='ocrx_word' id='word_1_682' title='bbox 2708 4462 2866 4516; x_wconf 80' lang='grc' dir='ltr'><em>Οὕτω</em></span> <span class='ocrx_word' id='word_1_683' title='bbox 2900 4462 2996 4514; x_wconf 69' lang='grc' dir='ltr'>καὶ</span> <span class='ocrx_word' id='word_1_684' title='bbox 3044 4463 3106 4513; x_wconf 82' lang='grc' dir='ltr'>τὸ</span> <span class='ocrx_word' id='word_1_685' title='bbox 3156 4460 3311 4530; x_wconf 79' lang='grc' dir='ltr'>παρὰ</span> <span class='ocrx_word' id='word_1_686' title='bbox 3369 4457 3478 4510; x_wconf 84' lang='grc' dir='ltr'><strong>τῶν</strong></span> <span class='ocrx_word' id='word_1_687' title='bbox 3528 4447 3714 4507; x_wconf 84' lang='grc' dir='ltr'>πιστῶν</span> 
     </span>
    </p>
   </div>
   <div class='ocr_carea' id='block_1_92' title="bbox 453 4540 2028 4629">
    <p class='ocr_par' dir='ltr' id='par_1_92' title="bbox 453 4558 2028 4629">
     <span class='ocr_line' id='line_1_92' title="bbox 453 4558 2028 4629; baseline 0.001 -20"><span class='ocrx_word' id='word_1_688' title='bbox 453 4558 775 4627; x_wconf 81' lang='lat' dir='ltr'><strong>hypostases</strong></span> <span class='ocrx_word' id='word_1_689' title='bbox 820 4558 1015 4629; x_wconf 74' lang='grc'><strong>2521)</strong></span> <span class='ocrx_word' id='word_1_690' title='bbox 1081 4558 1425 4624; x_wconf 87' lang='lat' dir='ltr'><strong>divisionem,</strong></span> <span class='ocrx_word' id='word_1_691' title='bbox 1481 4568 1537 4614; x_wconf 90' lang='lat' dir='ltr'><strong>et</strong></span> <span class='ocrx_word' id='word_1_692' title='bbox 1588 4575 1694 4614; x_wconf 89' lang='lat' dir='ltr'><strong>una</strong></span> <span class='ocrx_word' id='word_1_693' title='bbox 1731 4562 2028 4615; x_wconf 80' lang='lat' dir='ltr'><strong>adoratiom</strong></span> 
     </span>
    </p>
   </div>
   <div class='ocr_carea' id='block_1_93' title="bbox 2131 4540 3712 4629">
    <p class='ocr_par' dir='ltr' id='par_1_93' title="bbox 2150 4540 3712 4627">
     <span class='ocr_line' id='line_1_93' title="bbox 2150 4540 3712 4627; baseline -0.006 -18"><span class='ocrx_word' id='word_1_694' title='bbox 2150 4556 2631 4627; x_wconf 79' lang='grc' dir='ltr'><em>λαμϐανόμενον¹⁷</em></span> <span class='ocrx_word' id='word_1_695' title='bbox 2682 4552 2842 4622; x_wconf 86' lang='grc' dir='ltr'><em>σῶμα</em></span> <span class='ocrx_word' id='word_1_696' title='bbox 2886 4550 3130 4622; x_wconf 77' lang='grc' dir='ltr'><strong>Χριστοῦ</strong></span> <span class='ocrx_word' id='word_1_697' title='bbox 3173 4551 3269 4604; x_wconf 77' lang='grc' dir='ltr'><strong>καὶ</strong></span> <span class='ocrx_word' id='word_1_698' title='bbox 3327 4549 3425 4619; x_wconf 80' lang='grc' dir='ltr'>τῆς</span> <span class='ocrx_word' id='word_1_699' title='bbox 3474 4540 3712 4610; x_wconf 79' lang='grc' dir='ltr'><strong>αἰσθητῆς</strong></span> 
     </span>
    </p>
   </div>
   <div class='ocr_carea' id='block_1_94' title="bbox 454 4648 2044 4723">
    <p class='ocr_par' dir='ltr' id='par_1_94' title="bbox 454 4648 2044 4723">
     <span class='ocr_line' id='line_1_94' title="bbox 454 4648 2044 4723; baseline 0.004 -22"><span class='ocrx_word' id='word_1_700' title='bbox 454 4663 620 4703; x_wconf 90' lang='lat' dir='ltr'><strong>unum</strong></span> <span class='ocrx_word' id='word_1_701' title='bbox 665 4648 845 4704; x_wconf 79' lang='lat' dir='ltr'><strong>facere</strong></span> <span class='ocrx_word' id='word_1_702' title='bbox 892 4660 1119 4705; x_wconf 87' lang='lat' dir='ltr'><strong>conatus</strong></span> <span class='ocrx_word' id='word_1_703' title='bbox 1169 4661 1271 4706; x_wconf 84' lang='lat' dir='ltr'><strong>est.</strong></span> <span class='ocrx_word' id='word_1_704' title='bbox 1320 4652 1393 4706; x_wconf 83' lang='lat' dir='ltr'><strong>At</strong></span> <span class='ocrx_word' id='word_1_705' title='bbox 1442 4666 1571 4707; x_wconf 89' lang='lat' dir='ltr'><strong>vero</strong></span> <span class='ocrx_word' id='word_1_706' title='bbox 1618 4652 1916 4723; x_wconf 87' lang='lat' dir='ltr'><strong>Eutycbes,</strong></span> <span class='ocrx_word' id='word_1_707' title='bbox 1954 4655 2044 4707; x_wconf 87' lang='lat' dir='ltr'><strong>Dei</strong></span> 
     </span>
    </p>
   </div>
   <div class='ocr_carea' id='block_1_95' title="bbox 454 4741 2051 4815">
    <p class='ocr_par' dir='ltr' id='par_1_95' title="bbox 454 4741 2051 4815">
     <span class='ocr_line' id='line_1_95' title="bbox 454 4741 2051 4815; baseline 0.004 -20"><span class='ocrx_word' id='word_1_708' title='bbox 454 4753 673 4809; x_wconf 88' lang='lat' dir='ltr'><strong>quoque</strong></span> <span class='ocrx_word' id='word_1_709' title='bbox 699 4741 1066 4808; x_wconf 85' lang='lat' dir='ltr'><strong>adversarius,</strong></span> <span class='ocrx_word' id='word_1_710' title='bbox 1109 4743 1365 4806; x_wconf 82' lang='lat' dir='ltr'><strong>unionem</strong></span> <span class='ocrx_word' id='word_1_711' title='bbox 1400 4744 1793 4815; x_wconf 86' lang='lat' dir='ltr'><strong>hypostaticam</strong></span> <span class='ocrx_word' id='word_1_712' title='bbox 1827 4761 1934 4800; x_wconf 88' lang='lat' dir='ltr'><strong>non</strong></span> <span class='ocrx_word' id='word_1_713' title='bbox 1966 4755 2051 4801; x_wconf 75' lang='lat' dir='ltr'><strong>est</strong></span> 
     </span>
    </p>
   </div>
   <div class='ocr_carea' id='block_1_96' title="bbox 456 4831 2045 4904">
    <p class='ocr_par' dir='ltr' id='par_1_96' title="bbox 456 4831 2045 4904">
     <span class='ocr_line' id='line_1_96' title="bbox 456 4831 2045 4904; baseline 0.003 -18"><span class='ocrx_word' id='word_1_714' title='bbox 456 4831 749 4895; x_wconf 84' lang='lat' dir='ltr'><strong>inliciatus,</strong></span> <span class='ocrx_word' id='word_1_715' title='bbox 800 4840 965 4899; x_wconf 86' lang='lat' dir='ltr'><strong>atque</strong></span> <span class='ocrx_word' id='word_1_716' title='bbox 1018 4835 1363 4888; x_wconf 84' lang='lat' dir='ltr'><strong>incarnatum</strong></span> <span class='ocrx_word' id='word_1_717' title='bbox 1394 4849 1425 4889; x_wconf 89' lang='lat' dir='ltr'><strong>e</strong></span> <span class='ocrx_word' id='word_1_718' title='bbox 1477 4832 1698 4904; x_wconf 78' lang='lat' dir='ltr'><strong>Virgine</strong></span> <span class='ocrx_word' id='word_1_719' title='bbox 1753 4836 2045 4892; x_wconf 86' lang='lat' dir='ltr'><strong>Dominum</strong></span> 
     </span>
    </p>
   </div>
   <div class='ocr_carea' id='block_1_97' title="bbox 456 4922 2047 4997">
    <p class='ocr_par' dir='ltr' id='par_1_97' title="bbox 456 4922 2047 4997">
     <span class='ocr_line' id='line_1_97' title="bbox 456 4922 2047 4997; baseline 0.003 -18"><span class='ocrx_word' id='word_1_720' title='bbox 456 4933 704 4985; x_wconf 84' lang='lat' dir='ltr'><strong>nostrum</strong></span> <span class='ocrx_word' id='word_1_721' title='bbox 777 4922 965 4980; x_wconf 84' lang='lat' dir='ltr'><strong>Jesum</strong></span> <span class='ocrx_word' id='word_1_722' title='bbox 1038 4927 1352 4993; x_wconf 87' lang='lat' dir='ltr'><strong>Christum,</strong></span> <span class='ocrx_word' id='word_1_723' title='bbox 1414 4944 1661 4984; x_wconf 84' lang='lat' dir='ltr'><strong>asserere</strong></span> <span class='ocrx_word' id='word_1_724' title='bbox 1729 4931 2047 4997; x_wconf 65' lang='lat' dir='ltr'><strong>pwnitentia</strong></span> 
     </span>
    </p>
   </div>
   <div class='ocr_carea' id='block_1_98' title="bbox 455 5013 2050 5088">
    <p class='ocr_par' dir='ltr' id='par_1_98' title="bbox 455 5013 2050 5088">
     <span class='ocr_line' id='line_1_98' title="bbox 455 5013 2050 5088; baseline 0.005 -22"><span class='ocrx_word' id='word_1_725' title='bbox 455 5013 674 5077; x_wconf 85' lang='lat' dir='ltr'><strong>ductus,</strong></span> <span class='ocrx_word' id='word_1_726' title='bbox 714 5015 857 5082; x_wconf 88' lang='lat' dir='ltr'><strong>quod</strong></span> <span class='ocrx_word' id='word_1_727' title='bbox 895 5016 1136 5079; x_wconf 87' lang='lat' dir='ltr'><strong>uolebat.</strong></span> <span class='ocrx_word' id='word_1_728' title='bbox 1161 5016 1375 5073; x_wconf 84' lang='lat' dir='ltr'><strong>didicit.</strong></span> <span class='ocrx_word' id='word_1_729' title='bbox 1409 5018 1516 5073; x_wconf 87' lang='lat' dir='ltr'><strong>Sed</strong></span> <span class='ocrx_word' id='word_1_730' title='bbox 1542 5022 1688 5088; x_wconf 88' lang='lat' dir='ltr'><strong>quod</strong></span> <span class='ocrx_word' id='word_1_731' title='bbox 1715 5020 1866 5086; x_wconf 86' lang='lat' dir='ltr'><strong>prius</strong></span> <span class='ocrx_word' id='word_1_732' title='bbox 1895 5034 2050 5076; x_wconf 89' lang='lat' dir='ltr'><strong>asse-</strong></span> 
     </span>
    </p>
   </div>
   <div class='ocr_carea' id='block_1_99' title="bbox 455 5107 2051 5176">
    <p class='ocr_par' dir='ltr' id='par_1_99' title="bbox 455 5107 2051 5176">
     <span class='ocr_line' id='line_1_99' title="bbox 455 5107 2051 5176; baseline 0.004 -17"><span class='ocrx_word' id='word_1_733' title='bbox 455 5117 643 5162; x_wconf 86' lang='lat' dir='ltr'><strong>rucrat</strong></span> <span class='ocrx_word' id='word_1_734' title='bbox 674 5122 704 5160; x_wconf 87' lang='lat' dir='ltr'><strong>e</strong></span> <span class='ocrx_word' id='word_1_735' title='bbox 731 5107 868 5163; x_wconf 69' lang='lat' dir='ltr'><strong>coelo</strong></span> <span class='ocrx_word' id='word_1_736' title='bbox 891 5110 1151 5165; x_wconf 86' lang='lat' dir='ltr'><strong>detulisse</strong></span> <span class='ocrx_word' id='word_1_737' title='bbox 1176 5123 1423 5176; x_wconf 89' lang='lat' dir='ltr'><strong>carnem,</strong></span> <span class='ocrx_word' id='word_1_738' title='bbox 1449 5120 1763 5166; x_wconf 87' lang='lat' dir='ltr'><strong>asserentes</strong></span> <span class='ocrx_word' id='word_1_739' title='bbox 1792 5126 2051 5168; x_wconf 83' lang='lat' dir='ltr'><strong>exsecra-</strong></span> 
     </span>
    </p>
   </div>
   <div class='ocr_carea' id='block_1_100' title="bbox 458 5200 2054 5275">
    <p class='ocr_par' dir='ltr' id='par_1_100' title="bbox 458 5200 2054 5275">
     <span class='ocr_line' id='line_1_100' title="bbox 458 5200 2054 5275; baseline 0.006 -25"><span class='ocrx_word' id='word_1_740' title='bbox 458 5206 548 5253; x_wconf 79' lang='lat' dir='ltr'><strong>tus</strong></span> <span class='ocrx_word' id='word_1_741' title='bbox 582 5209 684 5253; x_wconf 87' lang='lat' dir='ltr'><strong>est.</strong></span> <span class='ocrx_word' id='word_1_742' title='bbox 728 5200 1205 5259; x_wconf 78' lang='lat' dir='ltr'><strong>Consubstantiale</strong></span> <span class='ocrx_word' id='word_1_743' title='bbox 1251 5219 1381 5257; x_wconf 82' lang='lat' dir='ltr'><strong>vero</strong></span> <span class='ocrx_word' id='word_1_744' title='bbox 1438 5204 1747 5270; x_wconf 90' lang='lat' dir='ltr'><strong>nobiscum,</strong></span> <span class='ocrx_word' id='word_1_745' title='bbox 1804 5214 1859 5259; x_wconf 91' lang='lat' dir='ltr'><strong>et</strong></span> <span class='ocrx_word' id='word_1_746' title='bbox 1910 5219 2054 5275; x_wconf 66' lang='lat' dir='ltr'><strong>stcpe</strong></span> 
     </span>
    </p>
   </div>
   <div class='ocr_carea' id='block_1_101' title="bbox 460 5292 2052 5365">
    <p class='ocr_par' dir='ltr' id='par_1_101' title="bbox 460 5292 2052 5365">
     <span class='ocr_line' id='line_1_101' title="bbox 460 5292 2052 5365; baseline 0.004 -21"><span class='ocrx_word' id='word_1_747' title='bbox 460 5303 528 5344; x_wconf 91' lang='lat' dir='ltr'><strong>ac</strong></span> <span class='ocrx_word' id='word_1_748' title='bbox 566 5292 793 5347; x_wconf 86' lang='lat' dir='ltr'><strong>multum</strong></span> <span class='ocrx_word' id='word_1_749' title='bbox 837 5305 1084 5363; x_wconf 88' lang='lat' dir='ltr'><strong>coactus,</strong></span> <span class='ocrx_word' id='word_1_750' title='bbox 1138 5310 1486 5365; x_wconf 87' lang='lat' dir='ltr'><strong>nequaquam</strong></span> <span class='ocrx_word' id='word_1_751' title='bbox 1539 5296 1793 5353; x_wconf 80' lang='lat' dir='ltr'><strong>conﬁteri</strong></span> <span class='ocrx_word' id='word_1_752' title='bbox 1828 5298 2001 5352; x_wconf 90' lang='lat' dir='ltr'><strong>voluit</strong></span> <span class='ocrx_word' id='word_1_753' title='bbox 2038 5314 2052 5350; x_wconf 93' lang='lat'><strong>:</strong></span> 
     </span>
    </p>
   </div>
   <div class='ocr_carea' id='block_1_102' title="bbox 2153 4636 3712 4714">
    <p class='ocr_par' dir='ltr' id='par_1_102' title="bbox 2153 4636 3712 4714">
     <span class='ocr_line' id='line_1_102' title="bbox 2153 4636 3712 4714; baseline -0.013 -13"><span class='ocrx_word' id='word_1_754' title='bbox 2153 4650 2343 4710; x_wconf 80' lang='grc' dir='ltr'>οὐσίας</span> <span class='ocrx_word' id='word_1_755' title='bbox 2373 4648 2474 4701; x_wconf 81' lang='grc' dir='ltr'><strong>οὐκ</strong></span> <span class='ocrx_word' id='word_1_756' title='bbox 2524 4645 2804 4712; x_wconf 79' lang='grc' dir='ltr'><em>ἐξίσταται</em></span> <span class='ocrx_word' id='word_1_757' title='bbox 2860 4646 2957 4697; x_wconf 76' lang='grc' dir='ltr'>καὶ</span> <span class='ocrx_word' id='word_1_758' title='bbox 3010 4644 3112 4713; x_wconf 84' lang='grc' dir='ltr'><strong>τῆς</strong></span> <span class='ocrx_word' id='word_1_759' title='bbox 3167 4644 3367 4714; x_wconf 84' lang='grc' dir='ltr'><em>νοητῆς</em></span> <span class='ocrx_word' id='word_1_760' title='bbox 3430 4636 3712 4705; x_wconf 83' lang='grc' dir='ltr'><em>ἀδιαίρετον</em></span> 
     </span>
    </p>
   </div>
   <div class='ocr_carea' id='block_1_103' title="bbox 2155 4721 3712 4809">
    <p class='ocr_par' dir='ltr' id='par_1_103' title="bbox 2155 4721 3712 4809">
     <span class='ocr_line' id='line_1_103' title="bbox 2155 4721 3712 4809; baseline -0.015 -16"><span class='ocrx_word' id='word_1_761' title='bbox 2155 4739 2308 4809; x_wconf 80' lang='grc' dir='ltr'><em>μένει</em></span> <span class='ocrx_word' id='word_1_762' title='bbox 2331 4737 2573 4808; x_wconf 86' lang='grc' dir='ltr'><strong>χάριτος.</strong></span> <span class='ocrx_word' id='word_1_763' title='bbox 2606 4734 2716 4787; x_wconf 79' lang='grc' dir='ltr'><strong>Καὶ</strong></span> <span class='ocrx_word' id='word_1_764' title='bbox 2748 4733 2809 4787; x_wconf 83' lang='grc' dir='ltr'>τὸ</span> <span class='ocrx_word' id='word_1_765' title='bbox 2830 4732 3114 4803; x_wconf 77' lang='grc' dir='ltr'><strong>βάπτισμα</strong></span> <span class='ocrx_word' id='word_1_766' title='bbox 3135 4733 3191 4787; x_wconf 76' lang='grc' dir='ltr'><em>δὲ</em></span> <span class='ocrx_word' id='word_1_767' title='bbox 3221 4727 3584 4802; x_wconf 74' lang='grc' dir='ltr'><em>πνευματικὸν</em></span> <span class='ocrx_word' id='word_1_768' title='bbox 3611 4721 3712 4773; x_wconf 82' lang='grc' dir='ltr'><strong>ὅλον</strong></span> 
     </span>
    </p>
   </div>
   <div class='ocr_carea' id='block_1_104' title="bbox 2153 4812 3710 4900">
    <p class='ocr_par' dir='ltr' id='par_1_104' title="bbox 2153 4812 3710 4900">
     <span class='ocr_line' id='line_1_104' title="bbox 2153 4812 3710 4900; baseline -0.012 -17"><span class='ocrx_word' id='word_1_769' title='bbox 2153 4830 2444 4900; x_wconf 77' lang='grc' dir='ltr'><em>γενόμενον</em></span> <span class='ocrx_word' id='word_1_770' title='bbox 2463 4828 2556 4881; x_wconf 69' lang='grc' dir='ltr'>καὶ</span> <span class='ocrx_word' id='word_1_771' title='bbox 2585 4826 2643 4880; x_wconf 78' lang='grc' dir='ltr'><em>ἓν</em></span> <span class='ocrx_word' id='word_1_772' title='bbox 2676 4825 2944 4896; x_wconf 84' lang='grc' dir='ltr'>ὑπάρχον,</span> <span class='ocrx_word' id='word_1_773' title='bbox 2978 4825 3158 4879; x_wconf 80' lang='grc' dir='ltr'><em>καὶτὸ</em></span> <span class='ocrx_word' id='word_1_774' title='bbox 3220 4824 3351 4877; x_wconf 76' lang='grc' dir='ltr'><em>ἴδιον</em></span> <span class='ocrx_word' id='word_1_775' title='bbox 3408 4821 3504 4888; x_wconf 80' lang='grc' dir='ltr'>τῆς</span> <span class='ocrx_word' id='word_1_776' title='bbox 3543 4812 3710 4877; x_wconf 75' lang='grc' dir='ltr'><strong>αἰσθη-</strong></span> 
     </span>
    </p>
   </div>
   <div class='ocr_carea' id='block_1_105' title="bbox 2153 4907 3710 4993">
    <p class='ocr_par' dir='ltr' id='par_1_105' title="bbox 2153 4907 3710 4993">
     <span class='ocr_line' id='line_1_105' title="bbox 2153 4907 3710 4993; baseline -0.012 -18"><span class='ocrx_word' id='word_1_777' title='bbox 2153 4924 2252 4993; x_wconf 85' lang='grc' dir='ltr'><strong>τῆς</strong></span> <span class='ocrx_word' id='word_1_778' title='bbox 2275 4921 2463 4983; x_wconf 83' lang='grc' dir='ltr'>οὐσίας</span> <span class='ocrx_word' id='word_1_779' title='bbox 2492 4918 2608 4990; x_wconf 88' lang='grc' dir='ltr'><em>(τοῦ</em></span> <span class='ocrx_word' id='word_1_780' title='bbox 2637 4917 2828 4981; x_wconf 82' lang='grc' dir='ltr'>ὓδατος</span> <span class='ocrx_word' id='word_1_781' title='bbox 2848 4917 3014 4987; x_wconf 81' lang='grc' dir='ltr'><strong>λέγω)</strong></span> <span class='ocrx_word' id='word_1_782' title='bbox 3041 4916 3318 4981; x_wconf 79' lang='grc' dir='ltr'><em>διασώζει,</em></span> <span class='ocrx_word' id='word_1_783' title='bbox 3350 4914 3442 4967; x_wconf 70' lang='grc' dir='ltr'>καὶ</span> <span class='ocrx_word' id='word_1_784' title='bbox 3466 4911 3493 4964; x_wconf 83' lang='grc' dir='ltr'><strong>ὃ</strong></span> <span class='ocrx_word' id='word_1_785' title='bbox 3515 4907 3710 4993; x_wconf 58' lang='grc' dir='ltr'><em>γέγονέν</em></span> 
     </span>
    </p>
   </div>
   <div class='ocr_carea' id='block_1_106' title="bbox 2157 4992 3710 5079">
    <p class='ocr_par' dir='ltr' id='par_1_106' title="bbox 2157 4992 3710 5079">
     <span class='ocr_line' id='line_1_106' title="bbox 2157 4992 3710 5079; baseline -0.012 -9"><span class='ocrx_word' id='word_1_786' title='bbox 2157 4992 2258 5070; x_wconf 76' lang='grc' dir='ltr'><strong>οὐκ</strong></span> <span class='ocrx_word' id='word_1_787' title='bbox 2287 5013 2591 5067; x_wconf 83' lang='grc' dir='ltr'><em>ἀπώλεσεν.</em></span> <span class='ocrx_word' id='word_1_788' title='bbox 2636 5011 2778 5064; x_wconf 80' lang='grc' dir='ltr'><strong>Ἀλλ’</strong></span> <span class='ocrx_word' id='word_1_789' title='bbox 2810 5013 2837 5064; x_wconf 91' lang='lat'><strong>6</strong></span> <span class='ocrx_word' id='word_1_790' title='bbox 2857 5010 3125 5079; x_wconf 72' lang='grc' dir='ltr'>δυσσεϐὴς</span> <span class='ocrx_word' id='word_1_791' title='bbox 3154 5009 3467 5077; x_wconf 86' lang='grc' dir='ltr'><em>Νεστόριος,</em></span> <span class='ocrx_word' id='word_1_792' title='bbox 3500 5001 3556 5062; x_wconf 82' lang='grc' dir='ltr'>ὃς</span> <span class='ocrx_word' id='word_1_793' title='bbox 3597 4992 3710 5065; x_wconf 66' lang='grc' dir='ltr'>πρά·</span> 
     </span>
    </p>
   </div>
   <div class='ocr_carea' id='block_1_107' title="bbox 2161 5088 3712 5179">
    <p class='ocr_par' dir='ltr' id='par_1_107' title="bbox 2161 5088 3712 5179">
     <span class='ocr_line' id='line_1_107' title="bbox 2161 5088 3712 5179; baseline -0.015 -16"><span class='ocrx_word' id='word_1_794' title='bbox 2161 5127 2326 5179; x_wconf 75' lang='grc' dir='ltr'>φασις</span> <span class='ocrx_word' id='word_1_795' title='bbox 2369 5109 2663 5179; x_wconf 85' lang='grc' dir='ltr'><em>θεομαχεῖν</em></span> <span class='ocrx_word' id='word_1_796' title='bbox 2720 5107 2834 5169; x_wconf 86' lang='grc' dir='ltr'>τοῖς</span> <span class='ocrx_word' id='word_1_797' title='bbox 2880 5104 2945 5157; x_wconf 79' lang='grc' dir='ltr'><strong>ἐκ</strong></span> <span class='ocrx_word' id='word_1_798' title='bbox 2989 5103 3287 5173; x_wconf 81' lang='grc' dir='ltr'><em>διαμέτρου</em></span> <span class='ocrx_word' id='word_1_799' title='bbox 3331 5099 3428 5169; x_wconf 83' lang='grc' dir='ltr'><strong>τὴν</strong></span> <span class='ocrx_word' id='word_1_800' title='bbox 3484 5088 3712 5148; x_wconf 70' lang='grc' dir='ltr'><em>ἀσέϐειαν</em></span> 
     </span>
    </p>
   </div>
   <div class='ocr_carea' id='block_1_108' title="bbox 2161 5184 3711 5278">
    <p class='ocr_par' dir='ltr' id='par_1_108' title="bbox 2161 5184 3711 5278">
     <span class='ocr_line' id='line_1_108' title="bbox 2161 5184 3711 5278; baseline -0.014 -24"><span class='ocrx_word' id='word_1_801' title='bbox 2161 5201 2315 5254; x_wconf 82' lang='grc' dir='ltr'><em>δοκεῖ</em></span> <span class='ocrx_word' id='word_1_802' title='bbox 2342 5199 2611 5268; x_wconf 79' lang='grc' dir='ltr'><em>γίνεσθαι,</em></span> <span class='ocrx_word' id='word_1_803' title='bbox 2637 5198 2734 5252; x_wconf 88' lang='grc' dir='ltr'><strong>δύο</strong></span> <span class='ocrx_word' id='word_1_804' title='bbox 2755 5198 2948 5268; x_wconf 84' lang='grc' dir='ltr'><em>φύσεις</em></span> <span class='ocrx_word' id='word_1_805' title='bbox 2988 5196 3327 5269; x_wconf 74' lang='grc' dir='ltr'><em>διῃρημένας</em></span> <span class='ocrx_word' id='word_1_806' title='bbox 3374 5188 3469 5244; x_wconf 80' lang='grc' dir='ltr'>καὶ</span> <span class='ocrx_word' id='word_1_807' title='bbox 3503 5184 3711 5278; x_wconf 60' lang='grc' dir='ltr'><strong>ἰδιοῦπο-</strong></span> 
     </span>
    </p>
   </div>
   <div class='ocr_carea' id='block_1_109' title="bbox 2158 5270 3711 5361">
    <p class='ocr_par' dir='ltr' id='par_1_109' title="bbox 2158 5270 3711 5361">
     <span class='ocr_line' id='line_1_109' title="bbox 2158 5270 3711 5361; baseline -0.014 -16"><span class='ocrx_word' id='word_1_808' title='bbox 2158 5293 2388 5356; x_wconf 85' lang='grc' dir='ltr'>στάτους</span> <span class='ocrx_word' id='word_1_809' title='bbox 2420 5290 2779 5361; x_wconf 80' lang='grc' dir='ltr'><em>ὲφαντάζετο,</em></span> <span class='ocrx_word' id='word_1_810' title='bbox 2800 5289 2897 5343; x_wconf 73' lang='grc' dir='ltr'>καὶ</span> <span class='ocrx_word' id='word_1_811' title='bbox 2926 5289 3025 5360; x_wconf 84' lang='grc' dir='ltr'><strong>τὴν</strong></span> <span class='ocrx_word' id='word_1_812' title='bbox 3059 5287 3168 5340; x_wconf 83' lang='grc' dir='ltr'><strong>τῶν</strong></span> <span class='ocrx_word' id='word_1_813' title='bbox 3214 5285 3428 5355; x_wconf 81' lang='grc' dir='ltr'><em>φύσεων</em></span> <span class='ocrx_word' id='word_1_814' title='bbox 3472 5270 3601 5331; x_wconf 80' lang='grc' dir='ltr'>κατὰ</span> <span class='ocrx_word' id='word_1_815' title='bbox 3629 5279 3711 5361; x_wconf 46' lang='grc' dir='ltr'><strong>τις</strong></span> 
     </span>
    </p>
   </div>
   <div class='ocr_carea' id='block_1_110' title="bbox 464 5368 2028 5458">
    <p class='ocr_par' dir='ltr' id='par_1_110' title="bbox 464 5388 2028 5458">
     <span class='ocr_line' id='line_1_110' title="bbox 464 5388 2028 5458; baseline 0.005 -23"><span class='ocrx_word' id='word_1_816' title='bbox 464 5396 652 5437; x_wconf 81' lang='lat' dir='ltr'><strong>verum</strong></span> <span class='ocrx_word' id='word_1_817' title='bbox 725 5402 892 5442; x_wconf 90' lang='lat' dir='ltr'><strong>unam</strong></span> <span class='ocrx_word' id='word_1_818' title='bbox 947 5388 1300 5458; x_wconf 69' lang='lat' dir='ltr'><strong>praedicando</strong></span> <span class='ocrx_word' id='word_1_819' title='bbox 1344 5398 1621 5454; x_wconf 86' lang='lat' dir='ltr'><strong>naturam,</strong></span> <span class='ocrx_word' id='word_1_820' title='bbox 1668 5405 1792 5445; x_wconf 90' lang='lat' dir='ltr'><strong>cum</strong></span> <span class='ocrx_word' id='word_1_821' title='bbox 1831 5404 2028 5445; x_wconf 77' lang='lat' dir='ltr'><strong>carnea</strong></span> 
     </span>
    </p>
   </div>
   <div class='ocr_carea' id='block_1_111' title="bbox 2131 5368 3711 5458">
    <p class='ocr_par' dir='ltr' id='par_1_111' title="bbox 2157 5368 3711 5458">
     <span class='ocr_line' id='line_1_111' title="bbox 2157 5368 3711 5458; baseline 0.006 -18"><span class='ocrx_word' id='word_1_822' title='bbox 2157 5387 2485 5449; x_wconf 82' lang='grc' dir='ltr'>ὑποστάσεις</span> <span class='ocrx_word' id='word_1_823' title='bbox 2506 5384 2771 5454; x_wconf 84' lang='grc' dir='ltr'><em>διαίρεσιν</em></span> <span class='ocrx_word' id='word_1_824' title='bbox 2800 5383 2867 5452; x_wconf 80' lang='grc' dir='ltr'><strong>τῇ</strong></span> <span class='ocrx_word' id='word_1_825' title='bbox 2912 5381 3013 5452; x_wconf 83' lang='grc' dir='ltr'><em>μιᾷ</em></span> <span class='ocrx_word' id='word_1_826' title='bbox 3062 5376 3431 5450; x_wconf 76' lang='grc' dir='ltr'><em>προσκυνήσει</em></span> <span class='ocrx_word' id='word_1_827' title='bbox 3477 5368 3711 5458; x_wconf 50' lang='grc' dir='ltr'><strong>ἐΫθποίεῗ</strong></span> 
     </span>
    </p>
   </div>
   <div class='ocr_carea' id='block_1_112' title="bbox 467 5476 2056 5549">
    <p class='ocr_par' dir='ltr' id='par_1_112' title="bbox 467 5476 2056 5549">
     <span class='ocr_line' id='line_1_112' title="bbox 467 5476 2056 5549; baseline 0.006 -21"><span class='ocrx_word' id='word_1_828' title='bbox 467 5476 733 5533; x_wconf 84' lang='lat' dir='ltr'><strong>nobiscum</strong></span> <span class='ocrx_word' id='word_1_829' title='bbox 780 5482 1284 5537; x_wconf 84' lang='lat' dir='ltr'><strong>consubstantialem</strong></span> <span class='ocrx_word' id='word_1_830' title='bbox 1333 5482 1609 5539; x_wconf 86' lang='lat' dir='ltr'><strong>debuisset</strong></span> <span class='ocrx_word' id='word_1_831' title='bbox 1651 5481 1924 5549; x_wconf 84' lang='lat' dir='ltr'><strong>conﬁteri,</strong></span> <span class='ocrx_word' id='word_1_832' title='bbox 1960 5498 2056 5538; x_wconf 78' lang='lat' dir='ltr'><strong>ex-</strong></span> 
     </span>
    </p>
   </div>
   <div class='ocr_carea' id='block_1_113' title="bbox 2158 5442 3708 5548">
    <p class='ocr_par' dir='ltr' id='par_1_113' title="bbox 2158 5442 3708 5548">
     <span class='ocr_line' id='line_1_113' title="bbox 2158 5442 3708 5548; baseline -0.025 -13"><span class='ocrx_word' id='word_1_833' title='bbox 2158 5442 2482 5548; x_wconf 46' lang='lat' dir='ltr'><strong>éaocpigsso:</strong></span> <span class='ocrx_word' id='word_1_834' title='bbox 2524 5477 2586 5528; x_wconf 79' lang='grc' dir='ltr'>Ὀ</span> <span class='ocrx_word' id='word_1_835' title='bbox 2620 5442 2680 5527; x_wconf 74' lang='grc' dir='ltr'><em>δὲ</em></span> <span class='ocrx_word' id='word_1_836' title='bbox 2722 5442 2998 5543; x_wconf 44' lang='grc' dir='ltr'><em>Θεομάέος</em></span> <span class='ocrx_word' id='word_1_837' title='bbox 3052 5442 3299 5540; x_wconf 76' lang='grc' dir='ltr'>Εὐτυχὴς</span> <span class='ocrx_word' id='word_1_838' title='bbox 3332 5442 3430 5535; x_wconf 59' lang='grc' dir='ltr'><strong>Ᾰπὴν</strong></span> <span class='ocrx_word' id='word_1_839' title='bbox 3474 5456 3564 5529; x_wconf 73' lang='grc' dir='ltr'><em>μὲν</em></span> <span class='ocrx_word' id='word_1_840' title='bbox 3605 5442 3708 5501; x_wconf 78' lang='grc' dir='ltr'>καθ’</span> 
     </span>
    </p>
   </div>
   <div class='ocr_carea' id='block_1_114' title="bbox 1767 5609 2441 5670">
    <p class='ocr_par' dir='ltr' id='par_1_114' title="bbox 1767 5609 2441 5670">
     <span class='ocr_line' id='line_1_114' title="bbox 1767 5609 2441 5670; baseline -0.01 -1"><span class='ocrx_word' id='word_1_841' title='bbox 1767 5615 2000 5669; x_wconf 66' lang='lat' dir='ltr'><strong>VARUS</strong></span> <span class='ocrx_word' id='word_1_842' title='bbox 2035 5609 2441 5670; x_wconf 65' lang='lat' dir='ltr'><strong>LECTIONI‘JS.</strong></span> 
     </span>
    </p>
   </div>
   <div class='ocr_carea' id='block_1_115' title="bbox 540 5708 1667 5781">
    <p class='ocr_par' dir='ltr' id='par_1_115' title="bbox 540 5708 1667 5781">
     <span class='ocr_line' id='line_1_115' title="bbox 540 5708 1667 5781; baseline 0.004 -21"><span class='ocrx_word' id='word_1_843' title='bbox 540 5708 587 5781; x_wconf 43' lang='grc' dir='ltr'><strong>ἕο</strong></span> <span class='ocrx_word' id='word_1_844' title='bbox 612 5708 722 5780; x_wconf 77' lang='grc' dir='ltr'><strong>γὰρ</strong></span> <span class='ocrx_word' id='word_1_845' title='bbox 774 5711 898 5765; x_wconf 82' lang='lat' dir='ltr'><strong>add.</strong></span> <span class='ocrx_word' id='word_1_846' title='bbox 930 5712 989 5765; x_wconf 84' lang='grc' dir='ltr'><strong>Λ.</strong></span> <span class='ocrx_word' id='word_1_847' title='bbox 1090 5714 1127 5744; x_wconf 87' lang='grc'>¹¹</span> <span class='ocrx_word' id='word_1_848' title='bbox 1166 5714 1225 5765; x_wconf 74' lang='grc' dir='ltr'><strong>τὸ</strong></span> <span class='ocrx_word' id='word_1_849' title='bbox 1255 5713 1351 5781; x_wconf 82' lang='grc' dir='ltr'>τῆς</span> <span class='ocrx_word' id='word_1_850' title='bbox 1380 5713 1569 5776; x_wconf 80' lang='grc' dir='ltr'>οὐσίας</span> <span class='ocrx_word' id='word_1_851' title='bbox 1603 5714 1667 5767; x_wconf 85' lang='grc' dir='ltr'><strong>Α.</strong></span> 
     </span>
    </p>
   </div>
   <div class='ocr_carea' id='block_1_116' title="bbox 472 5777 1999 5901">
    <p class='ocr_par' dir='ltr' id='par_1_116' title="bbox 472 5777 1999 5901">
     <span class='ocr_line' id='line_1_116' title="bbox 472 5777 1999 5901; baseline 0.002 -71"><span class='ocrx_word' id='word_1_852' title='bbox 472 5777 743 5901; x_wconf 35' lang='lat' dir='ltr'><strong>gigas—al</strong></span> <span class='ocrx_word' id='word_1_853' title='bbox 807 5782 1093 5852; x_wconf 75' lang='grc' dir='ltr'><em>γνωρίζειν</em></span> <span class='ocrx_word' id='word_1_854' title='bbox 1130 5800 1185 5835; x_wconf 78' lang='grc' dir='ltr'><em>τε</em></span> <span class='ocrx_word' id='word_1_855' title='bbox 1236 5777 1379 5838; x_wconf 72' lang='lat' dir='ltr'><strong>corr.</strong></span> <span class='ocrx_word' id='word_1_856' title='bbox 1435 5784 1477 5835; x_wconf 90' lang='lat' dir='ltr'><strong>A</strong></span> <span class='ocrx_word' id='word_1_857' title='bbox 1508 5803 1517 5835; x_wconf 91' lang='lat'>:</span> <span class='ocrx_word' id='word_1_858' title='bbox 1550 5784 1880 5853; x_wconf 71' lang='grc' dir='ltr'><em>γνωρέζετειι</em></span> <span class='ocrx_word' id='word_1_859' title='bbox 1927 5777 1999 5846; x_wconf 50' lang='grc' dir='ltr'><strong>ξ.</strong></span> 
     </span>
     <span class='ocr_line' id='line_1_117' title="bbox 472 5860 688 5901; baseline 0 0"><span class='ocrx_word' id='word_1_860' title='bbox 472 5860 597 5901; x_wconf 72' lang='lat' dir='ltr'><strong>tura</strong></span> <span class='ocrx_word' id='word_1_861' title='bbox 625 5890 638 5901; x_wconf 85' lang='lat'><strong>.</strong></span> <span class='ocrx_word' id='word_1_862' title='bbox 677 5892 688 5901; x_wconf 95' lang='lat'><strong>.</strong></span> 
     </span>
    </p>
   </div>
   <div class='ocr_carea' id='block_1_117' title="bbox 470 5860 688 5903">
    <p class='ocr_par' dir='ltr' id='par_1_117' title="bbox 470 5860 688 5903">
     <span class='ocr_line' id='line_1_118' title="bbox 470 5860 688 5903; baseline 0 0"><span class='ocrx_word' id='word_1_863' title='bbox 470 5860 597 5903; x_wconf 70' lang='lat' dir='ltr'><strong>tum</strong></span> <span class='ocrx_word' id='word_1_864' title='bbox 625 5860 666 5902; x_wconf 75' lang='grc' dir='ltr'>Λ</span> <span class='ocrx_word' id='word_1_865' title='bbox 677 5892 688 5903; x_wconf 95' lang='grc'><strong><em>.</em></strong></span> 
     </span>
    </p>
   </div>
   <div class='ocr_carea' id='block_1_118' title="bbox 1724 5711 2157 5783">
    <p class='ocr_par' dir='ltr' id='par_1_118' title="bbox 1724 5711 2157 5783">
     <span class='ocr_line' id='line_1_119' title="bbox 1724 5711 2157 5783; baseline 0.009 -22"><span class='ocrx_word' id='word_1_866' title='bbox 1724 5714 1790 5761; x_wconf 74' lang='grc'><strong>,³³</strong></span> <span class='ocrx_word' id='word_1_867' title='bbox 1821 5711 1940 5783; x_wconf 72' lang='grc' dir='ltr'><em>τοῦ]</em></span> <span class='ocrx_word' id='word_1_868' title='bbox 1962 5713 2058 5782; x_wconf 79' lang='grc' dir='ltr'><em>τὴν</em></span> <span class='ocrx_word' id='word_1_869' title='bbox 2096 5712 2157 5765; x_wconf 81' lang='grc' dir='ltr'><strong>Λ.</strong></span> 
     </span>
    </p>
   </div>
   <div class='ocr_carea' id='block_1_119' title="bbox 2791 5690 3440 5771">
    <p class='ocr_par' dir='ltr' id='par_1_119' title="bbox 2791 5690 3440 5771">
     <span class='ocr_line' id='line_1_120' title="bbox 2791 5690 3440 5771; baseline -0.003 -20"><span class='ocrx_word' id='word_1_870' title='bbox 2791 5701 2834 5732; x_wconf 63' lang='grc'><strong>’³</strong></span> <span class='ocrx_word' id='word_1_871' title='bbox 2864 5700 2892 5751; x_wconf 83' lang='grc' dir='ltr'>ὃ</span> <span class='ocrx_word' id='word_1_872' title='bbox 2932 5694 3022 5771; x_wconf 75' lang='grc' dir='ltr'><strong>ἦν]</strong></span> <span class='ocrx_word' id='word_1_873' title='bbox 3063 5698 3295 5771; x_wconf 19' lang='grc' dir='ltr'><strong>Ιᾷδοτψ.</strong></span> <span class='ocrx_word' id='word_1_874' title='bbox 3332 5690 3440 5771; x_wconf 60' lang='grc' dir='ltr'><strong>ζτί-</strong></span> 
     </span>
    </p>
   </div>
   <div class='ocr_carea' id='block_1_120' title="bbox 3516 5682 3710 5743">
    <p class='ocr_par' dir='ltr' id='par_1_120' title="bbox 3516 5682 3710 5743">
     <span class='ocr_line' id='line_1_121' title="bbox 3516 5682 3710 5743; baseline -0.021 -31"><span class='ocrx_word' id='word_1_875' title='bbox 3516 5682 3554 5715; x_wconf 73' lang='grc' dir='ltr'><strong>ιε</strong></span> <span class='ocrx_word' id='word_1_876' title='bbox 3591 5688 3710 5743; x_wconf 60' lang='grc' dir='ltr'><strong>γνω.</strong></span> 
     </span>
    </p>
   </div>
   <div class='ocr_carea' id='block_1_121' title="bbox 2881 5768 3117 5840">
    <p class='ocr_par' dir='ltr' id='par_1_121' title="bbox 2881 5768 3117 5840">
     <span class='ocr_line' id='line_1_122' title="bbox 2881 5768 3117 5840; baseline 0.008 -20"><span class='ocrx_word' id='word_1_877' title='bbox 2881 5772 2919 5801; x_wconf 82' lang='grc'>¹⁷</span> <span class='ocrx_word' id='word_1_878' title='bbox 2957 5768 3117 5840; x_wconf 75' lang='grc' dir='ltr'><strong>μὲταί</strong></span> 
     </span>
    </p>
   </div>
   <div class='ocr_carea' id='block_1_122' title="bbox 2240 5706 3665 5775">
    <p class='ocr_par' dir='ltr' id='par_1_122' title="bbox 2240 5706 3665 5775">
     <span class='ocr_line' id='line_1_123' title="bbox 2240 5706 3665 5775; baseline -0.004 -17"><span class='ocrx_word' id='word_1_879' title='bbox 2240 5711 2280 5741; x_wconf 80' lang='grc'><strong>¹³</strong></span> <span class='ocrx_word' id='word_1_880' title='bbox 2306 5706 2623 5775; x_wconf 76' lang='grc' dir='ltr'><em>ὑφαίνοντος</em></span> <span class='ocrx_word' id='word_1_881' title='bbox 2651 5721 2709 5767; x_wconf 77' lang='grc' dir='ltr'>ς.</span> <span class='ocrx_word' id='word_1_882' title='bbox 2791 5706 2834 5732; x_wconf 66' lang='grc' dir='ltr'><em>’δ</em></span> <span class='ocrx_word' id='word_1_883' title='bbox 2864 5706 3022 5775; x_wconf 24' lang='lat' dir='ltr'><strong>finiri]</strong></span> <span class='ocrx_word' id='word_1_884' title='bbox 3063 5706 3295 5775; x_wconf 40' lang='grc' dir='ltr'><em>Ιηιοτιιι.</em></span> <span class='ocrx_word' id='word_1_885' title='bbox 3332 5708 3370 5775; x_wconf 65' lang='grc' dir='ltr'><strong>ξς</strong></span> <span class='ocrx_word' id='word_1_886' title='bbox 3391 5706 3612 5775; x_wconf 20' lang='grc' dir='ltr'><strong>ιμ’ζηῖ</strong></span> 
     </span>
    </p>
   </div>
   <div class='ocr_carea' id='block_1_123' title="bbox 3107 5746 3707 5843">
    <p class='ocr_par' dir='ltr' id='par_1_123' title="bbox 3107 5746 3707 5843">
     <span class='ocr_line' id='line_1_124' title="bbox 3107 5746 3707 5843; baseline -0.047 -19"><span class='ocrx_word' id='word_1_887' title='bbox 3107 5746 3506 5843; x_wconf 69' lang='grc' dir='ltr'><em>λαμϐανόμενον</em></span> <span class='ocrx_word' id='word_1_888' title='bbox 3548 5751 3593 5805; x_wconf 89' lang='lat' dir='ltr'><strong>in</strong></span> <span class='ocrx_word' id='word_1_889' title='bbox 3637 5746 3707 5797; x_wconf 83' lang='lat' dir='ltr'><strong>lit-</strong></span> 
     </span>
    </p>
   </div>
   <div class='ocr_carea' id='block_1_124' title="bbox 2139 5776 2771 5851">
    <p class='ocr_par' dir='ltr' id='par_1_124' title="bbox 2139 5776 2771 5851">
     <span class='ocr_line' id='line_1_125' title="bbox 2139 5776 2771 5851; baseline -0.008 -22"><span class='ocrx_word' id='word_1_890' title='bbox 2139 5785 2177 5814; x_wconf 67' lang='lat'>”</span> <span class='ocrx_word' id='word_1_891' title='bbox 2212 5795 2373 5851; x_wconf 70' lang='grc' dir='ltr'><em>προσ.</em></span> <span class='ocrx_word' id='word_1_892' title='bbox 2399 5777 2492 5832; x_wconf 70' lang='grc' dir='ltr'><strong>καὶ</strong></span> <span class='ocrx_word' id='word_1_893' title='bbox 2527 5776 2680 5829; x_wconf 70' lang='grc' dir='ltr'>ἐκὰτ.</span> <span class='ocrx_word' id='word_1_894' title='bbox 2716 5791 2771 5836; x_wconf 67' lang='grc' dir='ltr'>ς.</span> 
     </span>
    </p>
   </div>
  </div>
