4004 6466
359 420 457 484 981
1440 416 1968 479 BIBLIOTHECA.
1989 440 2056 457 ο-
2078 416 2244 478 COD.
2275 417 2575 479 CCXXIX.
3543 417 3647 478 98:7.

357 530 659 584 ὑπόστασιν
708 527 906 582 ’ἐνωσιν
936 528 1038 583 οὐκ
1074 528 1317 599 ἠρνεῖτο,
1358 527 1468 581 οὐδ’
1519 528 1603 581 ὅτι
1651 520 1932 597 ἑσαρκὼθτ

2050 527 2537 582 communicationi
2579 525 2866 597 subjectus
2909 533 3012 582 est.
3065 523 3222 582 llum:
3261 526 3481 598 quidem
3525 543 3646 581 sco-

353 625 421 677 ὲκ
445 624 541 693 τῆς
568 622 833 675 Θεοτόκου
878 619 1152 692 παρθένου
1186 623 1213 674 6
1250 619 1455 692 Κύριος
1514 620 1673 693 ἡμῶν
1733 618 1932 691 Ἰησοῦς

2059 635 2191 690 pum
2226 629 2478 674 assecuta
2513 619 2688 689 prima
2718 619 2895 673 oratio
2925 660 2940 686 ,
2972 619 3180 674 ﬁnitur.

351 691 591 786 Χριστὸς
615 713 680 780 ³⁸,
708 715 772 767 ἐκ
803 713 1163 784 μεταμελείας
1203 691 1389 782 μαθὼν
1458 691 1670 780 λέγεινχ
1705 709 1735 764 δ
1797 710 1900 764 οὐκ
1958 709 2188 781 ἤθελενο
2247 710 2384 765 ἀλλὰ
2438 709 2535 764 καὶ
2583 709 2998 780 ἁνεθεμάτισεν,
3057 711 3086 763 6
3142 711 3410 782 πρότερον
3481 712 3644 774 αὑτδς

354 811 608 879 ἔστεργε,
626 809 753 870 τοὺς
775 806 1033 874 λέγοντας
1062 807 1127 859 ὲκ
1146 803 1240 859 τοῦ
1268 803 1500 876 οὐρανοῦ
1524 805 1944 874 κατενηνοχὲναι
1982 804 2082 875 τὴν
2107 805 2308 876 σάρκα.
2339 805 2413 858 Τὸ
2444 804 2502 859 δὲ
2526 805 2660 876 πρὸς
2679 807 2824 875 ἡμᾶς
2849 805 3155 876 ὁμοούσιον,
3223 808 3400 860 καίτοι
3475 808 3645 861 πολλὰ

355 904 457 957 καὶ
509 900 769 962 πολλάκις
841 897 1110 969 βιασθεὶς,
1155 899 1408 969 οὐδαμῶς
1468 898 1804 969 ὁμολογῆσαι
1847 900 2134 970 ἠνέσχετο,
2202 899 2339 954 ἀλλὰ
2412 900 2543 970 μίαν
2609 899 2799 953 οὐσίαν
2857 899 3144 970 κηρύττων
3194 902 3314 956 ἀντὶ
3351 901 3446 954 τοῦ
3509 905 3643 973 ἡμῖν

353 1000 691 1067 ὀμοούσιον
734 992 1072 1064 ὁμολογῆσαι
1093 993 1194 1065 τὴν
1218 992 1419 1064 σάρκα,
1447 990 1525 1063 τῷ
1545 992 1852 1062 ἀναθέματι
1882 993 2268 1066 ὑπενήνεκται.
2324 995 2382 1050 '0
2412 994 2514 1065 μὲν
2583 993 2679 1048 οὖν
2745 1000 2792 1047 α’
2840 992 2999 1063 λόγος
3049 992 3226 1048 ταῦτα
3277 993 3501 1050 διελθὼν
3550 995 3640 1048 τὸν

357 1091 563 1146 σκοπὸν
588 1089 916 1160 ἐπεράνατο.

441 1183 531 1235 Ἐν
553 1181 608 1234 δὲ
634 1181 712 1251 τῷ
745 1182 788 1252 β’
816 1183 961 1254 λόγῳ
983 1189 1024 1236 ε’
1052 1181 1216 1237 τινῶν
1241 1181 1577 1252 κεφαλαίων,
1608 1176 1684 1238 ὧν
1704 1182 1734 1235 6
1757 1183 1950 1253 σχολα-

358 1275 547 1336 στικὸς
586 1274 902 1338 ’Δνατόλιος
937 1275 1038 1346 τὴν
1082 1274 1320 1345 μάθησιν
1359 1274 1724 1346 ἐπεζήτησεν,
1757 1275 1946 1329 ἀποδίο

349 1365 488 1419 δωσι
508 1365 690 1433 λόγον,
732 1365 848 1430 ἑνὸς
917 1366 1038 1436 μὲν,
1068 1368 1116 1419 εὶ
1167 1367 1262 1419 καὶ
1321 1366 1417 1420 νῦν
1449 1367 1688 1437 Χριστὸς
1729 1368 1759 1420 6
1814 1366 1946 1431 Θεὸς

349 1457 515 1526 ήμῶν
545 1460 711 1528 σαρκὶ
736 1459 778 1491 ²⁹
814 1460 1140 1530 γνωρίζεται
1171 1477 1182 1490 ·
1215 1460 1406 1530 ἐτέρου
1445 1460 1521 1525 δὲ,
1545 1461 1597 1513 εἰ
1625 1460 1881 1524 σύνθετος
1917 1463 1944 1514 6

347 1539 529 1620 ’ᾼδὰμ
549 1549 818 1619 ἐπλάσθη,
852 1551 969 1613 πῶς
983 1551 1252 1614 ἀθάνατος
1283 1551 1506 1622 ἐκτίσθη
1530 1567 1542 1580 ·
1578 1552 1762 1623 τρίτου
1787 1554 1833 1584 ¹⁰
1863 1552 1944 1616 δὲ,

349 1639 519 1692 πόθεν
533 1639 810 1711 δυνάμεθα
831 1642 1214 1712 τεκμήρασθαι
1231 1642 1322 1695 τὸν
1341 1643 1734 1715 εὐαγγελιστὴν
1765 1644 1944 1698 Ίωάν⁹

345 1752 450 1802 νην
479 1732 561 1786 ἔτι
599 1733 782 1804 μένειν
807 1752 821 1766 ο
855 1733 938 1788 ἔτι
967 1733 1044 1798 δὲ,
1068 1735 1116 1787 εὶ
1138 1733 1406 1797 ἀθάνατος
1433 1737 1460 1787 6
1487 1736 1528 1766 ¹¹
1575 1735 1748 1804 Ἀδὰμ
1779 1735 1944 1789 ἐπλά-

347 1827 480 1896 σθη,
518 1825 636 1890 πῶς
681 1825 740 1879 τὸ
792 1825 1070 1898 συμφέρον
1131 1828 1369 1898 ἠγνόησε
1395 1845 1407 1856 ·
1478 1827 1572 1880 καὶ
1609 1827 1940 1892 τελευταῖον,

2130 1182 2296 1238 Atera
2330 1194 2459 1238 vero
2504 1180 2774 1251 capitibus
2811 1179 3069 1251 quinque,
3103 1195 3332 1250 quorum
3360 1181 3641 1236 scienziam

2058 1275 2350 1333 Anatolius
2375 1273 2736 1332 scholasticus
2763 1274 3080 1344 exquisivit,
3124 1276 3389 1330 rationem
3423 1276 3638 1330 reddit:

2054 1383 2163 1424 uno
2186 1368 2422 1438 quidem,
2450 1383 2515 1420 an
2553 1382 2694 1421 nunc
2717 1367 2878 1421 etiam
2907 1367 3164 1423 Dominus
3198 1366 3644 1423 noSterChristus

2056 1463 2108 1516 in
2141 1476 2308 1517 carne
2353 1458 2761 1529 cognoscitur?’
2796 1458 2982 1514 Altero
3029 1473 3180 1524 vero,
3205 1460 3248 1514 si
3301 1459 3639 1528 compositus

2052 1554 2224 1610 Anam
2258 1552 2525 1608 formatus
2574 1561 2679 1617 est,
2713 1552 2984 1620 quomodo
3035 1551 3356 1608 immortalis
3394 1561 3478 1607 est
3506 1567 3642 1606 con-

2053 1646 2218 1702 ditus.
2279 1643 2466 1699 Tertio
2513 1645 2786 1714 quomodo
2840 1643 3154 1714 persuaderi
3212 1652 3399 1712 posset
3445 1643 3640 1698 etiam-

2052 1754 2180 1794 num
2211 1735 2478 1791 Joannem
2525 1739 2913 1807 evangelistam
2955 1737 3299 1806 superstitem
3328 1735 3495 1791 esse?
3529 1734 3640 1789 Ad-

2051 1819 2156 1885 huc
2184 1845 2313 1886 vero
2337 1831 2380 1885 si
2423 1830 2742 1885 immortalis
2777 1829 2949 1883 Adam
2982 1817 3374 1895 est'conditus,
3411 1843 3639 1895 quomo-

339 1919 398 1971 τί
420 1920 568 1973 ἐστιν
598 1919 677 1984 τὸ,
725 1917 881 1974 Ἰδοὺ
922 1917 1097 1988 Ἀδὰμ
1128 1918 1376 1990 γέγονεν
1404 1919 1485 1987 ὡς
1519 1915 1607 1985 εἷς
1635 1919 1706 1984 ἐξ
1735 1919 1905 1989 ἡμῶν
1924 1939 1932 1985 έ

2052 1925 2120 1978 do
2169 1924 2298 1995 quid
2345 1923 2482 1978 utile
2524 1931 2644 1978 erat
2706 1921 3012 1992 ignoravit?
3064 1920 3288 1986 Quinto,
3337 1919 3464 1990 quid
3516 1927 3634 1975 est:

417 2099 546 2173 [796
566 2099 656 2173 8.]
681 2100 753 2154 T6
785 2101 883 2171 μὲν
918 2100 1011 2156 οὖν
1041 2105 1093 2155 α’
1114 2100 1410 2171 κεφάλαιον
1436 2101 1525 2154 διὰ
1551 2100 1768 2156 πολλῶν
1796 2101 1936 2172 Γρα·

337 2193 523 2261 φικῶν
552 2209 611 2246 τε
646 2193 741 2246 καὶ
762 2194 1058 2265 Πατρικῶν
1091 2195 1285 2263 φωνῶν
1317 2196 1601 2265 συνῖστησι
1657 2194 1753 2247 καὶ
1795 2194 1932 2247 ἀποο

334 2282 598 2338 δεικνύει.
635 2286 744 2338 Καὶ
762 2284 983 2357 πρῶτον
1019 2286 1118 2354 μὲν
1149 2286 1206 2351 ἐξ
1230 2279 1304 2338 ὧν
1343 2286 1572 2349 Ἡσαΐας
1595 2287 1640 2317 ²¹
1673 2286 1802 2358 περὶ
1833 2285 1934 2354 τῆς

334 2375 608 2445 ἐνσάρκου
637 2375 877 2446 Χριστοῦ
907 2376 1000 2429 τοῦ
1033 2377 1171 2428 Θεοῦ
1208 2377 1364 2447 ἡμῶν
1407 2377 1731 2439 ἀναϐάσεως
1774 2374 1930 2430 εἷπε·

344 2467 446 2531 Τίς
475 2467 649 2520 ἐστιν
702 2462 885 2532 οὗτος
939 2471 972 2522 ό
1031 2469 1522 2538 παραγενόμενος
1577 2467 1646 2532 ἐξ
1720 2467 1933 2537 Ἑδὼμ,

333 2560 620 2611 τουτέστιν
651 2560 679 2612 6
701 2561 908 2627 γήϊνος.
954 2561 1062 2612 Καὶ
1089 2561 1116 2613 6
1140 2561 1304 2624 αὐτὸς
1337 2561 1446 2613 πάλ
1463 2578 1533 2628 ιν,
1563 2559 1803 2630 ἱμάτιον
1827 2562 1935 2618 αὑ-

337 2651 451 2704 τοῦ
480 2652 548 2704 ἐκ
578 2653 776 2720 Βοσόρ
803 2668 815 2682 ·
869 2652 1112 2722 Ἑϐραῖοι
1141 2652 1198 2705 δὲ
1242 2653 1302 2705 τὸ
1337 2655 1514 2724 Βοσὸρ
1548 2655 1802 2724 σάρκινον
1833 2671 1934 2706 κα-

331 2741 509 2796 λοῦσι.
539 2745 650 2796 Καὶ
679 2744 844 2796 πάλιν
871 2761 883 2774 ·
920 2744 1026 2798 Διὰ
1062 2737 1130 2796 τί
1175 2744 1396 2812 ἐρυθρά
1442 2761 1559 2799 σου
1592 2746 1662 2799 τὰ
1708 2745 1928 2815 ἱμάτια,

335 2835 436 2888 καὶ
467 2835 540 2888 τὰ
575 2835 882 2905 ἐνδύματα
905 2836 985 2902 ὡς
1010 2836 1129 2890 ἀπὸ
1167 2837 1438 2904 πατητοῦ
1467 2836 1665 2904 ληνοῦ
1692 2856 1711 2904 ;
1749 2839 1930 2909 Ὅπερ

330 2926 430 2979 τοῦ
468 2926 676 2990 πάθους
707 2928 848 2996 μετὰ
868 2927 928 2980 τὸ
972 2928 1144 2991 πάθος
1163 2927 1258 2981 καὶ
1289 2931 1348 2981 ἐν
1407 2930 1472 2999 τῇ
1510 2928 1683 2998 ἀνόδῳ
1735 2928 1932 2998 μηνύει

329 3017 396 3070 τὸ
439 3019 762 3090 μυστήριον.
803 3020 912 3073 Καὶ
951 3019 1115 3072 πάλιν
1168 3019 1357 3092 ἕτερος
1411 3022 1702 3090 προφήτης
1763 3020 1838 3084 ὡς
1871 3023 1934 3074 ἐκ

333 3111 632 3181 προσώπου
661 3113 755 3166 τοῦ
793 3114 1068 3167 Δεσπότου
1113 3115 1300 3183 φησὶν,
1353 3115 1429 3176 ὠς
1467 3115 1630 3184 δῆθεν
1671 3113 1778 3167 ὑπὸ
1825 3114 1933 3167 τῶν

2041 2014 2196 2080 Quod
2232 2014 2400 2068 Adam
2431 2012 2604 2081 factus
2631 2019 2708 2066 est
2740 2011 2872 2066 sicut
2904 2026 3041 2064 unus
3075 2025 3104 2064 e
3132 2009 3316 2063 nobis?

2109 2107 2346 2161 Primum
2381 2105 2601 2175 quidem
2634 2103 2821 2159 multis
2849 2102 3150 2172 Scripturis
3170 2111 3234 2155 .et
3261 2099 3483 2154 Patrum
3513 2113 3638 2153 sen-

2041 2201 2222 2255 tentiis
2238 2199 2547 2255 conﬁrmat.
2580 2197 2764 2252 Primo
2800 2197 2978 2251 Isaias
3000 2195 3065 2250 de
3093 2194 3316 2249 Christo
3341 2192 3638 2248 incarnati-

2037 2297 2106 2349 do
2135 2294 2216 2348 sic
2259 2293 2456 2348 habet:
2496 2291 2626 2358 Quis
2681 2299 2757 2345 est
2787 2291 2884 2344 iste
2908 2289 2998 2359 qui
3039 2287 3172 2341 venit
3205 2287 3270 2340 de
3322 2284 3494 2339 Edam
3527 2292 3632 2338 τι.

2038 2387 2154 2440 Hoc
2195 2393 2300 2451 est,
2343 2395 2626 2440 terrenus:
2692 2393 2744 2437 et
2782 2382 3006 2437 statim:
3053 2378 3252 2433 Tinctis
3313 2376 3533 2432 uestibus
3575 2377 3639 2429 de

2036 2476 2208 2533 Bosra
2240 2486 2270 2527 θ’
2296 2496 2313 2534 :
2352 2477 2561 2532 Hebraei
2626 2491 2753 2531 vero
2806 2474 2974 2528 Bosor
3024 2487 3283 2526 carneum
3336 2469 3635 2542 appellant.

2034 2571 2105 2625 Et
2133 2586 2292 2625 mox:
2330 2570 2506 2636 Quare
2536 2585 2658 2639 ergo
2689 2568 2908 2621 rubrum
2939 2575 3016 2620 est
3048 2563 3432 2624 lindumentum
3463 2572 3632 2624 tuum,

2036 2672 2083 2718 et
2116 2663 2420 2717 vestimenta
2475 2671 2565 2715 tua
2626 2661 2760 2715 sicut
2801 2657 3124 2713 calcantium
3162 2656 3216 2710 in
3279 2653 3537 2708 torculari
3570 2653 3634 2706 ιῖ

2037 2754 2151 2810 lloc
2182 2754 2410 2810 aﬂ‘eetns
2453 2761 2574 2821 post
2608 2751 2885 2818 allectum,
2937 2761 2992 2804 et
3047 2751 3100 2802 in
3169 2748 3316 2802 invio
3358 2745 3632 2814 signiﬁcat

2039 2845 2384 2915 mysterium.
2421 2845 2486 2898 Et
2518 2860 2734 2898 rursum
2769 2844 2908 2898 alius
2939 2842 3226 2912 propheta,
3263 2849 3316 2895 et
3360 2841 3413 2893 in
3447 2854 3635 2906 perso-

2041 2953 2105 2990 na
2135 2937 2254 3001 Dei,
2297 2936 2495 3006 inquit,
2557 2945 2812 3006 tanquam
2863 2933 3331 3004 interrogantibus
3377 2929 3630 2999 angelis:

2039 3029 2183 3094 Quid
2211 3038 2331 3083 sunt
2357 3028 2528 3098 plagw
2559 3027 2674 3082 ista!
2708 3029 2764 3082 in
2796 3028 2966 3080 medio
3007 3041 3260 3079 manuum
3325 3033 3537 3076 tuorum
3565 3021 3634 3074 οἳ

2037 3121 2102 3176 Et
2132 3122 2353 3192 suhjieit
2389 3121 2641 3176 Salvator
2676 3138 2689 3174 :
2729 3119 2989 3190 Ptagatus
3017 3135 3135 3173 sum
3170 3119 3223 3172 in
3250 3117 3406 3170 domo
3446 3131 3626 3170 eorum

329 3202 538 3273 νοερῶν
569 3200 698 3275 [416
730 3204 826 3276 Η.]
859 3205 1219 3276 ἐρωτωμένου
1243 3206 1549 3275 δυνάμεων,
1584 3205 1756 3272 Τίνες
1798 3208 1845 3238 ’³
1875 3208 1932 3260 al

2044 3212 2127 3282 qui
2160 3211 2448 3312 diliqebnut
2501 3229 2581 3266 me
2633 3211 2682 3312 ξς
2745 3210 2852 3265 Sed
2885 3219 2934 3312 et
2983 3209 3158 3280 angeli
3189 3209 3241 3261 in
3295 3207 3633 3312 asv-ensionis

329 3294 560 3363 πληγαὶ
584 3289 762 3350 αὗται
789 3298 850 3348 αἱ
897 3295 1018 3348 ἀνὰ
1068 3295 1267 3364 μέσον
1295 3296 1341 3326 ’⁸
1369 3294 1492 3349 τῶν
1545 3295 1720 3365 ὤμων
1755 3312 1874 3351 σου
1907 3313 1925 3360 ;

2044 3289 2592 3373 Lempore‘aslantes:
2632 3300 2846 3366 Veniet,
2888 3301 3162 3371 inquiunt,
3189 3300 3632 3370 quemadmodum

327 3386 690 3455 ἀποκρίνεται
707 3387 816 3457 γὰρ
837 3388 866 3440 6
888 3387 1081 3457 Σωτὴρ
1116 3387 1314 3454 λέγων·
1339 3390 1446 3454 "Ac
1473 3387 1754 3458 ἐπλήγην
1766 3389 1837 3442 ἐν
1853 3387 1933 3453 τῷ

329 3479 476 3546 om,»
506 3479 611 3533 τοῦ
645 3479 962 3548 ἀγαπητοῦ
985 3498 1126 3548 μου.
1166 3480 1330 3534 Ἀλλὰ
1378 3483 1472 3533 καὶ
1527 3482 1588 3533 ὲν
1628 3480 1705 3552 τῷ
1742 3480 1923 3551 καιρῷ

327 3570 431 3638 τῆς
460 3570 780 3639 ἀναλήψεως
803 3572 852 3623 οἱ
875 3571 1234 3642 παρεστῶτες
1263 3572 1492 3640 ἄγγελοι
1554 3571 1704 3626 οὕτω
1736 3573 1924 3641 φασίν,

341 3664 410 3716 ’3.
423 3663 687 3717 ιεύσετιιι
699 3663 765 3730 ’⁸,
787 3664 861 3718 ὃν
875 3666 1099 3732 τρόπον
1117 3665 1452 3720 ἐθεάσασθε
1475 3666 1665 3720 αὐτὸν
1683 3667 1932 3734 πορευό-

322 3775 519 3827 μενον
555 3760 644 3825 εἰς
667 3759 776 3813 τὸν
805 3760 1085 3828 οὐρανόν.
1125 3759 1237 3813 Καὶ
1266 3761 1294 3812 6
1346 3759 1750 3830 πρωτομάρτυς
1787 3760 1923 3812 Στέο

326 3866 500 3918 φανος
522 3851 578 3903 ἐν
605 3849 682 3921 τῷ
727 3851 905 3921 καιρῷ
975 3851 1076 3920 τῆς
1130 3851 1459 3922 μαρτυρίας,
1521 3850 1783 3918 ἐπιγνοὺς
1836 3851 1928 3904 τὺν

326 3945 610 4016 Δεσπότην
639 3944 874 4017 Χριστὸν
904 3945 1116 3998 ἑστῶτα
1141 3947 1206 3998 ἐκ
1236 3945 1426 4008 δεξιῶν
1456 3944 1550 3998 τοῦ
1583 3944 1822 4014 Πατρὺς,
1865 3947 1927 3999 ἐν

328 4037 530 4108 ἐκεινῳ
555 4037 633 4109 τῷ
662 4039 906 4108 σχήματι
941 4038 998 4091 ὲν
1029 4030 1074 4106 ᾧ
1101 4040 1216 4100 τοῖς
1252 4037 1524 4108 μαθηταῖς
1549 4037 1926 4109 συνηυλίζετο,

325 4128 391 4184 τὸ
448 4128 647 4182 σεπτὸν
691 4130 786 4182 καὶ
842 4131 988 4183 Θεϊον
1019 4129 1201 4200 θέαμα
1241 4128 1526 4201 παρρησίᾳ
1580 4128 1922 4199 ὡμολόγησε.

327 4223 444 4275 Καὶ
470 4221 532 4275 τὺ
572 4222 766 4282 σκεῦος
816 4222 872 4275 δὲ
924 4223 1022 4294 τῆς
1075 4221 1327 4292 ἐκλογῆς,
1392 4221 1926 4293 μυσταγωγούμενος

331 4311 473 4384 πρὸς
506 4313 606 4385 τὴν
658 4313 940 4384 ἀλήθειαν,
987 4315 1048 4380 ἐξ
1090 4315 1320 4385 οὖρανοῦ
1381 4315 1681 4386 κράζοντος
1734 4316 1925 4371 ἀκούει

326 4403 594 4475 Χριστοῦ,
633 4406 854 4465 Σαούλ.
891 4407 1252 4473 Σαού.ὶ²⁶’³⁰,
1290 4407 1347 4461 τί
1398 4425 1476 4478 με
1503 4407 1767 4476 διώκεις;
1815 4411 1926 4464 Καὶ

327 4496 662 4567 πυθομένου,
688 4498 784 4563 Τίς
805 4498 877 4563 εἷ,
901 4499 1074 4566 Κύριε
1092 4516 1111 4565 ;
1127 4499 1274 4568 Ἐγώ
1301 4501 1437 4570 εἰμι,
1456 4501 1642 4570 φησιν,
1686 4502 1928 4569 Ἰησοῦς

329 4588 363 4642 ό
390 4584 742 4654 Ναζωραῖος,
759 4587 832 4643 ὃν
851 4587 934 4644 σὺ
961 4588 1210 4656 διώκεις.
1258 4590 1332 4643 T6
1357 4590 1412 4643 δὲ
1439 4590 1775 4659 Ναζωραῖος
1828 4593 1922 4646 καὶ

337 4681 752 4753 Ἰησοῦς,δῆλον
775 4683 857 4736 ὅτι
878 4681 979 4752 τῆς
1006 4681 1210 4752 σαρκὸς
1239 4681 1404 4735 αὐτοῦ
1434 4682 1633 4754 μηνύει
1655 4684 1754 4755 τὴν
1789 4685 1924 4756 ἁλή-

328 4774 502 4826 θειαν.
532 4773 644 4826 Καὶ
673 4773 977 4845 Γρηγόριος
1007 4777 1034 4827 6
1072 4772 1384 4840 Ναζιανζοῦ
1405 4775 1475 4829 τὰ
1505 4777 1646 4830 αὐτὰ
1683 4777 1920 4848 διαμαρ-

2037 3394 2245 3448 uidistis
2301 3411 2419 3448 eum
2465 3405 2672 3447 euntem
2715 3393 2770 3446 in
2827 3392 3015 3446 caelum
3047 3403 3095 3445 ο.
3159 3390 3374 3444 Primus
3415 3404 3630 3460 quoque

2039 3496 2246 3557 martyr
2285 3486 2593 3554 Stephanus
2656 3485 2902 3556 martyrii
2955 3493 3219 3553 tempore,
3283 3481 3628 3552 conspiciens

2041 3581 2206 3635 Deum
2259 3579 2539 3634 Christum
2583 3589 2818 3633 stantem
2873 3593 2902 3630 a
2942 3577 3150 3632 dextris
3193 3575 3244 3638 ἀ,
3294 3589 3400 3644 qua
3451 3572 3625 3628 forma

2034 3685 2158 3726 cum
2187 3669 2465 3740 discipulis
2492 3679 2742 3724 versatus
2769 3677 2877 3733 est,
2909 3668 3049 3736 piam
3092 3683 3157 3721 ac
3187 3666 3423 3720 divinam
3453 3665 3626 3720 visio-

2036 3775 2156 3816 nem
2191 3761 2359 3815 libere
2409 3759 2692 3816 confessus
2735 3768 2838 3814 est.
2893 3759 3090 3830 253a
3164 3757 3457 3813 Etectionis
3495 3757 3625 3822 item

2037 3866 2131 3905 vas
2174 3851 2239 3905 ad
2286 3853 2572 3906 veritatem
2623 3851 2760 3906 bene
2804 3850 3150 3914 informatus,
3197 3849 3369 3903 audiit
3431 3850 3627 3905 eccelo

2033 3941 2361 3998 clamantem
2389 3944 2705 3999 Christum:
2742 3943 2929 4009 Saule,
2963 3942 3146 4010 Saule,
3181 3945 3309 4013 quid
3343 3959 3422 3997 me
3445 3959 3626 4010 perse-

2031 4037 2208 4105 queris
2237 4046 2284 4089 θ.
2334 4035 2450 4102 Quo
2501 4035 2707 4101 audito,
2758 4035 2890 4100 Quis
2946 4052 3033 4099 es,
3075 4035 3294 4104 inquit,
3359 4035 3629 4088 Domine?

2035 4125 2149 4197 Ego
2201 4145 2318 4182 sunt
2355 4127 2512 4182 Jesus
2551 4125 2869 4181 Nazarenus
2911 4143 3064 4196 quem
3106 4135 3164 4180 tu
3217 4128 3543 4197 persequeris
3578 4125 3622 4180 ί.

2037 4218 2355 4273 Nazarenus
2392 4233 2522 4271 vero
2574 4228 2629 4272 et
2668 4217 2824 4273 Iesus
2860 4233 2984 4273 cum
3026 4217 3178 4283 dicit,
3217 4217 3400 4272 carnis
3427 4218 3625 4271 verita-

2041 4319 2146 4368 tem
2189 4311 2451 4366 ostendit.
2500 4311 2645 4365 ldem
2699 4319 2934 4366 testatur
2980 4309 3276 4380 Gregorius
3325 4309 3624 4364 Nazianze-

2032 4417 2155 4467 nus,
2197 4409 2253 4457 et
2285 4402 2542 4475 Cyrillus,
2613 4400 2813 4456 Contra
2854 4400 3424 4456 Cousubstantialistas
3464 4401 3621 4455 litiro.

2033 4493 2266 4549 Basilius
2298 4509 2515 4564 quoque
2558 4495 2808 4550 oratione
2839 4493 2908 4549 de
2953 4494 3076 4548 ﬁde.
3116 4493 3256 4560 Quin
3308 4503 3360 4547 et
3390 4493 3623 4562 Cyrillns

2032 4586 2099 4640 ad
2132 4587 2393 4642 Acacium
2439 4585 2943 4658 Srythopolitanum
2998 4585 3312 4656 episcopum
3349 4586 3617 4649 scribens,

2033 4682 2085 4735 in
2121 4681 2572 4750 interpretatione
2606 4681 2756 4736 vocis
2781 4679 3124 4748 ἀπομπαίου,
3148 4679 3198 4733 id
3225 4688 3310 4735 est
3343 4679 3610 4736 malorum

2029 4771 2357 4842 depulsoris,
2389 4774 2708 4838 Averrunci,
2765 4781 2820 4827 et
2860 4772 3128 4827 innumeri
3179 4772 3269 4827 alii
3297 4788 3422 4829 cum
3447 4787 3612 4828 carne

324 4866 574 4936 τύρεται,
606 4865 702 4918 καὶ
739 4865 1006 4935 Κύριλλος
1048 4868 1105 4919 ὲν
1144 4866 1222 4937 τῷ
1256 4866 1416 4920 Κατὰ
1447 4867 1926 4921 Συνουσιαστῶν

2044 4866 2244 4920 venisse
2268 4881 2330 4919 ac
2375 4865 2665 4929 mansisse,
2694 4875 2748 4920 et
2794 4865 2874 4919 sic
2901 4879 3024 4934 esse
3057 4865 3124 4920 ad
3157 4867 3458 4921 secundum
3499 4867 3618 4935 ejus

325 4956 491 5029 λόγῳ,
533 4959 628 5012 καὶ
655 4958 935 5022 Βασίλειος
961 4960 1020 5011 ἐν
1043 4959 1122 5030 τῷ
1145 4959 1284 5028 Περὶ
1317 4961 1602 5028 πίστεως.
1635 4961 1795 5014 Ἀλλὰ
1825 4963 1922 5014 καὶ

2044 4971 2201 5024 Isque
2237 4957 2527 5010 adventum
2562 4957 2778 5012 docent.
2808 4956 3099 5027 Propterea
3127 4974 3342 5028 quoque
3373 4959 3616 5014 caelestis

325 5049 602 5117 Κύριλλος
634 5052 798 5106 πάλιν
851 5052 988 5123 πρὸς
1045 5052 1299 5106 Ἀκὰκιον
1347 5053 1738 5117 Σκυθοπόλεως
1792 5055 1916 5108 ἐπί-

2044 5062 2096 5104 te
2132 5057 2407 5111 terrenus,
2434 5049 2663 5104 visibilis
2687 5059 2854 5120 atque
2889 5051 3197 5107 invisibilis.
3232 5051 3472 5106 Visibilis
3495 5053 3618 5121 qui-

326 5159 533 5197 σκοπον
564 5144 812 5214 γράφων,
846 5147 941 5200 καὶ
983 5147 1040 5199 ὲν
1061 5148 1127 5218 τῇ
1155 5147 1422 5217 ἑρμηνείᾳ
1449 5147 1507 5201 δὲ
1529 5147 1624 5201 τοῦ
1661 5149 1915 5218 ἀποπομ-

2044 5144 2144 5198 lem
2197 5159 2318 5200 cum
2373 5143 2677 5209 divinitate,
2733 5161 2842 5200 non
2900 5149 3198 5203 secundum
3250 5147 3612 5207 divinitatem,

326 5231 514 5286 παίου.
549 5227 767 5288 Τούτων
792 5236 835 5268 ³⁸
892 5235 1000 5306 γὰρ
1050 5235 1308 5299 ἕκαστος,
1361 5237 1456 5291 καὶ
1496 5238 1682 5309 μυρίοι
1736 5239 1911 5304 ἄλλοι,

2044 5236 2118 5291 ιειι
2170 5237 2468 5292 secundum
2504 5250 2744 5306 corpus:
2803 5254 3016 5293 rursum
3072 5254 3289 5310 quoque
3331 5239 3618 5294 invisibilis

328 5319 471 5388 μετὰ
491 5310 825 5394 τῆίσαρκὸς
850 5324 947 5380 καὶ
973 5325 1216 5379 ἀνελθεῖν
1238 5327 1334 5380 καὶ
1361 5327 1638 5398 διαμένειν
1676 5329 1773 5382 καὶ⁸
1804 5346 1912 5382 πα-

2044 5342 2152 5384 :um
2175 5328 2556 5396 |humanitate,
2591 5343 2694 5383 nou
2733 5331 3034 5386 secundum
3065 5331 3482 5394 humanitatem,
3514 5333 3611 5386 sed

327 5413 658 5482 ραγενέσθαι
697 5415 839 5470 κατὰ
876 5415 976 5487 τὴν
1032 5417 1291 5490 δευτέραν
1341 5418 1506 5472 αὐτοῦ
1559 5419 1923 5491 κηρύττουσιν

2044 5419 2392 5488 livinitatem,
2423 5430 2642 5476 creatus
2666 5431 2720 5476 et
2754 5425 3050 5487 lncreatus,
3075 5423 3288 5492 aliaque
3314 5422 3612 5478 secundum

401 5544 849 5612 '°*lsa.mn,l.
890 5549 1071 5606 libid.
1111 5550 1887 5620 zibid.2."!JIZat:liar.:mt,(i.
1926 5552 1932 5592 1

2050 5554 2098 5607 il.
2143 5554 2458 5621 cAct.t,ll.
2499 5553 2985 5647 dAct.tx,5653q.
3033 5556 3324 5623 t~‘Act.x,l.
3371 5556 3589 5616 fihid.5

1579 5644 1817 5700 VAle
1860 5645 2154 5703 LECTION
2165 5645 2266 5701 ES.

396 5732 694 5815 tenth-1505‘;
738 5736 766 5788 ὁ
809 5737 1058 5815 Xanthi
1087 5755 1148 5815 ς,
1228 5737 1494 5815 ξο-σαρκῖ]
1540 5740 1598 5792 ὲν
1627 5741 1792 5815 caput}
1834 5739 2160 5815 Stephanus.
2242 5744 2288 5774 ³ο
2307 5740 2492 5815 τρίτου
2523 5756 2669 5815 corr.
2695 5763 2700 5768 '
2727 5746 2766 5798 A
2799 5758 2814 5798 :
2857 5742 3045 5815 τρίτον
3071 5814 3074 5815 ν
3105 5761 3165 5815 ς.
3227 5744 3286 5815 Α²¹
3326 5745 3354 5796 ὀ
3385 5745 3507 5797 add.
3543 5749 3583 5799 Λ

321 5807 367 5836 ¹¹
410 5803 670 5949 ﬂeeing}
699 5803 937 5870 t.xm,'l.
1014 5809 1060 5840 “
1081 5803 1442 5889 etve;]_Z:nc'h.
1472 5803 1591 5875 int,
1623 5809 1676 5866 6.
1702 5803 1714 5812 ’
1755 5811 1799 5843 ¹⁴
1828 5811 1884 5865 αι
1917 5803 2020 5867 diva
2050 5811 2215 5882 μέσον
2238 5815 2280 5868 Α
2316 5803 2460 5868 ε’καὶ
2507 5813 2782 5884 ἀνάμεσον
2818 5803 2906 5880 ς.’
2958 5815 3004 5846 ’⁵
3037 5803 3244 5888 exs-33.]
3279 5816 3398 5870 Act.
3447 5832 3482 5881 ι,
3525 5819 3576 5871 ll

321 5874 446 5908 “°'°
473 5876 646 5930 Σαουλ
705 5879 824 5934 Aet.
869 5894 944 5946 Ix,
983 5881 1033 5936 4.
1113 5881 1154 5912 ³⁸
1197 5895 1406 5937 τουτον.
1448 5897 1508 5946 ς.

321 5874 446 5908 ¹⁶ο³⁰
473 5874 670 5946 Σαοὺλ]
705 5879 824 5934 Aet.
869 5894 944 5946 Ix,
983 5881 1033 5936 4.
1113 5881 1154 5912 ³³
1197 5874 1406 5937 τοῦτον.
1448 5897 1508 5946 ς.
