4004 6464
445 411 551 470 933
1225 434 1234 439 ”
1580 409 1843 471 ΡΗΟΤΙΙ
1870 407 2518 481 ΡΑΤΒΙΑΒΕΗᾺΕῘΟΡ.
3595 422 3688 485 984

444 521 590 593 piam
642 522 839 577 dictam
885 522 1284 579 distinctionem
1331 526 1765 580 cozisidcrantur.
1812 525 2022 580 Etenim

2146 529 2475 597 ιπιιράνειαν.
2516 528 2607 581 Διὸ
2636 528 2729 582 καὶ
2775 530 2868 582 ὁ³³
2924 529 3088 595 αὐτός
3138 530 3284 584 ἐστιν
3327 531 3572 603 οὐράνιος
3609 539 3693 593 καὶ

447 631 574 670 caro
616 626 801 670 nostra
847 616 955 670 Deo
1017 616 1188 669 Verbo
1234 617 1384 670 unita
1434 615 1792 686 hypostatice,
1835 631 1939 670 non
1976 616 2028 669 in

2146 620 2402 687 ἐπίγειος,
2430 618 2624 687 ὁρατὸς
2643 618 2740 671 καὶ
2761 619 3015 691 ἀόρατος,
3045 619 3234 691 ὁρατὸς
3291 621 3391 691 μὲν
3427 622 3563 692 μετὰ
3605 627 3694 697 τῆς

446 707 809 761 substantiam
837 706 1003 763 Verbi
1036 716 1242 760 mutata
1279 719 1383 770 est,
1428 709 1527 760 «τιεί
1595 706 1687 761 Dei
1723 723 1852 761 caro
1885 707 2027 762 facta

2146 706 2412 776 θεότητος,
2432 707 2494 759 οὐ
2532 707 2671 760 κατὰ
2700 710 2799 778 τὴν
2830 708 3082 782 θεότητα,
3107 709 3242 765 ἀλλά
3264 712 3408 765 κατὰ
3435 712 3497 765 τὸ
3531 715 3696 784 σῶμα,

445 809 549 863 est,
579 812 754 871 neque
785 798 1020 854 Verbum
1051 800 1103 852 in
1149 812 1394 863 carnem,
1438 799 1540 853 etsi
1582 799 1855 868 propriam
1926 801 2027 855 sibi

2146 798 2368 870 ἀόρατος
2406 798 2463 851 δὲ
2498 800 2662 853 πάλιν
2692 801 2831 870 μετὰ
2854 799 2956 869 τῆς
2991 801 3437 873 ἀνθρωπότητος,
3483 805 3543 858 οὐ
3572 808 3699 861 κατὰ

448 890 587 946 hanc
626 890 941 961 sumpserit.
987 889 1093 946 Sed
1140 906 1283 945 unus
1352 892 1598 959 idemque
1642 892 1838 946 dicitur
1872 892 2031 947 Chri-

449 988 602 1035 stus:
633 991 880 1035 servatur
913 995 1043 1037 vero
1070 981 1324 1042 indivise,
1372 989 1425 1034 et
1465 981 1583 1034 sine
1626 982 1942 1049 mutatione,
1978 990 2033 1036 et

450 1073 723 1139 quomodo
762 1071 817 1124 in
848 1071 934 1125 his
963 1081 1017 1126 et
1049 1087 1111 1125 ex
1144 1073 1231 1126 his
1273 1072 1619 1140 cognoscitur
1655 1071 1932 1139 Christus,
1964 1090 2026 1127 ex

450 1164 560 1218 alio
603 1164 653 1216 in
690 1164 854 1217 alium
888 1180 992 1218 non
1031 1164 1253 1229 mutari,
1288 1163 1383 1217 sed
1435 1174 1494 1217 ut
1524 1179 1897 1233 smpennmero
1952 1167 2030 1221 di-

450 1265 617 1321 ctum,
649 1272 788 1311 unus
816 1257 1063 1325 idemque
1095 1265 1179 1310 est
1204 1258 1249 1308 8.
1286 1254 1432 1310 Idem
1471 1262 1791 1327 generatur;
1839 1270 2031 1329 estque

449 1348 568 1400 sine
619 1346 930 1418 genealogia
979 1350 1275 1403 secundum
1325 1350 1473 1405 aliud
1529 1362 1692 1420 atque
1738 1352 1904 1408 aliud.
1936 1353 2030 1407 Et-

448 1443 593 1496 enim
625 1458 778 1497 sacra
815 1441 1095 1512 Scriptura
1123 1445 1197 1498 ait
1223 1461 1236 1497 :
1270 1440 1441 1498 llbmo
1470 1455 1571 1508 est,
1591 1449 1705 1516 quis
1730 1451 1871 1501 novit
1890 1465 2029 1513 eum,

450 1536 831 1602 generatione»:
878 1535 994 1604 ejus
1039 1538 1158 1605 quis
1207 1539 1524 1595 anan-abit?
1557 1538 1663 1593 Sed
1713 1552 1767 1593 et
1815 1556 2030 1595 rursum

450 1625 666 1692 clamat,
711 1625 869 1680 Liber
889 1629 1240 1697 generationis
1273 1628 1403 1683 Jesu
1430 1627 1631 1685 Christi
1655 1630 1757 1699 ﬁlii
1784 1630 1952 1687 David
1976 1632 2029 1687 h.

450 1717 627 1783 Quare
700 1720 998 1774 secundum
1062 1721 1404 1776 divinitatem
1475 1724 1861 1794 ingenerabilis
1918 1733 2029 1780 est:

450 1811 747 1866 secundum
828 1812 1222 1867 humanitatem
1290 1829 1420 1869 vero
1464 1814 1810 1884 generabilis.
1888 1815 2029 1869 Idem

2135 890 2239 961 τὴν
2268 891 2691 961 ἁνθρωπότητα,
2723 892 2860 946 ἀλλὰ
2902 892 3045 946 κατὰ
3062 892 3162 963 τὴν
3196 891 3452 964 θεότητα,
3482 898 3700 960 ικτιστδς

2137 985 2231 1038 καὶ
2252 984 2530 1051 ἄκτιστος,
2567 986 2664 1037 καὶ
2685 986 2787 1039 ὅσα
2812 985 2948 1039 ἄλλα
2971 983 3197 1039 τοιαῦτα
3235 986 3381 1040 κατὰ
3428 987 3527 1059 τὴν
3558 992 3701 1061 εἰρη-

2141 1077 2309 1149 μένην
2339 1077 2539 1147 εὐσεϐῆ
2569 1077 2854 1148 θεωρεῖται
2901 1077 3198 1145 διάκρισιν.
3249 1080 3362 1132 Καὶ
3420 1079 3530 1150 γὰρ
3573 1083 3605 1152 ὴ
3649 1082 3704 1149 ἐξ

2136 1170 2295 1241 ἡμῶν
2336 1170 2494 1242 σὰρξ,
2524 1171 2787 1223 ἐνωθεῖσα
2816 1171 2893 1241 τῷ
2920 1170 3040 1241 Θεῷ
3087 1172 3245 1242 Λόγῳ
3297 1172 3424 1226 καθ’
3480 1172 3701 1230 ὑπόστα-

2139 1278 2246 1327 σιν,
2276 1261 2378 1314 οὐκ
2417 1262 2497 1323 εἰς
2526 1261 2628 1330 τὴν
2680 1261 2871 1315 οὐσίαν
2924 1262 3235 1333 μετεϐλήθη
3282 1262 3382 1316 τοῦ
3441 1264 3631 1333 Λόγον,
3660 1272 3704 1321 εἰ

2139 1354 2234 1408 καὶ
2266 1353 2403 1406 Θεοῦ
2443 1353 2635 1421 γέγονε
2668 1354 2804 1424 σάρξ
2835 1370 2849 1385 ο
2877 1354 3000 1407 οὐδέ
3029 1357 3058 1407 6
3088 1356 3262 1424 Λόγος
3300 1358 3384 1418 εἰς
3433 1357 3625 1428 σάρκα,
3662 1362 3707 1414 εἰ

2140 1446 2234 1497 καὶ
2259 1443 2396 1497 ἰδίαν
2415 1445 2780 1515 οἰκονομικῶς
2835 1446 3133 1516 ἐποιήσατο
3185 1446 3284 1516 τὴν
3338 1447 3550 1516 σάρκα⁶
3602 1450 3707 1504 ἀλλ’

2139 1528 2222 1597 εἷς
2263 1534 2362 1603 μὲν
2387 1533 2604 1601 λέγεται
2627 1535 2724 1588 καὶ
2752 1533 2869 1587 ἐστι
2901 1533 3159 1605 Χριστὸς,
3180 1534 3417 1600 σώζεται
3463 1537 3523 1591 δὲ
3556 1539 3707 1593 datat-

2140 1628 2456 1696 νοτομήτως
2489 1626 2582 1680 καὶ
2608 1626 2926 1697 ἁχωρίστως
2964 1627 3060 1680 καί¹
3088 1626 3157 1681 τὰ
3178 1627 3239 1691 ἐξ
3288 1619 3368 1681 ὧν
3410 1629 3505 1682 καὶ
3540 1631 3595 1683 ἐν
3635 1626 3710 1696 οἷς

2141 1718 2345 1771 νοεῖται
2375 1718 2631 1787 Χριστὸς,
2660 1718 2761 1770 οὐκ
2798 1717 2958 1781 ἄλλος
2982 1718 3079 1771 καὶ
3126 1718 3284 1781 ἄλλος
3304 1736 3317 1752 ·
3355 1719 3431 1791 μὴ
3471 1720 3671 1787 γένοιτο
3693 1736 3705 1751 ·

2142 1810 2258 1866 ἀλλ’
2280 1809 2471 1882 ὥσπερ
2495 1810 2755 1873 πολλάκις
2785 1810 3024 1882 εἴρηται,
3098 1805 3180 1875 εἷς
3222 1811 3319 1864 καὶ
3372 1813 3401 1864 6
3435 1811 3613 1875 αὐτός.
3655 1812 3708 1865 '0

450 1903 743 1972 prmoscit
773 1908 975 1971 omnia,
1014 1915 1098 1959 est
1132 1908 1277 1959 enim
1303 1918 1499 1961 natura
1537 1910 1696 1973 Deus,
1727 1919 1781 1961 et
1826 1924 2041 1962 rursunt

2149 1902 2312 1967 αὐτὸς
2342 1904 2753 1973 γενεαλογεῖται
2777 1904 2872 1956 καὶ
2900 1903 3048 1957 ἐστιν
3091 1903 3547 1973 ἀγενεαλόγητος,
3601 1905 3710 1958 κατ’

450 1995 700 2065 ignorare
729 1995 930 2049 dicitur
974 1997 984 2025 ¹
1040 2005 1341 2051 extremum
1387 1998 1527 2051 diem
1571 2013 1665 2067 per
1694 2013 1914 2052 carnem
1942 2013 2041 2053 no-

451 2090 619 2140 stram
679 2104 691 2140 :
729 2094 784 2141 et
828 2085 1011 2154 Neque
1049 2103 1128 2141 me
1173 2089 1354 2142 tidetis
1398 2105 1559 2158 neque
1605 2088 1819 2143 Patrem
1868 2106 2040 2143 meum

450 2178 638 2232 ridetis
682 2176 742 2245 i;
790 2187 845 2231 et
898 2192 1114 2232 rursum
1181 2179 1401 2249 scilicet.
1426 2182 1658 2234 humana
1725 2181 2033 2236 conditione

452 2270 607 2324 scitis
655 2271 715 2322 κε
754 2268 823 2322 Et
902 2271 1039 2323 unde
1070 2271 1169 2323 sint
1219 2271 1383 2325 scitis.
1443 2272 1505 2325 Si
1545 2289 1636 2341 ego
1686 2274 2040 2325 testimonium

451 2359 691 2429 per/iibeo
723 2362 786 2412 de
817 2377 897 2413 me
936 2362 1067 2426 ipso,
1109 2363 1466 2415 testimonium
1517 2379 1685 2415 meum
1718 2379 1820 2415 non
1856 2371 1933 2416 est
1962 2379 2044 2415 ve-

455 2467 570 2503 rum
600 2449 644 2515 1,
681 2450 808 2505 alibi
836 2467 1049 2521 quoque
1083 2469 1096 2503 :
1134 2451 1202 2505 Et
1230 2455 1275 2504 si
1297 2470 1390 2520 ego
1420 2453 1777 2505 testimonium
1801 2454 2042 2522 perhibeo

454 2546 517 2595 de
560 2560 640 2596 me
676 2544 811 2610 ipso,
862 2561 1039 2597 rerum
1085 2559 1160 2598 est
1206 2546 1560 2599 testimonium
1614 2562 1782 2599 meum
1834 2555 1895 2600 ω.
1932 2545 2045 2600 lloc

454 2636 672 2703 quidem
707 2644 952 2706 respectu
989 2637 1331 2693 divinitatis:
1371 2636 1502 2691 illud
1537 2653 1665 2692 vero
1690 2636 2045 2691 humanitatis

456 2738 728 2796 respectu.
798 2727 946 2783 Unus
989 2729 1184 2799 253b
1224 2731 1407 2800 itaque
1448 2730 1703 2800 idemque
1753 2740 1836 2784 est
1875 2729 2043 2784 incir-

454 2822 821 2888 cumscriptus
863 2829 918 2874 ct
963 2822 1437 2892 circumscriptus,
1485 2831 1743 2889 tanquam
1792 2822 1926 2875 duas
1956 2836 2047 2891 ge-

456 2911 770 2966 nerationes
834 2912 1043 2966 habens
1069 2921 1122 2965 ct
1168 2913 1525 2973 substantias,
1564 2927 1705 2965 unus
1750 2920 1950 2965 tamen.
1988 2911 2044 2964 Si

454 3016 588 3055 vero
624 3003 786 3057 unius
835 3012 916 3057 est
963 3005 1277 3057 substantia:
1330 3007 1625 3058 secundum
1672 3019 1915 3069 carnem,
1943 3003 2047 3057 hoc

456 3100 649 3147 contra
689 3093 922 3160 Manen),
975 3110 1134 3147 unam
1191 3096 1331 3150 illius
1367 3096 1769 3151 conﬁtebuntur
1821 3111 2047 3165 genera-

458 3186 681 3253 tionem,
713 3195 765 3241 et
796 3188 998 3243 frustra
1020 3187 1191 3244 Filius
1227 3190 1464 3243 hominis
1503 3190 1811 3245 vocabitur.
1852 3189 2049 3243 llacte—

457 3294 561 3332 nus
592 3281 769 3347 capite
801 3281 975 3349 primo
1010 3282 1109 3336 ista
1141 3284 1479 3351 exsequitur.

2145 1996 2272 2051 ἄλλο
2294 1996 2535 2066 δηλονότι
2565 1998 2659 2049 καὶ
2684 1996 2830 2050 ἄλλο.
2860 1997 2969 2049 Καὶ
2993 1996 3102 2069 γὰρ
3134 1995 3205 2049 τὰ
3235 1995 3359 2065 ἱερά
3379 1994 3551 2062 Λόγιά
3571 2010 3707 2067 φησι·

2146 2089 2255 2141 Καὶ
2281 2087 2651 2156 ἆνθρωπός³³
2677 2089 2832 2151 ἐστι,
2881 2087 2982 2141 καὶ
3040 2088 3133 2153 τίς
3177 2087 3474 2156 γνώσεται
3520 2088 3710 2151 αὐτόν,

2145 2181 2244 2235 καὶ
2283 2181 2398 2247 τὴν
2420 2182 2636 2249 γενεὰν
2664 2181 2850 2235 αὑτοῦ
2876 2182 2968 2247 τίς
3005 2179 3398 2250 διηγήσεται;
3446 2178 3579 2232 ἀλλὰ
3632 2181 3713 2234 καὶ

2146 2270 2310 2324 πάλιν
2337 2269 2455 2341 βοᾷ,
2488 2272 2705 2336 Βίϐλος
2731 2270 2776 2301 ³⁵
2826 2270 3122 2339 γενέσεως
3196 2269 3412 2337 Ἰησοῦ
3465 2269 3705 2337 Χριστοῦ

2145 2362 2281 2418 υἱοῦ
2310 2361 2510 2416 Δαϐιδ.
2530 2362 2693 2415 Ὥστε
2722 2362 2866 2416 κατὰ
2889 2361 2988 2431 μὲν
3018 2360 3117 2432 τὴν
3150 2361 3391 2430 θεότητα
3411 2360 3571 2413 αὑτοῦ
3594 2362 3709 2429 ἀγε-

2146 2455 2495 2524 νεαλόγητος,
2528 2454 2668 2507 κατὰ
2700 2453 2755 2506 δέ
2783 2453 2880 2524 τὴν
2924 2453 3329 2523 ἀνθρωπότητα
3379 2450 3712 2520 γενεαλογού-

2151 2565 2331 2617 μενος.
2370 2548 2430 2599 Ὀ
2457 2546 2618 2608 αὐτὸς
2644 2548 2825 2599 πάντα
2857 2546 3222 2616 προγινώσκει
3256 2543 3401 2614 (ἐστὶ
3428 2543 3534 2613 γὰρ
3566 2542 3710 2612 φύσει

2146 2639 2301 2707 Θεός)
2334 2639 2429 2691 καὶ
2456 2638 2618 2690 πάλιν
2649 2638 2865 2705 ἀγνοεῖν
2890 2636 2988 2708 τὴν
3033 2636 3278 2706 ἐσχάτην
3306 2635 3524 2706 ἡμέραν
3550 2633 3631 2688 διὰ
3662 2633 3741 2707 τὸ.

2148 2730 2416 2801 ἡμέτερον
2436 2728 2651 2796 λέγεται
2667 2712 3031 2797 φύραμαλξαί
3054 2742 3066 2756 ·
3086 2726 3235 2779 Οὔτε
3255 2724 3365 2794 ἐμὲ
3384 2723 3581 2778 οἴδατε
3594 2723 3714 2777 οὔτε

2149 2822 2256 2875 τὸν
2277 2821 2512 2888 Πατέρα
2537 2838 2655 2889 μου
2686 2820 2888 2871 οἴδατε
2908 2833 2922 2848 °
2958 2818 3053 2871 καὶ
3071 2817 3256 2881 πάλιν,
3294 2815 3542 2885 δηλονότι
3589 2812 3716 2867 κατὰ

2148 2917 2208 2967 τὸ
2235 2914 2598 2982 ἀνθρώπινον,
2618 2911 2781 2980 Κάμὲ
2808 2908 3008 2963 οἴδατε
3027 2911 3127 2982 καὶ
3162 2909 3356 2963 πόθεν
3377 2907 3493 2975 εἰμὶ
3519 2904 3711 2959 οἴδατε.

2154 3006 2274 3057 Ἔτι
2297 3004 2376 3067 δέ,
2398 3006 2465 3056 El
2481 3001 2594 3071 ἐγὼ
2615 3002 2733 3033 ³⁸⁸³⁸
2754 2997 3034 3071 μαρτυρῶ
3058 2998 3191 3065 περὶ
3211 2996 3502 3065 ἐμαυτοῦ,
3524 2998 3559 3061 ἡ
3582 3010 3712 3062 μαρ-

2156 3095 2330 3161 τυρία
2347 3110 2466 3162 μου
2502 3094 2614 3144 οὐκ
2637 3090 2810 3144 ἐστιν
2837 3088 3090 3156 ἀληθής·
3129 3088 3265 3159 [ῗ97
3298 3085 3395 3157 IL]
3442 3085 3532 3138 καὶ
3574 3084 3713 3136 ἀλλα-

2150 3186 2270 3257 χοῦ,
2286 3189 2350 3239 El
2364 3184 2481 3255 ἐγὼ
2495 3182 2777 3254 μαρτυρῶ
2791 3181 2924 3251 περὶ
2946 3182 3231 3250 ἐμαυτοῦ,
3254 3182 3292 3248 ἠ
3310 3178 3599 3249 μαρτυρία
3613 3191 3712 3243 μου

2070 3263 2113 3324 C
2146 3279 2382 3347 ἀληθής
2412 3278 2562 3331 ἐστι·
2584 3276 2644 3329 τι
2676 3277 2773 3346 μὲν
2800 3276 2886 3329 διὰ
2917 3274 3046 3347 [in
3086 3272 3179 3344 ιι]
3211 3274 3313 3343 τὴν
3372 3270 3521 3325 θείαν
3553 3268 3593 3298 ιτ
3622 3266 3711 3319 αι.

456 3375 551 3427 τοῦ
581 3375 762 3443 φύσιν,
790 3378 849 3429 τὸ
875 3377 930 3429 δὲ
952 3377 1039 3430 διὰ
1067 3378 1166 3448 τὴν
1225 3378 1641 3447 ἁνθρωπότητα.
1679 3378 1867 3439 Οὕτως
1892 3379 1937 3408 ³⁸
1974 3372 2068 3430 οὖν
2104 3377 2254 3428 ἐστιν
2291 3376 2320 3426 6
2389 3373 2549 3435 αὐτὸς
2595 3372 3014 3442 ἀπερίγραπτος
3054 3368 3149 3423 καὶ
3220 3367 3613 3438 περίγραπτος,
3652 3358 3715 3420 ὡς

457 3467 552 3523 δύο
573 3470 816 3536 γενέσεις
839 3469 979 3540 ἔχων
1005 3471 1102 3525 καὶ
1144 3470 1237 3525 δύο
1264 3472 1455 3537 οὐσίας
1504 3475 1532 3525 6
1567 3469 1667 3536 εἷς.
1710 3474 1773 3525 Εἰ
1801 3473 1858 3525 δὲ
1912 3473 2041 3542 μιᾶς
2080 3471 2265 3533 οὐσίας
2288 3470 2408 3523 ἐστὶ
2476 3467 2615 3538 μετὰ
2639 3468 2684 3500 ³³
2754 3466 2853 3536 τὴν
2890 3466 3168 3533 σάρκωσιν
3201 3463 3349 3516 κατὰ
3390 3460 3481 3514 τὸν
3524 3458 3711 3526 Μάνην,

461 3563 591 3632 μίαν
621 3563 788 3617 αὐτοῦ
821 3564 1037 3631 πάντως
1065 3568 1462 3639 ὁμολογήσουσι
1497 3572 1593 3623 καὶ
1624 3570 1722 3639 τὴν
1756 3570 2036 3640 γέννησιν,
2113 3569 2210 3622 καὶ
2271 3567 2448 3637 μάτην
2495 3564 2627 3627 Υἱὸς
2697 3563 2989 3634 ἀνθρώπου
3043 3559 3340 3629 κέκληται.
3397 3557 3471 3610 Τὸ
3526 3555 3616 3626 μὲν
3654 3546 3705 3605 οὗ

366 3722 373 3729 ε
459 3658 677 3728 πρῶτον
700 3659 996 3728 κεφάλαιον
1025 3660 1168 3714 οὕτω
1199 3662 1318 3725 πῶς
1335 3661 1589 3731 ἐπῆλθεν.

532 3750 779 3805 Alterum
831 3767 960 3807 vero
995 3754 1075 3807 sic
1115 3754 1375 3809 disserit:
1427 3755 1484 3807 Si
1527 3754 1771 3809 mortalis
1819 3753 1900 3807 vel
1943 3753 2044 3807 im-

461 3843 707 3897 mortalis
737 3843 977 3898 Adamus
1005 3843 1158 3899 initio
1186 3846 1443 3919 conditus
1476 3856 1581 3909 est,
1632 3856 1846 3901 constat
1875 3846 2042 3900 Deum

462 3949 569 3988 non
610 3935 809 3990 fecisse
850 3951 1101 4003 mortem,
1149 3951 1324 4004 neque
1352 3939 1630 3991 hominum
1684 3938 1903 3992 interitu
1952 3938 2047 3991 de-

462 4025 689 4080 lectari:
725 4028 927 4082 invidia
963 4028 1224 4082 daemonis
1289 4043 1435 4083 mors
1478 4029 1529 4082 in
1582 4029 1841 4083 mundum
1879 4029 2045 4094 venit,

458 4117 621 4185 jussit
658 4132 789 4172 vero
829 4118 1103 4173 hominem
1148 4106 1472 4187 aliquandiu
1520 4135 1741 4174 manere
1801 4120 2049 4173 incorru-

465 4219 639 4275 ptum,
700 4221 1031 4281 praeceptum
1087 4212 1498 4267 custodiendum
1527 4213 1574 4266 ei
1610 4212 1851 4279 tradens,
1904 4211 2047 4281 quod

467 4301 872 4371 transgrediens
897 4317 995 4370 pro
1022 4302 1418 4372 incorruptibili
1453 4302 1827 4371 corruptibilis
1854 4302 2044 4357 evasit.

467 4392 742 4447 Libertate
793 4398 936 4447 enim
985 4394 1197 4448 arbitrii
1263 4396 1495 4449 donatus
1562 4395 1744 4458 homo,
1812 4394 2052 4463 abripuit

465 4494 658 4555 sponte
690 4486 832 4555 quod
883 4487 1124 4542 deterius
1146 4497 1247 4550 est,
1305 4488 1495 4543 relicto
1527 4488 1771 4542 meliore.
1806 4486 1911 4541 Sed
1942 4487 2048 4540 im-

2218 3748 2293 3800 Τὸ
2319 3746 2377 3801 δὲ
2398 3743 2459 3815 ιβ’
2490 3743 2634 3797 οὕτω
2662 3740 2927 3795 διευθετεῖ
2953 3755 2967 3771 ·
2998 3740 3121 3793 Εἴτε
3158 3737 3375 3806 θνητὸς,
3404 3735 3562 3805 φησιν
3579 3770 3594 3797 ,
3621 3731 3712 3784 εἴτε

2148 3842 2418 3901 ἀθάνατος
2449 3833 2695 3901 ἐπλάσθη
2716 3834 2816 3903 τὴν
2852 3832 3027 3903 ἀρχὴν
3064 3831 3094 3885 ὁ
3140 3829 3341 3899 Ἀδὰμ,
3369 3824 3623 3897 πρόδηλον
3646 3822 3711 3872 ὅτι

2150 3936 2178 3986 6
2202 3932 2333 3994 Θεὸς
2364 3929 2595 3983 θάνατον
2618 3926 2719 3978 οὐκ
2746 3924 3004 3993 ἐποίησεν
3036 3920 3157 3975 οὐδὲ
3207 3920 3475 3989 τέρπεται
3518 3917 3599 3967 ἐπ’
3623 3913 3713 3965 ἀπ·

2151 4025 2318 4094 ωλείᾳ
2342 4022 2584 4086 ζώντων,
2612 4017 2793 4087 φθόνῳ
2842 4016 2901 4069 δέ
2941 4015 3193 4069 διαϐόλου
3239 4014 3467 4074 θάνατος
3493 4004 3711 4077 εἰσῆλθεν

2153 4119 2232 4180 εἰς
2261 4116 2351 4170 τὸν
2382 4115 2606 4183 κόσμον.
2652 4109 2791 4163 Ὑπὸ
2828 4108 2885 4161 δέ
2912 4125 3034 4161 τινα
3071 4108 3255 4177 μένειν
3293 4107 3419 4175 ὅρον
3450 4104 3507 4156 ἐν
3531 4098 3709 4167 ἀφθαρ-

2153 4209 2243 4277 σίᾳ
2273 4207 2365 4260 τὸν
2394 4205 2680 4275 ἄνθρωπον
2710 4201 3114 4263 διεκελεύσατο,
3142 4197 3365 4266 ἐντολὴν
3387 4195 3465 4256 εἰς
3493 4186 3710 4260 φυλακὴν

2151 4298 2552 4369 παραθέμενος,
2585 4297 2650 4365 ἢν
2679 4291 3086 4363 παραϐεϐηκὼς
3118 4289 3215 4357 τὴν
3247 4287 3455 4357 φθορὰν
3487 4282 3600 4337 ἀντὶ
3626 4277 3710 4344 τῆς

2150 4390 2462 4460 ἀφθαρσίας
2492 4388 2777 4456 εἰσήγαγε·
2810 4383 2888 4453 τῷ
2925 4382 3024 4451 μέν
3063 4382 3169 4450 γὰρ
3204 4375 3535 4443 αὐτεξουσίῳ
3566 4385 3709 4460 τιμηξ

2153 4458 2267 4547 θεὶς
2301 4485 2330 4535 6
2379 4480 2664 4550 ἄνθρωπος
2706 4476 2879 4528 εἵλετο
2917 4474 2979 4526 τὸ
3022 4474 3203 4543 χεῖρον
3231 4511 3245 4536 ,
3288 4468 3426 4521 ἑκὼν
3467 4462 3639 4533 φυγὼν
3661 4458 3711 4550 τᾷ

467 4579 749 4633 mortalem
805 4580 1042 4632 animam
1085 4588 1140 4634 et
1191 4579 1583 4649 intelligibilem
1635 4590 1902 4643 creatam,
1929 4590 2041 4647 post

2155 4579 2401 4646 ἄμεινον.
2445 4548 2605 4623 ’Ᾱλλὰ
2636 4568 2731 4621 καὶ
2772 4566 2943 4635 αὐτὴν
2986 4564 3086 4635 τὴν
3132 4562 3310 4633 ψυχὴν
3349 4559 3600 4614 ἀθάνατον
3634 4548 3713 4649 itai-

466 4668 674 4738 lapsum
710 4670 912 4723 scimus
950 4669 1107 4724 morti
1150 4670 1475 4724 tradidisse:
1525 4670 1687 4738 idque
1725 4685 1832 4723 non
1864 4684 2051 4737 corpo-

468 4758 568 4812 rali
604 4760 781 4823 modo,
840 4776 1048 4824 verum,
1081 4763 1223 4829 quod
1255 4771 1337 4816 est
1397 4763 1636 4829 gravius,
1698 4760 2046 4830 intelligibili.

468 4852 757 4905 Peccatum
821 4852 962 4905 enim
996 4853 1161 4906 animi
1214 4855 1459 4922 quaedam
1514 4868 1661 4908 mors
1709 4862 1817 4919 est,
1882 4852 2045 4907 veluti

470 4954 764 5007 Locnanict
814 4947 1200 5013 sempiternam
1250 4948 1653 5014 corruptionem
1686 4946 1763 5000 illi
1810 4961 2047 5014 parans:

472 5033 666 5087 Timete
717 5036 804 5104 qui
859 5049 1023 5101 potest
1100 5038 1335 5097 animam
1399 5048 1445 5091 et
1493 5053 1680 5105 corpus
1728 5039 1942 5103 perdere
1994 5039 2048 5089 in

468 5127 756 5193 gehennam
788 5138 834 5181 η.
895 5130 1140 5199 Simplex
1192 5131 1354 5199 igitur
1408 5130 1555 5184 solus
1584 5139 1669 5183 est
1718 5129 1861 5183 Deus
1890 5140 2050 5197 atque

471 5220 1000 5291 incircumscriptus.
1035 5225 1206 5277 Omne
1241 5224 1384 5276 enim
1402 5224 1549 5292 quod
1581 5224 2051 5277 circumscribitur

469 5312 698 5381 simplex
730 5329 835 5368 non
868 5327 974 5375 est,
1008 5315 1189 5367 omnia
1221 5316 1364 5368 enim
1395 5324 1590 5383 prreter
1621 5317 1788 5369 Deum
1840 5330 2053 5383 compo-

2154 4640 2356 4736 νοητὴν
2400 4658 2901 4732 δημιουργηθεῖσαν
2934 4658 2997 4709 ἐκ
3044 4655 3410 4726 παραϐάσεως
3449 4649 3608 4736 ῐσμενγ
3632 4640 3711 4693 θει-

2155 4735 2300 4826 νάτῳ
2339 4751 2803 4824 παραδεδομένην,
2845 4751 2893 4801 εἰ
2941 4748 3035 4801 καὶ
3080 4746 3153 4817 μὴ
3195 4742 3456 4814 αἰσθητῷ,
3502 4735 3624 4792 ἀλλὰ
3658 4744 3710 4797 γε

2157 4849 2239 4921 (τὸ
2264 4845 2665 4917 χαλεπώτερον)
2688 4841 2884 4919 νοητῷ.
2918 4841 2982 4893 Ἡ
3007 4838 3252 4908 ἁμαρτία
3274 4836 3381 4904 γὰρ
3400 4830 3561 4922 αὐτῆς
3585 4828 3707 4922 ἐστιν

2156 4943 2183 4992 ὁ
2208 4938 2457 5001 θάνατος,
2486 4935 2562 4996 ὡς
2590 4933 2812 4987 κόλασιν
2847 4932 2985 5001 αὐτῇ
3032 4929 3128 4983 καὶ
3174 4927 3379 4997 φθορὰν
3410 4920 3708 5001 προξενοῦσα

2157 4995 2454 5099 ἄφθαρτονί
2468 5023 2771 5092 Φοϐήθητε
2790 5023 2918 5092 γὰρ,
3015 5020 3067 5072 ei.
3084 5019 3150 5082 ⁸ο,
3168 4995 3611 5078 τόνδυνάμενον
3624 4995 3708 5099 ttth

2159 5088 2273 5188 tin-
2308 5088 2524 5188 iii-vth
2694 5088 2764 5168 τὸ
2802 5088 2976 5182 eam
2998 5088 3069 5164 ἐν
3100 5109 3314 5178 γεέννῃ
3349 5088 3705 5197 ἀπολέσαινθξ

2171 5214 2404 5276 ’Λπλοῦς
2446 5212 2503 5265 δέ
2543 5212 2701 5278 μόνος
2747 5208 2895 5261 ἐστὶν
2937 5208 2966 5258 6
3007 5204 3160 5267 Θεὸς,
3206 5192 3700 5278 ἀπερίγραπτοςΑΦνς

2161 5312 2269 5363 πᾶν
2299 5271 2406 5377 γὰρ
2434 5306 2494 5357 τὸ
2523 5271 2898 5374 περίγνροιπτον
2919 5300 3018 5368 οὐχ
3052 5294 3277 5350 ἁπλοῦν.
3311 5292 3389 5346 Τὰ
3420 5284 3481 5341 δὲ’
3502 5276 3634 5350 παρὰ
3654 5271 3704 5324 τὸ

546 5426 754 5501 8Hebr.
789 5445 885 5483 vn.
916 5432 968 5483 5.
1033 5431 1061 5469 ιι
1086 5431 1184 5486 lsa.
1213 5449 1328 5496 LIII,
1355 5434 1405 5485 8.
1466 5434 1687 5489 'Matth.
1731 5452 1769 5501 ι,
1798 5435 1848 5488 1.
1912 5434 2115 5486 iMarc.
2150 5447 2268 5496 xm,
2313 5429 2401 5483 '52.
2482 5429 2505 5465 ι(
2531 5426 2685 5480 Joan.
2715 5438 2809 5489 vu,
2842 5422 2894 5477 8.
2974 5415 3339 5482 ‘Joan.v,5l.
3380 5403 3697 5460 “‘JORD.YIII,

475 5496 562 5554 M.
640 5506 667 5534 κ
692 5498 884 5553 Matth.
928 5501 1096 5567 x,20.

1787 5597 2022 5656 VARIIE
2056 5594 2465 5651 LIECTIONES.

543 5692 587 5725 ³³
615 5696 794 5769 6cm.
828 5710 908 5769 pr.
934 5693 998 5749 A.
1048 5768 1051 5769 ν
1078 5696 1240 5769 “qui
1275 5696 1457 5769 ἄνθρ.]
1484 5698 1587 5752 lsa.
1614 5714 1666 5764 ν,
1820 5696 1871 5769 fi
1904 5693 2334 5769 [3£6).o;]_1_\latth_.
2370 5712 2408 5769 ι,
2446 5693 2494 5746 1.
2575 5690 2693 5769 {me
2727 5684 2946 5769 EI'FYGJJ,
2968 5685 3211 5769 {mw-“‘1:
3241 5680 3327 5769 δι’
3358 5673 3446 5769 ε,ξῦ
3477 5659 3694 5769 είιιίδὲξξὲξ

474 5776 593 5841 ξἰῐι,
619 5764 702 5841 id.
752 5764 793 5794 ³⁷
814 5765 973 5841 ,θείαν
996 5767 1159 5822 αὑτοῦ
1182 5767 1221 5820 Α
1254 5787 1263 5822 :
1298 5764 1535 5838 ἐμαυτοῦ
1574 5786 1634 5831 ς.

477 5833 626 5886 "aint
655 5836 712 5886 ἐν
737 5835 924 5905 γεέννῃ
951 5851 1006 5899 ς,

1714 5768 1756 5798 ³³
1792 5752 1944 5829 οὗτος
1981 5785 2039 5830 ς.
2065 5752 2162 5806 ’Ῠδθ
2196 5765 2332 5834 μετὰ
2356 5752 2405 5819 ιι
2435 5779 2445 5815 :
2479 5759 2695 5823 κατᾶςκ
2772 5759 2817 5790 ⁸⁸
2844 5752 2994 5825 φοὸ.]
3045 5752 3230 5808 Matth.
3270 5768 3323 5813 ι,

3358 5744 3441 5800 23.
3515 5728 3552 5766 τ’
3584 5728 3695 5780 ἀπο·
