4004 6460
365 337 476 457 τε

1438 391 1964 456 BIBLIOTHECA.
1986 420 2055 429 --
2076 393 2237 455 COD.
2273 395 2566 456 CCXXIX.

3536 398 3642 463 986

368 503 524 556 Θεῖον
564 502 740 555 πάντα
789 501 1036 556 σύνθετα.
1079 501 1202 555 ’Ότι
1243 498 1300 554 δὲ
1326 500 1387 554 τὸ
1432 500 1685 554 σύνθετον
1729 502 1930 556 δύνατα

2053 501 2159 557 sita
2179 510 2332 567 sunt,
2351 503 2479 572 quia
2497 500 2855 572 compositum
2875 509 3054 572 potest
3069 501 3439 561 etimmortale
3457 505 3570 562 ﬁeri
3585 517 3637 563 et

369 594 469 648 καὶ
526 595 789 647 ἀθάνατον
845 595 1062 662 μεῖναι,
1128 590 1465 663 μαρτυροῦσι
1525 592 1624 662 μὲν
1673 593 1740 645 τὰ
1792 593 1954 664 νοερὰ

367 685 628 754 τάγματα
673 683 768 737 καὶ
807 682 841 753 ἡ
886 683 1052 755 ψυχὴ,
1103 686 1374 754 μαρτυρεί
1417 683 1476 738 δὲ
1530 683 1730 753 μᾶλλον
1776 685 1868 738 καὶ
1917 687 1951 756 ἡ

366 776 685 843 ἀνάστασις,
717 777 775 829 ὲν
870 774 1126 837 σύνθετος
1160 773 1189 826 6
1221 772 1506 843 ἄνθρωπος
1547 774 1698 827 οὐδὲν
1727 769 1950 846 ἦττονῆ

365 869 672 937 πρότερον,
714 867 1073 938 ἀνιστάμενος
1117 866 1197 929 είς
1231 864 1563 931 ἀθανασίαν,
1609 867 1746 935 μετά
1775 867 1953 938 ψυχῆς

364 960 464 1013 καὶ
497 959 748 1028 σώματος
775 959 1085 1014 ἀνίσταται·
1109 957 1210 1011 Δεῖ
1232 957 1277 989 ⁸²
1301 957 1409 1026 γὰρ
1433 957 1496 1011 τὸ
1526 957 1750 1026 θνητὸν
1776 958 1952 1014 τοῦτο

363 1049 738 1104 ἐνδύσασθαι
777 1049 1138 1112 ἀθανασίαν,
1169 1049 1272 1104 καὶ
1293 1049 1358 1102 τὸ
1381 1048 1642 1118 φθαρτὸν
1666 1050 1841 1104 τοῦτο
1856 1050 1952 1104 ἐν-

363 1142 669 1197 δύσασθαι
703 1142 1066 1210 ἀφθαρσίαν.
1086 1141 1197 1194 Καὶ
1218 1139 1318 1193 οὐκ
1337 1139 1403 1193 ἄν
1435 1157 1515 1202 τις
1541 1140 1685 1193 εἴποι
1707 1141 1766 1194 τὺ
1791 1141 1952 1212 σῶμα

365 1235 488 1288 τότε
506 1237 586 1299 είς
625 1236 725 1306 τὴν
760 1236 946 1290 οὐσίαν
978 1235 1302 1305 μεταϐαλεῖν
1329 1234 1376 1265 ⁸³
1402 1234 1498 1304 τῆς
1517 1233 1717 1304 ψυχῆς·
1747 1236 1797 1287 εἰ
1841 1235 1949 1308 γάρ

363 1327 462 1378 καὶ
475 1325 806 1396 λεπτότερον
837 1325 932 1380 καὶ
961 1325 1346 1396 διαυγέστερον
1377 1325 1606 1392 γίνεται,
1628 1324 1744 1376 ἀλλ’
1771 1321 1949 1380 οὖντά

362 1415 667 1486 ἰνδάλματα
701 1415 864 1482 σώζει
881 1417 974 1470 τοῦ
995 1414 1267 1487 σώματος,
1295 1416 1393 1470 καὶ
1415 1415 1707 1485 ἄνθρωπός
1725 1417 1864 1482 ἐστι,
1882 1418 1950 1470 τά

356 1502 650 1572 ἀνθρώπου
683 1504 865 1576 φέρων
890 1504 1276 1575 γνωρίσματα..
1291 1504 1645 1575 Μαρτυρεῖδὲ
1668 1507 1780 1569 τοῖς
1799 1506 1950 1577 εἰρη-

358 1593 544 1661 μένοις
577 1593 750 1664 Ἑνὼχ
801 1595 896 1648 καὶ
940 1595 1126 1659 Ἠλίας
1182 1596 1276 1650 καὶ
1331 1599 1358 1649 6
1407 1597 1505 1666 τῆς
1551 1595 1779 1668 βροντῆς
1837 1599 1949 1662 υἱὸς

369 1682 641 1757 Ἰωάννης,
672 1686 754 1740 ἔτι
781 1689 1064 1758 περιόντες
1092 1691 1149 1740 ἐν
1178 1687 1256 1758 τῷ
1291 1687 1524 1758 σώματι·
1563 1690 1654 1741 καὶ
1686 1690 1794 1759 γὰρ
1825 1689 1949 1742 τού-

351 1791 482 1838 τους
520 1777 595 1838 ὡς
625 1779 881 1849 ἀπαρχὴν
927 1777 1022 1831 τοῦ
1068 1777 1189 1830 ὅλου
1225 1779 1544 1849 φυράματος
1578 1778 1736 1849 ἡμῶν
1785 1779 1813 1832 ὁ
1838 1781 1948 1848 Δη-

2053 593 2230 662 angeli
2264 595 2316 649 id
2342 603 2608 650 testantur
2625 594 2892 658 etanima,
2923 594 3154 663 amplius
3167 609 3297 649 vero
3320 595 3641 652 testiﬁcatur

2055 686 2106 740 id
2125 687 2468 747 resurrectio,
2484 701 2588 756 qua
2605 699 2708 740 non
2731 686 2906 740 minus
2926 696 3088 755 atque
3108 687 3282 757 primo
3303 692 3638 757 compositus

2054 777 2215 832 homo
2239 778 2305 833 ad
2331 778 2796 833 immortalitatem
2809 792 3098 847 resurgens
3115 781 3332 835 exsistit
3348 795 3574 849 corpore
3586 791 3639 836 et

2053 871 2234 927 animo
2266 873 2544 941 praeditus.
2575 869 2789 939 Oportet
2818 871 2952 926 enim
2971 872 3306 939 corruptibile
3335 873 3431 927 hoc
3452 875 3637 927 indue-

2053 978 2108 1018 re
2137 963 2622 1032 incorruptionem:
2661 972 2708 1017 et
2746 962 2964 1016 mortale
3015 961 3110 1014 hoc
3157 963 3373 1017 induere
3419 965 3636 1018 immor-

2053 1052 2309 1108 talitatem
2338 1068 2381 1103 δ.
2439 1053 2509 1107 Ει
2562 1066 2629 1108 ne
2674 1052 2874 1107 dixerit
2924 1052 3142 1120 aliquis,
3191 1066 3387 1122 corpus
3421 1061 3549 1108 tunc
3579 1054 3632 1108 in

2052 1143 2245 1196 anima:
2308 1143 2672 1198 conditionem
2719 1143 2971 1212 migrare.
3012 1141 3067 1197 Si
3121 1143 3266 1198 enim
3324 1145 3539 1199 tenuius
3574 1145 3635 1199 ﬁt

2051 1246 2217 1306 atque
2267 1236 2573 1305 angustius,
2627 1235 2722 1290 sed
2746 1233 2993 1302 corporis
3042 1233 3278 1304 speciem
3327 1243 3530 1302 servat,
3579 1245 3635 1289 et

2050 1325 2216 1380 homo
2269 1334 2353 1380 est
2409 1324 2647 1379 hominis
2697 1323 2901 1378 habens
2929 1322 3191 1391 insignia.
3262 1320 3520 1378 Testatur
3579 1322 3634 1377 id

2049 1415 2260 1480 Enoch,
2292 1414 2463 1482 Elius,
2521 1423 2576 1469 et
2603 1413 2844 1470 Joannes
2899 1412 3120 1467 tooitrui
3173 1412 3334 1478 ﬁlius,
3366 1413 3542 1468 adhuc
3579 1412 3633 1467 in

2052 1522 2281 1578 corpore
2312 1516 2557 1576 agentes.
2592 1506 2704 1562 llos
2729 1507 2873 1560 enim
2907 1515 2959 1561 et
2991 1505 3140 1559 initia
3172 1505 3336 1560 totius
3367 1504 3634 1560 conditio-

2052 1597 2136 1652 nis
2173 1607 2369 1652 nostra:
2393 1597 2654 1651 Conditor
2685 1597 2986 1666 abripiens,
3007 1595 3259 1652 omnibus
3288 1596 3547 1658 ostendit,
3573 1603 3634 1649 ut

2054 1690 2157 1745 nisi
2186 1690 2357 1743 Adam
2401 1689 2759 1758 peccavisset,
2810 1689 2988 1742 adhuc
3041 1687 3267 1752 viveret,
3332 1686 3434 1741 nisi
3488 1687 3631 1756 quod

2054 1781 2272 1852 longam
2303 1783 2468 1836 vitam
2519 1792 2742 1851 agentes
2767 1789 2984 1850 gustant
3041 1779 3331 1848 aliquando
3379 1788 3646 1841 mortem,

355 1868 619 1937 μιουργὸς
665 1868 846 1921 λαϐὼν
892 1868 1063 1934 ἔδειξε
1113 1870 1279 1922 πᾶσιν
1318 1869 1392 1932 ὡς
1433 1871 1482 1922 εἰ
1530 1870 1604 1940 μὴ
1635 1870 1882 1941 ἥμαρτεν
1923 1872 1936 1923 ί

2053 1875 2272 1930 etiamsi
2325 1875 2376 1926 in
2412 1883 2688 1927 momento
2717 1871 2882 1928 oculi.
2922 1872 3055 1925 \‘ide
3089 1885 3276 1925 eorum
3311 1870 3493 1935 ﬁdem,
3521 1880 3573 1924 et
3601 1885 3634 1924 e

366 1957 557 2028 ’Δδάμ,
589 1957 670 2011 ἔτι
704 1958 772 2012 ἂν
804 1961 998 2029 περιῆν
1037 1961 1172 2030 μετὰ
1215 1959 1310 2012 τοῦ
1349 1960 1622 2030 σώματος.
1667 1961 1810 2032 Πλὴν
1847 1961 1942 2014 καὶ

348 2042 498 2101 οὗτοι
556 2049 910 2121 πολυχρόνιον
977 2050 1093 2120 βίον
1152 2050 1408 2114 ἀνύοντες
1463 2050 1750 2119 γεύσονταί
1809 2068 1941 2104 ποτε

349 2141 604 2210 θανάτου,
636 2145 742 2198 κᾶν
776 2147 832 2199 ὲν
857 2147 990 2216 ῥιπῇ
1022 2145 1324 2214 ὀφθαλμοῦ.
1357 2146 1498 2215 Ὅρα
1527 2146 1584 2198 δὲ
1610 2149 1709 2217 τὴν
1735 2147 1801 2201 δι’
1843 2149 1940 2200 αὐ-

346 2233 460 2285 τῶν
491 2234 691 2298 πίςτιν,
733 2236 810 2299 ὡς
844 2238 908 2289 ἐκ
946 2237 1054 2291 τῶν
1082 2236 1250 2308 τριῶν
1284 2235 1587 2307 προάγεται
1617 2237 1839 2306 γενεῶν,
1874 2239 1938 2291 ὲκ

2051 1966 2226 2020 tribus
2289 1963 2491 2035 254a
2561 1963 3003 2032 generationibus
3069 1963 3428 2023 adducantur,
3506 1973 3634 2017 ante

2050 2058 2222 2130 legem
2247 2058 2411 2112 latam
2457 2056 2558 2109 fuit
2585 2055 2793 2116 Enoclt,
2832 2066 2951 2124 post
2983 2055 3152 2122 legem
3188 2055 3355 2118 Elius,
3391 2063 3634 2123 tempore

2047 2150 2238 2220 gratias
2267 2150 2432 2204 decus
2464 2147 2869 2217 discipulorum.
2902 2147 3081 2212 Quare
3105 2147 3148 2200 si
3173 2147 3342 2198 Adam
3376 2162 3478 2200 non
3508 2161 3633 2216 pec-

2047 2249 2245 2308 casset,
2283 2255 2402 2294 cum
2440 2241 2521 2294 his
2583 2238 3013 2308 incorruptibilis
3049 2237 3292 2292 vixisset.

347 2330 452 2399 μὲν
475 2332 579 2383 τῶν
603 2332 708 2404 πρὸ
736 2333 902 2403 νόμου
933 2333 1230 2405 ληφθέντος
1265 2333 1358 2388 τοῦ
1402 2333 1596 2406 Ἑνὼχ,
1631 2336 1694 2388 ὲκ
1726 2335 1782 2387 δὲ
1815 2335 1920 2388 τῶν
1953 2337 2091 2406 μετά
2115 2337 2208 2390 τὸν
2232 2337 2393 2408 νόμον
2425 2335 2520 2389 τοῦ
2563 2335 2738 2400 Ἠλία,
2763 2336 2828 2388 ἐκ
2855 2333 2911 2387 δὲ
2935 2333 3040 2387 τῶν
3071 2333 3209 2403 μετὰ
3235 2331 3333 2404 τὴν
3355 2332 3517 2404 χάριν
3535 2329 3630 2385 τοῦ

343 2424 664 2496 ἐπιστηθίου
681 2425 788 2478 τῶν
817 2427 1092 2497 μαθητῶν.
1118 2429 1325 2484 Οὐκοῦν
1357 2430 1450 2484 καὶ
1475 2429 1502 2481 ὁ
1545 2430 1738 2499 Ἀδάμ,
1774 2432 1822 2484 εί
1850 2429 1948 2500 τὴν
1997 2429 2216 2498 ἐντολὴν
2247 2429 2536 2497 ἐφύλαττε,
2566 2426 2778 2490 τούτοις
2821 2425 2887 2481 ἂν
2916 2425 3256 2488 άδιστάκτως
3293 2425 3632 2496 συμπεριῆνο

419 2520 544 2572 Ὅτι
597 2520 652 2572 δὲ
707 2520 986 2589 περίεστιν
1037 2523 1065 2574 6
1121 2522 1390 2593 παρθένος
1455 2522 1708 2592 Ἰωάννης
1739 2563 1754 2587 ,
1802 2522 1938 2591 ὅπερ

2109 2519 2387 2592 Virginem
2454 2528 2674 2584 autem,
2723 2516 2986 2572 Joannem
3053 2517 3134 2572 sic
3193 2526 3500 2586 superesse,
3570 2527 3633 2572 ut

339 2611 640 2682 ἐζήτησας,
673 2609 863 2681 ὥσπερ
891 2611 983 2664 τὸν
1023 2611 1192 2683 Ἑνὼχ
1226 2612 1351 2684 [418
1379 2611 1468 2683 11.]
1498 2613 1591 2666 καὶ
1622 2613 1712 2666 τὸν
1755 2612 1936 2667 Ἠλίαν

2043 2613 2346 2685 postulasti,
2377 2622 2428 2668 et
2464 2612 2646 2668 Enoch
2695 2621 2750 2666 et
2793 2611 2986 2675 Elian),
3017 2610 3310 2666 traditione
3341 2610 3624 2677 habemus,

341 2703 646 2773 παράδοσις
695 2705 985 2773 μαρτυρεῖ,
1030 2702 1172 2756 οὓτω
1217 2705 1312 2756 καὶ
1354 2703 1564 2757 τοῦτον.
1619 2703 1729 2757 Καὶ
1774 2703 1834 2755 τὺ
1878 2705 1935 2756 ἐν

339 2795 455 2856 τοῖς
485 2792 842 2861 Εὑαγγελίοις
887 2793 946 2845 δὲ
999 2795 1290 2864 εἰρημένον
1333 2798 1412 2859 εἰς
1451 2795 1543 2848 τὸν
1582 2784 1744 2848 αὐτὸν
1790 2797 1935 2865 ἡμᾶς

340 2884 468 2939 νοῦν
497 2886 668 2938 ἕλκει.
717 2882 852 2938 Εἷπε
891 2886 988 2956 μὲν
1017 2887 1126 2958 γὰρ
1157 2889 1185 2940 6
1216 2888 1454 2957 Χριστὸς
1483 2887 1576 2941 τὸν
1601 2888 1805 2958 τρόπον
1837 2887 1930 2942 τοῦ

342 2975 618 3039 θανάτου,
675 2975 734 3029 ὃν
782 2975 1006 3045 ἔμελλεν
1062 2977 1202 3046 ὑπὲρ
1257 2977 1423 3030 αὐτοῦ
1486 2977 1850 3048 ἀποθνήσκειν
1905 2980 1932 3031 ὁ

340 3067 567 3138 Πέτρος·
606 3069 634 3120 6
673 3067 732 3120 δὲ
785 3068 991 3138 Πέτρος
1038 3069 1129 3121 τὸν
1170 3072 1367 3123 οἰκεῖον
1424 3069 1653 3123 θάνατον
1693 3069 1963 3132 ἀκούσας’

339 3159 503 3221 εὐθὺς
560 3160 816 3229 ἐπερωτᾷ
880 3159 1009 3229 περὶ
1065 3161 1160 3212 τοῦ
1222 3159 1610 3228 εὐαγγελιστοῦ
1661 3162 1930 3224 Ἰωάννου,

336 3247 498 3316 δῆλον
542 3247 796 3301 κάκείνου
838 3249 936 3302 οὐκ
975 3249 1103 3302 ἄλλο
1143 3267 1194 3302 τι
1233 3249 1346 3302 ἀλλ’
1391 3249 1423 3318 ἢ
1464 3251 1553 3303 τὸν
1592 3251 1791 3319 τρόπον
1839 3250 1932 3304 τοῦ

2038 2714 2094 2760 et
2126 2705 2270 2773 quod
2301 2704 2356 2758 in
2391 2702 2684 2774 Evangelio
2711 2704 2962 2766 habetur,
3001 2703 3052 2756 in
3095 2703 3239 2758 hunc
3267 2717 3484 2756 sensum
3521 2713 3632 2756 tra-

2035 2797 2202 2850 hitur.
2257 2795 2403 2849 Dixit
2445 2795 2700 2850 Christus
2761 2812 2865 2865 qua
2923 2805 3096 2849 morte
3153 2807 3296 2850 esset
3334 2796 3630 2851 moriturus

2034 2881 2256 2950 Petrus,
2290 2894 2345 2940 et
2376 2883 2714 2952 interrogans
2755 2884 2836 2937 his
2867 2884 3067 2938 auditis
3102 2885 3166 2938 de
3201 2882 3408 2938 Joanne
3448 2886 3630 2940 Evan-

2032 2975 2248 3045 gelista.
2296 2974 2454 3030 Patet
2505 2973 2684 3043 itaque
2761 2975 2904 3028 hunc
2959 2974 3090 3028 nihil
3149 2975 3290 3028 aliud
3350 2990 3510 3041 quam
3563 2976 3632 3030 de

2035 3077 2206 3120 morte
2267 3066 2408 3122 illius
2447 3069 2726 3136 qnazsisse.
2809 3065 2911 3121 Hic
2985 3078 3154 3120 autem
3208 3067 3434 3138 qnidP?
3488 3065 3632 3124 Nihil

2036 3159 2179 3212 aliud
2206 3161 2270 3213 de
2318 3160 2435 3228 ipso
2461 3175 2524 3215 ex
2580 3159 2860 3214 Salvatore
2915 3160 3142 3225 audivit,
3186 3159 3290 3212 alio
3325 3161 3633 3227 responsio-

2037 3263 2159 3302 nem
2197 3289 2212 3314 ,
2247 3248 2494 3311 detorsit,
2544 3258 2800 3318 tanquam
2843 3249 3151 3318 despiciens
3205 3259 3259 3302 et
3299 3249 3449 3301 nihili
3510 3264 3630 3301 eam

337 3337 573 3392 θανάτου
607 3338 771 3392 αὐτοῦ
803 3339 994 3410 μαθεῖν
1020 3340 1317 3410 ἐπιζητῶν,
1357 3337 1546 3407 Οὗτος
1575 3342 1642 3394 δὲ
1673 3341 1716 3372 ⁸³
1746 3343 1840 3407 τί;
1869 3343 1929 3396 οὐ

2043 3338 2246 3395 faciens
2291 3339 2529 3396 doctoris
2560 3341 2626 3394 de
2653 3315 2778 3409 ipso
2815 3315 3150 3410 prophetiam
3193 3359 3206 3394 :
3249 3352 3302 3394 et
3341 3340 3483 3394 Petri
3539 3339 3622 3394 in-

335 3429 448 3496 γάρ
477 3428 605 3482 ἄλλο
651 3429 748 3498 μὲν
789 3430 952 3498 ἤκουε
986 3429 1138 3500 παρὰ
1169 3431 1262 3484 τοῦ
1297 3431 1549 3501 Σωτῆρος
1579 3433 1708 3502 περὶ
1741 3432 1930 3494 αὐτοῦ,

333 3523 418 3577 εἰς
461 3519 590 3572 ἀλλο
620 3519 676 3572 δέ
711 3537 763 3571 τι
805 3522 1166 3575 ἀνακόλουθον
1213 3522 1311 3593 τὴν
1358 3521 1628 3593 ἐρώτησιν
1672 3523 1927 3592 μετῆγεν,

336 3608 470 3680 [800
492 3609 584 3681 IL]
609 3610 797 3680 ὥσπερ
822 3613 1077 3682 παρορῶν
1094 3614 1188 3666 καὶ
1209 3613 1361 3683 παρὰ
1384 3614 1587 3682 φαῦλον
1608 3614 1932 3680 ποιούμενος

330 3699 435 3767 τὴν
469 3700 562 3752 τοῦ
597 3700 917 3754 διδασκάλου
959 3703 1088 3771 περὶ
1128 3704 1292 3756 αὐτοῦ
1338 3704 1696 3780 προφητείαν.
1733 3704 1844 3774 Τῆς
1874 3704 1930 3757 δὲ

330 3790 428 3842 τοῦ
463 3792 666 3861 Πέτρου
703 3793 1023 3863 ἐρωτήσεως
1055 3796 1183 3864 περὶ
1211 3794 1304 3847 τοῦ
1339 3794 1592 3860 θανάτου,
1622 3795 1680 3848 ὂν
1707 3793 1930 3865 ἔμελλεν

330 3883 705 3950 ἀποθνήσκειν
749 3885 792 3915 ⁵⁵
836 3888 863 3937 6
903 3886 1178 3957 Ἰωάννης,
1233 3888 1642 3954 ἐπερωτῶντος,
1694 3890 1788 3941 καὶ
1834 3889 1928 3943 τοῦ

330 3974 589 4045 Σωτῆρος
637 3976 882 4039 εἰπόντος
933 3977 1078 4031 Ἐὰν
1130 3978 1317 4031 αὐτὸν
1361 3981 1512 4032 θέλω
1563 3980 1770 4048 μένειν
1817 3979 1930 4046 ἓως

327 4064 604 4134 ἔρχομαι,
647 4067 704 4120 τί
745 4068 896 4134 πρὸς
939 4068 1050 4133 σέ;
1107 4069 1229 4132 Πῶς
1285 4069 1408 4138 οὐχὶ
1458 4069 1556 4139 τὴν
1617 4071 1779 4142 μέχρι
1829 4072 1929 4141 τῆς

329 4159 639 4227 παρουσίας
684 4160 848 4212 αὐτοῦ
883 4161 1148 4230 διαμονὴν
1189 4164 1222 4232 ή
1255 4163 1484 4234 ἀλήθεια
1519 4164 1811 4234 προλέγει;
1844 4164 1925 4217 διδ

328 4245 430 4298 καὶ
460 4247 487 4297 ὁ
514 4247 570 4300 ἐν
599 4247 776 4316 ἁγίοις
809 4250 1077 4320 Κύριλ).ος
1107 4251 1166 4304 τὸ
1205 4253 1534 4307 Ἀκολούθει
1555 4272 1656 4322 μοι
1681 4256 1809 4324 περὶ
1833 4255 1924 4308 τοῦ

329 4337 568 4391 θανάτου
620 4341 715 4392 τοῦ
777 4341 933 4408 ἁγίου
989 4343 1199 4412 Πέτρου
1258 4343 1511 4412 εἰρῆσθαι
1572 4343 1651 4412 τῷ
1711 4344 1926 4414 Σωτῆρι

325 4427 633 4499 ἐκδέχεται.
677 4431 750 4484 Τὸ
775 4433 851 4499 δὲ,
893 4435 975 4487 ὅτι
1015 4433 1312 4504 Ἐξῆλθεν
1344 4437 1376 4488 ό
1407 4435 1590 4504 λόγος
1626 4429 1802 4502 οὗτος
1840 4440 1925 4503 εὶς

329 4519 478 4584 τοὺς
511 4522 805 4591 μαθητὰς,
853 4524 943 4578 ὅτι
983 4527 1016 4578 ό
1044 4525 1321 4594 μαθητὴς
1359 4525 1588 4591 ἐκεῖνος
1628 4527 1739 4580 οὐκ
1781 4528 1926 4581 ἁπο-

328 4610 584 4677 θνήσκει
615 4613 804 4667 καὶτὰ
840 4613 967 4684 ἑξῆς
1006 4617 1066 4668 οὑ
1100 4617 1261 4685 μόνον
1301 4616 1453 4670 οὐδὲν
1487 4616 1741 4686 μάχεται,
1787 4618 1924 4670 ἀλλά

325 4702 431 4756 καὶ
487 4705 720 4774 συνᾴδει.
777 4707 850 4759 Οὐ
901 4709 1009 4777 γάρ
1058 4727 1140 4770 τις
1193 4709 1358 4762 αὐτὸν
1405 4709 1674 4763 ἀθάνατον
1710 4709 1754 4740 ⁸⁸
1785 4706 1925 4763 εἷναί

332 4810 522 4864 φησιν,
563 4796 702 4850 ἀλλὰ
737 4797 1015 4868 διαμένειν
1050 4801 1187 4868 μετὰ
1215 4800 1390 4872 Ἑνὼχ
1434 4802 1527 4855 καὶ
1560 4801 1718 4854 Ἠλία
1762 4802 1922 4873 μέχρι

325 4887 431 4955 τῆς
490 4885 749 4959 δευτέρας
811 4890 904 4944 τοῦ
969 4891 1240 4944 Δεσπὸτου
1299 4894 1622 4964 παρουσίας·
1680 4893 1707 4946 ὃ
1761 4895 1854 4947 καὶ
1900 4897 1928 4948 6

332 4976 589 5049 μαθητὴς
619 4981 778 5044 αὐτὸς
807 4981 1042 5052 βεϐαιῶν
1068 5001 1250 5054 φησιν,
1281 4985 1364 5038 ὅτι
1383 4987 1504 5039 Οὐκ
1532 4983 1663 5039 εἶπε
1687 4985 1754 5038 δὲ
1770 4985 1928 5050 αὐτῷ

325 5069 363 5122 ό
407 5069 639 5136 Ἰησοῦς
685 5071 774 5124 ὅτι
815 5075 926 5127 οὐκ
968 5073 1362 5140 ἀποθνήσκει,
1407 5075 1544 5130 ἀλλ’
1592 5077 1700 5130 ἐὰν
1741 5076 1928 5130 αὐτὸν

327 5156 485 5210 θέλω
513 5163 723 5228 μένειν
753 5161 863 5228 ἕως
889 5164 1156 5232 ἔρχομαι,
1199 5165 1256 5218 τί
1287 5169 1435 5232 πρὸς
1469 5165 1575 5228 σέ;
1605 5166 1716 5219 Καὶ
1757 5177 1924 5235 φανε-

328 5245 428 5316 ρὸν
451 5247 620 5304 ὅτιτὸ
653 5250 752 5319 μὲν
785 5251 1053 5306 ἀθάνατον
1079 5251 1218 5307 εἶναι
1243 5256 1528 5325 ἀνέτρεψε,
1563 5257 1620 5308 τὸ
1654 5257 1710 5308 δὲ
1743 5257 1924 5327 μένειν

327 5335 442 5402 ἓως
487 5340 588 5408 τῆς
633 5346 933 5413 παρουσίας
978 5345 1326 5401 ἐϐεϐαίωσεν.
1371 5349 1433 5400 Ei
1473 5347 1528 5400 δὲ
1567 5349 1595 5401 6
1641 5349 1928 5419 Παμφίλου

331 5429 614 5501 Εὐσέϐιος,
659 5433 760 5506 τὴν
799 5436 1323 5504 ἐκκλησιαστικὴν
1359 5438 1585 5506 γράφων
1629 5437 1924 5506 Ἱστορίαν

402 5553 426 5576 ο
462 5539 630 5597 ICor.
665 5559 754 5609 xv,
777 5543 865 5599 55.
944 5553 970 5593 Ρ
998 5544 1151 5599 Joan.
1183 5561 1294 5610 xxI,
1317 5545 1407 5599 El.

1957 4663 2001 4718 Ι)

2044 3433 2407 3501 terrogatioue
2471 3434 2536 3486 de
2594 3444 2767 3486 morte
2834 3434 3225 3500 interrOgantis
3283 3449 3351 3486 an
3392 3431 3631 3487 Joannes

2039 3535 2183 3577 eSsct
2217 3525 2540 3578 moriturus:
2597 3532 2650 3578 et
2701 3524 3060 3594 reSpondeute
3109 3524 3369 3577 Domino:
3407 3522 3465 3578 Si
3511 3539 3629 3575 eum

2041 3615 2154 3667 volo
2181 3630 2390 3668 manere
2417 3615 2581 3669 donec
2613 3615 2812 3668 veniam
2844 3614 2989 3682 quid
3034 3615 3102 3668 ad
3134 3623 3180 3667 te
3207 3614 3279 3666 t1?
3351 3614 3632 3678 Quomodo

2041 3721 2145 3760 non
2188 3707 2333 3759 illum
2390 3721 2708 3776 mansurum
2761 3706 2814 3759 in
2853 3706 2994 3758 hunc
3033 3720 3206 3774 usque
3247 3705 3390 3760 diem
3429 3705 3631 3758 veritas

2039 3799 2302 3868 prmdicit.
2339 3795 2702 3864 Quamobrem
2743 3796 2931 3850 beatus
2957 3795 3194 3866 Cyrillus
3227 3795 3354 3848 illud
3386 3811 3398 3846 :
3435 3793 3632 3864 Seque-

2038 3905 2093 3944 re
2132 3905 2232 3949 me.
2303 3888 2369 3942 de
2404 3896 2575 3942 morte
2604 3885 2749 3940 Petri
2809 3887 3010 3941 dixisse
3071 3887 3348 3940 Christum
3401 3887 3624 3955 accipit.

2038 3978 2168 4032 illud
2200 3988 2416 4032 autem:
2483 3976 2657 4031 Exivit
2707 3994 2878 4030 sermo
2945 3977 3032 4030 ille
3072 3979 3208 4029 inter
3263 3976 3455 4044 fratres
3503 3981 3631 4045 quia

2036 4070 2328 4140 discipulus
2354 4071 2463 4139 ipse
2517 4087 2620 4122 non
2661 4071 2888 4121 moritur
2929 4079 2971 4133 ι’,
3010 4079 3062 4121 ct
3107 4085 3226 4137 qua:
3289 4078 3626 4139 sequuntur;

2037 4177 2143 4216 non
2173 4161 2332 4215 modo
2360 4159 2493 4213 nihil
2519 4170 2743 4230 pugnat,
2793 4161 2886 4213 sed
2916 4167 2970 4214 et
3005 4169 3310 4214 consonat:
3345 4174 3450 4213 non
3481 4159 3627 4214 enim

2036 4251 2556 4324 quisimmortalem
2617 4251 2838 4316 dixerit,
2880 4250 2974 4305 sed
3008 4265 3232 4305 manere
3279 4265 3401 4304 cum
3438 4250 3624 4306 Enoclt

2034 4355 2088 4398 et
2145 4343 2284 4410 Elia,
2325 4358 2508 4413 usque
2581 4343 2646 4396 ad
2695 4343 2992 4396 secundum
3053 4341 3261 4396 Domini
3311 4343 3626 4406 adventum,

2033 4433 2176 4504 quod
2215 4444 2270 4489 et
2314 4433 2612 4502 discipulus
2658 4433 2758 4486 iste
2793 4431 3077 4486 conﬁrmat
3121 4431 3233 4484 :It't
3278 4449 3380 4484 non
3405 4434 3540 4486 dixit
3574 4435 3623 4486 ei

2031 4525 2208 4591 Jews,
2235 4524 2358 4580 Non
2409 4527 2656 4589 moritur,
2699 4525 2809 4589 sed,
2835 4524 2880 4578 si
2917 4539 3035 4576 eum
3067 4522 3177 4575 volo
3222 4539 3433 4576 manere
3464 4525 3628 4577 donec

2033 4619 2256 4686 veniam,
2280 4616 2406 4688 quid
2435 4617 2504 4670 ad
2538 4626 2584 4670 te
2620 4627 2641 4654 ³
2675 4616 2697 4669 ?
2749 4624 2805 4670 et
2837 4624 3054 4683 apparet
3076 4612 3220 4682 quod
3259 4614 3623 4670 immortalem

2033 4725 2152 4765 esse
2181 4711 2417 4781 negavit,
2454 4707 2672 4763 Manere
2697 4723 2812 4762 vero
2838 4707 3000 4760 donec
3027 4707 3221 4769 venint,
3254 4707 3622 4762 conﬁrmavit.

2037 4801 2094 4858 Si
2130 4817 2257 4856 vero
2286 4801 2549 4855 Eusebius
2581 4797 2970 4852 Ecclesiastica:
3015 4797 3249 4865 scriptor
3277 4796 3540 4860 Iristorire,
3571 4810 3625 4850 vt

2037 4903 2277 4963 tempora
2313 4893 2506 4963 quibus
2536 4893 2671 4946 vixit
2716 4888 3040 4952 numeravit,
3092 4889 3154 4941 ad
3202 4904 3372 4958 usque
3403 4889 3624 4958 'l‘rajani

2038 4994 2278 5054 tempora
2328 4983 2599 5054 pervenit,
2653 4981 2784 5036 nihil
2842 4979 3115 5051 prohibet,
3175 4979 3393 5033 etiamsi
3447 4981 3616 5036 dicat.

2038 5075 2151 5131 lloc
2186 5076 2560 5145 unusquisque
2592 5083 2766 5128 mente
2798 5074 3082 5142 percipiat,
3119 5080 3376 5141 tanquam
3412 5081 3619 5140 tempo—

2037 5185 2119 5233 ra,
2148 5171 2331 5224 Enoch
2355 5172 2622 5234 ostendat,
2655 5179 2707 5222 et
2727 5179 2857 5238 quot
2886 5183 3058 5222 annos
3087 5167 3286 5222 vixerit
3310 5183 3478 5221 sacra:
3509 5166 3620 5222 Lit-

2037 5269 2168 5318 term
2195 5261 2340 5317 clare
2373 5262 2682 5317 ostendunt.
2721 5260 2828 5315 Sed
2867 5277 2969 5314 non
3027 5269 3310 5328 propterea
3339 5259 3462 5329 quis
3521 5259 3612 5325 ju-

2040 5363 2156 5408 stus
2195 5354 2603 5408 translationem
2637 5368 2758 5409 cum
2790 5367 3015 5419 corpore
3047 5351 3394 5405 inﬁciabitur.
3421 5349 3616 5422 254!)

2035 5441 2171 5499 Huic
2219 5445 2503 5499 sententiae
2543 5442 2898 5500 consentiunt
2955 5441 3196 5496 actiones
3236 5439 3417 5493 dilecti
3449 5437 3615 5493 Joan-

1483 5557 1510 5595 (ι
1542 5546 1671 5600 ibid.
1706 5547 1796 5602 22.
1877 5559 1898 5587 τ
1935 5551 2066 5606 ibid.
2107 5553 2198 5610 25.
2277 5561 2298 5589 ⁸
2328 5555 2457 5610 ibid.

1650 5633 1733 5690 VA
1743 5635 1880 5691 RIA‘J
1915 5637 2314 5696 LECTIONES.

404 5719 587 5808 uisse]
626 5723 641 5776 l
663 5722 786 5780 Cor.
814 5742 903 5794 xv,
946 5728 1036 5783 55.
1078 5774 1084 5781 .
1141 5727 1186 5760 ⁸³
1225 5728 1580 5801 μεταϐάλλειν
1606 5750 1665 5798 ςο

329 5794 426 5850 ὐθ.
455 5794 615 5850 αὐτδν
644 5815 703 5862 ς.

1771 5727 2015 5810 1δοῦπος]
2038 5736 2193 5794 Joan.
2240 5753 2350 5802 xxx,
2387 5735 2473 5794 ‘2l.
2554 5735 2598 5768 ³⁵
2623 5731 2844 5804 ἔμελλεν
2879 5731 3129 5802 Ἰωάννης
3155 5730 3521 5802 ἀποθνήσκειν
3551 5749 3611 5797 ς.
