4004 6470
456 386 562 449 987

1659 386 1925 447 PHOTII
1968 382 2480 446 PATRIARCHJE
2519 372 2655 446 CP.i
3643 388 3731 452 988

462 496 566 559 nis,
606 500 661 548 ct
721 492 851 558 \‘ila,
900 506 1038 561 quas
1082 491 1240 561 pauci
1292 502 1537 549 narrant.
1583 493 1720 550 Cum
1762 495 1823 550 in
1868 493 2053 564 aliquo

2168 494 2257 548 xei
2286 494 2413 557 τοὺς
2456 494 2688 565 χρόνους
2729 489 2917 555 αὐτοῦ,
2961 492 3085 546 καθ’
3121 492 3214 557 οὓς
3266 493 3495 548 ἐϐίωσεν
3526 495 3587 558 ⁸⁷,
3627 500 3730 569 ἀρι.

464 585 604 649 loco,
644 592 699 638 et
721 583 899 647 aiunt,
928 583 1073 639 illius
1107 584 1312 639 monitu
1348 587 1557 655 positus
1587 596 1754 651 esset,
1787 588 2052 656 quaesitus

465 692 588 731 mox
650 677 901 732 inventus
946 692 1052 731 non
1100 684 1204 743 est,
1248 678 1343 733 sed
1397 677 1705 734 diﬂ‘undens
1754 679 2054 732 sanctimo-

462 763 608 817 niam
644 778 675 817 a
725 763 863 831 loco,
917 780 1027 835 quo
1081 764 1234 822 brevi
1284 774 1528 836 tempore
1568 768 1970 836 continebatur,
2022 784 2054 826 a

461 868 569 921 quo
606 862 861 923 tanquam
909 857 1219 914 sanctitatis
1254 857 1403 914 fonte
1468 874 1684 914 sacrum
1716 870 2049 930 unguentum

463 942 764 1000 hausimus.
813 944 947 1001 Illud
1002 963 1133 1004 vero
1183 959 1330 1019 patet
1402 960 1726 1020 prmsentem
1795 952 2054 1020 quaestio-

464 1048 608 1098 nem,
643 1038 893 1104 quamvis
922 1054 950 1091 a
986 1041 1217 1097 veritate
1241 1043 1525 1110 abhorret,
1554 1058 1659 1096 non
1715 1042 1915 1098 aﬂ‘erre
1949 1044 2060 1097 ani-

465 1140 568 1179 ma:
594 1127 936 1195 periculum:
986 1129 1107 1186 lidei
1151 1133 1296 1186 enim
1357 1133 1725 1204 investigatio,
1759 1134 2049 1189 veritatem

465 1218 799 1282 transiliens,
830 1234 1084 1289 magnum
1117 1223 1315 1278 animae
1342 1223 1686 1295 naufragium
1717 1236 1908 1293 creat;
1940 1227 2062 1283 ideo

470 1322 685 1379 quoque
708 1310 791 1363 vel
821 1310 1004 1367 brevis
1033 1314 1261 1382 syllaba,
1304 1331 1421 1384 qua:
1449 1317 1514 1370 ad
1547 1317 1831 1372 veritatem
1868 1319 2059 1374 confe-

469 1408 575 1465 rat,
605 1398 941 1455 defendenda
1004 1410 1126 1469 est;
1170 1406 1400 1472 quaestio
1481 1420 1613 1461 vero
1659 1407 2061 1477 problematum

466 1498 656 1545 contra
695 1492 978 1561 pietatem,
1016 1493 1300 1563 pulcbrmn
1325 1497 1582 1566 quiddam
1606 1507 1711 1566 est,
1743 1500 1789 1555 si
1820 1501 1886 1555 ad
1919 1502 2063 1556 veri-

468 1586 594 1641 tatis
631 1587 793 1642 linem
847 1590 1154 1658 perveniat,
1203 1593 1248 1646 si
1289 1607 1422 1647 vero
1452 1595 1520 1649 ab
1561 1610 1625 1650 ea
1677 1598 1915 1665 aberret,
1955 1612 2061 1653 non

470 1676 756 1743 pulchrum
806 1681 1050 1749 quidem,
1105 1693 1281 1737 tamen
1342 1685 1639 1754 perniciem
1699 1689 1897 1743 anima:
1956 1706 2061 1745 non

2162 589 2404 660 θμητοῦς
2442 588 2617 653 ἔθετο,
2658 587 2755 641 καὶ
2784 588 2861 651 ὡς
2898 587 3060 657 μέχρι
3095 587 3203 640 τῶν
3237 588 3512 657 Τραϊανοῦ
3547 589 3733 658 χρόνων

2160 680 2471 751 διήρκεσεν,
2495 680 2649 733 οὐδὲν
2677 677 3007 749 μαχόμενον,
3033 677 3135 731 κᾶν
3165 677 3316 749 δοκῇ,
3344 678 3517 747 λέγει.
3552 680 3736 735 Ἐκεῖνο

2161 773 2271 845 γὰρ
2326 774 2556 835 ἕκαστος
2608 771 2751 824 κατὰ
2810 770 2936 823 νοῦν
2997 770 3354 839 λαμϐανέτω,
3419 770 3496 833 ὡς
3557 772 3604 823 οἱ
3655 772 3737 826 τοῦ

2174 864 2345 934 Ἑνὼχ
2375 864 2663 933 κατάδηλοι
2704 864 2921 932 χρόνοι,
2954 863 3051 915 καὶ
3096 863 3195 915 ὅσα
3240 862 3331 931 ἔτη
3376 864 3436 915 ὲν
3463 863 3540 934 τῷ
3572 865 3739 936 κόσμῳ

2161 959 2315 1022 ἐϐίω,
2352 957 2539 1026 σαφῶς
2561 975 2575 989 ·
2602 958 2635 1028 ἡ
2666 956 2787 1009 θεία
2819 954 3011 1026 Γραφὴ
3048 956 3416 1026 παραδίδωσιν
3440 972 3454 986 ·
3486 956 3597 1008 ἀλλ’
3624 958 3678 1009 οὐ
3705 958 3739 989 ι’

2158 1048 2247 1101 διὰ
2301 1047 2465 1101 τοῦτο
2523 1047 2621 1117 τὴν
2678 1045 2817 1116 μετά
2874 1044 3130 1115 σώματος
3180 1046 3480 1116 ἀρνήσεταί
3528 1063 3608 1109 τις
3660 1049 3739 1101 τοῦ

2159 1141 2373 1195 δικαίου
2413 1139 2723 1211 μετάθεσιν.
2770 1138 2957 1210 Ταύτῃ
2989 1142 3054 1210 τῇ
3097 1138 3225 1212 δόξῃ
3261 1138 3548 1209 συνᾴδουσι
3582 1141 3666 1191 καὶ
3691 1143 3741 1193 αἱ

2163 1232 2393 1303 πράξεις
2413 1231 2508 1285 τοῦ
2540 1232 2730 1302 ὴγαπη
2742 1230 2903 1300 μένου
2948 1230 3200 1283 Ἰωάννου
3230 1230 3325 1282 καὶ
3352 1230 3380 1281 6
3414 1228 3549 1298 βίος,
3576 1229 3637 1292 ἃς
3656 1231 3742 1284 οὐκ

2160 1326 2332 1395 ὀλίγοι
2361 1324 2718 1396 προφέρουσι.
2760 1322 3101 1385 Κατατεθεὶς
3137 1321 3266 1393 γὰρ.
3311 1322 3468 1390 φασὶ,
3497 1322 3632 1374 κατά
3661 1322 3744 1393 τὴν

2158 1414 2324 1471 αὑτοῦ
2384 1414 2593 1469 ἐκείνου
2650 1414 2969 1486 προτροπὴν
3013 1414 3071 1467 ἓν
3122 1430 3228 1465 τινι
3275 1413 3448 1482 τόπῳ,
3504 1413 3743 1482 ζητηθεὶς

2159 1508 2422 1579 αἰφνίδιον
2472 1510 2571 1579 οὐχ
2636 1508 2949 1578 εὑρίσκετο,
2992 1506 3130 1560 ἀλλά
3185 1504 3350 1576 μόνον
3404 1505 3465 1557 τὸ
3519 1505 3743 1574 ἀγίασμα

2162 1599 2327 1670 βρύον
2363 1597 2423 1664 ἐξ
2449 1597 2614 1651 αὐτοῦ
2646 1597 2741 1651 τοῦ
2776 1598 2944 1652 τόπου
2980 1598 3037 1651 ὲν
3058 1590 3102 1664 ᾧ
3129 1596 3266 1667 πρὸς
3292 1595 3556 1667 βραχεῖαν
3592 1597 3743 1666 ῥοπὴν

2160 1690 2342 1759 ἐτέθη·
2396 1689 2487 1759 ἀφ’
2539 1683 2601 1745 οὗ
2657 1691 2880 1755 πάντες,
2928 1688 3005 1753 ὼς
3062 1689 3247 1760 πηγὴν
3274 1688 3317 1721 ⁸⁹
3351 1688 3645 1756 ἀγιασμοῦ,
3693 1688 3744 1739 τὸ

466 1768 641 1823 ali‘ert.
697 1769 789 1826 Sic
835 1775 1071 1829 secunda
1141 1786 1196 1830 et
1236 1778 1393 1830 tertia
1445 1778 1765 1851 proﬂigatur
1809 1784 2057 1853 quaestio.

2169 1783 2328 1852 ἅγιον
2350 1782 2530 1838 έκεῖνο
2557 1781 2731 1853 μύρον
2752 1780 3056 1851 ἀρυόμεθα.
3090 1779 3298 1833 Ἐκεῖνο
3326 1778 3383 1831 δὲ
3404 1779 3582 1848 δῆλον,
3604 1778 3672 1843 ὡς
3693 1780 3743 1831 τὸ

467 1861 642 1935 παρὸν
688 1863 927 1937 ζήτημα,
988 1869 1094 1922 κᾶν
1144 1871 1245 1940 τῆς
1296 1870 1553 1942 ἀληθείας
1601 1877 1958 1949 παρασφαλῇ,
1998 1878 2060 1932 οὐ
2101 1879 2255 1951 φέρει
2309 1879 2487 1949 ψυχῆς
2547 1878 2816 1932 κίνδυνον.
2852 1876 2917 1928 'H
2971 1877 3071 1944 μὲν
3120 1875 3229 1947 γὰρ
3313 1876 3447 1946 περὶ
3532 1875 3741 1936 πίστεως

467 1954 663 2025 ἔρευνα
688 1957 790 2029 τῆς
814 1959 1074 2032 ἀληθείας
1134 1967 1556 2035 παρατραπεῖσα
1616 1968 1875 2038 ναυάγιον
1901 1972 2042 2041 μέγα
2065 1974 2131 2042 τῇ
2171 1972 2316 2043 ψυχῇ
2365 1971 2637 2041 προξενεῖ,
2687 1971 2767 2023 διὸ
2809 1970 2873 2040 δὴ
2918 1971 3011 2023 καὶ
3055 1967 3314 2039 βραχείας
3352 1968 3452 2036 τῆς
3483 1968 3561 2030 είς
3596 1968 3742 2036 αὐτὴν

465 2052 728 2125 τελούσης
755 2055 1077 2126 ἀντέχεσθαι
1105 2056 1185 2110 δεῖ
1217 2058 1506 2131 συλλαϐῆς·
1538 2063 1570 2132 ή
1608 2061 1663 2114 δὲ
1694 2061 1923 2134 ζήτησις
1959 2065 2069 2118 τῶν
2108 2067 2262 2136 παρὰ
2288 2065 2385 2136 τὴν
2412 2065 2696 2118 εὐσέϐειαν
2727 2063 3129 2135 προϐλημάτων
3161 2061 3326 2115 καλὸν
3360 2061 3460 2131 μὲν
3522 2063 3567 2114 εἰ
3628 2064 3744 2132 πρὸς

471 2148 599 2219 [419
635 2147 728 2220 H.]
758 2148 819 2201 τὸ
859 2149 960 2218 τῆς
996 2149 1255 2219 ἀληθείας
1284 2153 1587 2222 καταλήγει
1620 2154 1796 2217 τέλος
1851 2157 1901 2209 εί
1968 2157 2024 2209 δέ
2060 2175 2123 2225 γε

2160 2158 2361 2228 ταύτης
2385 2157 2700 2228 ἁστοχήσει,
2735 2156 2795 2210 οὐ
2827 2155 2990 2209 καλὸν
3016 2155 3136 2226 μὲν,
3174 2155 3325 2225 ὅμως
3344 2153 3566 2224 ὄλεθρον
3586 2155 3743 2226 ψυχῆς

468 2244 531 2295 οὑ
576 2248 751 2316 φέρει.
802 2244 962 2299 Ἀλλά
999 2246 1060 2300 τὸ
1108 2246 1209 2317 μὲν
1250 2246 1507 2321 δεύτερον
1551 2252 1645 2304 καὶ
1691 2252 1875 2323 τρίτον
1918 2252 2063 2307 οὕτω
2100 2254 2381 2308 διελύσατο
2414 2256 2658 2325 ζήτημα.

543 2334 872 2391 immortalis
944 2353 1073 2392 vero
1134 2348 1353 2396 creatus
1408 2342 1578 2396 Adam
1619 2382 1634 2407 ,
1699 2344 1825 2413 quid
1880 2345 2060 2408 utile,

472 2428 759 2498 ignoravit,
815 2430 1275 2498 quemadmodum
1329 2442 1384 2487 et
1437 2443 1565 2489 ante
1612 2435 1786 2505 ipsum
1819 2437 2064 2493 diabolus

469 2535 594 2575 cum
630 2520 874 2577 asseclis.
910 2523 1042 2579 Illud
1076 2539 1204 2579 vero
1239 2543 1252 2580 :
1282 2524 1415 2580 Ecce
1435 2526 1607 2582 Adam
1638 2538 1891 2600 tanquam
1925 2548 2062 2585 unus

469 2630 499 2669 ε
552 2614 699 2668 nobis
767 2617 938 2679 [actus
963 2624 1039 2669 est
1074 2620 1119 2683 ι,
1171 2617 1269 2673 etsi
1321 2620 1648 2688 quibusdam
1687 2636 1785 2691 per
1832 2622 2061 2678 ironiam

469 2704 675 2760 dictum
709 2705 937 2771 videtur,
960 2722 1148 2762 verum
1176 2723 1281 2762 non
1314 2708 1388 2763 ita
1422 2719 1542 2765 est:
1572 2726 1676 2765 non
1700 2713 1844 2781 quod
1877 2727 2061 2767 revera

475 2798 654 2853 factus
707 2798 778 2853 sit
836 2798 998 2864 Deus,
1040 2799 1143 2852 hoc
1183 2801 1329 2853 cutim
1387 2800 1501 2855 ﬁeri
1554 2814 1661 2856 non
1717 2813 1914 2872 potest,
1956 2804 2066 2859 bla-

470 2891 867 2961 Spbemnmquc
896 2900 1001 2945 est.
1062 2891 1198 2957 Quid
1236 2891 1400 2959 igitur
1431 2893 1533 2947 sibi
1554 2893 1692 2947 vult:
1726 2894 1865 2947 Ecce
1889 2894 2061 2949 Adam

469 2996 721 3055 tanquam
758 3000 894 3037 unus
923 3001 956 3037 a
994 2985 1142 3037 nobis
1189 2984 1364 3051 factus
1401 2993 1479 3039 est
1505 2985 1531 3039 ?
1559 2984 1698 3041 Ecce
1756 3001 1919 3052 nunc,
1963 2988 2061 3052 ait,

468 3091 691 3132 sensum
726 3076 955 3145 accepit,
997 3076 1175 3145 quoad
1203 3076 1488 3146 imaginari
1519 3091 1582 3132 se
1614 3077 1781 3132 Deum
1809 3091 1951 3132 esse.
1981 3079 2062 3133 Ad

469 3169 617 3223 illius
641 3169 969 3222 sententiam
1001 3168 1113 3222 haec
1141 3167 1915 3238 loquiturDeus,accusatque
1947 3184 2063 3224 ma-

2252 2345 2540 2409 ’Λθάνατος
2605 2344 2662 2398 δὲ
2728 2343 2991 2407 πλαστεὶς
3044 2342 3073 2394 6
3128 2342 3303 2411 Ἀδὰμ
3371 2341 3434 2394 τὸ
3494 2341 3741 2405 λυσιτελὲς

2168 2436 2457 2506 ἠγνόησεν,
2503 2434 2694 2505 ὥσπερ
2735 2436 2829 2488 καὶ
2870 2434 2980 2505 πρὸ
3020 2433 3188 2487 αὐτοῦ
3220 2436 3248 2486 6
3292 2433 3536 2496 διάϐολος
3579 2434 3663 2487 καὶ
3696 2435 3740 2485 αἱ

2169 2526 2299 2597 περὶ
2330 2526 2493 2579 αὑτὸν
2517 2526 2883 2579 ἀποστατικαὶ
2905 2525 3265 2593 δυνάμεις.Τὸ
3295 2524 3375 2587 δὲ,
3422 2523 3574 2578 Ἰδοῦ
3594 2524 3637 2555 ⁸⁸
3663 2522 3740 2592 τέο

2169 2634 2348 2689 γον-εν
2390 2615 2571 2685 Ἀδὰμ
2603 2615 2685 2681 ὠς
2712 2610 2801 2680 εἷς
2831 2614 2901 2679 ἐξ
2928 2613 3117 2682 ἡμῶν,
3150 2614 3198 2665 εί
3226 2612 3319 2665 καί
3347 2629 3491 2665 τισιν
3520 2609 3740 2681 εἰρῆσθαι

2169 2711 2299 2781 παρ’
2334 2708 2619 2780 εἰρωνείαν
2659 2706 2941 2777 ἐνομίσθη,
2984 2705 3099 2758 ἀλλ’
3141 2705 3239 2773 οὔχ
3283 2702 3462 2766 οὕτως
3506 2702 3613 2771 ἔχει
3638 2718 3651 2733 ο
3690 2700 3739 2753 οὔ

2173 2803 2279 2873 μὴν
2312 2802 2429 2854 ἀλλ’
2460 2799 2568 2853 οὐδ’
2602 2799 2683 2853 ὅτι
2709 2798 2903 2867 γέγονε
2931 2800 2997 2869 τῇ
3029 2796 3259 2867 ἀληθείᾳ
3288 2795 3447 2858 Θεός’
3481 2794 3631 2847 τοῦτο
3651 2794 3740 2861 γὰρ

2169 2892 2453 2955 παντελῶς
2489 2890 2627 2960 μετὰ
2649 2888 2743 2943 τοῦ
2781 2889 3045 2943 ἀδυνάτου
3083 2887 3179 2942 καὶ
3210 2887 3554 2958 βλάσφημον.
3582 2883 3641 2935 Τί
3664 2878 3741 2935 οὖν

2169 2985 2420 3057 βούλεται
2453 2983 2516 3037 τὸ
2555 2982 2714 3038 Ἰδοὺ
2752 2982 3004 3051 γέγονεν
3042 2979 3217 3049 Ἀδὰμ
3237 2980 3317 3045 ὡς
3351 2974 3440 3045 εἷς
3468 2978 3535 3041 ἐξ
3568 2974 3739 3044 ήμῶνὶ

2184 3079 2319 3133 Ἰδοὺ
2353 3075 2470 3144 νῦν,
2500 3076 2685 3148 φησιν,
2712 3074 2969 3145 αἴσθησιν
3008 3073 3225 3140 ἐδέξατο
3250 3065 3366 3125 οἷόν
3398 3072 3512 3123 ἐστι
3543 3069 3601 3122 τὺ
3629 3084 3740 3137 eav-

2171 3167 2433 3233 τάζεσθαι
2458 3164 2716 3236 γενέσθαι
2747 3164 2903 3218 Θεόν.
2930 3164 3074 3235 ῐῐρδς
3101 3162 3155 3215 δὲ
3178 3162 3276 3231 τὴν
3306 3161 3517 3215 ἐκείνου
3546 3158 3739 3227 γνώμην

468 3258 661 3313 litiam.
721 3259 1067 3327 Exprobrare
1120 3274 1246 3312 vero
1297 3259 1465 3314 Deum
1519 3259 1587 3314 ad
1642 3261 2063 3317 instructionem

2168 3256 2342 3312 ταῦτα
2364 3256 2661 3326 φθέγγεται
2692 3254 2859 3321 Θεὸς,
2892 3254 2987 3307 καὶ
3028 3252 3294 3322 διελέγχει
3326 3252 3430 3321 τὴν
3466 3250 3736 3303 κακόνοιαν.

469 3363 710 3406 nostram
776 3365 1153 3419 saepenumero
1208 3350 1261 3404 in
1324 3351 1606 3423 Scriptura
1666 3354 2058 3424 comperimus.

545 3532 609 3586 Et
659 3532 774 3587 limc
839 3530 1059 3600 quidem
1092 3533 1329 3586 secunda
1389 3532 1551 3589 ratio.
1609 3532 1799 3590 Potest
1857 3544 2061 3592 autem.

471 3622 637 3679 illud:
679 3622 812 3677 Ecce
836 3624 1005 3675 Adam
1049 3632 1303 3692 tanquam
1350 3641 1486 3679 unus
1512 3642 1543 3679 a
1577 3627 1723 3682 nobis
1754 3627 1927 3697 factus
1965 3642 2064 3695 est,

469 3715 677 3770 ironit-a
744 3714 912 3776 ﬁgura
961 3713 1218 3783 proferri,
1273 3724 1329 3769 et
1388 3730 1418 3769 a
1481 3714 1679 3785 probro
1752 3732 2064 3775 sermonem

472 3807 766 3873 abstinere,
825 3817 879 3859 ct
944 3805 1310 3862 miserabilem
1361 3822 1674 3863 sermonem
1729 3809 1782 3864 in
1847 3811 2067 3867 miseris

468 3900 781 3956 ostendere.
816 3898 992 3968 Eligat
1018 3898 1253 3968 quisque
1277 3899 1421 3969 quod
1458 3900 1561 3955 sibi
1590 3900 1821 3971 placeat.

543 3993 725 4047 Tertia
784 4008 914 4046 vero
972 3991 1223 4045 oratione
1275 3992 1344 4046 ad
1390 3992 1657 4049 Domuum
1696 4003 1754 4051 et
1799 3995 2063 4053 Joannem

471 4087 753 4152 scribens,
798 4084 1096 4139 monachos
1157 4084 1209 4137 in
1258 4084 1447 4139 Cicilia
1496 4088 1771 4153 secunda,
1825 4088 1939 4145 haec
1998 4090 2065 4145 de

471 4176 902 4235 Chalcedonensi
942 4174 1108 4230 refert
1155 4177 1383 4245 synodo,
1428 4186 1589 4232 rectm
1638 4179 1760 4233 lidei
1815 4194 2062 4234 normam

471 4284 630 4331 esse,
680 4277 734 4321 et
785 4266 990 4337 Cyrillo
1042 4267 1257 4336 placere
1309 4283 1471 4321 unam
1525 4266 1687 4324 Verbi
1748 4271 2064 4342 bypostasin

475 4364 812 4415 incarnatam
850 4358 1170 4428 praedicare,
1204 4366 1258 4411 ct
1299 4374 1461 4412 unam
1497 4375 1808 4427 personam,
1841 4370 1896 4417 et
1936 4378 2065 4419 sen-

475 4454 561 4508 tiri
616 4450 1139 4507 consubstantialem
1203 4449 1351 4505 Patri
1405 4450 1599 4505 Filium
1660 4452 1969 4519 divinitate,
2013 4465 2068 4510 et

2182 3348 2492 3412 Ὀνειδίζειν
2553 3349 2611 3402 δὲ
2652 3347 2713 3401 τὸ
2760 3346 2922 3400 Θεϊον
2974 3345 3114 3416 πρὸς
3162 3344 3452 3399 νουθεσίαν
3500 3343 3740 3413 ἡμετέραν

2170 3438 2441 3509 πολλαχοῦ
2478 3438 2581 3509 τῆς
2610 3438 2838 3510 Γραφῆς
2872 3436 3224 3508 εὑρίσκομεν.

2248 3532 2410 3585 Ἀλλὰ
2438 3530 2612 3585 ταῦτα
2645 3530 2745 3602 μὲν
2776 3529 2873 3583 καὶ
2915 3532 2942 3583 6
2984 3529 3028 3599 β’
3058 3529 3238 3597 λόγος.
3283 3528 3515 3582 Δύναιτο
3549 3528 3589 3559 ⁸¹
3621 3526 3659 3577 δ’
3683 3527 3735 3579 ἂν

2166 3621 2254 3688 τὸ,
2296 3620 2452 3677 Ἰδοὺ
2486 3622 2736 3691 γέγονεν
2758 3620 2941 3692 Ἀδὰμ
2978 3622 3058 3689 ὡς
3089 3617 3177 3689 εἷς
3190 3621 3259 3687 ἐξ
3288 3621 3463 3691 ἡμῶν
3489 3621 3581 3674 και
3608 3619 3656 3672 ὲν
3678 3630 3727 3663 ..φη

2171 3716 2401 3786 ρωνείας
2441 3716 2690 3787 σχήματι
2722 3715 3029 3787 προελθεῖν,
3060 3715 3154 3769 καὶ
3181 3715 3424 3778 ὀνείδους
3455 3713 3607 3781 λόγον
3657 3710 3715 3762 i4

2172 3808 2348 3878 ἐχειν,
2392 3809 2487 3863 καὶ
2525 3806 2919 3877 ὲλεεινολογίαν
2944 3809 3000 3861 έν
3031 3809 3337 3879 οἰκτιρμοῖς
3376 3805 3693 3860 ἐπιδείκνυσι·
3726 3819 3735 3839 ν

2170 3901 2435 3972 αἱρείσθω
2465 3901 2522 3954 δὲ
2546 3900 2608 3954 τὸ
2636 3900 2829 3954 δοκοῦν
2865 3900 3066 3973 μᾶλλον
3092 3900 3345 3955 Exacta“.

2241 3992 2365 4066 [801
2413 3991 2505 4065 3.]
2558 3993 2647 4046 Ἐν
2688 3992 2748 4047 δὲ
2790 3990 2867 4053 τῷ
2906 3999 2955 4061 γ’
2997 3992 3143 4062 λόγῳ
3182 3991 3278 4045 καὶ
3327 3990 3467 4063 πρὸς
3494 3991 3539 4022 ⁸⁸
3568 3986 3733 4056 Δόμνοι

2170 4086 2265 4138 καὶ
2307 4084 2563 4155 Ἰωάννην
2603 4085 2867 4156 γράφων,
2905 4083 3032 4148 τοὺς
3054 4085 3170 4154 ξτὴν
3208 4082 3474 4155 δευτέραν
3512 4077 3734 4135 Κιλικίαν

2170 4175 2455 4240 οἰκοῦντας
2497 4177 2744 4249 ἀσκητάς
2771 4216 2788 4242 ,
2827 4175 3005 4231 ταῦτα
3050 4175 3194 4245 ὑπὲρ
3230 4175 3334 4245 τῆς
3380 4176 3438 4228 ὲν
3470 4167 3735 4241 Καλχηδόνι

2169 4271 2320 4340 λέγει
2373 4270 2614 4335 συνόδου,
2667 4272 2750 4324 ὅτι
2807 4268 3120 4340 όρθοδοξίας
3187 4268 3306 4321 ἐστὶ
3370 4268 3614 4339 φρόνημα
3662 4257 3736 4311 καὶ

2171 4361 2426 4435 Κυρίλλῳ
2453 4361 2608 4431 φίλον
2634 4361 2762 4431 μίαν
2800 4361 3102 4414 ὑπόστασιν
3131 4358 3226 4413 τοῦ
3269 4346 3449 4428 Λόγου
3490 4366 3735 4422 σεσαρκω·

2175 4459 2347 4529 μένην
2397 4457 2689 4527 κηρύττειν
2737 4454 2833 4508 καὶ
2871 4454 2931 4508 ἓν
2976 4455 3288 4526 πρόσωπον,
3335 4453 3428 4506 καὶ
3463 4448 3522 4504 τὸ
3553 4442 3734 4517 φρονεῖν

478 4548 814 4601 humanitate
850 4546 1007 4601 nobis
1054 4544 1311 4601 similem.
1356 4543 1471 4599 Hoc
1515 4545 1772 4600 nimirum
1812 4556 1895 4602 est
1930 4548 2064 4602 duas

2169 4552 2259 4606 τὸν
2292 4549 2455 4604 αὑτὸν
2483 4546 2766 4619 ὀμοούσιον
2802 4545 2877 4617 τῷ
2908 4546 3084 4617 Πατρὶ
3119 4544 3259 4598 κατὰ
3293 4545 3392 4615 τὴν
3421 4540 3637 4609 θεότητα
3660 4529 3735 4585 καὶ

475 4636 630 4691 fateri
658 4649 902 4701 naturas,
934 4652 963 4691 c
988 4639 1185 4706 quibus
1219 4652 1358 4691 unus
1389 4636 1643 4693 Christus
1672 4639 1927 4695 conditus
1958 4649 2063 4695 est.

474 4732 619 4786 Duas
667 4733 810 4785 enim
865 4732 1246 4802 generationes
1303 4731 1502 4802 255a
1556 4732 1719 4788 unius
1766 4732 1968 4789 Christi
2016 4745 2072 4790 et

474 4823 568 4877 Dei
608 4822 777 4877 nostri
810 4830 1222 4893 cognoscentes,
1255 4839 1431 4893 neque
1461 4824 1663 4888 carnis,
1696 4839 1873 4895 neque
1905 4824 2067 4881 Verbi

475 4916 836 4971 dilferentiam
916 4916 1216 4971 secundum
1289 4918 1656 4970 substantiam
1731 4917 2064 4987 ignoramus.

476 5009 601 5064 llaec
636 5024 765 5065 vero
808 5008 942 5064 lidcs
974 5008 1435 5065 Chalcedonensis
1478 5009 1696 5065 concilii
1729 5011 2063 5080 praeconium

475 5103 776 5170 prmscl'ert,
815 5100 1010 5155 deinde
1048 5099 1271 5156 trecenti
1319 5109 1374 5155 et
1418 5103 1762 5170 septuaginta
1826 5101 2064 5171 episcopi

476 5193 617 5247 hanc
650 5191 1046 5247 subscribendo
1081 5192 1490 5262 consignarttnt,
1527 5193 1581 5248 in
1615 5208 1721 5263 qua
1760 5194 2065 5249 admirandi

476 5280 586 5334 vir'r
638 5280 861 5337 Simeon
912 5293 965 5337 ct
1016 5281 1253 5337 Jacobus
1309 5292 1362 5335 ct
1422 5281 1724 5339 Baradatus
1773 5284 1914 5339 banc
1956 5286 2068 5339 suis

481 5370 783 5442 Scripturis
830 5372 1018 5428 lidems
1038 5373 1458 5429 confirmarunt.
1505 5374 1633 5441 Quae
1668 5392 1791 5430 cum
1829 5376 1900 5430 ita
1937 5376 2070 5440 sint,
2108 5386 2111 5389 '

476 5466 727 5535 eﬂicitur,
763 5468 855 5524 ubi
896 5485 1002 5524 una
1055 5476 1139 5525 est
1191 5468 1486 5526 secundum
1536 5470 1871 5541 bypostasim
1914 5471 2064 5535 unio,

557 5583 577 5620 ι
608 5581 748 5639 Gen.
776 5600 865 5651 ιιι,
900 5583 995 5639 22.

2171 4644 2459 4713 ὁμοούσιον
2487 4642 2620 4712 ἡμῖν
2654 4638 2771 4711 [τὸν
2815 4636 3002 4709 αὐτὸν]
3037 4636 3179 4691 κατὰ
3206 4635 3304 4707 τὴν
3351 4627 3731 4713 ἀνθρωπότητξν

2170 4708 2417 4789 τουτέστι
2463 4708 2541 4786 τό⁷
2578 4708 2674 4784 δύο
2725 4730 2917 4801 φύσεις
2973 4708 3258 4800 όμολογεῖν
3290 4770 3303 4789 ,
3367 4729 3427 4794 ἐξ
3474 4718 3547 4778 ὧν
3603 4722 3629 4773 ὁ
3670 4708 3733 4776 εἷς

2170 4827 2408 4899 Χριστὸς
2453 4824 2815 4895 ἀπετελέσθη.
2869 4823 2975 4876 Δύο
3016 4823 3124 4894 γὰρ
3178 4824 3461 4893 γεννήσεις
3507 4813 3594 4870 τοῦ
3636 4809 3731 4867 ἐνὸς

2170 4918 2403 4990 Χριστοῦ
2435 4920 2530 4971 καὶ
2560 4916 2696 4970 Θεοῦ
2719 4916 2879 4987 ἡμῶν
2908 4916 3132 4980 εἰδότες,
3166 4914 3288 4967 οὐδὲ
3311 4918 3411 4986 τῆς
3447 4907 3630 4982 σαρκὸς
3653 4899 3729 4954 καὶ

2172 5011 2269 5065 τοῦ
2327 5011 2500 5079 Λόγου
2547 5010 2649 5081 τὴν
2706 5011 2827 5063 κατ’
2887 5008 3076 5062 οὐσίαν
3126 5005 3391 5079 διαφορὰν
3444 4997 3724 5071 ἀγνοοῦμεν.

2174 5102 2325 5174 Αὕτη
2347 5103 2403 5156 δὲ
2430 5105 2461 5173 ἡ
2488 5102 2671 5166 πίστις
2696 5103 2798 5172 τῆς
2830 5102 2888 5154 ἐν
2919 5100 3226 5171 Καλχηδόνι
3254 5099 3466 5153 συνόδου
3500 5094 3727 5148 δέδεικται

2178 5197 2465 5269 κήρυγμα.
2509 5191 2642 5249 Εἶτα
2670 5194 3013 5266 τετρακόσιοι
3053 5192 3147 5246 καὶ
3179 5183 3725 5273 έὸδομήκονταῑάρχιες

2179 5267 2294 5362 ρεήῖς
2329 5289 2535 5361 ταύτην
2578 5291 2873 5359 ἐγγράφως
2914 5286 3338 5350 ἐϐεϐαιώσαντο,
3380 5286 3436 5338 ὲν
3471 5267 3551 5342 οἶά
3579 5273 3658 5328 καὶ
3687 5267 3724 5319 οἱ

2182 5381 2486 5451 θαυμαστοὶ
2516 5381 2606 5433 τὸν
2636 5381 2747 5452 βίον
2780 5378 3006 5449 Συμεὼν
3040 5379 3087 5410 ⁸⁸
3121 5377 3216 5431 καὶ
3259 5374 3507 5435 Ἰάκωϐος
3536 5364 3619 5423 καὶ
3639 5362 3724 5413 Βα-

2179 5473 2409 5545 ραδάτος
2435 5473 2534 5546 τὴν
2564 5472 2735 5544 αὐτὴν
2761 5470 2989 5541 γνὼιιην
3022 5471 3175 5536 ἰδίοις
3203 5469 3547 5541 ἐπεκύρωσαν
3572 5452 3721 5528 γράμ’

1774 5676 2010 5735 ἾΑΒΙᾸΞ
2046 5676 2340 5735 LECTION
2347 5678 2450 5733 ES.

587 5767 895 5840 "_é6{wosv
918 5771 956 5823 Λ
999 5788 1013 5824 :
1045 5771 1244 5840 ἔζησεν
1276 5791 1334 5836 ς.
1451 5773 1495 5803 ⁴¹⁸
1527 5774 1588 5825 οὐ
1621 5773 1664 5826 Δ
1697 5791 1707 5825 :
1741 5770 1835 5826 οὖν
1859 5774 1998 5839 οἱς.

483 5838 529 5871 ⁸³
560 5838 696 5908 πρὸς
728 5849 782 5895 οι
815 5841 905 5894 58.
932 5842 1083 5909 φ’λον
1136 5838 1247 5897 but.
1282 5846 1341 5898 A.
1421 5844 1465 5877 ⁵³
1498 5843 1709 5913 Σιμεὼν
1742 5861 1800 5908 ς.

2101 5773 2144 5807 ⁶⁰
2164 5775 2253 5842 ἀγ,
2288 5775 2472 5845 πηγὴν
2504 5791 2562 5838 ς.

2665 5776 2710 5808 ⁵ο
2741 5773 2875 5845 ἰδοὺ]
2897 5772 3030 5828 Gen.
3072 5786 3155 5838 ιιι,
3182 5771 3275 5825 22.
3376 5768 3418 5800 ⁸³
3451 5761 3643 5816 δύναται
3667 5760 3714 5809 ςο
