  <div class='ocr_page' id='page_1' title='image "/cluster/home/n/w/nwhite01/storage/ocr_20150623/103:no.3/coo.31924054870070/510.png"; bbox 0 0 4004 6436; ppageno 0'>
   <div class='ocr_carea' id='block_1_1' title="bbox 279 381 398 446">
    <p class='ocr_par' dir='ltr' id='par_1_1' title="bbox 279 381 398 446">
     <span class='ocr_line' id='line_1_1' title="bbox 279 381 398 446; baseline -0.017 0"><span class='ocrx_word' id='word_1_1' title='bbox 279 381 398 446; x_wconf 82' lang='lat'><strong>993</strong></span> 
     </span>
    </p>
   </div>
   <div class='ocr_carea' id='block_1_2' title="bbox 1337 372 2494 436">
    <p class='ocr_par' dir='ltr' id='par_1_2' title="bbox 1337 372 2494 436">
     <span class='ocr_line' id='line_1_2' title="bbox 1337 372 2494 436; baseline 0.002 -2"><span class='ocrx_word' id='word_1_2' title='bbox 1337 373 1867 436; x_wconf 84' lang='lat' dir='ltr'><strong>BIBLIOTHECA.</strong></span> <span class='ocrx_word' id='word_1_3' title='bbox 1891 397 1961 409; x_wconf 90' lang='lat'><strong>—</strong></span> <span class='ocrx_word' id='word_1_4' title='bbox 1993 372 2158 434; x_wconf 90' lang='lat' dir='ltr'><strong>COD.</strong></span> <span class='ocrx_word' id='word_1_5' title='bbox 2187 373 2494 436; x_wconf 77' lang='lat' dir='ltr'><strong>CCXXIX.</strong></span> 
     </span>
    </p>
   </div>
   <div class='ocr_carea' id='block_1_3' title="bbox 3465 383 3572 449">
    <p class='ocr_par' dir='ltr' id='par_1_3' title="bbox 3465 383 3572 449">
     <span class='ocr_line' id='line_1_3' title="bbox 3465 383 3572 449; baseline 0.009 -1"><span class='ocrx_word' id='word_1_6' title='bbox 3465 383 3572 449; x_wconf 70' lang='lat' dir='ltr'><strong>9M</strong></span> 
     </span>
    </p>
   </div>
   <div class='ocr_carea' id='block_1_4' title="bbox 280 479 1875 561">
    <p class='ocr_par' dir='ltr' id='par_1_4' title="bbox 280 479 1875 560">
     <span class='ocr_line' id='line_1_4' title="bbox 280 479 1875 560; baseline -0.006 -15"><span class='ocrx_word' id='word_1_7' title='bbox 280 494 368 560; x_wconf 79' lang='grc' dir='ltr'><strong>τὸ,</strong></span> <span class='ocrx_word' id='word_1_8' title='bbox 393 490 773 556; x_wconf 72' lang='grc' dir='ltr'><strong>ἐσκήνωσεν,</strong></span> <span class='ocrx_word' id='word_1_9' title='bbox 809 484 1146 542; x_wconf 79' lang='grc' dir='ltr'>ἀναπτύσσει</span> <span class='ocrx_word' id='word_1_10' title='bbox 1181 487 1480 555; x_wconf 80' lang='grc' dir='ltr'><strong>σαφήνειαν</strong></span> <span class='ocrx_word' id='word_1_11' title='bbox 1517 479 1657 538; x_wconf 73' lang='grc' dir='ltr'>εἶναι</span> <span class='ocrx_word' id='word_1_12' title='bbox 1672 483 1787 549; x_wconf 83' lang='grc' dir='ltr'>τοῦ,</span> <span class='ocrx_word' id='word_1_13' title='bbox 1827 482 1875 536; x_wconf 87' lang='grc' dir='ltr'>Ὁ</span> 
     </span>
    </p>
   </div>
   <div class='ocr_carea' id='block_1_5' title="bbox 1984 479 3575 561">
    <p class='ocr_par' dir='ltr' id='par_1_5' title="bbox 1987 482 3575 561">
     <span class='ocr_line' id='line_1_5' title="bbox 1987 482 3575 561; baseline 0.007 -25"><span class='ocrx_word' id='word_1_14' title='bbox 1987 491 2102 536; x_wconf 87' lang='lat' dir='ltr'><strong>tum</strong></span> <span class='ocrx_word' id='word_1_15' title='bbox 2143 497 2264 539; x_wconf 85' lang='lat' dir='ltr'><strong>esse</strong></span> <span class='ocrx_word' id='word_1_16' title='bbox 2304 482 2464 550; x_wconf 85' lang='lat' dir='ltr'><strong>ejus:</strong></span> <span class='ocrx_word' id='word_1_17' title='bbox 2503 483 2728 539; x_wconf 80' lang='lat' dir='ltr'><strong>Verbum</strong></span> <span class='ocrx_word' id='word_1_18' title='bbox 2768 504 2894 541; x_wconf 82' lang='lat' dir='ltr'><strong>caro</strong></span> <span class='ocrx_word' id='word_1_19' title='bbox 2922 490 3123 556; x_wconf 77' lang='lat' dir='ltr'><strong>factum</strong></span> <span class='ocrx_word' id='word_1_20' title='bbox 3154 496 3250 554; x_wconf 79' lang='lat' dir='ltr'><strong>est,</strong></span> <span class='ocrx_word' id='word_1_21' title='bbox 3285 499 3343 544; x_wconf 80' lang='lat' dir='ltr'><strong>et</strong></span> <span class='ocrx_word' id='word_1_22' title='bbox 3390 505 3575 561; x_wconf 85' lang='lat' dir='ltr'><strong>repre-</strong></span> 
     </span>
    </p>
   </div>
   <div class='ocr_carea' id='block_1_6' title="bbox 281 575 1878 654">
    <p class='ocr_par' dir='ltr' id='par_1_6' title="bbox 281 575 1878 654">
     <span class='ocr_line' id='line_1_6' title="bbox 281 575 1878 654; baseline -0.006 -16"><span class='ocrx_word' id='word_1_23' title='bbox 281 585 479 654; x_wconf 71' lang='grc' dir='ltr'>Λόγος</span> <span class='ocrx_word' id='word_1_24' title='bbox 505 579 665 650; x_wconf 81' lang='grc' dir='ltr'><em>σὰρξ</em></span> <span class='ocrx_word' id='word_1_25' title='bbox 710 579 970 652; x_wconf 79' lang='grc' dir='ltr'>ἐγένετο,</span> <span class='ocrx_word' id='word_1_26' title='bbox 1017 576 1110 630; x_wconf 78' lang='grc' dir='ltr'><strong>καὶ</strong></span> <span class='ocrx_word' id='word_1_27' title='bbox 1138 577 1360 647; x_wconf 76' lang='grc' dir='ltr'>ἔλεγχον</span> <span class='ocrx_word' id='word_1_28' title='bbox 1381 575 1489 629; x_wconf 84' lang='grc' dir='ltr'><strong>τῶν</strong></span> <span class='ocrx_word' id='word_1_29' title='bbox 1517 576 1726 647; x_wconf 85' lang='grc' dir='ltr'>τροπήν</span> <span class='ocrx_word' id='word_1_30' title='bbox 1755 591 1878 629; x_wconf 85' lang='grc' dir='ltr'>τινα</span> 
     </span>
    </p>
   </div>
   <div class='ocr_carea' id='block_1_7' title="bbox 281 669 1872 741">
    <p class='ocr_par' dir='ltr' id='par_1_7' title="bbox 281 669 1872 741">
     <span class='ocr_line' id='line_1_7' title="bbox 281 669 1872 741; baseline -0.006 -12"><span class='ocrx_word' id='word_1_31' title='bbox 281 677 379 729; x_wconf 72' lang='grc' dir='ltr'>καὶ</span> <span class='ocrx_word' id='word_1_32' title='bbox 432 673 720 741; x_wconf 78' lang='grc' dir='ltr'>ἀλλοίωσιν</span> <span class='ocrx_word' id='word_1_33' title='bbox 767 672 863 725; x_wconf 82' lang='grc' dir='ltr'>τοῦ</span> <span class='ocrx_word' id='word_1_34' title='bbox 920 671 1097 740; x_wconf 80' lang='grc' dir='ltr'>Λόγου</span> <span class='ocrx_word' id='word_1_35' title='bbox 1156 669 1461 740; x_wconf 80' lang='grc' dir='ltr'><strong>μελλόντων</strong></span> <span class='ocrx_word' id='word_1_36' title='bbox 1521 669 1872 738; x_wconf 81' lang='grc' dir='ltr'><strong>κατηγορεῖν.</strong></span> 
     </span>
    </p>
   </div>
   <div class='ocr_carea' id='block_1_8' title="bbox 282 760 1877 840">
    <p class='ocr_par' dir='ltr' id='par_1_8' title="bbox 282 760 1877 840">
     <span class='ocr_line' id='line_1_8' title="bbox 282 760 1877 840; baseline -0.006 -18"><span class='ocrx_word' id='word_1_37' title='bbox 282 769 417 840; x_wconf 75' lang='lat'><strong>[803</strong></span> <span class='ocrx_word' id='word_1_38' title='bbox 465 765 562 837; x_wconf 67' lang='lat' dir='ltr'><strong>1L]</strong></span> <span class='ocrx_word' id='word_1_39' title='bbox 588 768 697 820; x_wconf 79' lang='grc' dir='ltr'><strong>Καὶ</strong></span> <span class='ocrx_word' id='word_1_40' title='bbox 736 767 846 835; x_wconf 86' lang='grc' dir='ltr'><strong>γάρ</strong></span> <span class='ocrx_word' id='word_1_41' title='bbox 885 764 1105 818; x_wconf 75' lang='grc' dir='ltr'>εἰπὼνὸ</span> <span class='ocrx_word' id='word_1_42' title='bbox 1144 760 1563 836; x_wconf 14' lang='grc' dir='ltr'>εἱὺαγγελιστής·</span> <span class='ocrx_word' id='word_1_43' title='bbox 1611 760 1676 816; x_wconf 88' lang='lat'><strong>&#39;0</strong></span> <span class='ocrx_word' id='word_1_44' title='bbox 1692 761 1877 826; x_wconf 71' lang='grc' dir='ltr'>λόγος</span> 
     </span>
    </p>
   </div>
   <div class='ocr_carea' id='block_1_9' title="bbox 279 852 1877 927">
    <p class='ocr_par' dir='ltr' id='par_1_9' title="bbox 279 852 1877 927">
     <span class='ocr_line' id='line_1_9' title="bbox 279 852 1877 927; baseline -0.004 -14"><span class='ocrx_word' id='word_1_45' title='bbox 279 859 444 927; x_wconf 81' lang='grc' dir='ltr'><em>σὰρξ</em></span> <span class='ocrx_word' id='word_1_46' title='bbox 482 857 740 927; x_wconf 78' lang='grc' dir='ltr'>ἐγένετο,</span> <span class='ocrx_word' id='word_1_47' title='bbox 771 857 937 922; x_wconf 83' lang='grc' dir='ltr'>εὐθὺς</span> <span class='ocrx_word' id='word_1_48' title='bbox 992 856 1219 926; x_wconf 74' lang='grc' dir='ltr'>συνῆψε,</span> <span class='ocrx_word' id='word_1_49' title='bbox 1256 854 1366 910; x_wconf 79' lang='grc' dir='ltr'><strong>Καὶ</strong></span> <span class='ocrx_word' id='word_1_50' title='bbox 1403 853 1762 921; x_wconf 79' lang='grc' dir='ltr'>ἐσκήνωσεν</span> <span class='ocrx_word' id='word_1_51' title='bbox 1805 852 1877 906; x_wconf 79' lang='grc' dir='ltr'><strong>ἐν</strong></span> 
     </span>
    </p>
   </div>
   <div class='ocr_carea' id='block_1_10' title="bbox 277 944 1879 1021">
    <p class='ocr_par' dir='ltr' id='par_1_10' title="bbox 277 944 1879 1021">
     <span class='ocr_line' id='line_1_10' title="bbox 277 944 1879 1021; baseline -0.005 -16"><span class='ocrx_word' id='word_1_52' title='bbox 277 950 452 1021; x_wconf 72' lang='grc' dir='ltr'>ἡμῖν,</span> <span class='ocrx_word' id='word_1_53' title='bbox 492 952 588 1020; x_wconf 80' lang='grc' dir='ltr'>τήν</span> <span class='ocrx_word' id='word_1_54' title='bbox 623 967 682 1003; x_wconf 87' lang='grc' dir='ltr'><strong>τε</strong></span> <span class='ocrx_word' id='word_1_55' title='bbox 727 951 809 1013; x_wconf 82' lang='grc' dir='ltr'><strong>εις</strong></span> <span class='ocrx_word' id='word_1_56' title='bbox 863 949 992 1020; x_wconf 81' lang='grc' dir='ltr'>μίαν</span> <span class='ocrx_word' id='word_1_57' title='bbox 1041 948 1344 1002; x_wconf 81' lang='grc' dir='ltr'><strong>ὑπόστασιν</strong></span> <span class='ocrx_word' id='word_1_58' title='bbox 1399 945 1621 1000; x_wconf 77' lang='grc' dir='ltr'><strong>σύνοδον</strong></span> <span class='ocrx_word' id='word_1_59' title='bbox 1663 944 1760 998; x_wconf 75' lang='grc' dir='ltr'>καὶ</span> <span class='ocrx_word' id='word_1_60' title='bbox 1815 944 1879 997; x_wconf 80' lang='grc' dir='ltr'><strong>τὸ</strong></span> 
     </span>
    </p>
   </div>
   <div class='ocr_carea' id='block_1_11' title="bbox 281 1036 1880 1113">
    <p class='ocr_par' dir='ltr' id='par_1_11' title="bbox 281 1036 1880 1113">
     <span class='ocr_line' id='line_1_11' title="bbox 281 1036 1880 1113; baseline -0.003 -19"><span class='ocrx_word' id='word_1_61' title='bbox 281 1043 664 1113; x_wconf 79' lang='grc' dir='ltr'>ἀμετάϐλητον</span> <span class='ocrx_word' id='word_1_62' title='bbox 700 1042 801 1113; x_wconf 80' lang='grc' dir='ltr'>τῆς</span> <span class='ocrx_word' id='word_1_63' title='bbox 844 1043 892 1073; x_wconf 74' lang='grc'><strong>⁷³</strong></span> <span class='ocrx_word' id='word_1_64' title='bbox 949 1040 1216 1110; x_wconf 75' lang='grc' dir='ltr'><strong>ἑκατέρας</strong></span> <span class='ocrx_word' id='word_1_65' title='bbox 1257 1037 1474 1109; x_wconf 87' lang='grc' dir='ltr'>φύσεως</span> <span class='ocrx_word' id='word_1_66' title='bbox 1503 1039 1568 1091; x_wconf 83' lang='grc' dir='ltr'><strong>δι’</strong></span> <span class='ocrx_word' id='word_1_67' title='bbox 1609 1036 1880 1107; x_wconf 79' lang='grc' dir='ltr'>ἑκατέρας</span> 
     </span>
    </p>
   </div>
   <div class='ocr_carea' id='block_1_12' title="bbox 283 1129 1878 1206">
    <p class='ocr_par' dir='ltr' id='par_1_12' title="bbox 283 1129 1878 1206">
     <span class='ocr_line' id='line_1_12' title="bbox 283 1129 1878 1206; baseline -0.003 -20"><span class='ocrx_word' id='word_1_68' title='bbox 283 1135 625 1189; x_wconf 75' lang='grc' dir='ltr'><strong>ἐκδιδάσκων</strong></span> <span class='ocrx_word' id='word_1_69' title='bbox 662 1136 867 1206; x_wconf 78' lang='grc' dir='ltr'>φωνῆς.</span> <span class='ocrx_word' id='word_1_70' title='bbox 904 1135 1060 1188; x_wconf 85' lang='grc' dir='ltr'>Οὑτω</span> <span class='ocrx_word' id='word_1_71' title='bbox 1104 1134 1168 1187; x_wconf 84' lang='grc' dir='ltr'><strong>τὸ</strong></span> <span class='ocrx_word' id='word_1_72' title='bbox 1205 1135 1402 1200; x_wconf 86' lang='grc' dir='ltr'>Λόγιον</span> <span class='ocrx_word' id='word_1_73' title='bbox 1436 1131 1750 1203; x_wconf 77' lang='grc' dir='ltr'><strong>θεωρήσας,</strong></span> <span class='ocrx_word' id='word_1_74' title='bbox 1784 1129 1878 1183; x_wconf 90' lang='grc' dir='ltr'><strong>τόν</strong></span> 
     </span>
    </p>
   </div>
   <div class='ocr_carea' id='block_1_13' title="bbox 1983 566 3577 648">
    <p class='ocr_par' dir='ltr' id='par_1_13' title="bbox 1983 566 3577 648">
     <span class='ocr_line' id='line_1_13' title="bbox 1983 566 3577 648; baseline 0.006 -20"><span class='ocrx_word' id='word_1_75' title='bbox 1983 576 2300 630; x_wconf 85' lang='lat' dir='ltr'><strong>hensionem</strong></span> <span class='ocrx_word' id='word_1_76' title='bbox 2326 577 2682 632; x_wconf 82' lang='lat' dir='ltr'><strong>mutationem</strong></span> <span class='ocrx_word' id='word_1_77' title='bbox 2709 591 2872 648; x_wconf 84' lang='lat' dir='ltr'><strong>atque</strong></span> <span class='ocrx_word' id='word_1_78' title='bbox 2895 581 3276 634; x_wconf 87' lang='lat' dir='ltr'><strong>alterationem</strong></span> <span class='ocrx_word' id='word_1_79' title='bbox 3295 566 3462 638; x_wconf 41' lang='lat' dir='ltr'><strong>&#39;Verbi</strong></span> <span class='ocrx_word' id='word_1_80' title='bbox 3492 600 3577 638; x_wconf 87' lang='lat' dir='ltr'><strong>ac-</strong></span> 
     </span>
    </p>
   </div>
   <div class='ocr_carea' id='block_1_14' title="bbox 1978 668 3576 743">
    <p class='ocr_par' dir='ltr' id='par_1_14' title="bbox 1978 668 3576 743">
     <span class='ocr_line' id='line_1_14' title="bbox 1978 668 3576 743; baseline 0.004 -22"><span class='ocrx_word' id='word_1_81' title='bbox 1978 669 2271 722; x_wconf 87' lang='lat' dir='ltr'><strong>cusaturis.</strong></span> <span class='ocrx_word' id='word_1_82' title='bbox 2307 668 2448 724; x_wconf 91' lang='lat' dir='ltr'><strong>Dicit</strong></span> <span class='ocrx_word' id='word_1_83' title='bbox 2475 671 2618 725; x_wconf 91' lang='lat' dir='ltr'><strong>enim</strong></span> <span class='ocrx_word' id='word_1_84' title='bbox 2655 674 3025 743; x_wconf 77' lang='lat' dir='ltr'><strong>evangelista:</strong></span> <span class='ocrx_word' id='word_1_85' title='bbox 3067 671 3287 726; x_wconf 80' lang='lat' dir='ltr'><strong>Verbum</strong></span> <span class='ocrx_word' id='word_1_86' title='bbox 3329 689 3454 726; x_wconf 84' lang='lat' dir='ltr'><strong>cara</strong></span> <span class='ocrx_word' id='word_1_87' title='bbox 3489 675 3576 742; x_wconf 81' lang='lat' dir='ltr'><strong>fa-</strong></span> 
     </span>
    </p>
   </div>
   <div class='ocr_carea' id='block_1_15' title="bbox 1979 761 3576 831">
    <p class='ocr_par' dir='ltr' id='par_1_15' title="bbox 1979 761 3576 831">
     <span class='ocr_line' id='line_1_15' title="bbox 1979 761 3576 831; baseline 0.006 -21"><span class='ocrx_word' id='word_1_88' title='bbox 1979 769 2115 812; x_wconf 88' lang='lat' dir='ltr'><strong>ctunt</strong></span> <span class='ocrx_word' id='word_1_89' title='bbox 2135 769 2232 824; x_wconf 81' lang='lat' dir='ltr'><strong>est,</strong></span> <span class='ocrx_word' id='word_1_90' title='bbox 2253 761 2434 816; x_wconf 78' lang='lat' dir='ltr'><strong>statim</strong></span> <span class='ocrx_word' id='word_1_91' title='bbox 2458 764 2663 829; x_wconf 86' lang='lat' dir='ltr'><strong>subdit,</strong></span> <span class='ocrx_word' id='word_1_92' title='bbox 2687 763 2750 816; x_wconf 73' lang='lat' dir='ltr'><strong>Et</strong></span> <span class='ocrx_word' id='word_1_93' title='bbox 2773 765 3027 819; x_wconf 80' lang='lat' dir='ltr'><strong>habitavit</strong></span> <span class='ocrx_word' id='word_1_94' title='bbox 3051 766 3104 818; x_wconf 85' lang='lat' dir='ltr'><strong>in</strong></span> <span class='ocrx_word' id='word_1_95' title='bbox 3129 767 3312 831; x_wconf 75' lang='lat' dir='ltr'><strong>nobis;</strong></span> <span class='ocrx_word' id='word_1_96' title='bbox 3337 766 3389 820; x_wconf 90' lang='lat' dir='ltr'><strong>in</strong></span> <span class='ocrx_word' id='word_1_97' title='bbox 3414 783 3576 820; x_wconf 86' lang='lat' dir='ltr'><strong>unam</strong></span> 
     </span>
    </p>
   </div>
   <div class='ocr_carea' id='block_1_16' title="bbox 1981 860 3579 930">
    <p class='ocr_par' dir='ltr' id='par_1_16' title="bbox 1981 860 3579 930">
     <span class='ocr_line' id='line_1_16' title="bbox 1981 860 3579 930; baseline 0.008 -27"><span class='ocrx_word' id='word_1_98' title='bbox 1981 863 2275 919; x_wconf 81' lang='lat' dir='ltr'><strong>personam</strong></span> <span class='ocrx_word' id='word_1_99' title='bbox 2307 863 2655 922; x_wconf 64' lang='lat' dir='ltr'><strong>conventum,»</strong></span> <span class='ocrx_word' id='word_1_100' title='bbox 2690 868 2744 911; x_wconf 90' lang='lat' dir='ltr'><strong>et</strong></span> <span class='ocrx_word' id='word_1_101' title='bbox 2787 860 2910 912; x_wconf 90' lang='lat' dir='ltr'><strong>inde</strong></span> <span class='ocrx_word' id='word_1_102' title='bbox 2938 861 3252 915; x_wconf 85' lang='lat' dir='ltr'><strong>mutabilem</strong></span> <span class='ocrx_word' id='word_1_103' title='bbox 3289 873 3579 930; x_wconf 86' lang='lat' dir='ltr'><strong>utramque</strong></span> 
     </span>
    </p>
   </div>
   <div class='ocr_carea' id='block_1_17' title="bbox 1983 952 3578 1022">
    <p class='ocr_par' dir='ltr' id='par_1_17' title="bbox 1983 952 3578 1022">
     <span class='ocr_line' id='line_1_17' title="bbox 1983 952 3578 1022; baseline 0.007 -24"><span class='ocrx_word' id='word_1_104' title='bbox 1983 953 2235 1001; x_wconf 88' lang='lat' dir='ltr'><strong>naturam</strong></span> <span class='ocrx_word' id='word_1_105' title='bbox 2282 958 2520 1019; x_wconf 86' lang='lat' dir='ltr'><strong>utraque</strong></span> <span class='ocrx_word' id='word_1_106' title='bbox 2569 953 2850 1020; x_wconf 75' lang='lat' dir='ltr'><strong>explicans</strong></span> <span class='ocrx_word' id='word_1_107' title='bbox 2890 969 3045 1009; x_wconf 88' lang='lat' dir='ltr'><strong>voce.</strong></span> <span class='ocrx_word' id='word_1_108' title='bbox 3097 952 3190 1008; x_wconf 86' lang='lat' dir='ltr'><strong>Sic</strong></span> <span class='ocrx_word' id='word_1_109' title='bbox 3234 955 3578 1022; x_wconf 81' lang='lat' dir='ltr'><strong>Scripturam</strong></span> 
     </span>
    </p>
   </div>
   <div class='ocr_carea' id='block_1_18' title="bbox 1981 1041 3580 1115">
    <p class='ocr_par' dir='ltr' id='par_1_18' title="bbox 1981 1041 3580 1115">
     <span class='ocr_line' id='line_1_18' title="bbox 1981 1041 3580 1115; baseline 0.004 -21"><span class='ocrx_word' id='word_1_110' title='bbox 1981 1041 2404 1110; x_wconf 74' lang='lat' dir='ltr'><strong>contemplatus,</strong></span> <span class='ocrx_word' id='word_1_111' title='bbox 2423 1041 2874 1113; x_wconf 79' lang='lat' dir='ltr'><strong>Chrysoslomnm</strong></span> <span class='ocrx_word' id='word_1_112' title='bbox 2898 1055 3090 1099; x_wconf 90' lang='lat' dir='ltr'><strong>testem</strong></span> <span class='ocrx_word' id='word_1_113' title='bbox 3112 1047 3354 1111; x_wconf 79' lang='lat' dir='ltr'><strong>adhibet,</strong></span> <span class='ocrx_word' id='word_1_114' title='bbox 3370 1056 3424 1101; x_wconf 91' lang='lat' dir='ltr'><strong>et</strong></span> <span class='ocrx_word' id='word_1_115' title='bbox 3444 1061 3580 1115; x_wconf 54' lang='lat' dir='ltr'><strong>pra.»-</strong></span> 
     </span>
    </p>
   </div>
   <div class='ocr_carea' id='block_1_19' title="bbox 1985 1132 3575 1208">
    <p class='ocr_par' dir='ltr' id='par_1_19' title="bbox 1985 1132 3575 1208">
     <span class='ocr_line' id='line_1_19' title="bbox 1985 1132 3575 1208; baseline 0.004 -22"><span class='ocrx_word' id='word_1_116' title='bbox 1985 1143 2133 1187; x_wconf 82' lang='lat' dir='ltr'><strong>terea</strong></span> <span class='ocrx_word' id='word_1_117' title='bbox 2153 1132 2440 1204; x_wconf 84' lang='lat' dir='ltr'><strong>Cyrillum,</strong></span> <span class='ocrx_word' id='word_1_118' title='bbox 2457 1136 2838 1202; x_wconf 82' lang='lat' dir='ltr'><strong>Athanasium,</strong></span> <span class='ocrx_word' id='word_1_119' title='bbox 2860 1136 3184 1206; x_wconf 77' lang='lat' dir='ltr'><strong>Gregorium</strong></span> <span class='ocrx_word' id='word_1_120' title='bbox 3215 1136 3575 1208; x_wconf 77' lang='lat' dir='ltr'><strong>Theologum.</strong></span> 
     </span>
    </p>
   </div>
   <div class='ocr_carea' id='block_1_20' title="bbox 278 1223 3574 1307">
    <p class='ocr_par' dir='ltr' id='par_1_20' title="bbox 278 1223 3574 1307">
     <span class='ocr_line' id='line_1_20' title="bbox 278 1223 3574 1307; baseline 0.002 -25"><span class='ocrx_word' id='word_1_121' title='bbox 278 1248 346 1282; x_wconf 82' lang='grc' dir='ltr'><strong>τε</strong></span> <span class='ocrx_word' id='word_1_122' title='bbox 395 1231 788 1301; x_wconf 79' lang='grc' dir='ltr'>Χρυσόστομου</span> <span class='ocrx_word' id='word_1_123' title='bbox 841 1231 1096 1302; x_wconf 86' lang='grc' dir='ltr'>μάρτυρα</span> <span class='ocrx_word' id='word_1_124' title='bbox 1140 1228 1296 1283; x_wconf 84' lang='grc' dir='ltr'>καλεῖ</span> <span class='ocrx_word' id='word_1_125' title='bbox 1323 1229 1417 1281; x_wconf 82' lang='grc' dir='ltr'>καὶ</span> <span class='ocrx_word' id='word_1_126' title='bbox 1440 1227 1538 1280; x_wconf 82' lang='grc' dir='ltr'>σὺν</span> <span class='ocrx_word' id='word_1_127' title='bbox 1580 1225 1737 1296; x_wconf 84' lang='grc' dir='ltr'>αὐτῷ</span> <span class='ocrx_word' id='word_1_128' title='bbox 1782 1223 2053 1297; x_wconf 81' lang='grc' dir='ltr'>Κύριλλον</span> <span class='ocrx_word' id='word_1_129' title='bbox 2125 1228 2224 1282; x_wconf 81' lang='grc' dir='ltr'>καὶ</span> <span class='ocrx_word' id='word_1_130' title='bbox 2288 1229 2614 1286; x_wconf 80' lang='grc' dir='ltr'>Ἀθανάσιον</span> <span class='ocrx_word' id='word_1_131' title='bbox 2663 1232 2758 1285; x_wconf 78' lang='grc' dir='ltr'><strong>καὶ</strong></span> <span class='ocrx_word' id='word_1_132' title='bbox 2792 1233 2885 1286; x_wconf 77' lang='grc' dir='ltr'><strong>τὸν</strong></span> <span class='ocrx_word' id='word_1_133' title='bbox 2923 1233 3187 1303; x_wconf 83' lang='grc' dir='ltr'>Θεολόγον</span> <span class='ocrx_word' id='word_1_134' title='bbox 3253 1235 3574 1307; x_wconf 81' lang='grc' dir='ltr'>Γρηγόριον,</span> 
     </span>
    </p>
   </div>
   <div class='ocr_carea' id='block_1_21' title="bbox 281 1323 1382 1397">
    <p class='ocr_par' dir='ltr' id='par_1_21' title="bbox 281 1323 1382 1397">
     <span class='ocr_line' id='line_1_21' title="bbox 281 1323 1382 1397; baseline -0.004 -18"><span class='ocrx_word' id='word_1_135' title='bbox 281 1325 687 1397; x_wconf 75' lang='grc' dir='ltr'><strong>παραπλησίως</strong></span> <span class='ocrx_word' id='word_1_136' title='bbox 704 1325 766 1378; x_wconf 83' lang='grc' dir='ltr'><strong>τὸ</strong></span> <span class='ocrx_word' id='word_1_137' title='bbox 800 1323 966 1396; x_wconf 80' lang='grc' dir='ltr'>ῥητὸν</span> <span class='ocrx_word' id='word_1_138' title='bbox 995 1324 1382 1394; x_wconf 79' lang='grc' dir='ltr'>ὲννοήσαντας.</span> 
     </span>
    </p>
   </div>
   <div class='ocr_carea' id='block_1_22' title="bbox 355 1406 1877 1486">
    <p class='ocr_par' dir='ltr' id='par_1_22' title="bbox 355 1406 1877 1486">
     <span class='ocr_line' id='line_1_22' title="bbox 355 1406 1877 1486; baseline -0.005 -14"><span class='ocrx_word' id='word_1_139' title='bbox 355 1417 627 1472; x_wconf 76' lang='grc' dir='ltr'>Κάκεῖθεν</span> <span class='ocrx_word' id='word_1_140' title='bbox 691 1416 856 1470; x_wconf 87' lang='grc' dir='ltr'>πάλιν</span> <span class='ocrx_word' id='word_1_141' title='bbox 905 1415 1145 1485; x_wconf 82' lang='grc' dir='ltr'>παράγει</span> <span class='ocrx_word' id='word_1_142' title='bbox 1188 1413 1351 1486; x_wconf 76' lang='grc' dir='ltr'>ῥητὰ,</span> <span class='ocrx_word' id='word_1_143' title='bbox 1401 1406 1478 1466; x_wconf 78' lang='grc' dir='ltr'><strong>ὧν</strong></span> <span class='ocrx_word' id='word_1_144' title='bbox 1528 1411 1735 1482; x_wconf 83' lang='grc' dir='ltr'>Δόμνος</span> <span class='ocrx_word' id='word_1_145' title='bbox 1781 1412 1877 1465; x_wconf 78' lang='grc' dir='ltr'><strong>καὶ</strong></span> 
     </span>
    </p>
   </div>
   <div class='ocr_carea' id='block_1_23' title="bbox 279 1503 1876 1580">
    <p class='ocr_par' dir='ltr' id='par_1_23' title="bbox 279 1503 1876 1580">
     <span class='ocr_line' id='line_1_23' title="bbox 279 1503 1876 1580; baseline -0.003 -18"><span class='ocrx_word' id='word_1_146' title='bbox 279 1509 544 1580; x_wconf 78' lang='grc' dir='ltr'><strong>Ἰωάννης</strong></span> <span class='ocrx_word' id='word_1_147' title='bbox 568 1509 914 1580; x_wconf 80' lang='grc' dir='ltr'>γεννήτορες,</span> <span class='ocrx_word' id='word_1_148' title='bbox 934 1508 1030 1561; x_wconf 76' lang='grc' dir='ltr'>καὶ</span> <span class='ocrx_word' id='word_1_149' title='bbox 1051 1507 1327 1560; x_wconf 82' lang='grc' dir='ltr'>δείκνυσιν</span> <span class='ocrx_word' id='word_1_150' title='bbox 1351 1505 1547 1568; x_wconf 81' lang='grc' dir='ltr'>αὐτοὺς</span> <span class='ocrx_word' id='word_1_151' title='bbox 1571 1505 1639 1558; x_wconf 86' lang='grc' dir='ltr'><strong>δι’</strong></span> <span class='ocrx_word' id='word_1_152' title='bbox 1666 1503 1876 1558; x_wconf 80' lang='grc' dir='ltr'>ἑαυτῶν</span> 
     </span>
    </p>
   </div>
   <div class='ocr_carea' id='block_1_24' title="bbox 280 1596 1876 1668">
    <p class='ocr_par' dir='ltr' id='par_1_24' title="bbox 280 1596 1876 1668">
     <span class='ocr_line' id='line_1_24' title="bbox 280 1596 1876 1668; baseline -0.003 -15"><span class='ocrx_word' id='word_1_153' title='bbox 280 1603 380 1653; x_wconf 72' lang='grc' dir='ltr'>καὶ</span> <span class='ocrx_word' id='word_1_154' title='bbox 414 1601 648 1662; x_wconf 82' lang='grc' dir='ltr'>ἄκοντας</span> <span class='ocrx_word' id='word_1_155' title='bbox 691 1601 978 1668; x_wconf 77' lang='grc' dir='ltr'>ὁμολογεῖν</span> <span class='ocrx_word' id='word_1_156' title='bbox 1020 1600 1080 1652; x_wconf 79' lang='grc' dir='ltr'>ἐν</span> <span class='ocrx_word' id='word_1_157' title='bbox 1118 1600 1233 1662; x_wconf 87' lang='grc' dir='ltr'>τοῖς</span> <span class='ocrx_word' id='word_1_158' title='bbox 1267 1596 1544 1660; x_wconf 74' lang='grc' dir='ltr'>πλείστοις</span> <span class='ocrx_word' id='word_1_159' title='bbox 1577 1597 1612 1651; x_wconf 82' lang='grc' dir='ltr'><strong>ἆ</strong></span> <span class='ocrx_word' id='word_1_160' title='bbox 1637 1597 1734 1650; x_wconf 79' lang='grc' dir='ltr'><strong>καὶ</strong></span> <span class='ocrx_word' id='word_1_161' title='bbox 1757 1598 1790 1667; x_wconf 83' lang='grc' dir='ltr'><strong>ἡ</strong></span> <span class='ocrx_word' id='word_1_162' title='bbox 1816 1599 1876 1650; x_wconf 83' lang='grc' dir='ltr'><strong>ὲν</strong></span> 
     </span>
    </p>
   </div>
   <div class='ocr_carea' id='block_1_25' title="bbox 279 1688 1876 1762">
    <p class='ocr_par' dir='ltr' id='par_1_25' title="bbox 279 1688 1876 1762">
     <span class='ocr_line' id='line_1_25' title="bbox 279 1688 1876 1762; baseline -0.003 -18"><span class='ocrx_word' id='word_1_163' title='bbox 279 1691 591 1762; x_wconf 75' lang='grc' dir='ltr'><strong>Καλχηδόνι</strong></span> <span class='ocrx_word' id='word_1_164' title='bbox 617 1690 841 1754; x_wconf 81' lang='grc' dir='ltr'>ἑδόξασε</span> <span class='ocrx_word' id='word_1_165' title='bbox 870 1690 1108 1755; x_wconf 82' lang='grc' dir='ltr'>συνόδος,</span> <span class='ocrx_word' id='word_1_166' title='bbox 1135 1691 1228 1744; x_wconf 79' lang='grc' dir='ltr'><strong>καὶ</strong></span> <span class='ocrx_word' id='word_1_167' title='bbox 1254 1690 1431 1760; x_wconf 82' lang='grc' dir='ltr'>μάτην</span> <span class='ocrx_word' id='word_1_168' title='bbox 1455 1689 1652 1752; x_wconf 81' lang='grc' dir='ltr'>αὐτοὺς</span> <span class='ocrx_word' id='word_1_169' title='bbox 1673 1688 1876 1758; x_wconf 86' lang='grc' dir='ltr'>ταύτην</span> 
     </span>
    </p>
   </div>
   <div class='ocr_carea' id='block_1_26' title="bbox 277 1775 1875 1853">
    <p class='ocr_par' dir='ltr' id='par_1_26' title="bbox 277 1775 1875 1853">
     <span class='ocr_line' id='line_1_26' title="bbox 277 1775 1875 1853; baseline -0.003 -18"><span class='ocrx_word' id='word_1_170' title='bbox 277 1784 671 1852; x_wconf 70' lang='grc' dir='ltr'>ἐκτρέπεσθαι.</span> <span class='ocrx_word' id='word_1_171' title='bbox 727 1784 802 1835; x_wconf 82' lang='grc' dir='ltr'><strong>Τὸ</strong></span> <span class='ocrx_word' id='word_1_172' title='bbox 839 1781 1023 1853; x_wconf 86' lang='grc' dir='ltr'>μέντοι</span> <span class='ocrx_word' id='word_1_173' title='bbox 1044 1781 1225 1850; x_wconf 86' lang='grc' dir='ltr'>λέγειν</span> <span class='ocrx_word' id='word_1_174' title='bbox 1256 1782 1321 1833; x_wconf 74' lang='grc' dir='ltr'>ὲκ</span> <span class='ocrx_word' id='word_1_175' title='bbox 1358 1781 1453 1834; x_wconf 88' lang='grc' dir='ltr'><strong>δύο</strong></span> <span class='ocrx_word' id='word_1_176' title='bbox 1481 1779 1696 1850; x_wconf 82' lang='grc' dir='ltr'><strong>φύσεων</strong></span> <span class='ocrx_word' id='word_1_177' title='bbox 1736 1775 1875 1832; x_wconf 76' lang='grc' dir='ltr'>εἶναι</span> 
     </span>
    </p>
   </div>
   <div class='ocr_carea' id='block_1_27' title="bbox 276 1870 1875 1948">
    <p class='ocr_par' dir='ltr' id='par_1_27' title="bbox 276 1870 1875 1948">
     <span class='ocr_line' id='line_1_27' title="bbox 276 1870 1875 1948; baseline -0.003 -20"><span class='ocrx_word' id='word_1_178' title='bbox 276 1881 378 1932; x_wconf 76' lang='grc' dir='ltr'>τὸν</span> <span class='ocrx_word' id='word_1_179' title='bbox 418 1876 625 1948; x_wconf 83' lang='grc' dir='ltr'>Κύριον</span> <span class='ocrx_word' id='word_1_180' title='bbox 657 1874 814 1946; x_wconf 80' lang='grc' dir='ltr'>ἡμῶν</span> <span class='ocrx_word' id='word_1_181' title='bbox 849 1873 1061 1944; x_wconf 82' lang='grc' dir='ltr'><strong>Ἰησοῦν</strong></span> <span class='ocrx_word' id='word_1_182' title='bbox 1086 1872 1218 1946; x_wconf 70' lang='lat'>[422</span> <span class='ocrx_word' id='word_1_183' title='bbox 1242 1872 1334 1944; x_wconf 82' lang='lat' dir='ltr'><strong>H.J</strong></span> <span class='ocrx_word' id='word_1_184' title='bbox 1366 1872 1602 1943; x_wconf 80' lang='grc' dir='ltr'>Χριστὸν</span> <span class='ocrx_word' id='word_1_185' title='bbox 1643 1870 1748 1941; x_wconf 82' lang='grc' dir='ltr'><strong>πρὸ</strong></span> <span class='ocrx_word' id='word_1_186' title='bbox 1776 1871 1875 1940; x_wconf 79' lang='grc' dir='ltr'>τῆς</span> 
     </span>
    </p>
   </div>
   <div class='ocr_carea' id='block_1_28' title="bbox 2054 1410 3579 1481">
    <p class='ocr_par' dir='ltr' id='par_1_28' title="bbox 2054 1410 3579 1481">
     <span class='ocr_line' id='line_1_28' title="bbox 2054 1410 3579 1481; baseline 0.004 -17"><span class='ocrx_word' id='word_1_187' title='bbox 2054 1411 2188 1465; x_wconf 83' lang='lat' dir='ltr'><strong>llinc</strong></span> <span class='ocrx_word' id='word_1_188' title='bbox 2217 1423 2434 1464; x_wconf 83' lang='lat' dir='ltr'><strong>rursum</strong></span> <span class='ocrx_word' id='word_1_189' title='bbox 2472 1412 2619 1465; x_wconf 88' lang='lat' dir='ltr'><strong>dicta</strong></span> <span class='ocrx_word' id='word_1_190' title='bbox 2648 1410 2824 1474; x_wconf 64' lang='lat' dir='ltr'><strong>affert,</strong></span> <span class='ocrx_word' id='word_1_191' title='bbox 2859 1427 3092 1481; x_wconf 86' lang='lat' dir='ltr'><strong>quorum</strong></span> <span class='ocrx_word' id='word_1_192' title='bbox 3129 1423 3383 1472; x_wconf 83' lang='lat' dir='ltr'><strong>auctores</strong></span> <span class='ocrx_word' id='word_1_193' title='bbox 3419 1419 3579 1474; x_wconf 83' lang='lat' dir='ltr'><strong>Dom-</strong></span> 
     </span>
    </p>
   </div>
   <div class='ocr_carea' id='block_1_29' title="bbox 1981 1501 3576 1578">
    <p class='ocr_par' dir='ltr' id='par_1_29' title="bbox 1981 1501 3576 1578">
     <span class='ocr_line' id='line_1_29' title="bbox 1981 1501 3576 1578; baseline 0.006 -23"><span class='ocrx_word' id='word_1_194' title='bbox 1981 1517 2086 1557; x_wconf 90' lang='lat' dir='ltr'><strong>nns</strong></span> <span class='ocrx_word' id='word_1_195' title='bbox 2127 1511 2180 1554; x_wconf 85' lang='lat' dir='ltr'><strong>et</strong></span> <span class='ocrx_word' id='word_1_196' title='bbox 2207 1501 2406 1572; x_wconf 69' lang='lat' dir='ltr'><strong>25Gb</strong></span> <span class='ocrx_word' id='word_1_197' title='bbox 2444 1501 2702 1566; x_wconf 78' lang='lat' dir='ltr'><strong>Joannes,</strong></span> <span class='ocrx_word' id='word_1_198' title='bbox 2757 1512 2812 1558; x_wconf 91' lang='lat' dir='ltr'><strong>et</strong></span> <span class='ocrx_word' id='word_1_199' title='bbox 2867 1506 3105 1560; x_wconf 83' lang='lat' dir='ltr'><strong>ostendit</strong></span> <span class='ocrx_word' id='word_1_200' title='bbox 3144 1505 3286 1576; x_wconf 86' lang='lat' dir='ltr'><strong>ipsos</strong></span> <span class='ocrx_word' id='word_1_201' title='bbox 3347 1524 3444 1578; x_wconf 88' lang='lat' dir='ltr'><strong>per</strong></span> <span class='ocrx_word' id='word_1_202' title='bbox 3494 1524 3576 1576; x_wconf 86' lang='lat' dir='ltr'><strong>se,</strong></span> 
     </span>
    </p>
   </div>
   <div class='ocr_carea' id='block_1_30' title="bbox 1979 1591 3576 1666">
    <p class='ocr_par' dir='ltr' id='par_1_30' title="bbox 1979 1591 3576 1666">
     <span class='ocr_line' id='line_1_30' title="bbox 1979 1591 3576 1666; baseline 0.008 -22"><span class='ocrx_word' id='word_1_203' title='bbox 1979 1591 2142 1644; x_wconf 86' lang='lat' dir='ltr'><strong>etiam</strong></span> <span class='ocrx_word' id='word_1_204' title='bbox 2180 1591 2400 1652; x_wconf 82' lang='lat' dir='ltr'><strong>invitos,</strong></span> <span class='ocrx_word' id='word_1_205' title='bbox 2441 1591 2603 1646; x_wconf 79' lang='lat' dir='ltr'><strong>fateri</strong></span> <span class='ocrx_word' id='word_1_206' title='bbox 2661 1594 2803 1647; x_wconf 86' lang='lat' dir='ltr'><strong>inter</strong></span> <span class='ocrx_word' id='word_1_207' title='bbox 2860 1595 3080 1660; x_wconf 81' lang='lat' dir='ltr'><strong>multos,</strong></span> <span class='ocrx_word' id='word_1_208' title='bbox 3124 1611 3245 1666; x_wconf 64' lang='lat' dir='ltr'><strong>quae</strong></span> <span class='ocrx_word' id='word_1_209' title='bbox 3307 1599 3358 1652; x_wconf 93' lang='lat' dir='ltr'><strong>in</strong></span> <span class='ocrx_word' id='word_1_210' title='bbox 3418 1614 3576 1657; x_wconf 88' lang='lat' dir='ltr'><strong>sacra</strong></span> 
     </span>
    </p>
   </div>
   <div class='ocr_carea' id='block_1_31' title="bbox 1982 1679 3576 1752">
    <p class='ocr_par' dir='ltr' id='par_1_31' title="bbox 1982 1679 3576 1752">
     <span class='ocr_line' id='line_1_31' title="bbox 1982 1679 3576 1752; baseline 0.006 -18"><span class='ocrx_word' id='word_1_211' title='bbox 1982 1679 2422 1736; x_wconf 84' lang='lat' dir='ltr'><strong>Chalcedonensi</strong></span> <span class='ocrx_word' id='word_1_212' title='bbox 2447 1683 2656 1752; x_wconf 83' lang='lat' dir='ltr'><strong>synodo</strong></span> <span class='ocrx_word' id='word_1_213' title='bbox 2682 1685 2896 1738; x_wconf 87' lang='lat' dir='ltr'><strong>decreta</strong></span> <span class='ocrx_word' id='word_1_214' title='bbox 2939 1693 3085 1749; x_wconf 86' lang='lat' dir='ltr'><strong>sunt,</strong></span> <span class='ocrx_word' id='word_1_215' title='bbox 3128 1699 3182 1738; x_wconf 88' lang='lat' dir='ltr'><strong>et</strong></span> <span class='ocrx_word' id='word_1_216' title='bbox 3221 1697 3426 1742; x_wconf 82' lang='lat' dir='ltr'><strong>temere</strong></span> <span class='ocrx_word' id='word_1_217' title='bbox 3459 1689 3576 1745; x_wconf 66' lang='lat' dir='ltr'><strong>hare</strong></span> 
     </span>
    </p>
   </div>
   <div class='ocr_carea' id='block_1_32' title="bbox 1984 1773 3579 1845">
    <p class='ocr_par' dir='ltr' id='par_1_32' title="bbox 1984 1773 3579 1845">
     <span class='ocr_line' id='line_1_32' title="bbox 1984 1773 3579 1845; baseline 0.007 -19"><span class='ocrx_word' id='word_1_218' title='bbox 1984 1773 2134 1843; x_wconf 87' lang='lat' dir='ltr'><strong>ipsos</strong></span> <span class='ocrx_word' id='word_1_219' title='bbox 2165 1774 2458 1830; x_wconf 83' lang='lat' dir='ltr'><strong>invertere.</strong></span> <span class='ocrx_word' id='word_1_220' title='bbox 2493 1774 2624 1829; x_wconf 88' lang='lat' dir='ltr'><strong>Illud</strong></span> <span class='ocrx_word' id='word_1_221' title='bbox 2658 1777 2882 1845; x_wconf 85' lang='lat' dir='ltr'><strong>quidem</strong></span> <span class='ocrx_word' id='word_1_222' title='bbox 2910 1791 3173 1842; x_wconf 81' lang='lat' dir='ltr'><strong>asserere,</strong></span> <span class='ocrx_word' id='word_1_223' title='bbox 3204 1777 3389 1834; x_wconf 79' lang='lat' dir='ltr'><strong>Jesum</strong></span> <span class='ocrx_word' id='word_1_224' title='bbox 3425 1780 3579 1837; x_wconf 84' lang='lat' dir='ltr'><strong>Chri-</strong></span> 
     </span>
    </p>
   </div>
   <div class='ocr_carea' id='block_1_33' title="bbox 1986 1867 3578 1929">
    <p class='ocr_par' dir='ltr' id='par_1_33' title="bbox 1986 1867 3578 1929">
     <span class='ocr_line' id='line_1_33' title="bbox 1986 1867 3578 1929; baseline 0.006 -10"><span class='ocrx_word' id='word_1_225' title='bbox 1986 1875 2126 1919; x_wconf 87' lang='lat' dir='ltr'><strong>stum</strong></span> <span class='ocrx_word' id='word_1_226' title='bbox 2162 1882 2194 1920; x_wconf 91' lang='lat' dir='ltr'><strong>e</strong></span> <span class='ocrx_word' id='word_1_227' title='bbox 2217 1867 2423 1922; x_wconf 80' lang='lat' dir='ltr'><strong>duabus</strong></span> <span class='ocrx_word' id='word_1_228' title='bbox 2480 1869 2691 1924; x_wconf 83' lang='lat' dir='ltr'><strong>naturis</strong></span> <span class='ocrx_word' id='word_1_229' title='bbox 2727 1878 2982 1924; x_wconf 83' lang='lat' dir='ltr'><strong>constare</strong></span> <span class='ocrx_word' id='word_1_230' title='bbox 3035 1870 3207 1924; x_wconf 81' lang='lat' dir='ltr'><strong>etiam</strong></span> <span class='ocrx_word' id='word_1_231' title='bbox 3262 1883 3388 1928; x_wconf 88' lang='lat' dir='ltr'><strong>ante</strong></span> <span class='ocrx_word' id='word_1_232' title='bbox 3421 1875 3578 1929; x_wconf 92' lang='lat' dir='ltr'><strong>unio-</strong></span> 
     </span>
    </p>
   </div>
   <div class='ocr_carea' id='block_1_34' title="bbox 284 1938 1875 2037">
    <p class='ocr_par' dir='ltr' id='par_1_34' title="bbox 284 1938 1874 2037">
     <span class='ocr_line' id='line_1_34' title="bbox 284 1938 1874 2037; baseline -0.005 -13"><span class='ocrx_word' id='word_1_233' title='bbox 284 1938 540 2034; x_wconf 70' lang='grc' dir='ltr'>ὲνώσεως</span> <span class='ocrx_word' id='word_1_234' title='bbox 591 1938 875 2031; x_wconf 74' lang='grc' dir='ltr'>παντελῶς</span> <span class='ocrx_word' id='word_1_235' title='bbox 914 1938 1130 2037; x_wconf 55' lang='lat' dir='ltr'><strong>usus).</strong></span> <span class='ocrx_word' id='word_1_236' title='bbox 1174 1938 1442 2036; x_wconf 47' lang='grc' dir='ltr'>μετὰ-τῆς</span> <span class='ocrx_word' id='word_1_237' title='bbox 1480 1938 1735 2026; x_wconf 74' lang='grc' dir='ltr'>ἀσεϐείας</span> <span class='ocrx_word' id='word_1_238' title='bbox 1779 1938 1874 2016; x_wconf 74' lang='grc' dir='ltr'><strong>καὶ</strong></span> 
     </span>
    </p>
   </div>
   <div class='ocr_carea' id='block_1_35' title="bbox 1984 1938 3575 2037">
    <p class='ocr_par' dir='ltr' id='par_1_35' title="bbox 1989 1954 3575 2030">
     <span class='ocr_line' id='line_1_35' title="bbox 1989 1954 3575 2030; baseline 0.006 -19"><span class='ocrx_word' id='word_1_239' title='bbox 1989 1972 2136 2023; x_wconf 86' lang='lat' dir='ltr'><strong>nem,</strong></span> <span class='ocrx_word' id='word_1_240' title='bbox 2190 1954 2414 2030; x_wconf 86' lang='lat' dir='ltr'><strong>impium</strong></span> <span class='ocrx_word' id='word_1_241' title='bbox 2453 1960 2670 2028; x_wconf 86' lang='lat' dir='ltr'><strong>penitus</strong></span> <span class='ocrx_word' id='word_1_242' title='bbox 2723 1967 2779 2015; x_wconf 88' lang='lat' dir='ltr'><strong>et</strong></span> <span class='ocrx_word' id='word_1_243' title='bbox 2833 1962 3126 2015; x_wconf 87' lang='lat' dir='ltr'><strong>absurdum</strong></span> <span class='ocrx_word' id='word_1_244' title='bbox 3159 1977 3282 2018; x_wconf 83' lang='lat' dir='ltr'><strong>esse</strong></span> <span class='ocrx_word' id='word_1_245' title='bbox 3315 1965 3575 2020; x_wconf 85' lang='lat' dir='ltr'><strong>declarat.</strong></span> 
     </span>
    </p>
   </div>
   <div class='ocr_carea' id='block_1_36' title="bbox 277 2055 1875 2132">
    <p class='ocr_par' dir='ltr' id='par_1_36' title="bbox 277 2055 1875 2132">
     <span class='ocr_line' id='line_1_36' title="bbox 277 2055 1875 2132; baseline -0.008 -12"><span class='ocrx_word' id='word_1_246' title='bbox 277 2064 500 2132; x_wconf 83' lang='grc' dir='ltr'>ἄλογον.</span> <span class='ocrx_word' id='word_1_247' title='bbox 541 2062 606 2114; x_wconf 84' lang='grc' dir='ltr'><em>Ἡ</em></span> <span class='ocrx_word' id='word_1_248' title='bbox 635 2061 734 2131; x_wconf 82' lang='grc' dir='ltr'><strong>μὲν</strong></span> <span class='ocrx_word' id='word_1_249' title='bbox 765 2059 876 2130; x_wconf 82' lang='grc' dir='ltr'>γὰρ</span> <span class='ocrx_word' id='word_1_250' title='bbox 919 2058 1016 2112; x_wconf 81' lang='grc' dir='ltr'>τοῦ</span> <span class='ocrx_word' id='word_1_251' title='bbox 1045 2057 1224 2127; x_wconf 79' lang='grc' dir='ltr'>Λόγου</span> <span class='ocrx_word' id='word_1_252' title='bbox 1278 2057 1438 2126; x_wconf 80' lang='grc' dir='ltr'><strong>φύσις</strong></span> <span class='ocrx_word' id='word_1_253' title='bbox 1465 2055 1578 2122; x_wconf 74' lang='grc' dir='ltr'>ἀεὶ,</span> <span class='ocrx_word' id='word_1_254' title='bbox 1607 2055 1752 2110; x_wconf 71' lang='grc' dir='ltr'>καθὰ</span> <span class='ocrx_word' id='word_1_255' title='bbox 1780 2055 1875 2110; x_wconf 80' lang='grc' dir='ltr'>καὶ</span> 
     </span>
    </p>
   </div>
   <div class='ocr_carea' id='block_1_37' title="bbox 282 2145 1876 2224">
    <p class='ocr_par' dir='ltr' id='par_1_37' title="bbox 282 2145 1876 2224">
     <span class='ocr_line' id='line_1_37' title="bbox 282 2145 1876 2224; baseline -0.005 -18"><span class='ocrx_word' id='word_1_256' title='bbox 282 2154 429 2224; x_wconf 84' lang='grc' dir='ltr'>με.τά</span> <span class='ocrx_word' id='word_1_257' title='bbox 450 2153 548 2224; x_wconf 79' lang='grc' dir='ltr'>τὴν</span> <span class='ocrx_word' id='word_1_258' title='bbox 576 2150 996 2221; x_wconf 79' lang='grc' dir='ltr'>ἐνανθρώπησιν</span> <span class='ocrx_word' id='word_1_259' title='bbox 1023 2148 1095 2214; x_wconf 78' lang='grc' dir='ltr'><strong>³ο,</strong></span> <span class='ocrx_word' id='word_1_260' title='bbox 1136 2147 1411 2209; x_wconf 72' lang='grc' dir='ltr'>συναΐδιος</span> <span class='ocrx_word' id='word_1_261' title='bbox 1449 2147 1543 2202; x_wconf 70' lang='grc' dir='ltr'><strong>καὶ</strong></span> <span class='ocrx_word' id='word_1_262' title='bbox 1589 2145 1876 2215; x_wconf 76' lang='grc' dir='ltr'>ὁμοούσιος</span> 
     </span>
    </p>
   </div>
   <div class='ocr_carea' id='block_1_38' title="bbox 281 2237 1878 2316">
    <p class='ocr_par' dir='ltr' id='par_1_38' title="bbox 281 2237 1878 2316">
     <span class='ocr_line' id='line_1_38' title="bbox 281 2237 1878 2316; baseline -0.004 -19"><span class='ocrx_word' id='word_1_263' title='bbox 281 2246 502 2316; x_wconf 80' lang='grc' dir='ltr'>ὑπῆρχε</span> <span class='ocrx_word' id='word_1_264' title='bbox 533 2242 612 2314; x_wconf 81' lang='grc' dir='ltr'><strong>τῷ</strong></span> <span class='ocrx_word' id='word_1_265' title='bbox 654 2241 831 2314; x_wconf 81' lang='grc' dir='ltr'>Πατρί</span> <span class='ocrx_word' id='word_1_266' title='bbox 854 2258 868 2271; x_wconf 90' lang='grc'><strong>·</strong></span> <span class='ocrx_word' id='word_1_267' title='bbox 923 2244 957 2310; x_wconf 79' lang='grc' dir='ltr'><strong>ἡ</strong></span> <span class='ocrx_word' id='word_1_268' title='bbox 978 2241 1036 2294; x_wconf 79' lang='grc' dir='ltr'><strong>δὲ</strong></span> <span class='ocrx_word' id='word_1_269' title='bbox 1068 2238 1206 2313; x_wconf 80' lang='grc' dir='ltr'>σάρξ</span> <span class='ocrx_word' id='word_1_270' title='bbox 1253 2237 1409 2292; x_wconf 72' lang='grc' dir='ltr'>οὔπω</span> <span class='ocrx_word' id='word_1_271' title='bbox 1457 2238 1535 2310; x_wconf 82' lang='grc' dir='ltr'>τῷ</span> <span class='ocrx_word' id='word_1_272' title='bbox 1567 2238 1727 2308; x_wconf 84' lang='grc' dir='ltr'>Λόγῳ</span> <span class='ocrx_word' id='word_1_273' title='bbox 1759 2254 1878 2292; x_wconf 77' lang='grc' dir='ltr'>συνο</span> 
     </span>
    </p>
   </div>
   <div class='ocr_carea' id='block_1_39' title="bbox 279 2326 1876 2408">
    <p class='ocr_par' dir='ltr' id='par_1_39' title="bbox 279 2326 1876 2408">
     <span class='ocr_line' id='line_1_39' title="bbox 279 2326 1876 2408; baseline -0.006 -17"><span class='ocrx_word' id='word_1_274' title='bbox 279 2337 522 2408; x_wconf 86' lang='grc' dir='ltr'>αφθεῖσα</span> <span class='ocrx_word' id='word_1_275' title='bbox 559 2335 683 2388; x_wconf 81' lang='grc' dir='ltr'>οὐδὲ</span> <span class='ocrx_word' id='word_1_276' title='bbox 715 2335 822 2387; x_wconf 83' lang='grc' dir='ltr'><strong>τῶν</strong></span> <span class='ocrx_word' id='word_1_277' title='bbox 857 2333 1214 2404; x_wconf 84' lang='grc' dir='ltr'>ὑπαρχόντων</span> <span class='ocrx_word' id='word_1_278' title='bbox 1243 2331 1382 2395; x_wconf 84' lang='grc' dir='ltr'>ὅλως</span> <span class='ocrx_word' id='word_1_279' title='bbox 1407 2326 1497 2401; x_wconf 82' lang='grc' dir='ltr'><strong>ἦν.</strong></span> <span class='ocrx_word' id='word_1_280' title='bbox 1532 2330 1658 2392; x_wconf 79' lang='grc' dir='ltr'><strong>Πῶς</strong></span> <span class='ocrx_word' id='word_1_281' title='bbox 1677 2329 1792 2393; x_wconf 79' lang='grc' dir='ltr'>οὖν,</span> <span class='ocrx_word' id='word_1_282' title='bbox 1825 2330 1876 2388; x_wconf 83' lang='grc' dir='ltr'><strong>ει</strong></span> 
     </span>
    </p>
   </div>
   <div class='ocr_carea' id='block_1_40' title="bbox 285 2421 1877 2500">
    <p class='ocr_par' dir='ltr' id='par_1_40' title="bbox 285 2421 1877 2500">
     <span class='ocr_line' id='line_1_40' title="bbox 285 2421 1877 2500; baseline -0.004 -20"><span class='ocrx_word' id='word_1_283' title='bbox 285 2429 368 2500; x_wconf 81' lang='grc' dir='ltr'>μή</span> <span class='ocrx_word' id='word_1_284' title='bbox 394 2445 476 2490; x_wconf 80' lang='grc' dir='ltr'><strong>τις</strong></span> <span class='ocrx_word' id='word_1_285' title='bbox 516 2427 693 2479; x_wconf 77' lang='grc' dir='ltr'>ἕλοιτο</span> <span class='ocrx_word' id='word_1_286' title='bbox 739 2425 1024 2496; x_wconf 79' lang='grc' dir='ltr'>Νεστορίῳ</span> <span class='ocrx_word' id='word_1_287' title='bbox 1072 2424 1414 2484; x_wconf 77' lang='grc' dir='ltr'>συνασεὸεῐν.</span> <span class='ocrx_word' id='word_1_288' title='bbox 1448 2426 1514 2476; x_wconf 84' lang='grc' dir='ltr'>ὲκ</span> <span class='ocrx_word' id='word_1_289' title='bbox 1535 2423 1632 2476; x_wconf 88' lang='grc' dir='ltr'><strong>δύο</strong></span> <span class='ocrx_word' id='word_1_290' title='bbox 1658 2421 1877 2492; x_wconf 78' lang='grc' dir='ltr'>φύσεων</span> 
     </span>
    </p>
   </div>
   <div class='ocr_carea' id='block_1_41' title="bbox 278 2514 1876 2591">
    <p class='ocr_par' dir='ltr' id='par_1_41' title="bbox 278 2514 1876 2591">
     <span class='ocr_line' id='line_1_41' title="bbox 278 2514 1876 2591; baseline -0.005 -16"><span class='ocrx_word' id='word_1_291' title='bbox 278 2522 376 2575; x_wconf 84' lang='grc' dir='ltr'><strong>τὸν</strong></span> <span class='ocrx_word' id='word_1_292' title='bbox 415 2520 621 2591; x_wconf 79' lang='grc' dir='ltr'>Κύριον</span> <span class='ocrx_word' id='word_1_293' title='bbox 667 2519 775 2590; x_wconf 80' lang='grc' dir='ltr'><strong>πρὸ</strong></span> <span class='ocrx_word' id='word_1_294' title='bbox 812 2518 912 2586; x_wconf 84' lang='grc' dir='ltr'>τῆς</span> <span class='ocrx_word' id='word_1_295' title='bbox 963 2515 1492 2585; x_wconf 79' lang='grc' dir='ltr'>ὲνανθρωπήσεωςῆ</span> <span class='ocrx_word' id='word_1_296' title='bbox 1534 2518 1671 2570; x_wconf 82' lang='grc' dir='ltr'>νοεῖν</span> <span class='ocrx_word' id='word_1_297' title='bbox 1709 2515 1741 2584; x_wconf 83' lang='grc' dir='ltr'>ἢ</span> <span class='ocrx_word' id='word_1_298' title='bbox 1785 2514 1876 2567; x_wconf 87' lang='grc' dir='ltr'>λέ-</span> 
     </span>
    </p>
   </div>
   <div class='ocr_carea' id='block_1_42' title="bbox 276 2607 1876 2682">
    <p class='ocr_par' dir='ltr' id='par_1_42' title="bbox 276 2607 1876 2682">
     <span class='ocr_line' id='line_1_42' title="bbox 276 2607 1876 2682; baseline -0.004 -16"><span class='ocrx_word' id='word_1_299' title='bbox 276 2631 403 2682; x_wconf 83' lang='grc' dir='ltr'>γειν</span> <span class='ocrx_word' id='word_1_300' title='bbox 433 2611 698 2678; x_wconf 82' lang='grc' dir='ltr'>δυνατόν;</span> <span class='ocrx_word' id='word_1_301' title='bbox 747 2610 807 2664; x_wconf 83' lang='grc' dir='ltr'><strong>τὸ</strong></span> <span class='ocrx_word' id='word_1_302' title='bbox 853 2611 1039 2681; x_wconf 84' lang='grc' dir='ltr'>μέντοι</span> <span class='ocrx_word' id='word_1_303' title='bbox 1066 2626 1129 2678; x_wconf 89' lang='grc' dir='ltr'><strong>γε</strong></span> <span class='ocrx_word' id='word_1_304' title='bbox 1163 2609 1302 2680; x_wconf 79' lang='grc' dir='ltr'>μετὰ</span> <span class='ocrx_word' id='word_1_305' title='bbox 1334 2608 1432 2677; x_wconf 83' lang='grc' dir='ltr'>τὴν</span> <span class='ocrx_word' id='word_1_306' title='bbox 1467 2608 1667 2662; x_wconf 74' lang='grc' dir='ltr'>ἕνωσιν</span> <span class='ocrx_word' id='word_1_307' title='bbox 1698 2607 1876 2674; x_wconf 83' lang='grc' dir='ltr'>λέγειν</span> 
     </span>
    </p>
   </div>
   <div class='ocr_carea' id='block_1_43' title="bbox 276 2697 1876 2774">
    <p class='ocr_par' dir='ltr' id='par_1_43' title="bbox 276 2697 1876 2774">
     <span class='ocr_line' id='line_1_43' title="bbox 276 2697 1876 2774; baseline -0.007 -11"><span class='ocrx_word' id='word_1_308' title='bbox 276 2708 350 2765; x_wconf 70' lang='grc' dir='ltr'>ἐκ</span> <span class='ocrx_word' id='word_1_309' title='bbox 396 2707 492 2761; x_wconf 86' lang='grc' dir='ltr'>δύο</span> <span class='ocrx_word' id='word_1_310' title='bbox 541 2697 779 2774; x_wconf 77' lang='grc' dir='ltr'>φύσεων,</span> <span class='ocrx_word' id='word_1_311' title='bbox 849 2702 1039 2772; x_wconf 84' lang='grc' dir='ltr'>ὥσπερ</span> <span class='ocrx_word' id='word_1_312' title='bbox 1089 2702 1184 2754; x_wconf 78' lang='grc' dir='ltr'>καὶ</span> <span class='ocrx_word' id='word_1_313' title='bbox 1219 2702 1278 2754; x_wconf 82' lang='grc' dir='ltr'>ἐν</span> <span class='ocrx_word' id='word_1_314' title='bbox 1320 2700 1464 2763; x_wconf 77' lang='grc' dir='ltr'>δυσὶ,</span> <span class='ocrx_word' id='word_1_315' title='bbox 1501 2699 1592 2752; x_wconf 77' lang='grc' dir='ltr'><strong>τὸν</strong></span> <span class='ocrx_word' id='word_1_316' title='bbox 1642 2698 1876 2770; x_wconf 82' lang='grc' dir='ltr'>Χριστὸν</span> 
     </span>
    </p>
   </div>
   <div class='ocr_carea' id='block_1_44' title="bbox 280 2790 1878 2870">
    <p class='ocr_par' dir='ltr' id='par_1_44' title="bbox 280 2790 1878 2870">
     <span class='ocr_line' id='line_1_44' title="bbox 280 2790 1878 2870; baseline -0.008 -16"><span class='ocrx_word' id='word_1_317' title='bbox 280 2800 514 2870; x_wconf 84' lang='grc' dir='ltr'>θεωρεῖν</span> <span class='ocrx_word' id='word_1_318' title='bbox 569 2796 795 2858; x_wconf 68' lang='grc' dir='ltr'>εὐσεϐές</span> <span class='ocrx_word' id='word_1_319' title='bbox 829 2812 890 2846; x_wconf 90' lang='grc' dir='ltr'><strong>τε</strong></span> <span class='ocrx_word' id='word_1_320' title='bbox 919 2794 1015 2847; x_wconf 68' lang='grc' dir='ltr'>καὶ</span> <span class='ocrx_word' id='word_1_321' title='bbox 1042 2793 1152 2846; x_wconf 81' lang='grc' dir='ltr'>τῶν</span> <span class='ocrx_word' id='word_1_322' title='bbox 1191 2791 1489 2863; x_wconf 78' lang='grc' dir='ltr'>ὀρθοδόξων</span> <span class='ocrx_word' id='word_1_323' title='bbox 1530 2791 1812 2862; x_wconf 83' lang='grc' dir='ltr'>φρόνημα,</span> <span class='ocrx_word' id='word_1_324' title='bbox 1847 2790 1878 2842; x_wconf 81' lang='grc' dir='ltr'>ὃ</span> 
     </span>
    </p>
   </div>
   <div class='ocr_carea' id='block_1_45' title="bbox 279 2883 1874 2965">
    <p class='ocr_par' dir='ltr' id='par_1_45' title="bbox 279 2883 1874 2965">
     <span class='ocr_line' id='line_1_45' title="bbox 279 2883 1874 2965; baseline -0.007 -18"><span class='ocrx_word' id='word_1_325' title='bbox 279 2895 380 2948; x_wconf 79' lang='grc' dir='ltr'><strong>καὶ</strong></span> <span class='ocrx_word' id='word_1_326' title='bbox 409 2895 444 2965; x_wconf 78' lang='grc' dir='ltr'>ἡ</span> <span class='ocrx_word' id='word_1_327' title='bbox 476 2893 534 2946; x_wconf 84' lang='grc' dir='ltr'><strong>ἐν</strong></span> <span class='ocrx_word' id='word_1_328' title='bbox 573 2888 883 2959; x_wconf 79' lang='grc' dir='ltr'>Χαλκηδόνι</span> <span class='ocrx_word' id='word_1_329' title='bbox 909 2886 1247 2958; x_wconf 79' lang='grc' dir='ltr'>ἐπρέσϐευσε</span> <span class='ocrx_word' id='word_1_330' title='bbox 1275 2885 1492 2946; x_wconf 82' lang='grc' dir='ltr'>σύνοδος</span> <span class='ocrx_word' id='word_1_331' title='bbox 1517 2899 1532 2914; x_wconf 73' lang='grc'><strong><em>⁸</em></strong></span> <span class='ocrx_word' id='word_1_332' title='bbox 1570 2885 1626 2935; x_wconf 79' lang='grc' dir='ltr'><strong>ὲν</strong></span> <span class='ocrx_word' id='word_1_333' title='bbox 1661 2883 1874 2953; x_wconf 87' lang='grc' dir='ltr'>θεότητι</span> 
     </span>
    </p>
   </div>
   <div class='ocr_carea' id='block_1_46' title="bbox 278 2976 1874 3056">
    <p class='ocr_par' dir='ltr' id='par_1_46' title="bbox 278 2976 1874 3056">
     <span class='ocr_line' id='line_1_46' title="bbox 278 2976 1874 3056; baseline -0.008 -17"><span class='ocrx_word' id='word_1_334' title='bbox 278 2991 399 3056; x_wconf 84' lang='grc' dir='ltr'><strong>γὰρ</strong></span> <span class='ocrx_word' id='word_1_335' title='bbox 425 2985 632 3036; x_wconf 82' lang='grc' dir='ltr'>τέλειον</span> <span class='ocrx_word' id='word_1_336' title='bbox 655 2983 746 3036; x_wconf 78' lang='grc' dir='ltr'><strong>τὸν</strong></span> <span class='ocrx_word' id='word_1_337' title='bbox 787 2979 1024 3050; x_wconf 85' lang='grc' dir='ltr'>Χριστὸν</span> <span class='ocrx_word' id='word_1_338' title='bbox 1071 2978 1167 3032; x_wconf 76' lang='grc' dir='ltr'><strong>καὶ</strong></span> <span class='ocrx_word' id='word_1_339' title='bbox 1200 2977 1333 3030; x_wconf 81' lang='grc' dir='ltr'>Θεὸν</span> <span class='ocrx_word' id='word_1_340' title='bbox 1364 2978 1522 3046; x_wconf 82' lang='grc' dir='ltr'>ἡμῶν</span> <span class='ocrx_word' id='word_1_341' title='bbox 1561 2976 1653 3030; x_wconf 83' lang='grc' dir='ltr'><strong>καὶ</strong></span> <span class='ocrx_word' id='word_1_342' title='bbox 1692 2977 1750 3030; x_wconf 84' lang='grc' dir='ltr'>έν</span> <span class='ocrx_word' id='word_1_343' title='bbox 1777 2979 1874 3031; x_wconf 77' lang='grc' dir='ltr'>ἀν-</span> 
     </span>
    </p>
   </div>
   <div class='ocr_carea' id='block_1_47' title="bbox 283 3067 1876 3146">
    <p class='ocr_par' dir='ltr' id='par_1_47' title="bbox 283 3067 1876 3146">
     <span class='ocr_line' id='line_1_47' title="bbox 283 3067 1876 3146; baseline -0.005 -17"><span class='ocrx_word' id='word_1_344' title='bbox 283 3075 604 3146; x_wconf 84' lang='grc' dir='ltr'>θρωπότητι</span> <span class='ocrx_word' id='word_1_345' title='bbox 659 3073 876 3145; x_wconf 84' lang='grc' dir='ltr'>τρανῶς</span> <span class='ocrx_word' id='word_1_346' title='bbox 934 3069 1298 3141; x_wconf 80' lang='grc' dir='ltr'>ἀνεκήρυξεν.</span> <span class='ocrx_word' id='word_1_347' title='bbox 1338 3069 1400 3122; x_wconf 77' lang='lat' dir='ltr'><strong>Ei</strong></span> <span class='ocrx_word' id='word_1_348' title='bbox 1455 3069 1512 3120; x_wconf 81' lang='grc' dir='ltr'><em>δέ</em></span> <span class='ocrx_word' id='word_1_349' title='bbox 1540 3085 1624 3130; x_wconf 79' lang='grc' dir='ltr'><strong>τις</strong></span> <span class='ocrx_word' id='word_1_350' title='bbox 1677 3067 1876 3139; x_wconf 75' lang='grc' dir='ltr'>μέρους</span> 
     </span>
    </p>
   </div>
   <div class='ocr_carea' id='block_1_48' title="bbox 288 3161 1876 3240">
    <p class='ocr_par' dir='ltr' id='par_1_48' title="bbox 288 3161 1876 3240">
     <span class='ocr_line' id='line_1_48' title="bbox 288 3161 1876 3240; baseline -0.008 -15"><span class='ocrx_word' id='word_1_351' title='bbox 288 3172 403 3224; x_wconf 77' lang='grc' dir='ltr'>τῶν</span> <span class='ocrx_word' id='word_1_352' title='bbox 440 3170 550 3224; x_wconf 84' lang='grc' dir='ltr'><strong>ἀπὸ</strong></span> <span class='ocrx_word' id='word_1_353' title='bbox 583 3169 824 3240; x_wconf 81' lang='grc' dir='ltr'>Σεϐήρου</span> <span class='ocrx_word' id='word_1_354' title='bbox 861 3166 996 3236; x_wconf 78' lang='grc' dir='ltr'>φαίη</span> <span class='ocrx_word' id='word_1_355' title='bbox 1033 3165 1109 3229; x_wconf 86' lang='grc' dir='ltr'>ὡς</span> <span class='ocrx_word' id='word_1_356' title='bbox 1141 3165 1192 3218; x_wconf 82' lang='grc' dir='ltr'><strong>ει</strong></span> <span class='ocrx_word' id='word_1_357' title='bbox 1242 3162 1288 3194; x_wconf 79' lang='grc'><strong>⁸¹</strong></span> <span class='ocrx_word' id='word_1_358' title='bbox 1332 3161 1426 3215; x_wconf 88' lang='grc' dir='ltr'>δύο</span> <span class='ocrx_word' id='word_1_359' title='bbox 1465 3161 1657 3231; x_wconf 89' lang='grc' dir='ltr'>φύσεις</span> <span class='ocrx_word' id='word_1_360' title='bbox 1703 3163 1760 3214; x_wconf 82' lang='grc' dir='ltr'>ὲν</span> <span class='ocrx_word' id='word_1_361' title='bbox 1797 3162 1876 3231; x_wconf 84' lang='grc' dir='ltr'>τῷ</span> 
     </span>
    </p>
   </div>
   <div class='ocr_carea' id='block_1_49' title="bbox 281 3253 1876 3335">
    <p class='ocr_par' dir='ltr' id='par_1_49' title="bbox 281 3253 1876 3335">
     <span class='ocr_line' id='line_1_49' title="bbox 281 3253 1876 3335; baseline -0.008 -17"><span class='ocrx_word' id='word_1_362' title='bbox 281 3260 535 3335; x_wconf 83' lang='grc' dir='ltr'>Χριστῷ,</span> <span class='ocrx_word' id='word_1_363' title='bbox 580 3261 675 3314; x_wconf 75' lang='grc' dir='ltr'>καὶ</span> <span class='ocrx_word' id='word_1_364' title='bbox 722 3259 993 3328; x_wconf 88' lang='grc' dir='ltr'>πρόσωπα</span> <span class='ocrx_word' id='word_1_365' title='bbox 1021 3256 1118 3310; x_wconf 89' lang='grc' dir='ltr'>δύο</span> <span class='ocrx_word' id='word_1_366' title='bbox 1145 3255 1300 3309; x_wconf 74' lang='grc' dir='ltr'>ἔσται</span> <span class='ocrx_word' id='word_1_367' title='bbox 1329 3253 1376 3286; x_wconf 77' lang='grc'><strong>⁸⁸</strong></span> <span class='ocrx_word' id='word_1_368' title='bbox 1426 3255 1520 3308; x_wconf 80' lang='grc' dir='ltr'>καὶ</span> <span class='ocrx_word' id='word_1_369' title='bbox 1550 3253 1876 3317; x_wconf 83' lang='grc' dir='ltr'>ὑποστάσεις</span> 
     </span>
    </p>
   </div>
   <div class='ocr_carea' id='block_1_50' title="bbox 283 3344 1875 3428">
    <p class='ocr_par' dir='ltr' id='par_1_50' title="bbox 283 3344 1875 3428">
     <span class='ocr_line' id='line_1_50' title="bbox 283 3344 1875 3428; baseline -0.008 -19"><span class='ocrx_word' id='word_1_370' title='bbox 283 3358 474 3428; x_wconf 84' lang='grc' dir='ltr'>(φύσις</span> <span class='ocrx_word' id='word_1_371' title='bbox 504 3353 614 3424; x_wconf 82' lang='grc' dir='ltr'><strong>γάρ</strong></span> <span class='ocrx_word' id='word_1_372' title='bbox 635 3353 736 3406; x_wconf 84' lang='grc' dir='ltr'><strong>οὑκ</strong></span> <span class='ocrx_word' id='word_1_373' title='bbox 763 3351 912 3404; x_wconf 75' lang='grc' dir='ltr'>ἐστιν</span> <span class='ocrx_word' id='word_1_374' title='bbox 941 3349 1278 3421; x_wconf 82' lang='grc' dir='ltr'>άπρόσωπος</span> <span class='ocrx_word' id='word_1_375' title='bbox 1310 3347 1433 3400; x_wconf 81' lang='grc' dir='ltr'>οὐδὲ</span> <span class='ocrx_word' id='word_1_376' title='bbox 1455 3344 1875 3414; x_wconf 86' lang='grc' dir='ltr'>ἀνυπόστατος),</span> 
     </span>
    </p>
   </div>
   <div class='ocr_carea' id='block_1_51' title="bbox 285 3437 1880 3513">
    <p class='ocr_par' dir='ltr' id='par_1_51' title="bbox 285 3437 1880 3513">
     <span class='ocr_line' id='line_1_51' title="bbox 285 3437 1880 3513; baseline -0.009 -10"><span class='ocrx_word' id='word_1_377' title='bbox 285 3449 530 3503; x_wconf 75' lang='grc' dir='ltr'>ἴστωσαν</span> <span class='ocrx_word' id='word_1_378' title='bbox 562 3447 644 3500; x_wconf 85' lang='grc' dir='ltr'>ὃτι</span> <span class='ocrx_word' id='word_1_379' title='bbox 701 3443 796 3497; x_wconf 79' lang='grc' dir='ltr'>τοῦ</span> <span class='ocrx_word' id='word_1_380' title='bbox 849 3441 1063 3513; x_wconf 83' lang='grc' dir='ltr'>Πατρδς</span> <span class='ocrx_word' id='word_1_381' title='bbox 1101 3440 1282 3494; x_wconf 84' lang='grc' dir='ltr'>αὑτῶν</span> <span class='ocrx_word' id='word_1_382' title='bbox 1329 3439 1432 3510; x_wconf 85' lang='grc' dir='ltr'><strong>τὴν</strong></span> <span class='ocrx_word' id='word_1_383' title='bbox 1486 3437 1880 3508; x_wconf 80' lang='grc' dir='ltr'>ἀσχημοσύνην</span> 
     </span>
    </p>
   </div>
   <div class='ocr_carea' id='block_1_52' title="bbox 283 3528 1877 3600">
    <p class='ocr_par' dir='ltr' id='par_1_52' title="bbox 283 3528 1877 3600">
     <span class='ocr_line' id='line_1_52' title="bbox 283 3528 1877 3600; baseline -0.009 -6"><span class='ocrx_word' id='word_1_384' title='bbox 283 3535 768 3597; x_wconf 82' lang='grc' dir='ltr'>ἀνακαλύπτοντες</span> <span class='ocrx_word' id='word_1_385' title='bbox 806 3533 909 3586; x_wconf 81' lang='grc' dir='ltr'><strong>οὐκ</strong></span> <span class='ocrx_word' id='word_1_386' title='bbox 956 3530 1306 3585; x_wconf 77' lang='grc' dir='ltr'>αἰσθάνονται</span> <span class='ocrx_word' id='word_1_387' title='bbox 1334 3544 1348 3559; x_wconf 78' lang='grc'><strong><em>⁸</em></strong></span> <span class='ocrx_word' id='word_1_388' title='bbox 1393 3529 1492 3584; x_wconf 81' lang='grc' dir='ltr'><strong>καὶ</strong></span> <span class='ocrx_word' id='word_1_389' title='bbox 1517 3528 1627 3600; x_wconf 90' lang='grc' dir='ltr'>γὰρ</span> <span class='ocrx_word' id='word_1_390' title='bbox 1653 3528 1750 3582; x_wconf 62' lang='grc' dir='ltr'><strong>καὶ</strong></span> <span class='ocrx_word' id='word_1_391' title='bbox 1778 3529 1877 3581; x_wconf 78' lang='grc' dir='ltr'><strong>Σε-</strong></span> 
     </span>
    </p>
   </div>
   <div class='ocr_carea' id='block_1_53' title="bbox 281 3616 1878 3699">
    <p class='ocr_par' dir='ltr' id='par_1_53' title="bbox 281 3616 1878 3699">
     <span class='ocr_line' id='line_1_53' title="bbox 281 3616 1878 3699; baseline -0.007 -18"><span class='ocrx_word' id='word_1_392' title='bbox 281 3627 456 3699; x_wconf 83' lang='grc' dir='ltr'>6ῆρος</span> <span class='ocrx_word' id='word_1_393' title='bbox 480 3625 565 3696; x_wconf 70' lang='grc' dir='ltr'>ετὸ</span> <span class='ocrx_word' id='word_1_394' title='bbox 592 3625 658 3678; x_wconf 76' lang='grc' dir='ltr'>ἐκ</span> <span class='ocrx_word' id='word_1_395' title='bbox 700 3622 796 3677; x_wconf 86' lang='grc' dir='ltr'>δύο</span> <span class='ocrx_word' id='word_1_396' title='bbox 831 3620 1049 3692; x_wconf 83' lang='grc' dir='ltr'>φύσεων</span> <span class='ocrx_word' id='word_1_397' title='bbox 1091 3618 1289 3687; x_wconf 81' lang='grc' dir='ltr'>λέγων’</span> <span class='ocrx_word' id='word_1_398' title='bbox 1315 3619 1380 3671; x_wconf 82' lang='grc' dir='ltr'>ὲκ</span> <span class='ocrx_word' id='word_1_399' title='bbox 1427 3617 1522 3672; x_wconf 90' lang='grc' dir='ltr'><strong>δύο</strong></span> <span class='ocrx_word' id='word_1_400' title='bbox 1568 3616 1878 3688; x_wconf 86' lang='grc' dir='ltr'>προσώπων</span> 
     </span>
    </p>
   </div>
   <div class='ocr_carea' id='block_1_54' title="bbox 281 3709 1878 3782">
    <p class='ocr_par' dir='ltr' id='par_1_54' title="bbox 281 3709 1878 3782">
     <span class='ocr_line' id='line_1_54' title="bbox 281 3709 1878 3782; baseline -0.009 -7"><span class='ocrx_word' id='word_1_401' title='bbox 281 3721 384 3774; x_wconf 77' lang='grc' dir='ltr'>καὶ</span> <span class='ocrx_word' id='word_1_402' title='bbox 421 3718 518 3772; x_wconf 85' lang='grc' dir='ltr'>δύο</span> <span class='ocrx_word' id='word_1_403' title='bbox 555 3715 912 3770; x_wconf 86' lang='grc' dir='ltr'>ὑποστάσεων</span> <span class='ocrx_word' id='word_1_404' title='bbox 967 3712 1060 3767; x_wconf 85' lang='grc' dir='ltr'>τὸν</span> <span class='ocrx_word' id='word_1_405' title='bbox 1087 3711 1322 3782; x_wconf 73' lang='grc' dir='ltr'>Χριστὸν</span> <span class='ocrx_word' id='word_1_406' title='bbox 1360 3710 1462 3764; x_wconf 87' lang='grc' dir='ltr'><strong>οὑκ</strong></span> <span class='ocrx_word' id='word_1_407' title='bbox 1489 3709 1718 3781; x_wconf 79' lang='grc' dir='ltr'>ἐρυθριᾷ</span> <span class='ocrx_word' id='word_1_408' title='bbox 1750 3726 1878 3761; x_wconf 82' lang='grc' dir='ltr'><strong>συν-</strong></span> 
     </span>
    </p>
   </div>
   <div class='ocr_carea' id='block_1_55' title="bbox 278 3799 1879 3876">
    <p class='ocr_par' dir='ltr' id='par_1_55' title="bbox 278 3799 1879 3876">
     <span class='ocr_line' id='line_1_55' title="bbox 278 3799 1879 3876; baseline -0.006 -13"><span class='ocrx_word' id='word_1_409' title='bbox 278 3810 498 3864; x_wconf 66' lang='grc' dir='ltr'>τιθέναι</span> <span class='ocrx_word' id='word_1_410' title='bbox 525 3809 622 3863; x_wconf 69' lang='grc' dir='ltr'>καὶ</span> <span class='ocrx_word' id='word_1_411' title='bbox 659 3805 1084 3876; x_wconf 82' lang='grc' dir='ltr'>ἀποφαίνεσθαι.</span> <span class='ocrx_word' id='word_1_412' title='bbox 1137 3802 1284 3873; x_wconf 82' lang='grc' dir='ltr'>Πλὴν</span> <span class='ocrx_word' id='word_1_413' title='bbox 1316 3801 1521 3856; x_wconf 82' lang='grc' dir='ltr'>ειδέναι</span> <span class='ocrx_word' id='word_1_414' title='bbox 1550 3818 1615 3869; x_wconf 85' lang='grc' dir='ltr'><strong>γε</strong></span> <span class='ocrx_word' id='word_1_415' title='bbox 1659 3801 1765 3872; x_wconf 82' lang='grc' dir='ltr'>χρὴ</span> <span class='ocrx_word' id='word_1_416' title='bbox 1802 3799 1879 3863; x_wconf 80' lang='grc' dir='ltr'>ὡς</span> 
     </span>
    </p>
   </div>
   <div class='ocr_carea' id='block_1_56' title="bbox 279 3892 1879 3966">
    <p class='ocr_par' dir='ltr' id='par_1_56' title="bbox 279 3892 1879 3966">
     <span class='ocr_line' id='line_1_56' title="bbox 279 3892 1879 3966; baseline -0.008 -9"><span class='ocrx_word' id='word_1_417' title='bbox 279 3903 460 3957; x_wconf 80' lang='grc' dir='ltr'>πολλὰ</span> <span class='ocrx_word' id='word_1_418' title='bbox 517 3901 627 3955; x_wconf 83' lang='grc' dir='ltr'>τῶν</span> <span class='ocrx_word' id='word_1_419' title='bbox 679 3903 740 3955; x_wconf 76' lang='grc' dir='ltr'><strong>ὲν</strong></span> <span class='ocrx_word' id='word_1_420' title='bbox 791 3900 904 3962; x_wconf 80' lang='grc' dir='ltr'>τοῖς</span> <span class='ocrx_word' id='word_1_421' title='bbox 947 3892 1067 3951; x_wconf 83' lang='grc' dir='ltr'>οὖσι</span> <span class='ocrx_word' id='word_1_422' title='bbox 1133 3895 1297 3966; x_wconf 84' lang='grc' dir='ltr'>φύσις</span> <span class='ocrx_word' id='word_1_423' title='bbox 1347 3897 1445 3966; x_wconf 87' lang='grc' dir='ltr'>μὲν</span> <span class='ocrx_word' id='word_1_424' title='bbox 1481 3892 1721 3963; x_wconf 84' lang='grc' dir='ltr'>λέγεται,</span> <span class='ocrx_word' id='word_1_425' title='bbox 1775 3892 1879 3946; x_wconf 83' lang='grc' dir='ltr'><strong>οὐκ</strong></span> 
     </span>
    </p>
   </div>
   <div class='ocr_carea' id='block_1_57' title="bbox 279 3983 1877 4063">
    <p class='ocr_par' dir='ltr' id='par_1_57' title="bbox 279 3983 1877 4063">
     <span class='ocr_line' id='line_1_57' title="bbox 279 3983 1877 4063; baseline -0.008 -14"><span class='ocrx_word' id='word_1_426' title='bbox 279 3995 347 4060; x_wconf 73' lang='grc' dir='ltr'>ἐξ</span> <span class='ocrx_word' id='word_1_427' title='bbox 407 3995 655 4063; x_wconf 87' lang='grc' dir='ltr'>ἀνάγκης</span> <span class='ocrx_word' id='word_1_428' title='bbox 699 3991 1115 4059; x_wconf 79' lang='grc' dir='ltr'>δὲσυνεισάγει</span> <span class='ocrx_word' id='word_1_429' title='bbox 1151 3987 1249 4042; x_wconf 71' lang='grc' dir='ltr'>καὶ</span> <span class='ocrx_word' id='word_1_430' title='bbox 1303 3987 1624 4058; x_wconf 82' lang='grc' dir='ltr'>πρόσωπον,</span> <span class='ocrx_word' id='word_1_431' title='bbox 1687 3983 1877 4056; x_wconf 83' lang='grc' dir='ltr'>ὥσπερ</span> 
     </span>
    </p>
   </div>
   <div class='ocr_carea' id='block_1_58' title="bbox 279 4077 1874 4157">
    <p class='ocr_par' dir='ltr' id='par_1_58' title="bbox 279 4077 1874 4157">
     <span class='ocr_line' id='line_1_58' title="bbox 279 4077 1874 4157; baseline -0.007 -16"><span class='ocrx_word' id='word_1_432' title='bbox 279 4086 450 4157; x_wconf 81' lang='grc' dir='ltr'>φύσις</span> <span class='ocrx_word' id='word_1_433' title='bbox 495 4085 688 4148; x_wconf 78' lang='grc' dir='ltr'>ὕδατος</span> <span class='ocrx_word' id='word_1_434' title='bbox 725 4084 838 4154; x_wconf 67' lang='lat' dir='ltr'><strong>imi</strong></span> <span class='ocrx_word' id='word_1_435' title='bbox 895 4083 1058 4153; x_wconf 81' lang='grc' dir='ltr'>φύσις</span> <span class='ocrx_word' id='word_1_436' title='bbox 1098 4081 1268 4151; x_wconf 83' lang='grc' dir='ltr'>ὀργῆς</span> <span class='ocrx_word' id='word_1_437' title='bbox 1297 4079 1394 4134; x_wconf 72' lang='grc' dir='ltr'>καὶ</span> <span class='ocrx_word' id='word_1_438' title='bbox 1424 4080 1585 4150; x_wconf 86' lang='grc' dir='ltr'>φύσις</span> <span class='ocrx_word' id='word_1_439' title='bbox 1633 4077 1874 4149; x_wconf 88' lang='grc' dir='ltr'>πολέμου</span> 
     </span>
    </p>
   </div>
   <div class='ocr_carea' id='block_1_59' title="bbox 279 4170 1877 4249">
    <p class='ocr_par' dir='ltr' id='par_1_59' title="bbox 279 4170 1877 4249">
     <span class='ocr_line' id='line_1_59' title="bbox 279 4170 1877 4249; baseline -0.006 -16"><span class='ocrx_word' id='word_1_440' title='bbox 279 4180 384 4233; x_wconf 69' lang='grc' dir='ltr'><strong>καὶ</strong></span> <span class='ocrx_word' id='word_1_441' title='bbox 414 4179 595 4249; x_wconf 86' lang='grc' dir='ltr'>μάχης</span> <span class='ocrx_word' id='word_1_442' title='bbox 619 4193 635 4209; x_wconf 79' lang='grc'><em>’</em></span> <span class='ocrx_word' id='word_1_443' title='bbox 663 4175 769 4230; x_wconf 82' lang='grc' dir='ltr'>ποῦ</span> <span class='ocrx_word' id='word_1_444' title='bbox 793 4176 902 4247; x_wconf 91' lang='grc' dir='ltr'><strong>γάρ</strong></span> <span class='ocrx_word' id='word_1_445' title='bbox 927 4191 1012 4240; x_wconf 90' lang='grc' dir='ltr'><strong>τις</strong></span> <span class='ocrx_word' id='word_1_446' title='bbox 1033 4173 1145 4227; x_wconf 84' lang='grc' dir='ltr'>τῶν</span> <span class='ocrx_word' id='word_1_447' title='bbox 1166 4172 1476 4244; x_wconf 74' lang='grc' dir='ltr'>εἰρημένων</span> <span class='ocrx_word' id='word_1_448' title='bbox 1507 4170 1663 4236; x_wconf 84' lang='grc' dir='ltr'>ποτὲ,</span> <span class='ocrx_word' id='word_1_449' title='bbox 1687 4170 1877 4241; x_wconf 84' lang='grc' dir='ltr'>ὥσπερ</span> 
     </span>
    </p>
   </div>
   <div class='ocr_carea' id='block_1_60' title="bbox 278 4263 1876 4339">
    <p class='ocr_par' dir='ltr' id='par_1_60' title="bbox 278 4263 1876 4339">
     <span class='ocr_line' id='line_1_60' title="bbox 278 4263 1876 4339; baseline -0.005 -15"><span class='ocrx_word' id='word_1_450' title='bbox 278 4267 411 4326; x_wconf 77' lang='grc' dir='ltr'>εἶπε</span> <span class='ocrx_word' id='word_1_451' title='bbox 454 4269 640 4339; x_wconf 83' lang='grc' dir='ltr'>φύσιν,</span> <span class='ocrx_word' id='word_1_452' title='bbox 684 4267 830 4322; x_wconf 67' lang='grc' dir='ltr'>οὑτω</span> <span class='ocrx_word' id='word_1_453' title='bbox 868 4272 966 4322; x_wconf 72' lang='grc' dir='ltr'>καὶ</span> <span class='ocrx_word' id='word_1_454' title='bbox 1007 4263 1323 4337; x_wconf 81' lang='grc' dir='ltr'>πρώσωπον</span> <span class='ocrx_word' id='word_1_455' title='bbox 1381 4263 1736 4335; x_wconf 86' lang='grc' dir='ltr'>ἀπελήρησε;</span> <span class='ocrx_word' id='word_1_456' title='bbox 1783 4263 1876 4316; x_wconf 79' lang='grc' dir='ltr'>καὶ</span> 
     </span>
    </p>
   </div>
   <div class='ocr_carea' id='block_1_61' title="bbox 278 4354 1876 4434">
    <p class='ocr_par' dir='ltr' id='par_1_61' title="bbox 278 4354 1876 4434">
     <span class='ocr_line' id='line_1_61' title="bbox 278 4354 1876 4434; baseline -0.004 -17"><span class='ocrx_word' id='word_1_457' title='bbox 278 4364 452 4419; x_wconf 80' lang='grc' dir='ltr'>πάλιν</span> <span class='ocrx_word' id='word_1_458' title='bbox 481 4362 644 4434; x_wconf 86' lang='grc' dir='ltr'>φύσιν</span> <span class='ocrx_word' id='word_1_459' title='bbox 681 4361 783 4434; x_wconf 83' lang='grc' dir='ltr'><strong>μὲν</strong></span> <span class='ocrx_word' id='word_1_460' title='bbox 815 4360 996 4431; x_wconf 78' lang='grc' dir='ltr'>ψυχῆς</span> <span class='ocrx_word' id='word_1_461' title='bbox 1022 4358 1118 4414; x_wconf 76' lang='grc' dir='ltr'><strong>καὶ</strong></span> <span class='ocrx_word' id='word_1_462' title='bbox 1151 4356 1314 4428; x_wconf 88' lang='grc' dir='ltr'>φύσιν</span> <span class='ocrx_word' id='word_1_463' title='bbox 1358 4354 1609 4427; x_wconf 84' lang='grc' dir='ltr'>σώματος</span> <span class='ocrx_word' id='word_1_464' title='bbox 1642 4354 1876 4410; x_wconf 75' lang='grc' dir='ltr'>ἕκαστον</span> 
     </span>
    </p>
   </div>
   <div class='ocr_carea' id='block_1_62' title="bbox 276 4443 1874 4528">
    <p class='ocr_par' dir='ltr' id='par_1_62' title="bbox 276 4443 1874 4528">
     <span class='ocr_line' id='line_1_62' title="bbox 276 4443 1874 4528; baseline 0.007 -19"><span class='ocrx_word' id='word_1_465' title='bbox 276 4455 394 4510; x_wconf 82' lang='grc' dir='ltr'>τῶν</span> <span class='ocrx_word' id='word_1_466' title='bbox 417 4453 724 4528; x_wconf 84' lang='grc' dir='ltr'>ἀνθρώπων</span> <span class='ocrx_word' id='word_1_467' title='bbox 743 4451 893 4522; x_wconf 79' lang='grc' dir='ltr'>ἔχειν</span> <span class='ocrx_word' id='word_1_468' title='bbox 917 4449 1155 4522; x_wconf 87' lang='grc' dir='ltr'>λέγομεν</span> <span class='ocrx_word' id='word_1_469' title='bbox 1180 4463 1196 4480; x_wconf 82' lang='lat'>&#39;</span> <span class='ocrx_word' id='word_1_470' title='bbox 1225 4446 1520 4519; x_wconf 82' lang='grc' dir='ltr'>πρόσωπον</span> <span class='ocrx_word' id='word_1_471' title='bbox 1551 4445 1609 4500; x_wconf 68' lang='grc' dir='ltr'><strong>δὲ</strong></span> <span class='ocrx_word' id='word_1_472' title='bbox 1630 4443 1807 4518; x_wconf 72' lang='grc' dir='ltr'>ψυχῆς</span> <span class='ocrx_word' id='word_1_473' title='bbox 1838 4445 1874 4520; x_wconf 72' lang='grc' dir='ltr'><strong>ἦ</strong></span> 
     </span>
    </p>
   </div>
   <div class='ocr_carea' id='block_1_63' title="bbox 280 4538 1878 4620">
    <p class='ocr_par' dir='ltr' id='par_1_63' title="bbox 280 4538 1878 4620">
     <span class='ocr_line' id='line_1_63' title="bbox 280 4538 1878 4620; baseline -0.005 -20"><span class='ocrx_word' id='word_1_474' title='bbox 280 4547 578 4620; x_wconf 88' lang='grc' dir='ltr'>πρόσωπον</span> <span class='ocrx_word' id='word_1_475' title='bbox 632 4544 908 4617; x_wconf 85' lang='grc' dir='ltr'>σώματος,</span> <span class='ocrx_word' id='word_1_476' title='bbox 950 4541 1218 4616; x_wconf 61' lang='grc' dir='ltr'><strong>ἢξψυχῆς</strong></span> <span class='ocrx_word' id='word_1_477' title='bbox 1255 4540 1557 4596; x_wconf 80' lang='grc' dir='ltr'>ὑπόστασιν</span> <span class='ocrx_word' id='word_1_478' title='bbox 1609 4539 1644 4612; x_wconf 75' lang='grc' dir='ltr'>ἢ</span> <span class='ocrx_word' id='word_1_479' title='bbox 1691 4538 1878 4611; x_wconf 84' lang='grc' dir='ltr'>σώμα-</span> 
     </span>
    </p>
   </div>
   <div class='ocr_carea' id='block_1_64' title="bbox 278 4635 1236 4710">
    <p class='ocr_par' dir='ltr' id='par_1_64' title="bbox 278 4635 1236 4710">
     <span class='ocr_line' id='line_1_64' title="bbox 278 4635 1236 4710; baseline -0.006 -17"><span class='ocrx_word' id='word_1_480' title='bbox 278 4655 375 4704; x_wconf 87' lang='grc' dir='ltr'><strong>τος</strong></span> <span class='ocrx_word' id='word_1_481' title='bbox 405 4638 514 4693; x_wconf 76' lang='grc' dir='ltr'><strong>οὐδ’</strong></span> <span class='ocrx_word' id='word_1_482' title='bbox 540 4639 590 4694; x_wconf 76' lang='grc' dir='ltr'><strong>οἱ</strong></span> <span class='ocrx_word' id='word_1_483' title='bbox 636 4636 800 4710; x_wconf 82' lang='grc' dir='ltr'>μῦθοι</span> <span class='ocrx_word' id='word_1_484' title='bbox 830 4635 1236 4690; x_wconf 85' lang='grc' dir='ltr'>ἀνεπλάσαντο.</span> 
     </span>
    </p>
   </div>
   <div class='ocr_carea' id='block_1_65' title="bbox 386 4722 1874 4797">
    <p class='ocr_par' dir='ltr' id='par_1_65' title="bbox 386 4722 1874 4797">
     <span class='ocr_line' id='line_1_65' title="bbox 386 4722 1874 4797; baseline -0.005 -13"><span class='ocrx_word' id='word_1_485' title='bbox 386 4731 483 4784; x_wconf 88' lang='grc' dir='ltr'>οτι</span> <span class='ocrx_word' id='word_1_486' title='bbox 508 4729 566 4783; x_wconf 79' lang='grc' dir='ltr'>δὲ</span> <span class='ocrx_word' id='word_1_487' title='bbox 590 4729 684 4782; x_wconf 90' lang='grc' dir='ltr'>δύο</span> <span class='ocrx_word' id='word_1_488' title='bbox 706 4727 923 4797; x_wconf 82' lang='grc' dir='ltr'>φύσεων</span> <span class='ocrx_word' id='word_1_489' title='bbox 947 4727 1143 4780; x_wconf 72' lang='grc' dir='ltr'>ἕνωσιν</span> <span class='ocrx_word' id='word_1_490' title='bbox 1167 4724 1262 4779; x_wconf 75' lang='grc' dir='ltr'>καὶ</span> <span class='ocrx_word' id='word_1_491' title='bbox 1285 4724 1415 4795; x_wconf 83' lang='grc' dir='ltr'>μίαν</span> <span class='ocrx_word' id='word_1_492' title='bbox 1445 4723 1746 4776; x_wconf 74' lang='grc' dir='ltr'>ὑπόστασιν</span> <span class='ocrx_word' id='word_1_493' title='bbox 1777 4722 1874 4777; x_wconf 78' lang='grc' dir='ltr'>καὶ</span> 
     </span>
    </p>
   </div>
   <div class='ocr_carea' id='block_1_66' title="bbox 281 4813 1874 4895">
    <p class='ocr_par' dir='ltr' id='par_1_66' title="bbox 281 4813 1874 4895">
     <span class='ocr_line' id='line_1_66' title="bbox 281 4813 1874 4895; baseline -0.005 -18"><span class='ocrx_word' id='word_1_494' title='bbox 281 4821 579 4895; x_wconf 84' lang='grc' dir='ltr'>πρόσωπον</span> <span class='ocrx_word' id='word_1_495' title='bbox 595 4819 654 4874; x_wconf 82' lang='grc' dir='ltr'>ἓν</span> <span class='ocrx_word' id='word_1_496' title='bbox 674 4818 956 4890; x_wconf 81' lang='grc' dir='ltr'>ὁμολογεῖν</span> <span class='ocrx_word' id='word_1_497' title='bbox 973 4816 1067 4871; x_wconf 77' lang='grc' dir='ltr'>τοῦ</span> <span class='ocrx_word' id='word_1_498' title='bbox 1087 4815 1249 4888; x_wconf 82' lang='grc' dir='ltr'>ὀρθοῦ</span> <span class='ocrx_word' id='word_1_499' title='bbox 1271 4814 1622 4887; x_wconf 85' lang='grc' dir='ltr'>φρονήματός</span> <span class='ocrx_word' id='word_1_500' title='bbox 1638 4815 1755 4868; x_wconf 85' lang='grc' dir='ltr'>ἐστι</span> <span class='ocrx_word' id='word_1_501' title='bbox 1778 4813 1874 4870; x_wconf 78' lang='grc' dir='ltr'>καὶ</span> 
     </span>
    </p>
   </div>
   <div class='ocr_carea' id='block_1_67' title="bbox 278 4907 1876 4985">
    <p class='ocr_par' dir='ltr' id='par_1_67' title="bbox 278 4907 1876 4985">
     <span class='ocr_line' id='line_1_67' title="bbox 278 4907 1876 4985; baseline -0.005 -16"><span class='ocrx_word' id='word_1_502' title='bbox 278 4915 394 4969; x_wconf 85' lang='grc' dir='ltr'>τῶν</span> <span class='ocrx_word' id='word_1_503' title='bbox 430 4912 698 4985; x_wconf 81' lang='grc' dir='ltr'>Πατέρων</span> <span class='ocrx_word' id='word_1_504' title='bbox 747 4911 1014 4982; x_wconf 85' lang='grc' dir='ltr'>κήρυγμα</span> <span class='ocrx_word' id='word_1_505' title='bbox 1035 4951 1051 4976; x_wconf 88' lang='grc'><strong>,</strong></span> <span class='ocrx_word' id='word_1_506' title='bbox 1097 4907 1349 4977; x_wconf 84' lang='grc' dir='ltr'>Ἰωάννης</span> <span class='ocrx_word' id='word_1_507' title='bbox 1383 4907 1482 4976; x_wconf 81' lang='grc' dir='ltr'>μὲν</span> <span class='ocrx_word' id='word_1_508' title='bbox 1507 4907 1535 4960; x_wconf 86' lang='grc' dir='ltr'>ὁ</span> <span class='ocrx_word' id='word_1_509' title='bbox 1564 4907 1876 4978; x_wconf 84' lang='grc' dir='ltr'>Χρυσόστο-</span> 
     </span>
    </p>
   </div>
   <div class='ocr_carea' id='block_1_68' title="bbox 285 4997 1872 5080">
    <p class='ocr_par' dir='ltr' id='par_1_68' title="bbox 285 4997 1872 5080">
     <span class='ocr_line' id='line_1_68' title="bbox 285 4997 1872 5080; baseline -0.006 -19"><span class='ocrx_word' id='word_1_510' title='bbox 285 5024 423 5080; x_wconf 61' lang='grc' dir='ltr'>μσς,</span> <span class='ocrx_word' id='word_1_511' title='bbox 443 5005 503 5058; x_wconf 71' lang='grc' dir='ltr'>τὸ</span> <span class='ocrx_word' id='word_1_512' title='bbox 531 5005 672 5059; x_wconf 76' lang='grc' dir='ltr'>κατὰ</span> <span class='ocrx_word' id='word_1_513' title='bbox 709 5003 963 5072; x_wconf 87' lang='grc' dir='ltr'>Ἰωάννην</span> <span class='ocrx_word' id='word_1_514' title='bbox 1003 4999 1365 5054; x_wconf 82' lang='grc' dir='ltr'>ἀναπτύσσων</span> <span class='ocrx_word' id='word_1_515' title='bbox 1400 4997 1771 5067; x_wconf 88' lang='grc' dir='ltr'>Εὐαγγέλιον,</span> <span class='ocrx_word' id='word_1_516' title='bbox 1813 4999 1872 5052; x_wconf 79' lang='grc' dir='ltr'>ἐν</span> 
     </span>
    </p>
   </div>
   <div class='ocr_carea' id='block_1_69' title="bbox 279 5085 1873 5170">
    <p class='ocr_par' dir='ltr' id='par_1_69' title="bbox 279 5085 1873 5170">
     <span class='ocr_line' id='line_1_69' title="bbox 279 5085 1873 5170; baseline -0.008 -15"><span class='ocrx_word' id='word_1_517' title='bbox 279 5097 554 5170; x_wconf 74' lang='grc' dir='ltr'>ἑνδεκάτῃ</span> <span class='ocrx_word' id='word_1_518' title='bbox 579 5096 769 5168; x_wconf 76' lang='grc' dir='ltr'>ὁμιλίᾳ</span> <span class='ocrx_word' id='word_1_519' title='bbox 803 5094 1102 5166; x_wconf 81' lang='grc' dir='ltr'>μαρτυρεῖ,</span> <span class='ocrx_word' id='word_1_520' title='bbox 1123 5091 1335 5160; x_wconf 87' lang='grc' dir='ltr'>λέγων·</span> <span class='ocrx_word' id='word_1_521' title='bbox 1369 5088 1618 5145; x_wconf 77' lang='grc' dir='ltr'>Ἐνώσει</span> <span class='ocrx_word' id='word_1_522' title='bbox 1657 5089 1756 5144; x_wconf 77' lang='grc' dir='ltr'>καὶ</span> <span class='ocrx_word' id='word_1_523' title='bbox 1798 5085 1873 5158; x_wconf 79' lang='grc' dir='ltr'>τῇ</span> 
     </span>
    </p>
   </div>
   <div class='ocr_carea' id='block_1_70' title="bbox 280 5181 1875 5262">
    <p class='ocr_par' dir='ltr' id='par_1_70' title="bbox 280 5181 1875 5262">
     <span class='ocr_line' id='line_1_70' title="bbox 280 5181 1875 5262; baseline -0.007 -16"><span class='ocrx_word' id='word_1_524' title='bbox 280 5192 588 5262; x_wconf 65' lang='grc' dir='ltr'>συνάφεια</span> <span class='ocrx_word' id='word_1_525' title='bbox 601 5189 670 5244; x_wconf 83' lang='grc' dir='ltr'><strong>ἓν</strong></span> <span class='ocrx_word' id='word_1_526' title='bbox 683 5190 854 5243; x_wconf 85' lang='grc' dir='ltr'>ἐστιν</span> <span class='ocrx_word' id='word_1_527' title='bbox 869 5190 901 5242; x_wconf 84' lang='grc' dir='ltr'><strong>ό</strong></span> <span class='ocrx_word' id='word_1_528' title='bbox 916 5187 1060 5254; x_wconf 87' lang='grc' dir='ltr'>Θεὸς</span> <span class='ocrx_word' id='word_1_529' title='bbox 1074 5185 1266 5256; x_wconf 77' lang='grc' dir='ltr'>Λόγος</span> <span class='ocrx_word' id='word_1_530' title='bbox 1277 5184 1374 5239; x_wconf 80' lang='grc' dir='ltr'>καὶ</span> <span class='ocrx_word' id='word_1_531' title='bbox 1387 5183 1425 5251; x_wconf 75' lang='grc' dir='ltr'><strong><em>ἡ</em></strong></span> <span class='ocrx_word' id='word_1_532' title='bbox 1447 5181 1604 5251; x_wconf 79' lang='grc' dir='ltr'><strong>σὰρξ</strong></span> <span class='ocrx_word' id='word_1_533' title='bbox 1611 5222 1624 5243; x_wconf 83' lang='grc'><strong>,</strong></span> <span class='ocrx_word' id='word_1_534' title='bbox 1639 5185 1712 5237; x_wconf 83' lang='grc' dir='ltr'><strong>οὐ</strong></span> <span class='ocrx_word' id='word_1_535' title='bbox 1726 5197 1875 5250; x_wconf 69' lang='grc' dir='ltr'><strong>συγ-</strong></span> 
     </span>
    </p>
   </div>
   <div class='ocr_carea' id='block_1_71' title="bbox 280 5273 1866 5355">
    <p class='ocr_par' dir='ltr' id='par_1_71' title="bbox 280 5273 1866 5355">
     <span class='ocr_line' id='line_1_71' title="bbox 280 5273 1866 5355; baseline -0.006 -16"><span class='ocrx_word' id='word_1_536' title='bbox 280 5286 522 5355; x_wconf 85' lang='grc' dir='ltr'>χύσεως</span> <span class='ocrx_word' id='word_1_537' title='bbox 549 5281 880 5354; x_wconf 76' lang='grc' dir='ltr'>γενομένης</span> <span class='ocrx_word' id='word_1_538' title='bbox 921 5279 1065 5336; x_wconf 82' lang='grc' dir='ltr'><strong>οὐδὲ</strong></span> <span class='ocrx_word' id='word_1_539' title='bbox 1089 5277 1434 5355; x_wconf 70' lang='grc' dir='ltr'>ἀφανισμοῦ</span> <span class='ocrx_word' id='word_1_540' title='bbox 1458 5276 1577 5331; x_wconf 84' lang='grc' dir='ltr'><strong>τῶν</strong></span> <span class='ocrx_word' id='word_1_541' title='bbox 1620 5273 1866 5331; x_wconf 85' lang='grc' dir='ltr'><em>οὐσιῶν.</em></span> 
     </span>
    </p>
   </div>
   <div class='ocr_carea' id='block_1_72' title="bbox 281 5367 1866 5446">
    <p class='ocr_par' dir='ltr' id='par_1_72' title="bbox 281 5367 1866 5446">
     <span class='ocr_line' id='line_1_72' title="bbox 281 5367 1866 5446; baseline -0.005 -17"><span class='ocrx_word' id='word_1_542' title='bbox 281 5377 396 5429; x_wconf 71' lang='grc' dir='ltr'>Καὶ</span> <span class='ocrx_word' id='word_1_543' title='bbox 426 5375 694 5446; x_wconf 84' lang='grc' dir='ltr'>Κύριλλος</span> <span class='ocrx_word' id='word_1_544' title='bbox 716 5374 773 5426; x_wconf 80' lang='grc' dir='ltr'><strong>δὲ</strong></span> <span class='ocrx_word' id='word_1_545' title='bbox 801 5375 860 5427; x_wconf 74' lang='grc' dir='ltr'>ἐν</span> <span class='ocrx_word' id='word_1_546' title='bbox 881 5375 948 5444; x_wconf 81' lang='grc' dir='ltr'>τῇ</span> <span class='ocrx_word' id='word_1_547' title='bbox 982 5371 1119 5445; x_wconf 80' lang='grc' dir='ltr'>πρὸς</span> <span class='ocrx_word' id='word_1_548' title='bbox 1161 5369 1538 5434; x_wconf 82' lang='grc' dir='ltr'>Ἀνατολικοὺς</span> <span class='ocrx_word' id='word_1_549' title='bbox 1565 5367 1824 5438; x_wconf 76' lang='grc' dir='ltr'>ἐπιστολῇ</span> <span class='ocrx_word' id='word_1_550' title='bbox 1849 5382 1866 5398; x_wconf 82' lang='grc'><strong>⁸</strong></span> 
     </span>
    </p>
   </div>
   <div class='ocr_carea' id='block_1_73' title="bbox 279 5458 1868 5538">
    <p class='ocr_par' dir='ltr' id='par_1_73' title="bbox 279 5458 1868 5538">
     <span class='ocr_line' id='line_1_73' title="bbox 279 5458 1868 5538; baseline -0.007 -14"><span class='ocrx_word' id='word_1_551' title='bbox 279 5463 389 5533; x_wconf 76' lang='grc' dir='ltr'><strong>Εἷς</strong></span> <span class='ocrx_word' id='word_1_552' title='bbox 399 5467 512 5538; x_wconf 80' lang='grc' dir='ltr'>γὰρ</span> <span class='ocrx_word' id='word_1_553' title='bbox 529 5468 743 5536; x_wconf 84' lang='grc' dir='ltr'>Κύριος</span> <span class='ocrx_word' id='word_1_554' title='bbox 758 5465 999 5533; x_wconf 78' lang='grc' dir='ltr'>Ἰησοῦς</span> <span class='ocrx_word' id='word_1_555' title='bbox 1013 5463 1290 5534; x_wconf 82' lang='grc' dir='ltr'>Χριστὸς,</span> <span class='ocrx_word' id='word_1_556' title='bbox 1308 5461 1424 5516; x_wconf 82' lang='grc' dir='ltr'><strong>κᾶν</strong></span> <span class='ocrx_word' id='word_1_557' title='bbox 1435 5461 1473 5529; x_wconf 77' lang='grc' dir='ltr'><strong><em>ὴ</em></strong></span> <span class='ocrx_word' id='word_1_558' title='bbox 1493 5458 1612 5515; x_wconf 82' lang='grc' dir='ltr'><strong>τῶν</strong></span> <span class='ocrx_word' id='word_1_559' title='bbox 1622 5461 1868 5531; x_wconf 72' lang='grc' dir='ltr'>φύσεων</span> 
     </span>
    </p>
   </div>
   <div class='ocr_carea' id='block_1_74' title="bbox 271 5551 1866 5631">
    <p class='ocr_par' dir='ltr' id='par_1_74' title="bbox 271 5551 1866 5631">
     <span class='ocr_line' id='line_1_74' title="bbox 271 5551 1866 5631; baseline -0.007 -16"><span class='ocrx_word' id='word_1_560' title='bbox 271 5563 366 5631; x_wconf 77' lang='grc' dir='ltr'>μὴ</span> <span class='ocrx_word' id='word_1_561' title='bbox 387 5559 680 5630; x_wconf 73' lang='grc' dir='ltr'>ἀγνοῆται</span> <span class='ocrx_word' id='word_1_562' title='bbox 699 5557 971 5628; x_wconf 63' lang='grc' dir='ltr'>διαφορά.</span> <span class='ocrx_word' id='word_1_563' title='bbox 989 5556 1102 5610; x_wconf 75' lang='grc' dir='ltr'><strong>Καὶ</strong></span> <span class='ocrx_word' id='word_1_564' title='bbox 1132 5554 1455 5627; x_wconf 80' lang='grc' dir='ltr'>’Δμὸρόσιος</span> <span class='ocrx_word' id='word_1_565' title='bbox 1475 5556 1503 5607; x_wconf 85' lang='grc' dir='ltr'><strong>ὁ</strong></span> <span class='ocrx_word' id='word_1_566' title='bbox 1520 5551 1866 5607; x_wconf 81' lang='grc' dir='ltr'>Μεδιολάνων</span> 
     </span>
    </p>
   </div>
   <div class='ocr_carea' id='block_1_75' title="bbox 278 5642 1859 5722">
    <p class='ocr_par' dir='ltr' id='par_1_75' title="bbox 278 5642 1859 5722">
     <span class='ocr_line' id='line_1_75' title="bbox 278 5642 1859 5722; baseline -0.006 -18"><span class='ocrx_word' id='word_1_567' title='bbox 278 5653 341 5704; x_wconf 70' lang='grc' dir='ltr'>ἂν</span> <span class='ocrx_word' id='word_1_568' title='bbox 372 5651 449 5721; x_wconf 75' lang='grc' dir='ltr'>τῷ</span> <span class='ocrx_word' id='word_1_569' title='bbox 476 5653 532 5704; x_wconf 77' lang='grc' dir='ltr'><strong>ὲν</strong></span> <span class='ocrx_word' id='word_1_570' title='bbox 557 5651 695 5722; x_wconf 77' lang='grc' dir='ltr'>Περὶ</span> <span class='ocrx_word' id='word_1_571' title='bbox 725 5649 1135 5722; x_wconf 83' lang='grc' dir='ltr'>ἀνθρωπήσεως</span> <span class='ocrx_word' id='word_1_572' title='bbox 1160 5647 1305 5718; x_wconf 83' lang='grc' dir='ltr'>λόγῳ</span> <span class='ocrx_word' id='word_1_573' title='bbox 1321 5663 1334 5677; x_wconf 77' lang='grc' dir='ltr'><strong>ο</strong></span> <span class='ocrx_word' id='word_1_574' title='bbox 1361 5644 1515 5712; x_wconf 85' lang='grc' dir='ltr'><strong>Τοὺς</strong></span> <span class='ocrx_word' id='word_1_575' title='bbox 1536 5642 1701 5714; x_wconf 81' lang='grc' dir='ltr'><strong>δὲμή</strong></span> <span class='ocrx_word' id='word_1_576' title='bbox 1720 5645 1859 5711; x_wconf 81' lang='grc' dir='ltr'><strong>ὀμο-</strong></span> 
     </span>
    </p>
   </div>
   <div class='ocr_carea' id='block_1_76' title="bbox 1897 4627 1954 4689">
    <p class='ocr_par' dir='ltr' id='par_1_76' title="bbox 1897 4627 1954 4689">
     <span class='ocr_line' id='line_1_76' title="bbox 1897 4627 1954 4689; baseline 0 -2"><span class='ocrx_word' id='word_1_577' title='bbox 1897 4627 1954 4689; x_wconf 87' lang='grc'><strong>1)</strong></span> 
     </span>
    </p>
   </div>
   <div class='ocr_carea' id='block_1_77' title="bbox 1985 2049 3576 2123">
    <p class='ocr_par' dir='ltr' id='par_1_77' title="bbox 1985 2049 3576 2123">
     <span class='ocr_line' id='line_1_77' title="bbox 1985 2049 3576 2123; baseline 0.004 -17"><span class='ocrx_word' id='word_1_578' title='bbox 1985 2049 2219 2120; x_wconf 88' lang='lat' dir='ltr'><strong>Semper</strong></span> <span class='ocrx_word' id='word_1_579' title='bbox 2263 2053 2408 2106; x_wconf 89' lang='lat' dir='ltr'><strong>enim</strong></span> <span class='ocrx_word' id='word_1_580' title='bbox 2441 2051 2603 2106; x_wconf 84' lang='lat' dir='ltr'><strong>Verbi</strong></span> <span class='ocrx_word' id='word_1_581' title='bbox 2647 2063 2840 2106; x_wconf 88' lang='lat' dir='ltr'><strong>natura</strong></span> <span class='ocrx_word' id='word_1_582' title='bbox 2871 2063 2924 2106; x_wconf 89' lang='lat' dir='ltr'><strong>et</strong></span> <span class='ocrx_word' id='word_1_583' title='bbox 2957 2053 3124 2108; x_wconf 89' lang='lat' dir='ltr'><strong>veluti</strong></span> <span class='ocrx_word' id='word_1_584' title='bbox 3157 2064 3279 2123; x_wconf 89' lang='lat' dir='ltr'><strong>post</strong></span> <span class='ocrx_word' id='word_1_585' title='bbox 3320 2050 3576 2112; x_wconf 78' lang='lat' dir='ltr'><strong>incarna-</strong></span> 
     </span>
    </p>
   </div>
   <div class='ocr_carea' id='block_1_78' title="bbox 1987 2143 3578 2203">
    <p class='ocr_par' dir='ltr' id='par_1_78' title="bbox 1987 2143 3578 2203">
     <span class='ocr_line' id='line_1_78' title="bbox 1987 2143 3578 2203; baseline 0.004 -8"><span class='ocrx_word' id='word_1_586' title='bbox 1987 2143 2188 2196; x_wconf 88' lang='lat' dir='ltr'><strong>tionem</strong></span> <span class='ocrx_word' id='word_1_587' title='bbox 2223 2150 2495 2198; x_wconf 70' lang='lat' dir='ltr'><strong>comter’na</strong></span> <span class='ocrx_word' id='word_1_588' title='bbox 2537 2144 2680 2197; x_wconf 82' lang='lat' dir='ltr'><strong>Patri</strong></span> <span class='ocrx_word' id='word_1_589' title='bbox 2711 2153 2766 2198; x_wconf 88' lang='lat' dir='ltr'><strong>ct</strong></span> <span class='ocrx_word' id='word_1_590' title='bbox 2793 2145 3278 2201; x_wconf 85' lang='lat' dir='ltr'><strong>consubstantialis</strong></span> <span class='ocrx_word' id='word_1_591' title='bbox 3315 2147 3439 2202; x_wconf 84' lang='lat' dir='ltr'><strong>fuit.</strong></span> <span class='ocrx_word' id='word_1_592' title='bbox 3469 2147 3578 2203; x_wconf 87' lang='lat' dir='ltr'><strong>Sed</strong></span> 
     </span>
    </p>
   </div>
   <div class='ocr_carea' id='block_1_79' title="bbox 1985 2236 3573 2307">
    <p class='ocr_par' dir='ltr' id='par_1_79' title="bbox 1985 2236 3573 2307">
     <span class='ocr_line' id='line_1_79' title="bbox 1985 2236 3573 2307; baseline 0.006 -21"><span class='ocrx_word' id='word_1_593' title='bbox 1985 2249 2265 2302; x_wconf 84' lang='lat' dir='ltr'><strong>nunquam</strong></span> <span class='ocrx_word' id='word_1_594' title='bbox 2297 2249 2427 2289; x_wconf 90' lang='lat' dir='ltr'><strong>caro</strong></span> <span class='ocrx_word' id='word_1_595' title='bbox 2485 2236 2660 2291; x_wconf 80' lang='lat' dir='ltr'><strong>Verho</strong></span> <span class='ocrx_word' id='word_1_596' title='bbox 2694 2239 2866 2302; x_wconf 78' lang='lat' dir='ltr'><strong>unita,</strong></span> <span class='ocrx_word' id='word_1_597' title='bbox 2926 2253 3102 2307; x_wconf 87' lang='lat' dir='ltr'><strong>neque</strong></span> <span class='ocrx_word' id='word_1_598' title='bbox 3160 2241 3573 2296; x_wconf 88' lang='lat' dir='ltr'><strong>subsistentium</strong></span> 
     </span>
    </p>
   </div>
   <div class='ocr_carea' id='block_1_80' title="bbox 1986 2325 3572 2400">
    <p class='ocr_par' dir='ltr' id='par_1_80' title="bbox 1986 2325 3572 2400">
     <span class='ocr_line' id='line_1_80' title="bbox 1986 2325 3572 2400; baseline 0.006 -21"><span class='ocrx_word' id='word_1_599' title='bbox 1986 2325 2194 2395; x_wconf 78' lang='lat' dir='ltr'><strong>integre</strong></span> <span class='ocrx_word' id='word_1_600' title='bbox 2219 2335 2358 2381; x_wconf 87' lang='lat' dir='ltr'><strong>erat.</strong></span> <span class='ocrx_word' id='word_1_601' title='bbox 2391 2327 2676 2392; x_wconf 87' lang='lat' dir='ltr'><strong>Quomodo</strong></span> <span class='ocrx_word' id='word_1_602' title='bbox 2701 2329 2889 2398; x_wconf 79' lang='lat' dir='ltr'><strong>igitur,</strong></span> <span class='ocrx_word' id='word_1_603' title='bbox 2933 2331 3037 2384; x_wconf 90' lang='lat' dir='ltr'><strong>nisi</strong></span> <span class='ocrx_word' id='word_1_604' title='bbox 3067 2331 3192 2400; x_wconf 89' lang='lat' dir='ltr'><strong>quis</strong></span> <span class='ocrx_word' id='word_1_605' title='bbox 3226 2347 3348 2386; x_wconf 90' lang='lat' dir='ltr'><strong>cum</strong></span> <span class='ocrx_word' id='word_1_606' title='bbox 3381 2332 3572 2388; x_wconf 78' lang='lat' dir='ltr'><strong>Nesto-</strong></span> 
     </span>
    </p>
   </div>
   <div class='ocr_carea' id='block_1_81' title="bbox 1985 2419 3577 2495">
    <p class='ocr_par' dir='ltr' id='par_1_81' title="bbox 1985 2419 3577 2495">
     <span class='ocr_line' id='line_1_81' title="bbox 1985 2419 3577 2495; baseline 0.004 -23"><span class='ocrx_word' id='word_1_607' title='bbox 1985 2419 2070 2474; x_wconf 86' lang='lat' dir='ltr'><strong>rio</strong></span> <span class='ocrx_word' id='word_1_608' title='bbox 2099 2420 2323 2483; x_wconf 82' lang='lat' dir='ltr'><strong>sentiat,</strong></span> <span class='ocrx_word' id='word_1_609' title='bbox 2358 2420 2474 2474; x_wconf 82' lang='lat' dir='ltr'><strong>ﬂeri</strong></span> <span class='ocrx_word' id='word_1_610' title='bbox 2495 2429 2674 2484; x_wconf 80' lang='lat' dir='ltr'><strong>potest</strong></span> <span class='ocrx_word' id='word_1_611' title='bbox 2705 2435 2736 2476; x_wconf 91' lang='lat' dir='ltr'><strong>e</strong></span> <span class='ocrx_word' id='word_1_612' title='bbox 2758 2423 2970 2477; x_wconf 85' lang='lat' dir='ltr'><strong>duabus</strong></span> <span class='ocrx_word' id='word_1_613' title='bbox 2998 2425 3228 2488; x_wconf 85' lang='lat' dir='ltr'><strong>naturis,</strong></span> <span class='ocrx_word' id='word_1_614' title='bbox 3287 2434 3577 2495; x_wconf 86' lang='lat' dir='ltr'><strong>antequam</strong></span> 
     </span>
    </p>
   </div>
   <div class='ocr_carea' id='block_1_82' title="bbox 1985 2509 3578 2583">
    <p class='ocr_par' dir='ltr' id='par_1_82' title="bbox 1985 2509 3578 2583">
     <span class='ocr_line' id='line_1_82' title="bbox 1985 2509 3578 2583; baseline 0.003 -21"><span class='ocrx_word' id='word_1_615' title='bbox 1985 2509 2384 2574; x_wconf 87' lang='lat' dir='ltr'><strong>incarnnretur,</strong></span> <span class='ocrx_word' id='word_1_616' title='bbox 2438 2509 2724 2563; x_wconf 89' lang='lat' dir='ltr'><strong>Dominum</strong></span> <span class='ocrx_word' id='word_1_617' title='bbox 2759 2513 3000 2576; x_wconf 74' lang='lat' dir='ltr'><strong>cogitare</strong></span> <span class='ocrx_word' id='word_1_618' title='bbox 3034 2513 3112 2566; x_wconf 86' lang='lat' dir='ltr'><strong>vel</strong></span> <span class='ocrx_word' id='word_1_619' title='bbox 3147 2513 3330 2568; x_wconf 87' lang='lat' dir='ltr'><strong>dicere</strong></span> <span class='ocrx_word' id='word_1_620' title='bbox 3377 2531 3392 2568; x_wconf 89' lang='lat'><strong>:</strong></span> <span class='ocrx_word' id='word_1_621' title='bbox 3429 2515 3578 2583; x_wconf 86' lang='lat' dir='ltr'><strong>pium</strong></span> 
     </span>
    </p>
   </div>
   <div class='ocr_carea' id='block_1_83' title="bbox 1985 2602 3580 2675">
    <p class='ocr_par' dir='ltr' id='par_1_83' title="bbox 1985 2602 3580 2675">
     <span class='ocr_line' id='line_1_83' title="bbox 1985 2602 3580 2675; baseline 0.003 -20"><span class='ocrx_word' id='word_1_622' title='bbox 1985 2602 2204 2671; x_wconf 81' lang='lat' dir='ltr'><strong>quidem</strong></span> <span class='ocrx_word' id='word_1_623' title='bbox 2240 2615 2323 2657; x_wconf 83' lang='lat' dir='ltr'><strong>est</strong></span> <span class='ocrx_word' id='word_1_624' title='bbox 2349 2613 2403 2657; x_wconf 83' lang='lat' dir='ltr'><strong>et</strong></span> <span class='ocrx_word' id='word_1_625' title='bbox 2434 2603 2796 2658; x_wconf 76' lang='lat' dir='ltr'><strong>orthodoxum</strong></span> <span class='ocrx_word' id='word_1_626' title='bbox 2825 2616 2945 2674; x_wconf 82' lang='lat' dir='ltr'><strong>post</strong></span> <span class='ocrx_word' id='word_1_627' title='bbox 2979 2606 3232 2659; x_wconf 81' lang='lat' dir='ltr'><strong>unionem</strong></span> <span class='ocrx_word' id='word_1_628' title='bbox 3254 2607 3365 2675; x_wconf 84' lang='lat' dir='ltr'><strong>jam</strong></span> <span class='ocrx_word' id='word_1_629' title='bbox 3393 2621 3426 2661; x_wconf 88' lang='lat' dir='ltr'><strong>e</strong></span> <span class='ocrx_word' id='word_1_630' title='bbox 3454 2607 3580 2662; x_wconf 85' lang='lat' dir='ltr'><strong>dna-</strong></span> 
     </span>
    </p>
   </div>
   <div class='ocr_carea' id='block_1_84' title="bbox 1985 2694 3576 2765">
    <p class='ocr_par' dir='ltr' id='par_1_84' title="bbox 1985 2694 3576 2765">
     <span class='ocr_line' id='line_1_84' title="bbox 1985 2694 3576 2765; baseline 0.003 -17"><span class='ocrx_word' id='word_1_631' title='bbox 1985 2694 2090 2748; x_wconf 86' lang='lat' dir='ltr'><strong>bus</strong></span> <span class='ocrx_word' id='word_1_632' title='bbox 2129 2694 2346 2748; x_wconf 87' lang='lat' dir='ltr'><strong>naturis</strong></span> <span class='ocrx_word' id='word_1_633' title='bbox 2410 2695 2616 2749; x_wconf 79' lang='lat' dir='ltr'><strong>factum</strong></span> <span class='ocrx_word' id='word_1_634' title='bbox 2679 2696 2880 2760; x_wconf 82' lang='lat' dir='ltr'><strong>dicere,</strong></span> <span class='ocrx_word' id='word_1_635' title='bbox 2942 2700 3400 2765; x_wconf 84' lang='lat' dir='ltr'><strong>quemadmodum</strong></span> <span class='ocrx_word' id='word_1_636' title='bbox 3452 2711 3576 2753; x_wconf 89' lang='lat' dir='ltr'><strong>eum</strong></span> 
     </span>
    </p>
   </div>
   <div class='ocr_carea' id='block_1_85' title="bbox 1985 2785 3573 2845">
    <p class='ocr_par' dir='ltr' id='par_1_85' title="bbox 1985 2785 3573 2845">
     <span class='ocr_line' id='line_1_85' title="bbox 1985 2785 3573 2845; baseline 0.004 -7"><span class='ocrx_word' id='word_1_637' title='bbox 1985 2786 2244 2844; x_wconf 82' lang='lat' dir='ltr'><strong>vidimus.</strong></span> <span class='ocrx_word' id='word_1_638' title='bbox 2274 2785 2389 2841; x_wconf 82' lang='lat' dir='ltr'><strong>Hoc</strong></span> <span class='ocrx_word' id='word_1_639' title='bbox 2422 2798 2478 2841; x_wconf 87' lang='lat' dir='ltr'><strong>et</strong></span> <span class='ocrx_word' id='word_1_640' title='bbox 2495 2797 2904 2842; x_wconf 84' lang='lat' dir='ltr'><strong>sacrosanctum</strong></span> <span class='ocrx_word' id='word_1_641' title='bbox 2938 2789 3230 2842; x_wconf 90' lang='lat' dir='ltr'><strong>concilium</strong></span> <span class='ocrx_word' id='word_1_642' title='bbox 3265 2787 3573 2845; x_wconf 84' lang='lat' dir='ltr'><strong>Chalcedo-</strong></span> 
     </span>
    </p>
   </div>
   <div class='ocr_carea' id='block_1_86' title="bbox 1985 2879 3573 2945">
    <p class='ocr_par' dir='ltr' id='par_1_86' title="bbox 1985 2879 3573 2945">
     <span class='ocr_line' id='line_1_86' title="bbox 1985 2879 3573 2945; baseline 0.002 -12"><span class='ocrx_word' id='word_1_643' title='bbox 1985 2894 2156 2933; x_wconf 89' lang='lat' dir='ltr'><strong>nense</strong></span> <span class='ocrx_word' id='word_1_644' title='bbox 2187 2879 2500 2945; x_wconf 78' lang='lat' dir='ltr'><strong>conﬁrmat,</strong></span> <span class='ocrx_word' id='word_1_645' title='bbox 2553 2879 2704 2935; x_wconf 86' lang='lat' dir='ltr'><strong>clare</strong></span> <span class='ocrx_word' id='word_1_646' title='bbox 2737 2890 2786 2934; x_wconf 85' lang='lat' dir='ltr'><strong>et</strong></span> <span class='ocrx_word' id='word_1_647' title='bbox 2837 2881 3118 2936; x_wconf 85' lang='lat' dir='ltr'><strong>evidenter</strong></span> <span class='ocrx_word' id='word_1_648' title='bbox 3165 2883 3482 2945; x_wconf 89' lang='lat' dir='ltr'><strong>ostendens,</strong></span> <span class='ocrx_word' id='word_1_649' title='bbox 3518 2882 3573 2936; x_wconf 92' lang='lat' dir='ltr'><strong>in</strong></span> 
     </span>
    </p>
   </div>
   <div class='ocr_carea' id='block_1_87' title="bbox 1986 2969 3575 3039">
    <p class='ocr_par' dir='ltr' id='par_1_87' title="bbox 1986 2969 3575 3039">
     <span class='ocr_line' id='line_1_87' title="bbox 1986 2969 3575 3039; baseline 0.004 -16"><span class='ocrx_word' id='word_1_650' title='bbox 1986 2971 2272 3026; x_wconf 86' lang='lat' dir='ltr'><strong>divinitate</strong></span> <span class='ocrx_word' id='word_1_651' title='bbox 2299 2971 2597 3039; x_wconf 79' lang='lat' dir='ltr'><strong>perlectum</strong></span> <span class='ocrx_word' id='word_1_652' title='bbox 2631 2969 2912 3027; x_wconf 83' lang='lat' dir='ltr'><strong>Christum</strong></span> <span class='ocrx_word' id='word_1_653' title='bbox 2945 2981 3000 3026; x_wconf 90' lang='lat' dir='ltr'><strong>et</strong></span> <span class='ocrx_word' id='word_1_654' title='bbox 3037 2972 3090 3026; x_wconf 91' lang='lat' dir='ltr'><strong>in</strong></span> <span class='ocrx_word' id='word_1_655' title='bbox 3121 2973 3482 3030; x_wconf 86' lang='lat' dir='ltr'><strong>humanitate.</strong></span> <span class='ocrx_word' id='word_1_656' title='bbox 3515 2973 3575 3029; x_wconf 92' lang='lat' dir='ltr'><strong>Si</strong></span> 
     </span>
    </p>
   </div>
   <div class='ocr_carea' id='block_1_88' title="bbox 1986 3064 3576 3133">
    <p class='ocr_par' dir='ltr' id='par_1_88' title="bbox 1986 3064 3576 3133">
     <span class='ocr_line' id='line_1_88' title="bbox 1986 3064 3576 3133; baseline 0.004 -19"><span class='ocrx_word' id='word_1_657' title='bbox 1986 3064 2110 3131; x_wconf 81' lang='lat' dir='ltr'><strong>quis</strong></span> <span class='ocrx_word' id='word_1_658' title='bbox 2179 3079 2342 3133; x_wconf 86' lang='lat' dir='ltr'><strong>porro</strong></span> <span class='ocrx_word' id='word_1_659' title='bbox 2393 3064 2720 3120; x_wconf 86' lang='lat' dir='ltr'><strong>Severianus</strong></span> <span class='ocrx_word' id='word_1_660' title='bbox 2782 3064 2982 3119; x_wconf 74' lang='lat' dir='ltr'><strong>dixerit</strong></span> <span class='ocrx_word' id='word_1_661' title='bbox 3037 3065 3198 3119; x_wconf 82' lang='lat' dir='ltr'><strong>duas</strong></span> <span class='ocrx_word' id='word_1_662' title='bbox 3231 3075 3470 3120; x_wconf 75' lang='lat' dir='ltr'><strong>naturas</strong></span> <span class='ocrx_word' id='word_1_663' title='bbox 3522 3067 3576 3120; x_wconf 88' lang='lat' dir='ltr'><strong>in</strong></span> 
     </span>
    </p>
   </div>
   <div class='ocr_carea' id='block_1_89' title="bbox 1986 3157 3578 3228">
    <p class='ocr_par' dir='ltr' id='par_1_89' title="bbox 1986 3157 3578 3228">
     <span class='ocr_line' id='line_1_89' title="bbox 1986 3157 3578 3228; baseline 0.002 -17"><span class='ocrx_word' id='word_1_664' title='bbox 1986 3157 2212 3211; x_wconf 83' lang='lat' dir='ltr'><strong>Christo</strong></span> <span class='ocrx_word' id='word_1_665' title='bbox 2242 3157 2379 3211; x_wconf 84' lang='lat' dir='ltr'><strong>duas</strong></span> <span class='ocrx_word' id='word_1_666' title='bbox 2403 3171 2670 3227; x_wconf 86' lang='lat' dir='ltr'><strong>personas</strong></span> <span class='ocrx_word' id='word_1_667' title='bbox 2722 3160 3073 3222; x_wconf 81' lang='lat' dir='ltr'><strong>consuluere,</strong></span> <span class='ocrx_word' id='word_1_668' title='bbox 3127 3168 3182 3212; x_wconf 87' lang='lat' dir='ltr'><strong>et</strong></span> <span class='ocrx_word' id='word_1_669' title='bbox 3231 3159 3578 3228; x_wconf 83' lang='lat' dir='ltr'><strong>hypostases,</strong></span> 
     </span>
    </p>
   </div>
   <div class='ocr_carea' id='block_1_90' title="bbox 1989 3250 3576 3320">
    <p class='ocr_par' dir='ltr' id='par_1_90' title="bbox 1989 3250 3576 3320">
     <span class='ocr_line' id='line_1_90' title="bbox 1989 3250 3576 3320; baseline 0.003 -18"><span class='ocrx_word' id='word_1_670' title='bbox 1989 3259 2184 3302; x_wconf 83' lang='lat' dir='ltr'><strong>natura</strong></span> <span class='ocrx_word' id='word_1_671' title='bbox 2215 3250 2359 3303; x_wconf 83' lang='lat' dir='ltr'><strong>enim</strong></span> <span class='ocrx_word' id='word_1_672' title='bbox 2384 3250 2503 3304; x_wconf 90' lang='lat' dir='ltr'><strong>sine</strong></span> <span class='ocrx_word' id='word_1_673' title='bbox 2559 3265 2792 3320; x_wconf 87' lang='lat' dir='ltr'><strong>persona</strong></span> <span class='ocrx_word' id='word_1_674' title='bbox 2824 3265 2928 3304; x_wconf 90' lang='lat' dir='ltr'><strong>non</strong></span> <span class='ocrx_word' id='word_1_675' title='bbox 2960 3260 3063 3315; x_wconf 90' lang='lat' dir='ltr'><strong>est,</strong></span> <span class='ocrx_word' id='word_1_676' title='bbox 3096 3265 3274 3320; x_wconf 87' lang='lat' dir='ltr'><strong>neque</strong></span> <span class='ocrx_word' id='word_1_677' title='bbox 3303 3266 3409 3305; x_wconf 92' lang='lat' dir='ltr'><strong>non</strong></span> <span class='ocrx_word' id='word_1_678' title='bbox 3447 3255 3576 3306; x_wconf 84' lang='lat' dir='ltr'><strong>sub-</strong></span> 
     </span>
    </p>
   </div>
   <div class='ocr_carea' id='block_1_91' title="bbox 1982 3341 3579 3411">
    <p class='ocr_par' dir='ltr' id='par_1_91' title="bbox 1982 3341 3579 3411">
     <span class='ocr_line' id='line_1_91' title="bbox 1982 3341 3579 3411; baseline 0.002 -17"><span class='ocrx_word' id='word_1_679' title='bbox 1982 3343 2184 3397; x_wconf 84' lang='lat' dir='ltr'><strong>sistens</strong></span> <span class='ocrx_word' id='word_1_680' title='bbox 2225 3361 2238 3395; x_wconf 89' lang='lat'><strong>:</strong></span> <span class='ocrx_word' id='word_1_681' title='bbox 2290 3342 2470 3396; x_wconf 84' lang='lat' dir='ltr'><strong>sciant</strong></span> <span class='ocrx_word' id='word_1_682' title='bbox 2502 3341 2681 3397; x_wconf 83' lang='lat' dir='ltr'><strong>Patris</strong></span> <span class='ocrx_word' id='word_1_683' title='bbox 2705 3342 2785 3396; x_wconf 90' lang='lat' dir='ltr'><strong>sui</strong></span> <span class='ocrx_word' id='word_1_684' title='bbox 2819 3342 3205 3411; x_wconf 85' lang='lat' dir='ltr'><strong>impudentiam</strong></span> <span class='ocrx_word' id='word_1_685' title='bbox 3237 3342 3579 3398; x_wconf 84' lang='lat' dir='ltr'><strong>absconden-</strong></span> 
     </span>
    </p>
   </div>
   <div class='ocr_carea' id='block_1_92' title="bbox 1983 3433 3579 3499">
    <p class='ocr_par' dir='ltr' id='par_1_92' title="bbox 1983 3433 3579 3499">
     <span class='ocr_line' id='line_1_92' title="bbox 1983 3433 3579 3499; baseline 0.002 -13"><span class='ocrx_word' id='word_1_686' title='bbox 1983 3441 2086 3496; x_wconf 88' lang='lat' dir='ltr'><strong>tes,</strong></span> <span class='ocrx_word' id='word_1_687' title='bbox 2121 3443 2427 3487; x_wconf 89' lang='lat' dir='ltr'><strong>nontamen</strong></span> <span class='ocrx_word' id='word_1_688' title='bbox 2453 3449 2665 3499; x_wconf 84' lang='lat' dir='ltr'><strong>sapere.</strong></span> <span class='ocrx_word' id='word_1_689' title='bbox 2700 3434 2912 3488; x_wconf 87' lang='lat' dir='ltr'><strong>Etenim</strong></span> <span class='ocrx_word' id='word_1_690' title='bbox 2946 3435 3183 3488; x_wconf 81' lang='lat' dir='ltr'><strong>Severus</strong></span> <span class='ocrx_word' id='word_1_691' title='bbox 3216 3449 3320 3487; x_wconf 91' lang='lat' dir='ltr'><strong>non</strong></span> <span class='ocrx_word' id='word_1_692' title='bbox 3355 3433 3579 3489; x_wconf 79' lang='lat' dir='ltr'><strong>erubuit</strong></span> 
     </span>
    </p>
   </div>
   <div class='ocr_carea' id='block_1_93' title="bbox 1981 3520 3575 3594">
    <p class='ocr_par' dir='ltr' id='par_1_93' title="bbox 1981 3520 3575 3594">
     <span class='ocr_line' id='line_1_93' title="bbox 1981 3520 3575 3594; baseline -0.001 -13"><span class='ocrx_word' id='word_1_693' title='bbox 1981 3540 2255 3594; x_wconf 80' lang='lat' dir='ltr'><strong>exponere</strong></span> <span class='ocrx_word' id='word_1_694' title='bbox 2292 3536 2347 3579; x_wconf 86' lang='lat' dir='ltr'><strong>et</strong></span> <span class='ocrx_word' id='word_1_695' title='bbox 2390 3520 2784 3590; x_wconf 86' lang='lat' dir='ltr'><strong>demonstrare,</strong></span> <span class='ocrx_word' id='word_1_696' title='bbox 2824 3541 2856 3579; x_wconf 91' lang='lat' dir='ltr'><strong>e</strong></span> <span class='ocrx_word' id='word_1_697' title='bbox 2884 3525 3092 3578; x_wconf 89' lang='lat' dir='ltr'><strong>duabus</strong></span> <span class='ocrx_word' id='word_1_698' title='bbox 3115 3527 3352 3589; x_wconf 86' lang='lat' dir='ltr'><strong>naturis,</strong></span> <span class='ocrx_word' id='word_1_699' title='bbox 3386 3540 3575 3594; x_wconf 87' lang='lat' dir='ltr'><strong>perso-</strong></span> 
     </span>
    </p>
   </div>
   <div class='ocr_carea' id='block_1_94' title="bbox 1983 3617 3574 3688">
    <p class='ocr_par' dir='ltr' id='par_1_94' title="bbox 1983 3617 3574 3688">
     <span class='ocr_line' id='line_1_94' title="bbox 1983 3617 3574 3688; baseline 0.001 -16"><span class='ocrx_word' id='word_1_700' title='bbox 1983 3618 2087 3685; x_wconf 86' lang='lat' dir='ltr'><strong>nis,</strong></span> <span class='ocrx_word' id='word_1_701' title='bbox 2114 3617 2604 3688; x_wconf 84' lang='lat' dir='ltr'><strong>hypostasibusque</strong></span> <span class='ocrx_word' id='word_1_702' title='bbox 2629 3618 2838 3672; x_wconf 88' lang='lat' dir='ltr'><strong>duabus</strong></span> <span class='ocrx_word' id='word_1_703' title='bbox 2860 3617 3137 3672; x_wconf 84' lang='lat' dir='ltr'><strong>Christum</strong></span> <span class='ocrx_word' id='word_1_704' title='bbox 3163 3619 3436 3686; x_wconf 84' lang='lat' dir='ltr'><strong>componi.</strong></span> <span class='ocrx_word' id='word_1_705' title='bbox 3460 3617 3574 3674; x_wconf 69' lang='lat' dir='ltr'><strong>Nisi</strong></span> 
     </span>
    </p>
   </div>
   <div class='ocr_carea' id='block_1_95' title="bbox 1980 3709 3570 3779">
    <p class='ocr_par' dir='ltr' id='par_1_95' title="bbox 1980 3709 3570 3779">
     <span class='ocr_line' id='line_1_95' title="bbox 1980 3709 3570 3779; baseline 0.001 -16"><span class='ocrx_word' id='word_1_706' title='bbox 1980 3711 2123 3779; x_wconf 89' lang='lat' dir='ltr'><strong>quod</strong></span> <span class='ocrx_word' id='word_1_707' title='bbox 2155 3712 2439 3765; x_wconf 87' lang='lat' dir='ltr'><strong>sciendum</strong></span> <span class='ocrx_word' id='word_1_708' title='bbox 2472 3711 2562 3773; x_wconf 81' lang='lat' dir='ltr'><strong>sit,</strong></span> <span class='ocrx_word' id='word_1_709' title='bbox 2593 3710 2794 3777; x_wconf 65' lang='lat' dir='ltr'><strong>saepius</strong></span> <span class='ocrx_word' id='word_1_710' title='bbox 2823 3710 2876 3764; x_wconf 93' lang='lat' dir='ltr'><strong>in</strong></span> <span class='ocrx_word' id='word_1_711' title='bbox 2906 3709 3126 3768; x_wconf 76' lang='lat' dir='ltr'><strong>antibus</strong></span> <span class='ocrx_word' id='word_1_712' title='bbox 3152 3719 3406 3764; x_wconf 85' lang='lat' dir='ltr'><strong>naturam</strong></span> <span class='ocrx_word' id='word_1_713' title='bbox 3437 3710 3570 3777; x_wconf 89' lang='lat' dir='ltr'><strong>dici,</strong></span> 
     </span>
    </p>
   </div>
   <div class='ocr_carea' id='block_1_96' title="bbox 1981 3801 3573 3871">
    <p class='ocr_par' dir='ltr' id='par_1_96' title="bbox 1981 3801 3573 3871">
     <span class='ocr_line' id='line_1_96' title="bbox 1981 3801 3573 3871; baseline 0 -15"><span class='ocrx_word' id='word_1_714' title='bbox 1981 3817 2088 3857; x_wconf 90' lang='lat' dir='ltr'><strong>non</strong></span> <span class='ocrx_word' id='word_1_715' title='bbox 2121 3804 2432 3858; x_wconf 88' lang='lat' dir='ltr'><strong>necessario</strong></span> <span class='ocrx_word' id='word_1_716' title='bbox 2472 3811 2650 3857; x_wconf 87' lang='lat' dir='ltr'><strong>tamen</strong></span> <span class='ocrx_word' id='word_1_717' title='bbox 2689 3802 2883 3856; x_wconf 84' lang='lat' dir='ltr'><strong>adduci</strong></span> <span class='ocrx_word' id='word_1_718' title='bbox 2929 3811 2986 3857; x_wconf 87' lang='lat' dir='ltr'><strong>et</strong></span> <span class='ocrx_word' id='word_1_719' title='bbox 3037 3816 3347 3871; x_wconf 82' lang='lat' dir='ltr'><strong>personam,</strong></span> <span class='ocrx_word' id='word_1_720' title='bbox 3408 3801 3573 3857; x_wconf 81' lang='lat' dir='ltr'><strong>veluti</strong></span> 
     </span>
    </p>
   </div>
   <div class='ocr_carea' id='block_1_97' title="bbox 1980 3895 3574 3969">
    <p class='ocr_par' dir='ltr' id='par_1_97' title="bbox 1980 3895 3574 3969">
     <span class='ocr_line' id='line_1_97' title="bbox 1980 3895 3574 3969; baseline -0.001 -18"><span class='ocrx_word' id='word_1_721' title='bbox 1980 3913 2133 3968; x_wconf 75' lang='lat' dir='ltr'><strong>aqua:</strong></span> <span class='ocrx_word' id='word_1_722' title='bbox 2158 3910 2370 3964; x_wconf 84' lang='lat' dir='ltr'><strong>natura,</strong></span> <span class='ocrx_word' id='word_1_723' title='bbox 2395 3899 2510 3964; x_wconf 64' lang='lat' dir='ltr'><strong>ira),</strong></span> <span class='ocrx_word' id='word_1_724' title='bbox 2546 3899 2694 3964; x_wconf 88' lang='lat' dir='ltr'><strong>belli,</strong></span> <span class='ocrx_word' id='word_1_725' title='bbox 2726 3913 3043 3969; x_wconf 70' lang='lat' dir='ltr'><strong>pugnaeque.</strong></span> <span class='ocrx_word' id='word_1_726' title='bbox 3074 3895 3200 3964; x_wconf 88' lang='lat' dir='ltr'><strong>Ubi,</strong></span> <span class='ocrx_word' id='word_1_727' title='bbox 3238 3913 3443 3967; x_wconf 71' lang='lat' dir='ltr'><strong>qnteso,</strong></span> <span class='ocrx_word' id='word_1_728' title='bbox 3468 3897 3574 3950; x_wconf 88' lang='lat' dir='ltr'><strong>ali-</strong></span> 
     </span>
    </p>
   </div>
   <div class='ocr_carea' id='block_1_98' title="bbox 1979 3989 3575 4058">
    <p class='ocr_par' dir='ltr' id='par_1_98' title="bbox 1979 3989 3575 4058">
     <span class='ocr_line' id='line_1_98' title="bbox 1979 3989 3575 4058; baseline 0 -16"><span class='ocrx_word' id='word_1_729' title='bbox 1979 3989 2106 4058; x_wconf 82' lang='lat' dir='ltr'><strong>quis</strong></span> <span class='ocrx_word' id='word_1_730' title='bbox 2145 4005 2174 4044; x_wconf 89' lang='lat' dir='ltr'><strong>e</strong></span> <span class='ocrx_word' id='word_1_731' title='bbox 2206 3989 2484 4058; x_wconf 67' lang='lat' dir='ltr'><strong>prasdictis</strong></span> <span class='ocrx_word' id='word_1_732' title='bbox 2523 3999 2581 4043; x_wconf 91' lang='lat' dir='ltr'><strong>ut</strong></span> <span class='ocrx_word' id='word_1_733' title='bbox 2615 4000 2868 4044; x_wconf 87' lang='lat' dir='ltr'><strong>naturam</strong></span> <span class='ocrx_word' id='word_1_734' title='bbox 2920 3993 2993 4043; x_wconf 85' lang='lat' dir='ltr'><strong>ita</strong></span> <span class='ocrx_word' id='word_1_735' title='bbox 3050 4005 3336 4056; x_wconf 82' lang='lat' dir='ltr'><strong>personam</strong></span> <span class='ocrx_word' id='word_1_736' title='bbox 3371 3998 3575 4042; x_wconf 82' lang='lat' dir='ltr'><strong>temere</strong></span> 
     </span>
    </p>
   </div>
   <div class='ocr_carea' id='block_1_99' title="bbox 1979 4079 3575 4151">
    <p class='ocr_par' dir='ltr' id='par_1_99' title="bbox 1979 4079 3575 4151">
     <span class='ocr_line' id='line_1_99' title="bbox 1979 4079 3575 4151; baseline 0.001 -16"><span class='ocrx_word' id='word_1_737' title='bbox 1979 4081 2314 4151; x_wconf 83' lang='lat' dir='ltr'><strong>appellavit?</strong></span> <span class='ocrx_word' id='word_1_738' title='bbox 2364 4089 2418 4136; x_wconf 91' lang='lat' dir='ltr'><strong>et</strong></span> <span class='ocrx_word' id='word_1_739' title='bbox 2467 4097 2709 4146; x_wconf 87' lang='lat' dir='ltr'><strong>rursum,</strong></span> <span class='ocrx_word' id='word_1_740' title='bbox 2757 4082 2989 4136; x_wconf 85' lang='lat' dir='ltr'><strong>dicimus</strong></span> <span class='ocrx_word' id='word_1_741' title='bbox 3026 4080 3267 4150; x_wconf 81' lang='lat' dir='ltr'><strong>singulos</strong></span> <span class='ocrx_word' id='word_1_742' title='bbox 3323 4079 3575 4136; x_wconf 82' lang='lat' dir='ltr'><strong>hmnines</strong></span> 
     </span>
    </p>
   </div>
   <div class='ocr_carea' id='block_1_100' title="bbox 1978 4173 3574 4243">
    <p class='ocr_par' dir='ltr' id='par_1_100' title="bbox 1978 4173 3574 4243">
     <span class='ocr_line' id='line_1_100' title="bbox 1978 4173 3574 4243; baseline 0 -15"><span class='ocrx_word' id='word_1_743' title='bbox 1978 4175 2176 4230; x_wconf 64' lang='lat' dir='ltr'><strong>anima</strong></span> <span class='ocrx_word' id='word_1_744' title='bbox 2209 4183 2486 4238; x_wconf 84' lang='lat' dir='ltr'><strong>naturam,</strong></span> <span class='ocrx_word' id='word_1_745' title='bbox 2520 4185 2574 4229; x_wconf 90' lang='lat' dir='ltr'><strong>et</strong></span> <span class='ocrx_word' id='word_1_746' title='bbox 2607 4186 2860 4228; x_wconf 87' lang='lat' dir='ltr'><strong>naturam</strong></span> <span class='ocrx_word' id='word_1_747' title='bbox 2889 4175 3133 4243; x_wconf 87' lang='lat' dir='ltr'><strong>corporis</strong></span> <span class='ocrx_word' id='word_1_748' title='bbox 3158 4173 3362 4228; x_wconf 86' lang='lat' dir='ltr'><strong>habere</strong></span> <span class='ocrx_word' id='word_1_749' title='bbox 3401 4191 3413 4226; x_wconf 95' lang='lat'>:</span> <span class='ocrx_word' id='word_1_750' title='bbox 3448 4173 3574 4228; x_wconf 74' lang='grc' dir='ltr'>ειιιίο</span> 
     </span>
    </p>
   </div>
   <div class='ocr_carea' id='block_1_101' title="bbox 1981 4265 3574 4336">
    <p class='ocr_par' dir='ltr' id='par_1_101' title="bbox 1981 4265 3574 4336">
     <span class='ocr_line' id='line_1_101' title="bbox 1981 4265 3574 4336; baseline -0.001 -17"><span class='ocrx_word' id='word_1_751' title='bbox 1981 4281 2082 4320; x_wconf 74' lang='lat' dir='ltr'><strong>ma:</strong></span> <span class='ocrx_word' id='word_1_752' title='bbox 2137 4275 2324 4322; x_wconf 89' lang='lat' dir='ltr'><strong>autem</strong></span> <span class='ocrx_word' id='word_1_753' title='bbox 2377 4281 2668 4336; x_wconf 88' lang='lat' dir='ltr'><strong>personam</strong></span> <span class='ocrx_word' id='word_1_754' title='bbox 2701 4275 2754 4322; x_wconf 89' lang='lat' dir='ltr'><strong>et</strong></span> <span class='ocrx_word' id='word_1_755' title='bbox 2795 4267 3066 4336; x_wconf 89' lang='lat' dir='ltr'><strong>corporis,</strong></span> <span class='ocrx_word' id='word_1_756' title='bbox 3103 4265 3187 4319; x_wconf 90' lang='lat' dir='ltr'><strong>vel</strong></span> <span class='ocrx_word' id='word_1_757' title='bbox 3216 4266 3413 4319; x_wconf 77' lang='lat' dir='ltr'><strong>aninue</strong></span> <span class='ocrx_word' id='word_1_758' title='bbox 3442 4265 3574 4318; x_wconf 75' lang='lat' dir='ltr'><strong>sub-</strong></span> 
     </span>
    </p>
   </div>
   <div class='ocr_carea' id='block_1_102' title="bbox 1978 4357 3572 4430">
    <p class='ocr_par' dir='ltr' id='par_1_102' title="bbox 1978 4357 3572 4430">
     <span class='ocr_line' id='line_1_102' title="bbox 1978 4357 3572 4430; baseline -0.002 -15"><span class='ocrx_word' id='word_1_759' title='bbox 1978 4359 2314 4428; x_wconf 86' lang='lat' dir='ltr'><strong>sistentiam,</strong></span> <span class='ocrx_word' id='word_1_760' title='bbox 2338 4359 2425 4416; x_wconf 91' lang='lat' dir='ltr'><strong>vel</strong></span> <span class='ocrx_word' id='word_1_761' title='bbox 2455 4361 2697 4430; x_wconf 86' lang='lat' dir='ltr'><strong>corporis</strong></span> <span class='ocrx_word' id='word_1_762' title='bbox 2740 4360 2963 4424; x_wconf 88' lang='lat' dir='ltr'><strong>habere,</strong></span> <span class='ocrx_word' id='word_1_763' title='bbox 2995 4374 3062 4414; x_wconf 91' lang='lat' dir='ltr'><strong>ne</strong></span> <span class='ocrx_word' id='word_1_764' title='bbox 3109 4357 3304 4414; x_wconf 78' lang='lat' dir='ltr'><strong>fabula:</strong></span> <span class='ocrx_word' id='word_1_765' title='bbox 3350 4357 3572 4428; x_wconf 86' lang='lat' dir='ltr'><strong>quidem</strong></span> 
     </span>
    </p>
   </div>
   <div class='ocr_carea' id='block_1_103' title="bbox 1980 4450 2277 4508">
    <p class='ocr_par' dir='ltr' id='par_1_103' title="bbox 1980 4450 2277 4508">
     <span class='ocr_line' id='line_1_103' title="bbox 1980 4450 2277 4508; baseline 0.007 -2"><span class='ocrx_word' id='word_1_766' title='bbox 1980 4450 2277 4508; x_wconf 80' lang='lat' dir='ltr'><strong>ﬁnxerunt.</strong></span> 
     </span>
    </p>
   </div>
   <div class='ocr_carea' id='block_1_104' title="bbox 2055 4706 3563 4778">
    <p class='ocr_par' dir='ltr' id='par_1_104' title="bbox 2055 4706 3563 4778">
     <span class='ocr_line' id='line_1_104' title="bbox 2055 4706 3563 4778; baseline -0.006 -7"><span class='ocrx_word' id='word_1_767' title='bbox 2055 4717 2161 4771; x_wconf 83' lang='lat' dir='ltr'><strong>Sed</strong></span> <span class='ocrx_word' id='word_1_768' title='bbox 2192 4716 2420 4770; x_wconf 85' lang='lat' dir='ltr'><strong>duarum</strong></span> <span class='ocrx_word' id='word_1_769' title='bbox 2444 4719 2764 4766; x_wconf 87' lang='lat' dir='ltr'><strong>naturarum</strong></span> <span class='ocrx_word' id='word_1_770' title='bbox 2805 4723 3083 4773; x_wconf 78' lang='lat' dir='ltr'><strong>unionem,</strong></span> <span class='ocrx_word' id='word_1_771' title='bbox 3121 4719 3284 4762; x_wconf 89' lang='lat' dir='ltr'><strong>unam</strong></span> <span class='ocrx_word' id='word_1_772' title='bbox 3316 4706 3563 4778; x_wconf 59' lang='lat' dir='ltr'><strong>bypostao</strong></span> 
     </span>
    </p>
   </div>
   <div class='ocr_carea' id='block_1_105' title="bbox 1982 4799 3568 4877">
    <p class='ocr_par' dir='ltr' id='par_1_105' title="bbox 1982 4799 3568 4877">
     <span class='ocr_line' id='line_1_105' title="bbox 1982 4799 3568 4877; baseline -0.008 -12"><span class='ocrx_word' id='word_1_773' title='bbox 1982 4809 2090 4872; x_wconf 91' lang='lat' dir='ltr'><strong>sin,</strong></span> <span class='ocrx_word' id='word_1_774' title='bbox 2124 4819 2400 4877; x_wconf 85' lang='lat' dir='ltr'><strong>unamque</strong></span> <span class='ocrx_word' id='word_1_775' title='bbox 2431 4817 2722 4876; x_wconf 87' lang='lat' dir='ltr'><strong>personam</strong></span> <span class='ocrx_word' id='word_1_776' title='bbox 2775 4800 3055 4868; x_wconf 82' lang='lat' dir='ltr'><strong>conﬁteri,</strong></span> <span class='ocrx_word' id='word_1_777' title='bbox 3084 4799 3247 4872; x_wconf 90' lang='lat' dir='ltr'><strong>idque</strong></span> <span class='ocrx_word' id='word_1_778' title='bbox 3280 4804 3426 4870; x_wconf 88' lang='lat' dir='ltr'><strong>plum</strong></span> <span class='ocrx_word' id='word_1_779' title='bbox 3461 4807 3568 4864; x_wconf 87' lang='lat' dir='ltr'><strong>est,</strong></span> 
     </span>
    </p>
   </div>
   <div class='ocr_carea' id='block_1_106' title="bbox 1979 4890 3571 4971">
    <p class='ocr_par' dir='ltr' id='par_1_106' title="bbox 1979 4890 3571 4971">
     <span class='ocr_line' id='line_1_106' title="bbox 1979 4890 3571 4971; baseline -0.007 -15"><span class='ocrx_word' id='word_1_780' title='bbox 1979 4915 2132 4971; x_wconf 66' lang='lat' dir='ltr'><strong>aeque</strong></span> <span class='ocrx_word' id='word_1_781' title='bbox 2164 4910 2477 4956; x_wconf 85' lang='lat' dir='ltr'><strong>sanctorum</strong></span> <span class='ocrx_word' id='word_1_782' title='bbox 2505 4895 2728 4952; x_wconf 87' lang='lat' dir='ltr'><strong>Patrum</strong></span> <span class='ocrx_word' id='word_1_783' title='bbox 2759 4895 3056 4950; x_wconf 83' lang='lat' dir='ltr'><strong>sententia.</strong></span> <span class='ocrx_word' id='word_1_784' title='bbox 3110 4891 3353 4948; x_wconf 81' lang='lat' dir='ltr'><strong>Joannes</strong></span> <span class='ocrx_word' id='word_1_785' title='bbox 3395 4890 3571 4963; x_wconf 79' lang='lat' dir='ltr'><strong>Chry-</strong></span> 
     </span>
    </p>
   </div>
   <div class='ocr_carea' id='block_1_107' title="bbox 1978 4985 3566 5061">
    <p class='ocr_par' dir='ltr' id='par_1_107' title="bbox 1978 4985 3566 5061">
     <span class='ocr_line' id='line_1_107' title="bbox 1978 4985 3566 5061; baseline -0.008 -12"><span class='ocrx_word' id='word_1_786' title='bbox 1978 5003 2251 5049; x_wconf 89' lang='lat' dir='ltr'><strong>sostomus</strong></span> <span class='ocrx_word' id='word_1_787' title='bbox 2307 4991 2524 5061; x_wconf 89' lang='lat' dir='ltr'><strong>quidem</strong></span> <span class='ocrx_word' id='word_1_788' title='bbox 2576 4985 2803 5042; x_wconf 81' lang='lat' dir='ltr'><strong>Joannis</strong></span> <span class='ocrx_word' id='word_1_789' title='bbox 2854 4985 3199 5055; x_wconf 71' lang='lat' dir='ltr'><strong>evangelium</strong></span> <span class='ocrx_word' id='word_1_790' title='bbox 3263 4997 3566 5054; x_wconf 81' lang='lat' dir='ltr'><strong>exponens,</strong></span> 
     </span>
    </p>
   </div>
   <div class='ocr_carea' id='block_1_108' title="bbox 1977 5075 3564 5145">
    <p class='ocr_par' dir='ltr' id='par_1_108' title="bbox 1977 5075 3564 5145">
     <span class='ocr_line' id='line_1_108' title="bbox 1977 5075 3564 5145; baseline -0.006 -6"><span class='ocrx_word' id='word_1_791' title='bbox 1977 5084 2262 5139; x_wconf 84' lang='lat' dir='ltr'><strong>undecima</strong></span> <span class='ocrx_word' id='word_1_792' title='bbox 2295 5080 2515 5136; x_wconf 91' lang='lat' dir='ltr'><strong>homilia</strong></span> <span class='ocrx_word' id='word_1_793' title='bbox 2545 5080 2627 5136; x_wconf 90' lang='lat' dir='ltr'><strong>sic</strong></span> <span class='ocrx_word' id='word_1_794' title='bbox 2652 5078 2816 5134; x_wconf 87' lang='lat' dir='ltr'><strong>habet</strong></span> <span class='ocrx_word' id='word_1_795' title='bbox 2847 5095 2860 5131; x_wconf 90' lang='lat'><strong>:</strong></span> <span class='ocrx_word' id='word_1_796' title='bbox 2899 5075 3104 5130; x_wconf 84' lang='lat' dir='ltr'><strong>Unione</strong></span> <span class='ocrx_word' id='word_1_797' title='bbox 3125 5083 3176 5131; x_wconf 86' lang='lat' dir='ltr'><strong>et</strong></span> <span class='ocrx_word' id='word_1_798' title='bbox 3197 5075 3564 5145; x_wconf 82' lang='lat' dir='ltr'><strong>conjunctione</strong></span> 
     </span>
    </p>
   </div>
   <div class='ocr_carea' id='block_1_109' title="bbox 1980 5169 3566 5238">
    <p class='ocr_par' dir='ltr' id='par_1_109' title="bbox 1980 5169 3566 5238">
     <span class='ocr_line' id='line_1_109' title="bbox 1980 5169 3566 5238; baseline -0.005 -9"><span class='ocrx_word' id='word_1_799' title='bbox 1980 5176 2120 5230; x_wconf 70' lang='lat' dir='ltr'><strong>Deus</strong></span> <span class='ocrx_word' id='word_1_800' title='bbox 2163 5174 2392 5229; x_wconf 84' lang='lat' dir='ltr'><strong>Verbum</strong></span> <span class='ocrx_word' id='word_1_801' title='bbox 2421 5185 2468 5228; x_wconf 86' lang='lat' dir='ltr'><strong>et</strong></span> <span class='ocrx_word' id='word_1_802' title='bbox 2499 5189 2624 5228; x_wconf 79' lang='lat' dir='ltr'><strong>cara</strong></span> <span class='ocrx_word' id='word_1_803' title='bbox 2654 5188 2819 5226; x_wconf 86' lang='lat' dir='ltr'><strong>unum</strong></span> <span class='ocrx_word' id='word_1_804' title='bbox 2844 5180 2990 5237; x_wconf 74' lang='lat' dir='ltr'><strong>sunt,</strong></span> <span class='ocrx_word' id='word_1_805' title='bbox 3021 5169 3169 5225; x_wconf 77' lang='lat' dir='ltr'><strong>nulla</strong></span> <span class='ocrx_word' id='word_1_806' title='bbox 3199 5169 3345 5238; x_wconf 75' lang='lat' dir='ltr'><strong>facta</strong></span> <span class='ocrx_word' id='word_1_807' title='bbox 3377 5169 3566 5238; x_wconf 72' lang='lat' dir='ltr'><strong>confu-</strong></span> 
     </span>
    </p>
   </div>
   <div class='ocr_carea' id='block_1_110' title="bbox 1979 5259 3566 5336">
    <p class='ocr_par' dir='ltr' id='par_1_110' title="bbox 1979 5259 3566 5336">
     <span class='ocr_line' id='line_1_110' title="bbox 1979 5259 3566 5336; baseline -0.006 -13"><span class='ocrx_word' id='word_1_808' title='bbox 1979 5270 2148 5333; x_wconf 77' lang='lat' dir='ltr'><strong>sione,</strong></span> <span class='ocrx_word' id='word_1_809' title='bbox 2210 5267 2460 5336; x_wconf 84' lang='lat' dir='ltr'><strong>nullaque</strong></span> <span class='ocrx_word' id='word_1_810' title='bbox 2525 5265 2948 5320; x_wconf 79' lang='lat' dir='ltr'><strong>substantiarum</strong></span> <span class='ocrx_word' id='word_1_811' title='bbox 3003 5262 3336 5330; x_wconf 83' lang='lat' dir='ltr'><strong>corrupione.</strong></span> <span class='ocrx_word' id='word_1_812' title='bbox 3399 5259 3566 5330; x_wconf 84' lang='lat' dir='ltr'><strong>quue</strong></span> 
     </span>
    </p>
   </div>
   <div class='ocr_carea' id='block_1_111' title="bbox 1986 5352 3562 5430">
    <p class='ocr_par' dir='ltr' id='par_1_111' title="bbox 1986 5352 3562 5430">
     <span class='ocr_line' id='line_1_111' title="bbox 1986 5352 3562 5430; baseline -0.008 -11"><span class='ocrx_word' id='word_1_813' title='bbox 1986 5371 2221 5418; x_wconf 86' lang='lat' dir='ltr'><strong>testatur</strong></span> <span class='ocrx_word' id='word_1_814' title='bbox 2249 5362 2302 5416; x_wconf 93' lang='lat' dir='ltr'><strong>in</strong></span> <span class='ocrx_word' id='word_1_815' title='bbox 2355 5359 2582 5430; x_wconf 87' lang='lat' dir='ltr'><strong>epistola</strong></span> <span class='ocrx_word' id='word_1_816' title='bbox 2609 5357 2676 5412; x_wconf 90' lang='lat' dir='ltr'><strong>ad</strong></span> <span class='ocrx_word' id='word_1_817' title='bbox 2730 5354 3037 5411; x_wconf 87' lang='lat' dir='ltr'><strong>Orientales</strong></span> <span class='ocrx_word' id='word_1_818' title='bbox 3093 5352 3379 5423; x_wconf 83' lang='lat' dir='ltr'><strong>Cyrillus:</strong></span> <span class='ocrx_word' id='word_1_819' title='bbox 3424 5353 3562 5418; x_wconf 73' lang='lat' dir='ltr'><strong>Etsi,</strong></span> 
     </span>
    </p>
   </div>
   <div class='ocr_carea' id='block_1_112' title="bbox 1975 5451 3564 5525">
    <p class='ocr_par' dir='ltr' id='par_1_112' title="bbox 1975 5451 3564 5525">
     <span class='ocr_line' id='line_1_112' title="bbox 1975 5451 3564 5525; baseline -0.008 -15"><span class='ocrx_word' id='word_1_820' title='bbox 1975 5455 2171 5525; x_wconf 88' lang='lat' dir='ltr'><strong>inquit,</strong></span> <span class='ocrx_word' id='word_1_821' title='bbox 2193 5451 2554 5521; x_wconf 71' lang='lat' dir='ltr'><strong>diversitaslsit</strong></span> <span class='ocrx_word' id='word_1_822' title='bbox 2581 5459 2890 5504; x_wconf 78' lang='lat' dir='ltr'><strong>naturarum</strong></span> <span class='ocrx_word' id='word_1_823' title='bbox 2912 5451 3110 5515; x_wconf 82' lang='lat' dir='ltr'><strong>ignota,</strong></span> <span class='ocrx_word' id='word_1_824' title='bbox 3132 5460 3266 5496; x_wconf 76' lang='lat' dir='ltr'><strong>unus</strong></span> <span class='ocrx_word' id='word_1_825' title='bbox 3293 5452 3460 5496; x_wconf 79' lang='lat' dir='ltr'><strong>tamen</strong></span> <span class='ocrx_word' id='word_1_826' title='bbox 3486 5452 3564 5498; x_wconf 72' lang='lat' dir='ltr'><strong>est</strong></span> 
     </span>
    </p>
   </div>
   <div class='ocr_carea' id='block_1_113' title="bbox 1975 5533 3564 5610">
    <p class='ocr_par' dir='ltr' id='par_1_113' title="bbox 1975 5533 3564 5610">
     <span class='ocr_line' id='line_1_113' title="bbox 1975 5533 3564 5610; baseline -0.008 -8"><span class='ocrx_word' id='word_1_827' title='bbox 1975 5546 2241 5602; x_wconf 76' lang='lat' dir='ltr'><strong>Christus.</strong></span> <span class='ocrx_word' id='word_1_828' title='bbox 2276 5545 2339 5600; x_wconf 86' lang='lat' dir='ltr'><strong>Et</strong></span> <span class='ocrx_word' id='word_1_829' title='bbox 2360 5542 2640 5598; x_wconf 71' lang='lat' dir='ltr'><strong>Mediolani</strong></span> <span class='ocrx_word' id='word_1_830' title='bbox 2665 5540 2860 5610; x_wconf 81' lang='lat' dir='ltr'><strong>257a</strong></span> <span class='ocrx_word' id='word_1_831' title='bbox 2885 5537 3075 5605; x_wconf 60' lang='lat' dir='ltr'><strong>pra-sul</strong></span> <span class='ocrx_word' id='word_1_832' title='bbox 3097 5533 3414 5588; x_wconf 75' lang='lat' dir='ltr'><strong>Ambrosius</strong></span> <span class='ocrx_word' id='word_1_833' title='bbox 3437 5547 3564 5590; x_wconf 81' lang='lat' dir='ltr'><strong>ora-</strong></span> 
     </span>
    </p>
   </div>
   <div class='ocr_carea' id='block_1_114' title="bbox 1978 5626 3563 5693">
    <p class='ocr_par' dir='ltr' id='par_1_114' title="bbox 1978 5626 3563 5693">
     <span class='ocr_line' id='line_1_114' title="bbox 1978 5626 3563 5693; baseline -0.006 -1"><span class='ocrx_word' id='word_1_834' title='bbox 1978 5639 2124 5693; x_wconf 90' lang='lat' dir='ltr'><strong>tione</strong></span> <span class='ocrx_word' id='word_1_835' title='bbox 2153 5635 2228 5691; x_wconf 90' lang='lat' dir='ltr'><strong>De</strong></span> <span class='ocrx_word' id='word_1_836' title='bbox 2261 5636 2632 5692; x_wconf 84' lang='lat' dir='ltr'><strong>incarnatione</strong></span> <span class='ocrx_word' id='word_1_837' title='bbox 2670 5652 2680 5686; x_wconf 92' lang='lat'>:</span> <span class='ocrx_word' id='word_1_838' title='bbox 2721 5633 2822 5684; x_wconf 65' lang='grc' dir='ltr'><strong>Ιέοε</strong></span> <span class='ocrx_word' id='word_1_839' title='bbox 2857 5638 3028 5682; x_wconf 84' lang='lat' dir='ltr'><strong>autem</strong></span> <span class='ocrx_word' id='word_1_840' title='bbox 3057 5626 3563 5683; x_wconf 76' lang='lat' dir='ltr'><strong>excommunicatio-</strong></span> 
     </span>
    </p>
   </div>
   <div class='ocr_carea' id='block_1_115' title="bbox 1611 5727 2284 5790">
    <p class='ocr_par' dir='ltr' id='par_1_115' title="bbox 1611 5727 2284 5790">
     <span class='ocr_line' id='line_1_115' title="bbox 1611 5727 2284 5790; baseline -0.007 0"><span class='ocrx_word' id='word_1_841' title='bbox 1611 5731 1850 5790; x_wconf 73' lang='lat' dir='ltr'><strong>VARhE</strong></span> <span class='ocrx_word' id='word_1_842' title='bbox 1881 5727 2284 5790; x_wconf 84' lang='lat' dir='ltr'><strong>LECTIONES.</strong></span> 
     </span>
    </p>
   </div>
   <div class='ocr_carea' id='block_1_116' title="bbox 779 5819 2307 5904">
    <p class='ocr_par' dir='ltr' id='par_1_116' title="bbox 779 5819 2307 5904">
     <span class='ocr_line' id='line_1_116' title="bbox 779 5819 2307 5904; baseline -0.001 -17"><span class='ocrx_word' id='word_1_843' title='bbox 779 5873 793 5887; x_wconf 91' lang='lat'><strong>.</strong></span> <span class='ocrx_word' id='word_1_844' title='bbox 901 5819 951 5866; x_wconf 40' lang='grc' dir='ltr'><strong>’⁸ο</strong></span> <span class='ocrx_word' id='word_1_845' title='bbox 979 5833 1332 5904; x_wconf 86' lang='grc' dir='ltr'>ἀνθρώπησιν</span> <span class='ocrx_word' id='word_1_846' title='bbox 1364 5852 1422 5896; x_wconf 73' lang='grc' dir='ltr'>ς.</span> <span class='ocrx_word' id='word_1_847' title='bbox 1500 5834 1540 5866; x_wconf 81' lang='grc'><strong>⁸¹</strong></span> <span class='ocrx_word' id='word_1_848' title='bbox 1570 5832 1615 5884; x_wconf 76' lang='grc' dir='ltr'><strong>εἰ</strong></span> <span class='ocrx_word' id='word_1_849' title='bbox 1638 5831 1679 5884; x_wconf 85' lang='grc' dir='ltr'><strong>Α</strong></span> <span class='ocrx_word' id='word_1_850' title='bbox 1713 5845 1728 5882; x_wconf 87' lang='lat'><strong>:</strong></span> <span class='ocrx_word' id='word_1_851' title='bbox 1760 5829 1815 5883; x_wconf 74' lang='lat' dir='ltr'><strong>at!</strong></span> <span class='ocrx_word' id='word_1_852' title='bbox 1845 5845 1906 5892; x_wconf 85' lang='grc' dir='ltr'>ς.</span> <span class='ocrx_word' id='word_1_853' title='bbox 1981 5826 2030 5858; x_wconf 72' lang='grc' dir='ltr'><strong>δ’</strong></span> <span class='ocrx_word' id='word_1_854' title='bbox 2065 5823 2220 5878; x_wconf 77' lang='grc' dir='ltr'>ἔσται</span> <span class='ocrx_word' id='word_1_855' title='bbox 2247 5839 2307 5886; x_wconf 73' lang='grc' dir='ltr'><strong>ς.</strong></span> 
     </span>
    </p>
   </div>
  </div>
