4004 6428
504 369 609 435 995

2809 202 2837 245 τ

1663 365 1928 428 ΡΗΟἸἹΙ
1949 366 2105 429 PAT]

2211 367 2459 431 meme
2485 371 2600 437 οι).
3648 391 3730 459 995

507 482 589 535 nis
632 478 839 534 vinculo
876 476 1088 547 stringit
1153 475 1395 531 Ecclesia
1456 477 1773 545 apostolica,
1824 479 1915 548 qui
1959 478 2095 532 duas

2211 482 2533 551 ιοτσῦντας
2558 484 2664 538 τὸν
2686 484 2905 552 Κύριον
2927 484 3098 555 ἡμῶν
3120 484 3369 553 Ἰησοῦν
3392 491 3627 559 Χριστὸν
3645 500 3732 557 δύο

506 582 725 626 naturas
758 569 946 626 habere
975 568 1277 637 inconfuse,
1301 584 1563 638 unamque
1589 584 1872 636 personam
1915 585 2104 623 secun-

505 666 631 719 dum
657 678 813 734 quam
840 678 975 715 unus
1006 661 1247 715 Christus
1269 671 1317 713 et
1358 677 1493 715 unus
1514 671 1589 715 est
1626 659 1800 715 Filius
1831 664 1954 715 ausi
1985 672 2105 715 sunt

505 756 757 823 ἰηβιεαινί.
813 753 1016 808 Adhaec
1047 762 1100 806 et
1127 751 1651 823 liierosolymitanus
1672 751 1926 822 Cyrillus,
1950 751 2108 807 inco-

507 847 583 901 nii
611 843 1049 914 Amphilochius,
1108 841 1337 899 Proclus
1386 841 1941 914 Constantinopoleos
1989 845 2108 917 epi-

508 938 679 1007 scopi,
707 935 799 1005 qui
851 936 905 990 in
976 933 1460 1005 Quadragesimam
1495 935 1576 990 sic
1610 934 1887 1005 loquitur:
1913 935 2108 991 Divina

508 1040 700 1083 natura
727 1029 987 1093 increata,
1019 1038 1067 1082 et
1092 1040 1290 1083 nostra:
1322 1030 1497 1083 carnis
1530 1028 1765 1099 legitima
1788 1030 2104 1098 assumptio,

508 1129 557 1174 et
580 1137 714 1173 unus
742 1130 817 1174 est
842 1118 1042 1187 Filius,
1064 1122 1299 1187 personis
1323 1136 1427 1173 non
1451 1122 1730 1191 separatis,
1755 1121 1847 1176 sed
1876 1122 2106 1177 mirabili

508 1213 738 1281 quadam
764 1212 1153 1278 dispensatione
1179 1212 1314 1265 duas
1338 1221 1557 1266 naturas
1588 1212 1643 1265 in
1677 1229 1833 1267 unam
1861 1212 2105 1282 hyposta-

509 1304 592 1355 sin
623 1302 985 1371 conjungente.
1030 1300 1135 1354 Sed
1176 1310 1231 1356 et
1269 1301 1474 1358 Paulus
1524 1301 1845 1359 Emissenus
1887 1306 2103 1374 episco-

509 1408 633 1463 pus,
667 1394 1012 1463 praesentiam
1051 1392 1265 1448 Domini
1298 1393 1608 1461 declarans,
1642 1396 2100 1467 vehementerque

510 1486 808 1550 illustrans,
850 1485 934 1540 sic
980 1484 1057 1538 ait
1091 1502 1104 1539 :
1139 1484 1323 1539 statim
1372 1486 1628 1557 princeps
1663 1493 1720 1541 et
1759 1487 1943 1558 lingua
1971 1502 2105 1555 apo-

508 1576 771 1632 stoiorum
801 1575 937 1631 dixit
964 1592 977 1630 :
1011 1574 1089 1629 Tu
1108 1591 1162 1630 es
1184 1572 1430 1631 Christus
1472 1574 1651 1631 Filius
1683 1576 1779 1631 Dei
1803 1577 1906 1632 uiui
1932 1577 1985 1635 ι’.
2021 1576 2101 1631 Τιι

508 1683 561 1722 es
595 1665 870 1732 Christus,
919 1665 1115 1735 duplex
1160 1674 1355 1721 natura
1385 1665 1667 1729 sciliceth.
1717 1666 1797 1721 Tu
1834 1684 1889 1723 es
1929 1667 2093 1723 Chri-

508 1767 645 1821 stus,
688 1766 743 1813 et
773 1772 878 1812 non
928 1756 1066 1812 dixit
1098 1754 1291 1825 Filius,
1324 1759 1419 1813 sed
1454 1758 1625 1814 Filius
1679 1758 1774 1816 Dei
1824 1760 1955 1826 vivi,
1981 1776 2092 1832 quo

2209 570 2365 629 εῖναι
2391 577 2612 641 οὐσίας
2636 576 2998 647 ἀσυγχύτως
3015 577 3081 643 ⁸⁸,
3099 576 3170 632 ἐν
3189 578 3259 632 δὲ
3280 581 3598 653 πρόσωπον,
3617 595 3732 648 καθό

2208 660 2297 732 εἷς
2318 668 2573 736 Χριστὸς
2591 663 2681 734 εἷς
2700 670 2832 735 υίὸς
2852 709 2867 734 ,
2893 671 3145 737 τούτους
3168 672 3554 743 ἀναθεματίζει
3572 683 3605 750 ἠ
3624 689 3737 739 καθ-

2209 757 2390 825 alexi;
2414 758 2513 812 καὶ
2530 758 2905 829 ἀποστολικὴ
2940 762 3291 831 Ἐκκλησία.
3324 766 3441 820 Ἐπὶ
3462 770 3647 837 τούτοις
3663 779 3739 831 καὶ

2210 853 2238 904 6
2270 850 2379 905 τῶν
2420 853 2813 923 Ἰεροσολύμων
2841 854 3108 926 Κύριλλος
3145 859 3240 929 καὶ
3283 852 3737 934 Ἀμεριλόχιοςότοῦ

2222 943 2444 997 Ἰκονίου
2483 943 2580 999 καὶ
2609 946 2853 1017 Πρόκλος
2874 949 2902 1000 6
2934 948 3545 1019 Κωνσταντινουπόλεως
3563 996 3576 1023 ,
3599 958 3648 1022 ὃς
3665 965 3739 1016 καί

2210 1052 2376 1105 φησιν
2410 1038 2467 1089 ἐν
2489 1039 2553 1108 τῇ
2584 1043 3024 1111 τεσσαρακοστῇ·
3056 1041 3120 1096 Ἡ
3138 1043 3269 1097 θεία
3285 1045 3464 1112 φύσις
3480 1047 3739 1122 ἇκτιστος,

2207 1123 2249 1191 ή
2275 1122 2347 1188 ἐξ
2386 1124 2534 1193 ἐμοῦ
2565 1128 2917 1195 πρόσληψις
2950 1131 3277 1197 ιὶνόθευτος
3300 1148 3315 1163 °
3360 1134 3456 1185 καί
3489 1135 3643 1191 ἐστιν
3673 1138 3743 1209 εἷς

2207 1214 2342 1281 Υἱὸς
2363 1256 2378 1280 ,
2410 1217 2484 1269 οὐ
2508 1217 2703 1285 μόνον
2732 1216 2854 1271 τῶν
2878 1220 3127 1288 φύσεων
3140 1226 3231 1288 είς
3256 1223 3367 1276 δύο
3398 1228 3742 1299 ὑποστάσεις,

2209 1306 2668 1377 διαιρουμένων,
2712 1309 2876 1364 ἀλλὰ
2904 1311 3014 1380 τῆς
3046 1314 3299 1382 φρικτῇς
3321 1318 3638 1387 οἰκονομίας
3658 1325 3744 1391 τὰς

2207 1397 2318 1453 δύο
2387 1400 2606 1467 φύσεις
2662 1402 2752 1467 είς
2813 1403 2962 1470 μίαν
3031 1406 3381 1459 ὑπόστασιν
3448 1408 3744 1479 ἐνωσὰσης.

2209 1488 2335 1562 [808
2372 1490 2467 1563 1L]
2494 1491 2603 1544 Καὶ
2632 1490 2847 1555 Παῦλος
2880 1494 2937 1546 δὲ
2962 1495 2990 1546 6
3029 1494 3258 1566 Ἐμίσης
3287 1497 3603 1565 ἐπίσκοπος,
3635 1518 3745 1554 κατ-

2207 1584 2440 1639 ενώπιον
2482 1584 2751 1655 ὁμιλήσας
2784 1585 3058 1657 Κυρίλλου
3075 1587 3122 1619 ⁸⁸
3150 1590 3244 1641 καὶ
3284 1588 3405 1641 λίαν
3434 1592 3746 1662 ἀποδεχθεὶς,

2207 1677 2352 1731 οὕτω
2381 1679 2570 1747 φησιν,
2592 1679 2793 1743 εὐθέως
2814 1682 2843 1733 6
2872 1683 3169 1751 κορυφαῖος
3186 1721 3200 1743 ,
3228 1682 3289 1735 τὸ
3314 1685 3485 1753 στόμα
3514 1686 3613 1739 τῶν
3638 1689 3748 1743 ἁπο-

2212 1770 2439 1837 στόλων,
2456 1770 2582 1844 ἔφη’
2619 1772 2766 1827 Et)”
2793 1768 2908 1826 si"
2926 1774 2955 1826 6
2981 1774 3237 1840 Χριστὸς
3277 1776 3312 1828 ὁ
3350 1776 3479 1842 Υἱὸς
3504 1777 3602 1832 τοῦ
3627 1781 3750 1835 Θεοῦ

508 1865 671 1905 unam
700 1864 991 1920 personam
1037 1850 1509 1906 commonstravit.
1550 1850 1694 1919 Quin
1739 1862 1797 1909 et
1848 1852 2091 1909 Hilarius

2211 1861 2303 1917 ῐόῦ
2338 1859 2575 1929 ζῶντος.
2626 1862 2711 1917 Σὺ
2741 1865 2792 1917 εί
2845 1864 2875 1915 6
2908 1864 3188 1936 Χριστὸς,
3226 1863 3375 1937 [425
3404 1865 3513 1939 Η.]
3626 1869 3748 1944 διττὴ

506 1942 884 1999 Gabalitarum
925 1940 1214 1999 confessor
1267 1951 1325 1997 et
1380 1942 1671 2014 episcopus
1728 1944 1869 2001 libro
1926 1961 1979 2002 tv
2022 1946 2101 2002 De

512 2038 621 2107 ﬁde
641 2045 692 2093 et
720 2038 949 2103 unitate,
977 2036 1094 2093 haec
1122 2036 1431 2102 denuntiat,
1458 2036 1724 2107 Cyriacus
1749 2052 1967 2108 quoque
1994 2038 2103 2095 Pa-

507 2130 623 2200 phi,
666 2144 806 2184 unus
840 2130 907 2184 de
937 2128 1198 2184 trecentis
1250 2127 1359 2184 illis
1396 2136 1452 2184 et
1497 2138 1621 2185 octo
1650 2129 1925 2186 Patrihus.
1968 2131 2024 2186 id
2049 2146 2100 2188 et

509 2222 566 2278 in
591 2220 733 2276 libro
772 2235 933 2290 quem
959 2219 1223 2275 Gratiano
1247 2217 1450 2276 Caesari
1478 2221 1757 2291 inscripsit
1780 2221 2104 2280 Ambrosius

508 2313 798 2384 episcopus
850 2310 1300 2377 Mediolanensis,
1334 2321 1390 2370 et
1420 2313 1475 2368 in
1525 2312 1664 2369 libro
1725 2314 1802 2371 De
1832 2314 2107 2384 Apollina-

509 2406 611 2469 rio,
637 2415 685 2460 et
711 2406 775 2459 de
802 2406 1187 2460 incarnatione.
1216 2404 1325 2461 Sed
1350 2405 1616 2463 etPetrus
1643 2417 1852 2481 martyr
1876 2408 2106 2465 Alexan-

511 2496 646 2552 dria:
673 2495 895 2566 praesul,
952 2495 1502 2574 BasiliusCazsareaz
1549 2497 1927 2569 Cappadociae,
1970 2500 2107 2557 Gre-

510 2590 698 2658 gorius
730 2588 1038 2660 Theologus
1093 2589 1146 2645 in
1199 2590 1367 2644 natali
1404 2589 1644 2658 Domini,
1694 2601 1748 2648 et
1775 2592 1915 2649 libro
1944 2609 1983 2649 ιι
2030 2594 2105 2650 De

512 2676 680 2745 Filio,
707 2688 763 2735 et
784 2680 1014 2750 epistola
1046 2683 1282 2737 secunda
1309 2682 1378 2736 ad
1404 2681 1749 2751 Ciedoninm,
1794 2684 2109 2756 locupletis-

511 2772 651 2828 sime
682 2773 799 2828 hac
827 2772 945 2842 ipsa
993 2783 1287 2841 testantur,
1321 2784 1376 2830 et
1420 2774 1832 2846 Amphilochius
1879 2779 2107 2846 epistola

513 2864 582 2917 ad
612 2862 924 2929 Seleucum,
955 2871 1009 2919 et
1030 2864 1460 2937 Chrysostomus
1481 2865 1536 2922 in
1575 2867 1805 2936 primam
1855 2866 2007 2922 Pauli
2038 2868 2105 2923 ad

512 2950 889 3020 Timotheum,
917 2954 1145 3010 Proclus
1172 2970 1391 3027 quoque
1421 2956 1749 3029 Bysantinus
1768 2959 1821 3013 in
1850 2974 2104 3015 sermone

516 3045 586 3101 de
612 3045 899 3101 nativitate
930 3045 1167 3103 Domini.
1191 3049 1530 3104 Athanasius
1560 3050 1727 3104 etiam
1761 3051 2109 3106 Alexandriae

2204 1952 2368 2024 φύσις
2392 1970 2407 1985 ο
2440 1957 2503 2009 σὺ
2536 1951 2589 2010 εί
2617 1957 2647 2010 6
2677 1959 2914 2030 Χριστός
2933 1977 2949 1993 ο
2984 1963 3079 2016 καὶ
3112 1962 3213 2016 οὐκ
3243 1959 3418 2029 εἶπεν,
3448 1964 3589 2030 Υἱὸς,
3618 1966 3749 2022 ἀλλ’ό
3860 2016 3863 2021 ,

2204 2049 2333 2115 Υίὺς
2352 2049 2450 2105 τοῦ
2475 2051 2613 2105 Θεοῦ
2646 2052 2742 2105 τοῦ
2764 2054 2985 2119 ζῶντος.
3022 2057 3270 2125 Ἐπέγνω
3291 2057 3387 2110 καὶ
3415 2058 3474 2110 τὸ
3503 2060 3749 2129 μοναδικδν

2209 2143 2525 2215 πρόσωπον.
2558 2145 2677 2214 Ἐφ’
2717 2143 2801 2210 οἷς
2828 2149 2921 2199 καὶ
2955 2150 2983 2201 6
3017 2148 3250 2221 Ὶλάριος
3281 2152 3310 2203 6
3335 2150 3653 2222 όμολογητὴς
3676 2154 3751 2207 καὶ

2205 2234 2505 2297 ἐπίσκοπος
2526 2236 2787 2289 Γαδάλων
2816 2239 2874 2291 ἐν
2903 2238 2982 2309 τῷ
3003 2240 3046 2293 δ’
3080 2240 3220 2308 Περὶ
3241 2241 3503 2309 πίστεως
3522 2242 3652 2313 λόγῳ
3676 2244 3751 2297 καὶ

2205 2328 2264 2381 ἐν
2288 2327 2366 2397 τῷ
2415 2328 2555 2397 Περὶ
2584 2330 2855 2399 ἐνώσεως
2878 2331 3051 2386 ταῦτα
3081 2333 3371 2404 κηρύσσει,
3398 2335 3489 2387 καὶ
3516 2337 3749 2406 Κυριακδς

2206 2418 2507 2482 ἐπίσκοπος
2538 2420 2728 2489 Πάφου
2749 2461 2763 2485 ,
2787 2416 2868 2483 εἷς
2900 2422 3009 2475 τῶν
3033 2421 3140 2493 τιη¹
3168 2424 3345 2490 ἁγίων
3376 2425 3621 2495 Πατέρων
3645 2467 3657 2488 ,
3679 2427 3750 2479 καὶ

2220 2506 2543 2579 Ἀμὸρόσιος
2600 2510 2900 2576 ἐπίσκοπος
2950 2513 3294 2567 Μεδιολάνων
3346 2517 3404 2568 ἐν
3456 2516 3532 2588 τῷ
3556 2517 3681 2587 λόγῳ
3706 2518 3750 2571 ὃν

2208 2599 2488 2673 ἐπέγραψε
2512 2602 2796 2673 Γρατιανῷ
2817 2603 2892 2674 τῷ
2918 2604 3157 2675 βασιλεῖ,
3177 2608 3271 2659 καὶ
3293 2608 3352 2659 ἐν
3381 2608 3457 2678 τῷ
3480 2609 3599 2679 περὶ
3624 2609 3753 2661 Ἀποο

2207 2692 2449 2765 λιναρίου
2469 2736 2485 2762 ,
2520 2697 2618 2749 καὶ
2646 2697 2704 2748 ἐν
2752 2696 2832 2767 τῷ
2878 2696 3009 2769 περὶ
3052 2698 3520 2771 ἐνανθρωπήσεως
3550 2701 3676 2772 λόγῳ
3698 2702 3750 2754 ³⁷.

2222 2786 2383 2838 Ἀλλὰ
2409 2788 2506 2840 καὶ
2541 2788 2747 2860 Πέτρος
2774 2792 2802 2842 6
2845 2790 3254 2862 Ἀλεξανδρείας
3282 2794 3381 2846 καὶ
3430 2794 3650 2865 μάρτυς,
3680 2795 3753 2847 καὶ

2213 2879 2495 2946 Βασίλειος
2541 2883 2570 2935 6
2623 2884 2961 2955 Καισαρείας
3009 2885 3107 2955 τῆς
3157 2886 3216 2938 ἐν
3268 2887 3652 2958 Καππαδοκίᾳ,
3684 2890 3755 2941 καὶ

2224 2973 2526 3044 Γρηγόριος
2551 2977 2579 3027 6
2609 2974 2873 3044 Θεολόγος
2900 2976 2958 3028 ἐν
2998 2979 3112 3039 τοῖς
3143 2977 3445 3045 γενεθλίοις
3470 2980 3560 3032 καὶ
3607 2980 3656 3030 ὲν
3694 2977 3753 3046 τῷ

2210 3066 2339 3136 περὶ
2365 3064 2497 3117 Υίοῦ
2521 3062 2564 3134 β’
2595 3066 2737 3137 λόγῳ
2768 3070 2863 3121 καὶ
2894 3068 2953 3121 ἐν
2990 3070 3056 3139 τῇ
3092 3069 3227 3139 πρὸς
3263 3069 3553 3139 Κληδόνων
3585 3068 3625 3138 β’
3658 3071 3753 3121 ἐπι-

513 3138 804 3208 episcopus
849 3139 902 3193 in
928 3138 1153 3208 epistola
1185 3142 1253 3194 ad
1300 3140 1555 3211 virgines,
1598 3151 1654 3197 ct
1706 3140 1943 3213 Cyrillus
1990 3143 2105 3213 epi-

2214 3155 2374 3227 στολῇ
2409 3154 2478 3209 τὰ
2505 3156 2669 3226 ὅμοια
2702 3160 3004 3229 μαρτυρεῖ,
3039 3158 3133 3210 καὶ
3180 3138 3522 3229 ’Λμφιλόχιος
3553 3158 3604 3211 δὲ
3633 3159 3682 3209 ἐν
3702 3160 3751 3227 τῇ

514 3201 652 3285 stola
676 3201 849 3298 prima
888 3201 1205 3285 etsecunda
1245 3231 1311 3284 ad
1339 3201 1779 3297 Succensumm't
1803 3233 1871 3287 ad
1902 3201 2104 3289 Orien-

2217 3201 2374 3227 ν-ν--ιι
2420 3201 2478 3209 -π
2509 3201 2669 3226 *Γν·“”
2702 3201 2967 3229 Γ·“ι”*ι--“
2989 3201 3004 3223 ν
3041 3201 3132 3210 mu
3195 3201 3522 3229 ι-ι-ττ--υΑ-νν
3555 3201 3604 3211 ν-
3633 3201 3678 3209 --
3709 3201 3751 3227 -ιι

2211 3248 2347 3319 πρὸς
2396 3248 2660 3302 Σέλευκον
2709 3251 3004 3321 ἐπιστολῇ,
3048 3254 3145 3303 καὶ
3185 3255 3213 3304 6
3260 3251 3636 3323 Χρυσόστομος
3678 3250 3753 3314 τὴν

515 3320 675 3389 tales,
706 3324 773 3377 ad
802 3320 1067 3377 Acacium
1119 3322 1434 3393 episcopum
1476 3322 1780 3389 Melitenes,
1830 3324 1968 3381 lihro
2027 3325 2105 3379 De

514 3416 904 3481 incarnatione,
936 3424 993 3470 et
1020 3415 1253 3485 epistola
1285 3416 1353 3471 ad
1406 3415 1692 3488 Eulogium
1745 3420 2106 3484 sacerdotem,

518 3515 574 3563 et
600 3506 655 3561 in
682 3507 980 3573 thesauris,
1007 3506 1241 3578 aliisque
1263 3508 1430 3563 variis
1456 3509 1630 3566 libris.
1652 3510 1762 3565 Has
1789 3521 2105 3565 sanctorum

513 3624 737 3680 Patrum
793 3624 1094 3680 sententias
1144 3639 1300 3680 sacra
1344 3625 1806 3681 Chalcedonensis
1860 3626 2108 3697 synodus

517 3732 877 3785 coacervans,
919 3717 1237 3787 religionem
1262 3719 1620 3772 orthodoxam
1668 3718 1864 3789 257i:
1913 3719 2107 3774 conﬁr-

516 3809 709 3863 mavit.
747 3808 929 3875 Quare
969 3818 1158 3864 contra
1185 3808 1327 3862 hanc
1349 3809 1626 3879 disputare
1642 3818 1728 3865 est
1748 3819 1967 3865 sanctos
1996 3808 2102 3864 Pa-

518 3912 629 3957 tres
660 3910 915 3971 tanquam
952 3901 1221 3956 invidiose
1247 3914 1582 3970 oppugnare.

2210 3341 2348 3412 πρὸς
2388 3340 2653 3411 Τιμόθεον
2703 3340 2927 3411 πρώτην
2980 3340 3302 3412 ἑρμηνεύων
3354 3341 3656 3411 ἐπιστολὴν,
3685 3342 3755 3392 καὶ

2212 3431 2457 3501 Πρόκλος
2488 3433 2519 3486 6
2544 3433 3171 3496 Κωνσταντινουπόλεως
3206 3432 3263 3485 ἐν
3294 3449 3356 3485 τε
3398 3434 3475 3499 τῷ
3505 3433 3580 3495 εἰς
3604 3431 3657 3484 τὸ
3689 3445 3755 3498 γε·

2214 3524 2422 3579 νέθλιον
2478 3524 2625 3596 λόγῳ
2673 3525 2769 3578 καὶ
2807 3527 2867 3579 ἐν
2905 3525 3089 3589 ἄλλοις
3125 3525 3445 3597 διαφόροις,
3493 3524 3755 3585 Ἀθανάσιος

2214 3618 2243 3670 6
2277 3616 2686 3688 Ἀλεξανδρείας
2718 3619 2777 3669 ἐν
2799 3620 2865 3687 τῇ
2893 3617 3030 3688 πρὸς
3064 3618 3164 3680 τὰς
3188 3618 3496 3689 παρθένους
3522 3615 3752 3685 ἐπιστολῇ,

2213 3713 2308 3766 καὶ
2330 3711 2602 3783 Κύριλλος
2631 3714 2689 3764 ἐν
2705 3713 2772 3783 τῇ
2805 3712 2941 3782 πρὸς
2973 3710 3274 3764 Σούκενσον
3295 3712 3345 3744 ⁸³
3364 3718 3431 3777 α’,
3460 3713 3550 3765 καὶ
3579 3711 3671 3779 μὴν
3687 3710 3755 3761 καὶ

2212 3809 2272 3860 ὲν
2301 3808 2368 3878 τῇ
2397 3805 2440 3877 β’
2461 3849 2475 3872 ,
2501 3804 2597 3859 καὶ
2625 3805 2683 3858 ἐν
2720 3807 2788 3876 τῇ
2814 3805 2955 3876 πρὸς
2984 3806 3112 3869 τοὺς
3125 3805 3171 3836 ⁸⁸
3190 3804 3587 3866 Ἀνατολικοὺς,
3616 3801 3750 3855 καὶέν

2208 3903 2274 3971 τῇ
2308 3900 2449 3970 πρὸς
2489 3899 2745 3953 Ἀκάκιον
2773 3897 2866 3950 τὸν
2894 3898 3195 3950 ἐπίσκοπον
3219 3897 3319 3967 τῆς
3342 3895 3639 3965 Μελιτηνῆς
3656 3932 3668 3957 ,
3688 3892 3757 3942 καὶ

517 3996 577 4047 δν
598 3994 677 4065 τῷ
723 3994 854 4065 ’περὶ
890 3992 1362 4066 ἐνανθρωπήσεως
1410 3994 1595 4066 λόγῳ,
1644 3996 1737 4050 καὶ
1772 3998 1831 4049 ἐν
1870 3999 1943 4069 τῇ
1982 3997 2122 4069 πρὸς
2157 3996 2416 4065 Εὐλόγιον
2461 3996 2552 4050 τὸν
2605 3995 2983 4066 πρεσϐύτερον
3036 3993 3331 4064 ἐπιστολῇ,
3402 3994 3494 4046 καὶ
3546 3992 3603 4042 ἐκ
3674 3984 3757 4037 τῶν

518 4090 812 4163 θησαυρῶν
843 4130 857 4151 ,
914 4091 1010 4144 καὶ
1054 4093 1112 4145 ἐν
1147 4091 1334 4155 ἄλλοις
1382 4090 1547 4144 αὐτοῦ
1586 4092 1866 4162 διαφόροις
1912 4092 2111 4163 λόγοις.
2154 4092 2373 4147 Τούτων
2406 4092 2516 4145 τῶν
2544 4091 2823 4164 θεοφόρων
2862 4089 3024 4161 ἡμῶν
3052 4089 3320 4160 Πατέρων
3388 4089 3421 4159 ἡ
3466 4088 3524 4140 ὲν
3568 4084 3751 4149 ΧαλκτΓ

517 4185 634 4239 δόνι
666 4187 797 4254 ἁγία
823 4185 1037 4249 σύνοδος
1063 4187 1163 4249 τὰς
1189 4186 1415 4257 γνώμας
1446 4188 1872 4258 ἐκμελετήσασα
1894 4189 1995 4261 τὴν
2028 4188 2313 4244 εὐσέϐειαν
2339 4187 2693 4259 ἐπεκύρωσεν
2713 4229 2729 4256 ,
2764 4186 2907 4240 ὥστε
2955 4187 3016 4240 τὸ
3083 4186 3205 4239 κατ’
3273 4184 3493 4255 ἐκείνης
3560 4179 3753 4235 σπουδά-

517 4282 633 4345 ξειν
665 4280 810 4336 κατὰ
832 4280 1045 4335 τούτων
1078 4282 1224 4335 ἐστὶν
1246 4284 1326 4347 είς
1356 4281 1514 4355 ὖὸριν
1545 4282 1887 4347 ὁπλίζεσθαι.

589 4375 870 4447 Siquidem
933 4373 1187 4430 Christus
1237 4389 1400 4429 verus
1460 4375 1602 4429 Deus
1656 4385 1863 4440 noster,
1928 4389 2102 4446 neque

519 4470 913 4540 proprietatem
970 4467 1292 4533 divinitatis,
1328 4480 1505 4536 neque
1539 4466 1930 4521 humanitatem
1963 4467 2105 4521 dtvi-

518 4564 609 4628 sit,
629 4562 724 4616 sed
749 4559 931 4616 omnia
957 4558 1160 4613 unione
1179 4572 1536 4627 personarum
1559 4557 1675 4626 ipse
1701 4572 1839 4612 unus
1860 4566 1915 4611 et
1936 4557 2104 4621 idem,

523 4665 630 4709 tam
674 4655 907 4707 humana
972 4666 1138 4722 quam
1198 4651 1378 4705 divina
1445 4649 1675 4720 perfecit
1728 4666 1743 4705 :
1799 4641 2108 4719 iterumque

520 4746 742 4801 eosdem
773 4754 1010 4810 sanctos,
1038 4742 1230 4798 Patres
1276 4744 1330 4798 in
1361 4752 1529 4799 testes
1548 4744 1680 4798 citat
1710 4761 1723 4797 :
1756 4741 1956 4797 Juiium
1994 4742 2106 4795 lio-

525 4852 743 4893 manum
780 4836 1101 4901 antistitem,
1134 4852 1164 4891 e
1192 4837 1334 4891 libro
1371 4836 1446 4891 De
1500 4837 1693 4890 unione
1730 4837 2022 4890 divinitatis
2063 4844 2110 4888 et

522 4930 704 4984 carnis
737 4930 789 4983 in
829 4927 1052 4984 Citrile
1084 4927 1254 4994 Jesu;
1315 4938 1370 4981 et
1415 4928 1774 4981 Alhauasium
1826 4925 2110 4996 prmsulcm

524 5016 976 5085 Alexandrinum,
1015 5032 1083 5071 cx
1114 5018 1343 5088 cpistola
1398 5018 1463 5071 ad
1523 5016 1821 5071 Maximum
1881 5017 2110 5086 philoso-

524 5114 717 5183 phum,
766 5111 995 5180 aliisque
1052 5111 1348 5182 opusculis.
1401 5109 1646 5167 Tertium
1700 5111 1863 5165 etiam
1918 5110 2113 5164 librum

525 5204 720 5258 Contra
754 5200 1100 5264 Eunomium,
1158 5210 1212 5255 et
1255 5201 1329 5255 De
1374 5203 1613 5255 doctrina
1643 5200 1947 5257 Christiana
1981 5200 2113 5256 Grc-

526 5293 659 5363 gorii
692 5291 939 5363 Nysseni,
976 5300 1031 5346 et
1061 5291 1346 5359 cpiswlam
1376 5292 1563 5347 Basilii
1603 5293 1865 5347 Caesarem
1902 5293 1968 5345 ad
2006 5290 2110 5347 So-

527 5383 809 5452 sopolitas,
844 5375 1105 5452 Cyrillum
1138 5397 1349 5452 quoque
1380 5384 1599 5439 doctum
1629 5383 1683 5437 in
1743 5383 1882 5437 libro
1930 5381 2004 5435 De
2037 5382 2113 5434 iu-

632 5495 660 5533 δ
690 5492 877 5548 Matth.
905 5493 1126 5561 xw,15.

2287 4371 2491 4440 Ὀτιγε
2522 4369 2629 4441 μὴν
2659 4368 2895 4440 Χριστὸς
2914 4409 2927 4432 ,
2957 4371 2986 4422 6
3012 4366 3263 4439 ἀληθινὸς
3293 4367 3424 4432 Θεὸς
3448 4367 3598 4439 ἡμῶν
3620 4406 3632 4430 ,
3661 4362 3755 4416 οὔτε

2212 4463 2282 4517 τὰ
2308 4462 2411 4533 τῆς
2444 4462 2698 4528 θεότητος
2725 4460 2836 4515 ίδια
2867 4459 2991 4514 οὔτε
3014 4462 3078 4515 τὰ
3111 4460 3217 4515 ἴδια
3249 4462 3350 4533 τῆς
3382 4458 3757 4530 ἀνθρωπότητος

2215 4558 2564 4631 διῃρημένοις
2607 4556 2876 4627 ἔπραττεν
2896 4596 2911 4620 ,
2946 4554 3138 4607 ὲνώσει
3168 4555 3225 4608 δὲ
3242 4558 3314 4627 τῇ
3353 4552 3477 4609 καθ’
3501 4555 3756 4609 ὑπόστασιν

2217 4653 2437 4707 ἅπαντα
2478 4652 2506 4703 6
2540 4644 2620 4711 εἷς
2647 4647 2743 4701 καὶ
2772 4647 2800 4699 6
2830 4645 2992 4710 αὐτὸς
3021 4647 3089 4700 τά
3130 4664 3189 4700 τε
3220 4647 3343 4702 θεῖα
3374 4647 3471 4702 καὶ
3497 4647 3563 4701 τὰ
3586 4642 3759 4716 ἀνθρὼ-

2214 4758 2348 4794 πινα
2371 4738 2654 4802 ἐπετέλει,
2682 4737 2811 4799 τοὺς
2840 4735 3139 4806 θεοφόρους
3169 4737 3327 4808 ἡμῶν
3352 4739 3597 4810 Πατέρας
3628 4734 3757 4791 πάλιν

2212 4834 2454 4904 παράγει
2489 4830 2772 4902 μάρτυρας
2796 4870 2811 4893 ,
2850 4829 3070 4883 Ἰούλιον
3110 4829 3203 4883 τὸν
3242 4830 3537 4885 ἐπίσκοπον
3575 4828 3757 4898 Ῥώμης

2214 4929 2278 4980 ἐκ
2305 4924 2397 4979 τοῦ
2430 4924 2569 4992 Περὶ
2586 4921 2697 4992 τῆς
2723 4924 2794 4977 ἐν
2820 4922 3056 4992 Χριστῷ
3084 4921 3355 4990 ἑνώσεως
3384 4923 3490 4979 τοῦ
3524 4922 3756 4991 σώματος

2214 5016 2366 5087 πρὸς
2406 5014 2523 5083 τὴν
2556 5016 2841 5082 θεότητα,
2889 5015 2983 5067 καὶ
3033 5014 3357 5069 ’Δθανάσιον
3404 5014 3496 5067 τὸν
3546 5008 3755 5073 ’Δλεξαν-

2216 5109 2403 5179 δρείας
2430 5107 2495 5160 ἐκ
2533 5107 2631 5177 τῆς
2664 5107 2796 5176 πρὸς
2836 5106 3093 5178 Μάξιμον
3133 5109 3225 5160 τὸν
3264 5106 3550 5176 φιλόσοφον
3577 5106 3756 5156 ἐπιστο-

2218 5202 2315 5270 λῆς
2347 5201 2441 5254 καὶ
2488 5199 2549 5265 ἐξ
2601 5200 2803 5273 ἐτέρων
2850 5199 3128 5271 διαφόρων
3175 5199 3385 5269 λόγων,
3412 5195 3687 5270 Γρηγόριόν
3714 5207 3754 5242 τε

2221 5291 2313 5345 τὸν
2342 5290 2563 5361 Νύσσης
2597 5292 2661 5343 ἐκ
2690 5291 2786 5344 τοῦ
2819 5296 2868 5357 γ’
2901 5290 3061 5358 λόγου
3106 5292 3236 5344 κατ’
3263 5290 3559 5359 Εὐνομίου
3597 5284 3677 5339 καὶ
3708 5283 3756 5332 ἐκ

2219 5384 2312 5438 τοῦ
2344 5383 2747 5457 κατηχητικοῦ,
2782 5384 2877 5439 καὶ
2909 5382 3190 5439 Βασίλειον
3233 5384 3324 5437 τὸν
3372 5379 3681 5451 Καισαρείας
3710 5376 3757 5427 ἐκ

1807 5586 2050 5643 VARIE
2091 5588 2502 5646 LECTIONES.

597 5682 643 5711 ⁸³
683 5679 1023 5748 ἀσυγχύτους
1055 5682 1117 5734 Α.

1198 5681 1243 5711 ⁸⁸⁸
1266 5681 1604 5755 ὁμολογήσας
1642 5681 1939 5755 Κυρίουᾷς.
2018 5682 2063 5715 ⁸⁵
2091 5682 2179 5755 σὺ]
2213 5683 2405 5738 Matth.
2441 5698 2550 5755 XVI,
2596 5683 2687 5755 16.

2766 5684 2814 5716 ⁸⁸
2842 5679 2895 5738 εἴ
2923 5685 3221 5742 secundum
3252 5695 3307 5741 et
3335 5685 3543 5739 tertium
3568 5694 3666 5733 om.
3703 5672 3752 5725 Α.

530 5749 574 5779 ⁸⁷
602 5744 1021 5829 ἐνανθρζᾏλόγου
1055 5767 1151 5829 pr._
1176 5755 1252 5829 Ἀρ
1280 5744 1382 5829 έῆς
1414 5744 1632 5821 ἐνὰνθρ.
1680 5744 1773 5805 τοῦ
1796 5744 1970 5820 Λόγου
2027 5744 2180 5829 corr:
2223 5773 2236 5809 :
2266 5755 2366 5825 τῆς
2389 5744 2606 5823 ἐνανθρ.
2648 5754 2794 5825 λόγῳ
2824 5772 2884 5820 ς.
2962 5756 3008 5789 ⁸⁸
3039 5767 3090 5813 et
3122 5757 3148 5810 ί»
3186 5756 3253 5811 17
3282 5769 3334 5813 et
3356 5753 3461 5809 958
3499 5755 3525 5807 b
3550 5750 3628 5806 26.
3653 5744 3752 5800 οὔκ-

534 5834 685 5873 ενσον
710 5819 777 5873 A.
852 5820 1039 5882 ⁸⁹τοῦς
1089 5824 1211 5876 add.
1265 5827 1327 5876 A.
