4004 6462
270 375 369 460 997
1291 367 1818 430 BIBLIOTHECA.
1859 389 1928 401 "'
1961 366 2126 429 COD.
2167 369 2475 429 CCXXIX.
3430 376 3550 443 .998

270 483 367 553 τῆς
409 475 546 554 πρὸς
580 476 952 543 Σωζοπολίτας
997 476 1324 547 ἐπιστολῆς,
1371 476 1644 548 Κύριλλὸν
1666 493 1727 529 τε
1767 475 1851 528 τὸν

1967 475 2294 542 σατηοιὶοηε,
2338 493 2370 533 e
2415 476 2725 544 Thesauris,
2789 479 3136 554 epistolaque
3191 486 3428 542 secunda
3479 489 3548 542 ad

273 573 434 642 σοφὸν
480 572 545 624 ἐκ
589 569 683 623 τοῦ
712 568 851 636 Περὶ
888 567 1403 636 ἐι·ανθρωπήσεως
1450 568 1613 636 λόγου
1661 567 1756 621 καὶ
1797 567 1854 620 ὲκ

1968 567 2324 636 Succensutn,
2349 569 2420 627 de
2452 568 2906 640 interpretatione
2953 575 3020 629 ad
3063 573 3340 642 ilebratos,
3383 588 3439 633 et
3482 593 3549 634 ex

269 663 388 718 τῶν
421 659 744 731 θησαυρῶν
777 661 871 712 καὶ
904 660 968 712 ὲκ
1009 659 1112 728 τῆς
1152 660 1290 734 πρὸς
1323 659 1624 713 Σούκενσον
1658 657 1707 730 β’
1741 659 1862 711 ἐπι·
1965 657 2222 715 Scholiis.

271 755 467 824 στολῆς
505 755 599 808 καὶ
622 755 686 806 ὲκ
715 753 810 822 τῆς
843 753 981 823 πρὶς
1029 752 1314 823 Ἐϐραίους
1344 750 1641 823 ἑρμηνείας
1675 751 1769 804 καὶ
1796 752 1860 803 ἐκ

272 839 378 898 τῶν
407 846 666 916 Σχολίων.

341 936 527 990 Ταῦτα
549 937 606 990 δὲ
635 938 863 992 διελθὼν
885 939 912 991 6
940 938 1295 1008 συγγραφεὺς
1318 934 1460 1008 ῥητὰ
1482 933 1573 988 τοῦ
1596 934 1656 988 ἐν
1683 931 1862 1002 ἁγίοις

2039 925 2131 982 llis
2166 927 2388 997 allatis,
2445 930 2682 988 Leonem
2743 949 2963 1003 quoque
3027 950 3218 1004 papam
3279 936 3547 1005 producit,

277 1027 436 1080 πάπα.
490 1026 719 1090 Λέοντος
769 1027 1130 1101 προκομίζει,
1177 1026 1213 1082 ὃ.
1263 1026 1355 1079 καί
1408 1043 1540 1095 φησι
1572 1023 1714 1078 κατὰ
1753 1021 1858 1076 τῶν

1972 1033 2158 1078 contra
2193 1024 2388 1092 impios
2415 1024 2537 1079 illos
2574 1025 2886 1090 haereticos.
2921 1029 3296 1095 Valentinum,
3322 1029 3553 1086 Marcio-

269 1115 550 1168 δυσσεὸὦν
586 1117 950 1170 Οὐαλεντίνου
985 1121 1079 1170 καὶ.
1101 1119 1432 1190 Μαρκίωνος
1463 1118 1556 1168 καὶ
1580 1116 1753 1187 Μάνη
1769 1114 1850 1170 καλ

1972 1130 2111 1180 nem,
2145 1114 2377 1180 Manent,
2407 1116 2822 1186 Apollinarium,
2860 1119 3156 1190 Eutyehem
3203 1120 3446 1190 aliosque
3485 1121 3553 1177 si-

285 1207 664 1278 ’Λπολιναρίου
700 1209 792 1262 καὶ
821 1209 1105 1279 Εὔτυχέως
1125 1210 1172 1240 ⁹⁰
1213 1209 1306 1262 καὶ
1336 1208 1444 1261 τῶν
1478 1208 1681 1277 ὁμοίων
1711 1208 1863 1278 αἱρεοι

1969 1206 2125 1262 tniles
2151 1207 2561 1277 tligladiantem,
2587 1221 2641 1264 et
2666 1210 2785 1266 ideo
2806 1213 2874 1267 ab
2904 1213 3204 1282 coniuratis
3231 1214 3337 1269 illis
3373 1228 3550 1283 repre-

268 1299 441 1351 τικῶν
473 1299 959 1370 παρατάττεσθαι,
997 1302 1091 1354 καὶ
1125 1301 1214 1354 διὰ
1244 1299 1402 1354 τοῦτο
1421 1299 1572 1372 παρὰ
1599 1299 1708 1362 τῷν
1734 1301 1849 1370 ὁμο‹

1968 1297 2196 1352 hensum
2270 1311 2325 1354 et
2391 1314 2790 1373 oppugnatum.
2861 1303 2970 1359 Hoc
3017 1305 3235 1374 quidem
3289 1307 3547 1375 primum.

271 1389 487 1458 φρὸνων
510 1387 940 1460 ἐπηρεάζεσθαι.
971 1392 1081 1444 Καὶ
1113 1390 1330 1462 πρῶτον
1363 1391 1465 1462 μὲν
1491 1389 1650 1444 τοῦτο
1676 1407 1690 1420 ’
1721 1391 1852 1446 "00'-

1972 1387 2425 1454 Quemadmodum
2463 1395 2601 1448 enim
2625 1411 2742 1448 cum
2772 1397 3056 1450 miseretur
3093 1397 3233 1450 Deus
3295 1399 3553 1453 mutatio-

270 1492 384 1546 περ
416 1477 542 1549 [424
570 1478 665 1550 IL]
695 1481 765 1534 ἐν
797 1480 876 1546 τῷ
920 1481 1118 1536 ἐλεεῖν
1143 1482 1188 1514 ’³
1225 1486 1257 1537 ό
1295 1481 1441 1549 Θεὸς
1485 1480 1718 1551 τροπὴν
1748 1483 1851 1552 οὐχ

1971 1494 2083 1534 nem
2133 1497 2236 1534 non
2288 1482 2427 1536 subit
2482 1483 2596 1556 (7i)
2627 1503 2640 1540 :
2677 1487 2752 1540 sic
2774 1487 2929 1541 homo
2962 1488 3327 1558 magnitudine
3359 1490 3552 1544 divinat

269 1571 632 1640 ὑφίσταται,
679 1573 869 1640 οὕτως
898 1576 931 1627 ὀ
986 1573 1302 1644 ἄνθρωπος
1352 1573 1434 1640 τῷ
1469 1574 1703 1644 ,μεγέθει
1753 1572 1850 1643 τῆς

1971 1573 2149 1642 ρίου-ξω
2201 1590 2304 1626 non
2345 1577 2698 1630 consumitur.
2763 1576 3014 1632 Secundo
3056 1595 3072 1632 :
3112 1576 3350 1644 Utraque
3379 1579 3552 1650 forma

273 1664 439 1731 θείας
475 1664 652 1732 ἀξίας
667 1666 713 1696 ³³
737 1667 850 1720 οὐκ
883 1667 1278 1724 ἀναλίσκεται
1298 1710 1313 1733 ,
1341 1669 1596 1740 δεύτερον
1633 1666 1699 1720 τὸ
1740 1665 1854 1720 Ἑν-

1970 1678 2086 1714 cum
2123 1674 2346 1733 utraque
2385 1667 2751 1720 communione
2790 1677 3126 1735 cooperatur.
3161 1668 3374 1724 Asset'it
3407 1669 3551 1724 enim

271 1753 432 1822 εργιεῖ
450 1753 564 1822 γὰρ
594 1753 850 1824 ἑκατέρα
877 1758 1082 1827 μορφὴ
1109 1759 1262 1828 μετὰ
1290 1757 1401 1828 τῆς
1445 1759 1699 1828 θατέρου
1739 1775 1852 1812 κοι-

1971 1755 2216 1821 haeresis,
2247 1756 2383 1811 duos
2409 1755 2508 1812 hos
2536 1757 2802 1813 articulos
2829 1759 3102 1827 praefixos,
3131 1759 3268 1814 Deus
3302 1772 3349 1815 et
3374 1763 3552 1826 homo,

271 1817 539 1908 ’ζωνία-ς.⁷
555 1844 719 1912 Λέγει
942 1817 1156 1918 αἵρεσίς
1195 1850 1270 1914 ὡς
1299 1817 1493 1904 τέτΠδύο
1516 1817 1622 1903 τᾶξν
1647 1849 1852 1921 ἄρθρωι

1975 1846 2109 1902 duas
2139 1862 2402 1916 personas
2427 1863 2572 1914 esse,
2606 1859 2661 1904 et
2694 1851 3018 1921 hypostases
3076 1852 3233 1908 binas
3265 1869 3556 1923 reprmsett-

273 1937 640 2006 προτακτικᾶ,
657 1939 688 1990 ό
715 1939 858 2005 Θεὸς
872 1939 970 1992 καί
991 1944 1023 1994 ὀ
1038 1940 1368 2010 ἅνθρωπος,
1393 1943 1854 2012 δύοπροσώπων,9³

1975 1947 2114 2004 tare,
2147 1949 2202 1993 et
2235 1943 2352 1995 sola
2380 1943 2720 1996 connexione
2748 1943 3003 1997 unionem
3037 1943 3316 1999 denotare.
3352 1943 3552 1999 Verum

271 2028 381 2080 εἰσὶ
405 2028 497 2079 καὶ
526 2027 878 2084 ὑποστάσεων
904 2049 1290 2104 παραστατικα
1315 2075 1332 2102 ,
1364 2035 1466 2088 καὶ
1505 2035 1688 2105 σχέσει
1729 2037 1852 2104 μονῇ

1976 2031 2116 2086 hanc
2147 2030 2537 2100 impudentiam
2571 2033 2921 2100 Athanasius,
2947 2033 3192 2104 Gregorii
3224 2036 3404 2100 ambo,
3435 2035 3557 2103 Epi-

271 2118 374 2188 τὴν
396 2119 592 2172 ἕνωσιν
609 2123 1072 2202 σχηματίζουσιν.
1103 2123 1230 2196 [809
1258 2123 1351 2197 IL]
1393 2125 1551 2180 Ἀλλὰ,
1577 2125 1635 2178 τὸ
1654 2124 1852 2189 ἀναιδὲς

1973 2125 2228 2194 phanius,
2280 2124 2727 2193 Chrysostomus,
2764 2134 2818 2180 et
2849 2125 3078 2196 ipsemet
3123 2126 3384 2183 Dominus
3419 2143 3554 2184 cou-

270 2211 484 2264 τούτων
524 2214 845 2277 Ἀθανάσιὸς
874 2232 935 2268 τε
982 2217 1074 2269 καὶ
1101 2218 1148 2269 οἱ
1185 2215 1478 2288 Γρηγὸριοι
1505 2219 1600 2272 καὶ
1632 2219 1851 2288 Ἐπιφά·

1973 2215 2170 2282 futant,
2225 2215 2495 2272 similibus
2549 2232 2686 2286 pene
2746 2227 2802 2272 et
2856 2218 3154 2289 aequalibus
3211 2218 3412 2288 ubique
3471 2220 3553 2276 usi

272 2321 388 2366 νιος
413 2305 506 2358 καὶ
531 2305 559 2358 ὁ
581 2306 972 2377 Χρυσὸστομος
1001 2308 1094 2360 καὶ
1121 2307 1283 2372 αὐτὸς
1303 2309 1330 2360 ὁ
1351 2308 1560 2381 Κύριος
1581 2311 1848 2381 καταισχύ

1974 2307 2218 2361 vocibus.
2273 2305 2388 2362 Hac
2423 2307 2738 2377 praeﬁxione
2775 2308 3130 2362 articulorum
3194 2317 3555 2374 ostentantes,

270 2412 458 2450 νουσιν
481 2437 496 2462 ,
523 2395 666 2460 ἴσαις
691 2400 895 2466 φωναῖς
927 2399 1025 2452 καὶ
1047 2399 1263 2469 ὁμοίαις
1292 2400 1388 2455 καί
1412 2401 1568 2454 αὐτοὶ
1597 2401 1851 2472 πολλαχοῐ

1974 2413 2082 2452 non
2131 2397 2365 2468 aliquem
2400 2411 2609 2454 certum
2664 2398 2956 2464 hominem,
3014 2398 3110 2454 sed
3173 2398 3555 2465 universalem,

273 2488 659 2558 χρησάμενοι,
698 2490 792 2542 καὶ
819 2488 1111 2559 δηλοῦντες
1132 2489 1222 2544 διὰ
1249 2491 1348 2563 τῆς
1378 2491 1631 2562 τοιαύτης
1665 2509 1854 2562 προτα-

1975 2504 2153 2558 neque
2204 2487 2383 2544 Patris
2424 2499 2520 2544 aut
2573 2489 2696 2544 Filii
2759 2489 3092 2560 hypostasin,
3150 2488 3246 2544 sed
3306 2499 3556 2544 naturam

271 2577 385 2649 τῆς
433 2577 544 2632 τῶν
585 2578 807 2658 ἄρθρων
848 2581 908 2634 οὑ
949 2581 1041 2634 τόν
1091 2599 1214 2635 τινα
1258 2581 1549 2654 ἄνθρωπον
1602 2582 1738 2636 ἀλλὰ
1779 2582 1852 2638 τοι

1978 2595 2319 2636 communem
2345 2581 2641 2651 designari,
2682 2590 2736 2636 et
2779 2597 2882 2635 non
2945 2581 2997 2635 in
3025 2589 3176 2636 recto
3215 2596 3347 2637 casu
3399 2581 3559 2635 modo

270 2669 458 2722 ὁλικὸν
479 2711 494 2736 ,
529 2670 649 2723 οὐδὲ
678 2671 778 2740 τὴν
802 2671 893 2724 τοῦ
924 2672 1136 2743 Πατρὺς
1160 2673 1194 2744 ἢ
1227 2674 1326 2744 τὴν
1357 2673 1451 2727 τοῦ
1476 2673 1605 2727 Υίοῦ
1633 2674 1851 2727 ὑπόστα-

1975 2674 2256 2738 articulos,
2299 2674 2395 2728 sed
2430 2683 2487 2728 et
2509 2674 2727 2729 casibus
2749 2673 2872 2728 aliis
2901 2675 3065 2729 verbo
3097 2674 3367 2728 declinato
3390 2673 3555 2731 sumi.

277 2778 368 2815 σιν
401 2762 538 2815 ἀλλὰ
561 2763 660 2830 τὴν
699 2764 889 2835 κοινὴν
923 2764 1120 2832 φύσιν,
1155 2766 1248 2820 καὶ
1272 2767 1333 2819 οὐ
1369 2768 1491 2818 κατ’
1521 2765 1735 2820 εὐθεῖαν
1771 2765 1858 2836 μό-

1977 2764 2176 2820 Statitn
2209 2766 2501 2820 Matthteus
2535 2786 2550 2820 :
2584 2767 2894 2835 Quicunque
2921 2767 3116 2820 dixerit
3139 2769 3348 2821 uerbum
3367 2775 3557 2822 contra

272 2875 370 2910 νον
399 2857 466 2910 τὰ
497 2857 684 2929 ἄρθρα
711 2858 846 2911 ἀλλὰ
875 2861 969 2911 καὶ
1005 2860 1148 2913 κατὰ
1191 2861 1289 2924 τὰς
1337 2859 1572 2922 πτώσεις
1611 2861 1723 2922 τοῖς
1758 2858 1853 2912 6V6-

1978 2855 2180 2912 Fitium
2222 2857 2467 2922 hominis,
2495 2859 2785 2912 remittitur
2811 2858 2858 2911 ei
2889 2859 2965 2912 δ’.
3006 2859 3069 2912 Ει
3105 2859 3300 2914 iterum
3337 2879 3353 2915 :
3380 2858 3559 2916 Filius

278 2967 418 3020 μασι
452 2950 960 3016 συνδιαπλέκοντες.
998 2951 1206 3006 Αὐτίκα
1225 2952 1528 3016 Matt-Baio:
1563 2953 1731 3019 “0c”
1763 2952 1859 3005 sm

1978 2950 2202 3004 hominis
2238 2949 2435 3021 258a
2468 2963 2714 3003 venturus
2744 2961 2815 3003 est
2853 2952 2912 3003 iu
2960 2951 3130 3019 gloria
3159 2948 3338 3005 Patris
3385 2952 3468 3006 sui
3509 2962 3559 3009 ο.

273 3042 422 3110 εἴπῃ
449 3043 638 3111 λόγον
657 3083 671 3107 ,
704 3044 865 3112 φησι,
887 3047 1038 3098 κατὰ
1063 3045 1170 3100 τοῦ
1215 3045 1353 3100 Υίοῦ
1379 3046 1487 3100 τοῦ
1519 3044 1854 3114 ἀνθρώπου,

1982 3040 2044 3095 Ει
2069 3041 2253 3096 subdit
2286 3059 2298 3094 :
2332 3039 2549 3094 Nemini
2589 3042 2831 3095 dixeritis
2875 3043 3123 3095 visionem
3182 3043 3344 3108 hanc,
3399 3043 3563 3097 donec

274 3132 645 3201 ἀφεθήσεται
674 3133 852 3198 αὐτῷ·
879 3135 974 3187 καὶ
1004 3135 1189 3190 πάλινο
1218 3137 1446 3191 Μέλλει
1462 3137 1506 3169 ⁸⁸
1537 3140 1568 3190 ὀ
1601 3137 1730 3203 Υἱὸς
1765 3135 1855 3189 τοί

1981 3127 2154 3183 Filius
2203 3129 2427 3183 hominis
2449 3148 2479 3182 a
2505 3132 2726 3184 mortuis
2780 3141 3018 3199 resurgat
3047 3129 3093 3184 ά.
3133 3130 3198 3184 Ει
3225 3129 3282 3184 S.
3325 3131 3562 3186 Paulus:

273 3226 602 3294 ἀνθρώπου
655 3228 938 3296 ἔρχεσθαι
971 3227 1041 3281 ἐν
1072 3227 1150 3297 τῇ
1177 3228 1328 3297 δόξῃ
1358 3228 1464 3283 τοῦ
1500 3229 1731 3298 Πατρὸς
1772 3230 1854 3283 ait

1985 3222 2043 3277 Si
2071 3223 2209 3275 enim
2236 3225 2394 3275 unius
2416 3223 2604 3276 delicto
2635 3224 2789 3276 multi
2809 3225 3007 3276 mortui
3030 3235 3174 3288 sunt,
3206 3224 3370 3276 multo
3398 3226 3566 3296 magis

276 3315 392 3369 τοῦ
421 3355 434 3378 ,
467 3313 562 3369 καὶ⁸
593 3316 755 3369 πάλιν
779 3357 792 3381 ,
847 3316 1137 3386 Μηδενὶ,⁹⁶
1178 3319 1386 3387 εἴπητε
1416 3319 1481 3372 τὸ
1512 3318 1702 3388 ὅραμα
1723 3361 1737 3384 ,
1769 3318 1857 3383 ἕως

1986 3315 2037 3366 in
2075 3314 2248 3381 gratia
2287 3311 2404 3378 Dei,
2467 3321 2516 3365 et
2563 3313 2760 3365 donum
2800 3314 2854 3365 in
2903 3313 3079 3382 gratia
3126 3314 3280 3366 unius
3339 3313 3567 3370 hominis

276 3407 363 3463 ἂν
390 3411 424 3462 ό
461 3407 597 3475 Υἱὸς
615 3407 723 3463 τοῦ
763 3408 1081 3478 ἀνθρώπου
1111 3410 1179 3464 ἐκ
1213 3410 1444 3480 νέκρων
1477 3408 1857 3477 ἁναστῇ.’Κα

1988 3403 2108 3458 Iesu
2135 3403 2331 3457 Christi
2364 3405 2415 3454 in
2457 3389 2633 3471 plures
2668 3401 2957 3456 abundauit
2985 3413 3031 3456 ο.
3079 3402 3137 3457 Ιιι
3185 3404 3270 3458 his
3315 3405 3569 3462 omnibus

274 3502 310 3554 6
337 3499 632 3562 θεσπέσιος
667 3499 917 3567 Παῦλος,
952 3503 1023 3556 El
1044 3502 1089 3534 ³⁷
1120 3502 1230 3572 γὰρ
1258 3501 1339 3568 τῷ
1382 3501 1486 3556 τοῦ
1529 3501 1667 3568 ἑνὸς
1699 3517 1852 3569 παρα

1985 3500 2188 3554 mentio
2219 3499 2278 3552 lit
2313 3498 2550 3554 hominis
2599 3499 2651 3552 in
2682 3498 2939 3568 gignendi
2995 3513 3150 3564 casu,
3191 3512 3293 3554 nec
3333 3513 3565 3568 usquam

277 3594 554 3664 πτώματι
585 3597 638 3648 οἱ
664 3594 887 3648 πολλοὶ
925 3595 1234 3651 ἀπέθανον
1257 3635 1271 3660 ,
1307 3594 1518 3660 πολλῷ
1541 3593 1786 3664 μᾶλλον
1807 3594 1858 3663 τῇ

1987 3590 2187 3646 Christi
2246 3589 2373 3650 Jesu
2434 3605 2726 3660 personam
2779 3591 2984 3646 divisit.
3036 3590 3296 3646 Scrihens
3351 3604 3568 3660 quoque

279 3688 490 3756 χάριτι
526 3687 634 3742 τοῦ
669 3686 817 3742 Θεοῦ
849 3687 947 3740 καὶ
976 3685 1051 3755 τῇ
1081 3685 1272 3756 δωρεᾷ
1295 3687 1365 3740 ἐν
1395 3684 1589 3756 χάριτι
1613 3685 1720 3773 τοῦ
1742 3683 1860 3748 ἑνὸς

1988 3682 2286 3753 Smyrnaeis
2343 3683 2502 3737 divus
2557 3680 2818 3752 lgnatius,
2877 3682 3128 3739 similiter
3181 3684 3288 3737 hoc
3339 3681 3569 3737 articulo

277 3775 606 3844 ἀνθρώπου
652 3776 858 3844 Ἰησοῦ
896 3777 1158 3845 Χριστοῦ
1191 3779 1278 3842 είς
1311 3775 1453 3841 τοὺς
1483 3774 1756 3840 πολλοὺς
1777 3791 1858 3828 πει

1986 3776 2184 3832 Utitur.
2216 3775 2283 3830 Et
2316 3773 2498 3830 Julius
2533 3775 2781 3846 pontifex
2834 3775 3117 3834 Romanus
3155 3775 3208 3830 in
3242 3773 3472 3844 epistola
3497 3774 3567 3828 ad

268 3867 644 3936 ριέσσευσεν
659 3866 847 3939 “(Eu
873 3868 984 3938 γὰρ
1004 3867 1215 3932 τούτοις
1239 3867 1444 3922 ἆπασιν
1471 3869 1504 3940 ή
1535 3866 1629 3920 τοῦ
1664 3865 1849 3938 ἀνθρώ

1987 3865 2239 3928 Decium,
2274 3865 2421 3919 hunc
2449 3881 2571 3920 esse
2620 3865 2778 3934 jubet
2806 3865 3118 3927 anathema,
3159 3865 3250 3934 qui
3284 3864 3452 3918 Deum
3483 3863 3567 3918 in-

279 3975 394 4011 που
427 3958 618 4029 μνήμη
647 3957 786 4029 μετὰ
840 3956 936 4010 τοῦ
962 3956 1184 4026 γενικοῦ
1214 3955 1568 4027 προαγομένη
1595 3956 1638 3989 ⁹⁰
1676 3956 1860 4028 ἄρθροι

1986 3964 2271 4012 cantatum
2309 3972 2339 4011 e
2370 3954 2538 4010 Maria
2566 3954 2844 4009 hominem
2897 3970 3003 4008 non
3047 3954 3211 4009 fuerit
3261 3953 3567 4010 confessus.

276 4047 545 4118 οὐδαμῶς
594 4047 754 4101 διεῖλε
785 4048 876 4102 τὸν
901 4047 1000 4102 ἕνα
1021 4049 1037 4079 ¹
1069 4047 1278 4120 Κύριον
1301 4047 1461 4118 ἡμῶν
1507 4047 1715 4118 Ἰησοῦν
1748 4048 1855 4116 Χρι

1989 4048 2187 4104 Eadem
2227 4059 2282 4104 et
2316 4059 2570 4102 strenuus
2611 4047 3014 4101 Athanasittsin
3048 4047 3184 4102 libro
3239 4045 3318 4099 De
3345 4045 3474 4112 ﬁde,
3515 4055 3570 4100 et

278 4141 416 4194 στὸν
461 4141 540 4204 εἰς
568 4138 849 4213 ,διαφορὰν
893 4138 1266 4194 ὑποστάσεων.
1315 4139 1487 4194 Καὶὸ
1521 4131 1778 4209 θεοφόρος
1826 4137 1859 4191 δέ

1987 4141 2283 4214 Gregorius
2321 4141 2634 4212 Theologus
2669 4141 2721 4195 itt
2765 4139 2992 4210 cpistola
3020 4138 3086 4193 ad
3121 4138 3442 4193 Cledoniutn
3480 4153 3566 4192 se-

289 4231 562 4300 Ἰγνάτιος
640 4231 736 4284 καὶ
805 4229 1018 4302 μάρτυς
1047 4273 1063 4300 ,
1116 4230 1458 4304 ¹Σμυρναίοις
1529 4229 1870 4296 ἐπιστέλλων,

1989 4233 2193 4298 cunda,
2229 4232 2392 4287 etiam
2433 4231 2602 4286 variis
2661 4230 2795 4284 locis
2843 4228 3138 4299 Gregorius
3167 4227 3471 4299 Nyssettus,
3513 4238 3567 4280 et

271 4321 493 4391 ὁμοίως
518 4319 783 4390 κέχρηται
812 4312 891 4390 τῷ
923 4320 1135 4392 ἄρθρῳ.
1165 4319 1292 4389 {Kal
1321 4319 1350 4371 6
1388 4317 1613 4390 Ῥώμης
1667 4316 1852 4371 Ἰούλιο

1992 4341 2146 4380 sacer
2185 4323 2416 4378 Basilius
2443 4323 2499 4376 in
2523 4322 2773 4376 oratione
2798 4320 2874 4374 De
2917 4320 3041 4389 ﬁde,
3065 4330 3120 4375 et
3166 4319 3220 4374 itt
3263 4319 3356 4374 lib.
3402 4333 3444 4373 tt
3499 4318 3573 4372 De

273 4415 343 4465 ἑν
373 4413 441 4483 τῇ
481 4411 617 4483 πρὸς
643 4413 838 4466 Δόκιον
865 4413 1126 4485 ἐπιστολῇ
1154 4427 1322 4482 φησιν
1341 4407 1483 4464 ὥστε
1510 4410 1606 4464 καὶ
1633 4410 1854 4480 ἀνάθεμι

1989 4419 2179 4472 Ιιαίἐιί
2224 4414 2596 4487 Epiphanius;
2635 4414 2728 4470 sed
2769 4423 2824 4469 et
2849 4413 3066 4467 Atticus
3105 4410 3567 4480 Constantinopo-

273 4504 433 4557 ἔστω
461 4505 570 4567 πᾶς
613 4508 641 4559 ὁ
666 4503 760 4558 τὸν
789 4505 852 4556 ὲκ
880 4503 1101 4575 Μαρίας
1135 4502 1424 4575 ἄνθρωπον
1473 4502 1572 4574 οὐχ
1607 4502 1852 4572 ὁμολογῶ

1993 4511 2108 4566 Icos
2144 4510 2198 4565 in
2231 4509 2459 4579 epistola
2494 4508 2560 4562 ad
2594 4505 3004 4578 Etnpsychiutn,
3031 4515 3086 4560 et
3123 4502 3363 4559 Joannes
3390 4502 3571 4574 Chry-

274 4591 434 4649 εἶναι
476 4595 744 4667 ἕνσαρκον
782 4595 936 4649 Θεὸν.
984 4597 1065 4647 Τὰ
1131 4594 1272 4649 αὐτὰ
1290 4595 1349 4649 δὲ
1402 4595 1499 4649 καὶ
1524 4597 1554 4649 6
1587 4592 1855 4647 πολύαολο

1990 4611 2267 4658 sostomtts
2293 4600 2512 4656 ltontilia
2551 4600 2585 4655 5
2611 4601 2661 4653 in
2693 4597 2865 4667 Epist.
2901 4597 3055 4652 Pauli
3105 4595 3173 4650 ad
3209 4594 3476 4666 Ephesios
3518 4606 3571 4650 et

292 4689 625 4753 ⁹Αθανσὶσιος
655 4691 724 4743 ὲν·
759 4688 839 4758 τῷ
867 4689 1009 4758 Περὶ
1039 4688 1305 4755 πίστεως
1354 4688 1501 4760 λόγῳ
1523 4729 1540 4756 ,
1572 4689 1668 4743 καὶ
1696 4690 1723 4742 ὁ
1752 4685 1873 4740 Θεο·

1991 4694 2040 4748 in
2077 4690 2366 4745 Thesauris
2423 4688 2682 4762 Cyrillus,
2734 4697 2789 4743 et
2852 4687 3232 4756 Explicatione
3289 4685 3572 4742 Malachiau

273 4780 450 4849 λόγος
478 4782 518 4834 Γ
525 4783 784 4852 Ρηγὸριος
809 4783 868 4835 ὲν
915 4783 982 4853 τῇ
1012 4781 1150 4853 πρὸς
1178 4781 1476 4851 Κληδὸνιον
1503 4782 1549 4853 β’
1588 4780 1845 4853 ἐπιστολῇ

1992 4783 2265 4854 prophetae
2299 4793 2356 4837 et
2388 4779 2617 4836 Joannis
2659 4781 3035 4850 evangelistm,
3065 4788 3119 4834 et
3149 4780 3204 4834 itt
3241 4779 3380 4834 libro
3410 4795 3464 4834 ιι
3495 4779 3573 4833 De

283 4872 390 4928 ναὶ
419 4873 529 4944 μὴν
551 4873 692 4928 καὶὸ
717 4871 940 4945 Νύσσης
961 4873 1265 4946 Γρηγὸριος
1294 4875 1352 4926 ὲν
1380 4873 1659 4944 διαφόροις
1683 4873 1863 4943 λόγοις

1991 4877 2304 4931 adoratione
2327 4876 2382 4930 in
2431 4873 2632 4945 Spiritu
2689 4884 2735 4928 et
2777 4876 2992 4928 ueritate
3047 4873 3182 4944 (72).
3222 4874 3397 4928 Habet
3427 4874 3572 4928 enim

276 4967 388 5024 καὶ
410 4969 690 5036 Βασίλειος
706 4972 736 5026 ὁ
755 4969 1044 5035 θεσπέσιος
1071 4970 1130 5024 ὲν
1161 4967 1239 5042 τῷ
1261 4968 1402 5039 Περὶ
1431 4970 1692 5036 πίστεως
1715 4968 1857 5040 λόγῳ

1997 4971 2113 5025 ita:
2165 4968 2394 5024 Natura:
2434 4957 2572 5023 enim
2610 4984 2850 5038 superruo
2887 4965 3250 5020 habitaculum
3293 4965 3572 5035 locupletat

367 5111 422 5151 δ’
459 5110 656 5184 Matth.
687 5125 786 5178 stt,
813 5110 904 5166 52.
993 5120 1015 5149 ε
1047 5108 1240 5164 Matth.
1272 5122 1384 5173 τινι,
1411 5105 1504 5161 27.
1579 5105 1607 5146 ιι
1644 5106 1837 5163 Matth.
1867 5123 1948 5162 tm

993 5120 1015 5149 ε
1047 5108 1240 5164 Matth.
1272 5122 1384 5173 τινι,
1411 5105 1504 5161 27.
1579 5105 1607 5146 ιι
1644 5106 1837 5163 Matth.
1867 5123 1976 5164 λνιι
2000 5108 2056 5164 8.
2135 5119 2160 5146 ε
2192 5107 2351 5162 Rom.
2373 5121 2423 5170 ν,
2453 5104 2544 5160 15.

1575 5265 1819 5324 vanus
1841 5245 2250 5325 LECT‘IONES.

365 5399 414 5431 '°
441 5399 700 5469 εὐτυχέος
735 5415 798 5462 ς.
849 5395 926 5451 cf.
961 5409 1018 5464 ι).
1043 5393 1152 5450 265
1193 5394 1224 5448 b
1281 5389 1380 5446 29.
1487 5389 1535 5424 ⁹¹
1571 5389 1744 5445 ιλιεϊν
1796 5387 1977 5457 λέγειν
2005 5388 2074 5443 Α.
2149 5387 2195 5418 ⁹¹
2215 5384 2376 5450 ἀξίας
2409 5386 2447 5436 Α
2483 5401 2496 5436 :
2525 5381 2685 5468 ὁόξης
2714 5397 2776 5444 ς.
2872 5379 2921 5411 ⁸³
2949 5360 3241 5447 προσώπον
3286 5383 3428 5423 corr.
3480 5367 3523 5422 A
3554 5377 3570 5415 :

365 5469 568 5523 .o'cmnat
611 5486 670 5532 ς.
747 5469 795 5500 ⁸⁸
815 5465 898 5532 ὃς]
945 5465 1141 5521 Matth.
1171 5478 1272 5529 stt,
1299 5459 1392 5516 32.
1424 5531 1433 5532 ί
1487 5460 1536 5494 ³³
1569 5387 1779 5532 μιλλεμᾶ
1811 5459 1944 5532 ibid.
1978 5473 2097 5532 aut,
2127 5456 2220 5510 27.
2297 5457 2342 5487 ⁰⁸
2375 5450 2586 5526 μηδενι]
2651 5449 2844 5506 Matth.
2871 5463 3004 5503 xvn.
3028 5445 3082 5499 8.
3159 5445 3203 5476 "
3234 5439 3306 5512 si]
3335 5439 3492 5494 Rom.
3521 5453 3570 5496 νς

279 5439 701 5593 ’ἑτερόσῦέΞὲῗῖ
737 5439 926 5538 ἶίὸξὶ.
1161 5439 2097 5606 ἐιίἓᾶξξὶὲνέιςίίᾰξέιὲαίίἐίἐὰἀέλ,
2127 5439 2233 5510 27(
2267 5439 2615 5526 ’θίμηδενὶγ
2639 5439 2844 5506 ’Μᾶιιιυ
2871 5439 3005 5503 XVII:
3028 5445 3082 5499 8.
3159 5445 3203 5476 "
3234 5439 3306 5512 εί]
3335 5439 3492 5494 Rom.
3521 5453 3576 5496 νο

371 5578 386 5592 .
541 5556 676 5610 ..περ
707 5553 957 5590 σσευσεν.
1113 5553 1154 5588 π
1193 5551 1222 5588 ο
1575 5570 1592 5586 .
1953 5567 1968 5584 .
2055 5568 2068 5581 .

1814 5642 2051 5700 NOTAE.

369 5746 488 5816 (1t)
513 5744 586 5802 Ut
614 5746 1008 5809 incarnatione,
1049 5743 1193 5812 quod
1234 5742 1531 5798 maximum
1564 5748 1648 5796 est
1680 5737 1897 5795 ntiseri-
2002 5808 2035 5816 η
2080 5735 2194 5805 (72)
2231 5736 2399 5816 llodie
2424 5733 2682 5790 tredecim
2711 5738 2930 5788 exstant
2955 5727 3145 5799 (ζμ-ηιξ
3174 5725 3247 5780 De
3269 5721 3580 5778 adorations

285 5807 498 5875 cordia:
527 5831 682 5886 OpllS.
992 5807 998 5809 ⁷
1066 5807 1086 5812 “
2002 5808 2184 5862 lienus:
2207 5807 2357 5861 editi.
