4004 6438
518 381 626 446 999
1697 376 1964 438 PHOTII
2007 377 2512 438 PATRIARCHI’E
2551 380 2658 438 CP.
3638 385 3744 453 1000

514 490 772 564 ι-ἱιῃὶιιαίε
809 489 1084 559 templum.
1132 488 1258 544 llaec
1286 488 1470 544 omnia
1507 495 1561 543 et
1595 502 1717 542 cum
1763 487 2015 543 articulis
2055 499 2095 542 et

2164 488 2310 549 “cui
2342 489 2370 540 ὁ
2408 485 2722 559 θαυμαστὸς
2761 487 3076 555 Ἐπιφάνιος
3119 489 3177 540 ἐν
3221 486 3300 556 τῷ
3332 490 3466 557 Περὶ
3505 492 3745 567 αἱρέσεως

516 584 754 638 divinam
791 590 847 634 et
874 580 1167 634 humanam
1206 585 1458 632 naturam
1487 579 1752 646 desiguat.
1807 575 1912 630 Sed
1966 589 2097 644 ιμπο-

2210 575 2416 648 πρώτῳ
2473 576 2694 647 βιϐλίῳ,
2748 576 2886 630 ἀλλά
2941 577 3034 628 καὶ
3087 579 3113 630 6
3177 579 3748 652 Κωνσταντινουπόλεως

518 674 679 728 modo
733 673 820 727 hic
869 681 1117 727 sanctum
1189 669 1430 725 Leonem
1488 670 1540 722 in
1589 667 1946 738 productione
2007 680 2099 718 ar—

2218 670 2461 733 Ἀττικὸς
2489 672 2546 723 ὲν
2570 672 2636 740 τῇ
2666 669 2806 740 πρὸς
2833 668 3106 739 Εὐψύχιον
3127 669 3379 741 ἐπιστολῇ
3407 711 3422 735 ,
3448 673 3539 726 xui
3573 676 3599 727 6
3627 677 3750 747 Χρυ.

520 765 806 819 ticulorum
847 773 1092 830 accusat,
1145 772 1200 817 et
1261 774 1488 818 caeteros
1543 759 1730 814 Patres
1789 773 1894 813 non
1963 756 2101 811 alia.

2210 761 2477 831 σόστομος
2507 762 2563 814 ὲν
2598 761 2868 832 ἑρμηνείᾳ
2897 763 2996 831 τῆς
3030 761 3134 831 πρὸ
3169 761 3448 830 Ἐφεσίους
3479 765 3749 840 ἐπιστολῆς,

521 867 648 911 lrat.
2219 851 2413 922 τρίτῆς
2449 850 2666 920 ὁμιλίας
2685 890 2698 915 ,
2725 853 2819 904 xui
2850 851 3118 922 Κύριλλος
3141 849 3198 903 δὲ
3236 851 3294 902 ὲν
3321 851 3442 918 τοῖς
3471 858 3754 926 θησαυροῖς

517 949 610 1000 xui
634 949 688 999 ἐν
713 951 776 1018 τῇ
803 948 1073 1020 ἑρμηνείᾳ
1102 947 1196 999 τοῦ
1224 948 1502 1017 προφήτου
1535 945 1816 1015 Μαλαχίου
1847 945 1941 999 xui
1999 947 2056 997 ὲν
2082 946 2148 1015 τῇ
2187 943 2455 1015 ἑρμηνείᾳ
2479 942 2574 996 τοῦ
2607 944 2748 996 κατὰ
2787 944 3036 1014 Ἰωάννην
3062 945 3395 1013 Εὖαγγελίου
3469 949 3556 1000 xui
3601 952 3649 1001 ἐν
3691 953 3754 1019 τῷ

516 1042 656 1111 Περὶ
683 1043 793 1111 τῆς
813 1043 884 1097 ἐν
919 1045 1207 1112 πνεύματι
1233 1042 1512 1110 λατρείας
1542 1042 1716 1109 ὲνάτῳ
1748 1039 1935 1112 βιϐλίῳ
1959 1055 1972 1070 ο
2003 1038 2149 1107 λέγει
2171 1039 2278 1110 γὰρ
2302 1039 2472 1102 οὕτως
2492 1055 2506 1070 ·
2539 1039 2782 1106 Φύσεως
2815 1042 2924 1108 γὰρ
2953 1039 3061 1106 τῆς
3078 1041 3354 1094 ἀνωτάτω
3401 1047 3760 1101 καταπλουτεῖ

515 1137 624 1190 τὸν
680 1137 1056 1206 ἑναυλισμὸν
1097 1139 1128 1190 ό
1171 1136 1238 1189 ἐκ
1304 1135 1604 1202 παρθένου
1657 1134 1823 1199 ναός.
1894 1133 2113 1186 Τούτων
2154 1132 2408 1186 ἁπάντων
2458 1131 2597 1202 μετὰ
2638 1131 2748 1185 τῶν
2788 1132 3006 1203 ἄρθρων
3037 1134 3136 1202 τήν
3198 1149 3254 1184 τε
3290 1133 3437 1186 θείαν
3486 1134 3632 1202 φύσιν
3683 1143 3757 1194 καὶ

517 1235 616 1305 τὴν
655 1235 1003 1305 ἀνθρωπίνην
1049 1234 1434 1305 προαγόντων,
1469 1232 1584 1295 πῶς
1622 1233 1649 1284 ὀ
1693 1232 1784 1285 τὸν
1837 1232 1892 1284 ὲν
1941 1231 2118 1299 ἁγίοις
2147 1229 2354 1283 Λέοντα
2383 1227 2712 1300 αἰτιώμενος
2741 1229 2829 1282 διὰ
2861 1229 2958 1300 τὴν
2998 1229 3109 1282 τῶν
3183 1228 3400 1299 ἄρθρων
3463 1233 3758 1303 προκομιδὴν

519 1330 640 1399 οὐχὶ
703 1329 848 1381 κατὰ
899 1328 1120 1381 πάντων
1177 1326 1332 1396 ἡμῶν
1382 1325 1489 1379 τῶν
1523 1324 1800 1396 θεοφόρων
1860 1323 2118 1393 Πατέρων
2155 1323 2408 1390 ὑλακτεΐ;

591 1423 697 1476 Sed
726 1420 852 1474 illttd
877 1421 1034 1473 etiam
1068 1421 1385 1474 videamus:
1423 1420 1684 1488 Operatur
1719 1422 1857 1473 enim
1896 1432 2113 1490 utraque

2297 1419 2440 1473 Ἀλλ’
2499 1419 2697 1490 ἴδωμεν
2743 1418 2841 1472 xui
2897 1417 2958 1471 τό
2988 1434 3002 1448 ο
3073 1417 3328 1486 Ἐνεργ-εἳ
3401 1419 3510 1488 γὰρ
3545 1421 3759 1490 ἑκατέρα

518 1515 691 1585 [arma
740 1529 855 1566 cum
897 1514 1167 1583 utriusque
1214 1512 1576 1582 conjunctione
1633 1514 1913 1565 secundum
1962 1528 2099 1563 suam

2207 1511 2412 1582 μορφὴ
2459 1514 2610 1582 μετὰ
2656 1511 2768 1578 τῆς
2805 1510 3056 1578 θατέρου
3087 1511 3405 1575 κοινωνίας
3455 1509 3592 1572 ὅπερ
3633 1511 3761 1564 (dior

517 1609 910 1677 praprietatent.
984 1603 1096 1658 Hoc
1157 1607 1364 1676 quidem
1417 1617 1663 1674 operante
1726 1603 1913 1672 Verbo,
1971 1621 2098 1673 qnoa

2211 1602 2434 1674 ἔσχηκε
2460 1644 2474 1666 ,
2531 1605 2638 1657 τοῦ
2677 1603 2796 1672 μὲν
2843 1605 3033 1672 λόγου
3079 1601 3578 1672 κατεργαζομένου
3614 1603 3759 1658 τοῦτο

531 1695 682 1750 Verbi
723 1708 841 1748 est:
875 1711 1092 1762 corpore
1116 1711 1238 1747 vero
1287 1711 1347 1748 ea
1385 1695 1654 1764 e/ﬁciente,
1704 1710 1822 1762 qua:
1873 1694 2110 1762 corporis

2211 1697 2356 1764 ὅπερ
2391 1695 2523 1749 ἐστι
2555 1695 2663 1750 τοῦ
2690 1694 2925 1767 Λόγου’,
2948 1696 3056 1750 τοῦ
3080 1694 3148 1748 δὲ
3179 1693 3453 1763 σώματος
3485 1695 3761 1748 ἐκτελοῦν-

517 1799 660 1844 sunt.
705 1789 770 1841 Et
817 1789 868 1842 in
901 1788 986 1843 his
1031 1803 1151 1841 cum
1187 1787 1388 1841 sanctis
1427 1786 1680 1841 Patrihus
1712 1786 2022 1840 consentire
2057 1792 2098 1840 et

2213 1807 2306 1854 τος
2349 1788 2475 1860 [425
2511 1785 2600 1860 ΙΙ.]
2643 1789 2792 1856 ἅπερ
2845 1788 2977 1842 ἐστὶ
3027 1787 3137 1842 τοῦ
3187 1787 3482 1856 σώματος.
3528 1787 3630 1838 Καὶ
3673 1788 3760 1858 γὰρ

518 1881 814 1936 convenire
849 1880 1120 1933 videbitur
1165 1899 1176 1933 :
1219 1894 1408 1934 omnes
1443 1880 1585 1933 enim
1616 1879 1846 1931 humana
1880 1879 2099 1941 homini,

2178 1877 2492 1935 ικὰνταῦθα
2542 1876 2795 1948 ὁμόδοξός
2848 1895 2906 1931 τε
2961 1879 3054 1930 xui
3120 1879 3401 1946 ὁμόφωνος
3456 1879 3565 1939 τοῖς
3623 1877 3759 1946 ἶεροις

517 1973 700 2027 divina
735 1973 845 2026 Deo
888 1973 1157 2026 tribuunt.
1227 1971 1700 2040 Qucmadnmdum
1766 1973 1960 2025 ductus
2020 1971 2098 2026 ille

2213 1971 2374 2041 ἡμῶν
2423 1972 2874 2042 ἀναδειχθήσεται
2909 1970 3156 2041 Πατρὰσι
3176 1973 3189 1986 ⁸
3221 1969 3422 2032 πάντες
3463 1968 3568 2038 γὰρ
3595 1969 3655 2021 τὰ
3683 1968 3760 2038 μὲν

517 2065 754 2136 Cyrinus
787 2066 838 2118 in
878 2064 1284 2118 Commentario
1315 2065 1380 2118 ad
1425 2061 1688 2116 Joannem
1725 2081 1738 2115 :
1779 2061 1863 2128 Si,
1910 2064 2098 2133 inquit,

2213 2059 2544 2131 ἀνθρώπινα
2571 2061 2648 2132 τῷ
2675 2061 2948 2132 ἀνθρώπῳ
2991 2057 3339 2125 ἀνατιθέασι,
3365 2058 3445 2128 τῷ
3489 2057 3602 2128 Θεῷ
3624 2059 3673 2110 δὲ
3707 2057 3760 2111 τὰ

513 2158 672 2212 Iesus
703 2158 955 2226 proﬁcere
983 2157 1257 2211 dicebatur
1280 2158 1542 2221 sapientia
1571 2167 1616 2211 et
1649 2166 1804 2210 a'tate
1838 2157 1882 2222 ί,
1909 2167 1955 2209 ει
1989 2174 2094 2226 gra-

2210 2151 2366 2214 θεῖα,
2404 2151 2598 2222 ὥσπερ
2647 2152 2742 2206 xui
2771 2153 2798 2204 6
2827 2151 2991 2221 σοφὸς
3033 2149 3305 2222 Κύριλλος
3323 2153 3381 2203 ἐν
3426 2153 3490 2221 τῇ
3531 2149 3759 2218 ἑρμηνείᾳ

516 2253 629 2316 tia,
691 2251 888 2322 258b
960 2251 1342 2304 incarnationis
1408 2267 1535 2319 opus
1603 2261 1700 2306 est.
1761 2249 2097 2304 Permittebat

2209 2241 2304 2292 τοῦ
2353 2242 2497 2295 κατά
2548 2241 2802 2312 Ἰωάννην
2836 2241 3172 2310 Εὑαγγελίου
3197 2257 3215 2276 ο
3266 2239 3337 2294 Ei
3378 2237 3448 2293 δὲ
3486 2238 3559 2306 δὴ
3584 2280 3598 2304 ,
3627 2239 3757 2308 φησὶ,

515 2343 655 2396 enim
706 2342 800 2396 Dei
850 2341 1073 2395 Verbum
1108 2341 1496 2395 humanitatem
1541 2342 1652 2395 suis
1691 2343 1951 2408 montibus
1979 2341 2096 2409 ferr;

2209 2333 2443 2401 λέγοιτο
2481 2336 2844 2400 προκόπτειν
2887 2336 2918 2386 ό
2957 2333 3200 2401 Ἰησοῦς
3246 2332 3455 2401 ἡλικίᾳ
3482 2332 3577 2385 καί
3609 2331 3761 2400 σοφίᾳ

515 2443 569 2489 et
591 2435 644 2488 in
689 2433 948 2490 Oratione
987 2435 1249 2490 adversus
1274 2434 1585 2489 Nestorium
1620 2452 1632 2487 :
1664 2435 1875 2503 Aspice,
1909 2433 2096 2501 inquit,

2211 2425 2308 2477 καί
2335 2422 2526 2492 χάριτι
2543 2465 2557 2490 ,
2581 2425 2692 2493 τῆς
2718 2426 3066 2494 οἰκονομίας
3094 2424 3266 2478 ἔσται
3291 2421 3358 2475 τὸ
3391 2422 3614 2490 χρῆμα·
3637 2437 3759 2474 συν-

516 2538 571 2580 ut
607 2529 714 2596 ipse
742 2527 876 2581 nihil
908 2530 1174 2580 remittens
1222 2544 1303 2593 ne,
1344 2543 1461 2580 cum
1489 2535 1777 2594 pateretur,
1807 2525 2097 2592 permiserit

2210 2517 2414 2585 εχώρει
2446 2517 2554 2585 γὰρ
2585 2520 2618 2570 ὀ
2650 2516 2754 2569 τοῦ
2797 2515 2946 2570 Θεοῦ
2991 2517 3175 2585 λόγος
3219 2514 3318 2568 διὰ
3352 2512 3472 2568 τῶν
3503 2511 3608 2582 τῆς
3637 2511 3758 2578 ίδιάς

514 2619 666 2672 carni
701 2620 754 2672 in
785 2619 1049 2686 propriam
1085 2628 1332 2671 naturam
1383 2633 1570 2686 parum
1612 2633 1783 2685 posse,
1846 2617 1943 2668 etsi
1987 2631 2095 2684 pro-

2210 2609 2450 2676 φύσεως
2471 2607 2626 2660 ἐθῶν
2656 2607 2802 2660 ἰέναι
2828 2608 2892 2658 τὸ
2914 2607 3313 2674 ἀνθρώπινον.
3336 2604 3450 2656 Καὶ
3477 2605 3532 2656 ὲν
3554 2603 3624 2672 τῷ
3648 2604 3760 2656 κατὰ

513 2712 634 2780 prin
660 2711 769 2778 lege
797 2697 1045 2779 ferretur,
1081 2720 1130 2765 et
1167 2711 1340 2778 ipsius
1377 2726 1458 2763 res
1490 2709 1705 2773 dicitur,
1731 2725 1788 2762 eo
1824 2709 1962 2777 quod
1985 2725 2094 2776 pro

2211 2699 2507 2769 Neutopiou
2557 2700 2698 2770 λόγῳ
2725 2741 2738 2763 ,
2791 2701 2980 2767 Ἅθρει
3017 2699 3092 2766 δὴ
3117 2739 3131 2763 ,
3183 2699 3384 2769 φησὶν,
3425 2697 3580 2762 ὅπως
3615 2695 3762 2750 οὐδὲν

515 2803 690 2872 prium
746 2804 812 2856 sit
864 2809 977 2872 ejus
1007 2817 1195 2870 corpus
1241 2821 1254 2856 :
1294 2811 1345 2857 ct
1400 2802 1452 2855 in
1507 2800 1838 2854 Thesauris:
1883 2797 2096 2853 Turbnri

2212 2789 2499 2859 καθυφεὶς
2543 2792 2758 2856 αὐτὸς,
2810 2790 2949 2844 οὔτε
2989 2790 3118 2859 μὴν
3161 2793 3246 2855 είς
3294 2789 3459 2844 ἰδίαν
3501 2790 3676 2858 φύσιν
3709 2788 3759 2841 τὸ

515 2909 638 2947 vero
689 2895 960 2962 proprium
1013 2897 1188 2947 carnis
1222 2905 1294 2946 est
1344 2903 1698 2961 :potestatem
1750 2909 1868 2946 vero
1919 2890 2096 2944 habere

2209 2885 2548 2954 ἀσθενῆσαι
2595 2885 2833 2951 παθὼν,
2879 2885 3305 2956 συγκεχώρηκε
3356 2883 3438 2954 τῇ
3489 2883 3656 2952 σαρκί
3683 2880 3760 2936 καί

513 2983 762 3049 ponendi,
792 2991 841 3034 et
863 2982 1054 3034 iterum
1081 2982 1379 3035 resumentli
1420 2982 1672 3045 animant,
1713 2997 1842 3050 opus
1890 2989 1968 3034 est
2010 2995 2094 3045 poi

2210 2980 2308 3035 διὰ
2347 2980 2465 3034 τῶν
2519 2981 2683 3034 ἰδίων
2719 2981 2867 3035 ἱέναι
2899 2982 3127 3050 νόμων·
3156 2980 3256 3034 καὶ
3292 2979 3482 3034 αὐτοῦ
3516 2981 3578 3032 τὸ
3599 2977 3761 3048 χρῆμα

516 3069 694 3122 tentia:
753 3066 926 3121 Verbi.
963 3066 1030 3122 Et
1083 3079 1339 3123 sexcenta
1401 3069 1506 3121 alia
1563 3069 1608 3122 si
1646 3068 1768 3137 quis
1824 3068 2097 3124 volucritc

2209 3075 2447 3143 λέγεται
2471 3073 2568 3128 διὰ
2595 3077 2660 3128 τὸ
2694 3075 2852 3128 ἴδιον
2879 3071 3034 3128 εἶναι
3081 3074 3148 3128 τὸ
3177 3073 3348 3143 σῶμα
3371 3073 3580 3127 αὐτοῦ.
3605 3072 3696 3126 Καὶ
3716 3072 3761 3122 ὲν

516 3171 709 3215 sancto
742 3161 1004 3234 colligere
1037 3161 1368 3230 reliquisque
1401 3163 1651 3216 Patrihus
1679 3165 1943 3217 inveniet.
1968 3163 2097 3218 Gre-

2210 3169 2323 3230 τοῖς
2353 3166 2711 3235 Θησαυροῒς,
2776 3169 2846 3222 Τὸ
2880 3167 2992 3236 μὲν
3023 3167 3416 3235 ταράττεσθαι
3438 3165 3548 3235 τῆς
3573 3162 3761 3232 σαρκὸς

515 3254 702 3323 gorius
760 3225 927 3318 enim,
984 3225 1339 3320 Athanasius,
1398 3254 1828 3325 Amphilochius,
1865 3256 2096 3326 Chryso-

2178 3265 2180 3280 '
2216 3225 2372 3310 ἴδιον
2407 3225 2598 3324 ἐττιοοξ
2619 3299 2634 3322 ,
2767 3257 2836 3310 δὲ
2881 3225 3174 3322 ἐξουσίαν
3203 3260 3368 3328 ἔχειν
3395 3225 3581 3312 θεῖναί
3606 3225 3662 3311 τὲ
3684 3225 3759 3308 καί

515 3355 744 3411 stemus,
773 3346 1116 3412 Ambrosius,
1165 3346 1514 3417 reliquusque
1567 3355 1878 3401 sanctorum
1932 3357 2096 3403 coetus

2216 3347 2402 3402 πάλιν
2430 3349 2640 3403 λαϐεῖν
2685 3349 2802 3418 τὴν
2829 3351 3041 3420 ψυχὴν
3069 3351 3184 3418 τὴν
3208 3350 3314 3404 τοῦ
3367 3351 3566 3421 Λόγου
3611 3345 3761 3402 δυνό-

515 3435 656 3490 idem
691 3436 1122 3507 promulgarunt.

2211 3457 2370 3509 μεως
2400 3441 2600 3510 ἔργον.
2632 3442 2742 3495 Καὶ
2768 3443 2934 3512 μυρία
2965 3441 3040 3504 ἄν
3057 3425 3141 3506 τίς
3164 3441 3494 3512 βουλόμενος
3525 3439 3762 3508 συλλέγειν

512 3525 582 3579 εκ
619 3543 680 3578 τε
721 3526 949 3580 τούτου²
976 3525 1071 3580 τοῦ
1111 3525 1259 3581 θείου
1294 3526 1488 3598 ἀνδρὸς
1532 3527 1628 3580 xui
1653 3526 1718 3580 ὲκ
1760 3528 1871 3581 τῶν
1902 3527 2108 3582 λοιπῶν
2131 3529 2289 3599 ἡμῶν
2322 3532 2585 3603 Πατέρων
2609 3533 2711 3586 οὐκ
2735 3533 2800 3586 ἂν
2825 3535 3078 3605 ἀπορήσῃ
3099 3531 3150 3566 ³·
3179 3531 3308 3605 [812
3329 3531 3426 3606 R.]
3475 3534 3529 3587 οἴ
3576 3550 3630 3585 τε
3678 3532 3762 3602 γὰρ

513 3617 812 3688 Γρηγὸριοι
841 3619 937 3673 xui
974 3617 1298 3681 Ἀθανάσιος
1333 3615 1684 3689 ’Λμφιλόχιός
1708 3634 1766 3670 τε
1793 3618 1884 3672 xui
1917 3620 1946 3673 6
1971 3620 2358 3692 Χρυσόστομος
2411 3625 2506 3675 xui
2543 3623 2870 3694 Ἀμὸρόσιος
2896 3625 2992 3678 xui
3018 3627 3046 3679 6
3077 3624 3234 3688 ἄλλος
3299 3626 3411 3677 τῶν
3483 3625 3644 3692 ἁγίων
3691 3639 3762 3695 χο-

519 3715 612 3786 ρὸς
642 3716 710 3768 τὰ
738 3714 878 3768 αὐτὰ
918 3713 1340 3783 διακεκράγασι.
2915 3721 2918 3726 ·

591 3807 886 3878 Postquam
925 3821 1058 3861 vero
1106 3814 1507 3875 proposuerunt
1539 3805 1630 3875 qui
1685 3815 2005 3876 repugnant,
2047 3813 2107 3860 ut

2304 3807 2458 3860 Ἐπεὶ
2479 3807 2536 3860 δὲ
2567 3810 2889 3878 προέτειναν
2917 3808 2967 3860 oi
3004 3807 3070 3861 δι’
3109 3808 3355 3872 ἐναντίας
3387 3809 3466 3872 ὡς
3507 3807 3761 3880 Γρηγόριος

516 3902 819 3974 Gregorius
850 3899 1337 3966 Ncocmsariensis,
1372 3897 1729 3966 Athanasius,
1770 3900 1964 3964 Julius,
1999 3899 2097 3969 Cy-

2211 3902 2240 3954 6
2296 3899 2732 3972 Νεοκαισαρείας
2765 3899 2859 3952 xui
2909 3899 3229 3970 ‘AOuvdtgto;
3291 3901 3386 3955 xui
3444 3901 3650 3964 Ἰούλιος
3689 3899 3761 3953 καὶ

515 3995 693 4060 rillus,
735 3993 1086 4057 Erechthius,
1127 4006 1290 4046 uuam
1341 3991 1438 4048 Dei
1474 4003 1722 4047 naturam
1765 3995 2096 4049 iucarnatam

2213 3989 2482 4061 Κύριλλος
2528 3992 2620 4044 xui
2661 3990 2939 4064 Ἐρέχθιος
2979 3992 3110 4062 μίαν
3144 3992 3307 4062 φύσιν
3337 3993 3433 4047 τοῦ
3465 3991 3595 4046 Θεοῦ
3617 3993 3759 4059 Λόγου

516 4085 781 4139 sentiuut.
817 4083 977 4136 Clare
1015 4083 1162 4136 enim
1187 4083 1335 4137 vocis
1367 4097 1583 4138 sensum
1619 4086 1856 4154 explicat
1883 4086 2094 4150 dicens,

2211 4083 2497 4148 δοξάζουσι
2531 4084 2964 4157 σεσαρκωμένην
2987 4128 3004 4153 ,
3046 4085 3303 4155 διασάφει
3339 4087 3442 4156 μὲν
3468 4085 3568 4156 τῆς
3610 4083 3759 4154 φωνῆς

518 4185 576 4228 ut
599 4175 715 4245 ipsa
766 4173 1128 4229 diﬁcrentiam
1188 4175 1457 4230 unitarum
1490 4186 1810 4231 naturarum
1855 4177 2099 4233 edoceat.

2207 4177 2307 4248 τὴν
2330 4177 2606 4243 διάνοιαν,
2633 4178 2808 4246 λέγων
2851 4179 2926 4241 ὡς
2967 4178 3062 4232 xui.
3101 4177 3241 4250 αὕτη
3287 4178 3350 4232 τὸ
3393 4179 3640 4250 διάφορον
3673 4175 3759 4228 τῶν

517 4263 630 4319 Nisi
665 4265 806 4318 enim
843 4265 1080 4318 humana
1113 4275 1305 4320 natura
1352 4277 1406 4321 et
1462 4267 1644 4322 divina
1685 4269 1961 4334 dilIeraut,
2017 4273 2098 4325 vel

2209 4269 2524 4323 ἑνωθέντων
2553 4270 2862 4324 ἐκδιδάσκει
2887 4269 3124 4338 φύσεων.
3152 4269 3216 4323 Εἰ
3246 4270 3356 4342 γὰρ
3395 4269 3472 4343 μὴ
3514 4271 3543 4341 ἡ
3579 4267 3757 4338 ἀνθρω-

516 4361 955 4418 omniuo‘carnis
986 4361 1038 4416 in
1082 4361 1380 4422 divinitatis
1429 4367 1723 4423 essentiam
1775 4367 2097 4437 invertatur,

2212 4360 2343 4431 πίνη
2376 4360 2539 4430 φύσις
2578 4364 2672 4417 xui
2716 4364 2752 4435 ἡ
2795 4362 2917 4418 θεία
2958 4362 3248 4434 διάφορος,
3293 4363 3514 4428 πάντως
3542 4361 3662 4433 γεῆ
3705 4358 3757 4412 τὰ

517 4454 603 4510 vel
635 4455 687 4509 iu
721 4469 944 4510 carnem
979 4455 1260 4523 divinitas,
1289 4468 1346 4513 et
1376 4459 1454 4514 sic
1504 4475 1609 4514 una
1643 4443 1738 4516 iiat
1771 4474 1787 4515 :
1836 4463 1981 4532 quod
2019 4473 2098 4518 est

2208 4454 2310 4524 τῆς
2331 4451 2353 4483 ⁵
2386 4453 2590 4524 σαρκὸς
2620 4454 2702 4519 εἰς
2728 4453 2828 4526 τὴν
2853 4457 2953 4528 τῆς
2983 4455 3236 4526 θεότητος
3267 4455 3456 4510 οὐσίαν
3482 4453 3704 4525 ἐτράπη.
3728 4449 3753 4521 ἦ

517 4545 842 4614 Apollinarii
900 4554 956 4600 et
1013 4545 1272 4601 similium
1344 4550 1724 4605 haereticorum
1788 4551 1948 4621 impia
1984 4553 2098 4608 blao

2207 4545 2290 4608 εἰς
2310 4543 2409 4616 τὴν
2432 4545 2533 4615 τῆς
2563 4545 2770 4617 σαρκὸς
2796 4547 2828 4618 ή
2855 4545 3049 4618 θεότης
3071 4585 3087 4612 ,
3118 4545 3217 4600 xui.
3257 4544 3401 4601 οὕτω
3431 4547 3614 4616 γέγονε
3641 4542 3753 4614 μία·

518 4638 785 4707 sphemia.
828 4637 894 4691 Et
917 4636 1152 4710 Cyrillus
1186 4639 1241 4694 in
1272 4643 1506 4696 secunda
1535 4641 1602 4695 ad
1635 4640 1964 4698 Succensum
1999 4645 2099 4715 θρῖα

2175 4638 2346 4708 ιδπερ
2399 4637 2785 4708 Ἀπολιναρίου
2827 4638 2923 4692 xui
2971 4637 3083 4692 τῶν
3129 4638 3463 4709 ὁμοστοίχων
3495 4632 3756 4708 αἱρετικῶν

519 4729 680 4795 stola,
714 4738 928 4784 naturae
955 4728 1342 4798 diﬂ'erentiam,
1367 4742 1420 4786 et
1448 4749 1544 4803 per
1578 4735 1717 4790 hanc
1750 4751 1933 4791 vocem
1973 4737 2100 4792 inli-

2202 4729 2363 4784 ἄοεον
2391 4731 2664 4802 φρόνημα.
2700 4731 2759 4783 '0
2785 4730 2971 4800 μέντοι
2995 4747 3058 4800 γε
3085 4729 3354 4804 Κύριλλος
3385 4733 3443 4786 ὲν
3464 4732 3530 4802 τῇ
3559 4725 3751 4796 δευτέρᾳ

518 4819 653 4874 ciari
685 4819 1054 4887 manifestum,
1083 4838 1206 4877 cum
1242 4823 1373 4878 dicit
1411 4841 1574 4879 unam
1616 4827 1708 4881 Dei
1741 4825 1896 4882 Verbi
1944 4837 2099 4884 natu-

2202 4822 2340 4894 πρὸς
2375 4821 2676 4875 Σούκενσον
2706 4821 2965 4893 ἐπιστολῇ
3009 4821 3071 4875 τὸ
3107 4821 3365 4892 διάφορον
3411 4821 3519 4876 τῶν
3566 4817 3750 4890 φύσεων

521 4924 637 4964 ram
662 4909 1019 4976 iucaruatam,
1048 4912 1247 4968 attulit.
1281 4913 1343 4969 Si
1375 4932 1508 4982 vero,
1540 4927 1596 4972 ut
1621 4917 1752 4984 dixi,
1777 4919 2098 4975 incarnatioo

2203 4916 2300 4970 xui
2346 4914 2434 4970 διὰ
2459 4913 2667 4986 ταύτης
2701 4914 2800 4986 τῆς
2842 4915 3027 4986 φωνῆς
3075 4914 3524 4986 ἀνομολογεῖσθαι
3568 4908 3749 4984 δηλῶν,

520 5017 584 5053 ne
619 5001 768 5052 ilium
802 5003 995 5069 dicere,
1025 5004 1173 5057 clara
1212 5017 1285 5058 est
1312 5022 1411 5059 non
1435 5007 1594 5061 dubia
1625 5009 1782 5078 hujus
1814 5011 2096 5081 confessio,

2209 5006 2348 5079 μετὰ
2388 5007 2450 5060 τὸ
2502 5007 2678 5060 εἰπεῖν
2725 5005 2889 5060 αὐτὸν
2947 5007 3078 5077 μίαν
3111 5003 3274 5074 φύσιν
3301 5003 3396 5059 τοῦ
3425 5001 3558 5058 Θεοῦ
3602 4999 3747 5065 Λόγου

520 5091 722 5158 factum
748 5107 859 5144 esse
887 5093 1170 5159 hominem,
1196 5095 1328 5148 nihil
1366 5106 1503 5152 vetat
1533 5101 1745 5164 sentire,
1793 5105 1934 5171 quod
1962 5117 2100 5157 unus

2207 5098 2640 5168 σεσαρκωμένην
2660 5138 2674 5161 ,
2705 5099 3011 5169 ἐπήνεγκεν
3031 5116 3048 5131 ·
3074 5097 3143 5150 Ei
3167 5095 3236 5150 δὲ
3259 5137 3274 5163 ,
3307 5096 3383 5160 ὡς
3407 5095 3570 5166 ἔφην,
3604 5091 3666 5145 ἐν
3686 5082 3747 5148 τῷ

519 5182 797 5248 exsistens,
822 5191 872 5236 et
907 5185 1094 5239 unicus
1128 5183 1174 5237 F
1180 5187 1302 5240 ilius
1333 5186 1596 5254 Christus,
1630 5193 1720 5259 qui
1770 5193 1908 5246 idem
1955 5193 2098 5249 Deus

2205 5189 2634 5256 σεσαρκῶσθαι
2673 5190 2877 5258 λέγειν
2917 5190 3104 5243 αὑτὸν
3135 5189 3339 5257 σαφής
3369 5189 3498 5242 ἐστι
3531 5183 3622 5239 καί
3666 5179 3747 5234 ἀν·

520 5287 569 5329 et
607 5276 761 5329 homo
788 5288 890 5341 est,
917 5287 974 5331 ut
998 5281 1052 5334 in
1084 5281 1361 5335 divinitate
1399 5283 1679 5352 perfectus,
1716 5288 1793 5339 sic
1815 5297 1862 5339 et
1893 5289 1948 5340 in
1993 5289 2095 5340 hu-

2204 5285 2538 5352 αμφίλοτος
2555 5285 2880 5353 ἦόμολοτία
2892 5284 3019 5348 τοῦ,
3035 5284 3125 5338 ὅτι
3145 5287 3165 5316 ⁸
3187 5285 3434 5354 γέγονεν
3453 5283 3743 5349 ἅνθρωπος.

520 5381 678 5422 mana
707 5370 1026 5425 conditione.
1056 5370 1198 5428 Ecce
1229 5377 1509 5443 perspicue
1539 5377 1797 5442 declarat,
1831 5383 2101 5447 quomodo

2204 5377 2406 5433 οὐδέν.
2428 5377 2558 5432 Ἔτι
2587 5381 2816 5433 κωλύει
2857 5379 3022 5434 νοεῖν
3043 5380 3126 5445 ὡς
3145 5376 3234 5446 εἷς
3251 5379 3536 5449 ὑπάρχων
3555 5375 3646 5428 καί
3659 5367 3743 5440 μό-

521 5460 591 5513 ab
622 5473 688 5513 eo
722 5461 922 5516 dictum
955 5466 1258 5519 consentiat
1301 5480 1425 5520 cum
1475 5466 1726 5542 Patribus
1775 5470 1902 5525 illud
1929 5489 1947 5525 :
1983 5471 2100 5526 Una

2208 5483 2315 5531 νος
2343 5469 2528 5535 Tiber}
2551 5471 2572 5547 ξ
2592 5457 2854 5538 Χριστθς
2867 5467 2900 5524 ὁ
2919 5472 3104 5537 αὑτός
3137 5471 3282 5537 Θεός
3303 5470 3431 5524 ἐστι
3447 5464 3743 5529 καὶᾶνθρω-

633 5569 650 5608 ί
695 5571 828 5628 Luc.
861 5589 926 5642 tt,
957 5573 1043 5628 55.

990 5573 1043 5628 5.
2569 5579 2571 5582 .

1833 5648 2069 5704 VARUE
2111 5649 2519 5706 LECTIONES.

526 5734 1104 5868 xp’fgfifftqfdd-Ao
1183 5738 1500 5810 ³ἀπορήσει
1538 5762 1594 5807 ς·-
1674 5746 1695 5786 κ
1733 5747 1826 5814 τῆς
1869 5747 2022 5803 libris
2069 5749 2242 5804 deest.
2347 5746 2859 5817 σάναμφισολοςς.
2934 5747 3062 5801 ’ὅτι
3129 5745 3397 5801 ιῑιπῑδτε.
3492 5743 3510 5774 τ
3565 5738 3592 5792 ὁ
3638 5741 3738 5788 ante
