4004 6464
237 403 361 470 1001

1316 405 1843 466 BIBLIOTHECA.
1877 432 1948 444 -
1987 409 2147 469 COD.
2191 410 2496 469 CCXXIX.

3352 415 3485 478 1002

234 535 373 584 πος,
423 516 625 584 ὥσπερ
679 516 748 570 ἐν
798 517 1026 583 θεότητι
1075 515 1337 579 τέλειος,
1367 515 1523 568 οὕτω
1574 516 1673 569 καὶ
1729 516 1799 568 ἐν

1920 516 2317 571 Verbi'naturn
2378 518 2675 571 incuruata.
2744 518 3068 573 Naturarum
3134 522 3486 580 differentiam

234 609 648 679 ἂνθρωπότητι.
696 607 828 661 Ἰδοὺ
865 608 1114 678 φανερῶς
1149 608 1350 672 ἔδειξεν
1391 609 1538 671 ὅπως
1585 608 1799 678 εἴρηται

233 698 371 769 αὑτῷ
390 714 449 749 τε
469 698 559 750 καὶ
586 698 699 761 τοῖς
727 697 907 761 ἄλλοις
943 698 1098 768 ἡμῶν
1124 699 1373 766 Πατράσι
1395 699 1477 763 τὸ,
1503 700 1616 752 Μία
1640 699 1803 767 φύσις

233 788 320 841 τοῦ
352 787 521 855 Λόγου
558 786 973 856 σεσαρκωμένη.
1005 789 1117 856 Τὴν
1154 786 1256 855 μὲν
1281 787 1387 839 τῶν
1428 788 1649 856 φύσεων
1687 788 1800 841 δια-

234 880 393 950 φορὰν
424 876 696 946 σαφῶςθὴ
726 878 877 948 φωνὴ
907 877 1147 930 διδάσκει
1172 919 1187 942 ,
1223 879 1465 948 παριστᾷ
1487 878 1543 930 δὲ
1575 880 1672 931 καὶ
1701 878 1797 948 τὴν

232 972 397 1043 ἄκραν
421 970 518 1023 καὶ⁵
557 967 930 1027 ἀδιάσπαστον
973 969 1167 1022 ἕνωσιν
1198 968 1293 1022 τοῦ
1338 970 1473 1022 Θεοῦ
1502 971 1675 1037 Λόγου
1712 972 1804 1023 καὶ

233 1061 325 1130 τῆς
358 1061 558 1132 σαρκὸς
585 1100 599 1126 ,
638 1061 733 1113 καὶ
777 1059 852 1122 ὡς
896 1056 976 1123 εἷς
1019 1061 1254 1131 ὑπάρχει
1293 1062 1388 1116 καὶ
1424 1062 1583 1131 μόνος
1619 1062 1742 1124 Υἱὸς
1776 1064 1803 1114 6

231 1152 495 1223 Χριστδς⁹
533 1152 982 1222 σεσαρκωμένος,
1030 1154 1123 1206 καὶ
1170 1154 1230 1205 οὑ
1281 1153 1376 1207 δύο
1418 1155 1524 1207 υἱοὶ
1550 1195 1565 1220 ,
1602 1155 1677 1219 ὡς
1702 1156 1808 1208 Νε-

232 1244 434 1313 στόριος
460 1242 761 1312 ὲδυσφήμει
778 1284 791 1306 ,
814 1244 948 1296 καθὸ
973 1246 1067 1298 καὶ
1088 1246 1229 1315 αὑτὴ
1253 1244 1631 1316 προϐέϐληται
1655 1249 1807 1317 αὑτῷ

230 1335 261 1402 ἡ
294 1335 438 1402 φωνή
471 1350 484 1361 ·
511 1332 564 1385 τί
590 1334 700 1404 γὰρ
727 1334 792 1387 ἂν
818 1334 945 1387 ἄλλο
969 1336 1064 1387 καὶ
1096 1340 1331 1406 σημανεῖ
1347 1337 1388 1368 ²⁰
1414 1338 1503 1401 τὸ,
1537 1337 1599 1391 '0
1627 1340 1809 1404 αὑτός

231 1425 356 1478 ἐστι
389 1424 531 1490 θεὸς
568 1425 667 1479 καὶ
693 1426 1007 1494 ἅνθρωπος
1029 1468 1042 1493 ,
1081 1428 1114 1497 ἢ
1169 1428 1262 1481 δύο
1307 1429 1497 1498 φύσεις
1524 1431 1808 1500 ἡνωμένας

232 1519 287 1571 ὲν
310 1516 603 1570 ὑποστάσει
638 1517 770 1587 μιᾷ;
804 1516 1012 1587 Ὠσπερ
1034 1519 1127 1573 καὶ
1154 1520 1182 1571 ὁ
1210 1519 1474 1588 Θεολόγος
1511 1521 1812 1591 Γρηγόριος

233 1607 430 1669 εἰπὼν,
460 1609 577 1661 Δύο
623 1607 842 1677 φύσεις
892 1609 1037 1673 Θεὸς
1087 1608 1189 1663 καὶ
1239 1610 1587 1678 ἄνθρωπος,
1637 1612 1811 1682 ἑρμη-

233 1699 396 1752 νεύων
428 1698 617 1751 ἑαυτὸν
645 1693 798 1751 εἴπεν
819 1739 834 1763 ,
876 1699 1059 1753 Ὥστε
1094 1701 1127 1753 ό
1171 1699 1366 1770 λέγων
1414 1701 1522 1755 τὸν
1557 1701 1813 1770 Χριστὸν

234 1792 379 1846 Θεὸν
402 1792 442 1822 ²⁴
469 1791 565 1843 καὶ
590 1790 909 1859 ἄνθρωπον
940 1791 1049 1843 δύο
1077 1792 1293 1860 φύσεις
1320 1792 1648 1857 ἑνωθείσας
1684 1792 1813 1845 καθ’

1909 610 2021 663 lucc
2051 623 2150 661 vox
2180 608 2409 663 dilucide
2434 609 2690 667 ostendit.
2717 620 2769 663 ct
2794 626 3059 664 summam
3087 622 3141 666 et
3177 614 3487 668 continuam

1908 700 2163 753 unionem
2186 699 2278 755 Dei
2315 697 2472 753 Verbi
2512 708 2568 754 et
2598 701 2779 753 carnis
2830 702 3090 765 declarat,
3135 713 3300 770 utque
3351 720 3490 758 unus

1907 788 2306 845 cxsistatJesus
2323 790 2571 847 Christus
2594 792 2924 858 incarnatus,
2949 803 3001 846 et
3029 810 3134 847 non
3162 794 3266 847 (itit)
3297 794 3411 857 lilii.
3435 810 3492 850 ut

1908 880 2135 935 Nestorii
2169 896 2329 948 prava
2358 891 2473 936 erat
2506 883 2709 949 opinio,
2746 885 3037 937 secundum
3079 886 3219 953 quod
3274 898 3329 939 et
3378 887 3493 941 haec

1908 975 1976 1027 ab
2008 990 2071 1027 eo
2099 990 2197 1027 vox
2227 973 2464 1040 profecta
2509 985 2611 1027 cst.
2655 976 2795 1038 Quid
2837 977 2980 1028 enim
3013 975 3153 1028 aliud
3194 979 3292 1031 hoe
3325 978 3489 1046 signi-

1910 1067 2040 1118 ticat
2072 1081 2083 1117 :
2120 1063 2317 1135 259a
2349 1063 2498 1118 Idem
2530 1076 2603 1117 est
2659 1064 2799 1119 Deus
2846 1075 2893 1117 et
2938 1064 3113 1125 homo,
3146 1082 3305 1134 qitam
3355 1069 3489 1123 duas

1913 1166 2134 1210 naturas
2175 1156 2354 1209 unitas
2398 1157 2449 1209 in
2482 1171 2584 1208 una
2632 1155 2931 1226 hypostasi,
2988 1167 3044 1208 ut
3092 1168 3145 1209 et
3198 1157 3491 1226 Gregorius

1911 1246 2216 1317 Theologus
2248 1248 2433 1301 dicens
2473 1265 2486 1300 :
2527 1246 2675 1300 Duas
2725 1258 2967 1311 naturas,
3033 1246 3195 1301 Deum
3227 1260 3271 1300 et
3320 1249 3491 1302 homi-

1912 1353 2055 1398 nem,
2095 1336 2488 1403 interpretatus
2518 1337 2755 1401 scipsum
2787 1336 2939 1401 dicit,
2994 1339 3135 1407 quod
3168 1338 3257 1405 qui
3292 1340 3485 1392 usserit

1913 1426 2177 1481 Christum
2232 1425 2397 1479 Deum
2429 1435 2475 1478 et
2517 1426 2795 1491 hominem,
2857 1431 2990 1479 duas
3042 1438 3260 1481 natura:
3316 1431 3491 1482 unitas

1913 1518 2254 1586 personaliter
2278 1517 2606 1585 proﬁteatur.
2650 1516 2717 1570 Et
2744 1528 2968 1572 sanctus
2997 1517 3229 1589 Cyrillus
3256 1521 3488 1576 addens:

1934 1608 2373 1674 )uemadmodum
2401 1608 2456 1659 in
2487 1607 2764 1661 divinitate
2789 1608 3099 1676 perfectum,
3129 1610 3203 1663 sic
3230 1620 3277 1663 et
3310 1612 3363 1664 in
3396 1613 3492 1665 Im-

1915 1698 2190 1762 mauitate,
2251 1697 2303 1751 in
2357 1696 2565 1751 duabus
2623 1697 2831 1750 naturis
2892 1698 3143 1768 cognosci
3206 1700 3492 1755 Dominum

1916 1788 2174 1842 ostendit.
2221 1786 2400 1854 Quare
2452 1786 2633 1843 dicere
2680 1787 2851 1855 ipsum
2902 1803 3063 1840 unam
3120 1798 3368 1842 naturam
3408 1790 3493 1843 in-

230 1885 571 1938 ὑπόστασιν
600 1882 905 1951 ὁμολογεῖ.
938 1882 1050 1935 Καὶ
1076 1884 1104 1935 6
1142 1883 1287 1953 ἱερὸς
1320 1882 1376 1935 δὲ
1413 1881 1540 1953 [426
1571 1882 1664 1956 H.]
1693 1882 1806 1935 Κύ-

1920 1888 2219 1944 carnatam,
2279 1894 2383 1933 non
2440 1878 2491 1931 in
2538 1878 2809 1931 ablatione.
2850 1879 3175 1947 cognitionis
3222 1880 3492 1934 unitorum

235 1976 407 2045 ριλλος
456 1973 782 2041 ἐπαγαγὼν,
836 1974 1068 2044 Ὥσπερ
1117 1975 1187 2028 ἐν
1245 1975 1479 2042 θεότητι
1537 1973 1766 2041 τέλειος
1794 2017 1807 2035 ._

231 2067 380 2121 οὕτω
408 2066 505 2120 καί
531 2066 601 2119 ἐν
622 2064 1030 2134 ἁνθρωπότητι
1049 2107 1061 2128 ,
1089 2068 1148 2119 τὸ
1171 2068 1228 2120 ἐν
1255 2066 1349 2120 δύο
1380 2066 1573 2135 φύσεσι
1604 2067 1809 2137 γνωρί-

233 2157 415 2222 ζεσθαι
447 2157 538 2209 τὸν
570 2155 774 2226 Κύριον
805 2156 1113 2210 ἐκδιδάσκει
1135 2198 1148 2221 ,
1175 2157 1317 2210 ὥστε
1356 2158 1415 2209 τὸ
1441 2157 1619 2224 λέγειν
1650 2156 1812 2211 αὑτὸν

234 2246 363 2319 μίαν
390 2248 550 2315 φύσιν
574 2246 667 2300 τοῦ
698 2247 875 2315 Λόγου
921 2248 1353 2317 σεσαρκωμὲνην
1387 2249 1486 2301 οὑκ
1533 2250 1621 2300 ἐπ’
1653 2249 1809 2301 ἀναι-

236 2338 378 2408 ρέσει
425 2338 520 2391 τοῦ
554 2338 917 2410 γνωρίζεσθαι
948 2338 1017 2390 τὰ
1051 2340 1321 2392 ἐνωθέντα
1365 2339 1492 2393 καθ’
1515 2340 1811 2393 ὑπόστασιν

231 2430 474 2501 εἴρηται,
496 2430 613 2483 ἀλλ’
641 2433 722 2493 εἰς
747 2431 1094 2498 παράστασιν
1128 2431 1223 2483 τοῦ
1254 2431 1578 2502 ἀδιαιρέτως
1608 2431 1817 2502 ἄνθρω-

231 2539 334 2576 πον
368 2522 624 2590 γενέσθαι
650 2521 741 2575 τὸν
768 2521 901 2575 Θεὸν
925 2522 1098 2589 Λόγον
1156 2524 1249 2575 καὶ
1291 2524 1392 2577 οὑκ
1430 2525 1487 2577 ὲν
1541 2524 1817 2595 ἀνθρώπῳ

229 2615 308 2677 ὡς
348 2614 484 2667 ὲν¹ι¹²
519 2614 631 2667 τῶν
680 2612 978 2685 προφητῶν
1034 2616 1441 2685 κατῳκηκέναι.
1498 2615 1606 2667 Καὶ
1649 2615 1819 2670 πολλά

229 2705 376 2768 τις¹³
415 2704 551 2758 ἄλλα
594 2706 651 2756 ἐν
674 2708 738 2775 τῇ
766 2704 903 2775 αὑτῇ
934 2702 1087 2772 εὕροι
1119 2705 1408 2775 ἐπιστολῇ,
1433 2705 1498 2759 δι’
1527 2699 1601 2759 ὧν
1631 2706 1664 2777 ἡ
1688 2710 1817 2776 ὁμο-

230 2794 387 2863 λογὶα
414 2794 512 2864 μὲν
536 2792 647 2845 τῶν
667 2793 761 2846 δύο
791 2793 1006 2863 φύσεων
1041 2794 1132 2846 ἐπὶ
1160 2794 1254 2847 τοῦ
1290 2795 1533 2866 Χριστοῦ
1569 2796 1821 2866 βεϐαιοῦ-

229 2902 357 2953 ται,
397 2884 558 2955 μόνον
585 2883 643 2936 δὲ
671 2883 732 2937 τὸ
758 2884 863 2937 ἀνὰ
900 2884 1065 2955 μέρος
1087 2885 1293 2938 τιθέναι
1322 2886 1422 2950 τὰς
1454 2885 1646 2955 φύσεις
1669 2888 1819 2957 αἱρε-

229 2976 389 3029 τικοῦ
441 2977 791 3047 φρονήματος
820 2974 1204 3046 ἀπελέγχεται.
1266 2975 1339 3028 Τὸ
1384 2976 1442 3029 δὲ
1496 2977 1626 3046 μίαν
1660 2977 1820 3046 φύσιν

232 3066 328 3121 τοῦ
357 3066 534 3135 Λόγου
570 3069 1005 3137 σεσαρκωμένην
1045 3068 1188 3120 κατὰ
1216 3067 1516 3140 Νεστορίου
1565 3070 1823 3140 προάγων

230 3160 296 3212 οὐ
335 3159 445 3212 τῶν
485 3159 702 3227 φύσεων
749 3158 850 3228 τὴν
907 3158 1169 3229 διαφορὰν
1235 3150 1484 3228 ἁνᾶιρεῖ,
1536 3159 1675 3214 ἀλλὰ
1721 3162 1821 3229 τὴν

230 3250 403 3304 δυάδα
445 3250 554 3303 τῶν
625 3249 976 3302 ὑποστάσεων
1031 3248 1328 3318 φανεροῖ¹⁴⁵.
1380 3249 1673 3319 Νεπόριος
1711 3252 1820 3318 γὰρ

229 3342 296 3395 οὐ
319 3341 409 3394 διὰ
448 3341 509 3393 τὸ
556 3340 846 3410 γνωρίζειν
869 3343 967 3402 τὰς
1005 3341 1099 3393 δύο
1132 3342 1322 3408 φύσεις
1347 3343 1389 3373 ³⁸
1429 3343 1521 3394 ἐπὶ
1547 3342 1783 3411 Χριστοῦ
1804 3385 1815 3407 ,

229 3432 374 3487 ἀλλὰ
400 3431 489 3485 διὰ
508 3432 551 3463 ¹⁶
573 3431 635 3483 τὸ
658 3430 886 3501 διαιρεῖν
925 3431 1017 3483 τὸν
1046 3431 1352 3501 ἀδιαίρετον
1380 3434 1460 3496 εἰς
1494 3433 1820 3496 ὑποστάσεις

228 3523 331 3578 δύο
353 3523 451 3591 τῆς
486 3522 814 3593 Ἑκκλησίας
841 3523 1277 3591 ἐξωστράκισται
1303 3541 1317 3555 ·
1354 3524 1495 3578 ὥστε
1530 3528 1561 3596 ἡ
1589 3528 1687 3595 μία
1718 3530 1818 3595 φύ-

233 3630 323 3676 σις
356 3612 451 3666 τοῦ
495 3612 672 3680 Λόγου
717 3613 1114 3681 σεσαρκωμένη
1142 3611 1235 3666 τὸν
1267 3613 1567 3683 Νεστόριον
1610 3615 1817 3681 διελέγ-

228 3720 409 3775 χουσα
428 3745 445 3770 ,
475 3704 631 3758 οὐδὲν
662 3704 848 3774 ἕτερον
876 3704 1026 3770 δηλοί
1051 3704 1083 3773 ἥ
1109 3704 1192 3756 ὅτι
1225 3704 1357 3771 μίαν
1390 3705 1687 3758 ὑπόστασιν
1714 3708 1818 3775 χρὴ

226 3796 331 3851 τοῦ
365 3795 503 3849 Θεοῦ
552 3796 728 3863 Λόγου
767 3794 1057 3865 κηρύττειν
1109 3796 1569 3866 σεσαρκωμένην,
1604 3798 1740 3868 ὅπερ
1778 3798 1818 3830 ³⁷

229 3888 498 3959 φρόνημα
545 3887 645 3956 τῆς
696 3887 977 3949 εὐσεϐείας
1009 3888 1126 3940 ἐστὶ
1173 3889 1267 3940 καὶ
1311 3890 1344 3958 ἡ
1404 3890 1463 3941 ὲν
1510 3890 1819 3961 Καλχηδόνι

229 3979 458 4041 σύνοδος
486 3976 861 4048 ἐδογμάτισεν.
908 3979 1094 4031 Εἰπὼν
1127 3977 1310 4047 μέντοι
1350 3995 1412 4047 γε
1457 3981 1486 4033 6
1520 3981 1818 4047 πολύαθλος

242 4071 569 4134 ’Δθανάσιος
588 4070 748 4139 φύσιν
776 4069 905 4139 μίαν
923 4070 1019 4121 τοῦ
1038 4070 1177 4123 Θεοῦ
1199 4072 1372 4139 Λόγου
1395 4074 1819 4144 σεσαρκωμένην

226 4164 341 4217 οὐκ
373 4162 453 4225 εἰς
480 4161 760 4232 ἀναίρεσιν
788 4160 891 4232 ἔφη
917 4161 1011 4214 τοῦ
1043 4160 1409 4231 γνωρίζεσθαι
1434 4164 1533 4232 τὴν
1553 4166 1819 4235 διαφορὰν

224 4255 349 4312 τῶν
382 4253 599 4321 φύσεων
622 4292 639 4318 ,
672 4254 728 4306 αἳ
755 4253 856 4324 τὴν
896 4251 1021 4305 καθ’
1051 4252 1355 4306 ὑπόστασιν.
1379 4253 1651 4324 ἐπλήρουν
1681 4256 1811 4307 ἓνω·

226 4364 349 4412 σιν,
382 4344 521 4398 ἀλλὰ
550 4344 646 4399 καὶ
669 4343 830 4405 αὐτὸς
850 4343 1020 4407 δεῖξαι
1045 4342 1371 4412 βουλόμενος
1396 4343 1526 4415 [815
1550 4346 1644 4418 IL]
1685 4346 1759 4409 ὡς
1776 4347 1817 4377 1⁸

222 4434 381 4502 εἶς-⁸³
419 4438 566 4490 ἐστιν
595 4436 687 4489 ὁ⁸⁶
721 4435 849 4499 Tibi;
888 4436 1310 4507 σεσαρκωμένος
1339 4438 1433 4491 καὶ
1463 4438 1816 4510 ἐνανθρωπή-

1915 1972 2207 2022 secundum
2237 1982 2526 2037 personam
2579 1968 2781 2019 dictum
2839 1978 2944 2027 est,
2991 1968 3085 2021 sed
3137 1978 3193 2020 ut
3237 1983 3498 2039 appareat

1918 2057 2317 2112 indivisibiliter
2344 2057 2617 2111 hominem
2650 2057 2763 2110 lieri
2807 2057 2897 2111 Dei
2934 2056 3190 2124 Verbum,
3222 2067 3277 2113 et
3310 2074 3412 2114 non
3442 2060 3497 2112 in

1918 2147 2155 2211 homine,
2185 2156 2244 2201 ut.
2285 2147 2336 2200 in
2361 2161 2468 2200 uno
2511 2146 2899 2216 prOphetarum
2932 2148 3223 2204 habitasse.
3258 2149 3325 2203 Et
3350 2151 3500 2203 simi-

1920 2240 1987 2293 lia
2019 2240 2072 2293 in
2097 2242 2198 2294 hac
2227 2241 2350 2309 quis
2374 2241 2608 2306 reperiat
2639 2240 2889 2306 epistola,
2917 2240 3115 2309 quibus
3144 2242 3261 2296 dum
3286 2252 3499 2295 naturm

1919 2328 2120 2384 Christi
2156 2329 2570 2384 conﬁrmantur.
2609 2328 2799 2383 Solum
2851 2344 2981 2384 vero
3034 2331 3243 2385 divisim
3297 2347 3501 2402 ponere

1920 2435 2166 2487 naturas,
2203 2423 2515 2478 hazreticum
2546 2432 2650 2477 est.
2702 2421 2874 2476 Unam
2903 2438 3032 2477 vero
3064 2434 3310 2479 naturam
3341 2426 3499 2482 Verbi

1921 2518 2253 2572 incantatam
2294 2525 2482 2569 contra
2511 2515 2817 2568 Nestorium
2850 2514 3144 2580 adducens,
3197 2532 3306 2570 non
3364 2518 3502 2571 tollit

1921 2608 2240 2662 divisionem
2275 2616 2612 2669 naturarum,
2642 2609 2733 2659 sed
2769 2607 3078 2661 dualitatem
3116 2609 3501 2678 hypostaseon.

1923 2697 2209 2753 Nestorius
2238 2699 2380 2752 enim
2409 2712 2514 2750 non
2554 2700 2678 2766 quia
2707 2710 2999 2768 cognoscat
3034 2699 3170 2754 duas
3199 2701 3251 2754 in
3284 2702 3504 2756 Christo

1925 2800 2176 2853 naturas,
2203 2790 2294 2843 sed
2318 2788 2612 2843 dividendo
2643 2789 2969 2843 indivisibile
2997 2791 3050 2843 in
3083 2792 3215 2845 duas
3240 2809 3503 2861 personas

1925 2882 1993 2936 ab
2034 2881 2279 2936 Ecclesia
2311 2881 2616 2949 expellitur.
2653 2879 2833 2945 Quare
2862 2896 2965 2934 una
3005 2891 3194 2936 natura
3225 2885 3504 2938 incarnata

1924 2972 2237 3029 Nestorium
2276 2972 2699 3040 reprehendens,
2732 2970 2870 3024 nihil
2898 2970 3041 3025 aliud
3062 2974 3314 3036 os:cndit,
3340 2989 3505 3042 quam

1927 3080 2088 3117 unam
2142 3077 2427 3133 personant
2486 3060 2578 3115 Dei
2640 3062 2799 3117 Verbi
2861 3072 3113 3133 oportere
3168 3063 3506 3117 ineat-natam

1930 3151 2243 3217 prazdicare.
2288 3149 2417 3214 Quae
2441 3150 2709 3203 sententia
2744 3159 2828 3202 est
2858 3150 2978 3204 lidei
3003 3158 3202 3205 nostrae
3227 3156 3279 3204 et
3314 3156 3506 3220 synodi

1875 3242 2403 3297 ‘Chalcedoneusis.
2485 3240 2778 3294 Conl‘essor
2830 3242 2971 3300 enim
3030 3242 3363 3294 Athanasius
3435 3246 3510 3294 ait

1926 3350 2088 3388 unam
2130 3342 2335 3388 tantum
2378 3343 2624 3386 naturam
2678 3333 2767 3385 Dei
2808 3332 2963 3387 Verbi
3006 3334 3363 3397 incantatam,
3399 3351 3505 3387 non

1924 3424 1990 3478 ad
2026 3423 2319 3479 tollendam
2353 3433 2668 3477 naturarum
2701 3423 3084 3485 dilfcreutiam,
3118 3424 3214 3485 ait,
3251 3425 3503 3494 cognosci

1925 3525 2243 3569 naturarum
2276 3514 2592 3574 discrimen,
2640 3527 2761 3579 quae
2816 3512 3215 3581 hypostaticam
3281 3514 3508 3582 iltlp'Cnt

1924 3607 2199 3670 unionem,
2235 3604 2328 3659 sed
2364 3614 2420 3658 et
2457 3603 2570 3673 ipse
2611 3602 2796 3656 volens
2827 3602 3113 3657 ostendere
3169 3618 3334 3657 unum
3390 3618 3509 3658 esse

1922 3698 2114 3752 Filium
2144 3699 2508 3761 incarnatum,
2533 3706 2587 3749 et
2620 3709 2743 3750 cum
2779 3692 2947 3749 Paulo
2972 3695 3342 3751 Samosatensi
3368 3713 3509 3766 prav-

1920 3790 2077 3858 cipue
2108 3798 2333 3857 pugnat,
2360 3788 2451 3856 qui
2489 3786 2656 3840 alium
2687 3795 2810 3839 ante
2840 3786 3037 3841 sarcula
3090 3785 3309 3852 Filium,
3367 3790 3506 3842 alte.-

1925 3895 2041 3931 rmn
2073 3892 2204 3932 vero
2237 3886 2424 3945 postea
2462 3890 2672 3928 summa
2719 3875 2991 3929 dementia
3054 3877 3309 3931 asseruit.
3369 3879 3508 3933 Sau-

1925 3982 2010 4023 tus
2050 3983 2266 4041 quoque
2304 3967 2481 4022 Julius
2510 3969 2700 4023 eadem
2755 3968 3001 4035 graditur
3048 3968 3130 4020 via
3197 3980 3509 4040 pugnatque

1924 4065 2063 4116 idem
2114 4076 2235 4115 cum
2286 4062 2483 4116 eodem
2539 4060 2707 4115 Paulo
2759 4059 3133 4113 Samosatensi
3174 4070 3229 4113 et
3269 4060 3391 4113 aliis
3441 4063 3508 4115 dc

1924 4157 2023 4209 hac
2074 4168 2225 4207 voce.
2294 4151 2640 4217 Erechthius,
2696 4152 2743 4204 si
2792 4150 3010 4218 quidem
3061 4161 3117 4203 ut
3154 4151 3507 4213 Athanasius,

1921 4245 2173 4318 Cyrillus,
2197 4253 2253 4299 et
2278 4242 2474 4307 Julius,
2513 4245 2656 4297 hanc
2682 4257 2870 4298 vocem
2904 4244 3091 4307 sumit,
3117 4244 3218 4297 hoc
3248 4254 3510 4311 praestan-

1923 4340 2030 4392 tius
2066 4336 2229 4390 fuerit
2263 4353 2277 4389 :
2312 4336 2355 4388 si
2389 4349 2514 4389 vero
2546 4344 2746 4403 praeter
2778 4348 2965 4389 eorum
3006 4334 3340 4402 opiniOnem,
3377 4335 3509 4388 nihil

1922 4429 2320 4484 admirandum.
2343 4425 2481 4481 Eum
2511 4427 2654 4482 enim
2698 4427 2954 4498 Eutychis
3015 4427 3204 4479 mnrho
3252 4426 3507 4481 afﬂictum

225 4545 375 4592 σας,
437 4528 532 4580 καὶ
571 4527 809 4595 μάλιστα
859 4528 1000 4582 κατὰ
1047 4529 1260 4582 Παύλου
1308 4529 1404 4582 τοῦ
1445 4530 1814 4600 Σαμωσατέως

1930 4526 2079 4579 multi
2112 4524 2283 4579 sancti
2314 4522 2415 4575 viri
2468 4522 2962 4591 deprehenderunt,
3009 4519 3204 4589 2590
3259 4535 3420 4591 quem
3456 4533 3513 4577 ct

222 4619 669 4688 ἀγωνιζόμενος,
696 4618 753 4681 ὃς
783 4618 942 4674 ἄλλον
975 4619 1073 4688 μὲν
1105 4620 1197 4674 τὸν
1217 4622 1258 4653 ²¹
1285 4621 1391 4690 πρὸ
1419 4620 1632 4675 αἰώνων
1668 4622 1816 4683 Υίὸν,

222 4711 433 4779 ἕτερον
462 4709 520 4763 δὲ
552 4711 645 4763 τὸν
675 4710 762 4762 ἐπ’
796 4708 1041 4779 ἐσχάτων
1066 4710 1452 4779 φρενοϐλαϐὦς
1475 4713 1815 4782 ἐδογμάτιζε.

224 4802 348 4854 Καὶ
386 4801 415 4853 6
451 4803 508 4852 ὲν
542 4800 719 4867 ἁγίοις
740 4800 806 4851 δὲ
844 4799 1059 4860 Ἰούλιος
1112 4800 1202 4852 διὰ
1252 4800 1348 4870 τῆς
1384 4802 1557 4870 αὑτῆς
1611 4804 1819 4867 ἑννοίας

221 4890 438 4943 ὥδευε·
464 4890 606 4944 κατὰ
634 4889 848 4943 Παύλου
878 4890 988 4960 γὰρ
1009 4891 1105 4943 καὶ
1140 4890 1301 4955 αὑτὸς
1328 4891 1421 4945 τοῦ
1446 4893 1823 4962 Σαμωσατέως

222 4982 330 5035 καὶ
359 4980 473 5032 τῶν
504 4979 707 5049 ὁμοίων
749 4980 841 5032 διὰ
888 4979 993 5049 τῆς
1042 4980 1214 5049 αὐτῆς
1260 4982 1444 5051 φωνῆς
1472 4983 1820 5049 ἐξωπλίζετο.

235 5073 303 5126 Ὀ
332 5072 521 5142 μέντοι
566 5089 629 5140 γε
668 5071 941 5142 Ἐρὲχθιος
969 5074 1018 5124 εἰ
1058 5071 1159 5141 μὲν
1180 5072 1259 5134 ὡς
1301 5073 1616 5138 Ἀθανὰσιός
1647 5092 1707 5129 τε
1728 5080 1823 5129 καὶ

217 5162 514 5232 Κύριλλος
545 5165 639 5215 καὶ
681 5162 897 5223 Ἰούλιος
925 5162 1025 5231 τὴν
1050 5164 1235 5231 φωνὴν
1264 5163 1595 5233 ἐκλαμϐάνει
1629 5207 1643 5230 ,
1667 5166 1823 5220 τοῦτο

217 5253 301 5308 ἂν
330 5254 424 5322 εἴη
451 5254 699 5321 ἄμεινον,
734 5256 781 5307 εἰ
807 5253 865 5309 δὲ
893 5253 1046 5324 παρὰ
1070 5252 1167 5321 τὴν
1204 5254 1436 5311 ἐκείνων
1462 5256 1619 5320 δόξαν
1643 5299 1657 5319 ,
1687 5259 1819 5312 θαυ-

221 5344 455 5414 μαστὸν
481 5343 631 5395 οὐδέν
653 5359 664 5370 ·
692 5347 771 5406 εἰς
807 5346 852 5374 ’τ
884 5344 990 5411 γὰρ
1018 5342 1113 5413 τὴν
1152 5343 1423 5413 Εὑτυχοῦς
1453 5348 1605 5399 νόσον
1629 5349 1816 5402 πολλοὶ

349 5447 379 5483 8
417 5437 549 5492 Luc.
579 5453 618 5501 ι,
642 5436 731 5489 42.

1926 4618 2036 4684 ipse
2063 4614 2263 4681 prodit,
2297 4615 2377 4670 sic
2398 4612 2585 4668 dicens
2610 4629 2624 4663 :
2654 4611 2717 4666 Si
2734 4610 2941 4681 quidem
2964 4627 3028 4663 ea:
3051 4612 3282 4664 humano
3312 4614 3513 4665 semine

1925 4710 2165 4763 Christus
2196 4708 2315 4774 fuit,
2350 4706 2631 4759 concedam
2666 4703 2893 4769 fructum
2937 4717 3047 4755 esse
3100 4705 3387 4757 secundum
3423 4720 3514 4756 ra-

1930 4804 2095 4854 dicem
2145 4814 2163 4850 :
2203 4800 2247 4852 si
2282 4814 2400 4850 vero
2446 4815 2471 4848 e
2502 4807 2682 4849 sancto
2714 4794 2942 4860 Spiritu,
2984 4796 3267 4847 secundum
3292 4796 3515 4847 arrhan-

1929 4894 2029 4962 geli
2074 4890 2337 4945 Cabrielis
2400 4904 2569 4940 vocem
2634 4887 2775 4939 Deus
2831 4888 3037 4954 genitus
3101 4898 3210 4949 est,
3274 4887 3513 4956 quando-

1928 4984 2134 5049 quidem
2165 4998 2197 5034 a
2222 4980 2328 5034 Deo
2363 4987 2637 5048 generatus
2686 4980 2773 5032 sit.
2799 4978 2891 5031 Sic
2922 4978 3139 5048 quidem
3168 4978 3509 5043 Erechthius,

1930 5092 2089 5144 quem
2142 5072 2435 5126 verisimile
2479 5081 2562 5123 est
2606 5086 2708 5123 non
2746 5069 3077 5123 intellexisse
3129 5068 3293 5122 verba
3338 5068 3513 5122 Elisa-

1934 5170 2080 5231 bcth,
2110 5184 2229 5237 qua:
2278 5166 2456 5220 Mariae
2478 5166 2725 5234 Deiparae
2755 5164 3104 5226 benedicens,
3134 5163 3459 5216 exclamavit
3496 5180 3508 5213 :

1935 5262 2211 5316 Benedicta
2271 5272 2324 5310 tu
2354 5261 2410 5311 in
2460 5257 2801 5318 mulieribus,
2846 5267 2892 5310 et
2959 5256 3257 5309 benedictus
3310 5254 3513 5321 fructus

1922 5353 2111 5404 centris
2160 5350 2237 5400 tui
2279 5350 2324 5401 ε.
2362 5345 2464 5401 Sed
2517 5361 2690 5412 neque
2743 5348 2935 5401 Isaiam
2987 5344 3356 5400 intellexisse:
3396 5342 3517 5396 Erit

1616 5506 1849 5565 VAItlIE
1876 5510 2287 5566 LECTIONES.

307 5602 334 5633 ⁸
376 5596 585 5669 σαφῶς]
627 5597 810 5669 σαφῶς
844 5597 877 5665 ἡ
905 5594 1126 5669 φῶς-Λ.

222 5674 279 5706 ’ί
316 5664 845 5741 Χριάτὸνὶιαίθεδν
867 5664 952 5741 ς.-
988 5667 1049 5741 ’³⁸
1179 5667 1236 5741 εν
1268 5666 1430 5741 ενι-ς.

220 5734 488 5811 Χριστοῦ
509 5741 697 5810 φύσεις
725 5755 786 5811 ς.
857 5736 907 5811 Δ¹⁶
928 5734 1013 5787 διὰ
1031 5736 1152 5787 add.
1177 5737 1242 5788 A.

220 5806 359 5866 τῶν
404 5816 466 5865 Α.
522 5806 587 5842 ⁷²¹
615 5809 789 5870 είςΛι
824 5806 870 5858 εἰ
896 5822 955 5868 ς.

572 5881 843 5943 ΡΑΤιιοιη
885 5880 1000 5935 Gn.
1044 5876 1206 5936 Clll.

1222 5597 1242 5626 ⁸
1273 5596 1399 5673 )’ζὸς
1448 5598 1477 5648 ὁ
1511 5597 1771 5673 ’ᾕριστὸς
1830 5619 1944 5673 σεσ.
1993 5610 2035 5656 Λ
2079 5623 2093 5660 :
2146 5602 2353 5673 Ἰησοῦς
2416 5602 2649 5673 Χριστὸς
2691 5604 2719 5653 ὁ
2759 5618 2871 5653 σεσ-
2928 5618 2987 5664 ς·
3068 5600 3405 5673 ’θ-σημαίνξι
3434 5621 3514 5673 νς-

1539 5623 1771 5667 Λριστος
1830 5623 1944 5667 σεσ.
1993 5623 2035 5656 Λ
2079 5623 2093 5660 2
2153 5623 2238 5675 ⁷1η(

1510 5668 1552 5698 ¹³
1576 5685 1658 5742 τις
1676 5682 1795 5742 post
1822 5672 1971 5742 εὕροι
2001 5677 2149 5741 ponit
2180 5691 2238 5738 ς.

1324 5736 1867 5807 ¹⁷ἂπερΑεότις.

2319 5656 2361 5705 ’ἶ
2394 5656 2787 5739 φανεροῖὶοιτ.
2812 5673 2854 5723 Α
2878 5686 2903 5739 γε
2936 5656 3183 5739 φανερῶν
3205 5656 3273 5732 ο
3352 5669 3396 5700 ’⁸
3426 5656 3519 5724 ἒξῖ

1948 5738 2087 5809 πῶς
2124 5745 2167 5797 Α
2196 5762 2209 5798 ε
2234 5745 2261 5796 ὁ
2285 5761 2344 5808 ς,
2409 5738 2465 5773 υ
2496 5740 2574 5804 εἷς
2603 5756 2711 5797 om.
2749 5757 2828 5810 pr.
2860 5738 2922 5793 Α.
2998 5740 3041 5770 ¹⁰
3071 5738 3241 5792 6add.
3318 5740 3362 5771 ’ί
3402 5741 3517 5818 τὸν]

3075 5880 3150 5941 32
