  <div class='ocr_page' id='page_1' title='image "/cluster/home/n/w/nwhite01/storage/ocr_20150623/103:no.3/coo.31924054870070/516.png"; bbox 0 0 4004 6452; ppageno 0'>
   <div class='ocr_carea' id='block_1_1' title="bbox 295 420 437 485">
    <p class='ocr_par' dir='ltr' id='par_1_1' title="bbox 295 420 437 485">
     <span class='ocr_line' id='line_1_1' title="bbox 295 420 437 485; baseline 0.021 -2"><span class='ocrx_word' id='word_1_1' title='bbox 295 420 437 485; x_wconf 85' lang='grc'>1005</span> 
     </span>
    </p>
   </div>
   <div class='ocr_carea' id='block_1_2' title="bbox 1321 423 2501 489">
    <p class='ocr_par' dir='ltr' id='par_1_2' title="bbox 1321 423 2501 489">
     <span class='ocr_line' id='line_1_2' title="bbox 1321 423 2501 489; baseline 0.003 -6"><span class='ocrx_word' id='word_1_2' title='bbox 1321 423 1851 485; x_wconf 85' lang='lat' dir='ltr'><strong>BIBLIOTHECA.</strong></span> <span class='ocrx_word' id='word_1_3' title='bbox 1892 448 1961 459; x_wconf 89' lang='grc'><strong>-·</strong></span> <span class='ocrx_word' id='word_1_4' title='bbox 1992 425 2156 487; x_wconf 91' lang='lat' dir='ltr'><strong>COD.</strong></span> <span class='ocrx_word' id='word_1_5' title='bbox 2198 427 2501 489; x_wconf 76' lang='lat' dir='ltr'><strong>CCXXIX.</strong></span> 
     </span>
    </p>
   </div>
   <div class='ocr_carea' id='block_1_3' title="bbox 3431 423 3566 486">
    <p class='ocr_par' dir='ltr' id='par_1_3' title="bbox 3431 423 3566 486">
     <span class='ocr_line' id='line_1_3' title="bbox 3431 423 3566 486; baseline 0 0"><span class='ocrx_word' id='word_1_6' title='bbox 3431 423 3566 486; x_wconf 84' lang='lat'><strong>1006</strong></span> 
     </span>
    </p>
   </div>
   <div class='ocr_carea' id='block_1_4' title="bbox 299 530 3564 607">
    <p class='ocr_par' dir='ltr' id='par_1_4' title="bbox 299 530 3564 607">
     <span class='ocr_line' id='line_1_4' title="bbox 299 530 3564 607; baseline -0 -21"><span class='ocrx_word' id='word_1_7' title='bbox 299 530 497 592; x_wconf 66' lang='grc' dir='ltr'>ταύτας</span> <span class='ocrx_word' id='word_1_8' title='bbox 551 530 833 599; x_wconf 77' lang='grc' dir='ltr'>ἠνωμένας</span> <span class='ocrx_word' id='word_1_9' title='bbox 876 531 934 583; x_wconf 83' lang='grc' dir='ltr'><strong>ἐν</strong></span> <span class='ocrx_word' id='word_1_10' title='bbox 980 534 1046 601; x_wconf 78' lang='grc' dir='ltr'>τῇ</span> <span class='ocrx_word' id='word_1_11' title='bbox 1090 531 1210 583; x_wconf 82' lang='grc' dir='ltr'>καθ’</span> <span class='ocrx_word' id='word_1_12' title='bbox 1241 533 1534 586; x_wconf 75' lang='grc' dir='ltr'>ὑπόστασιν</span> <span class='ocrx_word' id='word_1_13' title='bbox 1562 536 1752 586; x_wconf 88' lang='grc' dir='ltr'>ἐνώσει</span> <span class='ocrx_word' id='word_1_14' title='bbox 1781 533 1876 586; x_wconf 92' lang='grc' dir='ltr'><strong>τοῦ</strong></span> <span class='ocrx_word' id='word_1_15' title='bbox 1904 534 2078 601; x_wconf 87' lang='grc' dir='ltr'>Λόγου</span> <span class='ocrx_word' id='word_1_16' title='bbox 2094 536 2161 598; x_wconf 69' lang='grc'>⁸⁸,</span> <span class='ocrx_word' id='word_1_17' title='bbox 2194 537 2270 599; x_wconf 86' lang='grc' dir='ltr'><strong>ώς</strong></span> <span class='ocrx_word' id='word_1_18' title='bbox 2305 539 2337 605; x_wconf 85' lang='grc' dir='ltr'>ή</span> <span class='ocrx_word' id='word_1_19' title='bbox 2373 538 2668 606; x_wconf 76' lang='grc' dir='ltr'><strong>Ἐκκλησία</strong></span> <span class='ocrx_word' id='word_1_20' title='bbox 2696 556 2753 591; x_wconf 90' lang='grc' dir='ltr'><strong>τε</strong></span> <span class='ocrx_word' id='word_1_21' title='bbox 2800 540 2894 591; x_wconf 72' lang='grc' dir='ltr'><strong>καὶ</strong></span> <span class='ocrx_word' id='word_1_22' title='bbox 2937 539 2970 607; x_wconf 77' lang='grc' dir='ltr'>ἡ</span> <span class='ocrx_word' id='word_1_23' title='bbox 3002 538 3132 605; x_wconf 77' lang='grc' dir='ltr'>ἁγία</span> <span class='ocrx_word' id='word_1_24' title='bbox 3186 536 3399 597; x_wconf 79' lang='grc' dir='ltr'><strong>σύνοδος</strong></span> <span class='ocrx_word' id='word_1_25' title='bbox 3465 536 3564 588; x_wconf 72' lang='grc' dir='ltr'><strong>καὶ</strong></span> 
     </span>
    </p>
   </div>
   <div class='ocr_carea' id='block_1_5' title="bbox 288 624 3565 699">
    <p class='ocr_par' dir='ltr' id='par_1_5' title="bbox 288 624 3565 699">
     <span class='ocr_line' id='line_1_5' title="bbox 288 624 3565 699; baseline 0.002 -26"><span class='ocrx_word' id='word_1_26' title='bbox 288 625 322 673; x_wconf 88' lang='grc' dir='ltr'>ὁ</span> <span class='ocrx_word' id='word_1_27' title='bbox 358 624 547 687; x_wconf 83' lang='grc' dir='ltr'>πὰπας</span> <span class='ocrx_word' id='word_1_28' title='bbox 576 626 732 677; x_wconf 82' lang='grc' dir='ltr'>Λέων</span> <span class='ocrx_word' id='word_1_29' title='bbox 771 624 1106 694; x_wconf 86' lang='grc' dir='ltr'>ἐπρέσϐευεν</span> <span class='ocrx_word' id='word_1_30' title='bbox 1146 625 1308 678; x_wconf 80' lang='grc' dir='ltr'>’Δλλά</span> <span class='ocrx_word' id='word_1_31' title='bbox 1328 627 1375 656; x_wconf 78' lang='grc'><strong>’⁸³</strong></span> <span class='ocrx_word' id='word_1_32' title='bbox 1402 628 1495 679; x_wconf 77' lang='grc' dir='ltr'>καὶ</span> <span class='ocrx_word' id='word_1_33' title='bbox 1544 628 1715 697; x_wconf 86' lang='grc' dir='ltr'>μυρία</span> <span class='ocrx_word' id='word_1_34' title='bbox 1755 626 1887 696; x_wconf 83' lang='grc' dir='ltr'>ἄλλη</span> <span class='ocrx_word' id='word_1_35' title='bbox 1918 626 2148 698; x_wconf 62' lang='grc' dir='ltr'>διαφορὰ</span> <span class='ocrx_word' id='word_1_36' title='bbox 2181 630 2385 698; x_wconf 78' lang='grc' dir='ltr'>μεταξὺ</span> <span class='ocrx_word' id='word_1_37' title='bbox 2410 630 2511 697; x_wconf 79' lang='grc' dir='ltr'>τῆς</span> <span class='ocrx_word' id='word_1_38' title='bbox 2543 630 2797 693; x_wconf 86' lang='grc' dir='ltr'>ἀσεϐείας</span> <span class='ocrx_word' id='word_1_39' title='bbox 2832 630 3053 699; x_wconf 79' lang='grc' dir='ltr'>καὶτῆς</span> <span class='ocrx_word' id='word_1_40' title='bbox 3115 627 3415 690; x_wconf 68' lang='grc' dir='ltr'>εὐσεϐείας,</span> <span class='ocrx_word' id='word_1_41' title='bbox 3470 626 3565 679; x_wconf 65' lang='grc' dir='ltr'><strong>και)⁴</strong></span> 
     </span>
    </p>
   </div>
   <div class='ocr_carea' id='block_1_6' title="bbox 288 713 1215 783">
    <p class='ocr_par' dir='ltr' id='par_1_6' title="bbox 288 713 1215 783">
     <span class='ocr_line' id='line_1_6' title="bbox 288 713 1215 783; baseline 0.003 -18"><span class='ocrx_word' id='word_1_42' title='bbox 288 714 393 783; x_wconf 73' lang='grc' dir='ltr'><strong>ὅση</strong></span> <span class='ocrx_word' id='word_1_43' title='bbox 423 713 518 766; x_wconf 90' lang='grc' dir='ltr'><strong>τοῦ</strong></span> <span class='ocrx_word' id='word_1_44' title='bbox 548 714 725 781; x_wconf 77' lang='grc' dir='ltr'>φωτὸς</span> <span class='ocrx_word' id='word_1_45' title='bbox 750 714 888 783; x_wconf 86' lang='grc' dir='ltr'>πρὸς</span> <span class='ocrx_word' id='word_1_46' title='bbox 914 713 974 765; x_wconf 85' lang='grc' dir='ltr'><strong>τὸ</strong></span> <span class='ocrx_word' id='word_1_47' title='bbox 1006 714 1215 775; x_wconf 77' lang='grc' dir='ltr'><strong>σκότος.</strong></span> 
     </span>
    </p>
   </div>
   <div class='ocr_carea' id='block_1_7' title="bbox 366 806 1872 880">
    <p class='ocr_par' dir='ltr' id='par_1_7' title="bbox 366 806 1872 880">
     <span class='ocr_line' id='line_1_7' title="bbox 366 806 1872 880; baseline 0.001 -21"><span class='ocrx_word' id='word_1_48' title='bbox 366 808 489 859; x_wconf 87' lang='grc' dir='ltr'>’Ότι</span> <span class='ocrx_word' id='word_1_49' title='bbox 534 806 755 858; x_wconf 74' lang='grc' dir='ltr'>ἐπειδὰν</span> <span class='ocrx_word' id='word_1_50' title='bbox 803 808 851 858; x_wconf 92' lang='grc' dir='ltr'><strong>οἱ</strong></span> <span class='ocrx_word' id='word_1_51' title='bbox 896 806 1002 859; x_wconf 71' lang='grc' dir='ltr'>ἀπὸ</span> <span class='ocrx_word' id='word_1_52' title='bbox 1045 807 1285 880; x_wconf 75' lang='grc' dir='ltr'>Σεϐήρου</span> <span class='ocrx_word' id='word_1_53' title='bbox 1326 808 1711 879; x_wconf 82' lang='grc' dir='ltr'>διελέγχωνται</span> <span class='ocrx_word' id='word_1_54' title='bbox 1755 810 1872 871; x_wconf 82' lang='grc' dir='ltr'>ταῖς</span> 
     </span>
    </p>
   </div>
   <div class='ocr_carea' id='block_1_8' title="bbox 1978 806 3564 880">
    <p class='ocr_par' dir='ltr' id='par_1_8' title="bbox 2064 807 3564 879">
     <span class='ocr_line' id='line_1_8' title="bbox 2064 807 3564 879; baseline -0.003 -16"><span class='ocrx_word' id='word_1_55' title='bbox 2064 807 2201 875; x_wconf 85' lang='lat' dir='ltr'><strong>Quia</strong></span> <span class='ocrx_word' id='word_1_56' title='bbox 2241 818 2522 879; x_wconf 73' lang='lat' dir='ltr'><strong>postquam</strong></span> <span class='ocrx_word' id='word_1_57' title='bbox 2569 809 2845 863; x_wconf 73' lang='lat' dir='ltr'><strong>Severiani</strong></span> <span class='ocrx_word' id='word_1_58' title='bbox 2904 810 3206 862; x_wconf 84' lang='lat' dir='ltr'><strong>refutantur</strong></span> <span class='ocrx_word' id='word_1_59' title='bbox 3252 818 3564 862; x_wconf 87' lang='lat' dir='ltr'><strong>sanctorum</strong></span> 
     </span>
    </p>
   </div>
   <div class='ocr_carea' id='block_1_9' title="bbox 287 896 1878 970">
    <p class='ocr_par' dir='ltr' id='par_1_9' title="bbox 287 896 1878 970">
     <span class='ocr_line' id='line_1_9' title="bbox 287 896 1878 970; baseline 0.001 -20"><span class='ocrx_word' id='word_1_60' title='bbox 287 898 403 950; x_wconf 86' lang='grc' dir='ltr'><strong>τῶν</strong></span> <span class='ocrx_word' id='word_1_61' title='bbox 437 898 715 965; x_wconf 83' lang='grc' dir='ltr'>θεοφόρων</span> <span class='ocrx_word' id='word_1_62' title='bbox 748 896 903 966; x_wconf 84' lang='grc' dir='ltr'>ἡμῶν</span> <span class='ocrx_word' id='word_1_63' title='bbox 939 898 1200 968; x_wconf 84' lang='grc' dir='ltr'>Πατέρων</span> <span class='ocrx_word' id='word_1_64' title='bbox 1232 901 1455 966; x_wconf 61' lang='grc' dir='ltr'>φωναῖς,</span> <span class='ocrx_word' id='word_1_65' title='bbox 1483 900 1531 953; x_wconf 76' lang='grc' dir='ltr'>οἳ</span> <span class='ocrx_word' id='word_1_66' title='bbox 1562 899 1669 970; x_wconf 83' lang='grc' dir='ltr'><strong>πρὸ</strong></span> <span class='ocrx_word' id='word_1_67' title='bbox 1694 900 1791 968; x_wconf 82' lang='grc' dir='ltr'><strong>τῆς</strong></span> <span class='ocrx_word' id='word_1_68' title='bbox 1819 901 1878 951; x_wconf 92' lang='grc' dir='ltr'><strong>ἐν</strong></span> 
     </span>
    </p>
   </div>
   <div class='ocr_carea' id='block_1_10' title="bbox 289 988 1878 1060">
    <p class='ocr_par' dir='ltr' id='par_1_10' title="bbox 289 988 1878 1060">
     <span class='ocr_line' id='line_1_10' title="bbox 289 988 1878 1060; baseline 0.001 -17"><span class='ocrx_word' id='word_1_69' title='bbox 289 988 599 1059; x_wconf 75' lang='grc' dir='ltr'><strong>Καλχηδόνι</strong></span> <span class='ocrx_word' id='word_1_70' title='bbox 645 988 863 1040; x_wconf 77' lang='grc' dir='ltr'>συνόδου</span> <span class='ocrx_word' id='word_1_71' title='bbox 894 988 1197 1059; x_wconf 67' lang='grc' dir='ltr'>διέλαμψαν</span> <span class='ocrx_word' id='word_1_72' title='bbox 1221 993 1314 1043; x_wconf 72' lang='grc' dir='ltr'>καὶ</span> <span class='ocrx_word' id='word_1_73' title='bbox 1348 990 1448 1054; x_wconf 73' lang='grc' dir='ltr'><strong>τὰς</strong></span> <span class='ocrx_word' id='word_1_74' title='bbox 1477 992 1569 1044; x_wconf 85' lang='grc' dir='ltr'><strong>δύο</strong></span> <span class='ocrx_word' id='word_1_75' title='bbox 1596 992 1788 1060; x_wconf 82' lang='grc' dir='ltr'>φύσεις</span> <span class='ocrx_word' id='word_1_76' title='bbox 1820 994 1878 1044; x_wconf 90' lang='grc' dir='ltr'><strong>ἐν</strong></span> 
     </span>
    </p>
   </div>
   <div class='ocr_carea' id='block_1_11' title="bbox 289 1079 1878 1154">
    <p class='ocr_par' dir='ltr' id='par_1_11' title="bbox 289 1079 1878 1154">
     <span class='ocr_line' id='line_1_11' title="bbox 289 1079 1878 1154; baseline 0.003 -22"><span class='ocrx_word' id='word_1_77' title='bbox 289 1082 358 1150; x_wconf 84' lang='grc' dir='ltr'>τῇ</span> <span class='ocrx_word' id='word_1_78' title='bbox 398 1080 519 1133; x_wconf 87' lang='grc' dir='ltr'>καθ’</span> <span class='ocrx_word' id='word_1_79' title='bbox 549 1079 845 1131; x_wconf 75' lang='grc' dir='ltr'>ὑπόστασιν</span> <span class='ocrx_word' id='word_1_80' title='bbox 891 1079 1079 1133; x_wconf 78' lang='grc' dir='ltr'>ἐνώσει</span> <span class='ocrx_word' id='word_1_81' title='bbox 1126 1082 1221 1134; x_wconf 84' lang='grc' dir='ltr'><strong>τοῦ</strong></span> <span class='ocrx_word' id='word_1_82' title='bbox 1258 1082 1433 1151; x_wconf 80' lang='grc' dir='ltr'>Λόγου</span> <span class='ocrx_word' id='word_1_83' title='bbox 1470 1082 1764 1154; x_wconf 77' lang='grc' dir='ltr'>ἐκήρυξαν,</span> <span class='ocrx_word' id='word_1_84' title='bbox 1797 1085 1878 1145; x_wconf 90' lang='grc' dir='ltr'><strong>εἱς</strong></span> 
     </span>
    </p>
   </div>
   <div class='ocr_carea' id='block_1_12' title="bbox 287 1259 1873 1335">
    <p class='ocr_par' dir='ltr' id='par_1_12' title="bbox 287 1259 1873 1335">
     <span class='ocr_line' id='line_1_12' title="bbox 287 1259 1873 1335; baseline 0.003 -22"><span class='ocrx_word' id='word_1_85' title='bbox 287 1259 582 1323; x_wconf 82' lang='grc' dir='ltr'>δοκοῦσιν,</span> <span class='ocrx_word' id='word_1_86' title='bbox 634 1260 995 1330; x_wconf 83' lang='grc' dir='ltr'>εὐπρόσωπον</span> <span class='ocrx_word' id='word_1_87' title='bbox 1040 1266 1106 1333; x_wconf 82' lang='grc' dir='ltr'>τῇ</span> <span class='ocrx_word' id='word_1_88' title='bbox 1155 1263 1374 1335; x_wconf 81' lang='grc' dir='ltr'>διαϐολῇ</span> <span class='ocrx_word' id='word_1_89' title='bbox 1420 1264 1873 1334; x_wconf 74' lang='grc' dir='ltr'>περιτιθέντες⁴ο³,</span> 
     </span>
    </p>
   </div>
   <div class='ocr_carea' id='block_1_13' title="bbox 291 1350 1877 1426">
    <p class='ocr_par' dir='ltr' id='par_1_13' title="bbox 291 1350 1877 1426">
     <span class='ocr_line' id='line_1_13' title="bbox 291 1350 1877 1426; baseline 0.005 -25"><span class='ocrx_word' id='word_1_90' title='bbox 291 1350 593 1419; x_wconf 76' lang='grc' dir='ltr'>βαθύτερον</span> <span class='ocrx_word' id='word_1_91' title='bbox 637 1351 692 1403; x_wconf 88' lang='grc' dir='ltr'><strong>δέ</strong></span> <span class='ocrx_word' id='word_1_92' title='bbox 723 1351 830 1403; x_wconf 90' lang='grc' dir='ltr'><strong>τῶν</strong></span> <span class='ocrx_word' id='word_1_93' title='bbox 860 1351 1227 1421; x_wconf 88' lang='grc' dir='ltr'>ἀπροσώπους</span> <span class='ocrx_word' id='word_1_94' title='bbox 1257 1354 1455 1417; x_wconf 85' lang='grc' dir='ltr'>αὐτοὺς</span> <span class='ocrx_word' id='word_1_95' title='bbox 1474 1355 1520 1386; x_wconf 71' lang='grc'>⁸⁸</span> <span class='ocrx_word' id='word_1_96' title='bbox 1545 1355 1877 1426; x_wconf 79' lang='grc' dir='ltr'>ὑϐριζόντων</span> 
     </span>
    </p>
   </div>
   <div class='ocr_carea' id='block_1_14' title="bbox 286 1442 1878 1518">
    <p class='ocr_par' dir='ltr' id='par_1_14' title="bbox 286 1442 1878 1518">
     <span class='ocr_line' id='line_1_14' title="bbox 286 1442 1878 1518; baseline 0.004 -23"><span class='ocrx_word' id='word_1_97' title='bbox 286 1442 787 1511; x_wconf 81' lang='grc' dir='ltr'>διακωμῳδοῦντες.</span> <span class='ocrx_word' id='word_1_98' title='bbox 818 1443 955 1495; x_wconf 79' lang='grc' dir='ltr'>Φασὶ</span> <span class='ocrx_word' id='word_1_99' title='bbox 1004 1444 1114 1514; x_wconf 83' lang='grc' dir='ltr'><strong>γὰρ</strong></span> <span class='ocrx_word' id='word_1_100' title='bbox 1158 1445 1234 1507; x_wconf 89' lang='grc' dir='ltr'><strong>ώς</strong></span> <span class='ocrx_word' id='word_1_101' title='bbox 1283 1445 1500 1517; x_wconf 71' lang='grc' dir='ltr'>εἴρηται</span> <span class='ocrx_word' id='word_1_102' title='bbox 1548 1449 1648 1518; x_wconf 88' lang='grc' dir='ltr'><strong>μὲν</strong></span> <span class='ocrx_word' id='word_1_103' title='bbox 1693 1449 1878 1511; x_wconf 84' lang='grc' dir='ltr'>αὑτοῖς</span> 
     </span>
    </p>
   </div>
   <div class='ocr_carea' id='block_1_15' title="bbox 284 1534 1878 1610">
    <p class='ocr_par' dir='ltr' id='par_1_15' title="bbox 284 1534 1878 1610">
     <span class='ocr_line' id='line_1_15' title="bbox 284 1534 1878 1610; baseline 0.006 -23"><span class='ocrx_word' id='word_1_104' title='bbox 284 1535 398 1588; x_wconf 89' lang='grc' dir='ltr'><strong>τῶν</strong></span> <span class='ocrx_word' id='word_1_105' title='bbox 432 1534 649 1603; x_wconf 84' lang='grc' dir='ltr'>φύσεων</span> <span class='ocrx_word' id='word_1_106' title='bbox 682 1534 742 1587; x_wconf 84' lang='grc' dir='ltr'><strong>τὸ</strong></span> <span class='ocrx_word' id='word_1_107' title='bbox 774 1536 1045 1602; x_wconf 80' lang='grc' dir='ltr'>δυαδικὺν,</span> <span class='ocrx_word' id='word_1_108' title='bbox 1076 1538 1176 1590; x_wconf 87' lang='grc' dir='ltr'><strong>οὑκ</strong></span> <span class='ocrx_word' id='word_1_109' title='bbox 1228 1538 1338 1591; x_wconf 86' lang='grc' dir='ltr'><strong>ἀπὸ</strong></span> <span class='ocrx_word' id='word_1_110' title='bbox 1387 1539 1613 1610; x_wconf 80' lang='grc' dir='ltr'><strong>γνώμης</strong></span> <span class='ocrx_word' id='word_1_111' title='bbox 1653 1540 1710 1593; x_wconf 81' lang='grc' dir='ltr'>δὲ</span> <span class='ocrx_word' id='word_1_112' title='bbox 1756 1542 1878 1596; x_wconf 84' lang='grc' dir='ltr'>οὐδ’</span> 
     </span>
    </p>
   </div>
   <div class='ocr_carea' id='block_1_16' title="bbox 283 1627 1875 1699">
    <p class='ocr_par' dir='ltr' id='par_1_16' title="bbox 283 1627 1875 1699">
     <span class='ocr_line' id='line_1_16' title="bbox 283 1627 1875 1699; baseline 0.003 -17"><span class='ocrx_word' id='word_1_113' title='bbox 283 1628 551 1691; x_wconf 77' lang='grc' dir='ltr'>ἑκουσίως</span> <span class='ocrx_word' id='word_1_114' title='bbox 583 1627 701 1680; x_wconf 82' lang='grc' dir='ltr'><strong>οὑδέ</strong></span> <span class='ocrx_word' id='word_1_115' title='bbox 736 1628 877 1680; x_wconf 80' lang='grc' dir='ltr'><strong>κατά</strong></span> <span class='ocrx_word' id='word_1_116' title='bbox 922 1628 1159 1691; x_wconf 87' lang='grc' dir='ltr'>πίστεως</span> <span class='ocrx_word' id='word_1_117' title='bbox 1201 1628 1515 1699; x_wconf 74' lang='grc' dir='ltr'>ὁμολογίαν,</span> <span class='ocrx_word' id='word_1_118' title='bbox 1548 1632 1661 1684; x_wconf 85' lang='grc' dir='ltr'>ἀλλ’</span> <span class='ocrx_word' id='word_1_119' title='bbox 1690 1633 1767 1695; x_wconf 87' lang='grc' dir='ltr'>ὡς</span> <span class='ocrx_word' id='word_1_120' title='bbox 1818 1635 1875 1687; x_wconf 86' lang='grc' dir='ltr'><strong>ἐν</strong></span> 
     </span>
    </p>
   </div>
   <div class='ocr_carea' id='block_1_17' title="bbox 281 1719 1863 1788">
    <p class='ocr_par' dir='ltr' id='par_1_17' title="bbox 281 1719 1863 1788">
     <span class='ocr_line' id='line_1_17' title="bbox 281 1719 1863 1788; baseline 0.003 -17"><span class='ocrx_word' id='word_1_121' title='bbox 281 1719 557 1772; x_wconf 76' lang='grc' dir='ltr'>ἀντιθέσει</span> <span class='ocrx_word' id='word_1_122' title='bbox 587 1720 686 1787; x_wconf 77' lang='grc' dir='ltr'>τῆς</span> <span class='ocrx_word' id='word_1_123' title='bbox 714 1719 1069 1788; x_wconf 73' lang='grc' dir='ltr'>ψευδωνύμου</span> <span class='ocrx_word' id='word_1_124' title='bbox 1100 1720 1354 1787; x_wconf 86' lang='grc' dir='ltr'>γνώσεως</span> <span class='ocrx_word' id='word_1_125' title='bbox 1382 1724 1478 1776; x_wconf 79' lang='grc' dir='ltr'><strong>καὶ</strong></span> <span class='ocrx_word' id='word_1_126' title='bbox 1517 1726 1639 1775; x_wconf 84' lang='grc' dir='ltr'>κατ’</span> <span class='ocrx_word' id='word_1_127' title='bbox 1657 1725 1698 1755; x_wconf 63' lang='grc'>⁸⁷</span> <span class='ocrx_word' id='word_1_128' title='bbox 1725 1724 1863 1776; x_wconf 84' lang='grc' dir='ltr'>οἰκο-</span> 
     </span>
    </p>
   </div>
   <div class='ocr_carea' id='block_1_18' title="bbox 282 1808 1874 1882">
    <p class='ocr_par' dir='ltr' id='par_1_18' title="bbox 282 1808 1874 1882">
     <span class='ocr_line' id='line_1_18' title="bbox 282 1808 1874 1882; baseline 0.003 -21"><span class='ocrx_word' id='word_1_129' title='bbox 282 1809 480 1880; x_wconf 81' lang='grc' dir='ltr'>νομίαν</span> <span class='ocrx_word' id='word_1_130' title='bbox 512 1810 605 1862; x_wconf 81' lang='grc' dir='ltr'>καὶ</span> <span class='ocrx_word' id='word_1_131' title='bbox 630 1810 721 1861; x_wconf 76' lang='grc' dir='ltr'><strong>ἐπὶ</strong></span> <span class='ocrx_word' id='word_1_132' title='bbox 753 1808 947 1878; x_wconf 85' lang='grc' dir='ltr'>καιροῦ</span> <span class='ocrx_word' id='word_1_133' title='bbox 977 1809 1069 1861; x_wconf 80' lang='grc' dir='ltr'><strong>καὶ</strong></span> <span class='ocrx_word' id='word_1_134' title='bbox 1093 1809 1197 1862; x_wconf 90' lang='grc' dir='ltr'><strong>ὑπό</strong></span> <span class='ocrx_word' id='word_1_135' title='bbox 1226 1828 1370 1874; x_wconf 89' lang='grc' dir='ltr'>τινος</span> <span class='ocrx_word' id='word_1_136' title='bbox 1395 1812 1681 1882; x_wconf 80' lang='grc' dir='ltr'>αἱρετικῆς</span> <span class='ocrx_word' id='word_1_137' title='bbox 1706 1812 1874 1878; x_wconf 86' lang='grc' dir='ltr'>ἀνάγ-</span> 
     </span>
    </p>
   </div>
   <div class='ocr_carea' id='block_1_19' title="bbox 281 1900 1875 1972">
    <p class='ocr_par' dir='ltr' id='par_1_19' title="bbox 281 1900 1875 1972">
     <span class='ocr_line' id='line_1_19' title="bbox 281 1900 1875 1972; baseline 0.002 -19"><span class='ocrx_word' id='word_1_138' title='bbox 281 1918 389 1970; x_wconf 81' lang='grc' dir='ltr'><strong>κης</strong></span> <span class='ocrx_word' id='word_1_139' title='bbox 420 1900 849 1970; x_wconf 77' lang='grc' dir='ltr'>ἐκϐιαζομένοις.</span> <span class='ocrx_word' id='word_1_140' title='bbox 884 1901 993 1954; x_wconf 73' lang='grc' dir='ltr'>Καὶ</span> <span class='ocrx_word' id='word_1_141' title='bbox 1017 1901 1067 1954; x_wconf 88' lang='grc' dir='ltr'><strong>τί</strong></span> <span class='ocrx_word' id='word_1_142' title='bbox 1095 1902 1160 1954; x_wconf 88' lang='grc' dir='ltr'><strong>ἂν</strong></span> <span class='ocrx_word' id='word_1_143' title='bbox 1196 1901 1281 1971; x_wconf 76' lang='grc' dir='ltr'><strong>εἴη</strong></span> <span class='ocrx_word' id='word_1_144' title='bbox 1307 1901 1467 1955; x_wconf 90' lang='grc' dir='ltr'>τοῦτο</span> <span class='ocrx_word' id='word_1_145' title='bbox 1498 1902 1531 1972; x_wconf 84' lang='grc' dir='ltr'>ἢ</span> <span class='ocrx_word' id='word_1_146' title='bbox 1568 1905 1697 1966; x_wconf 84' lang='grc' dir='ltr'>τοὺς</span> <span class='ocrx_word' id='word_1_147' title='bbox 1725 1902 1875 1956; x_wconf 90' lang='grc' dir='ltr'>διδα-</span> 
     </span>
    </p>
   </div>
   <div class='ocr_carea' id='block_1_20' title="bbox 282 1993 1874 2068">
    <p class='ocr_par' dir='ltr' id='par_1_20' title="bbox 282 1993 1874 2068">
     <span class='ocr_line' id='line_1_20' title="bbox 282 1993 1874 2068; baseline 0.003 -22"><span class='ocrx_word' id='word_1_148' title='bbox 282 1993 520 2057; x_wconf 81' lang='grc' dir='ltr'>σκάλους</span> <span class='ocrx_word' id='word_1_149' title='bbox 554 1994 855 2061; x_wconf 80' lang='grc' dir='ltr'>ὑποκριτὰς</span> <span class='ocrx_word' id='word_1_150' title='bbox 886 1994 1206 2062; x_wconf 82' lang='grc' dir='ltr'>ἀποφαίνειν</span> <span class='ocrx_word' id='word_1_151' title='bbox 1219 1996 1263 2028; x_wconf 66' lang='grc'><strong>⁸³</strong></span> <span class='ocrx_word' id='word_1_152' title='bbox 1295 1996 1504 2060; x_wconf 89' lang='grc' dir='ltr'>δειλούς</span> <span class='ocrx_word' id='word_1_153' title='bbox 1540 1995 1668 2068; x_wconf 70' lang='grc'><strong>[428</strong></span> <span class='ocrx_word' id='word_1_154' title='bbox 1700 1996 1793 2067; x_wconf 86' lang='grc' dir='ltr'><strong>Η.]</strong></span> <span class='ocrx_word' id='word_1_155' title='bbox 1814 2013 1874 2050; x_wconf 88' lang='grc' dir='ltr'><strong>τε</strong></span> 
     </span>
    </p>
   </div>
   <div class='ocr_carea' id='block_1_21' title="bbox 281 2084 1872 2157">
    <p class='ocr_par' dir='ltr' id='par_1_21' title="bbox 281 2084 1872 2157">
     <span class='ocr_line' id='line_1_21' title="bbox 281 2084 1872 2157; baseline 0.002 -20"><span class='ocrx_word' id='word_1_156' title='bbox 281 2086 381 2137; x_wconf 73' lang='grc' dir='ltr'><strong>καὶ</strong></span> <span class='ocrx_word' id='word_1_157' title='bbox 425 2084 523 2152; x_wconf 85' lang='grc' dir='ltr'>τῆς</span> <span class='ocrx_word' id='word_1_158' title='bbox 570 2084 831 2153; x_wconf 73' lang='grc' dir='ltr'>ἀληθείας</span> <span class='ocrx_word' id='word_1_159' title='bbox 885 2085 1171 2157; x_wconf 75' lang='grc' dir='ltr'>προδότας,</span> <span class='ocrx_word' id='word_1_160' title='bbox 1209 2088 1304 2140; x_wconf 73' lang='grc' dir='ltr'><strong>καὶ</strong></span> <span class='ocrx_word' id='word_1_161' title='bbox 1347 2087 1449 2156; x_wconf 80' lang='grc' dir='ltr'>τῆς</span> <span class='ocrx_word' id='word_1_162' title='bbox 1478 2087 1690 2141; x_wconf 73' lang='grc' dir='ltr'>οἴκοθεν</span> <span class='ocrx_word' id='word_1_163' title='bbox 1715 2089 1872 2140; x_wconf 87' lang='grc' dir='ltr'>εὑσε-</span> 
     </span>
    </p>
   </div>
   <div class='ocr_carea' id='block_1_22' title="bbox 1986 898 3563 967">
    <p class='ocr_par' dir='ltr' id='par_1_22' title="bbox 1986 898 3563 967">
     <span class='ocr_line' id='line_1_22' title="bbox 1986 898 3563 967; baseline -0.002 -15"><span class='ocrx_word' id='word_1_164' title='bbox 1986 898 2205 952; x_wconf 87' lang='lat' dir='ltr'><strong>Patrum</strong></span> <span class='ocrx_word' id='word_1_165' title='bbox 2281 900 2639 963; x_wconf 84' lang='lat' dir='ltr'><strong>testimoniis,</strong></span> <span class='ocrx_word' id='word_1_166' title='bbox 2706 900 2795 967; x_wconf 94' lang='lat' dir='ltr'><strong>qui</strong></span> <span class='ocrx_word' id='word_1_167' title='bbox 2869 910 2995 951; x_wconf 86' lang='lat' dir='ltr'><strong>ante</strong></span> <span class='ocrx_word' id='word_1_168' title='bbox 3069 898 3563 952; x_wconf 78' lang='lat' dir='ltr'><strong>Chalcedonensem</strong></span> 
     </span>
    </p>
   </div>
   <div class='ocr_carea' id='block_1_23' title="bbox 1986 991 3565 1061">
    <p class='ocr_par' dir='ltr' id='par_1_23' title="bbox 1986 991 3565 1061">
     <span class='ocr_line' id='line_1_23' title="bbox 1986 991 3565 1061; baseline 0.001 -17"><span class='ocrx_word' id='word_1_169' title='bbox 1986 992 2247 1061; x_wconf 82' lang='lat' dir='ltr'><strong>synodum</strong></span> <span class='ocrx_word' id='word_1_170' title='bbox 2286 991 2614 1053; x_wconf 83' lang='lat' dir='ltr'><strong>ﬂoruerunt,</strong></span> <span class='ocrx_word' id='word_1_171' title='bbox 2657 1004 2711 1046; x_wconf 89' lang='lat' dir='ltr'><strong>et</strong></span> <span class='ocrx_word' id='word_1_172' title='bbox 2738 992 2873 1047; x_wconf 90' lang='lat' dir='ltr'><strong>duas</strong></span> <span class='ocrx_word' id='word_1_173' title='bbox 2917 1003 3137 1045; x_wconf 86' lang='lat' dir='ltr'><strong>naturas</strong></span> <span class='ocrx_word' id='word_1_174' title='bbox 3160 992 3209 1044; x_wconf 89' lang='lat' dir='ltr'><strong>in</strong></span> <span class='ocrx_word' id='word_1_175' title='bbox 3240 991 3435 1044; x_wconf 92' lang='lat' dir='ltr'><strong>unione</strong></span> <span class='ocrx_word' id='word_1_176' title='bbox 3467 991 3565 1060; x_wconf 85' lang='lat' dir='ltr'><strong>lty-</strong></span> 
     </span>
    </p>
   </div>
   <div class='ocr_carea' id='block_1_24' title="bbox 1984 1084 3565 1153">
    <p class='ocr_par' dir='ltr' id='par_1_24' title="bbox 1984 1084 3565 1153">
     <span class='ocr_line' id='line_1_24' title="bbox 1984 1084 3565 1153; baseline -0.001 -16"><span class='ocrx_word' id='word_1_177' title='bbox 1984 1084 2251 1152; x_wconf 87' lang='lat' dir='ltr'><strong>postatica</strong></span> <span class='ocrx_word' id='word_1_178' title='bbox 2282 1085 2713 1153; x_wconf 78' lang='lat' dir='ltr'><strong>promulgarunt,</strong></span> <span class='ocrx_word' id='word_1_179' title='bbox 2747 1084 2813 1138; x_wconf 91' lang='lat' dir='ltr'><strong>ad</strong></span> <span class='ocrx_word' id='word_1_180' title='bbox 2860 1084 3334 1153; x_wconf 81' lang='lat' dir='ltr'><strong>reprehensionem</strong></span> <span class='ocrx_word' id='word_1_181' title='bbox 3377 1098 3565 1136; x_wconf 86' lang='lat' dir='ltr'><strong>eorum</strong></span> 
     </span>
    </p>
   </div>
   <div class='ocr_carea' id='block_1_25' title="bbox 1986 1176 3567 1245">
    <p class='ocr_par' dir='ltr' id='par_1_25' title="bbox 1986 1176 3567 1245">
     <span class='ocr_line' id='line_1_25' title="bbox 1986 1176 3567 1245; baseline 0.001 -19"><span class='ocrx_word' id='word_1_182' title='bbox 1986 1190 2105 1229; x_wconf 88' lang='lat' dir='ltr'><strong>sese</strong></span> <span class='ocrx_word' id='word_1_183' title='bbox 2125 1185 2465 1239; x_wconf 78' lang='lat' dir='ltr'><strong>convertunt,</strong></span> <span class='ocrx_word' id='word_1_184' title='bbox 2498 1187 2814 1245; x_wconf 77' lang='lat' dir='ltr'><strong>praetextum</strong></span> <span class='ocrx_word' id='word_1_185' title='bbox 2848 1176 3091 1245; x_wconf 87' lang='lat' dir='ltr'><strong>quidem,</strong></span> <span class='ocrx_word' id='word_1_186' title='bbox 3124 1186 3181 1228; x_wconf 88' lang='lat' dir='ltr'><strong>ttt</strong></span> <span class='ocrx_word' id='word_1_187' title='bbox 3215 1184 3455 1243; x_wconf 80' lang='lat' dir='ltr'><strong>apparet,</strong></span> <span class='ocrx_word' id='word_1_188' title='bbox 3476 1188 3567 1228; x_wconf 84' lang='lat' dir='ltr'><strong>ca-</strong></span> 
     </span>
    </p>
   </div>
   <div class='ocr_carea' id='block_1_26' title="bbox 1985 1264 3567 1337">
    <p class='ocr_par' dir='ltr' id='par_1_26' title="bbox 1985 1264 3567 1337">
     <span class='ocr_line' id='line_1_26' title="bbox 1985 1264 3567 1337; baseline -0.001 -19"><span class='ocrx_word' id='word_1_189' title='bbox 1985 1265 2203 1321; x_wconf 81' lang='lat' dir='ltr'><strong>lumnia:</strong></span> <span class='ocrx_word' id='word_1_190' title='bbox 2223 1268 2524 1336; x_wconf 87' lang='lat' dir='ltr'><strong>speciosum</strong></span> <span class='ocrx_word' id='word_1_191' title='bbox 2545 1278 2906 1336; x_wconf 62' lang='lat' dir='ltr'><strong>praetexentes</strong></span> <span class='ocrx_word' id='word_1_192' title='bbox 2928 1285 2941 1320; x_wconf 90' lang='lat'><strong>:</strong></span> <span class='ocrx_word' id='word_1_193' title='bbox 2964 1266 3183 1337; x_wconf 81' lang='lat' dir='ltr'><strong>gravius</strong></span> <span class='ocrx_word' id='word_1_194' title='bbox 3204 1282 3331 1320; x_wconf 87' lang='lat' dir='ltr'><strong>vero</strong></span> <span class='ocrx_word' id='word_1_195' title='bbox 3353 1264 3567 1318; x_wconf 82' lang='lat' dir='ltr'><strong>nemine</strong></span> 
     </span>
    </p>
   </div>
   <div class='ocr_carea' id='block_1_27' title="bbox 1985 1356 3561 1427">
    <p class='ocr_par' dir='ltr' id='par_1_27' title="bbox 1985 1356 3561 1427">
     <span class='ocr_line' id='line_1_27' title="bbox 1985 1356 3561 1427; baseline -0.001 -17"><span class='ocrx_word' id='word_1_196' title='bbox 1985 1359 2286 1424; x_wconf 86' lang='lat' dir='ltr'><strong>nominato,</strong></span> <span class='ocrx_word' id='word_1_197' title='bbox 2320 1359 2467 1427; x_wconf 85' lang='lat' dir='ltr'><strong>ipsos</strong></span> <span class='ocrx_word' id='word_1_198' title='bbox 2491 1360 2693 1414; x_wconf 89' lang='lat' dir='ltr'><strong>veteris</strong></span> <span class='ocrx_word' id='word_1_199' title='bbox 2718 1359 2999 1413; x_wconf 73' lang='lat' dir='ltr'><strong>commdia:</strong></span> <span class='ocrx_word' id='word_1_200' title='bbox 3028 1360 3133 1412; x_wconf 86' lang='lat' dir='ltr'><strong>ritu</strong></span> <span class='ocrx_word' id='word_1_201' title='bbox 3172 1356 3561 1410; x_wconf 84' lang='lat' dir='ltr'><strong>conviciantes.</strong></span> 
     </span>
    </p>
   </div>
   <div class='ocr_carea' id='block_1_28' title="bbox 1984 1446 3561 1514">
    <p class='ocr_par' dir='ltr' id='par_1_28' title="bbox 1984 1446 3561 1514">
     <span class='ocr_line' id='line_1_28' title="bbox 1984 1446 3561 1514; baseline -0.004 -11"><span class='ocrx_word' id='word_1_202' title='bbox 1984 1446 2220 1513; x_wconf 88' lang='lat' dir='ltr'><strong>Etenim,</strong></span> <span class='ocrx_word' id='word_1_203' title='bbox 2254 1458 2311 1503; x_wconf 88' lang='lat' dir='ltr'><strong>ut</strong></span> <span class='ocrx_word' id='word_1_204' title='bbox 2337 1449 2593 1514; x_wconf 79' lang='lat' dir='ltr'><strong>diximus,</strong></span> <span class='ocrx_word' id='word_1_205' title='bbox 2630 1448 2705 1502; x_wconf 86' lang='lat' dir='ltr'><strong>illi</strong></span> <span class='ocrx_word' id='word_1_206' title='bbox 2738 1449 3050 1503; x_wconf 89' lang='lat' dir='ltr'><strong>dualitatem</strong></span> <span class='ocrx_word' id='word_1_207' title='bbox 3082 1457 3416 1512; x_wconf 86' lang='lat' dir='ltr'><strong>naturarum,</strong></span> <span class='ocrx_word' id='word_1_208' title='bbox 3456 1460 3561 1498; x_wconf 88' lang='lat' dir='ltr'><strong>non</strong></span> 
     </span>
    </p>
   </div>
   <div class='ocr_carea' id='block_1_29' title="bbox 1983 1536 3563 1609">
    <p class='ocr_par' dir='ltr' id='par_1_29' title="bbox 1983 1536 3563 1609">
     <span class='ocr_line' id='line_1_29' title="bbox 1983 1536 3563 1609; baseline -0.003 -14"><span class='ocrx_word' id='word_1_209' title='bbox 1983 1554 2053 1595; x_wconf 82' lang='lat' dir='ltr'><strong>ex</strong></span> <span class='ocrx_word' id='word_1_210' title='bbox 2077 1541 2369 1601; x_wconf 87' lang='lat' dir='ltr'><strong>sententia,</strong></span> <span class='ocrx_word' id='word_1_211' title='bbox 2404 1554 2579 1609; x_wconf 89' lang='lat' dir='ltr'><strong>neque</strong></span> <span class='ocrx_word' id='word_1_212' title='bbox 2617 1540 2870 1605; x_wconf 88' lang='lat' dir='ltr'><strong>libenter,</strong></span> <span class='ocrx_word' id='word_1_213' title='bbox 2914 1554 3088 1608; x_wconf 85' lang='lat' dir='ltr'><strong>neque</strong></span> <span class='ocrx_word' id='word_1_214' title='bbox 3119 1554 3185 1592; x_wconf 81' lang='lat' dir='ltr'><strong>ex</strong></span> <span class='ocrx_word' id='word_1_215' title='bbox 3211 1537 3318 1591; x_wconf 91' lang='lat' dir='ltr'><strong>ﬁde</strong></span> <span class='ocrx_word' id='word_1_216' title='bbox 3346 1536 3563 1592; x_wconf 81' lang='lat' dir='ltr'><strong>confes-</strong></span> 
     </span>
    </p>
   </div>
   <div class='ocr_carea' id='block_1_30' title="bbox 1982 1621 3563 1694">
    <p class='ocr_par' dir='ltr' id='par_1_30' title="bbox 1982 1621 3563 1694">
     <span class='ocr_line' id='line_1_30' title="bbox 1982 1621 3563 1694; baseline -0.007 -9"><span class='ocrx_word' id='word_1_217' title='bbox 1982 1630 2152 1685; x_wconf 88' lang='lat' dir='ltr'><strong>sionis</strong></span> <span class='ocrx_word' id='word_1_218' title='bbox 2201 1638 2454 1683; x_wconf 90' lang='lat' dir='ltr'><strong>asserunt</strong></span> <span class='ocrx_word' id='word_1_219' title='bbox 2494 1646 2508 1681; x_wconf 87' lang='lat'><strong>:</strong></span> <span class='ocrx_word' id='word_1_220' title='bbox 2550 1643 2738 1682; x_wconf 82' lang='lat' dir='ltr'><strong>verum</strong></span> <span class='ocrx_word' id='word_1_221' title='bbox 2792 1636 2851 1681; x_wconf 92' lang='lat' dir='ltr'><strong>ut</strong></span> <span class='ocrx_word' id='word_1_222' title='bbox 2882 1626 2935 1681; x_wconf 84' lang='lat' dir='ltr'><strong>in</strong></span> <span class='ocrx_word' id='word_1_223' title='bbox 2984 1624 3358 1694; x_wconf 84' lang='lat' dir='ltr'><strong>contraposita</strong></span> <span class='ocrx_word' id='word_1_224' title='bbox 3411 1621 3563 1675; x_wconf 78' lang='lat' dir='ltr'><strong>falsae</strong></span> 
     </span>
    </p>
   </div>
   <div class='ocr_carea' id='block_1_31' title="bbox 1983 1713 3557 1790">
    <p class='ocr_par' dir='ltr' id='par_1_31' title="bbox 1983 1713 3557 1790">
     <span class='ocr_line' id='line_1_31' title="bbox 1983 1713 3557 1790; baseline -0.005 -15"><span class='ocrx_word' id='word_1_225' title='bbox 1983 1721 2310 1790; x_wconf 83' lang='lat' dir='ltr'><strong>cognitionis</strong></span> <span class='ocrx_word' id='word_1_226' title='bbox 2335 1719 2668 1790; x_wconf 90' lang='lat' dir='ltr'><strong>cognitione,</strong></span> <span class='ocrx_word' id='word_1_227' title='bbox 2702 1719 2800 1772; x_wconf 89' lang='lat' dir='ltr'><strong>sed</strong></span> <span class='ocrx_word' id='word_1_228' title='bbox 2827 1718 3124 1772; x_wconf 89' lang='lat' dir='ltr'><strong>secundum</strong></span> <span class='ocrx_word' id='word_1_229' title='bbox 3160 1713 3557 1769; x_wconf 85' lang='lat' dir='ltr'><strong>ordinationem</strong></span> 
     </span>
    </p>
   </div>
   <div class='ocr_carea' id='block_1_32' title="bbox 1982 1803 3561 1879">
    <p class='ocr_par' dir='ltr' id='par_1_32' title="bbox 1982 1803 3561 1879">
     <span class='ocr_line' id='line_1_32' title="bbox 1982 1803 3561 1879; baseline -0.006 -16"><span class='ocrx_word' id='word_1_230' title='bbox 1982 1810 2465 1879; x_wconf 73' lang='lat' dir='ltr'><strong>eccasionemque,</strong></span> <span class='ocrx_word' id='word_1_231' title='bbox 2498 1818 2552 1863; x_wconf 89' lang='lat' dir='ltr'><strong>et</strong></span> <span class='ocrx_word' id='word_1_232' title='bbox 2586 1809 2653 1861; x_wconf 88' lang='lat' dir='ltr'><strong>ab</strong></span> <span class='ocrx_word' id='word_1_233' title='bbox 2685 1808 2937 1862; x_wconf 62' lang='lat' dir='ltr'><strong>haeretica</strong></span> <span class='ocrx_word' id='word_1_234' title='bbox 2970 1806 3200 1875; x_wconf 89' lang='lat' dir='ltr'><strong>quadam</strong></span> <span class='ocrx_word' id='word_1_235' title='bbox 3235 1803 3561 1858; x_wconf 83' lang='lat' dir='ltr'><strong>necessitate</strong></span> 
     </span>
    </p>
   </div>
   <div class='ocr_carea' id='block_1_33' title="bbox 1982 1894 3556 1969">
    <p class='ocr_par' dir='ltr' id='par_1_33' title="bbox 1982 1894 3556 1969">
     <span class='ocr_line' id='line_1_33' title="bbox 1982 1894 3556 1969; baseline -0.007 -13"><span class='ocrx_word' id='word_1_236' title='bbox 1982 1900 2268 1969; x_wconf 89' lang='lat' dir='ltr'><strong>compulsi.</strong></span> <span class='ocrx_word' id='word_1_237' title='bbox 2300 1899 2365 1953; x_wconf 78' lang='lat' dir='ltr'><strong>Et</strong></span> <span class='ocrx_word' id='word_1_238' title='bbox 2394 1900 2523 1969; x_wconf 89' lang='lat' dir='ltr'><strong>quid</strong></span> <span class='ocrx_word' id='word_1_239' title='bbox 2546 1900 2654 1953; x_wconf 82' lang='lat' dir='ltr'><strong>ltoo</strong></span> <span class='ocrx_word' id='word_1_240' title='bbox 2675 1897 2823 1952; x_wconf 88' lang='lat' dir='ltr'><strong>aliud</strong></span> <span class='ocrx_word' id='word_1_241' title='bbox 2857 1896 3018 1950; x_wconf 83' lang='lat' dir='ltr'><strong>fuerit</strong></span> <span class='ocrx_word' id='word_1_242' title='bbox 3044 1895 3142 1947; x_wconf 90' lang='lat' dir='ltr'><strong>nisi</strong></span> <span class='ocrx_word' id='word_1_243' title='bbox 3176 1894 3404 1949; x_wconf 79' lang='lat' dir='ltr'><strong>eximios</strong></span> <span class='ocrx_word' id='word_1_244' title='bbox 3437 1908 3556 1946; x_wconf 87' lang='lat' dir='ltr'><strong>nta-</strong></span> 
     </span>
    </p>
   </div>
   <div class='ocr_carea' id='block_1_34' title="bbox 1984 1986 3553 2062">
    <p class='ocr_par' dir='ltr' id='par_1_34' title="bbox 1984 1986 3553 2062">
     <span class='ocr_line' id='line_1_34' title="bbox 1984 1986 3553 2062; baseline -0.005 -16"><span class='ocrx_word' id='word_1_245' title='bbox 1984 1992 2182 2062; x_wconf 89' lang='lat' dir='ltr'><strong>gistros</strong></span> <span class='ocrx_word' id='word_1_246' title='bbox 2211 1992 2499 2047; x_wconf 87' lang='lat' dir='ltr'><strong>ostendere</strong></span> <span class='ocrx_word' id='word_1_247' title='bbox 2526 1991 2825 2059; x_wconf 89' lang='lat' dir='ltr'><strong>improbos,</strong></span> <span class='ocrx_word' id='word_1_248' title='bbox 2859 1999 2916 2044; x_wconf 90' lang='lat' dir='ltr'><strong>et</strong></span> <span class='ocrx_word' id='word_1_249' title='bbox 2947 1987 3196 2042; x_wconf 83' lang='lat' dir='ltr'><strong>veritatis</strong></span> <span class='ocrx_word' id='word_1_250' title='bbox 3227 1986 3553 2057; x_wconf 89' lang='lat' dir='ltr'><strong>proditores,</strong></span> 
     </span>
    </p>
   </div>
   <div class='ocr_carea' id='block_1_35' title="bbox 1982 2078 3556 2152">
    <p class='ocr_par' dir='ltr' id='par_1_35' title="bbox 1982 2078 3556 2152">
     <span class='ocr_line' id='line_1_35' title="bbox 1982 2078 3556 2152; baseline -0.004 -15"><span class='ocrx_word' id='word_1_251' title='bbox 1982 2093 2037 2137; x_wconf 90' lang='lat' dir='ltr'><strong>et</strong></span> <span class='ocrx_word' id='word_1_252' title='bbox 2062 2083 2295 2152; x_wconf 70' lang='lat' dir='ltr'><strong>propriae</strong></span> <span class='ocrx_word' id='word_1_253' title='bbox 2327 2082 2515 2152; x_wconf 87' lang='lat' dir='ltr'><strong>pietati</strong></span> <span class='ocrx_word' id='word_1_254' title='bbox 2548 2081 2782 2135; x_wconf 87' lang='lat' dir='ltr'><strong>alienam</strong></span> <span class='ocrx_word' id='word_1_255' title='bbox 2816 2088 2871 2135; x_wconf 88' lang='lat' dir='ltr'><strong>et</strong></span> <span class='ocrx_word' id='word_1_256' title='bbox 2902 2079 3213 2134; x_wconf 77' lang='lat' dir='ltr'><strong>htereticam</strong></span> <span class='ocrx_word' id='word_1_257' title='bbox 3245 2078 3556 2147; x_wconf 83' lang='lat' dir='ltr'><strong>Opinionem</strong></span> 
     </span>
    </p>
   </div>
   <div class='ocr_carea' id='block_1_36' title="bbox 280 2157 1872 2251">
    <p class='ocr_par' dir='ltr' id='par_1_36' title="bbox 280 2174 1869 2251">
     <span class='ocr_line' id='line_1_36' title="bbox 280 2174 1869 2251; baseline 0.005 -26"><span class='ocrx_word' id='word_1_258' title='bbox 280 2174 345 2226; x_wconf 86' lang='grc' dir='ltr'><strong>ϐε</strong></span> <span class='ocrx_word' id='word_1_259' title='bbox 356 2175 438 2237; x_wconf 84' lang='grc' dir='ltr'><strong>ίας</strong></span> <span class='ocrx_word' id='word_1_260' title='bbox 461 2176 521 2227; x_wconf 81' lang='grc' dir='ltr'>τὸ</span> <span class='ocrx_word' id='word_1_261' title='bbox 548 2175 828 2246; x_wconf 86' lang='grc' dir='ltr'>ἀλλότριον</span> <span class='ocrx_word' id='word_1_262' title='bbox 850 2178 943 2228; x_wconf 80' lang='grc' dir='ltr'>καὶ</span> <span class='ocrx_word' id='word_1_263' title='bbox 964 2177 1241 2247; x_wconf 78' lang='grc' dir='ltr'>αἱρετικὸν</span> <span class='ocrx_word' id='word_1_264' title='bbox 1262 2178 1440 2249; x_wconf 84' lang='grc' dir='ltr'>δόγμα</span> <span class='ocrx_word' id='word_1_265' title='bbox 1466 2180 1869 2251; x_wconf 77' lang='grc' dir='ltr'>προτιμῶντας,</span> 
     </span>
    </p>
   </div>
   <div class='ocr_carea' id='block_1_37' title="bbox 1978 2157 3556 2251">
    <p class='ocr_par' dir='ltr' id='par_1_37' title="bbox 1979 2169 3556 2244">
     <span class='ocr_line' id='line_1_37' title="bbox 1979 2169 3556 2244; baseline -0.004 -17"><span class='ocrx_word' id='word_1_266' title='bbox 1979 2184 2402 2244; x_wconf 83' lang='lat' dir='ltr'><strong>anteponentes.</strong></span> <span class='ocrx_word' id='word_1_267' title='bbox 2435 2182 2485 2227; x_wconf 90' lang='lat' dir='ltr'><strong>et</strong></span> <span class='ocrx_word' id='word_1_268' title='bbox 2520 2172 2587 2226; x_wconf 91' lang='lat' dir='ltr'><strong>ad</strong></span> <span class='ocrx_word' id='word_1_269' title='bbox 2628 2171 2841 2226; x_wconf 91' lang='lat' dir='ltr'><strong>illorum</strong></span> <span class='ocrx_word' id='word_1_270' title='bbox 2875 2171 3193 2225; x_wconf 83' lang='lat' dir='ltr'><strong>barathrum</strong></span> <span class='ocrx_word' id='word_1_271' title='bbox 3225 2169 3405 2239; x_wconf 90' lang='lat' dir='ltr'><strong>potius</strong></span> <span class='ocrx_word' id='word_1_272' title='bbox 3440 2177 3556 2223; x_wconf 91' lang='lat' dir='ltr'><strong>tra-</strong></span> 
     </span>
    </p>
   </div>
   <div class='ocr_carea' id='block_1_38' title="bbox 280 2265 1871 2343">
    <p class='ocr_par' dir='ltr' id='par_1_38' title="bbox 280 2265 1871 2343">
     <span class='ocr_line' id='line_1_38' title="bbox 280 2265 1871 2343; baseline 0.004 -26"><span class='ocrx_word' id='word_1_273' title='bbox 280 2267 381 2318; x_wconf 83' lang='grc' dir='ltr'><strong>καὶ</strong></span> <span class='ocrx_word' id='word_1_274' title='bbox 413 2265 781 2329; x_wconf 83' lang='grc' dir='ltr'>ἐλκυσθέντας</span> <span class='ocrx_word' id='word_1_275' title='bbox 827 2267 1028 2337; x_wconf 80' lang='grc' dir='ltr'>μᾶλλον</span> <span class='ocrx_word' id='word_1_276' title='bbox 1059 2269 1198 2339; x_wconf 84' lang='grc' dir='ltr'>πρὸς</span> <span class='ocrx_word' id='word_1_277' title='bbox 1226 2269 1288 2323; x_wconf 81' lang='grc' dir='ltr'><strong>τὸ</strong></span> <span class='ocrx_word' id='word_1_278' title='bbox 1325 2271 1551 2324; x_wconf 77' lang='grc' dir='ltr'>ἐκείνων</span> <span class='ocrx_word' id='word_1_279' title='bbox 1599 2270 1871 2343; x_wconf 83' lang='grc' dir='ltr'>βάραθρον</span> 
     </span>
    </p>
   </div>
   <div class='ocr_carea' id='block_1_39' title="bbox 278 2358 1870 2433">
    <p class='ocr_par' dir='ltr' id='par_1_39' title="bbox 278 2358 1870 2433">
     <span class='ocr_line' id='line_1_39' title="bbox 278 2358 1870 2433; baseline 0.004 -23"><span class='ocrx_word' id='word_1_280' title='bbox 278 2358 319 2430; x_wconf 80' lang='grc' dir='ltr'><strong>ἢ</strong></span> <span class='ocrx_word' id='word_1_281' title='bbox 367 2358 578 2412; x_wconf 83' lang='grc' dir='ltr'>ἐκεῖθέν</span> <span class='ocrx_word' id='word_1_282' title='bbox 613 2375 769 2421; x_wconf 87' lang='grc' dir='ltr'>τινας</span> <span class='ocrx_word' id='word_1_283' title='bbox 815 2359 1255 2427; x_wconf 87' lang='grc' dir='ltr'>ἀνελκύσαντας;</span> <span class='ocrx_word' id='word_1_284' title='bbox 1310 2362 1417 2415; x_wconf 91' lang='grc' dir='ltr'><strong>Ποῦ</strong></span> <span class='ocrx_word' id='word_1_285' title='bbox 1464 2362 1574 2433; x_wconf 75' lang='grc' dir='ltr'><strong>γὰρ</strong></span> <span class='ocrx_word' id='word_1_286' title='bbox 1616 2362 1731 2416; x_wconf 84' lang='grc' dir='ltr'>ἐστι</span> <span class='ocrx_word' id='word_1_287' title='bbox 1759 2367 1870 2427; x_wconf 82' lang='grc' dir='ltr'>τοῖς</span> 
     </span>
    </p>
   </div>
   <div class='ocr_carea' id='block_1_40' title="bbox 1976 2260 3556 2334">
    <p class='ocr_par' dir='ltr' id='par_1_40' title="bbox 1976 2260 3556 2334">
     <span class='ocr_line' id='line_1_40' title="bbox 1976 2260 3556 2334; baseline -0.004 -14"><span class='ocrx_word' id='word_1_288' title='bbox 1976 2278 2093 2320; x_wconf 89' lang='lat' dir='ltr'><strong>etos</strong></span> <span class='ocrx_word' id='word_1_289' title='bbox 2117 2280 2279 2334; x_wconf 89' lang='lat' dir='ltr'><strong>qttam</strong></span> <span class='ocrx_word' id='word_1_290' title='bbox 2318 2265 2445 2319; x_wconf 91' lang='lat' dir='ltr'><strong>inde</strong></span> <span class='ocrx_word' id='word_1_291' title='bbox 2490 2262 2703 2333; x_wconf 86' lang='lat' dir='ltr'><strong>aliquos</strong></span> <span class='ocrx_word' id='word_1_292' title='bbox 2747 2262 3043 2316; x_wconf 83' lang='lat' dir='ltr'><strong>trahentes.</strong></span> <span class='ocrx_word' id='word_1_293' title='bbox 3085 2261 3365 2327; x_wconf 86' lang='lat' dir='ltr'><strong>Quomodo</strong></span> <span class='ocrx_word' id='word_1_294' title='bbox 3411 2260 3556 2315; x_wconf 89' lang='lat' dir='ltr'><strong>enim</strong></span> 
     </span>
    </p>
   </div>
   <div class='ocr_carea' id='block_1_41' title="bbox 1977 2350 3555 2415">
    <p class='ocr_par' dir='ltr' id='par_1_41' title="bbox 1977 2350 3555 2415">
     <span class='ocr_line' id='line_1_41' title="bbox 1977 2350 3555 2415; baseline -0.008 -4"><span class='ocrx_word' id='word_1_295' title='bbox 1977 2357 2104 2411; x_wconf 86' lang='lat' dir='ltr'><strong>talia</strong></span> <span class='ocrx_word' id='word_1_296' title='bbox 2134 2371 2258 2411; x_wconf 91' lang='lat' dir='ltr'><strong>cum</strong></span> <span class='ocrx_word' id='word_1_297' title='bbox 2290 2353 2456 2408; x_wconf 88' lang='lat' dir='ltr'><strong>Paulo</strong></span> <span class='ocrx_word' id='word_1_298' title='bbox 2500 2353 2683 2407; x_wconf 86' lang='lat' dir='ltr'><strong>dicere</strong></span> <span class='ocrx_word' id='word_1_299' title='bbox 2718 2351 2912 2415; x_wconf 85' lang='lat' dir='ltr'><strong>liceat,</strong></span> <span class='ocrx_word' id='word_1_300' title='bbox 2949 2350 3087 2415; x_wconf 83' lang='lat' dir='ltr'><strong>Quia</strong></span> <span class='ocrx_word' id='word_1_301' title='bbox 3136 2365 3305 2403; x_wconf 78' lang='lat' dir='ltr'><strong>sermo</strong></span> <span class='ocrx_word' id='word_1_302' title='bbox 3342 2358 3516 2403; x_wconf 73' lang='lat' dir='ltr'><strong>noster</strong></span> <span class='ocrx_word' id='word_1_303' title='bbox 3539 2388 3555 2411; x_wconf 90' lang='lat'><strong>,</strong></span> 
     </span>
    </p>
   </div>
   <div class='ocr_carea' id='block_1_42' title="bbox 276 2438 1872 2524">
    <p class='ocr_par' dir='ltr' id='par_1_42' title="bbox 276 2448 1870 2524">
     <span class='ocr_line' id='line_1_42' title="bbox 276 2448 1870 2524; baseline 0.004 -23"><span class='ocrx_word' id='word_1_304' title='bbox 276 2448 548 2513; x_wconf 72' lang='grc' dir='ltr'>τοιούτοις</span> <span class='ocrx_word' id='word_1_305' title='bbox 577 2450 714 2519; x_wconf 70' lang='grc' dir='ltr'>μετὰ</span> <span class='ocrx_word' id='word_1_306' title='bbox 751 2451 961 2505; x_wconf 74' lang='grc' dir='ltr'>Παύλου</span> <span class='ocrx_word' id='word_1_307' title='bbox 987 2451 1190 2520; x_wconf 86' lang='grc' dir='ltr'>λέγειν,</span> <span class='ocrx_word' id='word_1_308' title='bbox 1218 2453 1295 2517; x_wconf 89' lang='grc' dir='ltr'><strong>ώς</strong></span> <span class='ocrx_word' id='word_1_309' title='bbox 1332 2455 1396 2506; x_wconf 86' lang='lat'><strong>&#39;0</strong></span> <span class='ocrx_word' id='word_1_310' title='bbox 1424 2456 1609 2524; x_wconf 71' lang='grc' dir='ltr'>λόγος</span> <span class='ocrx_word' id='word_1_311' title='bbox 1636 2454 1808 2524; x_wconf 75' lang='grc' dir='ltr'>ἡμῶν</span> <span class='ocrx_word' id='word_1_312' title='bbox 1837 2458 1870 2509; x_wconf 83' lang='grc' dir='ltr'><em>ὁ</em></span> 
     </span>
    </p>
   </div>
   <div class='ocr_carea' id='block_1_43' title="bbox 1978 2438 3555 2524">
    <p class='ocr_par' dir='ltr' id='par_1_43' title="bbox 1978 2438 3555 2517">
     <span class='ocr_line' id='line_1_43' title="bbox 1978 2438 3555 2517; baseline -0.006 -15"><span class='ocrx_word' id='word_1_313' title='bbox 1978 2449 2062 2517; x_wconf 80' lang='lat' dir='ltr'><strong>qui</strong></span> <span class='ocrx_word' id='word_1_314' title='bbox 2093 2447 2191 2517; x_wconf 81' lang='lat' dir='ltr'><strong>fuit</strong></span> <span class='ocrx_word' id='word_1_315' title='bbox 2232 2448 2372 2516; x_wconf 83' lang='lat' dir='ltr'><strong>apud</strong></span> <span class='ocrx_word' id='word_1_316' title='bbox 2414 2461 2533 2509; x_wconf 81' lang='lat' dir='ltr'><strong>vos,</strong></span> <span class='ocrx_word' id='word_1_317' title='bbox 2576 2460 2678 2497; x_wconf 86' lang='lat' dir='ltr'><strong>non</strong></span> <span class='ocrx_word' id='word_1_318' title='bbox 2713 2452 2790 2497; x_wconf 81' lang='lat' dir='ltr'><strong>est</strong></span> <span class='ocrx_word' id='word_1_319' title='bbox 2822 2447 2876 2495; x_wconf 83' lang='lat' dir='ltr'><strong>in</strong></span> <span class='ocrx_word' id='word_1_320' title='bbox 2911 2442 3002 2495; x_wconf 84' lang='lat' dir='ltr'><strong>illo</strong></span> <span class='ocrx_word' id='word_1_321' title='bbox 3044 2440 3135 2494; x_wconf 78' lang='lat' dir='ltr'><strong>Est</strong></span> <span class='ocrx_word' id='word_1_322' title='bbox 3174 2452 3219 2494; x_wconf 81' lang='lat' dir='ltr'><strong>et</strong></span> <span class='ocrx_word' id='word_1_323' title='bbox 3264 2438 3388 2495; x_wconf 85' lang='lat' dir='ltr'><strong>Non</strong></span> <span class='ocrx_word' id='word_1_324' title='bbox 3416 2455 3435 2492; x_wconf 91' lang='lat'><strong><em>:</em></strong></span> <span class='ocrx_word' id='word_1_325' title='bbox 3465 2441 3555 2494; x_wconf 81' lang='lat' dir='ltr'><strong>sed</strong></span> 
     </span>
    </p>
   </div>
   <div class='ocr_carea' id='block_1_44' title="bbox 278 2540 1873 2610">
    <p class='ocr_par' dir='ltr' id='par_1_44' title="bbox 278 2540 1873 2610">
     <span class='ocr_line' id='line_1_44' title="bbox 278 2540 1873 2610; baseline 0.004 -17"><span class='ocrx_word' id='word_1_326' title='bbox 278 2540 436 2610; x_wconf 80' lang='grc' dir='ltr'>πρὸς</span> <span class='ocrx_word' id='word_1_327' title='bbox 471 2540 630 2609; x_wconf 81' lang='grc' dir='ltr'>ὑμᾶς</span> <span class='ocrx_word' id='word_1_328' title='bbox 660 2542 773 2595; x_wconf 84' lang='grc' dir='ltr'>οὐκ</span> <span class='ocrx_word' id='word_1_329' title='bbox 810 2541 1048 2610; x_wconf 76' lang='grc' dir='ltr'>ἐγένετο</span> <span class='ocrx_word' id='word_1_330' title='bbox 1093 2547 1191 2597; x_wconf 79' lang='grc' dir='ltr'><strong>ναὶ</strong></span> <span class='ocrx_word' id='word_1_331' title='bbox 1228 2544 1330 2598; x_wconf 81' lang='grc' dir='ltr'><strong>καί</strong></span> <span class='ocrx_word' id='word_1_332' title='bbox 1367 2545 1461 2609; x_wconf 86' lang='grc' dir='ltr'>οὒ,</span> <span class='ocrx_word' id='word_1_333' title='bbox 1488 2547 1651 2599; x_wconf 74' lang='grc' dir='ltr'><em>ἀλλὰ</em></span> <span class='ocrx_word' id='word_1_334' title='bbox 1675 2547 1770 2599; x_wconf 73' lang='grc' dir='ltr'>ναί</span> <span class='ocrx_word' id='word_1_335' title='bbox 1804 2547 1873 2599; x_wconf 78' lang='grc' dir='ltr'><strong>ἑν</strong></span> 
     </span>
    </p>
   </div>
   <div class='ocr_carea' id='block_1_45' title="bbox 277 2629 1870 2709">
    <p class='ocr_par' dir='ltr' id='par_1_45' title="bbox 277 2629 1870 2709">
     <span class='ocr_line' id='line_1_45' title="bbox 277 2629 1870 2709; baseline 0.004 -25"><span class='ocrx_word' id='word_1_336' title='bbox 277 2629 446 2696; x_wconf 83' lang='grc' dir='ltr'>αὑτῷ</span> <span class='ocrx_word' id='word_1_337' title='bbox 474 2634 706 2701; x_wconf 69' lang='grc' dir='ltr'>γέγονε,</span> <span class='ocrx_word' id='word_1_338' title='bbox 744 2634 943 2703; x_wconf 87' lang='grc' dir='ltr'>μυρίας</span> <span class='ocrx_word' id='word_1_339' title='bbox 975 2636 1186 2705; x_wconf 71' lang='grc' dir='ltr'>τροπὰς</span> <span class='ocrx_word' id='word_1_340' title='bbox 1233 2638 1371 2708; x_wconf 86' lang='grc' dir='ltr'>πρὸς</span> <span class='ocrx_word' id='word_1_341' title='bbox 1404 2639 1494 2689; x_wconf 67' lang='grc' dir='ltr'><strong>τὸν</strong></span> <span class='ocrx_word' id='word_1_342' title='bbox 1547 2637 1660 2707; x_wconf 87' lang='grc' dir='ltr'>βίον</span> <span class='ocrx_word' id='word_1_343' title='bbox 1674 2639 1719 2671; x_wconf 61' lang='grc' dir='ltr'><strong>δ’</strong></span> <span class='ocrx_word' id='word_1_344' title='bbox 1742 2655 1870 2709; x_wconf 87' lang='grc' dir='ltr'>τρε-</span> 
     </span>
    </p>
   </div>
   <div class='ocr_carea' id='block_1_46' title="bbox 282 2721 1868 2798">
    <p class='ocr_par' dir='ltr' id='par_1_46' title="bbox 282 2721 1868 2798">
     <span class='ocr_line' id='line_1_46' title="bbox 282 2721 1868 2798; baseline 0.006 -26"><span class='ocrx_word' id='word_1_345' title='bbox 282 2721 548 2789; x_wconf 79' lang='grc' dir='ltr'>πομένοις</span> <span class='ocrx_word' id='word_1_346' title='bbox 582 2723 675 2774; x_wconf 81' lang='grc' dir='ltr'>καὶ</span> <span class='ocrx_word' id='word_1_347' title='bbox 700 2723 797 2786; x_wconf 84' lang='grc' dir='ltr'>τὰς</span> <span class='ocrx_word' id='word_1_348' title='bbox 810 2724 855 2755; x_wconf 74' lang='grc' dir='ltr'><strong>⁸ο</strong></span> <span class='ocrx_word' id='word_1_349' title='bbox 882 2724 1112 2793; x_wconf 87' lang='grc' dir='ltr'>εὑρίπου</span> <span class='ocrx_word' id='word_1_350' title='bbox 1142 2726 1447 2795; x_wconf 69' lang='grc' dir='ltr'>μεταϐολὰς</span> <span class='ocrx_word' id='word_1_351' title='bbox 1477 2730 1868 2798; x_wconf 85' lang='grc' dir='ltr'>μιμουμένοις;</span> 
     </span>
    </p>
   </div>
   <div class='ocr_carea' id='block_1_47' title="bbox 296 2812 1874 2890">
    <p class='ocr_par' dir='ltr' id='par_1_47' title="bbox 296 2812 1874 2890">
     <span class='ocr_line' id='line_1_47' title="bbox 296 2812 1874 2890; baseline 0.006 -24"><span class='ocrx_word' id='word_1_352' title='bbox 296 2812 461 2867; x_wconf 59' lang='lat' dir='ltr'><strong>una:</strong></span> <span class='ocrx_word' id='word_1_353' title='bbox 507 2814 561 2867; x_wconf 90' lang='grc' dir='ltr'><strong>τί</strong></span> <span class='ocrx_word' id='word_1_354' title='bbox 606 2815 767 2868; x_wconf 76' lang='grc' dir='ltr'>πάλιν</span> <span class='ocrx_word' id='word_1_355' title='bbox 793 2816 958 2886; x_wconf 79' lang='grc' dir='ltr'>φησὶν</span> <span class='ocrx_word' id='word_1_356' title='bbox 1006 2819 1040 2887; x_wconf 86' lang='grc' dir='ltr'><strong>ἠ</strong></span> <span class='ocrx_word' id='word_1_357' title='bbox 1093 2817 1337 2890; x_wconf 79' lang='grc' dir='ltr'>αϊρεσις;</span> <span class='ocrx_word' id='word_1_358' title='bbox 1370 2820 1699 2890; x_wconf 64' lang='grc' dir='ltr'>Συγγνώμη</span> <span class='ocrx_word' id='word_1_359' title='bbox 1748 2822 1874 2888; x_wconf 85' lang='grc' dir='ltr'>τοῖς</span> 
     </span>
    </p>
   </div>
   <div class='ocr_carea' id='block_1_48' title="bbox 282 2905 1874 2983">
    <p class='ocr_par' dir='ltr' id='par_1_48' title="bbox 282 2905 1874 2983">
     <span class='ocr_line' id='line_1_48' title="bbox 282 2905 1874 2983; baseline 0.006 -25"><span class='ocrx_word' id='word_1_360' title='bbox 282 2905 595 2974; x_wconf 79' lang='grc' dir='ltr'>Πατράσιν</span> <span class='ocrx_word' id='word_1_361' title='bbox 613 2923 628 2936; x_wconf 75' lang='grc' dir='ltr'><strong>ο</strong></span> <span class='ocrx_word' id='word_1_362' title='bbox 651 2909 686 2977; x_wconf 84' lang='grc' dir='ltr'>ὴ</span> <span class='ocrx_word' id='word_1_363' title='bbox 712 2907 822 2978; x_wconf 79' lang='grc' dir='ltr'><strong>γὰρ</strong></span> <span class='ocrx_word' id='word_1_364' title='bbox 852 2907 943 2977; x_wconf 74' lang='grc' dir='ltr'>βία</span> <span class='ocrx_word' id='word_1_365' title='bbox 965 2912 1063 2980; x_wconf 77' lang='grc' dir='ltr'>τῆς</span> <span class='ocrx_word' id='word_1_366' title='bbox 1084 2909 1311 2980; x_wconf 84' lang='grc' dir='ltr'>γνώμης</span> <span class='ocrx_word' id='word_1_367' title='bbox 1333 2913 1661 2983; x_wconf 81' lang='grc' dir='ltr'>ἐκράτησεν,</span> <span class='ocrx_word' id='word_1_368' title='bbox 1683 2913 1874 2983; x_wconf 82' lang='grc' dir='ltr'>ῶσπερ</span> 
     </span>
    </p>
   </div>
   <div class='ocr_carea' id='block_1_49' title="bbox 283 2996 1875 3075">
    <p class='ocr_par' dir='ltr' id='par_1_49' title="bbox 283 2996 1875 3075">
     <span class='ocr_line' id='line_1_49' title="bbox 283 2996 1875 3075; baseline 0.006 -26"><span class='ocrx_word' id='word_1_369' title='bbox 283 2996 540 3061; x_wconf 75' lang='grc' dir='ltr'>ἐξουσίαν</span> <span class='ocrx_word' id='word_1_370' title='bbox 564 2997 804 3052; x_wconf 79' lang='grc' dir='ltr'>λαϐοῦσα</span> <span class='ocrx_word' id='word_1_371' title='bbox 835 2999 1093 3071; x_wconf 88' lang='grc' dir='ltr'>λοιδορεῖν</span> <span class='ocrx_word' id='word_1_372' title='bbox 1129 3002 1226 3055; x_wconf 68' lang='grc' dir='ltr'><strong>καὶ</strong></span> <span class='ocrx_word' id='word_1_373' title='bbox 1252 3004 1606 3075; x_wconf 82' lang='grc' dir='ltr'>κατακρίνειν</span> <span class='ocrx_word' id='word_1_374' title='bbox 1642 3005 1731 3057; x_wconf 86' lang='grc' dir='ltr'>ὅτε</span> <span class='ocrx_word' id='word_1_375' title='bbox 1755 3005 1875 3075; x_wconf 84' lang='grc' dir='ltr'>βού-</span> 
     </span>
    </p>
   </div>
   <div class='ocr_carea' id='block_1_50' title="bbox 284 3087 1874 3167">
    <p class='ocr_par' dir='ltr' id='par_1_50' title="bbox 284 3087 1874 3167">
     <span class='ocr_line' id='line_1_50' title="bbox 284 3087 1874 3167; baseline 0.007 -27"><span class='ocrx_word' id='word_1_376' title='bbox 284 3087 440 3142; x_wconf 80' lang='grc' dir='ltr'>λεται</span> <span class='ocrx_word' id='word_1_377' title='bbox 471 3090 566 3143; x_wconf 84' lang='grc' dir='ltr'>καὶ</span> <span class='ocrx_word' id='word_1_378' title='bbox 594 3090 772 3156; x_wconf 46' lang='grc' dir='ltr'>,πάλιν</span> <span class='ocrx_word' id='word_1_379' title='bbox 812 3092 1033 3160; x_wconf 82' lang='grc' dir='ltr'>ἀφιέναι</span> <span class='ocrx_word' id='word_1_380' title='bbox 1058 3093 1182 3146; x_wconf 61' lang='lat' dir='ltr'><strong>ce&quot;</strong></span> <span class='ocrx_word' id='word_1_381' title='bbox 1215 3095 1436 3165; x_wconf 83' lang='grc' dir='ltr'>ἀμάρτη</span> <span class='ocrx_word' id='word_1_382' title='bbox 1447 3113 1544 3165; x_wconf 90' lang='grc' dir='ltr'><strong>μα,</strong></span> <span class='ocrx_word' id='word_1_383' title='bbox 1586 3098 1679 3149; x_wconf 80' lang='grc' dir='ltr'><strong>καὶ</strong></span> <span class='ocrx_word' id='word_1_384' title='bbox 1714 3098 1874 3167; x_wconf 88' lang='grc' dir='ltr'>μόνον</span> 
     </span>
    </p>
   </div>
   <div class='ocr_carea' id='block_1_51' title="bbox 283 3180 1875 3255">
    <p class='ocr_par' dir='ltr' id='par_1_51' title="bbox 283 3180 1875 3255">
     <span class='ocr_line' id='line_1_51' title="bbox 283 3180 1875 3255; baseline 0.006 -22"><span class='ocrx_word' id='word_1_385' title='bbox 283 3181 410 3251; x_wconf 79' lang='grc' dir='ltr'><strong>οὑχὶ</strong></span> <span class='ocrx_word' id='word_1_386' title='bbox 460 3180 675 3251; x_wconf 79' lang='grc' dir='ltr'>βοῶσα·</span> <span class='ocrx_word' id='word_1_387' title='bbox 725 3182 804 3236; x_wconf 84' lang='grc' dir='ltr'><em>Τὰ</em></span> <span class='ocrx_word' id='word_1_388' title='bbox 834 3184 1010 3252; x_wconf 69' lang='grc' dir='ltr'>χείλη</span> <span class='ocrx_word' id='word_1_389' title='bbox 1046 3183 1222 3253; x_wconf 75' lang='grc' dir='ltr'>ἡμῶν</span> <span class='ocrx_word' id='word_1_390' title='bbox 1248 3187 1386 3253; x_wconf 81' lang='grc' dir='ltr'>παρ’</span> <span class='ocrx_word' id='word_1_391' title='bbox 1414 3186 1560 3255; x_wconf 75' lang='grc' dir='ltr'><strong>ἡμῖν</strong></span> <span class='ocrx_word' id='word_1_392' title='bbox 1586 3188 1751 3241; x_wconf 76' lang='grc' dir='ltr'>ἐστι’</span> <span class='ocrx_word' id='word_1_393' title='bbox 1781 3189 1875 3255; x_wconf 81' lang='grc' dir='ltr'><strong>τίς</strong></span> 
     </span>
    </p>
   </div>
   <div class='ocr_carea' id='block_1_52' title="bbox 284 3271 1875 3350">
    <p class='ocr_par' dir='ltr' id='par_1_52' title="bbox 284 3271 1875 3350">
     <span class='ocr_line' id='line_1_52' title="bbox 284 3271 1875 3350; baseline 0.006 -27"><span class='ocrx_word' id='word_1_394' title='bbox 284 3271 460 3340; x_wconf 70' lang='grc' dir='ltr'>ἡμῶν</span> <span class='ocrx_word' id='word_1_395' title='bbox 490 3273 708 3340; x_wconf 83' lang='grc' dir='ltr'>Κύριός</span> <span class='ocrx_word' id='word_1_396' title='bbox 736 3274 908 3338; x_wconf 84' lang='grc' dir='ltr'>ἐστι;</span> <span class='ocrx_word' id='word_1_397' title='bbox 961 3275 1109 3346; x_wconf 81' lang='grc' dir='ltr'>Πλὴν</span> <span class='ocrx_word' id='word_1_398' title='bbox 1138 3278 1188 3329; x_wconf 90' lang='grc' dir='ltr'><strong>εί</strong></span> <span class='ocrx_word' id='word_1_399' title='bbox 1218 3276 1352 3331; x_wconf 85' lang='grc' dir='ltr'>διότι</span> <span class='ocrx_word' id='word_1_400' title='bbox 1382 3278 1521 3348; x_wconf 86' lang='grc' dir='ltr'>πρὸς</span> <span class='ocrx_word' id='word_1_401' title='bbox 1550 3280 1793 3350; x_wconf 81' lang='grc' dir='ltr'>αἱρέσεις</span> <span class='ocrx_word' id='word_1_402' title='bbox 1823 3282 1875 3333; x_wconf 85' lang='grc' dir='ltr'><strong>οἱ</strong></span> 
     </span>
    </p>
   </div>
   <div class='ocr_carea' id='block_1_53' title="bbox 286 3363 1874 3439">
    <p class='ocr_par' dir='ltr' id='par_1_53' title="bbox 286 3363 1874 3439">
     <span class='ocr_line' id='line_1_53' title="bbox 286 3363 1874 3439; baseline 0.004 -22"><span class='ocrx_word' id='word_1_403' title='bbox 286 3363 533 3436; x_wconf 88' lang='grc' dir='ltr'>Πατέρες</span> <span class='ocrx_word' id='word_1_404' title='bbox 567 3366 852 3435; x_wconf 83' lang='grc' dir='ltr'>ἐμάχοντο,</span> <span class='ocrx_word' id='word_1_405' title='bbox 882 3367 986 3421; x_wconf 75' lang='grc' dir='ltr'>κᾶν</span> <span class='ocrx_word' id='word_1_406' title='bbox 1008 3368 1107 3439; x_wconf 88' lang='grc' dir='ltr'><strong>τῆς</strong></span> <span class='ocrx_word' id='word_1_407' title='bbox 1131 3368 1416 3433; x_wconf 82' lang='grc' dir='ltr'>εὐσεϐείας</span> <span class='ocrx_word' id='word_1_408' title='bbox 1448 3370 1759 3438; x_wconf 83' lang='grc' dir='ltr'>ἐξέπιπτον,</span> <span class='ocrx_word' id='word_1_409' title='bbox 1786 3371 1874 3424; x_wconf 85' lang='grc' dir='ltr'><strong>διά</strong></span> 
     </span>
    </p>
   </div>
   <div class='ocr_carea' id='block_1_54' title="bbox 283 3455 1948 3551">
    <p class='ocr_par' dir='ltr' id='par_1_54' title="bbox 283 3455 1948 3551">
     <span class='ocr_line' id='line_1_54' title="bbox 283 3455 1948 3551; baseline 0.008 -45"><span class='ocrx_word' id='word_1_410' title='bbox 283 3455 809 3551; x_wconf 46' lang='grc' dir='ltr'>τοῦτο-συγγνώμης</span> <span class='ocrx_word' id='word_1_411' title='bbox 838 3459 1071 3524; x_wconf 86' lang='grc' dir='ltr'>ἐπάξιοι,</span> <span class='ocrx_word' id='word_1_412' title='bbox 1105 3460 1224 3524; x_wconf 90' lang='grc' dir='ltr'><strong>πῶς</strong></span> <span class='ocrx_word' id='word_1_413' title='bbox 1254 3461 1353 3531; x_wconf 84' lang='grc' dir='ltr'>τῆς</span> <span class='ocrx_word' id='word_1_414' title='bbox 1383 3464 1507 3533; x_wconf 83' lang='grc' dir='ltr'>ῐσης</span> <span class='ocrx_word' id='word_1_415' title='bbox 1528 3464 1874 3533; x_wconf 86' lang='grc' dir='ltr'>συμπαθείας</span> <span class='ocrx_word' id='word_1_416' title='bbox 1902 3490 1948 3551; x_wconf 76' lang='lat' dir='ltr'>c</span> 
     </span>
    </p>
   </div>
   <div class='ocr_carea' id='block_1_55' title="bbox 286 3547 1875 3620">
    <p class='ocr_par' dir='ltr' id='par_1_55' title="bbox 286 3547 1875 3620">
     <span class='ocr_line' id='line_1_55' title="bbox 286 3547 1875 3620; baseline 0.005 -22"><span class='ocrx_word' id='word_1_417' title='bbox 286 3547 526 3616; x_wconf 81' lang='grc' dir='ltr'>ὑμῶν⁸¹,</span> <span class='ocrx_word' id='word_1_418' title='bbox 556 3548 605 3599; x_wconf 87' lang='grc' dir='ltr'>εἰ</span> <span class='ocrx_word' id='word_1_419' title='bbox 637 3548 731 3601; x_wconf 89' lang='grc' dir='ltr'><strong>καί</strong></span> <span class='ocrx_word' id='word_1_420' title='bbox 759 3565 813 3600; x_wconf 91' lang='grc' dir='ltr'><strong>τι</strong></span> <span class='ocrx_word' id='word_1_421' title='bbox 842 3552 1297 3620; x_wconf 81' lang='grc' dir='ltr'>παραχαράσσειν</span> <span class='ocrx_word' id='word_1_422' title='bbox 1329 3551 1535 3618; x_wconf 75' lang='grc' dir='ltr'>ἔδοξαν,</span> <span class='ocrx_word' id='word_1_423' title='bbox 1569 3553 1621 3605; x_wconf 85' lang='grc' dir='ltr'><strong>οἱ</strong></span> <span class='ocrx_word' id='word_1_424' title='bbox 1640 3555 1699 3606; x_wconf 90' lang='grc' dir='ltr'><strong>ἐν</strong></span> <span class='ocrx_word' id='word_1_425' title='bbox 1722 3554 1875 3607; x_wconf 81' lang='grc' dir='ltr'>Καλ-</span> 
     </span>
    </p>
   </div>
   <div class='ocr_carea' id='block_1_56' title="bbox 285 3638 1876 3714">
    <p class='ocr_par' dir='ltr' id='par_1_56' title="bbox 285 3638 1876 3714">
     <span class='ocr_line' id='line_1_56' title="bbox 285 3638 1876 3714; baseline 0.003 -24"><span class='ocrx_word' id='word_1_426' title='bbox 285 3638 476 3710; x_wconf 79' lang='grc' dir='ltr'>χηδόνι</span> <span class='ocrx_word' id='word_1_427' title='bbox 521 3640 623 3691; x_wconf 87' lang='grc' dir='ltr'><strong>οὑκ</strong></span> <span class='ocrx_word' id='word_1_428' title='bbox 670 3639 1031 3709; x_wconf 83' lang='grc' dir='ltr'>ἀπήλαυσαν;</span> <span class='ocrx_word' id='word_1_429' title='bbox 1066 3642 1173 3693; x_wconf 76' lang='grc' dir='ltr'><strong>Καὶ</strong></span> <span class='ocrx_word' id='word_1_430' title='bbox 1203 3642 1340 3712; x_wconf 84' lang='grc' dir='ltr'>πρὸς</span> <span class='ocrx_word' id='word_1_431' title='bbox 1366 3643 1460 3694; x_wconf 87' lang='grc' dir='ltr'><strong>δύο</strong></span> <span class='ocrx_word' id='word_1_432' title='bbox 1493 3642 1601 3713; x_wconf 83' lang='grc' dir='ltr'><strong>γὰρ</strong></span> <span class='ocrx_word' id='word_1_433' title='bbox 1635 3643 1876 3714; x_wconf 80' lang='grc' dir='ltr'>αἱρέσεις</span> 
     </span>
    </p>
   </div>
   <div class='ocr_carea' id='block_1_57' title="bbox 287 3724 1877 3802">
    <p class='ocr_par' dir='ltr' id='par_1_57' title="bbox 287 3724 1877 3802">
     <span class='ocr_line' id='line_1_57' title="bbox 287 3724 1877 3802; baseline 0.002 -17"><span class='ocrx_word' id='word_1_434' title='bbox 287 3730 388 3785; x_wconf 78' lang='grc' dir='ltr'><strong>καὶ</strong></span> <span class='ocrx_word' id='word_1_435' title='bbox 415 3724 561 3784; x_wconf 81' lang='grc' dir='ltr'>οὑτοι</span> <span class='ocrx_word' id='word_1_436' title='bbox 594 3730 1081 3800; x_wconf 80' lang='grc' dir='ltr'>διαμαχεσάμενοι,</span> <span class='ocrx_word' id='word_1_437' title='bbox 1116 3731 1214 3802; x_wconf 84' lang='grc' dir='ltr'>τὴν</span> <span class='ocrx_word' id='word_1_438' title='bbox 1250 3733 1547 3802; x_wconf 87' lang='grc' dir='ltr'>Νεστορίου</span> <span class='ocrx_word' id='word_1_439' title='bbox 1577 3735 1672 3787; x_wconf 74' lang='grc' dir='ltr'><strong>καὶ</strong></span> <span class='ocrx_word' id='word_1_440' title='bbox 1704 3735 1877 3787; x_wconf 78' lang='grc' dir='ltr'><strong>Εὑτυ⁸</strong></span> 
     </span>
    </p>
   </div>
   <div class='ocr_carea' id='block_1_58' title="bbox 286 3821 1874 3895">
    <p class='ocr_par' dir='ltr' id='par_1_58' title="bbox 286 3821 1874 3895">
     <span class='ocr_line' id='line_1_58' title="bbox 286 3821 1874 3895; baseline 0.004 -22"><span class='ocrx_word' id='word_1_441' title='bbox 286 3822 440 3891; x_wconf 88' lang='grc' dir='ltr'>χοῦς,</span> <span class='ocrx_word' id='word_1_442' title='bbox 471 3821 857 3891; x_wconf 86' lang='grc' dir='ltr'>ἐδογμάτισαν.</span> <span class='ocrx_word' id='word_1_443' title='bbox 876 3822 1015 3875; x_wconf 80' lang='grc' dir='ltr'>Ἀλλ’</span> <span class='ocrx_word' id='word_1_444' title='bbox 1036 3823 1208 3886; x_wconf 77' lang='grc' dir='ltr'>οὑτως</span> <span class='ocrx_word' id='word_1_445' title='bbox 1236 3824 1353 3878; x_wconf 79' lang='grc' dir='ltr'>ἐστὶ</span> <span class='ocrx_word' id='word_1_446' title='bbox 1375 3825 1651 3895; x_wconf 81' lang='grc' dir='ltr'>πανταχοῦ</span> <span class='ocrx_word' id='word_1_447' title='bbox 1677 3825 1874 3893; x_wconf 78' lang='grc' dir='ltr'>τυφλὸν</span> 
     </span>
    </p>
   </div>
   <div class='ocr_carea' id='block_1_59' title="bbox 286 3912 1874 3984">
    <p class='ocr_par' dir='ltr' id='par_1_59' title="bbox 286 3912 1874 3984">
     <span class='ocr_line' id='line_1_59' title="bbox 286 3912 1874 3984; baseline 0.003 -19"><span class='ocrx_word' id='word_1_448' title='bbox 286 3913 386 3965; x_wconf 76' lang='grc' dir='ltr'>καὶ</span> <span class='ocrx_word' id='word_1_449' title='bbox 417 3913 600 3980; x_wconf 76' lang='grc' dir='ltr'>κωφὸν</span> <span class='ocrx_word' id='word_1_450' title='bbox 633 3913 665 3980; x_wconf 82' lang='grc' dir='ltr'><strong>ἡ</strong></span> <span class='ocrx_word' id='word_1_451' title='bbox 702 3913 948 3977; x_wconf 88' lang='grc' dir='ltr'>ἀσέϐεια,</span> <span class='ocrx_word' id='word_1_452' title='bbox 978 3914 1072 3968; x_wconf 80' lang='grc' dir='ltr'>καὶ</span> <span class='ocrx_word' id='word_1_453' title='bbox 1122 3913 1246 3967; x_wconf 80' lang='grc' dir='ltr'>οῦτε</span> <span class='ocrx_word' id='word_1_454' title='bbox 1297 3915 1514 3984; x_wconf 83' lang='grc' dir='ltr'>βλέπειν</span> <span class='ocrx_word' id='word_1_455' title='bbox 1566 3912 1704 3969; x_wconf 78' lang='grc' dir='ltr'>οἶδεν</span> <span class='ocrx_word' id='word_1_456' title='bbox 1749 3916 1874 3969; x_wconf 77' lang='grc' dir='ltr'>οὔτε</span> 
     </span>
    </p>
   </div>
   <div class='ocr_carea' id='block_1_60' title="bbox 288 4002 1873 4076">
    <p class='ocr_par' dir='ltr' id='par_1_60' title="bbox 288 4002 1873 4076">
     <span class='ocr_line' id='line_1_60' title="bbox 288 4002 1873 4076; baseline 0.004 -22"><span class='ocrx_word' id='word_1_457' title='bbox 288 4002 542 4068; x_wconf 81' lang='grc' dir='ltr'>ἀκούειν,</span> <span class='ocrx_word' id='word_1_458' title='bbox 566 4004 678 4056; x_wconf 80' lang='grc' dir='ltr'>οὐδ’</span> <span class='ocrx_word' id='word_1_459' title='bbox 711 4002 857 4075; x_wconf 75' lang='grc' dir='ltr'>ἅπερ</span> <span class='ocrx_word' id='word_1_460' title='bbox 906 4004 1043 4073; x_wconf 82' lang='grc' dir='ltr'>αὑτὴ</span> <span class='ocrx_word' id='word_1_461' title='bbox 1091 4006 1276 4075; x_wconf 86' lang='grc' dir='ltr'>ἐκείνη</span> <span class='ocrx_word' id='word_1_462' title='bbox 1324 4005 1785 4076; x_wconf 80' lang='grc' dir='ltr'>προϐάλλεται.Ἦ</span> <span class='ocrx_word' id='word_1_463' title='bbox 1816 4007 1873 4060; x_wconf 86' lang='grc' dir='ltr'><strong>δέ</strong></span> 
     </span>
    </p>
   </div>
   <div class='ocr_carea' id='block_1_61' title="bbox 284 4095 1874 4167">
    <p class='ocr_par' dir='ltr' id='par_1_61' title="bbox 284 4095 1874 4167">
     <span class='ocr_line' id='line_1_61' title="bbox 284 4095 1874 4167; baseline 0.003 -20"><span class='ocrx_word' id='word_1_464' title='bbox 284 4096 347 4147; x_wconf 88' lang='grc' dir='ltr'><strong>ἐν</strong></span> <span class='ocrx_word' id='word_1_465' title='bbox 381 4095 681 4165; x_wconf 68' lang='grc' dir='ltr'>Καλχηδόνι</span> <span class='ocrx_word' id='word_1_466' title='bbox 712 4095 928 4158; x_wconf 87' lang='grc' dir='ltr'>σύνοδος</span> <span class='ocrx_word' id='word_1_467' title='bbox 956 4095 1120 4159; x_wconf 81' lang='grc' dir='ltr'>εὐθὺς</span> <span class='ocrx_word' id='word_1_468' title='bbox 1171 4096 1272 4165; x_wconf 85' lang='grc' dir='ltr'><strong>μὲν</strong></span> <span class='ocrx_word' id='word_1_469' title='bbox 1314 4097 1616 4167; x_wconf 79' lang='grc' dir='ltr'>ἀρχομένη,</span> <span class='ocrx_word' id='word_1_470' title='bbox 1652 4098 1687 4152; x_wconf 80' lang='grc' dir='ltr'><strong>ἀ</strong></span> <span class='ocrx_word' id='word_1_471' title='bbox 1732 4100 1874 4153; x_wconf 86' lang='grc' dir='ltr'><strong>κατά</strong></span> 
     </span>
    </p>
   </div>
   <div class='ocr_carea' id='block_1_62' title="bbox 282 4186 1873 4259">
    <p class='ocr_par' dir='ltr' id='par_1_62' title="bbox 282 4186 1873 4259">
     <span class='ocr_line' id='line_1_62' title="bbox 282 4186 1873 4259; baseline 0.003 -20"><span class='ocrx_word' id='word_1_472' title='bbox 282 4186 587 4256; x_wconf 83' lang='grc' dir='ltr'>Νεστορίου</span> <span class='ocrx_word' id='word_1_473' title='bbox 623 4186 889 4257; x_wconf 82' lang='grc' dir='ltr'>Κύριλλος</span> <span class='ocrx_word' id='word_1_474' title='bbox 920 4188 978 4241; x_wconf 85' lang='grc' dir='ltr'><strong>ἐν</strong></span> <span class='ocrx_word' id='word_1_475' title='bbox 1019 4188 1233 4258; x_wconf 75' lang='grc' dir='ltr'>Ἐφέσῳ</span> <span class='ocrx_word' id='word_1_476' title='bbox 1273 4189 1601 4259; x_wconf 80' lang='grc' dir='ltr'>διεπράξατο</span> <span class='ocrx_word' id='word_1_477' title='bbox 1623 4233 1637 4257; x_wconf 96' lang='grc'><strong>,</strong></span> <span class='ocrx_word' id='word_1_478' title='bbox 1665 4191 1873 4253; x_wconf 85' lang='grc' dir='ltr'>τούτοις</span> 
     </span>
    </p>
   </div>
   <div class='ocr_carea' id='block_1_63' title="bbox 281 4275 1872 4349">
    <p class='ocr_par' dir='ltr' id='par_1_63' title="bbox 281 4275 1872 4349">
     <span class='ocr_line' id='line_1_63' title="bbox 281 4275 1872 4349; baseline 0.002 -19"><span class='ocrx_word' id='word_1_479' title='bbox 281 4275 348 4330; x_wconf 81' lang='grc' dir='ltr'><strong>τὸ</strong></span> <span class='ocrx_word' id='word_1_480' title='bbox 383 4276 548 4345; x_wconf 88' lang='grc' dir='ltr'>κῦρος</span> <span class='ocrx_word' id='word_1_481' title='bbox 573 4276 816 4341; x_wconf 83' lang='grc' dir='ltr'>ἐπέθετο,</span> <span class='ocrx_word' id='word_1_482' title='bbox 851 4277 947 4329; x_wconf 81' lang='grc' dir='ltr'><strong>καὶ</strong></span> <span class='ocrx_word' id='word_1_483' title='bbox 977 4276 1076 4340; x_wconf 85' lang='grc' dir='ltr'>τὰς</span> <span class='ocrx_word' id='word_1_484' title='bbox 1116 4278 1224 4347; x_wconf 78' lang='grc' dir='ltr'><strong>πρὸ</strong></span> <span class='ocrx_word' id='word_1_485' title='bbox 1256 4278 1461 4349; x_wconf 89' lang='grc' dir='ltr'>ταύτης</span> <span class='ocrx_word' id='word_1_486' title='bbox 1497 4279 1590 4334; x_wconf 89' lang='grc' dir='ltr'><strong>δύο</strong></span> <span class='ocrx_word' id='word_1_487' title='bbox 1621 4282 1872 4344; x_wconf 88' lang='grc' dir='ltr'>συνόδους</span> 
     </span>
    </p>
   </div>
   <div class='ocr_carea' id='block_1_64' title="bbox 280 4368 1872 4442">
    <p class='ocr_par' dir='ltr' id='par_1_64' title="bbox 280 4368 1872 4442">
     <span class='ocr_line' id='line_1_64' title="bbox 280 4368 1872 4442; baseline 0.004 -20"><span class='ocrx_word' id='word_1_488' title='bbox 280 4368 371 4431; x_wconf 83' lang='grc' dir='ltr'><strong>εἱς</strong></span> <span class='ocrx_word' id='word_1_489' title='bbox 392 4368 519 4438; x_wconf 82' lang='grc' dir='ltr'>ὅρον</span> <span class='ocrx_word' id='word_1_490' title='bbox 549 4368 769 4434; x_wconf 77' lang='grc' dir='ltr'>ἐδέξατο</span> <span class='ocrx_word' id='word_1_491' title='bbox 808 4369 1065 4435; x_wconf 85' lang='grc' dir='ltr'>πίστεως,</span> <span class='ocrx_word' id='word_1_492' title='bbox 1103 4371 1197 4423; x_wconf 80' lang='grc' dir='ltr'><strong>καὶ</strong></span> <span class='ocrx_word' id='word_1_493' title='bbox 1234 4372 1449 4442; x_wconf 83' lang='grc' dir='ltr'><strong>Ι’Δρειον</strong></span> <span class='ocrx_word' id='word_1_494' title='bbox 1480 4372 1536 4426; x_wconf 84' lang='grc' dir='ltr'><strong>δέ</strong></span> <span class='ocrx_word' id='word_1_495' title='bbox 1572 4375 1667 4427; x_wconf 80' lang='grc' dir='ltr'><strong>καὶ</strong></span> <span class='ocrx_word' id='word_1_496' title='bbox 1690 4375 1872 4427; x_wconf 84' lang='grc' dir='ltr'>Μακε-</span> 
     </span>
    </p>
   </div>
   <div class='ocr_carea' id='block_1_65' title="bbox 278 4458 1870 4535">
    <p class='ocr_par' dir='ltr' id='par_1_65' title="bbox 278 4458 1870 4535">
     <span class='ocr_line' id='line_1_65' title="bbox 278 4458 1870 4535; baseline 0.004 -24"><span class='ocrx_word' id='word_1_497' title='bbox 278 4458 458 4512; x_wconf 84' lang='grc' dir='ltr'>δόνιον</span> <span class='ocrx_word' id='word_1_498' title='bbox 487 4461 579 4511; x_wconf 80' lang='grc' dir='ltr'><strong>καὶ</strong></span> <span class='ocrx_word' id='word_1_499' title='bbox 607 4459 902 4529; x_wconf 84' lang='grc' dir='ltr'>Νεστόριον</span> <span class='ocrx_word' id='word_1_500' title='bbox 939 4460 1018 4535; x_wconf 85' lang='grc' dir='ltr'>τῷ</span> <span class='ocrx_word' id='word_1_501' title='bbox 1047 4460 1196 4530; x_wconf 84' lang='grc' dir='ltr'>αὑτῷ</span> <span class='ocrx_word' id='word_1_502' title='bbox 1229 4462 1517 4533; x_wconf 87' lang='grc' dir='ltr'>συνέδησεν</span> <span class='ocrx_word' id='word_1_503' title='bbox 1549 4465 1870 4535; x_wconf 83' lang='grc' dir='ltr'>ἀναθέματι,</span> 
     </span>
    </p>
   </div>
   <div class='ocr_carea' id='block_1_66' title="bbox 282 4550 1870 4623">
    <p class='ocr_par' dir='ltr' id='par_1_66' title="bbox 282 4550 1870 4623">
     <span class='ocr_line' id='line_1_66' title="bbox 282 4550 1870 4623; baseline 0.002 -19"><span class='ocrx_word' id='word_1_504' title='bbox 282 4551 385 4604; x_wconf 69' lang='grc' dir='ltr'><strong>καὶ</strong></span> <span class='ocrx_word' id='word_1_505' title='bbox 415 4552 540 4613; x_wconf 79' lang='grc' dir='ltr'>τοὺς</span> <span class='ocrx_word' id='word_1_506' title='bbox 570 4553 649 4613; x_wconf 90' lang='grc' dir='ltr'><strong>είς</strong></span> <span class='ocrx_word' id='word_1_507' title='bbox 671 4550 806 4602; x_wconf 83' lang='grc' dir='ltr'>υἱῶν</span> <span class='ocrx_word' id='word_1_508' title='bbox 832 4550 1002 4605; x_wconf 86' lang='grc' dir='ltr'>δυάδα</span> <span class='ocrx_word' id='word_1_509' title='bbox 1034 4552 1095 4604; x_wconf 84' lang='grc' dir='ltr'>τὸ</span> <span class='ocrx_word' id='word_1_510' title='bbox 1126 4553 1227 4623; x_wconf 84' lang='grc' dir='ltr'>τῆς</span> <span class='ocrx_word' id='word_1_511' title='bbox 1257 4553 1568 4623; x_wconf 87' lang='grc' dir='ltr'>οἱκονομίας</span> <span class='ocrx_word' id='word_1_512' title='bbox 1596 4554 1870 4607; x_wconf 89' lang='grc' dir='ltr'>διασπῶν-</span> 
     </span>
    </p>
   </div>
   <div class='ocr_carea' id='block_1_67' title="bbox 278 4638 1871 4712">
    <p class='ocr_par' dir='ltr' id='par_1_67' title="bbox 278 4638 1871 4712">
     <span class='ocr_line' id='line_1_67' title="bbox 278 4638 1871 4712; baseline 0.013 -35"><span class='ocrx_word' id='word_1_513' title='bbox 278 4650 387 4700; x_wconf 73' lang='grc' dir='ltr'><strong>τας</strong></span> <span class='ocrx_word' id='word_1_514' title='bbox 412 4639 729 4708; x_wconf 77' lang='grc' dir='ltr'>μυστήριον,</span> <span class='ocrx_word' id='word_1_515' title='bbox 751 4638 939 4708; x_wconf 81' lang='grc' dir='ltr'>ὥσπερ</span> <span class='ocrx_word' id='word_1_516' title='bbox 965 4640 1060 4693; x_wconf 80' lang='grc' dir='ltr'><strong>καὶ</strong></span> <span class='ocrx_word' id='word_1_517' title='bbox 1085 4641 1211 4702; x_wconf 83' lang='grc' dir='ltr'>τοὺς</span> <span class='ocrx_word' id='word_1_518' title='bbox 1238 4640 1488 4712; x_wconf 82' lang='grc' dir='ltr'>παθητὴν</span> <span class='ocrx_word' id='word_1_519' title='bbox 1514 4643 1608 4695; x_wconf 89' lang='grc' dir='ltr'><strong>τοῦ</strong></span> <span class='ocrx_word' id='word_1_520' title='bbox 1630 4645 1871 4711; x_wconf 88' lang='grc' dir='ltr'>Μονογε-</span> 
     </span>
    </p>
   </div>
   <div class='ocr_carea' id='block_1_68' title="bbox 278 4728 1870 4801">
    <p class='ocr_par' dir='ltr' id='par_1_68' title="bbox 278 4728 1870 4801">
     <span class='ocr_line' id='line_1_68' title="bbox 278 4728 1870 4801; baseline 0.004 -19"><span class='ocrx_word' id='word_1_521' title='bbox 278 4728 409 4791; x_wconf 80' lang='grc' dir='ltr'>νοῦς</span> <span class='ocrx_word' id='word_1_522' title='bbox 437 4729 753 4799; x_wconf 77' lang='grc' dir='ltr'>τολμῶντας</span> <span class='ocrx_word' id='word_1_523' title='bbox 783 4729 964 4797; x_wconf 85' lang='grc' dir='ltr'>λέγειν</span> <span class='ocrx_word' id='word_1_524' title='bbox 995 4731 1097 4801; x_wconf 82' lang='grc' dir='ltr'>τὴν</span> <span class='ocrx_word' id='word_1_525' title='bbox 1130 4730 1381 4800; x_wconf 87' lang='grc' dir='ltr'>θεότητα,</span> <span class='ocrx_word' id='word_1_526' title='bbox 1414 4733 1763 4799; x_wconf 75' lang='grc' dir='ltr'>καταδικάζει</span> <span class='ocrx_word' id='word_1_527' title='bbox 1790 4734 1870 4787; x_wconf 84' lang='grc' dir='ltr'>δι’</span> 
     </span>
    </p>
   </div>
   <div class='ocr_carea' id='block_1_69' title="bbox 1978 2532 3557 2608">
    <p class='ocr_par' dir='ltr' id='par_1_69' title="bbox 1978 2532 3557 2608">
     <span class='ocr_line' id='line_1_69' title="bbox 1978 2532 3557 2608; baseline -0.006 -14"><span class='ocrx_word' id='word_1_528' title='bbox 1978 2541 2072 2594; x_wconf 78' lang='lat' dir='ltr'><strong>Est</strong></span> <span class='ocrx_word' id='word_1_529' title='bbox 2106 2542 2157 2593; x_wconf 86' lang='lat' dir='ltr'><strong>in</strong></span> <span class='ocrx_word' id='word_1_530' title='bbox 2194 2541 2303 2608; x_wconf 77' lang='lat' dir='ltr'><strong>ipso</strong></span> <span class='ocrx_word' id='word_1_531' title='bbox 2332 2538 2533 2605; x_wconf 79' lang='lat' dir='ltr'><strong>factum</strong></span> <span class='ocrx_word' id='word_1_532' title='bbox 2562 2547 2637 2590; x_wconf 78' lang='lat' dir='ltr'><strong>est</strong></span> <span class='ocrx_word' id='word_1_533' title='bbox 2666 2536 2682 2576; x_wconf 82' lang='grc' dir='ltr'><strong>ί</strong></span> <span class='ocrx_word' id='word_1_534' title='bbox 2711 2575 2726 2598; x_wconf 92' lang='grc'><strong>,</strong></span> <span class='ocrx_word' id='word_1_535' title='bbox 2774 2536 3087 2590; x_wconf 90' lang='lat' dir='ltr'><strong>innumeras</strong></span> <span class='ocrx_word' id='word_1_536' title='bbox 3128 2534 3181 2586; x_wconf 88' lang='lat' dir='ltr'><strong>itt</strong></span> <span class='ocrx_word' id='word_1_537' title='bbox 3236 2533 3345 2587; x_wconf 77' lang='lat' dir='ltr'><strong>vita</strong></span> <span class='ocrx_word' id='word_1_538' title='bbox 3380 2532 3557 2586; x_wconf 71' lang='lat' dir='ltr'><strong>varia-</strong></span> 
     </span>
    </p>
   </div>
   <div class='ocr_carea' id='block_1_70' title="bbox 1977 2624 3554 2694">
    <p class='ocr_par' dir='ltr' id='par_1_70' title="bbox 1977 2624 3554 2694">
     <span class='ocr_line' id='line_1_70' title="bbox 1977 2624 3554 2694; baseline -0.009 -6"><span class='ocrx_word' id='word_1_539' title='bbox 1977 2634 2152 2688; x_wconf 89' lang='lat' dir='ltr'><strong>tiones</strong></span> <span class='ocrx_word' id='word_1_540' title='bbox 2211 2630 2625 2686; x_wconf 81' lang='lat' dir='ltr'><strong>admittentibus</strong></span> <span class='ocrx_word' id='word_1_541' title='bbox 2682 2638 2736 2681; x_wconf 91' lang='lat' dir='ltr'><strong>et</strong></span> <span class='ocrx_word' id='word_1_542' title='bbox 2796 2625 2983 2694; x_wconf 88' lang='lat' dir='ltr'><strong>Euripi</strong></span> <span class='ocrx_word' id='word_1_543' title='bbox 3028 2624 3356 2680; x_wconf 90' lang='lat' dir='ltr'><strong>mutationes</strong></span> <span class='ocrx_word' id='word_1_544' title='bbox 3428 2624 3554 2677; x_wconf 88' lang='lat' dir='ltr'><strong>imi-</strong></span> 
     </span>
    </p>
   </div>
   <div class='ocr_carea' id='block_1_71' title="bbox 1977 2712 3556 2791">
    <p class='ocr_par' dir='ltr' id='par_1_71' title="bbox 1977 2712 3556 2791">
     <span class='ocr_line' id='line_1_71' title="bbox 1977 2712 3556 2791; baseline -0.009 -11"><span class='ocrx_word' id='word_1_545' title='bbox 1977 2724 2260 2781; x_wconf 72' lang='lat' dir='ltr'><strong>tantibus?</strong></span> <span class='ocrx_word' id='word_1_546' title='bbox 2304 2722 2410 2777; x_wconf 90' lang='lat' dir='ltr'><strong>Sed</strong></span> <span class='ocrx_word' id='word_1_547' title='bbox 2450 2720 2577 2791; x_wconf 86' lang='lat' dir='ltr'><strong>quid</strong></span> <span class='ocrx_word' id='word_1_548' title='bbox 2612 2733 2828 2774; x_wconf 87' lang='lat' dir='ltr'><strong>rursum</strong></span> <span class='ocrx_word' id='word_1_549' title='bbox 2855 2717 3055 2772; x_wconf 89' lang='lat' dir='ltr'><strong>asserit</strong></span> <span class='ocrx_word' id='word_1_550' title='bbox 3099 2712 3355 2770; x_wconf 67' lang='lat' dir='ltr'><strong>han-esis?</strong></span> <span class='ocrx_word' id='word_1_551' title='bbox 3394 2712 3556 2767; x_wconf 82' lang='lat' dir='ltr'><strong>Venia</strong></span> 
     </span>
    </p>
   </div>
   <div class='ocr_carea' id='block_1_72' title="bbox 1977 2808 3559 2885">
    <p class='ocr_par' dir='ltr' id='par_1_72' title="bbox 1977 2808 3559 2885">
     <span class='ocr_line' id='line_1_72' title="bbox 1977 2808 3559 2885; baseline -0.008 -12"><span class='ocrx_word' id='word_1_552' title='bbox 1977 2817 2227 2873; x_wconf 78' lang='lat' dir='ltr'><strong>Patribus</strong></span> <span class='ocrx_word' id='word_1_553' title='bbox 2250 2817 2448 2871; x_wconf 81' lang='lat' dir='ltr'><strong>danda.</strong></span> <span class='ocrx_word' id='word_1_554' title='bbox 2473 2814 2667 2885; x_wconf 63' lang='lat'><strong>2601»</strong></span> <span class='ocrx_word' id='word_1_555' title='bbox 2690 2812 2747 2867; x_wconf 89' lang='lat' dir='ltr'><strong>Si</strong></span> <span class='ocrx_word' id='word_1_556' title='bbox 2772 2812 2914 2865; x_wconf 89' lang='lat' dir='ltr'><strong>enim</strong></span> <span class='ocrx_word' id='word_1_557' title='bbox 2939 2811 2993 2865; x_wconf 87' lang='lat' dir='ltr'><strong>vi</strong></span> <span class='ocrx_word' id='word_1_558' title='bbox 3016 2812 3246 2879; x_wconf 84' lang='lat' dir='ltr'><strong>quadam</strong></span> <span class='ocrx_word' id='word_1_559' title='bbox 3276 2808 3559 2863; x_wconf 68' lang='lat' dir='ltr'><strong>sententiae</strong></span> 
     </span>
    </p>
   </div>
   <div class='ocr_carea' id='block_1_73' title="bbox 1976 2900 3559 2979">
    <p class='ocr_par' dir='ltr' id='par_1_73' title="bbox 1976 2900 3559 2979">
     <span class='ocr_line' id='line_1_73' title="bbox 1976 2900 3559 2979; baseline -0.009 -13"><span class='ocrx_word' id='word_1_560' title='bbox 1976 2910 2236 2979; x_wconf 89' lang='lat' dir='ltr'><strong>pervincit</strong></span> <span class='ocrx_word' id='word_1_561' title='bbox 2259 2949 2275 2974; x_wconf 90' lang='lat'><strong>,</strong></span> <span class='ocrx_word' id='word_1_562' title='bbox 2316 2918 2571 2977; x_wconf 88' lang='lat' dir='ltr'><strong>tanquam</strong></span> <span class='ocrx_word' id='word_1_563' title='bbox 2600 2914 2915 2975; x_wconf 87' lang='lat' dir='ltr'><strong>potestatem</strong></span> <span class='ocrx_word' id='word_1_564' title='bbox 2941 2915 3098 2957; x_wconf 90' lang='lat' dir='ltr'><strong>nacta</strong></span> <span class='ocrx_word' id='word_1_565' title='bbox 3119 2900 3481 2966; x_wconf 89' lang='lat' dir='ltr'><strong>conviciandi,</strong></span> <span class='ocrx_word' id='word_1_566' title='bbox 3505 2912 3559 2953; x_wconf 89' lang='lat' dir='ltr'><strong>et</strong></span> 
     </span>
    </p>
   </div>
   <div class='ocr_carea' id='block_1_74' title="bbox 1977 2993 3559 3069">
    <p class='ocr_par' dir='ltr' id='par_1_74' title="bbox 1977 2993 3559 3069">
     <span class='ocr_line' id='line_1_74' title="bbox 1977 2993 3559 3069; baseline -0.008 -10"><span class='ocrx_word' id='word_1_567' title='bbox 1977 3002 2371 3059; x_wconf 89' lang='lat' dir='ltr'><strong>condemnandi</strong></span> <span class='ocrx_word' id='word_1_568' title='bbox 2402 3000 2546 3069; x_wconf 89' lang='lat' dir='ltr'><strong>quod</strong></span> <span class='ocrx_word' id='word_1_569' title='bbox 2577 2998 2769 3062; x_wconf 91' lang='lat' dir='ltr'><strong>libeat,</strong></span> <span class='ocrx_word' id='word_1_570' title='bbox 2794 3005 2850 3052; x_wconf 91' lang='lat' dir='ltr'><strong>et</strong></span> <span class='ocrx_word' id='word_1_571' title='bbox 2876 3010 3092 3050; x_wconf 80' lang='lat' dir='ltr'><strong>rursum</strong></span> <span class='ocrx_word' id='word_1_572' title='bbox 3123 2993 3398 3048; x_wconf 87' lang='lat' dir='ltr'><strong>dimittere</strong></span> <span class='ocrx_word' id='word_1_573' title='bbox 3430 3006 3559 3062; x_wconf 85' lang='lat' dir='ltr'><strong>pec-</strong></span> 
     </span>
    </p>
   </div>
   <div class='ocr_carea' id='block_1_75' title="bbox 1978 3085 3561 3148">
    <p class='ocr_par' dir='ltr' id='par_1_75' title="bbox 1978 3085 3561 3148">
     <span class='ocr_line' id='line_1_75' title="bbox 1978 3085 3561 3148; baseline -0.007 0"><span class='ocrx_word' id='word_1_574' title='bbox 1978 3105 2157 3148; x_wconf 78' lang='lat' dir='ltr'><strong>catum</strong></span> <span class='ocrx_word' id='word_1_575' title='bbox 2182 3102 2240 3147; x_wconf 91' lang='lat' dir='ltr'><strong>et</strong></span> <span class='ocrx_word' id='word_1_576' title='bbox 2264 3103 2473 3145; x_wconf 88' lang='lat' dir='ltr'><strong>tantum</strong></span> <span class='ocrx_word' id='word_1_577' title='bbox 2501 3106 2604 3145; x_wconf 92' lang='lat' dir='ltr'><strong>nou</strong></span> <span class='ocrx_word' id='word_1_578' title='bbox 2639 3090 2719 3144; x_wconf 90' lang='lat' dir='ltr'><strong>sic</strong></span> <span class='ocrx_word' id='word_1_579' title='bbox 2745 3088 3083 3143; x_wconf 80' lang='lat' dir='ltr'><strong>exclamans:</strong></span> <span class='ocrx_word' id='word_1_580' title='bbox 3119 3085 3287 3140; x_wconf 87' lang='lat' dir='ltr'><strong>Labia</strong></span> <span class='ocrx_word' id='word_1_581' title='bbox 3319 3095 3499 3140; x_wconf 79' lang='lat' dir='ltr'><strong>nostra</strong></span> <span class='ocrx_word' id='word_1_582' title='bbox 3526 3101 3561 3136; x_wconf 81' lang='grc' dir='ltr'><strong>ιι</strong></span> 
     </span>
    </p>
   </div>
   <div class='ocr_carea' id='block_1_76' title="bbox 1978 3176 3555 3253">
    <p class='ocr_par' dir='ltr' id='par_1_76' title="bbox 1978 3176 3555 3253">
     <span class='ocr_line' id='line_1_76' title="bbox 1978 3176 3555 3253; baseline -0.007 -14"><span class='ocrx_word' id='word_1_583' title='bbox 1978 3186 2125 3239; x_wconf 77' lang='lat' dir='ltr'><strong>nobis</strong></span> <span class='ocrx_word' id='word_1_584' title='bbox 2153 3194 2296 3249; x_wconf 75' lang='lat' dir='ltr'><strong>sum,</strong></span> <span class='ocrx_word' id='word_1_585' title='bbox 2335 3184 2450 3253; x_wconf 76' lang='lat' dir='ltr'><strong>quis</strong></span> <span class='ocrx_word' id='word_1_586' title='bbox 2491 3192 2663 3235; x_wconf 76' lang='lat' dir='ltr'><strong>noster</strong></span> <span class='ocrx_word' id='word_1_587' title='bbox 2708 3179 2963 3234; x_wconf 75' lang='lat' dir='ltr'><strong>Dominus</strong></span> <span class='ocrx_word' id='word_1_588' title='bbox 3000 3188 3075 3232; x_wconf 75' lang='lat' dir='ltr'><strong>est</strong></span> <span class='ocrx_word' id='word_1_589' title='bbox 3108 3177 3158 3231; x_wconf 81' lang='lat' dir='ltr'><strong>i?</strong></span> <span class='ocrx_word' id='word_1_590' title='bbox 3184 3176 3555 3246; x_wconf 73' lang='lat' dir='ltr'><strong>Prteterquam</strong></span> 
     </span>
    </p>
   </div>
   <div class='ocr_carea' id='block_1_77' title="bbox 1978 3268 3559 3345">
    <p class='ocr_par' dir='ltr' id='par_1_77' title="bbox 1978 3268 3559 3345">
     <span class='ocr_line' id='line_1_77' title="bbox 1978 3268 3559 3345; baseline -0.006 -15"><span class='ocrx_word' id='word_1_591' title='bbox 1978 3276 2126 3345; x_wconf 87' lang='lat' dir='ltr'><strong>quod</strong></span> <span class='ocrx_word' id='word_1_592' title='bbox 2148 3291 2270 3329; x_wconf 91' lang='lat' dir='ltr'><strong>cum</strong></span> <span class='ocrx_word' id='word_1_593' title='bbox 2299 3273 2572 3327; x_wconf 65' lang='lat' dir='ltr'><strong>haereticis</strong></span> <span class='ocrx_word' id='word_1_594' title='bbox 2598 3271 2787 3325; x_wconf 87' lang='lat' dir='ltr'><strong>Patres</strong></span> <span class='ocrx_word' id='word_1_595' title='bbox 2818 3279 3144 3340; x_wconf 87' lang='lat' dir='ltr'><strong>pugnarunt,</strong></span> <span class='ocrx_word' id='word_1_596' title='bbox 3175 3268 3279 3323; x_wconf 89' lang='lat' dir='ltr'><strong>etsi</strong></span> <span class='ocrx_word' id='word_1_597' title='bbox 3306 3282 3337 3322; x_wconf 84' lang='lat' dir='ltr'><strong>a</strong></span> <span class='ocrx_word' id='word_1_598' title='bbox 3358 3268 3559 3336; x_wconf 86' lang='lat' dir='ltr'><strong>pietate</strong></span> 
     </span>
    </p>
   </div>
   <div class='ocr_carea' id='block_1_78' title="bbox 1978 3357 3557 3435">
    <p class='ocr_par' dir='ltr' id='par_1_78' title="bbox 1978 3357 3557 3435">
     <span class='ocr_line' id='line_1_78' title="bbox 1978 3357 3557 3435; baseline -0.006 -15"><span class='ocrx_word' id='word_1_599' title='bbox 1978 3366 2317 3429; x_wconf 79' lang='lat' dir='ltr'><strong>exciderunt,</strong></span> <span class='ocrx_word' id='word_1_600' title='bbox 2341 3375 2629 3435; x_wconf 90' lang='lat' dir='ltr'><strong>propterea</strong></span> <span class='ocrx_word' id='word_1_601' title='bbox 2658 3364 2815 3417; x_wconf 88' lang='lat' dir='ltr'><strong>venia</strong></span> <span class='ocrx_word' id='word_1_602' title='bbox 2843 3361 3010 3431; x_wconf 82' lang='lat' dir='ltr'><strong>digni,</strong></span> <span class='ocrx_word' id='word_1_603' title='bbox 3035 3360 3306 3429; x_wconf 88' lang='lat' dir='ltr'><strong>quomodo</strong></span> <span class='ocrx_word' id='word_1_604' title='bbox 3328 3357 3557 3429; x_wconf 70' lang='lat' dir='ltr'><strong>aequalis</strong></span> 
     </span>
    </p>
   </div>
   <div class='ocr_carea' id='block_1_79' title="bbox 1980 3448 3554 3520">
    <p class='ocr_par' dir='ltr' id='par_1_79' title="bbox 1980 3448 3554 3520">
     <span class='ocr_line' id='line_1_79' title="bbox 1980 3448 3554 3520; baseline -0.006 -11"><span class='ocrx_word' id='word_1_605' title='bbox 1980 3455 2263 3509; x_wconf 88' lang='lat' dir='ltr'><strong>nobiscum</strong></span> <span class='ocrx_word' id='word_1_606' title='bbox 2293 3452 2615 3515; x_wconf 73' lang='lat' dir='ltr'><strong>alfectionis,</strong></span> <span class='ocrx_word' id='word_1_607' title='bbox 2643 3461 2699 3506; x_wconf 91' lang='lat' dir='ltr'><strong>et</strong></span> <span class='ocrx_word' id='word_1_608' title='bbox 2737 3454 2781 3504; x_wconf 90' lang='lat' dir='ltr'><strong>si</strong></span> <span class='ocrx_word' id='word_1_609' title='bbox 2819 3452 2949 3520; x_wconf 87' lang='lat' dir='ltr'><strong>quid</strong></span> <span class='ocrx_word' id='word_1_610' title='bbox 2985 3449 3297 3505; x_wconf 88' lang='lat' dir='ltr'><strong>adulterare</strong></span> <span class='ocrx_word' id='word_1_611' title='bbox 3331 3448 3554 3501; x_wconf 81' lang='lat' dir='ltr'><strong>videan-</strong></span> 
     </span>
    </p>
   </div>
   <div class='ocr_carea' id='block_1_80' title="bbox 1984 3541 3563 3616">
    <p class='ocr_par' dir='ltr' id='par_1_80' title="bbox 1984 3541 3563 3616">
     <span class='ocr_line' id='line_1_80' title="bbox 1984 3541 3563 3616; baseline -0.005 -13"><span class='ocrx_word' id='word_1_612' title='bbox 1984 3559 2090 3614; x_wconf 87' lang='lat' dir='ltr'><strong>tur,</strong></span> <span class='ocrx_word' id='word_1_613' title='bbox 2122 3548 2216 3616; x_wconf 88' lang='lat' dir='ltr'><strong>qui</strong></span> <span class='ocrx_word' id='word_1_614' title='bbox 2246 3545 2671 3601; x_wconf 86' lang='lat' dir='ltr'><strong>Chalcedoneusi</strong></span> <span class='ocrx_word' id='word_1_615' title='bbox 2708 3543 2911 3614; x_wconf 82' lang='lat' dir='ltr'><strong>synodo</strong></span> <span class='ocrx_word' id='word_1_616' title='bbox 2940 3557 3046 3597; x_wconf 91' lang='lat' dir='ltr'><strong>non</strong></span> <span class='ocrx_word' id='word_1_617' title='bbox 3080 3541 3470 3603; x_wconf 79' lang='lat' dir='ltr'><strong>interfuerunt,</strong></span> <span class='ocrx_word' id='word_1_618' title='bbox 3504 3549 3563 3595; x_wconf 89' lang='lat' dir='ltr'><strong>et</strong></span> 
     </span>
    </p>
   </div>
   <div class='ocr_carea' id='block_1_81' title="bbox 1979 3631 3549 3705">
    <p class='ocr_par' dir='ltr' id='par_1_81' title="bbox 1979 3631 3549 3705">
     <span class='ocr_line' id='line_1_81' title="bbox 1979 3631 3549 3705; baseline -0.006 -10"><span class='ocrx_word' id='word_1_619' title='bbox 1979 3642 2044 3695; x_wconf 84' lang='lat' dir='ltr'><strong>atl</strong></span> <span class='ocrx_word' id='word_1_620' title='bbox 2076 3641 2210 3694; x_wconf 90' lang='lat' dir='ltr'><strong>duas</strong></span> <span class='ocrx_word' id='word_1_621' title='bbox 2241 3640 2495 3703; x_wconf 63' lang='lat' dir='ltr'><strong>haereses,</strong></span> <span class='ocrx_word' id='word_1_622' title='bbox 2522 3646 2577 3691; x_wconf 90' lang='lat' dir='ltr'><strong>et</strong></span> <span class='ocrx_word' id='word_1_623' title='bbox 2607 3637 2659 3689; x_wconf 87' lang='lat' dir='ltr'><strong>lti</strong></span> <span class='ocrx_word' id='word_1_624' title='bbox 2687 3646 3063 3705; x_wconf 82' lang='lat' dir='ltr'><strong>Oppugnantes</strong></span> <span class='ocrx_word' id='word_1_625' title='bbox 3088 3632 3322 3689; x_wconf 82' lang='lat' dir='ltr'><strong>Nestorii</strong></span> <span class='ocrx_word' id='word_1_626' title='bbox 3347 3631 3549 3700; x_wconf 52' lang='lat' dir='ltr'><strong>opinio.</strong></span> 
     </span>
    </p>
   </div>
   <div class='ocr_carea' id='block_1_82' title="bbox 1978 3722 3554 3801">
    <p class='ocr_par' dir='ltr' id='par_1_82' title="bbox 1978 3722 3554 3801">
     <span class='ocr_line' id='line_1_82' title="bbox 1978 3722 3554 3801; baseline -0.008 -14"><span class='ocrx_word' id='word_1_627' title='bbox 1978 3747 2102 3788; x_wconf 88' lang='lat' dir='ltr'><strong>nem</strong></span> <span class='ocrx_word' id='word_1_628' title='bbox 2123 3741 2178 3785; x_wconf 91' lang='lat' dir='ltr'><strong>et</strong></span> <span class='ocrx_word' id='word_1_629' title='bbox 2200 3730 2481 3801; x_wconf 84' lang='lat' dir='ltr'><strong>Eutychis,</strong></span> <span class='ocrx_word' id='word_1_630' title='bbox 2515 3729 2871 3783; x_wconf 85' lang='lat' dir='ltr'><strong>tradiderunt.</strong></span> <span class='ocrx_word' id='word_1_631' title='bbox 2899 3725 3006 3781; x_wconf 90' lang='lat' dir='ltr'><strong>Sed</strong></span> <span class='ocrx_word' id='word_1_632' title='bbox 3029 3725 3228 3793; x_wconf 90' lang='lat' dir='ltr'><strong>ubique</strong></span> <span class='ocrx_word' id='word_1_633' title='bbox 3254 3722 3389 3777; x_wconf 90' lang='lat' dir='ltr'><strong>adeo</strong></span> <span class='ocrx_word' id='word_1_634' title='bbox 3411 3736 3554 3777; x_wconf 71' lang='lat' dir='ltr'><strong>eazca</strong></span> 
     </span>
    </p>
   </div>
   <div class='ocr_carea' id='block_1_83' title="bbox 1975 3814 3547 3889">
    <p class='ocr_par' dir='ltr' id='par_1_83' title="bbox 1975 3814 3547 3889">
     <span class='ocr_line' id='line_1_83' title="bbox 1975 3814 3547 3889; baseline -0.008 -8"><span class='ocrx_word' id='word_1_635' title='bbox 1975 3833 2062 3881; x_wconf 89' lang='lat' dir='ltr'><strong>est</strong></span> <span class='ocrx_word' id='word_1_636' title='bbox 2092 3839 2156 3879; x_wconf 91' lang='lat' dir='ltr'><strong>ac</strong></span> <span class='ocrx_word' id='word_1_637' title='bbox 2186 3824 2351 3879; x_wconf 87' lang='lat' dir='ltr'><strong>surda</strong></span> <span class='ocrx_word' id='word_1_638' title='bbox 2383 3821 2653 3889; x_wconf 86' lang='lat' dir='ltr'><strong>impietas,</strong></span> <span class='ocrx_word' id='word_1_639' title='bbox 2685 3829 2740 3873; x_wconf 89' lang='lat' dir='ltr'><strong>et</strong></span> <span class='ocrx_word' id='word_1_640' title='bbox 2771 3832 2948 3887; x_wconf 87' lang='lat' dir='ltr'><strong>neque</strong></span> <span class='ocrx_word' id='word_1_641' title='bbox 2987 3829 3214 3871; x_wconf 88' lang='lat' dir='ltr'><strong>cernere</strong></span> <span class='ocrx_word' id='word_1_642' title='bbox 3250 3814 3547 3885; x_wconf 85' lang='lat' dir='ltr'><strong>quidquam</strong></span> 
     </span>
    </p>
   </div>
   <div class='ocr_carea' id='block_1_84' title="bbox 1979 3905 3553 3983">
    <p class='ocr_par' dir='ltr' id='par_1_84' title="bbox 1979 3905 3553 3983">
     <span class='ocr_line' id='line_1_84' title="bbox 1979 3905 3553 3983; baseline -0.007 -11"><span class='ocrx_word' id='word_1_643' title='bbox 1979 3918 2149 3980; x_wconf 91' lang='lat' dir='ltr'><strong>novit,</strong></span> <span class='ocrx_word' id='word_1_644' title='bbox 2179 3928 2355 3983; x_wconf 88' lang='lat' dir='ltr'><strong>neque</strong></span> <span class='ocrx_word' id='word_1_645' title='bbox 2387 3913 2599 3976; x_wconf 76' lang='lat' dir='ltr'><strong>audire,</strong></span> <span class='ocrx_word' id='word_1_646' title='bbox 2632 3925 2806 3979; x_wconf 91' lang='lat' dir='ltr'><strong>neque</strong></span> <span class='ocrx_word' id='word_1_647' title='bbox 2836 3924 2957 3977; x_wconf 72' lang='lat' dir='ltr'><strong>qua:</strong></span> <span class='ocrx_word' id='word_1_648' title='bbox 2998 3908 3088 3962; x_wconf 91' lang='lat' dir='ltr'><strong>illa</strong></span> <span class='ocrx_word' id='word_1_649' title='bbox 3133 3908 3249 3975; x_wconf 91' lang='lat' dir='ltr'><strong>ipsa</strong></span> <span class='ocrx_word' id='word_1_650' title='bbox 3279 3905 3553 3974; x_wconf 88' lang='lat' dir='ltr'><strong>proponit.</strong></span> 
     </span>
    </p>
   </div>
   <div class='ocr_carea' id='block_1_85' title="bbox 1975 3999 3554 4067">
    <p class='ocr_par' dir='ltr' id='par_1_85' title="bbox 1975 3999 3554 4067">
     <span class='ocr_line' id='line_1_85' title="bbox 1975 3999 3554 4067; baseline -0.009 -4"><span class='ocrx_word' id='word_1_651' title='bbox 1975 4007 2413 4063; x_wconf 85' lang='lat' dir='ltr'><strong>Chalcedonense</strong></span> <span class='ocrx_word' id='word_1_652' title='bbox 2448 4002 2741 4058; x_wconf 81' lang='lat' dir='ltr'><strong>concilium</strong></span> <span class='ocrx_word' id='word_1_653' title='bbox 2781 4001 2966 4053; x_wconf 85' lang='lat' dir='ltr'><strong>statim</strong></span> <span class='ocrx_word' id='word_1_654' title='bbox 3009 3999 3186 4061; x_wconf 90' lang='lat' dir='ltr'><strong>initio,</strong></span> <span class='ocrx_word' id='word_1_655' title='bbox 3219 4011 3340 4067; x_wconf 68' lang='lat' dir='ltr'><strong>qua:</strong></span> <span class='ocrx_word' id='word_1_656' title='bbox 3362 4004 3554 4050; x_wconf 89' lang='lat' dir='ltr'><strong>contra</strong></span> 
     </span>
    </p>
   </div>
   <div class='ocr_carea' id='block_1_86' title="bbox 1976 4087 3554 4163">
    <p class='ocr_par' dir='ltr' id='par_1_86' title="bbox 1976 4087 3554 4163">
     <span class='ocr_line' id='line_1_86' title="bbox 1976 4087 3554 4163; baseline -0.008 -11"><span class='ocrx_word' id='word_1_657' title='bbox 1976 4097 2287 4152; x_wconf 84' lang='lat' dir='ltr'><strong>Nestorium</strong></span> <span class='ocrx_word' id='word_1_658' title='bbox 2322 4095 2514 4149; x_wconf 89' lang='lat' dir='ltr'><strong>beatus</strong></span> <span class='ocrx_word' id='word_1_659' title='bbox 2543 4092 2780 4163; x_wconf 80' lang='lat' dir='ltr'><strong>Cyrillus</strong></span> <span class='ocrx_word' id='word_1_660' title='bbox 2822 4090 3019 4158; x_wconf 83' lang='lat' dir='ltr'><strong>Ephesi</strong></span> <span class='ocrx_word' id='word_1_661' title='bbox 3054 4088 3328 4151; x_wconf 87' lang='lat' dir='ltr'><strong>tractavit,</strong></span> <span class='ocrx_word' id='word_1_662' title='bbox 3364 4088 3432 4143; x_wconf 86' lang='lat' dir='ltr'><strong>iis</strong></span> <span class='ocrx_word' id='word_1_663' title='bbox 3456 4087 3554 4141; x_wconf 89' lang='lat' dir='ltr'><strong>de-</strong></span> 
     </span>
    </p>
   </div>
   <div class='ocr_carea' id='block_1_87' title="bbox 1974 4177 3556 4245">
    <p class='ocr_par' dir='ltr' id='par_1_87' title="bbox 1974 4177 3556 4245">
     <span class='ocr_line' id='line_1_87' title="bbox 1974 4177 3556 4245; baseline -0.007 -3"><span class='ocrx_word' id='word_1_664' title='bbox 1974 4198 2181 4242; x_wconf 88' lang='lat' dir='ltr'><strong>cretam</strong></span> <span class='ocrx_word' id='word_1_665' title='bbox 2220 4186 2603 4241; x_wconf 86' lang='lat' dir='ltr'><strong>auctoritatem</strong></span> <span class='ocrx_word' id='word_1_666' title='bbox 2643 4180 2870 4245; x_wconf 87' lang='lat' dir='ltr'><strong>addidit,</strong></span> <span class='ocrx_word' id='word_1_667' title='bbox 2909 4189 2965 4234; x_wconf 91' lang='lat' dir='ltr'><strong>et</strong></span> <span class='ocrx_word' id='word_1_668' title='bbox 3000 4190 3128 4234; x_wconf 89' lang='lat' dir='ltr'><strong>ante</strong></span> <span class='ocrx_word' id='word_1_669' title='bbox 3155 4180 3256 4234; x_wconf 89' lang='lat' dir='ltr'><strong>hoc</strong></span> <span class='ocrx_word' id='word_1_670' title='bbox 3290 4180 3424 4233; x_wconf 68' lang='lat' dir='ltr'><strong>«luas</strong></span> <span class='ocrx_word' id='word_1_671' title='bbox 3456 4177 3556 4232; x_wconf 58' lang='lat' dir='ltr'><strong>ha-</strong></span> 
     </span>
    </p>
   </div>
   <div class='ocr_carea' id='block_1_88' title="bbox 1974 4269 3555 4348">
    <p class='ocr_par' dir='ltr' id='par_1_88' title="bbox 1974 4269 3555 4348">
     <span class='ocr_line' id='line_1_88' title="bbox 1974 4269 3555 4348; baseline -0.006 -15"><span class='ocrx_word' id='word_1_672' title='bbox 1974 4278 2117 4333; x_wconf 83' lang='lat' dir='ltr'><strong>bitas</strong></span> <span class='ocrx_word' id='word_1_673' title='bbox 2150 4278 2388 4348; x_wconf 87' lang='lat' dir='ltr'><strong>synodos</strong></span> <span class='ocrx_word' id='word_1_674' title='bbox 2419 4287 2674 4344; x_wconf 84' lang='lat' dir='ltr'><strong>tanquam</strong></span> <span class='ocrx_word' id='word_1_675' title='bbox 2713 4272 2833 4328; x_wconf 88' lang='lat' dir='ltr'><strong>ﬁdei</strong></span> <span class='ocrx_word' id='word_1_676' title='bbox 2864 4271 3205 4327; x_wconf 86' lang='lat' dir='ltr'><strong>deﬁuitrices</strong></span> <span class='ocrx_word' id='word_1_677' title='bbox 3236 4269 3461 4339; x_wconf 90' lang='lat' dir='ltr'><strong>recepit,</strong></span> <span class='ocrx_word' id='word_1_678' title='bbox 3497 4278 3555 4324; x_wconf 87' lang='lat' dir='ltr'><strong>et</strong></span> 
     </span>
    </p>
   </div>
   <div class='ocr_carea' id='block_1_89' title="bbox 1972 4361 3554 4434">
    <p class='ocr_par' dir='ltr' id='par_1_89' title="bbox 1972 4361 3554 4434">
     <span class='ocr_line' id='line_1_89' title="bbox 1972 4361 3554 4434; baseline -0.005 -10"><span class='ocrx_word' id='word_1_679' title='bbox 1972 4370 2192 4434; x_wconf 87' lang='lat' dir='ltr'><strong>Arium,</strong></span> <span class='ocrx_word' id='word_1_680' title='bbox 2231 4366 2643 4431; x_wconf 75' lang='lat' dir='ltr'><strong>Macedoniutn,</strong></span> <span class='ocrx_word' id='word_1_681' title='bbox 2688 4365 3001 4421; x_wconf 87' lang='lat' dir='ltr'><strong>Nestorium</strong></span> <span class='ocrx_word' id='word_1_682' title='bbox 3041 4362 3229 4418; x_wconf 90' lang='lat' dir='ltr'><strong>eodem</strong></span> <span class='ocrx_word' id='word_1_683' title='bbox 3276 4361 3554 4416; x_wconf 87' lang='lat' dir='ltr'><strong>damnavit</strong></span> 
     </span>
    </p>
   </div>
   <div class='ocr_carea' id='block_1_90' title="bbox 1971 4454 3552 4530">
    <p class='ocr_par' dir='ltr' id='par_1_90' title="bbox 1971 4454 3552 4530">
     <span class='ocr_line' id='line_1_90' title="bbox 1971 4454 3552 4530; baseline -0.008 -13"><span class='ocrx_word' id='word_1_684' title='bbox 1971 4463 2355 4517; x_wconf 86' lang='lat' dir='ltr'><strong>anathemate:</strong></span> <span class='ocrx_word' id='word_1_685' title='bbox 2389 4472 2443 4515; x_wconf 90' lang='lat' dir='ltr'><strong>et</strong></span> <span class='ocrx_word' id='word_1_686' title='bbox 2474 4460 2567 4530; x_wconf 88' lang='lat' dir='ltr'><strong>qui</strong></span> <span class='ocrx_word' id='word_1_687' title='bbox 2599 4461 2652 4513; x_wconf 93' lang='lat' dir='ltr'><strong>iu</strong></span> <span class='ocrx_word' id='word_1_688' title='bbox 2686 4459 2918 4513; x_wconf 83' lang='lat' dir='ltr'><strong>ﬁliorum</strong></span> <span class='ocrx_word' id='word_1_689' title='bbox 2948 4456 3267 4510; x_wconf 88' lang='lat' dir='ltr'><strong>dualitatem</strong></span> <span class='ocrx_word' id='word_1_690' title='bbox 3298 4454 3552 4508; x_wconf 82' lang='lat' dir='ltr'><strong>incarna-</strong></span> 
     </span>
    </p>
   </div>
   <div class='ocr_carea' id='block_1_91' title="bbox 1973 4546 3551 4622">
    <p class='ocr_par' dir='ltr' id='par_1_91' title="bbox 1973 4546 3551 4622">
     <span class='ocr_line' id='line_1_91' title="bbox 1973 4546 3551 4622; baseline -0.004 -15"><span class='ocrx_word' id='word_1_691' title='bbox 1973 4554 2138 4609; x_wconf 86' lang='lat' dir='ltr'><strong>tionis</strong></span> <span class='ocrx_word' id='word_1_692' title='bbox 2178 4563 2365 4610; x_wconf 83' lang='lat' dir='ltr'><strong>secant</strong></span> <span class='ocrx_word' id='word_1_693' title='bbox 2398 4552 2752 4622; x_wconf 87' lang='lat' dir='ltr'><strong>mysterium,</strong></span> <span class='ocrx_word' id='word_1_694' title='bbox 2794 4548 3247 4620; x_wconf 89' lang='lat' dir='ltr'><strong>quemadmodum</strong></span> <span class='ocrx_word' id='word_1_695' title='bbox 3287 4546 3551 4600; x_wconf 87' lang='lat' dir='ltr'><strong>audentes</strong></span> 
     </span>
    </p>
   </div>
   <div class='ocr_carea' id='block_1_92' title="bbox 1973 4636 3549 4714">
    <p class='ocr_par' dir='ltr' id='par_1_92' title="bbox 1973 4636 3549 4714">
     <span class='ocr_line' id='line_1_92' title="bbox 1973 4636 3549 4714; baseline -0.006 -15"><span class='ocrx_word' id='word_1_696' title='bbox 1973 4648 2155 4700; x_wconf 89' lang='lat' dir='ltr'><strong>dicere</strong></span> <span class='ocrx_word' id='word_1_697' title='bbox 2181 4644 2463 4714; x_wconf 86' lang='lat' dir='ltr'><strong>Unigeniti</strong></span> <span class='ocrx_word' id='word_1_698' title='bbox 2492 4642 2833 4698; x_wconf 88' lang='lat' dir='ltr'><strong>divinitatem</strong></span> <span class='ocrx_word' id='word_1_699' title='bbox 2864 4638 3162 4708; x_wconf 89' lang='lat' dir='ltr'><strong>patibilem,</strong></span> <span class='ocrx_word' id='word_1_700' title='bbox 3182 4636 3390 4706; x_wconf 89' lang='lat' dir='ltr'><strong>pariter</strong></span> <span class='ocrx_word' id='word_1_701' title='bbox 3415 4650 3549 4689; x_wconf 88' lang='lat' dir='ltr'><strong>con-</strong></span> 
     </span>
    </p>
   </div>
   <div class='ocr_carea' id='block_1_93' title="bbox 1973 4727 3553 4800">
    <p class='ocr_par' dir='ltr' id='par_1_93' title="bbox 1973 4727 3553 4800">
     <span class='ocr_line' id='line_1_93' title="bbox 1973 4727 3553 4800; baseline -0.006 -9"><span class='ocrx_word' id='word_1_702' title='bbox 1973 4739 2251 4800; x_wconf 89' lang='lat' dir='ltr'><strong>demnant,</strong></span> <span class='ocrx_word' id='word_1_703' title='bbox 2282 4737 2354 4789; x_wconf 84' lang='lat' dir='ltr'><strong>ita</strong></span> <span class='ocrx_word' id='word_1_704' title='bbox 2389 4746 2445 4789; x_wconf 90' lang='lat' dir='ltr'><strong>et</strong></span> <span class='ocrx_word' id='word_1_705' title='bbox 2473 4734 2608 4789; x_wconf 89' lang='lat' dir='ltr'><strong>duas</strong></span> <span class='ocrx_word' id='word_1_706' title='bbox 2638 4742 2764 4785; x_wconf 90' lang='lat' dir='ltr'><strong>ante</strong></span> <span class='ocrx_word' id='word_1_707' title='bbox 2797 4731 3050 4784; x_wconf 89' lang='lat' dir='ltr'><strong>unionem</strong></span> <span class='ocrx_word' id='word_1_708' title='bbox 3086 4727 3297 4784; x_wconf 87' lang='lat' dir='ltr'><strong>Domini</strong></span> <span class='ocrx_word' id='word_1_709' title='bbox 3326 4735 3553 4781; x_wconf 86' lang='lat' dir='ltr'><strong>naturas</strong></span> 
     </span>
    </p>
   </div>
   <div class='ocr_carea' id='block_1_94' title="bbox 282 4818 1872 4897">
    <p class='ocr_par' dir='ltr' id='par_1_94' title="bbox 282 4820 1867 4897">
     <span class='ocr_line' id='line_1_94' title="bbox 282 4820 1867 4897; baseline 0.004 -24"><span class='ocrx_word' id='word_1_710' title='bbox 282 4821 555 4892; x_wconf 79' lang='grc' dir='ltr'>ἱσότητος.</span> <span class='ocrx_word' id='word_1_711' title='bbox 592 4822 701 4874; x_wconf 83' lang='grc' dir='ltr'><strong>Ναὶ</strong></span> <span class='ocrx_word' id='word_1_712' title='bbox 726 4820 793 4890; x_wconf 81' lang='grc' dir='ltr'>δὴ</span> <span class='ocrx_word' id='word_1_713' title='bbox 824 4822 918 4874; x_wconf 82' lang='grc' dir='ltr'>καὶ</span> <span class='ocrx_word' id='word_1_714' title='bbox 951 4822 1078 4885; x_wconf 84' lang='grc' dir='ltr'>τοὺς</span> <span class='ocrx_word' id='word_1_715' title='bbox 1101 4822 1196 4875; x_wconf 88' lang='grc' dir='ltr'><strong>δύο</strong></span> <span class='ocrx_word' id='word_1_716' title='bbox 1223 4823 1323 4893; x_wconf 80' lang='grc' dir='ltr'>μὲν</span> <span class='ocrx_word' id='word_1_717' title='bbox 1357 4824 1464 4894; x_wconf 81' lang='grc' dir='ltr'><strong>πρὸ</strong></span> <span class='ocrx_word' id='word_1_718' title='bbox 1491 4828 1591 4897; x_wconf 81' lang='grc' dir='ltr'>τῆς</span> <span class='ocrx_word' id='word_1_719' title='bbox 1623 4825 1867 4889; x_wconf 85' lang='grc' dir='ltr'>ἐνώσεως</span> 
     </span>
    </p>
   </div>
   <div class='ocr_carea' id='block_1_95' title="bbox 1978 4818 3552 4897">
    <p class='ocr_par' dir='ltr' id='par_1_95' title="bbox 1978 4818 3552 4896">
     <span class='ocr_line' id='line_1_95' title="bbox 1978 4818 3552 4896; baseline -0.006 -13"><span class='ocrx_word' id='word_1_720' title='bbox 1978 4828 2368 4896; x_wconf 82' lang='lat' dir='ltr'><strong>contingentes,</strong></span> <span class='ocrx_word' id='word_1_721' title='bbox 2402 4839 2564 4878; x_wconf 87' lang='lat' dir='ltr'><strong>unam</strong></span> <span class='ocrx_word' id='word_1_722' title='bbox 2590 4832 2709 4892; x_wconf 90' lang='lat' dir='ltr'><strong>post</strong></span> <span class='ocrx_word' id='word_1_723' title='bbox 2730 4821 2984 4875; x_wconf 91' lang='lat' dir='ltr'><strong>unionem</strong></span> <span class='ocrx_word' id='word_1_724' title='bbox 3014 4818 3334 4883; x_wconf 82' lang='lat' dir='ltr'><strong>formantes,</strong></span> <span class='ocrx_word' id='word_1_725' title='bbox 3360 4819 3552 4874; x_wconf 88' lang='lat' dir='ltr'><strong>eadem</strong></span> 
     </span>
    </p>
   </div>
   <div class='ocr_carea' id='block_1_96' title="bbox 277 4910 1872 4986">
    <p class='ocr_par' dir='ltr' id='par_1_96' title="bbox 277 4911 1868 4986">
     <span class='ocr_line' id='line_1_96' title="bbox 277 4911 1868 4986; baseline 0.004 -21"><span class='ocrx_word' id='word_1_726' title='bbox 277 4911 476 4981; x_wconf 82' lang='grc' dir='ltr'>φύσεις</span> <span class='ocrx_word' id='word_1_727' title='bbox 512 4913 607 4966; x_wconf 91' lang='grc' dir='ltr'><strong>τοῦ</strong></span> <span class='ocrx_word' id='word_1_728' title='bbox 642 4913 849 4982; x_wconf 85' lang='grc' dir='ltr'>Κυρίου</span> <span class='ocrx_word' id='word_1_729' title='bbox 882 4912 1219 4982; x_wconf 84' lang='grc' dir='ltr'>μυθεύοντας</span> <span class='ocrx_word' id='word_1_730' title='bbox 1243 4955 1259 4979; x_wconf 94' lang='grc'><strong>,</strong></span> <span class='ocrx_word' id='word_1_731' title='bbox 1291 4914 1421 4985; x_wconf 88' lang='grc' dir='ltr'>μίαν</span> <span class='ocrx_word' id='word_1_732' title='bbox 1469 4915 1527 4969; x_wconf 86' lang='grc' dir='ltr'><strong>δέ</strong></span> <span class='ocrx_word' id='word_1_733' title='bbox 1580 4918 1721 4986; x_wconf 87' lang='grc' dir='ltr'><strong>μετά</strong></span> <span class='ocrx_word' id='word_1_734' title='bbox 1770 4916 1868 4986; x_wconf 87' lang='grc' dir='ltr'><strong>τὴν</strong></span> 
     </span>
    </p>
   </div>
   <div class='ocr_carea' id='block_1_97' title="bbox 1978 4910 3555 4986">
    <p class='ocr_par' dir='ltr' id='par_1_97' title="bbox 1978 4910 3555 4985">
     <span class='ocr_line' id='line_1_97' title="bbox 1978 4910 3555 4985; baseline -0.006 -14"><span class='ocrx_word' id='word_1_735' title='bbox 1978 4918 2226 4985; x_wconf 73' lang='lat' dir='ltr'><strong>compede</strong></span> <span class='ocrx_word' id='word_1_736' title='bbox 2262 4913 2610 4982; x_wconf 83' lang='lat' dir='ltr'><strong>constringit.</strong></span> <span class='ocrx_word' id='word_1_737' title='bbox 2647 4910 2900 4966; x_wconf 82' lang='lat' dir='ltr'><strong>Deliuivit</strong></span> <span class='ocrx_word' id='word_1_738' title='bbox 2942 4918 3163 4973; x_wconf 80' lang='lat' dir='ltr'><strong>autem,</strong></span> <span class='ocrx_word' id='word_1_739' title='bbox 3196 4910 3555 4977; x_wconf 88' lang='lat' dir='ltr'><strong>quemadmo-</strong></span> 
     </span>
    </p>
   </div>
   <div class='ocr_carea' id='block_1_98' title="bbox 276 5000 1872 5078">
    <p class='ocr_par' dir='ltr' id='par_1_98' title="bbox 276 5004 1867 5078">
     <span class='ocr_line' id='line_1_98' title="bbox 276 5004 1867 5078; baseline 0.001 -19"><span class='ocrx_word' id='word_1_740' title='bbox 276 5004 481 5059; x_wconf 73' lang='grc' dir='ltr'>ἕνωσιν</span> <span class='ocrx_word' id='word_1_741' title='bbox 531 5004 973 5066; x_wconf 84' lang='grc' dir='ltr'>ἀναπλάττοντας</span> <span class='ocrx_word' id='word_1_742' title='bbox 1002 5005 1117 5067; x_wconf 86' lang='grc' dir='ltr'>τοῖς</span> <span class='ocrx_word' id='word_1_743' title='bbox 1148 5005 1333 5067; x_wconf 85' lang='grc' dir='ltr'>αὑτοῖς</span> <span class='ocrx_word' id='word_1_744' title='bbox 1381 5006 1706 5075; x_wconf 80' lang='grc' dir='ltr'>συνέσφιγξε</span> <span class='ocrx_word' id='word_1_745' title='bbox 1740 5006 1867 5078; x_wconf 87' lang='grc' dir='ltr'>βρό-</span> 
     </span>
    </p>
   </div>
   <div class='ocr_carea' id='block_1_99' title="bbox 1978 5000 3554 5078">
    <p class='ocr_par' dir='ltr' id='par_1_99' title="bbox 1978 5000 3554 5077">
     <span class='ocr_line' id='line_1_99' title="bbox 1978 5000 3554 5077; baseline -0.006 -12"><span class='ocrx_word' id='word_1_746' title='bbox 1978 5011 2093 5065; x_wconf 73' lang='lat' dir='ltr'><strong>dum</strong></span> <span class='ocrx_word' id='word_1_747' title='bbox 2142 5022 2262 5077; x_wconf 71' lang='lat' dir='ltr'><strong>qua:</strong></span> <span class='ocrx_word' id='word_1_748' title='bbox 2325 5016 2451 5059; x_wconf 89' lang='lat' dir='ltr'><strong>ante</strong></span> <span class='ocrx_word' id='word_1_749' title='bbox 2506 5004 2646 5057; x_wconf 89' lang='lat' dir='ltr'><strong>hanc</strong></span> <span class='ocrx_word' id='word_1_750' title='bbox 2692 5001 2990 5073; x_wconf 85' lang='lat' dir='ltr'><strong>synodum,</strong></span> <span class='ocrx_word' id='word_1_751' title='bbox 3043 5001 3238 5054; x_wconf 78' lang='lat' dir='ltr'><strong>nemini</strong></span> <span class='ocrx_word' id='word_1_752' title='bbox 3300 5000 3383 5069; x_wconf 74' lang='lat' dir='ltr'><strong>{as</strong></span> <span class='ocrx_word' id='word_1_753' title='bbox 3443 5016 3554 5055; x_wconf 76' lang='lat' dir='ltr'><strong>esse</strong></span> 
     </span>
    </p>
   </div>
   <div class='ocr_carea' id='block_1_100' title="bbox 277 5094 1871 5170">
    <p class='ocr_par' dir='ltr' id='par_1_100' title="bbox 277 5094 1871 5170">
     <span class='ocr_line' id='line_1_100' title="bbox 277 5094 1871 5170; baseline 0.002 -22"><span class='ocrx_word' id='word_1_754' title='bbox 277 5112 401 5165; x_wconf 64' lang='grc' dir='ltr'>χαις</span> <span class='ocrx_word' id='word_1_755' title='bbox 426 5094 521 5149; x_wconf 88' lang='grc' dir='ltr'><strong>τοῦ</strong></span> <span class='ocrx_word' id='word_1_756' title='bbox 547 5095 1112 5166; x_wconf 77' lang='grc' dir='ltr'>ἀναθέματος.Ὥρισε</span> <span class='ocrx_word' id='word_1_757' title='bbox 1135 5094 1214 5158; x_wconf 82' lang='grc' dir='ltr'>δὲ,</span> <span class='ocrx_word' id='word_1_758' title='bbox 1240 5096 1494 5165; x_wconf 85' lang='grc' dir='ltr'>καθάπερ</span> <span class='ocrx_word' id='word_1_759' title='bbox 1515 5098 1610 5150; x_wconf 82' lang='grc' dir='ltr'>καὶ</span> <span class='ocrx_word' id='word_1_760' title='bbox 1630 5098 1744 5151; x_wconf 70' lang='lat' dir='ltr'><strong>at”</strong></span> <span class='ocrx_word' id='word_1_761' title='bbox 1764 5099 1871 5170; x_wconf 83' lang='grc' dir='ltr'><strong>πρὸ</strong></span> 
     </span>
    </p>
   </div>
   <div class='ocr_carea' id='block_1_101' title="bbox 276 5184 1867 5258">
    <p class='ocr_par' dir='ltr' id='par_1_101' title="bbox 276 5184 1867 5258">
     <span class='ocr_line' id='line_1_101' title="bbox 276 5184 1867 5258; baseline 0.001 -17"><span class='ocrx_word' id='word_1_762' title='bbox 276 5186 479 5255; x_wconf 80' lang='grc' dir='ltr'>αὐτῆς,</span> <span class='ocrx_word' id='word_1_763' title='bbox 512 5185 737 5252; x_wconf 78' lang='grc' dir='ltr'>Μηδενὶ</span> <span class='ocrx_word' id='word_1_764' title='bbox 781 5185 1004 5250; x_wconf 79' lang='grc' dir='ltr'>ἐξεῖναι</span> <span class='ocrx_word' id='word_1_765' title='bbox 1037 5184 1252 5239; x_wconf 80' lang='grc' dir='ltr'>πίστιν</span> <span class='ocrx_word' id='word_1_766' title='bbox 1274 5186 1487 5255; x_wconf 80' lang='grc' dir='ltr'>ἑτέραν</span> <span class='ocrx_word' id='word_1_767' title='bbox 1522 5189 1867 5258; x_wconf 69' lang='grc' dir='ltr'>προφέρειν,</span> 
     </span>
    </p>
   </div>
   <div class='ocr_carea' id='block_1_102' title="bbox 274 5275 1868 5351">
    <p class='ocr_par' dir='ltr' id='par_1_102' title="bbox 274 5275 1868 5351">
     <span class='ocr_line' id='line_1_102' title="bbox 274 5275 1868 5351; baseline 0.002 -23"><span class='ocrx_word' id='word_1_768' title='bbox 274 5278 455 5348; x_wconf 69' lang='grc' dir='ltr'>ἤγουν</span> <span class='ocrx_word' id='word_1_769' title='bbox 504 5278 843 5346; x_wconf 74' lang='grc' dir='ltr'>συγγράφειν</span> <span class='ocrx_word' id='word_1_770' title='bbox 873 5275 907 5345; x_wconf 84' lang='grc' dir='ltr'><strong>ἢ</strong></span> <span class='ocrx_word' id='word_1_771' title='bbox 943 5276 1248 5330; x_wconf 88' lang='grc' dir='ltr'>συντιθέναι</span> <span class='ocrx_word' id='word_1_772' title='bbox 1297 5277 1330 5346; x_wconf 82' lang='grc' dir='ltr'>ἦ</span> <span class='ocrx_word' id='word_1_773' title='bbox 1381 5281 1598 5347; x_wconf 83' lang='grc' dir='ltr'>φρονεῖν</span> <span class='ocrx_word' id='word_1_774' title='bbox 1642 5281 1773 5351; x_wconf 84' lang='grc' dir='ltr'>παρ’</span> <span class='ocrx_word' id='word_1_775' title='bbox 1801 5283 1868 5351; x_wconf 83' lang='grc' dir='ltr'>ἥν</span> 
     </span>
    </p>
   </div>
   <div class='ocr_carea' id='block_1_103' title="bbox 276 5368 1864 5444">
    <p class='ocr_par' dir='ltr' id='par_1_103' title="bbox 276 5368 1864 5444">
     <span class='ocr_line' id='line_1_103' title="bbox 276 5368 1864 5444; baseline 0.003 -23"><span class='ocrx_word' id='word_1_776' title='bbox 276 5368 610 5439; x_wconf 82' lang='grc' dir='ltr'>παρέδωκαν</span> <span class='ocrx_word' id='word_1_777' title='bbox 652 5370 688 5439; x_wconf 86' lang='grc' dir='ltr'><strong>ῆ</strong></span> <span class='ocrx_word' id='word_1_778' title='bbox 718 5386 777 5421; x_wconf 88' lang='grc' dir='ltr'><strong>τε</strong></span> <span class='ocrx_word' id='word_1_779' title='bbox 814 5368 1005 5439; x_wconf 85' lang='grc' dir='ltr'>πρώτη</span> <span class='ocrx_word' id='word_1_780' title='bbox 1050 5368 1144 5422; x_wconf 74' lang='grc' dir='ltr'><strong>καὶ</strong></span> <span class='ocrx_word' id='word_1_781' title='bbox 1178 5371 1209 5437; x_wconf 75' lang='grc' dir='ltr'>ἡ</span> <span class='ocrx_word' id='word_1_782' title='bbox 1239 5368 1468 5438; x_wconf 86' lang='grc' dir='ltr'>δευτέρα</span> <span class='ocrx_word' id='word_1_783' title='bbox 1512 5372 1864 5444; x_wconf 86' lang='grc' dir='ltr'>οἱκουμενικὴ</span> 
     </span>
    </p>
   </div>
   <div class='ocr_carea' id='block_1_104' title="bbox 398 5482 1316 5549">
    <p class='ocr_par' dir='ltr' id='par_1_104' title="bbox 398 5482 1316 5549">
     <span class='ocr_line' id='line_1_104' title="bbox 398 5482 1316 5549; baseline -0.002 -9"><span class='ocrx_word' id='word_1_784' title='bbox 398 5486 413 5524; x_wconf 69' lang='grc' dir='ltr'><strong>ί</strong></span> <span class='ocrx_word' id='word_1_785' title='bbox 449 5483 492 5539; x_wconf 93' lang='lat' dir='ltr'><strong>ll</strong></span> <span class='ocrx_word' id='word_1_786' title='bbox 517 5484 645 5540; x_wconf 89' lang='lat' dir='ltr'><strong>Cor.</strong></span> <span class='ocrx_word' id='word_1_787' title='bbox 682 5484 836 5549; x_wconf 66' lang='lat'><strong>1,18,</strong></span> <span class='ocrx_word' id='word_1_788' title='bbox 950 5482 964 5532; x_wconf 84' lang='lat' dir='ltr'><strong>i</strong></span> <span class='ocrx_word' id='word_1_789' title='bbox 1014 5482 1258 5547; x_wconf 82' lang='lat' dir='ltr'><strong>Psal.tx,</strong></span> <span class='ocrx_word' id='word_1_790' title='bbox 1284 5484 1316 5538; x_wconf 85' lang='lat'><strong>5</strong></span> 
     </span>
    </p>
   </div>
   <div class='ocr_carea' id='block_1_105' title="bbox 1968 5092 3553 5169">
    <p class='ocr_par' dir='ltr' id='par_1_105' title="bbox 1968 5092 3553 5169">
     <span class='ocr_line' id='line_1_105' title="bbox 1968 5092 3553 5169; baseline -0.008 -14"><span class='ocrx_word' id='word_1_791' title='bbox 1968 5102 2131 5155; x_wconf 82' lang='lat' dir='ltr'><strong>aliam</strong></span> <span class='ocrx_word' id='word_1_792' title='bbox 2155 5098 2390 5169; x_wconf 80' lang='lat' dir='ltr'><strong>proﬁteri</strong></span> <span class='ocrx_word' id='word_1_793' title='bbox 2420 5097 2604 5165; x_wconf 77' lang='lat' dir='ltr'><strong>ﬁdem,</strong></span> <span class='ocrx_word' id='word_1_794' title='bbox 2635 5094 2740 5149; x_wconf 87' lang='lat' dir='ltr'><strong>hoc</strong></span> <span class='ocrx_word' id='word_1_795' title='bbox 2772 5104 2858 5149; x_wconf 89' lang='lat' dir='ltr'><strong>est</strong></span> <span class='ocrx_word' id='word_1_796' title='bbox 2888 5093 3267 5158; x_wconf 86' lang='lat' dir='ltr'><strong>conscribere,</strong></span> <span class='ocrx_word' id='word_1_797' title='bbox 3299 5092 3382 5146; x_wconf 88' lang='lat' dir='ltr'><strong>vel</strong></span> <span class='ocrx_word' id='word_1_798' title='bbox 3406 5107 3553 5146; x_wconf 88' lang='lat' dir='ltr'><strong>com-</strong></span> 
     </span>
    </p>
   </div>
   <div class='ocr_carea' id='block_1_106' title="bbox 1970 5181 3554 5259">
    <p class='ocr_par' dir='ltr' id='par_1_106' title="bbox 1970 5181 3554 5259">
     <span class='ocr_line' id='line_1_106' title="bbox 1970 5181 3554 5259; baseline -0.005 -15"><span class='ocrx_word' id='word_1_799' title='bbox 1970 5205 2193 5259; x_wconf 87' lang='lat' dir='ltr'><strong>ponere,</strong></span> <span class='ocrx_word' id='word_1_800' title='bbox 2225 5188 2309 5243; x_wconf 89' lang='lat' dir='ltr'><strong>vel</strong></span> <span class='ocrx_word' id='word_1_801' title='bbox 2346 5186 2570 5251; x_wconf 90' lang='lat' dir='ltr'><strong>sentire,</strong></span> <span class='ocrx_word' id='word_1_802' title='bbox 2603 5193 2799 5254; x_wconf 63' lang='lat' dir='ltr'><strong>praeter</strong></span> <span class='ocrx_word' id='word_1_803' title='bbox 2837 5198 3002 5254; x_wconf 89' lang='lat' dir='ltr'><strong>quam</strong></span> <span class='ocrx_word' id='word_1_804' title='bbox 3039 5181 3266 5236; x_wconf 86' lang='lat' dir='ltr'><strong>tradidit</strong></span> <span class='ocrx_word' id='word_1_805' title='bbox 3294 5183 3465 5250; x_wconf 87' lang='lat' dir='ltr'><strong>prima</strong></span> <span class='ocrx_word' id='word_1_806' title='bbox 3499 5192 3554 5236; x_wconf 77' lang='lat' dir='ltr'><strong>t-t</strong></span> 
     </span>
    </p>
   </div>
   <div class='ocr_carea' id='block_1_107' title="bbox 1976 5274 3551 5348">
    <p class='ocr_par' dir='ltr' id='par_1_107' title="bbox 1976 5274 3551 5348">
     <span class='ocr_line' id='line_1_107' title="bbox 1976 5274 3551 5348; baseline -0.006 -13"><span class='ocrx_word' id='word_1_807' title='bbox 1976 5282 2211 5335; x_wconf 85' lang='lat' dir='ltr'><strong>secunda</strong></span> <span class='ocrx_word' id='word_1_808' title='bbox 2247 5279 2485 5348; x_wconf 75' lang='lat' dir='ltr'><strong>synodus</strong></span> <span class='ocrx_word' id='word_1_809' title='bbox 2531 5276 2825 5346; x_wconf 86' lang='lat' dir='ltr'><strong>generalis.</strong></span> <span class='ocrx_word' id='word_1_810' title='bbox 2855 5276 2957 5342; x_wconf 86' lang='lat' dir='ltr'><strong>Qui</strong></span> <span class='ocrx_word' id='word_1_811' title='bbox 2988 5288 3118 5329; x_wconf 81' lang='lat' dir='ltr'><strong>vero</strong></span> <span class='ocrx_word' id='word_1_812' title='bbox 3151 5274 3386 5328; x_wconf 87' lang='lat' dir='ltr'><strong>audeant</strong></span> <span class='ocrx_word' id='word_1_813' title='bbox 3407 5274 3551 5325; x_wconf 78' lang='lat' dir='ltr'><strong>aliud</strong></span> 
     </span>
    </p>
   </div>
   <div class='ocr_carea' id='block_1_108' title="bbox 1980 5364 3554 5443">
    <p class='ocr_par' dir='ltr' id='par_1_108' title="bbox 1980 5364 3554 5443">
     <span class='ocr_line' id='line_1_108' title="bbox 1980 5364 3554 5443; baseline -0.006 -16"><span class='ocrx_word' id='word_1_814' title='bbox 1980 5371 2263 5443; x_wconf 86' lang='lat' dir='ltr'><strong>sytubolou</strong></span> <span class='ocrx_word' id='word_1_815' title='bbox 2287 5380 2481 5439; x_wconf 73' lang='lat' dir='ltr'><strong>praeter</strong></span> <span class='ocrx_word' id='word_1_816' title='bbox 2507 5372 2609 5423; x_wconf 92' lang='lat' dir='ltr'><strong>hoc</strong></span> <span class='ocrx_word' id='word_1_817' title='bbox 2632 5368 2873 5422; x_wconf 88' lang='lat' dir='ltr'><strong>scribere</strong></span> <span class='ocrx_word' id='word_1_818' title='bbox 2901 5366 2982 5421; x_wconf 89' lang='lat' dir='ltr'><strong>vel</strong></span> <span class='ocrx_word' id='word_1_819' title='bbox 3006 5367 3225 5426; x_wconf 86' lang='lat' dir='ltr'><strong>docere,</strong></span> <span class='ocrx_word' id='word_1_820' title='bbox 3253 5364 3344 5435; x_wconf 89' lang='lat' dir='ltr'><strong>qui</strong></span> <span class='ocrx_word' id='word_1_821' title='bbox 3370 5364 3554 5423; x_wconf 83' lang='lat' dir='ltr'><strong>volunt</strong></span> 
     </span>
    </p>
   </div>
   <div class='ocr_carea' id='block_1_109' title="bbox 1567 5585 2232 5644">
    <p class='ocr_par' dir='ltr' id='par_1_109' title="bbox 1567 5585 2232 5644">
     <span class='ocr_line' id='line_1_109' title="bbox 1567 5585 2232 5644; baseline -0.009 0"><span class='ocrx_word' id='word_1_822' title='bbox 1567 5588 1801 5644; x_wconf 69' lang='grc' dir='ltr'>νΑιιιΑῖ</span> <span class='ocrx_word' id='word_1_823' title='bbox 1825 5585 2232 5643; x_wconf 76' lang='lat' dir='ltr'><strong>LECTIONES.</strong></span> 
     </span>
    </p>
   </div>
   <div class='ocr_carea' id='block_1_110' title="bbox 1102 5684 1535 5755">
    <p class='ocr_par' dir='ltr' id='par_1_110' title="bbox 1102 5684 1535 5755">
     <span class='ocr_line' id='line_1_110' title="bbox 1102 5684 1535 5755; baseline -0.005 -16"><span class='ocrx_word' id='word_1_824' title='bbox 1102 5685 1146 5717; x_wconf 71' lang='grc' dir='ltr'>ιε</span> <span class='ocrx_word' id='word_1_825' title='bbox 1174 5684 1333 5755; x_wconf 78' lang='grc' dir='ltr'>ἄλλη]</span> <span class='ocrx_word' id='word_1_826' title='bbox 1363 5684 1476 5738; x_wconf 87' lang='grc' dir='ltr'>ἀλλ’</span> <span class='ocrx_word' id='word_1_827' title='bbox 1503 5686 1535 5753; x_wconf 79' lang='grc' dir='ltr'>ἡ</span> 
     </span>
    </p>
   </div>
   <div class='ocr_carea' id='block_1_111' title="bbox 355 5685 1021 5756">
    <p class='ocr_par' dir='ltr' id='par_1_111' title="bbox 355 5685 1021 5756">
     <span class='ocr_line' id='line_1_111' title="bbox 355 5685 1021 5756; baseline 0 -17"><span class='ocrx_word' id='word_1_828' title='bbox 355 5689 401 5721; x_wconf 67' lang='grc' dir='ltr'><strong>δ’</strong></span> <span class='ocrx_word' id='word_1_829' title='bbox 436 5687 530 5740; x_wconf 90' lang='grc' dir='ltr'><strong>τοῦ</strong></span> <span class='ocrx_word' id='word_1_830' title='bbox 554 5686 711 5756; x_wconf 83' lang='grc' dir='ltr'>λόγου</span> <span class='ocrx_word' id='word_1_831' title='bbox 744 5685 933 5739; x_wconf 87' lang='grc' dir='ltr'>ἐνώσει</span> <span class='ocrx_word' id='word_1_832' title='bbox 962 5703 1021 5750; x_wconf 82' lang='grc' dir='ltr'>ς.</span> 
     </span>
    </p>
   </div>
   <div class='ocr_carea' id='block_1_112' title="bbox 1566 5681 2077 5745">
    <p class='ocr_par' dir='ltr' id='par_1_112' title="bbox 1566 5681 2077 5745">
     <span class='ocr_line' id='line_1_112' title="bbox 1566 5681 2077 5745; baseline -0.006 -9"><span class='ocrx_word' id='word_1_833' title='bbox 1566 5684 1623 5739; x_wconf 77' lang='grc' dir='ltr'><strong>Α.</strong></span> <span class='ocrx_word' id='word_1_834' title='bbox 1709 5684 1753 5715; x_wconf 62' lang='grc'><strong>⁸⁵</strong></span> <span class='ocrx_word' id='word_1_835' title='bbox 1781 5681 1995 5734; x_wconf 82' lang='grc' dir='ltr'>ἑαυτῶν</span> <span class='ocrx_word' id='word_1_836' title='bbox 2018 5699 2077 5745; x_wconf 86' lang='grc' dir='ltr'>ς.</span> 
     </span>
    </p>
   </div>
   <div class='ocr_carea' id='block_1_113' title="bbox 2156 5680 3557 5750">
    <p class='ocr_par' dir='ltr' id='par_1_113' title="bbox 2156 5680 3557 5750">
     <span class='ocr_line' id='line_1_113' title="bbox 2156 5680 3557 5750; baseline 0 -18"><span class='ocrx_word' id='word_1_837' title='bbox 2156 5680 2201 5711; x_wconf 76' lang='grc'><strong>⁸⁸</strong></span> <span class='ocrx_word' id='word_1_838' title='bbox 2230 5682 2545 5750; x_wconf 84' lang='grc' dir='ltr'>περιθέντες</span> <span class='ocrx_word' id='word_1_839' title='bbox 2582 5698 2642 5745; x_wconf 72' lang='grc' dir='ltr'><strong>ς,</strong></span> <span class='ocrx_word' id='word_1_840' title='bbox 2721 5681 2767 5712; x_wconf 74' lang='grc'><strong>⁸⁸</strong></span> <span class='ocrx_word' id='word_1_841' title='bbox 2795 5680 2963 5743; x_wconf 80' lang='grc' dir='ltr'>αὑτὰς</span> <span class='ocrx_word' id='word_1_842' title='bbox 2984 5681 3253 5750; x_wconf 81' lang='lat' dir='ltr'><strong>Scaliger.</strong></span> <span class='ocrx_word' id='word_1_843' title='bbox 3333 5680 3375 5711; x_wconf 82' lang='lat'><strong>&quot;</strong></span> <span class='ocrx_word' id='word_1_844' title='bbox 3401 5680 3491 5750; x_wconf 62' lang='grc' dir='ltr'><strong>καὶ</strong></span> <span class='ocrx_word' id='word_1_845' title='bbox 3511 5680 3557 5750; x_wconf 70' lang='grc' dir='ltr'><strong>ό</strong></span> 
     </span>
    </p>
   </div>
   <div class='ocr_carea' id='block_1_114' title="bbox 272 5746 3549 5837">
    <p class='ocr_par' dir='ltr' id='par_1_114' title="bbox 272 5746 3549 5837">
     <span class='ocr_line' id='line_1_114' title="bbox 272 5746 3549 5837; baseline -0.003 -26"><span class='ocrx_word' id='word_1_846' title='bbox 272 5759 405 5813; x_wconf 79' lang='grc' dir='ltr'>κατ’</span> <span class='ocrx_word' id='word_1_847' title='bbox 448 5774 553 5837; x_wconf 41' lang='grc' dir='ltr'><strong>ς..-</strong></span> <span class='ocrx_word' id='word_1_848' title='bbox 583 5746 638 5837; x_wconf 61' lang='grc' dir='ltr'>ξθί</span> <span class='ocrx_word' id='word_1_849' title='bbox 662 5746 1390 5837; x_wconf 32' lang='grc' dir='ltr'>προκριτάςξὺποφαίνεινςς.</span> <span class='ocrx_word' id='word_1_850' title='bbox 1468 5746 1640 5825; x_wconf 43' lang='lat' dir='ltr'><strong>&quot;an.</strong></span> <span class='ocrx_word' id='word_1_851' title='bbox 1668 5753 1786 5823; x_wconf 84' lang='grc' dir='ltr'>βίαν</span> <span class='ocrx_word' id='word_1_852' title='bbox 1818 5746 2178 5807; x_wconf 67' lang='grc' dir='ltr'>Ιὶωδὸιιοιὶυε.</span> <span class='ocrx_word' id='word_1_853' title='bbox 2215 5746 2330 5821; x_wconf 84' lang='grc' dir='ltr'>βίον</span> <span class='ocrx_word' id='word_1_854' title='bbox 2354 5751 2446 5804; x_wconf 73' lang='grc' dir='ltr'><strong>καὶ</strong></span> <span class='ocrx_word' id='word_1_855' title='bbox 2474 5752 2536 5804; x_wconf 91' lang='grc' dir='ltr'><strong>οὑ</strong></span> <span class='ocrx_word' id='word_1_856' title='bbox 2560 5766 2645 5817; x_wconf 87' lang='grc' dir='ltr'>τρ.</span> <span class='ocrx_word' id='word_1_857' title='bbox 2678 5769 2735 5815; x_wconf 79' lang='grc' dir='ltr'>ς.</span> <span class='ocrx_word' id='word_1_858' title='bbox 2812 5752 2856 5783; x_wconf 78' lang='grc' dir='ltr'><strong>⁸ο</strong></span> <span class='ocrx_word' id='word_1_859' title='bbox 2880 5749 2999 5821; x_wconf 73' lang='grc' dir='ltr'>τὰς]</span> <span class='ocrx_word' id='word_1_860' title='bbox 3026 5752 3122 5813; x_wconf 83' lang='grc' dir='ltr'>τὰς</span> <span class='ocrx_word' id='word_1_861' title='bbox 3144 5746 3253 5806; x_wconf 61' lang='grc' dir='ltr'>’καὶ</span> <span class='ocrx_word' id='word_1_862' title='bbox 3285 5766 3348 5815; x_wconf 84' lang='grc' dir='ltr'>ς.</span> <span class='ocrx_word' id='word_1_863' title='bbox 3422 5748 3467 5785; x_wconf 76' lang='grc'><strong><em>⁸³</em></strong></span> <span class='ocrx_word' id='word_1_864' title='bbox 3502 5749 3549 5815; x_wconf 82' lang='grc' dir='ltr'>ὃ,</span> 
     </span>
    </p>
   </div>
   <div class='ocr_carea' id='block_1_115' title="bbox 270 5820 1354 5899">
    <p class='ocr_par' dir='ltr' id='par_1_115' title="bbox 270 5820 1354 5899">
     <span class='ocr_line' id='line_1_115' title="bbox 270 5820 1354 5899; baseline -0.002 -18"><span class='ocrx_word' id='word_1_865' title='bbox 270 5847 330 5884; x_wconf 86' lang='grc' dir='ltr'><strong>τι</strong></span> <span class='ocrx_word' id='word_1_866' title='bbox 370 5845 430 5894; x_wconf 74' lang='grc' dir='ltr'>ς.</span> <span class='ocrx_word' id='word_1_867' title='bbox 460 5820 469 5821; x_wconf 22' lang='grc' dir='ltr'><strong>ί</strong></span> <span class='ocrx_word' id='word_1_868' title='bbox 510 5828 553 5859; x_wconf 78' lang='grc'><strong>⁵³</strong></span> <span class='ocrx_word' id='word_1_869' title='bbox 582 5820 739 5899; x_wconf 70' lang='grc' dir='ltr'>ήμῶν</span> <span class='ocrx_word' id='word_1_870' title='bbox 781 5820 842 5891; x_wconf 65' lang='lat' dir='ltr'><strong>cf.</strong></span> <span class='ocrx_word' id='word_1_871' title='bbox 939 5825 984 5857; x_wconf 84' lang='grc'><strong><em>⁸³</em></strong></span> <span class='ocrx_word' id='word_1_872' title='bbox 1010 5820 1255 5896; x_wconf 54' lang='grc' dir='ltr'>αἱ]’ὁ’ρι·.</span> <span class='ocrx_word' id='word_1_873' title='bbox 1289 5826 1354 5879; x_wconf 85' lang='grc' dir='ltr'><strong>Δ.</strong></span> 
     </span>
    </p>
   </div>
  </div>
