4004 6464
341 367 482 434 I009
1364 387 1890 453 BIBLIOTHECA.
1922 417 1994 426 -
2029 392 2195 454 COD.
2235 393 2538 455 CCXXIX.
3492 397 3630 464 1010

340 490 658 581 tisapdatov
692 496 992 566 θεότητος.
1032 503 1106 555 Οὐ
1139 504 1303 574 μόνον
1331 506 1388 559 δὲ
1414 507 1508 560 δύο
1551 507 1743 576 φύσεις
1770 510 1798 560 ὁ
1830 506 1926 562 Κύ-

2045 507 2250 577 aliquid
2287 519 2523 561 creatum
2564 509 2631 560 ad
2665 508 2898 562 diuinam
2933 510 3214 562 essentiam
3245 511 3404 581 261
3429 514 3458 564 b
3497 515 3634 580 refe-

336 579 523 646 ριλλος
551 583 689 637 ἀλλὰ
720 588 814 640 καὶ
839 589 932 643 δύο
963 594 1247 665 ἐνεργείας
1279 601 1561 670 κηρύττει,
1593 601 1670 664 ὡς
1717 604 1774 652 ἐν
1817 603 1926 664 τοῖς

2038 615 2238 663 ramus,
2279 615 2445 668 neque
2473 599 2666 652 divina:
2691 610 2895 654 natura
2926 602 3295 668 prazstantiam
3318 579 3632 655 admodum

333 670 648 746 θησαυροῖς
699 679 882 748 λέγει·
925 686 1118 740 Οὐδὲν
1158 690 1270 759 γὰρ
1312 691 1431 746 τῶν
1461 693 1652 748 ὄντων
1685 695 1834 763 πρὸς
1864 692 1926 746 τό

2041 693 2389 746 humanitatis
2419 693 2754 746 reducamus.

333 766 679 873 ὲτῗρογενες
729 772 1252 873 καὶᾷἐτεροούσιον
1279 783 1384 847 τὰς
1422 783 1612 849 αὑτὰς
1673 785 2189 851 ἀπαραλλάκτους
2242 784 2497 854 φορήσει
2531 783 2819 853 δυνάμεις
2870 801 2937 838 τε
2984 786 3082 838 καὶ
3139 786 3463 856 ἐνεργείας.
3519 789 3633 842 Καὶ

334 861 529 965 ’ξάξιν
575 863 800 965 Ὣσςπερ
829 871 1386 965 ἀπεσχοινισμένον
1429 881 1645 948 ἔχουσι
1697 879 1806 947 τῆς
1869 885 2088 948 οὐσίας
2149 881 2281 947 ἤτοι
2333 881 2442 950 τῆς
2503 883 2821 948 ποιότητος
2879 883 2988 935 τὸν
3039 882 3261 951 λόγον,
3321 881 3474 936 οὕτω
3529 881 3631 935 καὶ

331 953 626 1064 (Ῐίξῖὲθθρον
653 959 1035 1064 ἀπασώζουσι
1067 967 1183 1033 τὴν
1211 969 1545 1039 ἑνέργειαν’
1579 973 1673 1024 καὶ
1715 974 1878 1027 πάλιν
1904 990 1919 1004 ο
1954 977 2035 1028 Οὐ
2067 975 2176 1042 γὰρ
2210 974 2412 1039 δήπου
2435 976 2585 1043 μίαν
2615 971 2768 1027 εἶναι
2822 974 3097 1042 φυσικὴν
3145 976 3262 1042 τὴν
3324 977 3630 1046 ἐνέργειαν

333 1047 610 1119 δώσομεν
638 1053 788 1106 Θεοῦ
821 1056 920 1109 καὶ
959 1060 1312 1130 ποιήματος,
1341 1065 1440 1118 ἵνα
1477 1067 1632 1137 μήτε
1670 1069 1735 1120 τὸ
1763 1069 2013 1136 ποιηθὲν
2038 1073 2126 1135 είς
2186 1071 2300 1136 τὴν
2357 1073 2526 1124 θείαν
2573 1069 2968 1138 ἀναγάγωμεν
3011 1069 3253 1130 οὐσίαν,
3294 1066 3447 1137 μήτε
3500 1069 3631 1137 μὴν

331 1145 445 1213 τῆς
477 1151 639 1218 θείας
661 1155 902 1224 φύσεως
932 1159 996 1211 τὸ
1021 1161 1331 1228 ἐξαίρετον
1361 1165 1449 1229 είς
1476 1165 1582 1217 τὸν
1624 1165 1749 1230 τοῖς
1790 1166 2101 1235 γεννητοῖς
2137 1165 2504 1233 πρέπονταθι
2545 1165 2972 1234 καταγάγωμεν
3007 1165 3253 1232 τρόπον.

406 1241 628 1315 Ἐπειδὴ
663 1245 718 1298 δὲ
765 1249 814 1300 oi
871 1250 1006 1316 πρὸς
1033 1251 1127 1316 οὓς
1176 1252 1417 1322 ἔγραφεν
1451 1255 1728 1326 ἐζήτησαν
1759 1259 1929 1328 ψιλῶς

331 1334 433 1403 τὴν
460 1334 606 1399 λέξιν
630 1338 730 1407 τὴν
756 1342 993 1412 ἑκατέρα
1023 1345 1175 1414 παρὰ
1204 1345 1346 1398 τίσιν
1377 1345 1594 1417 εἴρηται
1625 1349 1734 1400 τῶν
1754 1349 1933 1404 Πατέ-

334 1444 466 1494 ρων,
507 1427 638 1499 [8‘20
670 1431 757 1497 8.,
791 1433 896 1488 430
933 1434 1027 1507 ιι]
1062 1436 1391 1507 προκομίζει
1426 1441 1622 1513 χρῆσιν
1674 1442 1934 1510 κειμένην

329 1520 389 1570 ἐν
437 1523 504 1590 τῇ
557 1527 693 1592 πρὸς
728 1525 1012 1595 Ἑϐραίους
1060 1529 1334 1600 Rapina!)
1385 1533 1674 1604 ἑρμηνείᾳ,
1705 1533 1934 1602 ἔχουσαν

327 1610 504 1676 οὕτως
521 1630 535 1644 ο
559 1617 680 1668 Οὐκ
697 1617 1008 1686 ἀνάχυσίν
1021 1638 1156 1674 τινα
1173 1621 1308 1693 [τῆς
1321 1623 1391 1695 θ’]
1409 1627 1495 1690 εὶς
1519 1624 1800 1690 ἀλλήλας
1817 1624 1936 1678 τῶν

326 1705 578 1771 φύσεων
606 1707 930 1778 πεπρᾶχθα
983 1730 1208 1780 φαμεν·
1239 1717 1552 1783 μενούσης
1588 1715 1658 1768 δὲ
1693 1714 1936 1785 μᾶλλον

324 1794 615 1864 ἑκατέρας
645 1799 804 1852 τοῦθ’
834 1801 980 1869 ὅπερ
1019 1804 1214 1867 ἐστὶν,
1248 1804 1518 1873 ἡνῶσθαι
1550 1805 1731 1872 σαρκὶ
1760 1806 1937 1861 νοοῦ-

318 1905 440 1956 μεν
465 1889 572 1942 τὸν
597 1892 811 1960 Λόγον.
845 1895 954 1948 Kal.
985 1897 1148 1950 πάλιν
1179 1898 1271 1952 τοῦ
1299 1899 1464 1952 αὑτοῦ
1493 1899 1558 1952 ἐκ
1585 1899 1695 1953 τῶν
1727 1899 1930 1955 αὐτῶν·

324 1982 439 2036 Καὶ
471 1986 544 2038 οὐ
577 1985 779 2054 δήπου
818 1991 1021 2059 φαμὲν
1049 1992 1356 2062 ἀνάχυσιν
1382 1993 1587 2063 ὥσπερ
1614 1995 1750 2051 τινὰ
1778 2011 1932 2066 συμ-

2104 1259 2237 1314 Cum
2274 1274 2402 1312 vero
2442 1258 2512 1312 illi
2559 1262 2626 1312 ad
2662 1273 2799 1326 quos
2830 1258 3020 1327 scripsi
3063 1258 3433 1328 quasiverunt
3469 1257 3622 1312 tenui

2037 1353 2294 1417 dictione,
2320 1368 2441 1422 qua:
2465 1352 2532 1405 ab
2564 1351 2838 1420 aliquibus
2866 1348 3121 1404 Patribus
3150 1351 3290 1403 dicta
3337 1357 3464 1402 sunt
3487 1389 3502 1412 ,
3536 1363 3626 1403 os-

2035 1441 2204 1495 tendit
2249 1457 2404 1496 usmn
2443 1439 2533 1509 qui
2585 1450 2669 1493 est
2719 1441 2770 1492 in
2826 1439 3276 1508 interpretatione
3323 1438 3508 1508 Cyrilli
3560 1439 3630 1493 ad

2034 1532 2291 1587 Hebraeos
2323 1533 2425 1586 hoc
2457 1533 2614 1586 nimio
2644 1549 2658 1586 :
2695 1530 2818 1584 Non
2846 1531 3163 1599 relusionem
3202 1530 3437 1600 aliquam
3469 1539 3629 1582 natu-

2036 1639 2217 1678 rarum
2257 1625 2312 1677 in
2341 1639 2396 1678 se
2421 1633 2607 1677 mutuo
2644 1622 2838 1692 factum
2865 1638 2974 1676 esse
3004 1622 3249 1690 dicimus,
3278 1631 3522 1675 manente
3541 1638 3631 1691 po-

2033 1718 2138 1770 tius
2172 1727 2394 1786 utraque
2413 1757 2429 1782 ,
2458 1717 2554 1770 hoc
2576 1755 2592 1778 ,
2625 1716 2763 1784 quod
2799 1722 2897 1780 est,
2934 1714 3073 1767 uniri
3103 1714 3254 1768 carni
3284 1714 3627 1784 intelligimus

2047 1805 2286 1862 Verbum.
2309 1808 2373 1861 Et
2410 1822 2622 1862 rursum
2647 1808 2786 1862 idem
2814 1807 2864 1860 in
2901 1808 3088 1862 eadem
3125 1821 3180 1860 re
3209 1825 3224 1861 :
3263 1806 3326 1858 Et
3361 1822 3464 1860 non
3497 1787 3630 1860 dici-

2033 1918 2179 1964 mus,
2229 1901 2362 1954 velut
2399 1901 2687 1971 quamdam
2726 1899 3044 1967 refusionem
3090 1899 3147 1951 in
3188 1899 3394 1952 naturis
3428 1901 3630 1967 [actam

2034 2007 2166 2056 esse,
2198 2000 2255 2043 ut
2277 1991 2432 2043 sitam
2468 1988 2618 2042 Verbi
2641 2000 2886 2041 naturam
2914 1990 2972 2041 in
2998 1989 3248 2052 hominis,
3274 1987 3413 2042 verbi
3440 2003 3627 2045 causa.

323 2073 504 2142 ϐῆναι
555 2078 690 2145 περὶ
735 2080 843 2148 τὰς
893 2085 1149 2151 φύσεις,
1182 2088 1263 2153 ὡς
1313 2087 1536 2156 στῆναι
1559 2089 1604 2120 ⁸³
1651 2088 1769 2157 τὴν
1823 2089 1926 2142 τοῦ

2038 2082 2383 2142 tenuitatent,
2431 2079 2521 2133 sed
2565 2095 2727 2147 neque
2773 2094 2982 2132 rursum
3025 2078 3312 2131 humanam
3348 2079 3405 2130 in
3459 2079 3628 2146 ipsum

323 2177 524 2243 ⁴Λόγου
553 2178 746 2245 φύσιν
778 2181 866 2245 εὶς
894 2179 1013 2247 τὴν
1039 2181 1146 2234 τοῦ
1169 2180 1484 2248 ἀνθρώπου
1520 2182 1709 2250 τυχόν
1729 2196 1742 2210 ·
1773 2180 1896 2234 ἀλλ
1914 2180 1929 2200 ’

321 2265 456 2317 οὐδ’
488 2265 566 2322 αὗ
621 2269 812 2324 πάλιν
859 2271 974 2338 τὴν
1021 2273 1412 2342 ἀνθρωπίνην
1459 2275 1548 2337 είς
1597 2270 1715 2340 τὴν
1741 2271 1929 2326 αὐτοῦ

320 2354 433 2407 τοῦ
452 2357 495 2386 ⁸⁸
526 2359 723 2427 Λόγου
745 2375 758 2389 ·
787 2361 1127 2428 νοουμένης
1145 2361 1468 2430 δὲμᾶλλον
1493 2363 1588 2415 καί
1617 2361 1926 2429 ὑπαρχού-

2033 2175 2169 2228 Dei:
2196 2172 2458 2227 intellecta
2487 2172 2660 2242 potius
2683 2183 2730 2224 et
2755 2173 3069 2224 subsistente
3087 2181 3306 2238 utraque
3324 2170 3379 2222 in
3403 2169 3628 2238 praprite

2031 2276 2240 2321 natura:
2261 2265 2504 2326 termino,
2539 2263 2738 2331 [actam
2763 2263 3008 2314 unionem
3026 2261 3272 2324 dicimus,
3294 2258 3624 2312 inhabitaute

2028 2357 2379 2426 corporaliter
2423 2354 2588 2409 Verbo
2619 2355 2670 2406 in
2705 2353 2916 2421 templo,
2939 2353 3076 2422 quod
3096 2368 3181 2405 ea:
3209 2352 3362 2404 beata
3414 2345 3629 2419 Virgine

319 2461 444 2512 σης
474 2448 761 2518 ἑκατέρας
783 2452 854 2506 ἐν
878 2453 958 2517 τῷ
979 2452 1090 2522 τῆς
1117 2453 1271 2518 ἰδίας
1290 2456 1536 2524 φύσεως
1559 2454 1676 2523 ὅρῳ
1698 2451 1926 2521 πεπρᾶ-

2036 2450 2270 2517 mnipsit.
2319 2446 2409 2500 Sic
2447 2457 2503 2500 et
2545 2444 2778 2499 Basilius
2814 2443 3074 2497 Caesareae
3114 2441 3470 2510 Cappadociae
3513 2440 3628 2509 epi-

318 2541 465 2607 χθαί
494 2559 692 2611 φαμεν
713 2543 830 2611 τὴν
859 2545 1100 2611 ἕνωσιν,
1122 2546 1558 2614 ἐνοικήσαντος
1587 2546 1694 2602 τοῦ
1723 2550 1920 2616 Λόγου

314 2635 678 2700 σωματικῶς
728 2634 806 2700 τῷ
849 2638 917 2690 ἐκ
948 2637 1060 2706 τῆς
1093 2639 1270 2705 ἁγίας
1299 2639 1609 2708 Παρθένου
1638 2637 1782 2703 ναῷ.
1804 2639 1924 2691 Ὠσ-

314 2726 506 2788 cuitu);
522 2727 576 2779 δὲ
611 2728 878 2796 λέγεικαὶ
907 2731 1188 2794 Βασίλειος
1216 2735 1243 2786 ὁ
1270 2733 1612 2804 Καισαρείας
1641 2733 1738 2802 τῆς
1765 2733 1927 2785 Κατι-

2032 2556 2228 2606 scopus
2250 2539 2386 2592 libro
2414 2535 2618 2591 Contra
2645 2534 3000 2588 Eunomium:
3028 2532 3316 2602 Propterea
3337 2532 3481 2584 omni
3504 2545 3632 2583 con-

2036 2633 2266 2687 tentione
2298 2640 2346 2684 et
2377 2629 2620 2683 cautione
2655 2626 3096 2680 considerandum
3127 2634 3238 2691 est,
3279 2623 3542 2694 quomodo
3571 2623 3629 2675 in

2036 2743 2140 2780 uno
2165 2725 2447 2791 eodemque
2479 2721 2753 2788 utriusque
2781 2728 2986 2772 natura:
3013 2717 3319 2771 ostendatur
3343 2716 3557 2769 veritas.

315 2820 586 2884 παδοκὶας
631 2825 689 2874 ὲν
717 2822 794 2892 τῷ
829 2825 949 2876 κατ’
984 2825 1249 2894 Εὑνομίου
1285 2826 1463 2898 λόγῳ·
1495 2827 1590 2880 Διὸ
1617 2826 1768 2895 μετὰ
1801 2822 2009 2890 πάσης
2057 2817 2320 2888 ἀγωνίας
2365 2832 2429 2868 τε
2477 2814 2575 2870 καὶ
2625 2811 2945 2877 εὐλαϐείας
2989 2808 3081 2863 δεῖ
3129 2806 3422 2877 συνορᾷν,
3467 2806 3632 2864 ὅπως·

316 2913 400 2966 ἂν
432 2912 501 2963 ἐν
539 2911 617 2977 τῷ
648 2914 740 2966 ἑνὶ
771 2916 868 2970 καὶ
909 2913 989 2979 τῷ
1008 2916 1168 2982 αὐτῷ
1189 2917 1474 2986 ἑκατέρας
1504 2919 1747 2988 φύσεως
1775 2910 2107 2983 ἀποδειχθῇ
2149 2911 2187 2978 ἦ
2225 2909 2500 2979 ἀλήθεια·

393 3010 520 3061 ’Ότι
551 3010 733 3080 μέντοι
767 3029 829 3080 γε
867 3014 927 3065 οὐ
962 3013 1092 3084 μίαν
1121 3014 1170 3065 οἱ
1207 3015 1450 3082 Πατέρες
1487 3014 1644 3084 ἡμῶν
1667 3014 1760 3065 ἐπὶ
1790 3014 1926 3084 Χρι·-

317 3099 453 3153 στοῦ
487 3101 623 3154 ἀλλὰ
648 3102 742 3156 δύο
773 3103 962 3171 φύσεις
1009 3106 1066 3157 ὲν
1113 3107 1180 3176 τῇ
1227 3105 1351 3158 καθ’
1379 3106 1679 3159 ὑπόστασιν
1732 3105 1928 3156 ἐνώσει

316 3189 724 3260 κηρύττουσιν,
757 3193 974 3263 εἴρηται
1031 3195 1130 3265 μὲν
1183 3196 1280 3248 καὶ
1329 3196 1620 3266 πρότερον,
1662 3196 1815 3249 οὐδὲν
1867 3195 1924 3248 δὲ

317 3281 526 3336 κωλύει
575 3285 670 3336 καὶ
711 3285 805 3336 νῦν
854 3288 1230 3356 παραστῆσαι.
1267 3289 1433 3356 Λέγει
1463 3289 1572 3358 γὰρ
1597 3291 1624 3342 ὁ
1660 3290 1717 3341 ἐν
1748 3287 1926 3356 ἁγίοις

317 3374 624 3445 Γρηγόριος
644 3378 688 3408 ⁸⁸
717 3378 745 3429 ὁ
775 3378 998 3449 Νύσπης
1044 3381 1101 3431 ἐν
1133 3379 1211 3449 τῷ
1247 3383 1391 3434 κατὰ
1424 3380 1802 3452 Ἀπολιναρίου
1835 3379 1924 3434 λό-

2117 3006 2383 3075 Quoniam
2427 3003 2619 3060 Patres
2656 3004 2876 3075 quidem
2920 3017 3028 3058 non
3069 3013 3233 3055 unam
3285 2999 3337 3052 in
3389 2993 3627 3059 Christo,

2035 3102 2130 3157 sed
2174 3101 2308 3154 duas
2357 3107 2583 3152 naturas
2621 3097 2671 3149 in
2707 3093 2980 3164 personali
3021 3091 3219 3147 unione
3276 3088 3626 3144 conﬁtentur.

2036 3192 2192 3259 Quod
2233 3201 2288 3246 et
2323 3200 2480 3243 antea
2515 3188 2722 3244 dictum
2759 3196 2877 3249 est,
2922 3201 3065 3239 nunc
3097 3197 3225 3236 vero
3257 3183 3396 3236 idem
3443 3195 3629 3235 recen-

2036 3300 2157 3338 sere
2188 3281 2324 3336 nihil
2359 3280 2631 3349 prohibet.
2665 3279 2803 3333 Dicit
2835 3279 2980 3331 enim
3007 3276 3305 3344 Gregorius
3345 3273 3627 3344 Nyssenus

2034 3375 2085 3430 in
2133 3374 2269 3428 libro
2325 3371 2528 3426 Contra
2571 3369 2958 3439 Apollinarium
3002 3383 3022 3422 :
3069 3367 3162 3421 Sic
3200 3366 3365 3436 igitur
3401 3365 3456 3418 in
3500 3381 3628 3420 con-

316 3487 409 3539 γῳ
429 3486 442 3500 °
471 3474 537 3524 Ei
564 3466 677 3526 οὖν
722 3473 792 3525 ἐν
836 3473 960 3540 τοῖς
999 3474 1300 3540 ἐναντίοις
1337 3468 1652 3544 ἰδιώμασιν
1681 3476 1717 3542 ἡ
1747 3473 1918 3527 θατέ-

2036 3467 2212 3521 trariis
2239 3463 2654 3532 proprietatibus
2687 3471 2906 3530 utraque
2929 3460 3118 3513 harum
3155 3467 3503 3528 cognoscatur
3529 3472 3628 3512 na-

306 3581 433 3632 ρου
459 3565 684 3617 τούτων
712 3566 1011 3633 θεωρεῖται
1041 3567 1254 3636 φύσις,
1289 3566 1398 3635 τῆς
1424 3569 1653 3636 σαρκός
1680 3584 1744 3621 τε
1764 3565 1921 3634 λέγω

315 3655 424 3706 καὶ
450 3655 562 3722 τῆς
590 3656 895 3725 θεότητος,
920 3656 1046 3724 πῶς
1061 3659 1171 3724 μία
1199 3660 1260 3712 αἱ
1295 3657 1442 3719 δύος
1477 3657 1588 3712 Kal.
1613 3659 1641 3709 6
1666 3659 1724 3710 ὲν
1747 3657 1925 3726 ἁγίοις

313 3747 377 3802 δὲ
397 3747 637 3818 Ἑφρκῒμ
666 3750 724 3801 ἐν
738 3747 816 3818 τῷ
844 3749 985 3818 Περὶ
1008 3750 1527 3818 ἐνανθρωπήσεως
1561 3751 1655 3803 καὶ
1686 3752 1790 3816 Eli;
1819 3749 1927 3802 τὸν

310 3842 694 3910 μαργαρίτην
721 3859 735 3873 ο
790 3844 916 3910 Οὐχ
962 3843 1212 3913 ἡττήθη,
1264 3844 1420 3914 φησὶ,
1450 3842 1522 3912 τῇ
1573 3841 1778 3910 πλοκῇ
1811 3840 1923 3911 τῆς

314 3934 753 4004 προσλήψεως,
779 3936 879 3988 ἵνα
908 3935 1188 4004 ἀπολέσῃ
1217 3936 1247 3990 ὃ
1272 3935 1441 4005 ἔσχε,
1479 3935 1578 3989 καὶ
1600 3935 1631 3988 ὂ
1655 3933 1741 4005 μὴ
1774 3934 1926 4003 ἔσχε

313 4024 590 4095 γένηται.
628 4026 866 4080 Τέλειον
914 4028 1038 4096 ἔχει
1091 4027 1122 4080 ὃ
1175 4022 1274 4096 ἦν,
1305 4028 1404 4081 καὶ
1449 4025 1682 4080 τέλειον
1731 4025 1858 4095 ἔχει
1892 4025 1925 4080 ὃ

312 4117 686 4185 προσέλαϐε.
727 4119 835 4170 Kal.
867 4117 1138 4188 Κύρι).).ος
1171 4118 1229 4171 δὲ
1270 4119 1328 4170 ὲν
1361 4120 1429 4188 τῇ
1477 4117 1618 4188 πρὸς
1665 4117 1924 4186 Εὐλόγιον

313 4209 608 4280 ἐπιστολῇ,
646 4209 783 4263 ἀλλὰ
812 4211 906 4263 καὶ
951 4211 1010 4264 ἐν
1055 4204 1137 4282 τῇ
1161 4209 1299 4281 πρὶς
1329 4209 1628 4263 Σούκενσον
1651 4209 1697 4241 ⁸⁸
1725 4211 1926 4284 πρώτῃ

315 4302 419 4366 καὶ
449 4303 506 4356 ὲν
552 4302 631 4372 τῷ
662 4303 803 4372 Περὶ
833 4305 1097 4370 πίστεως
1143 4305 1288 4376 λόγῳ
1319 4305 1416 4358 καὶ
1444 4307 1502 4358 ἐν
1531 4305 1610 4376 τῷ
1637 4306 1798 4360 Κατὰ
1828 4305 1925 4359 τοῦ

309 4393 381 4445 δυ
394 4394 614 4458 σσεὸοὖς
643 4396 972 4464 Νεστορίου
996 4398 1089 4449 καὶ
1107 4398 1166 4450 ἐν
1190 4399 1301 4460 τοῖς
1326 4395 1665 4464 Θησαυροῖς
1694 4399 1759 4450 τὰ
1785 4397 1926 4450 αὑτὰ

309 4484 490 4550 λέγει.
513 4485 788 4550 Ὡσαύτως
822 4487 877 4541 δὲ
903 4491 996 4542 καὶ
1026 4490 1085 4542 ἐν
1115 4488 1192 4558 τῷ
1219 4487 1361 4557 Περὶ
1402 4487 1924 4557 ἐνανθρωπήσεως

314 4576 496 4645 λόγῳ·
519 4578 653 4645 φησὶ
670 4579 778 4650 γάρ
796 4595 808 4608 °
847 4581 1014 4635 Ἀλλ’
1034 4583 1120 4647 είς
1143 4580 1212 4635 ἓν
1231 4580 1405 4650 ἄμφω
1425 4580 1751 4649 συλλέγων
1775 4583 1927 4634 κατὰ

312 4668 634 4738 σύμϐασιν
663 4672 1057 4741 οἰκονομικὴν
1093 4673 1167 4728 τὰ
1211 4672 1332 4728 τῶν
1364 4673 1612 4743 φύσεων
1645 4670 1925 4740 ἰδιώματα

311 4759 421 4811 διὰ
460 4762 691 4829 μυρίων
739 4764 902 4816 ὅσων
941 4764 1088 4832 ἡμῖν
1133 4763 1340 4832 όρᾶται
1388 4765 1610 4834 ⁸ιόγων.
1649 4763 1758 4816 Καὶ
1791 4761 1925 4832 μεθ’

2030 3573 2171 3622 tura,
2192 3560 2392 3622 carnis,
2422 3557 2660 3627 inquam,
2685 3565 2734 3607 et
2767 3554 2886 3619 Dei,
2916 3552 3178 3620 quomodo
3207 3567 3311 3604 una
3328 3561 3447 3604 sunt
3480 3550 3620 3604 dute.

2032 3653 2100 3708 Et
2126 3664 2350 3708 sanctus
2380 3650 2630 3719 Ephraam
2669 3649 2719 3702 in
2757 3647 2896 3702 libro
2935 3645 3013 3700 De
3053 3647 3442 3708 incarnatione,
3480 3652 3537 3697 et
3571 3642 3626 3696 in

2031 3743 2395 3810 Harqaretam
2429 3757 2448 3794 :
2486 3738 2612 3793 Non
2650 3741 2856 3793 minuta
2894 3748 2989 3801 est,
3023 3736 3218 3804 inquit,
3249 3734 3506 3789 connexio
3537 3749 3626 3788 αε-
3680 3792 3682 3794 _

2028 3835 2367 3904 sumptionis,
2403 3843 2460 3888 ut
2507 3833 2794 3902 perdiderit
2829 3832 2969 3900 quod
2991 3830 3227 3892 habuit;
3267 3838 3315 3882 et
3348 3829 3487 3897 quod
3520 3842 3624 3880 non

2030 3929 2236 3994 habuit,
2265 3930 2456 3996 adepta
2480 3927 2571 3981 sit.
2604 3923 2707 3980 Sed
2732 3924 3016 3992 perfectum
3041 3933 3114 3977 est
3148 3925 3285 3993 quod
3319 3923 3620 3989 assumpsit,

2029 4031 2076 4076 et
2106 4021 2250 4091 quod
2270 4021 2463 4088 adepta
2491 4027 2590 4073 est.
2617 4016 2685 4069 Et
2708 4015 2940 4086 Cyrillus
2970 4014 3198 4082 epistola
3221 4013 3285 4066 ad
3315 4012 3622 4080 Eulogium,

2032 4123 2087 4167 et
2114 4113 2288 4182 prima
2330 4111 2395 4165 ad
2431 4111 2789 4170 Succensum,
2831 4117 2885 4159 et
2916 4106 2969 4159 in
3011 4104 3272 4161 Oratione
3309 4104 3375 4156 de
3415 4102 3538 4168 lide,
3571 4113 3628 4156 et

2031 4205 2170 4259 libro
2214 4202 2416 4258 Contra
2463 4201 2688 4270 impium
2741 4198 3087 4261 Nestorium,
3137 4209 3189 4249 et
3243 4198 3294 4248 in
3341 4194 3624 4248 Thesauris

2033 4297 2223 4351 eadem
2258 4295 2409 4360 dicit,
2455 4293 2711 4347 similiter
2753 4301 2808 4347 et
2842 4289 2980 4345 libro
3010 4288 3087 4342 De
3117 4288 3514 4352 incarnatione,
3547 4285 3626 4341 sic

2035 4387 2196 4442 habet
2229 4401 2247 4439 .'
2282 4384 2387 4440 Sed
2421 4387 2475 4439 in
2526 4401 2686 4438 unam
2733 4395 2984 4452 utrasque
3021 4379 3292 4448 collegisse
3338 4378 3626 4431 secundum

2032 4478 2459 4548 conjunctionem
2495 4475 2867 4530 oeconomicum
2906 4482 3218 4525 naturarum
3255 4470 3622 4538 proprietates,

2030 4569 2211 4622 multis
2262 4567 2594 4622 sermonibus
2634 4565 2784 4618 nobis
2826 4562 3139 4617 ostenditur.
3197 4559 3262 4614 Et
3305 4567 3426 4627 post
3468 4558 3620 4613 alia:

2030 4661 2313 4719 Contendit
2337 4675 2384 4716 et
2408 4671 2572 4716 certat
2606 4660 2880 4723 oratione;
2915 4673 3091 4710 verum
3119 4663 3166 4709 et
3203 4655 3412 4721 sapiens
3439 4653 3623 4709 Joan-

2035 4777 2122 4814 nes
2160 4768 2367 4813 tantum
2415 4773 2520 4811 non
2581 4764 2886 4808 connectens
2922 4750 3118 4824 2620
3156 4757 3464 4815 potestatem
3499 4761 3625 4816 pro-

312 4850 520 4920 ἕτερα·
565 4854 1012 4920 Ἐπαγωνιεῖται
1043 4855 1111 4907 δὲ
1135 4849 1212 4910 αὖ
1261 4854 1360 4909 καὶ
1407 4852 1790 4921 συναθλήσει
1843 4850 1925 4918 τῷ

2036 4849 2319 4918 prietatum
2347 4845 2699 4900 accidentium
2730 4843 2938 4912 utrique
2970 4849 3196 4893 uaturw.
3237 4837 3344 4892 Sed
3374 4851 3406 4890 e
3438 4834 3622 4889 multis

313 4943 484 5012 λόγῳ
512 4947 608 5000 καὶ
647 4950 680 5001 ό
705 4948 901 5016 σοέεός
941 4947 1250 5015 Ἰωάννης,
1283 4946 1620 5025 μονονουχὶ
1643 4945 1742 4998 καὶ
1771 4962 1922 4999 συν-

311 5036 578 5103 αγείρων
623 5037 729 5103 τὰς
780 5041 1029 5107 φύσεις,
1064 5039 1162 5092 καὶ
1209 5037 1488 5092 συνδέων
1530 5037 1670 5109 [τὴν
1704 5035 1919 5108 φύσιν]

311 5125 444 5180 τῶν
487 5128 742 5198 ἑκατέρᾳ
759 5130 803 5161 ⁸⁷
829 5132 1186 5198 προσόντων
1213 5127 1545 5199 ἰδιωμάτων
1579 5127 1694 5197 τὴν
1733 5128 1918 5182 δύνα-

2023 4943 2144 4997 aliis
2200 4941 2338 4995 locis
2393 4940 2506 4993 luuc
2555 4937 2636 4992 fas
2685 4946 2768 4991 est
2806 4934 3082 5003 colligere.
3141 4931 3429 4999 Exponens
3473 4928 3618 4984 enim

2026 5035 2346 5104 prophetam
2395 5030 2714 5086 Zachariam
2780 5029 2864 5081 sic
2910 5025 2985 5080 ait
3036 5043 3048 5078 :
3101 5024 3331 5078 Sanctus
3375 5017 3621 5074 Ezechiel

2023 5129 2269 5180 thronum
2293 5123 2484 5177 vidisse
2501 5137 2555 5176 se
2572 5121 2746 5175 dixit:
2778 5139 2796 5171 ι
2825 5119 2878 5172 lu
2899 5118 3242 5171 ﬁrmamento
3263 5127 3425 5182 super
3453 5118 3620 5181 caput

309 5237 448 5289 μιν.
478 5220 590 5274 Kal.
641 5224 704 5276 ἐκ
763 5223 974 5293 μυρίων
1023 5221 1199 5275 ἄλλων
1251 5221 1427 5290 λόγων
1475 5220 1643 5274 αὑτοῦ
1679 5219 1748 5273 τὰ
1777 5220 1919 5274 αὐτὰ

2036 5214 2312 5272 ΖΙιετιιιιὶιιι
2357 5213 2382 5252 ιι
2411 5228 2430 5267 :
2471 5231 2489 5263 ι
2530 5211 2674 5265 Dixit
2724 5226 2779 5264 se
2817 5208 2872 5261 in
2910 5208 3099 5260 throno
3143 5204 3334 5258 vidisse
3357 5199 3618 5254 sedentem

310 5308 440 5361 ἔστι
477 5308 684 5363 λαϐεῖν.
705 5311 1055 5382 Ἐρμηνεύων
1083 5311 1140 5365 δὲ
1169 5311 1260 5364 τὸν
1300 5313 1591 5382 προφήτην
1637 5310 1912 5381 Ζαχαρίαν

309 5399 467 5454 οὕτω
520 5404 686 5473 φησιν
706 5421 721 5436 ·
760 5405 814 5456 '0
842 5403 911 5458 δέ
951 5421 1018 5475 γε
1047 5404 1373 5471 θεσπέσιος
1422 5403 1690 5472 ἰεζεκιὴλ
1710 5402 1755 5435 ⁸⁸
1785 5405 1915 5458 θοό-

401 5511 426 5551 “
468 5513 666 5570 Ezecli.
710 5531 776 5582 ι,
818 5516 904 5572 l8.

2024 5305 2310 5380 quemdam
2335 5305 2563 5374 duplicis
2587 5314 2814 5357 natura'.
2851 5300 2917 5355 Et
2943 5313 3186 5360 rursum,
3213 5290 3618 5348 Commentario

2027 5405 2081 5457 in
2103 5398 2367 5457 Joannem
2393 5399 2533 5454 lihro
2558 5397 2794 5454 secundo
2815 5394 2977 5451 habet
3005 5409 3019 5448 :
3050 5389 3182 5444 Cum
3208 5385 3406 5456 aliquid
3428 5383 3612 5453 facies,

1623 5626 1864 5684 VABIE:
1897 5625 2074 5682 LECT
2090 5622 2311 5680 IONES.

380 5761 442 5845 ,⁶³
465 5761 826 5845 Ἐρέπονξτθιςο
903 5763 1094 5845 "fit;
1125 5766 1406 5845 expungi}
1443 5763 1704 5845 Scaliger.

322 5833 499 5888 αὑτοῦ
529 5849 590 5896 ς.
665 5833 714 5866 ⁶⁹
743 5836 772 5888 ὁ
804 5845 924 5904 post
956 5833 1258 5909 Γρήγόριος
1285 5833 1409 5894 add.
1447 5837 1510 5892 A.

1810 5763 1858 5797 ⁸³
1901 5759 2398 5835 mﬁvatlfortasse
2443 5757 2722 5835 legendum

1608 5822 1654 5868 ⁸⁸
1679 5834 1937 5890 οῠκενσον
1969 5822 2036 5889 Ᾱ.
2101 5822 2159 5866 ’⁸⁷
2190 5831 2425 5903 ἑκάτερα
2452 5822 2524 5894 ςΪ
2586 5827 2633 5862 ⁸³
2679 5822 2828 5898 Ἰεζλ]
2859 5841 2914 5895 Χ,
2938 5822 3024 5879 18·

2781 5752 3134 5825 ustas-cipiat.
3210 5749 3256 5782 “
3289 5746 3480 5822 αὑτοῦι
3517 5745 3614 5801 τοῦ
