4004 6432
495 345 650 412 ’1011

1674 348 1941 413 ΡΗΟἸἹΙ
1971 347 2474 410 ΡᾹἸἮΙΛΒΕΗᾸΞ
2511 347 2623 407 CP.

3630 347 3742 413 10l2

515 455 730 526 quando
765 455 913 509 nobis
945 456 1199 520 simplex,
1249 464 1494 511 naturam
1536 457 1831 528 ingreditur
1863 455 2091 523 duplex;

2197 471 2308 508 νον
2336 451 2653 509 τεθεᾶσθαι
2693 435 3024 520 φησινκὲπὶ
3061 452 3463 522 στερεώματος
3491 456 3736 522 ὑπερκει.

518 559 572 602 et
602 548 704 601 alia
743 555 1017 602 sexcenta.
1055 548 1336 616 Quomodo
1379 565 1483 603 non
1529 564 1592 605 ex
1633 549 1840 602 duabus
1887 546 2091 599 naturis

2197 561 2387 613 μενον
2406 543 2525 597 τῶν
2548 543 2868 610 Χερουϐίμ·
2904 542 3020 612 ἔφη
3058 542 3126 597 δὲ
3153 543 3240 597 ὅτι
3270 545 3377 598 τὸν
3418 546 3513 598 ἐπὶ
3558 549 3746 614 θρίνον

519 639 656 692 dixit
693 653 844 693 sacra
893 641 1130 710 synodus
1170 641 1446 696 Christum
1492 655 1632 704 esse,
1668 639 1968 694 luculenter
1996 637 2093 692 de-

519 730 760 794 clarans,
800 739 924 785 ante
951 731 1144 786 saecula
1175 746 1297 785 cum
1329 745 1360 787 e
1392 731 1552 786 Patre
1584 740 1763 784 natum
1792 727 2096 792 divinitate,

519 832 576 873 et
603 821 655 875 in
687 822 899 874 ttltimis
921 821 1113 876 diebus
1151 833 1332 878 nostra
1366 837 1527 878 causa
1563 831 1618 876 et
1643 821 1708 876 ad
1736 829 1978 876 nostram
2016 833 2100 872 sa-

520 912 683 968 lutem
721 927 753 966 e
778 911 946 967 Maria
972 912 1201 980 Delpara
1235 928 1556 983 semperque
1593 912 1818 982 Virgine
1847 908 2099 966 humani-

522 1015 649 1058 tate.
686 1004 898 1073 Alioqui
930 1004 974 1059 si
1007 1004 1192 1076 Cyrilli
1233 1006 1491 1076 epistolas
1531 1005 1811 1075 amplexus
1847 1004 1953 1066 sit,
1981 1016 2100 1071 qua:

521 1096 724 1162 ubique
769 1093 897 1148 illud
935 1108 966 1150 e
1011 1095 1220 1150 duabus
1260 1095 1469 1149 naturis
1507 1095 1878 1149 vociferantur
1910 1109 1925 1146 :
1967 1104 2102 1159 quo-

2203 636 2544 704 καθήμενον
2579 635 2801 702 ἑώρακε
2845 633 3051 704 διφυᾶ.
3094 637 3206 689 Καὶ
3255 637 3417 690 πάλιν
3465 638 3749 709 ἑρμηνεύων

2203 727 2266 780 τὸ
2291 727 2430 780 κατὰ
2461 727 2717 796 Ἰωάννην
2744 727 3101 794 Εὐαγγέλιον,
3132 728 3190 780 ἐν
3228 728 3305 798 τῷ
3334 729 3565 800 δευτέρῳ
3587 731 3751 803 βιϐλίῳ

2205 817 2370 885 φησίν
2387 833 2404 849 ο
2444 818 2600 870 Ἐπεὶ
2629 818 2686 870 τί
2708 818 3009 885 ποιήσεις,
3027 818 3172 870 ὅταν
3197 819 3340 888 ἡμῖν
3360 822 3392 873 ὁ
3417 821 3640 887 ἁπλοῦς
3657 824 3755 891 τὴν·

2199 911 2390 977 φύσιν
2420 911 2693 978 εισϐαίνῃ
2726 909 3027 975 διπλοῦς;
3061 911 3157 963 καὶ
3194 912 3363 981 μυρία
3407 911 3557 967 ἄλλα.
3583 915 3756 977 Πῶςδέ

2199 1000 2299 1052 οὐκ
2335 1003 2399 1052 ἐκ
2431 1001 2525 1054 δύο
2553 1003 2770 1070 φύσεων
2813 1001 2966 1058 εἶπεν
2999 1008 3031 1076 ἡ
3074 1007 3205 1074 ἁγία
3237 1007 3450 1070 σύνοδος
3502 1009 3590 1061 τὸν
3643 1011 3758 1079 Χρι-

2202 1089 2345 1152 στὸν,
2377 1090 2675 1163 διαρρήδην
2703 1093 2895 1164 βοῶσα
2920 1097 3026 1164 πρὸ
3048 1096 3260 1150 αἰώνων
3290 1097 3382 1150 τὸν
3409 1099 3567 1151 αὐτὸν
3594 1102 3651 1152 ἐκ
3678 1100 3758 1152 τοῦ

523 1185 682 1240 mde
727 1200 830 1240 non
873 1185 994 1240 sine
1045 1201 1208 1240 causa
1264 1186 1488 1241 hazresis
1539 1185 1800 1240 adversus
1849 1190 2091 1238 sanctum

2201 1177 2412 1250 Ηατρὸς
2440 1185 2765 1254 γεννηθῆναι
2790 1186 2933 1240 κατὰ
2965 1187 3064 1258 τὴν
3095 1188 3345 1258 θεότητα,
3377 1190 3470 1242 καὶ
3500 1189 3584 1241 ἐπ’
3615 1189 3760 1259 ἐσχά-

520 1277 781 1346 synodum
816 1277 1036 1331 fremit?

2205 1289 2313 1324 των
2338 1273 2445 1326 τῶν
2475 1276 2697 1347 ἡμερῶν
2728 1279 2820 1330 τὸν
2841 1278 3005 1331 αὐτὸν
3035 1279 3103 1331 δι’
3125 1281 3274 1349 ἡμᾶς
3301 1280 3396 1333 κοιλ⁸
3416 1279 3501 1333 διὰ
3526 1279 3622 1350 τὴν
3641 1281 3762 1350 ἡμε-

519 1369 682 1438 τέραν
733 1370 1006 1440 σωτηρίαν
1050 1372 1114 1422 ὲκ
1161 1371 1378 1441 Μαρίας
1422 1370 1522 1441 τῆς
1554 1370 1816 1424 Θεοτόκου
1841 1367 1963 1442 [451
2001 1365 2098 1437 IL]
2141 1365 2235 1419 καὶ
2297 1366 2685 1442 ’Λειπαρθένου
2719 1373 2859 1426 κατὰ
2901 1374 3001 1444 τὴν
3049 1373 3485 1446 ἀνθρωπότητα;
3517 1375 3680 1438 ἄλλως
3711 1392 3763 1431 τε

519 1463 578 1516 δὲ
609 1463 772 1527 είτὰς
799 1464 1068 1534 Κυρίλλου
1103 1467 1391 1534 ἠσπάσατο
1425 1465 1748 1530 ἐπιστολὰς,
1794 1465 1850 1518 αἳ
1908 1457 2178 1530 πολλαχοῦ
2207 1461 2268 1514 τὸ
2313 1463 2378 1516 ὲκ
2424 1463 2519 1518 δύο
2578 1466 2794 1535 φύσεων
2842 1469 3264 1541 διακεκράγασι,
3289 1469 3406 1533 πῶς
3475 1469 3536 1522 οὐ
3607 1469 3766 1540 μάτην

519 1559 552 1626 ἠ
579 1557 790 1628 αἵρεσις
823 1557 962 1610 κατὰ
991 1559 1086 1629 τῆς
1123 1561 1276 1627 ίερᾶς
1307 1559 1526 1612 συνόδου
1554 1560 1883 1629 φρυάττεται
1908 1573 1925 1620 ;

589 1648 786 1705 Verum
812 1651 1018 1719 inspice
1044 1652 1430 1720 malignitatem
1456 1653 1850 1707 Iuereticorum.
1880 1650 2091 1704 Dicente

2275 1649 2416 1703 Ἀλλ’
2433 1651 2533 1720 ὅρα
2558 1651 2620 1704 τὸ
2647 1651 2953 1724 κακοῦργον
2982 1653 3084 1720 τῆς
3113 1651 3652 1722 αἱρέσεως.Φαμένης
3673 1651 3767 1724 γὰρ

517 1741 658 1794 enim
686 1743 928 1812 synodo:
948 1743 1024 1796 De
1055 1741 1218 1796 Patre
1243 1754 1290 1796 et
1322 1742 1465 1796 Filio
1487 1755 1534 1798 et
1556 1743 1760 1813 Spiritu
1791 1753 1968 1796 sancto
2001 1743 2091 1793 do-

2204 1741 2303 1810 τῆς
2330 1743 2546 1796 συνόδου
2564 1756 2575 1767 ⁸
2602 1744 2745 1810 Περί
2774 1761 2836 1797 τε
2867 1745 2977 1813 τὰρ
3001 1747 3108 1800 τοῦ
3138 1745 3370 1812 Πατρός
3396 1745 3492 1798 real
3521 1744 3625 1798 τοῦ
3648 1745 3768 1798 Υιοῦ

516 1843 629 1885 cent
680 1833 1085 1902 perfectionem,
1137 1845 1184 1888 et
1242 1833 1454 1888 Domini
1499 1835 1914 1888 incarnationem
1966 1839 2091 1884 recte

2204 1834 2300 1887 real
2325 1834 2429 1888 τοῦ
2446 1835 2618 1895 ἁγίου
2635 1836 2980 1904 "remearat:
3001 1835 3434 1890 ἐκδιδάσκουσι
3451 1836 3518 1888 τὸ
3536 1836 3764 1898 τέλειρν,

515 1923 858 1978 sentientibus
893 1927 954 1978 ob
983 1927 1163 1978 oculos
1195 1939 1416 1992 ponunt.
1459 1927 1706 1994 Quatuor
1740 1926 1790 1978 in
1829 1922 2091 1978 Trinitale

2199 1923 2295 1975 real
2339 1923 2445 1977 τοῦ
2495 1925 2717 1992 Κυρίου
2748 1926 2865 1994 τὴν
2898 1925 3362 1994 ἐνανθρὼπησιγ
3403 1926 3527 1992 τοῖς
3565 1923 3767 1992 πιστῶς

517 2029 774 2083 personas
807 2017 952 2070 illam
971 2018 1150 2072 dicere
1176 2018 1422 2073 furenter
1446 2029 1732 2072 accusator
1751 2015 2094 2071 exclamavit.

517 2108 736 2175 Quare?
768 2111 919 2177 quia,
954 2124 1076 2163 cum
1106 2111 1328 2164 dixisset
1356 2107 1597 2172 Patrem,
1629 2107 1822 2161 Filium
1850 2114 1903 2159 et
1931 2103 2097 2173 Spiri-

517 2211 628 2255 tum
649 2211 922 2264 sanctum,
955 2212 1009 2256 et
1032 2202 1244 2256 Domini
1287 2201 1712 2256 incarnationem
1745 2215 1843 2270 pro
1870 2213 2094 2268 persona

512 2292 779 2361 adjunxit.
813 2291 1009 2347 Verum
1031 2293 1169 2348 hanc
1193 2292 1583 2363 blasphemiam
1610 2301 1832 2346 sanctus
1863 2292 2098 2360 scriptor

514 2383 570 2438 in
624 2392 785 2454 caput
831 2395 1112 2440 auctorum
1165 2395 1478 2453 retorquet,
1539 2385 1724 2439 multis
1771 2385 2096 2439 testimoniis

513 2477 734 2546 antiqua
771 2478 1061 2532 traditione
1090 2479 1231 2532 hunc
1260 2479 1506 2532 ordinem
1549 2493 1670 2531 esse
1695 2477 2006 2532 ostendens.
2039 2484 2096 2528 ut

512 2577 636 2636 post
681 2577 886 2621 sancta:
939 2576 993 2620 et
1052 2568 1481 2632 supernaturalis
1539 2567 1822 2622 Trinitatis
1877 2566 2092 2632 laudes,

512 2661 670 2713 unius
721 2659 773 2712 in
825 2657 1092 2714 Triuitatc
1142 2661 1566 2714 incarnationem
1614 2667 1801 2713 sancta
1851 2658 2092 2713 Ecclesia

509 2751 878 2814 conﬁteatur,
925 2766 991 2805 ne
1033 2762 1214 2806 autem
1259 2754 1674 2820 quaternitatem
1719 2762 2091 2807 connumeret.

514 2842 605 2898 Sic
634 2845 888 2914 Cyrillus,
918 2846 1055 2900 lihro
1077 2862 1152 2900 vn
1191 2846 1265 2900 De
1286 2849 1596 2902 adoratione
1625 2849 1682 2902 in
1705 2848 1894 2916 spiritu
1925 2858 1974 2902 et
2011 2865 2096 2902 se-

512 2936 701 2996 ritate,
745 2936 1014 3006 loquitur;
1062 2939 1142 2992 sie
1187 2948 1240 2992 et
1272 2939 1326 2993 in
1375 2938 1725 3009 Evangelium
1777 2937 2004 2994 Joannis
2042 2947 2097 2992 ct

511 3024 774 3091 Matthxi,
811 3028 1012 3095 aliique
1039 3030 1314 3098 permulti.

581 3289 740 3346 Clare
765 3304 896 3346 vero
923 3291 975 3345 in
1009 3290 1194 3347 multis
1226 3290 1344 3346 suis
1375 3291 1529 3348 libris
1563 3291 1721 3348 divus
1747 3289 2002 3362 Cyrillus,
2037 3301 2092 3346 et

511 3381 566 3435 in
597 3381 880 3437 divinitate
912 3383 1234 3454 perfectum.
1268 3393 1323 3440 et
1362 3383 1416 3438 in
1444 3384 1784 3440 humanitate
1811 3385 2089 3439 Christum

510 3475 770 3542 praedicat
796 3483 850 3530 et
881 3475 1066 3531 tradit.
1107 3475 1316 3542 Quibus
1346 3487 1401 3532 et
1428 3492 1583 3533 sacra
1619 3479 1972 3534 consentiens
1997 3492 2091 3548 sy-

509 3565 707 3631 nodus,
741 3581 906 3621 unum
938 3566 1299 3638 eumdemque
1318 3567 1504 3624 Iesum
1533 3569 1809 3625 Christum
1845 3570 2092 3640 unigeni-

508 3664 624 3708 tum
656 3655 709 3708 in
745 3655 950 3711 duabus
981 3657 1190 3712 naturis
1222 3657 1512 3713 ineouluse
1547 3667 1602 3712 et
1629 3658 1864 3714 indivise
1899 3658 2094 3728 praedi-

509 3747 674 3801 cavit.
711 3747 916 3813 Quibus
968 3748 1163 3804 iterum
1207 3749 1403 3820 262b
1458 3749 1692 3820 Cyrillus
1761 3749 1813 3803 in
1867 3749 2094 3819 epistola

510 3840 579 3894 ad
605 3839 939 3894 Succensum
974 3845 1269 3904 consentit,
1295 3843 1484 3897 dicens
1515 3859 1527 3895 :
1558 3840 1916 3912 Intelligentes
1949 3857 2089 3910 ergo,

509 3943 568 3985 ut
599 3933 750 3998 dixi,
792 3933 1178 3988 incarnationis
1226 3934 1438 3989 modunt
1465 3950 1486 3989 :
1516 3935 1790 3990 videamus
1833 3936 2094 4006 quomodo

508 4025 628 4078 dua:
655 4035 880 4086 naturee,
921 4040 1012 4092 per
1045 4026 1290 4079 unionem
1323 4025 1748 4094 inseparabilem,
1787 4027 2088 4092 inconfuse,

506 4113 860 4169 insolabiliter
880 4117 1015 4168 inter
1043 4132 1098 4169 se
1124 4118 1476 4171 convenerint.
1507 4115 1646 4172 Caro
1668 4119 1806 4172 enim
1840 4135 1963 4172 raro
1990 4127 2090 4182 est,

509 4223 613 4259 non
641 4206 889 4260 divinitas
909 4246 923 4270 ,
968 4205 1086 4260 licet
1116 4205 1214 4261 Dei
1241 4225 1364 4262 caro
1392 4209 1536 4276 facta
1573 4208 1659 4263 sit.
1706 4207 1903 4263 Eodem
1935 4211 2092 4263 modo

507 4306 558 4352 et
592 4296 816 4352 Verbum
861 4298 999 4352 Deus
1036 4308 1135 4364 est,
1167 4316 1271 4353 non
1302 4317 1459 4363 caro,
1493 4301 1609 4354 licet
1646 4317 1738 4369 per
1767 4302 2090 4354 incarnatio—

508 4405 622 4442 nem
648 4389 914 4457 propriam
941 4389 1042 4442 sibi
1073 4407 1282 4443 carnem
1307 4391 1506 4460 fecerit.
1538 4389 1600 4445 Et
1633 4391 1830 4446 deinde
1857 4411 1868 4447 :
1907 4391 2092 4458 Quan-

2197 2015 2544 2084 δεχομένοις
2584 2019 2913 2085 παρίστησι
2931 2019 2975 2048 δ’
2998 2034 3010 2045 ·
3044 2019 3292 2088 Τετράδα
3323 2019 3502 2070 εἰπεῖν
3531 2018 3767 2088 ὲμμωιῶς

2195 2107 2228 2174 ὴ
2262 2107 2566 2178 κατήγορος
2605 2107 2891 2178 ἀνεϐόησε.
2921 2108 3018 2160 Διὶ
3049 2108 3133 2174 τί;
3170 2108 3287 2180 [8‘21
3328 2108 3421 2180 IL]
3471 2109 3605 2162 διότι
3649 2107 3768 2180 μετὰ

2196 2194 2258 2247 τδ
2291 2197 2466 2248 εἰπεῖν
2504 2196 2724 2267 Πατέρα
2763 2199 2856 2251 καὶ
2901 2197 3030 2251 Υἱδν
3080 2200 3176 2251 καὶ
3223 2198 3450 2269 Πνεῦμα
3492 2199 3646 2267 ἅγιον
3684 2200 3768 2269 τὴν

2196 2285 2290 2340 τοῦ
2325 2287 2531 2357 Κυρίου
2557 2290 2838 2359 ἐπήγαγεν
2877 2289 3316 2362 ὲνανορώπησιν.
3335 2289 3498 2344 Ἀλλὰ
3529 2291 3621 2343 καὶ
3650 2290 3768 2342 ταύι

2195 2392 2296 2445 την
2329 2377 2357 2428 ὁ
2396 2378 2747 2447 συγγραφεὺς
2786 2378 2888 2448 τὴν
2924 2379 3290 2446 συκοφαντίαν
3320 2380 3398 2440 εἰς
3428 2379 3532 2441 τὰς
3555 2381 3662 2430 τῶν
3691 2395 3770 2430 συο

2197 2466 2482 2535 κοφαντῶν
2517 2467 2711 2538 ἔτρεψε
2756 2467 3021 2536 κεφαλὰς,
3049 2469 3269 2539 μυρίαις
3304 2468 3631 2540 μαρτυρίαις
3681 2470 3768 2538 ἀρε

2196 2558 2629 2629 χαιοπαράδοτον
2651 2554 2793 2612 εἶναι
2825 2558 2922 2629 τὴν
2945 2560 3200 2630 τοιαύτην
3231 2560 3642 2628 ἐπιδειξάμενος
3659 2560 3768 2612 σύν-

2195 2648 2370 2715 ταξιν,
2409 2650 2485 2714 ὡς
2527 2651 2666 2721 μετὰ
2697 2651 2797 2723 τὴν
2825 2654 2922 2722 τῆς
2954 2652 3117 2719 ἁγίας
3153 2652 3250 2706 καὶ
3279 2651 3597 2723 ὑπερφυοῦς
3622 2653 3768 2723 Τριά-

2196 2743 2286 2807 δος
2333 2742 2638 2812 ἀνύμνησιν
2667 2744 2768 2815 τὴν
2801 2744 2896 2797 τοῦ
2929 2745 3048 2808 ἐνὸς
3081 2746 3176 2814 τῆς
3208 2745 3369 2814 ἁγίας
3397 2746 3629 2816 Τριάδος
3656 2745 3767 2815 σάρ-

2197 2851 2366 2887 κωσιν
2465 2833 2762 2904 Ἐκκλησία
2795 2834 3058 2903 Οεολογεῖ,
3109 2834 3375 2906 μηδαμῶς
3405 2835 3662 2904 τετράδος
3691 2837 3766 2901 ὲγο

2197 2926 2462 2996 κληθεῖσα
2486 2925 2906 2996 συναρίθμησιν.
2927 2925 3084 2980 Οῦτω
3110 2926 3375 2998 Κύριλλος
3399 2927 3460 2978 ἐν
3482 2926 3558 2996 τῷ
3581 2926 3768 2996 ὲῦὃὸμῳ

2198 3018 2341 3086 λόγῳ
2375 3017 2475 3086 τῆς
2507 3017 2566 3068 ἐν
2597 3016 2878 3086 Πνεύματι
2921 3017 3176 3088 λατρείας
3211 3017 3381 3085 λέγει,
3413 3015 3595 3080 οὕτως
3627 3018 3679 3069 ἑν
3702 3016 3768 3086 τῷ

2199 3111 2340 3162 κατὰ
2377 3108 2628 3177 Ἰωάννην
2671 3109 3013 3180 Εὑαγγελίῳ,
3044 3109 3217 3173 οὕτως
3265 3111 3323 3164 ὲν
3353 3108 3430 3180 τῷ
3464 3109 3606 3162 κατὰ
3637 3110 3768 3163 Ματ-

2198 3202 2369 3268 οαῖον,
2405 3204 2499 3255 καὶ
2527 3202 2708 3272 μυρίοι
2733 3202 2905 3256 ἄλλοι.

2267 3293 2550 3366 Λαμπρῶς
2579 3293 2635 3347 δὲ
2671 3295 2765 3348 καὶ
2801 3297 2858 3348 ἐν
2893 3294 3111 3357 πολλοῖς
3145 3295 3312 3348 αὑτοῦ
3356 3294 3544 3363 λόγοις
3577 3295 3605 3348 ὁ
3633 3311 3768 3364 νικη-

2197 3385 2363 3454 φόρος
2391 3384 2662 3456 Κύριλλος
2701 3385 2761 3438 τὸ
2791 3385 2850 3438 ἐν
2886 3385 3102 3455 Θεότητι
3134 3386 3338 3439 τέλειον
3370 3388 3466 3438 καὶ
3497 3388 3555 3439 ἐν
3588 3386 3768 3453 ἁνθρω·

2196 3477 2391 3547 πότητι
2424 3477 2517 3530 τοῦ
2565 3477 2803 3548 Χριστοῦ
2831 3478 3041 3530 τέλειον
3073 3479 3440 3548 ἀνακηρύττει
3475 3479 3574 3531 καὶ
3612 3495 3767 3548 napa-

2194 3561 2504 3640 δίδωσιν.ᾯ
2538 3571 2632 3623 καὶ
2677 3572 2709 3638 ὴ
2760 3569 2892 3638 ἁγία
2942 3570 3245 3639 συνᾴδουσα
3293 3569 3516 3633 σύνοδος
3561 3571 3652 3623 ἕνα
3693 3569 3767 3622 τὸν

2195 3660 2358 3714 αὐτὸν
2392 3661 2600 3731 Ἰησοῦν
2643 3662 2877 3732 Χριστὸν
2923 3661 3129 3731 Κύριον
3149 3661 3196 3692 ⁷ο
3253 3661 3520 3732 μονογενῆ
3572 3662 3628 3713 ὲν
3669 3659 3769 3711 δυσὶ

2197 3749 2428 3820 φύσεσιν
2481 3751 2804 3821 ἀσυγχύτως
2857 3769 2920 3804 τε
2982 3752 3078 3804 καὶ
3128 3750 3453 3822 ἀδιαιρέτως
3503 3749 3763 3821 ἐκήρυξεν.

2197 3835 2294 3905 Οἷς
2323 3843 2485 3896 πάλιν
2529 3845 2558 3896 ὁ
2594 3843 2736 3912 ἱερὸς
2787 3842 3055 3914 Κύριλλος
3100 3843 3160 3896 ὲν
3210 3845 3278 3914 τῇ
3325 3843 3465 3914 πρὸς
3493 3843 3767 3896 Σούκενσον

2195 3934 2454 4005 ἐπιστολῇ
2505 3934 2956 4005 συμφῦέγγεται,
3001 3933 3207 4001 λέγων·
3252 3933 3641 3998 Ἐννοοῦντες
3666 3931 3764 3984 rol-

2196 4042 2331 4090 νυν,
2367 4027 2448 4093 ὡς
2479 4025 2654 4093 ἔφην,
2700 4025 2810 4093 τῆς
2853 4023 3368 4093 ἑνανθρωπήσεως
3403 4024 3513 4077 τὸν
3542 4025 3762 4092 τρόπον,

2196 4113 2427 4182 ορῶμεν
2461 4114 2549 4167 ὅτι
2579 4114 2689 4168 δύο
2722 4116 2940 4183 φύσεις
2981 4114 3299 4182 συνῆλθον
3330 4114 3632 4180 ἀλλήλαις
3657 4113 3763 4167 καθ’

2194 4206 2416 4260 ἕνωσιν
2460 4206 2884 4261 ἀδιάσπαστον
2931 4207 3310 4275 ἀσυγχύτως,
3369 4206 3703 4274 ἀτρέπτως·
3731 4203 3761 4270 ἠ

2196 4299 2307 4368 γὰρ
2332 4299 2491 4365 σὰρξ
2521 4297 2680 4365 σάρξ
2707 4298 2838 4353 ἐστι
2867 4298 2965 4351 καὶ
2995 4300 3068 4351 οὐ
3096 4300 3328 4365 θεότης,
3357 4301 3407 4352 el
3439 4299 3537 4353 real
3579 4299 3764 4368 γέγονε

2199 4393 2346 4446 Θεοῦ
2375 4392 2534 4461 σάρξ
2552 4409 2567 4423 ο
2597 4393 2812 4461 ὁμοίως
2844 4391 2912 4445 δὲ
2940 4392 3038 4444 real
3071 4394 3104 4445 ὁ
3131 4393 3321 4462 Λόγος
3353 4393 3498 4458 Θεός
3529 4393 3657 4446 ἐστι
3681 4388 3763 4443 καὶ

507 4491 615 4533 tum
644 4477 878 4547 profecto
909 4482 1002 4534 sub
1037 4481 1438 4552 intelligentiam
1469 4489 1658 4535 cadere
1693 4485 1880 4549 possit,
1915 4495 1962 4536 et
1990 4485 2085 4538 sub

2196 4486 2267 4538 οὺ
2296 4485 2474 4552 σὰρξ,
2497 4487 2548 4538 sl
2574 4484 2670 4538 real
2711 4483 2869 4538 ἰδίαν
2890 4482 3220 4548 ἐποιήσατο
3254 4485 3370 4552 τὴν
3403 4485 3602 4552 σάρκα
3625 4485 3762 4537 clnc-

506 4569 684 4622 oculos
726 4571 949 4636 animm,
977 4587 1078 4640 quo
1111 4573 1264 4624 modo
1291 4571 1603 4625 incarnatus
1647 4582 1724 4626 est
1756 4571 2088 4642 Unigenitus,

505 4661 640 4712 duas
687 4671 907 4713 naturas
951 4677 1061 4714 esse
1100 4662 1326 4714 dicimus
1353 4677 1373 4714 :
1419 4679 1579 4716 unum
1629 4680 1749 4716 vero
1799 4663 2089 4729 Christum,

506 4747 744 4812 Filium,
789 4749 1094 4816 Dominum,
1143 4750 1238 4805 Dei
1274 4748 1498 4805 Verbum
1544 4754 1882 4808 incarnatum
1915 4765 1964 4810 et
1995 4758 2090 4808 lto-

505 4842 700 4894 minem
730 4841 929 4909 factum
964 4858 982 4896 :
1016 4840 1082 4895 Et
1111 4841 1164 4896 in
1197 4843 1421 4910 epistola
1455 4847 1520 4897 ad
1556 4843 1861 4899 Orientales
1895 4865 1908 4900 :
1946 4846 2091 4899 Dua-

504 4951 620 4986 rum
649 4943 961 4986 naturarum
989 4936 1112 4988 unio
1159 4935 1303 5004 facta
1325 4946 1425 5004 est,
1465 4937 1582 4991 ideo
1605 4955 1765 4990 unum
1792 4937 2086 5002 Christum,

502 5041 668 5078 unum
717 5022 940 5090 Filium,
989 5043 1154 5079 unum
1209 5027 1492 5081 Dominum
1545 5030 1876 5098 conﬁtemur.
1920 5031 1985 5084 Et
2036 5032 2087 5086 iu

502 5117 728 5185 epistola
785 5118 850 5169 ad
905 5120 1156 5172 Acacium
1213 5119 1486 5174 Meliteues
1524 5123 1833 5189 episc0putn
1889 5140 1903 5177 :
1957 5123 2088 5177 Cum

502 5209 678 5275 itaque
716 5207 923 5262 curiose
963 5210 1347 5264 incarnationis
1394 5213 1578 5264 modus
1634 5214 1946 5282 inquiritur,
1981 5214 2086 5267 duo

500 5300 743 5363 quwdam
785 5301 922 5352 inter
950 5318 1003 5353 se
1031 5298 1370 5368 ine/ﬂebiliter
1393 5313 1440 5354 et
1477 5305 1588 5358 sine
1636 5305 1963 5373 confusione,
1994 5322 2085 5372 rer

504 5391 751 5442 unionem
791 5392 1070 5460 conjuncta
1111 5395 1342 5446 humana
1379 5411 1522 5449 mens
1562 5398 1772 5451 omnino
1803 5399 1958 5461 ridet,
1997 5402 2080 5452 in-

504 5493 778 5533 carnatum
827 5499 945 5535 vero
997 5499 1322 5552 nequaquam
1370 5488 1636 5558 intelligit,
1677 5492 1768 5543 sed
1815 5507 1973 5542 unum
2015 5507 2078 5542 ex

2193 4574 2471 4643 νομικῶς.
2503 4574 2614 4626 Καὶ
2647 4574 2766 4645 μεθ’
2791 4574 2986 4646 ἕτερα·
3026 4577 3264 4630 Οὐκοῦν
3301 4575 3453 4630 ὅσον
3485 4576 3604 4646 μὲν
3634 4571 3761 4643 ἧκεν

2191 4668 2279 4731 εἰς
2306 4666 2548 4718 ἔννοιαν
2590 4666 2690 4720 real
2725 4668 2814 4733 εἰς
2854 4668 3049 4736 μόνον
3096 4668 3159 4721 τὸ
3193 4667 3341 4737 ὁρᾶν
3369 4668 3493 4734 τοῖς
3520 4667 3630 4736 τῆς
3659 4670 3760 4735 ψυ-

2191 4757 2308 4827 χῆς
2338 4757 2621 4827 ὄμμασιν,
2652 4757 2725 4813 ὃν
2753 4761 2977 4827 τρόπον
3005 4760 3476 4829 ἐνηνορώπησεν
3520 4763 3554 4814 ό
3595 4775 3758 4829 μονο-

2188 4849 2394 4920 γενὴς,
2418 4850 2528 4904 δύο
2565 4851 2671 4918 τὰς
2697 4853 2916 4922 φύσεις
2961 4849 3117 4907 εἶναί
3149 4871 3366 4922 φαμεν,
3405 4855 3514 4908 ἕνα
3541 4855 3609 4908 δὲ
3641 4855 3757 4921 Χρι-

2189 4943 2342 4997 στὸν
2373 4945 2471 4996 real
2517 4944 2653 4998 Υἱόν
2693 4945 2789 4999 real
2825 4947 3040 5014 Κύριον
3085 4946 3194 5000 τὸν
3238 4947 3343 5001 τοῦ
3397 4947 3545 5002 Θεοῦ
3585 4949 3757 5014 Λόγον

2189 5034 2743 5102 ἐνανσρωπήσαντα
2787 5037 2886 5089 real
2929 5038 3410 5106 σεσαρκωμένογ.
3461 5039 3570 5091 Καὶ
3617 5038 3672 5088 ὲν
3699 5036 3752 5104 τῇ

2188 5127 2328 5197 πρὸς
2355 5127 2481 5190 τοὺς
2520 5128 2897 5192 Ἀνατολικοῦς
2923 5130 3213 5200 ἐπιστολῇ·
3245 5131 3359 5184 Δύο
3393 5129 3500 5198 γὰρ
3529 5131 3752 5198 φύσεων

2185 5219 2404 5284 ἓνωσις
2453 5218 2680 5290 γέγονε,
2708 5219 2800 5272 διὸ
2845 5221 2954 5274 ἕνα
2999 5220 3274 5288 Χριστὸν,
3299 5220 3408 5275 ἕνα
3461 5220 3614 5284 ΥΙὸν,
3657 5218 3749 5271 ἕνα

2190 5313 2410 5378 Κύριον
2439 5312 2868 5380 ὁμολογοῦμεν.
2902 5313 3010 5364 Καὶ
3039 5314 3097 5365 ἐν
3127 5316 3192 5383 τῇ
3233 5313 3366 5384 πρὸς
3400 5314 3646 5366 ’Λκάκιον
3673 5307 3748 5361 τὸν

2189 5400 2529 5468 ὶκῘελιτιιλνῆς⁹
2562 5399 2762 5453 "Ore"
2801 5402 3009 5454 τοίνυν
3056 5405 3088 5455 o'
3131 5401 3241 5469 τῆς
3285 5401 3634 5471 σαρκώσεως
3657 5414 3747 5449 πο·

2186 5491 2689 5561 ,ιιιπραγμονεῖται
2719 5495 2958 5561 τρόπος,
2998 5495 3108 5548 δύο
3149 5495 3222 5548 τὰ
3260 5495 3554 5564 ἀλλήλοις
3577 5492 3743 5559 ἀπιτρο

1785 5629 2019 5686 νΑιιιιιΕ
2061 5633 2468 5690 LECTIONES.

575 5733 622 5765 δ’
658 5735 976 5803 παρίστησι]
1012 5736 1118 5791 imo
1145 5741 1467 5810 παριστῶσι.

1549 5743 1592 5775 ⁷ο
1627 5745 1830 5816 Κύριον
1861 5757 1915 5802 ct
1936 5763 2060 5803 mox
2084 5765 2140 5802 τε
2177 5749 2299 5805 add.
2328 5749 2392 5804 A.
2470 5749 2508 5782 ⁷¹
2541 5747 2654 5821 ὅτε]
2689 5748 2769 5803 ὅτι
2811 5751 2853 5803 Δ
2889 5750 3052 5804 εὸταν
3079 5768 3136 5814 ς.
