4004 6456
511 319 650 415 ιοίδ

1679 353 1942 416 ΡΠΟΤΙΙ
1983 353 2484 416 PATRIARCH/E
2507 352 2618 414 ΟΡ.

3606 354 3716 423 i016

508 469 802 523 ﬁcientibus
855 469 1002 521 nobis
1045 486 1206 522 unum
1237 467 1546 538 Dominum,
1577 467 1804 535 Filium,
1852 482 1900 523 et
1939 469 2067 525 Cliti

2199 471 2278 536 ὡς
2323 469 2433 537 τῆς
2474 467 2595 520 τῶν
2622 465 2868 534 φύσεων
2911 458 3198 532 διαφορᾶς
3244 463 3611 534 ἀνῃρημένης
3639 470 3722 527 διὰ

507 572 669 625 stum,
699 560 972 614 divinitate
998 571 1045 614 et
1081 561 1429 627 humanitate,
1472 579 1565 630 per
1603 562 1922 631 ineﬂ‘abilem
1960 579 2081 615 con-

507 654 796 704 sensionem
833 654 1044 705 unione.
1094 653 1159 706 Et
1203 669 1414 708 rursum
1470 655 1521 708 in
1563 653 1838 709 Scholiis:
1877 653 2080 706 Aderat

504 743 736 808 quidem,
766 752 822 794 ut
857 743 1186 796 adorandum
1211 755 1461 797 naturam
1485 744 1712 811 capiens.
1746 753 1792 796 et
1824 743 2081 796 aduratur

506 834 698 887 iterum
745 835 912 899 idem,
961 841 1212 906 tanquam
1260 838 1552 890 adoranda:
1603 837 1823 890 ulterius
1874 847 2082 892 natura:

507 921 1050 990 exsistens,quatenus
1065 925 1356 998 percipitur
1374 922 1534 978 Deus.
1562 922 1626 976 Et
1651 924 1792 990 vide,
1820 933 1877 976 ut
1905 937 2080 992 neque

508 1013 801 1066 secundum
834 1023 1038 1067 rectum
1068 1028 1277 1079 casum,
1297 1029 1468 1083 neque
1485 1015 1780 1070 secundum
1807 1016 2080 1070 accusati-

507 1117 633 1155 vum
662 1103 880 1158 adducit
902 1104 1132 1175 Cyrillus
1154 1106 1470 1161 divisionem
1499 1108 1658 1161 unius
1681 1106 1903 1163 Christi.
1934 1106 2076 1161 Rur—

506 1204 627 1242 sum
663 1189 778 1259 ipse
804 1189 857 1244 in
883 1190 1114 1246 δοΙιοΙῑὶε
1136 1193 1374 1260 loquitur
1399 1213 1410 1247 ε
1437 1191 1559 1246 Νοη
1586 1193 1894 1248 dividendus
1917 1195 2079 1264 igitur

504 1299 640 1335 unus
679 1283 936 1337 Dominus
965 1283 1122 1338 Jesus
1153 1285 1388 1340 Christus
1413 1288 1626 1357 proprie
1653 1302 1671 1341 :
1707 1289 1797 1340 sed
1828 1304 1990 1341 unum
2029 1296 2077 1340 et

502 1374 738 1428 eumdem
769 1373 955 1428 Jesum
982 1377 1250 1430 Christum
1280 1388 1482 1445 oportet
1513 1380 1726 1441 sentire,
1760 1367 2073 1432 naturarum

501 1466 725 1519 dicimus
759 1469 1138 1536 cli/Terentiam,
1185 1478 1233 1524 et
1273 1469 1546 1536 incon/'use
1599 1471 1818 1525 invicem
1865 1473 2075 1526 easdem

2193 559 2306 625 τὴν
2347 558 2587 620 ἕνωσιν,
2633 551 3109 609 ἀποτελεσασῶν
3136 550 3448 620 δὲμᾶλλον
3473 554 3607 621 ἡμῖν
3632 559 3723 612 τὸν

2189 651 2298 703 ἕνα
2330 650 2552 716 Κύριον
2574 647 2674 699 καὶ
2711 647 2850 699 Υίὸν
2868 642 2967 698 καὶ
2990 644 3249 712 Χριστὸν
3276 645 3546 712 θεότητός
3564 663 3622 701 τε
3640 651 3722 703 καί

2188 741 2644 810 ἀνθρωπότητος
2691 736 2789 789 διὰ
2826 734 2936 804 τῆς
2964 733 3278 804 ἁφράστου
3299 734 3396 788 καί
3417 735 3724 804 ἀπορρήτου

2188 832 2339 900 πρὸς
2361 831 2613 897 ἑνότητα
2625 824 2996 894 συνδρομῆς·
3016 825 3110 878 καὶ
3127 825 3288 878 πάλιν
3303 823 3360 878 ὲν
3376 825 3483 888 τοῖς
3495 825 3531 878 Σ
3535 827 3724 896 χολίοιςο

2190 920 2530 992 Προσκυνεῖ
2557 919 2674 989 μὲν
2726 918 2836 988 τὰρ
2873 918 2953 983 ὡς
2990 916 3106 983 τὴν
3145 917 3609 984 προσκυνοῦσα,⁹
3635 923 3728 989 go.

2187 1031 2291 1068 σιν
2320 1011 2540 1074 λαϐὼν,
2598 1007 3026 1077 προσκυνεῖται
3057 1007 3126 1059 δὲ
3159 1009 3345 1062 πάλιν
3387 1010 3423 1061 ό
3447 1009 3620 1075 αὐτὸς
3660 1012 3727 1079 ὡς

2185 1107 2298 1174 τῆς
2325 1099 2866 1173 προσκυνουμένης
2883 1100 3125 1168 φύσεως
3150 1099 3438 1167 ὑπάρχων
3456 1099 3725 1168 ἐπέκεινα,

2187 1193 2314 1248 καθ’
2341 1194 2373 1247 ὃ
2407 1191 2629 1247 νοεῖται
2683 1192 2848 1255 Θεός.
2905 1189 3015 1243 Καὶ
3070 1189 3261 1241 σκόπει
3293 1190 3367 1251 ὼς
3395 1189 3516 1242 οὗτε
3537 1191 3602 1243 τὰ
3625 1192 3728 1246 κατ’

2186 1284 2400 1340 εὐθεῖαν
2448 1283 2626 1356 ἄρθρα
2677 1281 2803 1336 οὔτε
2848 1282 2918 1333 τὰ
2965 1280 3088 1333 κατ’
3140 1281 3447 1352 αἰτιατικὴν
3491 1284 3732 1353 μερισμὸν

2185 1375 2392 1443 εἰσάγει
2417 1374 2495 1444 τῷ
2529 1372 2659 1443 ἱερῷ
2681 1371 2936 1442 Κυρίλλῳ
2965 1370 3060 1423 τοῦ
3083 1371 3198 1433 ἐνὸς
3220 1370 3477 1440 Χριστοῦ.
3509 1372 3664 1425 Πάλιν
3683 1373 3732 1426 δὲ

2182 1467 2389 1530 ὁαὺτὸς
2423 1467 2482 1519 ὲν
2522 1469 2633 1528 τοῖς
2683 1465 2869 1526 αὐτοῖς
2907 1461 3163 1537 ,Σχολίοις
3197 1464 3363 1531 φησὶν
3392 1502 3406 1524 ,
3442 1464 3522 1516 Οὐ
3579 1461 3732 1529 διορι-

502 1571 782 1611 servantes.
815 1560 879 1612 Et
925 1560 976 1613 in
1016 1559 1302 1614 Thesauris
1340 1576 1358 1614 :
1388 1589 1457 1599 —
1486 1559 1721 1630 Denique
1765 1560 1893 1630 quid
1926 1559 2071 1614 aliud

2184 1560 2366 1616 στέον
2417 1558 2533 1626 ἄρα
2599 1558 2707 1610 τὸν
2748 1557 2857 1635 ἕνα
2901 1557 3122 1624 Κύριον
3181 1553 3428 1621 Ἰησοῦν
3489 1553 3610 1624 [£33
3651 1554 3732 1628 it]

500 1649 592 1711 sit,
618 1663 775 1712 quam
807 1649 1160 1717 ignorantiam
1192 1651 1324 1703 dixit
1375 1652 1707 1715 oeconomice,
1743 1649 1938 1720 263i:
1969 1650 2071 1704 nisi

2183 1652 2443 1722 Χριστὸν
2475 1648 2676 1715 ίδικῶς
2701 1648 2797 1702 καί
2817 1650 2904 1714 εἰς
2939 1649 3089 1702 Θεὸν
3124 1645 3346 1712 ίδικῶς,
3373 1647 3508 1700 ἀλλ’
3526 1645 3627 1698 ἕνα
3649 1647 3733 1700 καί

497 1742 687 1792 iterum
747 1757 954 1796 servare
1011 1741 1328 1794 humanitati
1371 1743 1760 1796 convenientem
1801 1742 2071 1797 ordinent?

2184 1746 2290 1799 τὸν
2313 1743 2502 1797 αὑτὸν
2528 1742 2762 1810 Ἰησοῦν
2796 1740 3056 1809 Χριστόν
3093 1739 3186 1794 δεῖ
3203 1738 3453 1810 φρονεῖν
3488 1738 3606 1804 τοῖς
3631 1737 3735 1792 τῶν

498 1830 854 1886 Humanitatis
894 1833 1028 1886 enim
1065 1835 1357 1902 pr0prium,
1387 1850 1488 1887 non
1515 1835 1647 1888 scire
1669 1831 1872 1902 futura.
1917 1833 1982 1888 Et
2015 1836 2067 1889 in

2179 1839 2421 1906 ξρύσεων
2449 1836 2647 1905 φαμὲν
2673 1833 2862 1887 είδόσι
2899 1833 3014 1898 τὴν
3037 1831 3332 1902 διαφορὰν
3367 1831 3466 1886 καί
3495 1832 3735 1901 ἀσυγχύ-

496 1923 730 1977 secunda
762 1923 988 1992 epistola
1013 1923 1078 1976 ad
1105 1922 1438 1978 Succensum
1465 1940 1481 1976 :
1518 1924 1581 1980 Si
1602 1926 1738 1978 enim
1756 1934 1807 1978 et
1831 1939 1968 1979 unus
1989 1927 2071 1978 di-

2179 1943 2290 1991 τως
2313 1926 2613 1992 ἀλλήλαις
2628 1924 2920 1994 τηροῦσιν
2957 1924 3003 1956 ⁸¹
3025 1920 3230 1990 αὐτάς.
3276 1924 3387 1976 Καὶ
3408 1925 3468 1977 ὲν
3506 1925 3609 1986 τοῖς
3636 1926 3732 1990 6n-

493 2025 648 2068 catur
669 2031 763 2083 pro
788 2014 936 2069 nobis
971 2013 1146 2068 Filius
1174 2014 1268 2068 Dei
1295 2016 1626 2089 incarnatus,
1665 2033 1768 2070 non
1789 2019 2071 2085 permistus

2179 2018 2427 2087 σαυροῖς
2451 2035 2464 2048 ο
2501 2019 2681 2083 Τέλος
2717 2015 2786 2069 δὲ
2811 2016 2870 2070 τί
2897 2015 2976 2070 ἂν
3001 2015 3208 2082 ἕτερον
3238 2015 3332 2081 εἴη
3384 2013 3468 2081 ῆν
3509 2011 3734 2082 ἄγνοιαν

493 2107 610 2159 ideo
641 2106 859 2159 invicem
889 2105 1054 2160 videri
1066 2146 1080 2168 ,
1113 2121 1272 2174 neque
1298 2105 1352 2159 in
1385 2108 1560 2159 carnis
1590 2116 1833 2159 naturam
1866 2117 2068 2160 mutata

2180 2111 2413 2180 ἔφησεν
2435 2110 2480 2143 ³³
2530 2107 2948 2178 οἰκονομικῶς.
3011 2107 3048 2176 ἣ
3088 2105 3420 2167 ἀποσώζειν
3458 2105 3636 2159 πάλιν
3667 2105 3734 2172 τῇ

492 2209 567 2252 est
619 2195 775 2251 Verbi
804 2207 994 2250 natura
1014 2212 1032 2250 :
1055 2199 1143 2251 sed
1169 2213 1331 2267 neque
1363 2200 1538 2252 carnis
1570 2199 1627 2252 in
1674 2197 1852 2264 Verbi,
1894 2202 1987 2254 sed
2017 2202 2071 2254 in

2179 2202 2581 2269 ἀνθρωπότητι
2616 2200 2733 2268 τὴν
2749 2199 2903 2268 αὐτῇ
2920 2199 3275 2266 πρέπουσαν
3293 2196 3469 2262 τάξιν
3487 2213 3507 2261 ;
3539 2198 3734 2265 ἀνθρω-

493 2293 815 2357 proprictate
859 2292 1090 2345 naturati
1132 2305 1354 2363 utraque
1401 2304 1648 2348 manente
1692 2305 1740 2347 et
1783 2295 2069 2348 intellecta.

2179 2295 2433 2361 πότητος
2464 2293 2571 2362 γὰρ
2612 2293 2770 2345 ίδιον
2799 2291 2865 2343 τό
2894 2291 2980 2359 μὴ
3024 2289 3246 2345 ειδέναι
3300 2293 3373 2344 τὰ
3423 2289 3730 2357 μέλλοντα.

495 2379 625 2434 llam
647 2383 759 2448 ipsa
781 2383 854 2435 sic
879 2384 1129 2450 recipiens
1166 2383 1318 2437 solvit
1349 2385 1683 2449 scandalum,
1710 2387 1801 2439 sed
1841 2386 1932 2453 qui
1954 2403 2071 2439 con-

2179 2386 2286 2438 Καὶ
2318 2387 2463 2455 ὲντῇ
2498 2383 2636 2455 πρὸς
2666 2383 2961 2436 Σούκενσον
2984 2383 3214 2453 δευτέρᾳ
3245 2380 3523 2451 ἐπιστολῇ·
3559 2381 3622 2434 Et
3645 2379 3735 2448 γὰρ

497 2476 660 2525 traria
696 2476 910 2539 asserit,
946 2477 1228 2544 subjicitur
1262 2472 1492 2530 terribili
1514 2477 1684 2530 edicto
1720 2479 2071 2533 immaculata:

2179 2475 2272 2530 καὶ
2301 2471 2390 2542 εἷς
2421 2477 2656 2544 λέγοιτο
2678 2475 2828 2542 πρὸς
2853 2471 3022 2543 ἡμῶν
3051 2475 3082 2527 ό
3107 2471 3447 2542 μονογενὴς
3481 2470 3612 2536 Υἱὸς
3645 2469 3734 2524 τοῦ

490 2565 628 2619 roris
671 2567 871 2620 dicente
907 2569 960 2619 in
992 2569 1343 2636 erangelicis:
1379 2583 1398 2620 ι
1442 2568 1527 2624 Va:
1566 2569 1766 2624 homini
1811 2587 1902 2638 per
1925 2586 2071 2641 quem

2179 2567 2327 2622 Θεοῦ
2380 2569 2840 2636 σεσαρκωμένος
2887 2565 2985 2619 καὶ
3011 2562 3507 2633 ἐνανθρωπήσας,
3547 2564 3615 2616 οὐ
3650 2562 3735 2615 πέ-

493 2657 624 2708 venit
649 2657 956 2709 scandalum
981 2664 1026 2708 °.
1058 2676 1075 2708 ι
1101 2655 1189 2711 Sic
1212 2657 1498 2711 concilium
1528 2669 1582 2711 et
1605 2657 1858 2727 Cyr-illus.
1884 2658 1948 2712 Et
1967 2672 2071 2714 non

2179 2677 2394 2730 ξουρται
2427 2659 2526 2712 διὰ
2561 2660 2628 2712 τὸ
2654 2659 2911 2724 ἐκείνοις
2934 2657 3178 2721 δοκοῦν,
3213 2658 3353 2710 οὔτε
3366 2657 3498 2725 μὴν
3520 2659 3598 2720 είς
3641 2655 3736 2722 τὴν

494 2752 666 2805 solum
701 2750 956 2820 Cyrillus,
984 2752 1077 2805 sed
1106 2763 1156 2803 et
1183 2749 1271 2803 alii
1305 2751 1478 2804 sancti
1511 2749 1720 2815 Patres,
1752 2760 1810 2805 ut
1839 2765 2066 2806 consen-

2179 2752 2285 2818 τῆς
2333 2751 2558 2820 σαρκὸς
2583 2751 2774 2820 φύσιν
2804 2749 3322 2818 μεταπεφοίτηκεν
3357 2747 3396 2813 ἡ
3431 2747 3535 2801 τοῦ
3568 2747 3735 2816 Λόγου

493 2841 688 2891 tieutes
719 2839 768 2891 in
802 2838 927 2900 lide.
961 2839 1032 2891 ita
1059 2846 1112 2890 et
1136 2839 1292 2891 unius
1322 2841 1607 2894 sententia:
1639 2852 2061 2908 cognoscuntur.

2179 2846 2385 2913 φύσις,
2433 2844 2572 2897 ἀλλ’
2621 2841 2765 2896 οὐδὲ
2791 2842 2829 2909 ἠ
2863 2841 2980 2909 τῆς
3020 2841 3243 2908 σαρκὸς
3285 2843 3373 2906 είς
3413 2840 3531 2907 τὴν
3554 2839 3735 2900 αὐτοῦ,

489 2930 630 2989 ἀλλ’
658 2932 729 2983 ἐν
754 2930 996 2996 ἰδιότητι
1050 2931 1122 2999 τῇ
1148 2933 1296 2986 κατὰ
1329 2933 1521 3001 φύσιν
1554 2933 1837 3000 ἐκατέρου
1872 2934 2166 3002 μένοντός
2223 2953 2288 2988 τε
2315 2935 2414 2989 καὶ
2463 2932 2820 3003 νοουμένου.
2893 2932 2957 2985 '0
2982 2931 3169 2985 ταῦτα
3222 2930 3374 2984 οὕτω
3442 2929 3738 2997 δεχόμενος

488 3021 714 3076 λύειτό
738 3022 1132 3075 σκάνδαλον·
1180 3024 1213 3074 ό
1267 3021 1336 3074 δὲ
1391 3022 1675 3088 ἐναντίως
1747 3025 2072 3092 φερόμενος
2127 3029 2441 3080 ὑπόκειται
2505 3027 2582 3096 τῇ
2634 3023 2854 3095 φοϐερᾷ
2902 3024 3203 3093 ἀποφάσει
3274 3022 3385 3090 τῆς
3462 3018 3736 3088 ἀχρὰντου

490 3112 714 3182 φωνῆς,
764 3115 1064 3183 λεγούσης
1084 3114 1152 3166 ἐν
1186 3114 1310 3179 τοῖς
1339 3117 2008 3185 Εὐαγτελίοις,οὐαιδι’
2038 3113 2109 3173 οὗ
2155 3119 2388 3188 ἔρχεται
2421 3121 2488 3174 τό
2540 3120 2914 3175 σκάνδαλον.
2953 3117 3142 3180 Οὕτως
3198 3117 3230 3186 ἡ
3298 3115 3521 3176 σύνοδος
3585 3113 3670 3167 καὶ
3714 3111 3738 3164 ὁ

492 3205 780 3276 Κύριλλοςο
817 3205 908 3257 καὶ
925 3205 1021 3273 οὐχ
1044 3206 1070 3255 ὁ
1101 3205 1368 3274 Κύριλλος
1396 3208 1576 3277 μόνον,
1616 3208 1755 3262 ἀλλὰ
1803 3211 1895 3262 καὶ
1952 3211 2061 3273 πᾶς
2101 3213 2129 3264 ὀ
2155 3213 2312 3276 ἄλλος
2361 3212 2471 3265 τῶν
2499 3213 2659 3284 ίερῶν
2700 3210 2911 3282 ἀνδρῶν
2975 3209 3156 3280 χορὸς,
3200 3207 3388 3277 ὥσπερ
3441 3207 3736 3276 ὁμόφρονες,

485 3302 630 3358 οὕτω
659 3304 1015 3375 γνωρίζονται
1050 3300 1143 3355 καὶ
1169 3300 1462 3371 ὁμόφωνοι.

559 3398 664 3452 Sed
704 3400 880 3455 adhuc
913 3401 1032 3456 vide
1078 3403 1350 3457 haereseos
1394 3399 1808 3470 impudentiam.
1849 3400 2060 3471 Repre-
2092 3412 2135 3469 c

491 3491 841 3544 Ι-ιοιιιίίῑριιίιιι
878 3508 1022 3554 eum,
1061 3494 1149 3562 qui
1189 3493 1471 3562 epistolam
1508 3508 1656 3546 suam
1700 3493 1926 3548 Tomitm
1973 3511 2069 3549 vo-

487 3594 725 3647 caverat,
760 3586 1062 3639 nescientes
1103 3587 1285 3650 rudes,
1334 3585 1603 3654 quomodu
1655 3585 1794 3640 idem
1835 3586 2068 3656 Cyrillus

487 3685 541 3728 et
569 3687 822 3731 strenuus
853 3676 1203 3741 Athanasius,
1241 3677 1586 3745 aliorumque
1611 3676 1834 3732 Patrum
1868 3690 2062 3743 coetus,

485 3767 607 3837 pios
662 3767 874 3824 labores
927 3780 1100 3824 tomos
1149 3775 1364 3823 vocent.
1421 3770 1601 3836 Quare
1658 3770 1861 3823 frustra
1908 3770 2064 3824 Tomi

488 3872 684 3913 nomen
722 3859 838 3915 illos
873 3860 1101 3927 decepit,
1130 3868 1181 3914 et
1213 3860 1266 3914 in
1298 3861 1548 3916 hmresim
1585 3861 1814 3916 induxit.

559 4121 667 4178 Sed
711 4138 816 4177 non
867 4124 1181 4192 relinquunt
1225 4121 1465 4180 haeretici
1515 4125 1855 4194 impudentes
1892 4135 1946 4181 et
1983 4128 2067 4179 in-

487 4215 800 4278 verecundi,
829 4215 952 4279 hoc,
985 4217 1040 4268 in
1085 4232 1187 4286 quo
1231 4217 1586 4282 consentiunt,
1619 4227 1676 4272 ut
1711 4218 2062 4287 temporalem

487 4313 542 4360 et
608 4315 970 4374 opportunam
1036 4307 1366 4361 annuntians
1421 4308 1899 4376 coniunctionem,
1961 4311 2063 4364 hoc

489 4411 639 4461 vero,
672 4398 726 4449 in
770 4409 1050 4468 quantum,
1081 4413 1180 4468 pro
1211 4403 1377 4453 donec
1411 4401 1568 4469 capi;
1607 4401 1700 4456 sed
1747 4416 1904 4456 sacer
1943 4402 2064 4470 qui-

486 4489 608 4543 dem
642 4489 882 4558 scriptor
911 4492 1154 4544 oetendit
1177 4493 1494 4547 adverbium
1530 4493 1582 4546 in
1613 4492 1787 4548 sacris
1816 4491 2060 4561 Litteris,

485 4596 594 4634 non
640 4581 814 4636 solum
866 4583 1220 4651 temporalem
1258 4599 1476 4638 sensum
1513 4586 1848 4655 signiﬁcare,
1881 4589 1974 4642 sed
2005 4588 2060 4641 in

485 4672 672 4750 multis
697 4687 838 4741 saepe
863 4683 918 4727 et
946 4673 1234 4728 inlinitum.
1258 4674 1364 4730 Sed
1388 4677 1518 4730 mihi
1548 4678 1780 4742 videtur,
1809 4679 1861 4732 in
1890 4696 2061 4750 quan-

2242 3399 2382 3451 Ἀλλ’
2428 3399 2509 3450 ἔτι
2579 3395 2862 3450 σκόπειτὸ
2913 3394 3268 3463 ἀναίσχυντον
3315 3392 3415 3462 τῆς
3463 3387 3732 3460 αἱρέσεως·

2177 3491 2428 3546 ἐπικαλεῖ
2457 3490 2561 3560 γὰρ
2581 3489 2728 3560 αὐτῷ
2752 3490 2852 3560 τὴν
2879 3487 3170 3556 ἐπιστολὴν
3193 3486 3360 3554 τόμον
3376 3484 3426 3516 ⁸⁸
3448 3482 3732 3544 καλέσαντι,

2175 3584 2497 3651 ἀγνοοῦντες
2522 3585 2572 3635 οἱ
2623 3581 2987 3652 παραπλῆγες
3046 3583 3121 3644 ὡς
3159 3579 3324 3638 αὐτός
3371 3594 3437 3630 τε
3493 3573 3732 3645 Κύριλλος

2176 3675 2330 3726 καὶὸ
2370 3672 2667 3734 πολύαθλος
2716 3671 3034 3733 Ἀθανὰσιος
3094 3669 3222 3742 [8'25
3277 3669 3320 3722 Β
3351 3667 3405 3739 ],
3443 3668 3538 3720 xui.
3593 3664 3734 3722 πολὺς

2175 3761 2332 3823 ἄλλος
2361 3762 2470 3813 τῶν
2506 3760 2678 3828 ἁγίων
2734 3759 2922 3829 ὅμιλος
2958 3760 3083 3821 τοὺς
3121 3759 3281 3821 ἰδίους
3307 3758 3452 3827 ὑπὲρ
3480 3753 3735 3813 εὐσεϐείας

2175 3854 2373 3918 πόνους
2414 3855 2614 3922 τόμους
2641 3853 2928 3916 ἐκάλεσαν,
2961 3851 3102 3905 ὥστε
3141 3851 3315 3922 μάτην
3345 3851 3532 3912 αὐτοῖς
3569 3848 3624 3900 τὸ
3656 3844 3734 3898 τοῦ

2175 3945 2357 4013 Τόμου
2414 3941 2587 4014 ὄνομα
2649 3943 2749 4013 τὴν
2820 3943 2992 4014 τομὴν
3067 3943 3342 4009 ὲφάντασε
3403 3945 3501 3992 καὶ
3558 3937 3735 4006 διαίρε-

2178 4053 2282 4088 σιν.

2257 4128 2396 4181 Ἀλλ’
2446 4128 2546 4181 οὐκ
2595 4127 2964 4180 ἐπιλείπουσιν
2992 4128 3042 4179 οί
3067 4127 3166 4198 τῆς
3230 4124 3502 4196 αἱρέσεως
3535 4118 3736 4192 sperarat

2173 4219 2658 4289 καταισχυνόμενοι
2686 4221 2782 4272 καὶ
2797 4217 3206 4287 ἀναιδευόμενοι
3257 4216 3341 4281 τὸ,
3384 4215 3492 4269 Ἐν
3527 4212 3647 4279 ὅσῳ
3677 4209 3737 4263 τὰ

2171 4313 2599 4380 συναμφότερα
2639 4310 2765 4380 μετ’
2820 4310 3114 4379 ἀλλήλων
3162 4309 3358 4372 ἐστὶν,
3388 4307 3466 4368 ὡς
3501 4302 3736 4376 χρονικὴν

2171 4403 2270 4457 καὶ
2330 4403 2660 4474 πρόσκαιρον
2716 4403 3146 4472 ὲπαγελ).όμενον
3197 4402 3297 4473 τὴν
3340 4400 3663 4469 συνάφειανο
3686 4393 3734 4444 τὸ

2174 4496 2285 4566 γὰρ
2318 4496 2390 4549 ἐν
2437 4495 2562 4560 ὅσῳ
2591 4496 2710 4547 ἀντὶ
2733 4493 2826 4547 τοῦ
2855 4494 2964 4559 ἕως
2994 4490 3390 4563 λαμϐάνεσθαι.
3433 4489 3572 4543 Ἀλλ’
3601 4489 3627 4539 ὁ
3651 4485 3735 4555 μὲν

2175 4588 2318 4656 ἱερὸς
2378 4587 2730 4656 συγγραφεὺς
2768 4587 3008 4639 δείκνυσι
3039 4586 3102 4638 τὸ
3125 4585 3415 4655 ἐπίρρημα
3472 4578 3618 4650 παρὰ
3639 4577 3733 4638 τοῖς

2173 4681 2340 4749 ἱεροῖς
2381 4678 2598 4745 Λογίοις
2618 4679 2679 4730 οὐ
2706 4676 2964 4747 χρονικὴν
3022 4677 3185 4746 μόνον
3211 4676 3454 4729 διάνοιαν
3474 4673 3521 4705 ³⁵
3553 4673 3734 4737 ὑποση-

486 4747 735 4820 ιιιηι,Ἰιίο
767 4773 874 4812 non
910 4759 1076 4812 donec
1105 4760 1438 4828 signiﬁcare,
1478 4763 1572 4817 sed
1604 4765 1782 4834 potius
1811 4747 1910 4835 pro
1927 4783 2062 4837 qua-

2179 4773 2385 4842 μαϊνον,
2431 4769 2546 4822 ἀλλ’
2575 4772 2634 4822 ὲν
2659 4770 2876 4832 πολλοῖς
2898 4769 3161 4830 πολλάκις
3188 4769 3280 4820 καὶ
3313 4767 3373 4820 τὸ
3397 4765 3691 4834 ἀπέραντον
3717 4772 3729 4786 ⁸

488 4857 640 4900 tenus
666 4850 860 4918 accipi.
905 4848 1017 4903 Nisi
1059 4851 1204 4919 quod
1241 4852 1434 4908 beatus
1480 4853 1778 4924 Gregorius
1827 4856 2063 4913 Theolo-

484 4953 584 5010 gus
613 4941 829 4995 easdem
862 4955 1020 4996 voces
1048 4943 1292 5012 praedixit
1315 4960 1330 5010 ;
1357 4959 1518 5012 quem
1555 4945 1664 5002 Leo
1709 4950 1974 5018 sequitur.

2171 4863 2296 4933 ἐμοὶ
2324 4863 2381 4915 δὲ
2421 4862 2646 4916 δοκεῖτὸ
2683 4862 2752 4914 ἐν
2774 4860 2898 4927 ὅσῳ
2921 4858 3158 4914 ἐνταῦθα
3185 4860 3306 4912 οὐδὲ
3328 4859 3427 4927 τὴν
3461 4856 3570 4922 ἓως
3588 4852 3728 4905 δύνα-

2172 4969 2266 5023 μιν
2294 4955 2458 5025 ἔχειν,
2505 4952 2620 5007 ἀλλ’
2655 4952 2779 5008 ἀντὶ
2800 4953 2894 5005 τοῦ
2934 4952 3071 5005 καθὸ
3100 4951 3470 5022 παρειλῆφθαι
3531 4945 3728 5017 μᾶλλον.

484 5027 633 5098 Πλὴν
655 5027 792 5083 ἀλλὰ
820 5029 930 5100 γὰρ
951 5033 1047 5084 καὶ
1073 5032 1103 5084 ὁ
1140 5031 1398 5101 Θεολόγος
1452 5035 1755 5107 Γρηγόριος
1796 5039 1896 5101 τὰς
1955 5041 2125 5107 αὐτὰς
2179 5047 2406 5115 προεῖπε
2457 5045 2664 5112 φωνὰς,
2703 5037 2784 5108 οἷς
2833 5046 2862 5096 ὁ
2891 5046 2948 5098 ὲν
2978 5044 3154 5107 ἁγίοις
3185 5044 3338 5097 Λέων
3365 5038 3726 5113 ἠκολούθησεν.

553 5124 793 5178 Rursum
822 5140 951 5180 vero
983 5126 1206 5182 haeresis
1228 5126 1462 5182 Leonem
1483 5129 1869 5200 calumniatur,
1908 5139 2056 5203 quia,

488 5216 690 5284 inquit,
725 5215 883 5281 dixit,
916 5218 1076 5273 unius
1117 5230 1172 5272 ct
1197 5218 1441 5288 ejusdem
1468 5221 1588 5287 hoc,
1628 5223 1906 5281 humilitas
1943 5244 2063 5282 car-

485 5305 570 5359 nis
611 5314 667 5358 et
703 5308 1015 5376 magnitudo
1044 5307 1383 5371 divinitatis;
1416 5318 1470 5362 et
1507 5321 1652 5367 certe
1675 5312 1720 5366 si
1769 5327 1875 5368 non
1924 5330 2060 5384 prae-

555 5441 576 5461 ο
608 5425 796 5481 Matth.
830 5445 882 5492 x,
915 5470 930 5494 ,
964 5429 1013 5478 7.
1123 5473 1150 5492 ,

2245 5138 2414 5191 Πάλιν
2444 5138 2500 5191 δὲ
2535 5139 2808 5210 ἡαῖρεσις
2862 5139 3139 5192 διαϐάλλει
3186 5138 3279 5189 τὸν
3331 5136 3476 5188 ὅσιον
3523 5132 3725 5191 Λέοντα,

2163 5227 2320 5295 διότι,
2362 5231 2547 5298 φησὶν,
2588 5225 2711 5283 εἷπε
2748 5230 2844 5284 τοῦ
2878 5230 2996 5293 ἐνὸς
3025 5227 3236 5283 καὶτοῦ
3281 5223 3448 5281 αὑτοῦ
3486 5224 3546 5276 τό
3575 5238 3630 5274 τε
3653 5235 3727 5270 τα·-

2178 5321 2362 5374 «me»
2391 5321 2492 5391 τῆς
2535 5322 2737 5392 σαρκὸς
2781 5323 2878 5376 καὶ
2931 5322 2992 5373 τὸ
3045 5321 3274 5390 μέγεθος
3325 5317 3422 5386 τῆς
3478 5313 3721 5380 θεότητος·

1755 5618 1992 5676 νΑΙιιτΕ
2034 5623 2434 5690 LEQTIONES.

552 5697 973 5795 ,Α
1010 5721 1021 5757 τ
1071 5706 1362 5778 τηροῦντες
1410 5727 1468 5774 ς.
1543 5707 1590 5743 ⁸³
1629 5707 1733 5781 ἔφη
1769 5730 1829 5776 τι
1907 5715 1952 5747 “
1996 5717 2144 5789 αὐτῷ
2182 5719 2278 5774 τῇν
2319 5723 2605 5795 ἐπιστολὴν
2653 5722 2820 5793 τόμον
2849 5723 2944 5778 A:
2986 5722 3084 5794 τὴν
3133 5717 3416 5790 ἐπιστολὴν
3462 5707 3617 5768 αὐτοῦ
3665 5721 3715 5770 ’5‘-

487 5764 533 5798 "
564 5764 804 5822 διάνοιαν
837 5772 993 5838 μόνον
1021 5791 1081 5837 ς’.
