4004 6436
221 349 326 415 1021

1205 353 1731 418 BIBLIO‘I‘HECA.
1769 382 1839 394 -·
1871 357 2040 420 COD.
2077 358 2384 422 CCXXIX.

3303 362 3447 428 1022

215 465 373 519 Καίτοι
402 464 427 516 6
470 462 528 516 ἐν
560 463 724 529 όσίοις
759 465 912 519 Λέων
951 467 1062 529 τοῖς
1112 467 1430 536 εἰρημένοις
1464 466 1746 537 ἐπιφέρει,

1872 464 2022 518 l"ilius
2052 465 2303 530 hominis,
2335 467 2477 530 quod
2509 483 2686 523 omnes
2721 471 2850 524 vires
2890 471 3171 539 impiorum
3206 471 3442 529 imbelles

214 550 302 620 Εἷς
321 554 413 623 γὰρ
448 554 547 608 καί
579 558 612 609 ό
646 556 829 621 αὐτὸς
861 555 1102 623 ἀληθῶς
1132 558 1263 621 Υἱός
1295 575 1358 610 τε
1404 559 1554 613 Θεοῦ
1583 559 1626 590 ¹⁰
1653 558 1752 612 καὶ

209 646 411 714 ἀληθῶς
451 644 583 711 Υἱὸς
629 646 944 713 ἀνθρώπου
987 647 1265 714 ὑπάρχει.
1302 649 1367 700 Ὃ
1399 650 1581 702 πᾶσαν
1627 651 1754 703 ἀσε-

209 734 411 788 ϐούντων
443 736 596 804 ἰσχὺν
645 735 862 805 ἄμαχον
887 735 1002 804 ἔχει
1045 735 1406 806 καταισχῦναι
1437 737 1751 793 κακόνοιαν.

271 827 376 898 [829
403 826 490 899 R.]
525 825 712 880 Ταῦτα
739 827 838 896 μὲν
865 823 958 881 οὖν
990 827 1141 899 παρά
1163 827 1269 880 τῶν
1293 829 1589 899 αἱρετικῶν
1621 847 1756 900 προ-

205 919 456 989 τεινόμενα
501 919 638 988 πρὸς
685 917 857 988 λαϐὴν
905 919 945 949 ¹¹
977 919 1078 987 τῆς
1117 919 1402 983 εὐσεϐείας
1431 921 1697 987 γενναίως
1727 924 1756 974 6

203 1014 253 1064 ἐν
279 1011 431 1080 ἁγίοις
460 1011 784 1080 Ἑφραίμιος
804 1010 1141 1064 ἀπελύσατο.
1163 1010 1358 1080 Τίθησι
1387 1012 1444 1064 δὲ
1478 1013 1571 1064 καὶ
1595 1011 1756 1076 αὐτὸς

200 1103 384 1155 οἴκοθεν
415 1100 506 1154 τοῦ
537 1100 705 1154 αὐτοῦ
735 1101 903 1171 τόμου
941 1102 1184 1172 ῥήματα,
1228 1104 1286 1154 ἐν
1323 1099 1404 1166 οἷς
1441 1103 1536 1157 τοῦ
1567 1106 1756 1175 ἀρχιε-

202 1196 326 1265 ρέως
347 1192 502 1247 αὐτοῦ
536 1194 636 1262 τῆς
667 1193 949 1255 εὐσεϐείας
980 1193 1344 1264 ἐξαστράπτει
1369 1193 1429 1246 τὸ
1466 1195 1754 1264 κήρυγμα,

201 1286 289 1339 καὶ
321 1283 422 1338 οὐδ’
463 1286 496 1353 ἠ
549 1285 911 1354 ἀναίσχυντος
961 1285 1068 1337 τῶν
1115 1284 1244 1355 [456
1281 1284 1371 1358 IL]
1410 1286 1756 1340 ἀσεϐούντων

201 1376 352 1446 τόλμα
379 1374 737 1427 ἐπιλαϐέσθαι
767 1375 914 1438 τινὸς
954 1375 1162 1428 τούτων
1194 1376 1458 1444 οὐμενοῦν
1505 1377 1759 1446 οὐδαμῶς

199 1459 810 1537 ἀπηναισχύντησεν.Ὦν
841 1467 908 1518 ἐκ
937 1465 1148 1519 πολλῶν
1173 1467 1321 1520 ἐστὶν
1353 1467 1412 1519 ἓν
1437 1467 1534 1522 καὶ
1560 1469 1645 1530 τὸ,
1692 1467 1754 1521 '0

194 1558 413 1626 ἀπαθὴς
455 1556 600 1624 Θεὸς
648 1559 759 1612 οὐκ
811 1557 1122 1625 ἀπηξίωσε
1168 1559 1435 1626 παθητὸς
1477 1559 1758 1628 γενέσθαι

191 1649 513 1718 ἅνθρωπος,
561 1649 662 1702 καί
720 1653 752 1703 ὁ
801 1649 1100 1717 ἀθάνατος
1141 1652 1347 1719 νόμοις
1399 1652 1757 1707 ὑποκεῖσθαι

190 1740 453 1795 θανάτου.
509 1740 922 1811 Ἀναθεματίζει
970 1741 1028 1795 δὲ
1065 1743 1278 1812 τρανῶς
1328 1746 1361 1814 ἡ
1401 1745 1620 1808 σύνοδος
1663 1748 1758 1800 καὶ

186 1832 468 1900 Νεστόριον
522 1831 612 1884 διὰ
640 1831 734 1884 τοῦ
780 1830 948 1884 αὐτοῦ
997 1831 1249 1896 Λέοντος,
1307 1833 1450 1887 οὕτω
1496 1833 1756 1902 λέγουσα,
1792 1845 1831 1898 Β
1860 1851 1938 1903 dig
1978 1863 1998 1902 ,-

200 1921 724 1990 Ἀναθεματιζέσθω
742 1922 1064 1990 Νεστόριος
1086 1924 1118 1975 ὁ
1150 1923 1266 1992 τὴν
1283 1928 1587 1995 μακαρίαν
1615 1931 1756 1998 οὐχὶ

185 2014 290 2069 τοῦ
339 2015 503 2077 Θεοῦ,
552 2015 869 2082 ἀνθρώπου
919 2014 989 2068 δὲ
1026 2018 1224 2084 μόνον
1259 2020 1566 2073 πιστεύων
1607 2018 1759 2078 εἶναι

1855 565 2025 623 potest
2056 557 2399 625 confundere.

1928 839 2055 896 llaec
2101 841 2320 911 quidem
2374 853 2565 898 contra
2617 845 2905 901 hazreticos
2953 847 3205 916 pietatem
3251 849 3444 906 defen-

1859 933 1996 987 dens
2052 933 2397 1002 Ephramius
2453 936 2708 999 adducit;
2763 939 2916 1007 ponit
2963 947 3018 992 et
3059 940 3199 994 idem
3240 943 3446 1012 proprii

1862 1023 1984 1078 libri
2025 1026 2210 1090 verba,
2248 1026 2300 1078 in
2348 1029 2545 1094 quibus
2592 1031 2989 1101 archiepiscopi
3035 1033 3182 1087 illius
3234 1037 3450 1106 pietatis

1863 1114 2103 1170 illustrat
2131 1119 2489 1186 praeconium,
2523 1131 2572 1176 et
2609 1139 2785 1192 neque
2826 1123 3115 1193 impudens
3155 1127 3447 1196 impiorum

1861 1209 2088 1264 audacia
2151 1211 2354 1281 aliquid
2421 1213 2618 1268 horum
2682 1219 3094 1286 apprehendere
3151 1220 3446 1284 erubescit,

1859 1317 2091 1370 quorum
2124 1318 2154 1356 e
2182 1304 2369 1359 multis
2401 1305 2502 1361 hoc
2538 1323 2730 1362 verum
2779 1319 2886 1374 est,
2920 1309 3058 1363 Deus
3105 1312 3449 1380 impassibilis

1860 1396 2015 1446 homo
2051 1397 2318 1462 passibilis
2356 1399 2475 1466 ﬁeri
2516 1416 2620 1453 non
2675 1401 2990 1472 dedignatus
3026 1413 3124 1468 est,
3150 1415 3196 1456 et
3229 1406 3450 1458 immor-

1861 1487 1985 1539 talis
2012 1487 2270 1556 subjicere
2289 1506 2345 1543 se
2370 1494 2552 1546 mortis
2580 1493 2800 1562 legibus.
2829 1495 3281 1551 Excommunicat
3306 1496 3452 1550 clare

1860 1586 1958 1642 per
2017 1573 2256 1630 Leonem
2319 1589 2570 1634 sanctum
2636 1583 2926 1637 concilium
2983 1583 3296 1640 Nestorium
3350 1585 3452 1641 hoc

1863 1668 2024 1721 modo
2056 1688 2067 1722 :
2101 1667 2424 1725 Ea'secrnms
2453 1676 2518 1725 si!
2557 1659 2859 1742 Nestorius,
2892 1678 2984 1747 qui
3025 1696 3237 1732 sacram
3279 1677 3454 1748 Virgi-

1863 1774 1979 1812 nem
2004 1776 2107 1812 non
2138 1761 2253 1825 Dei,
2279 1765 2370 1816 sed
2398 1764 2626 1819 hominis
2654 1771 2808 1822 modo
2849 1781 3069 1823 matrem
3097 1788 3208 1825 esse
3237 1783 3454 1825 conten-

2039 1859 2094 1903 nt
2149 1855 2324 1908 turnis
2375 1857 2571 1918 aliam,
2623 1860 2786 1912 aliam
2837 1861 3130 1916 divinitatis
3174 1879 3453 1929 personant

1864 1950 2092 1996 statuat.
2129 1943 2412 2009 Quomodo
2455 1948 2620 2015 igitur
2655 1966 2778 2003 cum
2817 1950 3066 2007 Nestorio
3101 1955 3288 2020 sentit,
3326 1971 3451 2010 cum

1871 2033 1990 2102 ejus
2017 2035 2267 2104 dogmata
2305 2021 2668 2095 condemnet?

178 2109 421 2179 μητέρα,
441 2111 542 2164 ἵνα
577 2110 688 2179 τῆς
721 2109 841 2179 μὲν
871 2111 1100 2178 σαρκός
1125 2110 1282 2166 ἄλλο
1319 2115 1429 2182 τῆς
1461 2116 1530 2168 δέ
1561 2120 1843 2191 θεότητος
1873 2127 2031 2184 ἄλλο
2077 2133 2410 2199 πρόσωπον
2463 2136 2880 2207 ἀπεργάσηται
2937 2139 3003 2192 η.
3051 2137 3176 2202 Πῶς
3229 2134 3324 2192 οὖν
3387 2139 3456 2193 τά

182 2207 473 2272 Νεστορίου
505 2209 696 2276 φρονεί
716 2208 744 2259 6
771 2206 1076 2279 Νεστόριον
1107 2209 1201 2261 καὶ
1233 2210 1302 2262 τὰ
1333 2212 1500 2265 αὐτοῦ
1526 2214 1777 2284 δόγματα
1801 2220 1945 2278 οὕτω
1967 2229 2349 2295 καταδικάζων
2371 2250 2386 2299 ;

251 2299 416 2353 Πάλιν
463 2300 520 2352 δὲ
564 2301 968 2372 ἐπηρεάζουσιν
1004 2302 1056 2354 οἱ
1094 2303 1368 2374 αἱρετικοὶ
1409 2306 1511 2375 τὴν
1543 2307 1586 2361 δ’
1633 2309 1762 2363 σύν-

181 2394 320 2459 οδον,
350 2393 602 2461 λέγοντες
624 2393 701 2456 ὡς
725 2393 1052 2461 ἐδογμάτισε
1092 2394 1281 2463 μηδενὶ
1323 2394 1521 2460 ἐξεῖναι
1551 2401 1762 2471 προσέ-

181 2506 296 2557 ρειν
326 2489 493 2558 ἤγουν
535 2485 879 2556 συγγράφειν
917 2485 950 2554 ἢ
992 2484 1303 2539 συντιθέναι
1343 2488 1376 2558 ἦ
1411 2493 1629 2560 φρονεῖν
1671 2493 1764 2546 πί-

176 2597 297 2632 στιν
329 2580 521 2648 ἑτέραν
549 2577 682 2646 παρ’
712 2577 778 2646 ἢν
817 2575 1035 2640 ἐξέθετο
1071 2578 1230 2647 αὐτή.
1261 2580 1456 2656 Καίτοι
1499 2582 1560 2634 οὐ
1607 2583 1765 2637 τοῦτο

173 2676 208 2744 ἠ
248 2672 464 2735 σύνοδος
495 2671 809 2740 διωρίσατο,
852 2669 958 2722 κᾶν
995 2671 1371 2737 ἀναισχύντως
1414 2669 1559 2728 οὗτοι
1591 2693 1765 2731 κατα-

171 2765 480 2835 ψεύδωνται
502 2764 543 2794 ⁸³
563 2779 574 2791 ·
600 2761 738 2816 ἀλλὰ
767 2761 865 2832 τὴν
890 2763 1074 2814 πίστιν
1097 2763 1164 2832 ἣν
1190 2766 1238 2817 οἱ
1262 2771 1328 2818 τι⁹
1357 2767 1452 2819 καὶ
1481 2768 1530 2838 η’
1558 2768 1601 2799 ³⁵
1625 2768 1770 2837 ἆγιοι

173 2857 422 2926 Πατέρες
467 2853 714 2918 ἐξέθεντο
759 2854 983 2924 τιμῶσα
1020 2872 1080 2908 τε
1114 2857 1204 2908 καὶ
1245 2855 1538 2922 θειάζουσα
1563 2899 1577 2920 ,
1619 2860 1772 2932 παρὰ

170 2949 382 3019 ταύτην
407 2948 580 3018 ἔφησε
614 2947 806 3018 μηδενὶ
848 2947 1050 3012 ἐξεῖναι
1096 2949 1394 3019 προφέρειν
1450 2951 1646 3021 ἑτέραν
1677 2955 1772 3005 πί-

171 3061 315 3107 στιν,
349 3043 447 3095 καὶ¹
489 3041 560 3095 τὰ
609 3041 902 3094 ὑπόλοιπα.
931 3041 1100 3111 Δῆλον
1133 3041 1189 3094 δέ
1247 3043 1396 3095 ἐστιν
1433 3043 1493 3107 ἐξ
1521 3045 1700 3097 αὐτῶν
1727 3047 1769 3078 ¹⁸

171 3134 415 3204 μάλιστα
452 3133 560 3186 τῶν
597 3133 892 3186 συνοδικῶν
925 3133 1140 3202 φωνῶν,
1193 3125 1269 3186 ὧν
1306 3136 1401 3186 καὶ
1435 3135 1593 3204 μόνον
1633 3138 1766 3189 ἁνα-

167 3227 600 3295 γινωσκομένων
620 3225 877 3294 οὐδεμιᾶς
905 3225 1075 3295 ἄλλης
1102 3225 1312 3278 δεῖσθαι
1345 3227 1387 3256 ¹⁸
1416 3230 1764 3298 κατασκευῆς

166 3318 201 3387 ἢ
234 3319 556 3381 συστάσεως
586 3316 962 3386 ἐπιδειχθεῖσα
991 3319 1023 3385 ἡ
1062 3317 1312 3386 ἀλήθεια.
1335 3318 1447 3371 Καὶ
1480 3320 1579 3389 οὐχ
1599 3318 1766 3390 ὥρισε

166 3411 275 3480 μὲν
310 3410 492 3473 τοῦτο,
525 3408 730 3480 ἔπραξε
771 3409 827 3461 δὲ
868 3409 1065 3472 ἄλλως,
1098 3409 1213 3462 ἀλλ’
1249 3410 1323 3471 ὡς
1372 3411 1593 3482 ὥρισεν,
1627 3413 1768 3467 οὕτω

165 3501 462 3572 πανταχοῦ
503 3502 598 3554 καὶ
642 3503 1090 3572 διαπραττομένη
1132 3503 1492 3573 γνωρίζεται·
1526 3507 1620 3559 καὶ
1657 3505 1767 3577 γὰρ

1939 2318 2080 2376 Ecce
2127 2323 2320 2378 iterum
2364 2336 2614 2395 quartam
2659 2327 2924 2398 synodum
2967 2329 3205 2383 hmretiri
3247 2329 3457 2384 calum-

1869 2413 2109 2475 niantur,
2171 2417 2414 2492 dicentes
2458 2434 2578 2472 eam
2637 2419 2888 2473 docuisse
2933 2434 3035 2473 non
3098 2419 3260 2474 licere
3327 2435 3458 2491 pro-

1869 2502 2033 2568 ferre,
2061 2506 2140 2559 vel
2174 2509 2433 2571 scribere,
2460 2509 2543 2562 vel
2568 2525 2917 2580 componere,
2943 2512 3024 2564 vel
3057 2511 3262 2568 sentire
3291 2512 3454 2565 aliam

1869 2595 2052 2661 tidem,
2085 2610 2284 2667 prwtcr
2326 2616 2443 2654 eam
2476 2618 2640 2670 quam
2676 2619 2737 2658 ea
2774 2604 3052 2672 reposuit;
3099 2615 3152 2658 et
3189 2615 3367 2659 tamen
3403 2605 3454 2658 id

1871 2689 2110 2756 synodus
2148 2705 2253 2742 non
2291 2692 2550 2754 decrevit,
2593 2693 2844 2761 quamvis
2885 2693 3358 2762 impudentissime
3401 2693 3454 2748 id

1873 2780 2110 2834 lueretici
2155 2782 2495 2836 mentiantur
2525 2801 2539 2837 :
2573 2785 2665 2838 sed
2712 2782 2908 2854 265b
2943 2800 3062 2838 eam
3103 2785 3258 2838 tidem
3293 2801 3456 2854 quam

1873 2874 2097 2927 trecenti
2158 2875 2461 2928 oetodecim
2509 2875 2700 2931 Patres
2746 2883 3102 2930 asserucrunt
3159 2878 3461 2933 observans

1871 2971 1925 3017 ct
1969 2965 2325 3026 conﬁrmans,
2363 2976 2723 3036 prmterquam
2781 2970 2923 3036 quod
2969 2969 3108 3023 dixit
3145 2970 3344 3023 nemini
3393 2971 3452 3024 li-

1871 3065 1995 3105 cere
2029 3052 2190 3106 aliam
2238 3054 2396 3108 ﬁdem
2446 3056 2714 3124 proferre,
2749 3065 2805 3111 et
2851 3073 2970 3126 qua:
3014 3071 3338 3128 sequuntur.
3382 3060 3458 3114 Ex

1875 3143 1958 3197 his
2013 3145 2267 3200 oumibus
2320 3149 2509 3216 synodi
2568 3149 2796 3204 vocibus
2841 3164 2980 3218 quas
3030 3151 3203 3204 solum
3249 3162 3461 3220 Oportet

1872 3234 2072 3305 legere,
2129 3238 2366 3291 maxime
2423 3239 2796 3301 manifestum,
2853 3255 2961 3294 non
3022 3241 3128 3294 alia
3188 3257 3460 3312 prtepara-

1874 3328 2017 3380 tione
2047 3327 2128 3380 vel
2173 3329 2496 3397 probatione
2542 3331 2826 3384 veritatem
2867 3343 3146 3400 receptam
3196 3331 3459 3400 indigere,

1874 3430 1972 3469 nec
2009 3416 2154 3469 aliud
2187 3417 2435 3481 deﬁnire,
2462 3419 2606 3472 aliud
2641 3418 2853 3486 facere;
2890 3411 3078 3474 sed’ut
3111 3421 3353 3475 decrevit
3381 3421 3464 3475 sic

1873 3507 2076 3572 ubique
2124 3516 2178 3560 et
2233 3506 2430 3562 fecisse
2482 3509 2865 3579 cognoscitur,
2933 3525 3069 3564 nere
3124 3512 3289 3565 etiam
3344 3511 3464 3580 pios

161 3594 299 3655 τοὺς
340 3595 408 3663 τῇ
450 3591 704 3662 εὐσεϐείᾳ
764 3593 1092 3662 προσιόντας
1140 3593 1242 3646 οὐκ
1294 3593 1422 3647 ἄλλο
1466 3594 1764 3665 σύμϐολον,

157 3685 310 3740 ἀλλά
341 3686 452 3739 τῶν
491 3690 596 3756 τιη’
623 3683 796 3752 ἁγίων
832 3685 1093 3754 Πατέρων
1123 3684 1430 3739 ἐκδιδάσκει
1466 3687 1560 3740 καὶ
1589 3704 1769 3759 παρα-

157 3778 420 3832 δίδωσιν.

242 3869 475 3923 Γέλωτα
524 3869 582 3923 δέ
625 3869 825 3940 μᾶλλον
873 3869 1002 3923 καθ’
1049 3868 1262 3923 ἑαυτῶν
1296 3871 1329 3939 ῆ
1373 3870 1627 3940 διαϐολὴν
1668 3871 1766 3941 τῆς

159 3964 403 4018 συνόδου
427 3965 803 4035 καταχέουσιν,
836 3967 895 4019 ὲν
923 3961 1004 4028 οἷς
1029 3983 1197 4035 φασιν
1228 3965 1399 4036 αὐτὴν
1432 3967 1538 4020 ὐπὸ
1558 3967 1770 4019 πολλῶν

154 4055 558 4126 διασύρεσοαι.
589 4057 760 4110 Πόσαι
802 4057 914 4125 γάρ
949 4057 1052 4127 τῆς
1085 4056 1311 4128 πρώτης
1341 4063 1437 4111 καὶ
1464 4060 1772 4129 οἰκουμενιο

154 4149 275 4217 κῆς
301 4148 474 4217 ἁγίας
515 4149 738 4202 συνόδου
766 4153 1025 4203 κατεῖπον
1051 4150 1282 4216 σύνοδοι,
1302 4151 1398 4204 καὶ
1434 4151 1556 4204 τότε
1583 4153 1770 4223 ἀρχιε-

153 4243 318 4315 ρέων
347 4237 509 4295 οὖσαι
543 4242 855 4310 πλήρωμα;
887 4243 986 4312 τὴν
1019 4241 1074 4293 δέ
1102 4241 1210 4294 τῶν
1244 4248 1320 4313 ρν¹
1350 4242 1460 4295 οὐδ’
1484 4244 1531 4296 εἰ
1579 4244 1770 4312 γέγονε

144 4331 318 4394 τινὲς
350 4330 467 4384 τῶν
496 4331 812 4400 Αἰγυπτίων
840 4331 1040 4384 εἰδέναι
1081 4331 1373 4401 ἠθέλησαν.
1422 4332 1562 4386 Ἀλλ’
1594 4333 1770 4387 ἐάσω-

149 4440 268 4496 μεν
298 4422 348 4454 ¹⁷
379 4421 443 4475 τὸ
465 4423 772 4492 ἀλόγιστον.

245 4517 420 4569 Ἐπεὶ
454 4517 511 4570 δέ
546 4516 742 4588 χρῆσίν
773 4534 898 4571 τινα
928 4517 1021 4571 τοῦ
1057 4517 1277 4570 Ἰουλίου
1307 4515 1528 4586 Ῥώμης
1567 4517 1615 4569 οἱ
1638 4517 1762 4588 πρδς

1949 4504 2084 4562 Cum
2135 4521 2265 4562 vero
2317 4507 2534 4576 aliquod
2589 4510 2811 4564 verbum
2865 4508 2995 4564 Julii
3051 4511 3345 4579 pontiﬁcis,
3396 4514 3465 4568 ad

141 4608 258 4674 οὓς
296 4609 550 4681 ἔγραφεν
597 4611 738 4682 ὑπὲρ
765 4611 806 4643 ⁸⁸
850 4613 950 4680 τῆς
989 4611 1124 4673 ἰδίας
1169 4609 1487 4673 δυσσεϐείας
1520 4611 1616 4673 (ὡς
1654 4611 1762 4663 ἑνός

1879 4612 2017 4667 qnos
2053 4600 2118 4652 de
2159 4601 2376 4667 pmpria
2413 4600 2694 4667 impietate
2741 4601 3060 4670 scripserat,
3109 4613 3166 4656 ut
3203 4607 3470 4674 putabant

143 4702 363 4774 μιξον)
403 4704 782 4774 προεκόμισαν
809 4703 873 4768 ³³,
905 4702 1006 4774 τὴν
1041 4702 1139 4772 μὲν
1167 4702 1366 4772 χρῆσιν
1389 4705 1417 4755 ὀ
1450 4703 1611 4772 σοφὸς
1646 4720 1762 4771 συγ-

1881 4690 2152 4758 prolatum
2183 4708 2196 4744 :
2226 4692 2446 4757 sapiens
2474 4691 2562 4745 ille
2591 4693 2675 4744 vir
2709 4693 2760 4744 id
2796 4702 2985 4746 contra
3021 4693 3241 4747 Paulum
3275 4695 3469 4750 Samo-

139 4794 430 4864 γραφεὺς
461 4793 780 4860 ἐπεδείξατο
809 4792 954 4846 κατά
991 4809 1052 4844 τε
1088 4791 1182 4844 τοῦ
1218 4792 1601 4861 Σαμωσατέως
1627 4791 1762 4844 Παύ-

1881 4792 2178 4843 satensem,
2232 4781 2639 4850 secundamque
2695 4781 2927 4835 Nestorii
2989 4784 3235 4837 haeresim
3288 4786 3469 4851 prola-

135 4886 253 4938 λου
297 4887 406 4938 καὶ
459 4885 554 4955 τῆς
587 4883 964 4956 Νεστοριανῆς
1015 4883 1275 4953 δευτέρας
1322 4882 1588 4951 αἱρέσεως
1621 4882 1762 4952 εἰρῆ-

1884 4881 1993 4925 ιιιηι
2056 4886 2178 4926 esse
2230 4871 2552 4931 declaravit,
2588 4881 2642 4926 et
2686 4871 2822 4926 duas
2877 4882 3100 4929 naturas
3145 4877 3375 4930 seorsim
3413 4886 3469 4931 et

136 4979 323 5044 σθαι,
380 4980 480 5032 καὶ
534 4977 768 5032 κωλύειν
793 4977 894 5040 τὰς
939 4976 1032 5028 δύο
1087 4974 1280 5043 φύσεις
1314 4973 1499 5036 ἰδικῶς
1536 4973 1632 5026 καὶ
1671 4973 1762 5026 civi

1881 4963 2099 5016 divisim
2135 4962 2384 5017 conﬁteri
2425 4963 2735 5032 prohibere,
2775 4973 2833 5018 ut
2864 4975 2918 5018 et
2950 4965 3086 5020 duas
3122 4967 3466 5037 hypostases,

136 5072 344 5142 μέρος
373 5074 618 5140 φρονεῖν,
650 5069 842 5141 ὥσπερ
865 5068 962 5123 καὶ
991 5066 1084 5120 δύο
1114 5067 1445 5128 ὑποστάσεις
1477 5066 1572 5118 καὶ
1606 5064 1762 5136 πρόσ·

1876 5057 2128 5125 duasque
2183 5071 2446 5124 personas
2493 5066 2547 5110 et
2606 5057 2764 5111 ﬁlios.
2817 5056 2934 5112 Una
2985 5060 3128 5112 enim
3178 5069 3367 5113 natura
3413 5062 3465 5115 in

127 5181 290 5218 ωπα
329 5163 437 5216 καὶ
464 5162 634 5226 υἱούς.
682 5163 794 5216 Καὶ
821 5163 928 5231 γὰρ
967 5163 999 5231 ή
1045 5159 1141 5230 μία
1183 5157 1345 5228 φύσις
1384 5159 1480 5211 ἐπὶ
1533 5155 1762 5227 Χριστοξ

1876 5150 2093 5206 Christo
2138 5165 2238 5219 pro
2285 5150 2559 5220 hypostasi
2615 5165 2644 5204 a
2695 5148 2838 5204 Julio
2876 5151 3060 5207 relicta
3103 5162 3206 5216 est,
3245 5168 3466 5207 verum-

125 5255 227 5326 τῷ
276 5255 506 5326 Ἰουλίῳ
537 5255 774 5308 ἐνταῦθα
813 5253 935 5308 ἀντὶ
976 5253 1076 5322 τῆς
1107 5252 1464 5314 ὑποστάσεως
1495 5249 1762 5320 εἴληπται,

1877 5252 2056 5296 tamen
2088 5257 2264 5312 neque
2294 5242 2536 5308 veritati,
2580 5257 2755 5311 neque
2801 5244 3006 5300 Sanctis
3051 5244 3305 5298 Patribus
3335 5259 3468 5297 cor.-

128 5349 251 5402 καὶ
293 5349 469 5401 οὐδὲν
495 5346 620 5399 οὔτε
648 5350 713 5415 τῇ
736 5345 968 5417 ἀληθείᾳ
994 5343 1118 5398 οὐτε
1142 5345 1254 5405 τοῖς
1282 5342 1464 5405 ἄλλοις
1493 5341 1762 5411 θεοφόροις

1879 5335 2112 5390 tradit-it.
2156 5333 2313 5388 Clare
2351 5335 2493 5388 idem
2523 5336 2758 5389 ostendit
2784 5331 2962 5388 Julius
2991 5334 3237 5404 pontifex
3274 5347 3466 5388 contra

126 5442 332 5513 ἡμῶν
381 5441 663 5506 Πατράσιν
687 5439 1057 5509 ἀπομάχεται.
1091 5439 1199 5491 Καὶ
1244 5435 1404 5506 δῆλον
1429 5432 1590 5487 τοῦτο
1623 5435 1762 5486 ποιεῖ

1879 5426 2237 5490 Marciouem,
2296 5425 2667 5494 Valentinum,
2719 5426 3139 5495 Apollinarium,
3184 5435 3239 5481 et
3293 5427 3469 5498 Euty-

1483 5547 1718 5605 VARUE
1758 5543 2163 5600 LEC'I'IONES.

1483 5639 1804 5712 προσλαϐὼν
1833 5657 1909 5712 κς.
2017 5638 2474 5712 ’ζάπεργάζηται
2503 5657 2590 5712 ς.-
2643 5636 2686 5669 ¹³
2716 5634 3146 5712 καταψεύδονται
3180 5653 3241 5712 ς.

1756 5711 1800 5742 ⁸⁸
1824 5711 1995 5764 δεῖται
2055 5706 2318 5780 Scaliger.
2371 5706 2440 5742 ’³⁷
2466 5708 2646 5765 ἐάσοω
2673 5707 2774 5778 μὲν
2805 5706 2866 5760 τὸ
2898 5722 2959 5770 ς.

1874 3597 2018 3650 aliud
2060 3599 2368 3668 syn'iholum
2405 3600 2671 3669 proﬁteri,
2702 3616 2864 3668 quam
2903 3600 3009 3656 518
3045 3601 3238 3656 Patres
3265 3603 3466 3656 docue-

1873 3695 2003 3742 runt
2032 3698 2087 3743 et
2121 3691 2483 3746 tradiderunt.

1946 3864 2052 3920 Sed
2113 3867 2291 3922 rident
2345 3883 2444 3922 eos
2498 3868 2764 3932 haeretici,
2809 3871 2902 3926 ubi
2957 3870 3146 3925 dicunt
3203 3873 3343 3927 hanc
3395 3871 3467 3927 ab

1873 3958 2127 4014 omnibus
2185 3959 2453 4014 infestari.
2504 3960 2646 4025 Quot
2690 3961 2835 4014 enim
2891 3964 3081 4034 synodi
3126 3975 3314 4018 contra
3357 3967 3469 4034 pri-

1873 4063 2018 4102 mam
2078 4049 2385 4117 generalem
2440 4051 2936 4117 contradixerunt,
2998 4068 3119 4122 qua;
3170 4061 3224 4106 et
3277 4055 3466 4108 archi-

1873 4140 2156 4210 episcopos
2202 4141 2546 4209 habuerunt;
2608 4144 2753 4197 illam
2800 4159 2930 4198 vero
2971 4154 3188 4200 centum
3224 4154 3278 4199 et
3307 4145 3471 4215 quin-

1873 4235 2132 4304 quaginta
2194 4233 2442 4302 Patrum,
2485 4238 2530 4291 si
2600 4252 2707 4290 non
2769 4237 2890 4303 fuit,
2951 4239 3172 4308 quidam
3226 4239 3467 4311 {Egyptii

1874 4328 2018 4385 scire
2046 4329 2358 4397 voluerunt,
2392 4332 2485 4384 sed
2513 4331 2863 4400 permittatur
2897 4332 3002 4385 illis
3039 4333 3353 4402 stupidilas.

3321 5635 3366 5667 ”
3395 5654 3468 5692 τι.

227 5656 281 5686 ’⁸⁸
332 5670 409 5706 τε
451 5650 546 5704 τοῦ
584 5649 720 5702 Θεοῦ
750 5667 810 5714 ς,
888 5647 929 5679 ¹¹
965 5645 1099 5718 πρὸς
1143 5645 1314 5716 λαϐὴν
1355 5645 1399 5698 A
1435 5663 1448 5697 :
1483 5645 1804 5712 προσλαϐὼν
1848 5657 1909 5704 ς’.
2017 5645 2058 5670 ⁸³
2096 5645 2562 5724 ἀπεργάζηταις.
2643 5645 2686 5669 ³³
2716 5645 3146 5704 καταψεύδονται
3180 5653 3241 5699 ς,
3321 5645 3366 5667 ιι
3395 5654 3468 5692 τε.

227 5725 251 5777 l.
302 5729 361 5779 η’
410 5723 450 5776 Α
483 5738 496 5774 :
527 5729 632 5779 τιη¹
659 5721 752 5772 καὶ
775 5721 826 5774 oi
850 5736 911 5779 ς.
989 5719 1032 5749 ¹⁵
1062 5715 1300 5779 μάλιστα
1330 5716 1390 5779 ἐξ
1417 5715 1599 5771 αὐτῶν
1620 5729 1680 5776 ς.
1756 5711 1800 5742 ¹⁶
1824 5711 1995 5764 δεῖται
2055 5708 2318 5779 Scaltger.
2397 5711 2440 5742 ¹⁷
2466 5708 2646 5765 εασοω
2673 5707 2774 5778 μὲν
2805 5706 2866 5760 τὸ
2898 5722 2959 5770 ς.
3037 5705 3081 5738 ⁸⁸
3111 5706 3254 5779 ὑπὲρ
3318 5722 3424 5778 mg.
3445 5718 3469 5762 :

123 5725 251 5781 καὶ
302 5729 361 5793 η’
410 5723 450 5776 Α
483 5738 496 5774 :
527 5729 632 5789 τιη¹
659 5721 752 5772 καὶ
775 5721 826 5774 oi
850 5736 911 5793 ς.
989 5715 1032 5749 ⁸³
1062 5715 1300 5793 μάλιστα
1330 5716 1390 5783 ἐξ
1417 5715 1599 5771 αὐτῶν
1620 5729 1680 5776 ς.

123 5795 286 5852 libri
328 5790 470 5849 ὖπό.
579 5793 620 5823 ⁸⁵
653 5791 1062 5863 προσεκόμισαν
1095 5790 1158 5845 Λ.
