4004 6446
225 366 345 434 1025
1246 365 1745 428 BIBLIO'I'HECA
1758 414 1771 427 .

216 475 397 542 ᾐτιᾶτο,
433 470 604 525 ταῦτα
635 464 702 543 ἦν
729 488 742 502 ο
784 472 812 525 ὁ
843 472 1026 542 μέντοι
1053 489 1116 541 γε
1155 472 1410 545 θεοφιλὴς
1446 477 1585 549 ἀνὴρ
1616 476 1772 545 λόγον

1877 478 2083 545 cipieus
2140 476 2433 531 accusabat

218 562 342 634 ὑπὲρ
380 555 451 615 ὧν
493 564 691 633 ᾐτιάθη
740 562 936 628 διδοὺς,
970 565 1187 635 πρῶτον
1232 566 1334 634 μὲν
1379 567 1766 638 περιειλῆφθαι

214 656 368 709 πάντα
402 655 568 723 φησὶν
599 656 692 707 ἐπὶ
725 654 1034 722 κεφαλαίων
1060 658 1172 719 τοῖς
1203 657 1504 720 συνοδικοῖς
1540 658 1575 711 ἃ
1617 659 1763 725 ἔδοξε

216 746 652 818 παραλελεῖφθαι,
695 744 836 817 πλὴν
898 747 1239 817 πλατύτερον
1276 748 1374 801 καὶ
1436 749 1531 801 νῦν
1590 750 1765 804 εἰπεῖν

213 840 332 909 περὶ
361 838 535 892 αὐτῶν
573 838 779 908 μηδένα
816 823 1016 891 ’λαϐεῖν
1065 839 1243 892 ὄκνον.
1278 839 1452 893 Τοῦτο
1502 842 1559 895 δὲ
1599 860 1770 895 σπου-

213 931 358 993 δαίως
395 932 437 963 ⁸⁸
469 947 528 983 τε
560 931 656 983 καὶ
690 930 994 999 θεοφρόνως
1036 931 1305 985 ἐπιτελῶν
1340 935 1418 996 εἰς
1453 933 1515 987 τδ
1548 935 1771 1005 ἄριστόν

213 1039 269 1075 τε
295 1024 369 1074 καὶ
396 1019 726 1073 τελεώτατον
752 1021 822 1072 τά
856 1037 915 1072 τε
947 1021 1081 1073 ἄλλα
1111 1022 1205 1075 καὶ
1233 1023 1332 1093 τὴν
1366 1024 1494 1093 περὶ
1540 1025 1639 1095 τῆς
1679 1025 1771 1077 πί·

216 1129 365 1175 στεως
382 1111 530 1181 ἱερὰν
552 1111 709 1181 ἡμῶν
723 1111 1014 1180 ὁμολογίαν
1034 1112 1361 1183 διατίθησιν,
1379 1114 1772 1184 ἐμφιλοχωρῶν

216 1206 429 1275 μάλιστα
462 1206 529 1272 τῇ
556 1206 699 1256 κατά
725 1203 821 1273 τὴν
851 1204 1167 1273 οἰκονομίαν
1197 1206 1486 1277 ίερολογίᾳ,
1516 1202 1632 1281 ὲνῇ
1662 1208 1772 1260 τῶν

216 1314 269 1349 τε
290 1298 369 1349 δύο
392 1295 609 1364 φύσεων
630 1295 940 1365 ἀδιαίρετόν
972 1312 1032 1348 τε
1059 1299 1155 1350 καὶ
1190 1298 1494 1367 ἁσύγχυτον
1522 1300 1621 1370 τὴν
1644 1299 1772 1351 καθ’

219 1390 492 1443 ὑπόστασιν
521 1387 719 1439 ἕνωσιν
750 1389 933 1457 ὑμνεῖ,
975 1391 1071 1442 καὶ
1105 1390 1204 1452 τὰς
1238 1389 1579 1458 ἑκατέρωθεν
1617 1390 1769 1459 αἱρε-

215 1482 352 1543 τικάς
378 1480 742 1549 παραφυάδας
764 1482 829 1548 τῇ
861 1480 1109 1551 μαχαίρᾳ
1142 1480 1332 1549 τέμνει
1355 1481 1453 1548 τῆς
1488 1480 1768 1548 ἀληθείας.

212 1571 472 1640 Κέχρηται
500 1569 555 1620 δὲ
591 1568 685 1622 καὶ
713 1572 778 1639 τῇ
807 1570 952 1634 λέξει
984 1570 1082 1639 τῆς
1113 1572 1362 1639 κράσεως
1382 1571 1625 1634 εὐσεϐῶς
1652 1573 1771 1641 μὲν,

210 1662 341 1732 πλὴν
366 1663 647 1732 γέχρηται,
686 1660 760 1730 μὴ
803 1660 948 1713 κατά
974 1662 1067 1713 τὸν
1112 1663 1274 1715 ἄνουν
1302 1662 1676 1731 ’Λπολινάριον
1703 1666 1768 1732 τῇ

210 1757 349 1824 φωνῇ
399 1752 699 1822 κεχρῆσθαι
745 1752 1285 1822 διαμαρτυρόμενος,
1352 1752 1427 1823 μὴ
1485 1754 1669 1822 μέντοι
1709 1772 1771 1820 γε

208 1846 339 1915 μηδὲ
369 1846 510 1899 κατὰ
541 1844 633 1896 τὸν
668 1843 907 1912 δυσσεϐῆ
944 1844 1178 1913 Εὐτυχῆ,
1220 1844 1334 1895 ἀλλ’
1378 1843 1454 1905 ὡς
1487 1846 1515 1896 ὁ
1542 1847 1639 1908 τῆς
1677 1846 1767 1898 εύ-

210 1937 411 1999 σεϐείας
462 1937 623 2005 νόμος
665 1936 939 2005 βούλεται,
983 1935 1078 1988 ac;
1132 1935 1196 2005 δὴ
1236 1936 1331 1988 ξένα
1377 1937 1467 1988 τὸν
1515 1935 1643 2007 [458
1674 1938 1771 2007 Η.ι

203 2027 397 2097 Κύριον
429 2025 585 2096 ἡμῶν
642 2024 850 2094 Ἰησοῦν
900 2025 1134 2093 Χριστὸν
1184 2026 1534 2095 τρανολογεῖν
1574 2029 1631 2080 ἐν
1679 2027 1773 2080 δύο

204 2118 418 2184 φύσεσιν
456 2116 797 2186 ἀδιαιρέτοις
850 2134 915 2169 τε
973 2117 1067 2170 καὶ
1102 2117 1431 2187 ἀσυγχύτοις
1483 2118 1669 2183 εἰδὼς,
1714 2120 1772 2171 ὲν

200 2208 375 2277 τελεία
400 2207 615 2277 θεότητι
647 2209 740 2260 καὶ
803 2206 988 2273 τελεία
1042 2205 1443 2278 ἀνθρωπότητι,
1490 2208 1616 2263 οὔτε
1672 2211 1772 2278 τῆς

202 2301 442 2368 κράσεως
472 2300 736 2367 σύγχυσιν
776 2298 923 2366 αύτῴ
957 2297 1245 2368 δηλούσης,
1276 2298 1399 2352 οὔτε
1432 2302 1529 2371 τῆς
1555 2301 1626 2355 ἑν
1661 2302 1772 2356 δύο

202 2390 379 2459 φωνῆς
407 2390 672 2458 διαίρεσιν
704 2388 1171 2458 παρεισαγούσης.
1203 2387 1329 2459 [855
1346 2389 1437 2461 1L]
1468 2391 1690 2456 Τούτοις
1716 2392 1773 2446 δὲ

198 2481 295 2533 καὶ
321 2479 629 2533 Ἀθανάσιον
657 2480 749 2531 καὶ
776 2479 1045 2548 Κύριλλον
1073 2479 1393 2549 συμϐαίνειν
1416 2481 1769 2552 ὑπαγορεύει,

197 2568 277 2633 οἷς
302 2572 389 2623 καὶ
412 2570 452 2599 ³⁷
479 2570 633 2621 αὐτοὶ
661 2569 1070 2639 διωμολόγησαν
1096 2570 1225 2637 μίαν
1254 2570 1417 2638 φύσιν
1440 2571 1536 2622 τοῦ
1567 2572 1703 2625 Θεοῦ
1727 2572 1773 2604 ³⁸

195 2666 369 2729 Λόγου
427 2663 895 2732 σεσαρκωμὲνην·
962 2664 1020 2713 ἐν
1071 2656 1115 2728 ᾧ
1153 2662 1263 2733 γὰρ
1312 2663 1522 2731 ἔφησαν
1573 2680 1772 2731 σεσαρ-

195 2754 483 2821 κωμένην,
537 2753 636 2822 τὴν
688 2752 1132 2822 προσληφθεῖσαν
1184 2755 1528 2823 ἀνεκήρυξαν
1588 2753 1769 2822 φύσιν.

194 2842 379 2897 Ταῦτα
421 2841 668 2903 διελθὼν,
710 2841 806 2892 καὶ
836 2841 909 2903 ὡς
939 2841 1033 2893 καὶ
1074 2842 1130 2893 ὲν
1159 2841 1340 2904 ἄλλοις
1373 2840 1534 2893 αὑτοῦ
1586 2844 1771 2904 πόνοις

189 2936 458 3004 γυμνάζει
503 2935 601 3006 τὴν
634 2934 1005 3003 προκειμένην
1052 2932 1235 3003 φωνὴν
1265 2934 1767 3004 ἐπισημηνάμενος,

189 3028 390 3097 τριπλῇ
449 3043 581 3095 φησι
644 3022 968 3094 μερίζεσθαι
1011 3022 1055 3053 ³⁹
1101 3022 1311 3091 διανοίᾳ
1360 3022 1457 3089 τὴν
1489 3022 1770 3091 παροῦσαν

189 3120 388 3190 χρῆσιν
416 3118 479 3170 ⁸ο.
534 3119 641 3170 Καὶ
697 3119 805 3187 γάρ
862 3117 922 3168 τὸ
969 3116 1362 3186 σεσαρκωμένη
1418 3114 1450 3185 ἢ
1500 3115 1621 3169 ἀντὶ
1651 3114 1767 3180 τοῦ,

191 3213 361 3282 σαρκὶ
394 3210 845 3280 ὲσχηματισμένη
873 3210 966 3262 καὶ
994 3205 1550 3277 οἷονείδοποιηθεῖσα,
1582 3208 1770 3278 ὥσπερ

184 3307 217 3363 ὁ
247 3302 483 3374 χαλκοῦς
510 3305 572 3371 τῇ
615 3306 793 3371 μορφῇ
836 3301 929 3355 τοῦ
974 3301 1312 3372 ἀνδριάντος,
1343 3299 1641 3371 ὲκληφθείη
1670 3300 1770 3353 ἄν·

183 3398 220 3467 ἢ
252 3396 338 3449 ὃτι
365 3396 444 3456 εἰς
500 3396 679 3462 σάρκα
715 3394 814 3462 τῆς
853 3394 947 3446 τοῦ
978 3394 1154 3459 Λόγου
1209 3392 1426 3460 φύσεως
1466 3394 1773 3462 τραπείσης

182 3490 285 3541 καὶ
330 3483 443 3538 οἷον
477 3484 967 3556 ἁποσαρκωθείσης
1002 3483 1100 3554 μία
1150 3484 1420 3554 προῆλθεν
1454 3486 1484 3555 ἡ
1512 3484 1707 3551 φύσιςσ
1737 3482 1771 3554 ἢ

179 3578 269 3632 ὅτι
303 3579 407 3647 μία
425 3575 558 3632 οὖσα
594 3579 625 3647 ή
651 3577 745 3629 τοῦ
767 3578 948 3645 Λόγου
982 3576 1144 3645 φύσις
1175 3576 1316 3627 κατά
1337 3579 1438 3644 τὴν
1460 3574 1774 3642 οἰκονομίαν

176 3669 375 3721 οὐκέτι
437 3669 535 3735 μία
596 3667 730 3737 μόνη
779 3667 914 3720 ἀλλὰ
967 3668 1060 3719 καὶ¹
1103 3665 1240 3736 μετὰ
1299 3666 1501 3737 σαρκὸς
1558 3666 1776 3736 θεωρεῖ-

172 3776 298 3822 ται,
334 3760 396 3812 τὸ
426 3760 694 3828 ἄτρεπτον
739 3759 832 3811 καὶ
876 3757 1238 3811 ἀναλλοίωτον
1274 3759 1441 3827 ἑαυτῇ
1472 3774 1534 3809 τε
1582 3757 1676 3809 καὶ
1706 3759 1772 3827 τῇ

172 3851 605 3923 προσληφθεὶσῃ
634 3851 801 3920 σαρκὶ
833 3848 1190 3913 διασώζουσα.
1222 3849 1285 3903 Αἱ
1312 3849 1409 3919 μὲν
1432 3848 1528 3902 οῦν
1560 3849 1773 3919 πρῶται

166 3944 278 3997 δύο
317 3942 618 4011 ὑπολήψεις
676 3940 1051 4011 ’Λπολινάριον
1106 3940 1252 3991 ἴσασι
1291 3938 1387 3991 καὶ
1424 3938 1668 4007 Εὐτυχέα
1691 3953 1704 3967 °
1740 3938 1774 4008 ή

162 4033 234 4087 δὲ
267 4034 438 4101 τρίτη
472 4032 599 4096 δόξα
632 4032 727 4085 τοῦ
764 4032 1122 4101 κηρύγματός
1148 4032 1265 4082 ἐστι
1299 4030 1407 4082 τῶν
1438 4028 1772 4091 ἀποστόλων,

162 4126 241 4195 ῆν
281 4126 384 4176 καὶ
436 4125 464 4175 ὁ
522 4124 632 4176 τῶν
684 4124 971 4194 μακαρίων
1018 4122 1173 4193 ἡμῶν
1229 4124 1489 4190 Πατέρων
1520 4121 1560 4152 ⁸¹
1615 4121 1776 4191 χορὸς

159 4216 400 4269 ἐκεῖθεν
453 4215 641 4284 μαθὼν
673 4217 1063 4283 συνετήρησεν.
1104 4214 1216 4266 Καὶ
1270 4212 1431 4282 δῆλον
1474 4211 1570 4274 ὡς,
1605 4211 1657 4263 εί
1693 4228 1776 4272 τις

156 4308 439 4361 εὐσεϐεῖν
472 4307 645 4359 ἐθέλοι
665 4307 709 4337 ⁸³
744 4308 801 4359 ἐν
824 4306 900 4374 τῷ
927 4305 1106 4372 λέγειν
1138 4303 1269 4373 μίαν
1295 4301 1456 4369 φύσιν
1482 4300 1576 4353 τοῦ
1599 4300 1775 4367 Λόγου

150 4399 648 4468 σεσαμρκωμένην,
685 4398 747 4452 τὸ
777 4397 909 4450 αὐτὸ
935 4397 1155 4466 φρονεῖν
1194 4393 1261 4446 ἂν
1304 4390 1639 4463 χαριτωθείη
1666 4392 1778 4452 τοῖς

152 4492 267 4543 δύο
323 4489 525 4557 φύσεις
574 4488 912 4558 ἁδιαιρέτους
966 4488 1059 4541 καὶ
1108 4484 1447 4554 ἀσυγχύτους
1494 4485 1552 4536 ὲν
1585 4481 1661 4551 τῷ
1697 4481 1777 4533 ἐνὶ

151 4580 269 4631 καὶ
303 4578 390 4646 τῷ
428 4577 576 4647 αὺτῴ
609 4576 830 4646 Χριστῷ
866 4575 1133 4646 θεωροῦσί
1178 4593 1235 4629 τε
1293 4574 1386 4628 καὶ
1422 4571 1736 4635 δοξάζουσιν
1759 4587 1771 4599 ·

152 4667 215 4717 εἰ
266 4667 332 4717 δὲ
388 4666 484 4734 μὴ,
532 4666 669 4735 πρὸς
705 4664 1085 4731 ’Λπολινάριον
1119 4664 1152 4733 ἢ
1190 4663 1234 4694 ⁸³
1283 4660 1526 4730 Εὑτυχέα
1560 4660 1778 4721 πάντως

150 4759 500 4825 δραμεῖται.
524 4757 634 4810 Καὶ
661 4757 767 4827 γάρ
797 4754 1031 4807 ἐνταῦθα
1056 4754 1153 4824 τὴν
1183 4753 1309 4824 μίαν
1337 4753 1435 4820 μὲν
1468 4751 1628 4820 φύσιν
1658 4750 1778 4803 ἀντὶ

143 4848 267 4917 τῆς
305 4846 669 4909 ὑποστάσεως
700 4845 979 4916 εἰρῆσθαι,
1014 4846 1073 4897 τὸ
1114 4845 1168 4896 δὲ
1201 4843 1630 4914 σεσαρκωμένην
1658 4840 1778 4893 ἀντὶ

142 4940 265 5007 τῆς
313 4939 673 5009 ἀνθρωπίνης
724 4938 973 5007 φύσεως,
1018 4937 1090 4997 ὡς
1144 4936 1308 5005 μηδὲν
1348 4936 1637 5002 διαφωνεῖν
1685 4932 1775 4983 τὸν

143 5028 213 5078 λέ
227 5045 418 5093 γοντα
448 5028 576 5096 μίαν
610 5028 770 5097 φύσιν
795 5026 889 5079 τοῦ
913 5027 1087 5093 Λόγου
1120 5024 1552 5093 σεσαρκωμένην
1583 5022 1615 5092 ἢ
1647 5022 1775 5089 μίαν

141 5118 495 5169 ὑπόστασιν
544 5117 636 5170 τοῦ
674 5117 847 5185 Λόγου
884 5115 1232 5185 ἀνθρωπίνην
1279 5113 1438 5181 φύσιν
1473 5111 1777 5165 ἀναλαϐοῦ-

136 5225 267 5260 σαν
294 5224 313 5238 ⁶
354 5208 444 5260 διὸ
492 5209 586 5261 καὶ
615 5210 663 5260 οἱ
715 5210 957 5277 Πατέρες
998 5206 1152 5276 ἡμῶν
1202 5204 1631 5274 ὲπεξηγούμενοι
1680 5202 1777 5273 τὴν

134 5300 372 5369 φωνὴν
407 5300 733 5366 ἐπάγουσιν,
764 5301 885 5353 Οὐκ
930 5296 1318 5366 ἀνῃρημένης
1358 5295 1465 5361 τῆς
1510 5294 1629 5347 τῶν
1666 5295 1778 5361 5:13--

130 5408 342 5444 σεων
381 5388 677 5459 διαφορᾶς
705 5389 801 5443 διὰ
833 5389 877 5421 ’⁸⁵
906 5388 1019 5447 τὴν
1058 5389 1300 5451 ἕνωσιν,
1330 5384 1668 5455 σωζομένης
1708 5383 1776 5435 δὲ

1808 391 1878 402 -·-
1912 364 2080 427 COD.
2124 364 2395 426 CCXXX.
3327 364 3463 429 1026

2494 491 2508 527 :
2564 483 2786 529 sanctus
2840 487 2971 527 vero
3029 472 3110 526 vir
3157 485 3344 527 eorum
3397 477 3463 527 de

1877 571 2077 639 quibus
2121 571 2504 632 accusabatur,
2537 567 2803 621 rationem
2847 566 3104 621 reddens.
3137 565 3313 634 primo
3338 566 3461 634 qui-

1873 642 1995 717 dem
2041 662 2439 731 comprehensa
2493 675 2615 714 esse
2653 659 2925 727 capitibus
2964 658 3145 711 omnia
3189 657 3465 726 synodaii-

1873 754 1974 808 bus
2023 754 2131 817 ait,
2179 769 2335 822 quae,
2389 762 2447 807 ut
2490 752 2865 821 recipiantur,
2927 751 3085 818 digna
3143 750 3257 803 visa
3314 758 3459 810 sunt.

1875 843 2078 899 Verum
2111 845 2178 900 de
2202 845 2292 900 his
2322 844 2569 914 pluribus
2606 857 2767 913 agere
2810 857 2915 895 non
2969 843 3134 911 piget.
3181 841 3293 894 lloc
3336 855 3466 895 vero

1874 938 2122 993 studiose
2180 947 2235 991 et
2290 937 2379 1005 pie
2428 938 2495 989 ad
2555 936 2818 1004 optimum
2879 950 2943 988 ac
3004 935 3458 1002 perfectissimum

1873 1028 2083 1082 exitum
2148 1027 2422 1081 adducens
2473 1042 2489 1079 :
2539 1040 2661 1078 cum
2716 1024 2841 1089 alia,
2895 1034 3007 1077 tum
3066 1040 3277 1079 sacram
3338 1024 3461 1079 ﬁdei

1876 1129 2077 1173 nostrae
2106 1119 2255 1172 addit
2284 1116 2707 1179 confessionem,
2744 1117 2983 1170 maxime
3026 1118 3301 1171 inhaerens
3332 1132 3459 1170 sen-

1877 1210 2060 1264 tentiae
2106 1210 2171 1263 de
2222 1209 2601 1263 incarnatione
2665 1207 2894 1262 Domini.
2939 1206 2993 1259 In
3030 1222 3132 1276 qua
3174 1208 3458 1260 iudivisam

1875 1314 1931 1356 et
1982 1301 2377 1370 impermistam
2431 1299 2792 1369 hypostaseos
2844 1299 3075 1351 duarum
3136 1310 3458 1351 naturarum

1878 1394 2133 1447 unionem
2206 1392 2515 1461 profitetur,
2571 1402 2625 1444 ct
2694 1390 2947 1457 utrinque
3005 1399 3163 1443 natas
3224 1390 3461 1444 haereses

1879 1486 2059 1556 gladio
2085 1486 2327 1539 dissecat
2352 1483 2616 1537 veritatis.
2648 1480 2831 1535 Utitur
2851 1490 3031 1535 autem
3062 1481 3229 1534 verbo
3260 1482 3460 1533 mis-tio-

1877 1579 1962 1632 nis
1994 1580 2078 1647 pie
2123 1577 2367 1646 quidem,
2420 1576 2513 1630 sed
2571 1590 2676 1629 non
2730 1574 2903 1627 utitur
2950 1574 3247 1627 secundum
3307 1572 3458 1625 insa-

1878 1687 2006 1725 num
2036 1669 2453 1736 Apollinarium,
2496 1668 2769 1737 quomodo
2800 1666 2900 1719 hac
2931 1680 3061 1719 voce
3092 1665 3165 1719 sit
3199 1664 3456 1718 utendum

1880 1773 2134 1825 testatus,
2156 1776 2335 1829 neque
2364 1760 2666 1814 secundum
2709 1759 2969 1812 audacem
3010 1758 3330 1827 Eutychem,
3363 1759 3456 1810 sed

1877 1866 1932 1907 ut
1963 1855 2044 1909 lex
2076 1854 2294 1921 pietatis
2318 1851 2583 1919 permittit
2609 1870 2619 1905 :
2647 1862 2704 1903 ut
2732 1850 2821 1918 qui
2851 1859 3034 1902 nosset
3066 1864 3234 1902 unum
3260 1849 3453 1903 Filium

1876 1948 2164 2000 hominum
2195 1955 2442 2000 nostrum
2470 1943 2652 1999 Jesum
2682 1941 2960 1995 Christum
2993 1940 3297 2003 declarare,
3316 1938 3455 1992 dua—

1874 2038 1976 2091 lius
2041 2037 2253 2091 naturis
2313 2035 2558 2088 indivisis
2610 2042 2664 2086 et
2721 2030 3026 2084 inconfusis
3088 2039 3341 2082 constare
3401 2027 3454 2079 in

1873 2126 2113 2197 perfecta
2181 2127 2529 2180 humanitate
2593 2133 2646 2176 et
2710 2123 2950 2190 perfecta
3018 2122 3354 2174 divinitate:
3398 2129 3457 2172 ut

1874 2222 2160 2292 permisuo
2190 2218 2490 2274 secundum
2539 2215 2690 2270 illum
2735 2213 3112 2268 confusionem
3146 2228 3253 2267 non
3287 2214 3455 2281 signi-

1874 2312 2024 2377 ﬁcet,
2056 2325 2231 2380 neque
2258 2311 2475 2364 inducat
2501 2306 2826 2361 divisionem
2855 2306 3002 2358 vocis
3031 2306 3089 2357 ὲν
3109 2304 3222 2358 δύο.
3256 2304 3454 2358 Eadem

1875 2415 2056 2460 autem
2113 2404 2318 2459 sentire
2362 2402 2722 2456 Athanasium
2769 2409 2824 2452 ct
2862 2398 3120 2469 Cyrillum
3172 2396 3454 2465 prmdieat,

1875 2499 1968 2568 qui
2008 2513 2170 2552 unam
2209 2496 2360 2549 verhi
2393 2505 2646 2548 naturam
2677 2494 3015 2545 incarnatam
3043 2490 3276 2544 confessi
3303 2500 3452 2545 sunt.

1875 2588 2007 2641 Cum
2053 2585 2196 2638 enim
2244 2584 2577 2635 incarnatam
2618 2581 2889 2644 dixerunt,
2927 2589 3262 2649 assumptum
3299 2588 3456 2632 natu—

1876 2693 1990 2731 ram
2019 2676 2404 2746 praedicarunt.
2436 2674 2494 2728 In
2523 2673 2605 2728 his
2638 2688 2889 2742 pergens,
2917 2682 2974 2726 ut
3005 2682 3057 2726 et
3089 2674 3140 2725 iu
3183 2672 3306 2725 aliis
3335 2671 3455 2741 ejus

1873 2770 2095 2837 scriptis
2127 2769 2406 2823 contendit
2434 2782 2598 2836 super
2626 2770 2728 2820 hac
2757 2780 2909 2830 voce,
2950 2766 3120 2819 tribus
3161 2762 3453 2817 ostendens

1873 2860 2051 2916 modis
2098 2860 2218 2927 capi
2263 2875 2421 2928 posse
2468 2871 2656 2912 vocem
2703 2857 3062 2910 iucarnatam.
3108 2855 3320 2909 Etenim
3366 2856 3457 2907 in-

1874 2965 2117 3019 cantata,
2150 2968 2246 3022 pro
2292 2967 2513 3007 carnem
2559 2952 2763 3013 tuduta,
2812 2962 2866 3004 et
2905 2950 3066 3004 veluti
3106 2948 3277 3017 eiiigie
3328 2964 3459 3004 con-

1875 3049 2132 3113 formata,
2157 3047 2615 3115 quemadmodum
2639 3044 2838 3114 267b
2863 3059 2937 3097 ινδ
2959 3042 3235 3097 simulacri
3258 3043 3453 3103 forma,

1799 3164 1843 3222 ε
1878 3143 2015 3197 sumi
2070 3144 2281 3211 possit;
2336 3141 2419 3192 vel
2457 3140 2599 3207 quod
2649 3152 2910 3191 conversa
2961 3135 3109 3189 verbi
3159 3144 3349 3188 natura
3404 3136 3454 3187 in

1876 3251 2117 3299 carnem,
2171 3246 2226 3288 et
2260 3234 2412 3301 quasi
2460 3232 2742 3286 iucarnata
2801 3245 2907 3282 una
2960 3228 3161 3296 prodiit
3208 3238 3451 3279 natura:

1877 3332 1959 3385 vel
2009 3328 2148 3400 quod
2205 3345 2306 3383 una
2358 3327 2631 3383 e‘xsistens
2681 3324 2837 3378 Verbi
2891 3333 3109 3386 natura,
3158 3321 3455 3376 secundum

1876 3424 2308 3478 incarnationem
2343 3436 2447 3474 non
2474 3419 2707 3488 amplius
2732 3433 2833 3469 una
2862 3416 2997 3478 sola,
3025 3416 3115 3469 sed
3140 3430 3261 3467 cum
3289 3427 3458 3467 carne

1875 3524 2188 3586 spectetur;
2242 3510 2843 3567 incommutabilitatcm
2883 3519 3045 3576 atque
3088 3508 3455 3578 integritatem

1874 3606 1979 3658 sibi
2000 3613 2054 3658 et
2072 3614 2363 3671 assumpta:
2381 3601 2529 3655 carni
2555 3613 2909 3653 conservans.
2929 3597 3123 3651 Prima:
3142 3598 3322 3666 itaque
3338 3599 3456 3651 dum

1877 3696 2308 3768 signiﬁcationes
2357 3692 2675 3762 Apollinarii
2720 3700 2774 3745 et
2812 3690 3090 3761 Eutychis,
3132 3690 3294 3742 tertia
3325 3703 3457 3741 vero

1876 3805 1945 3845 ex
1991 3798 2173 3843 mente
2225 3786 2592 3856 apostolorqu
2649 3792 2772 3846 est,
2822 3796 2985 3851 quam
3026 3790 3093 3835 ct
3143 3790 3455 3835 sanctorum

1876 3884 2098 3938 Patrum
2149 3890 2465 3933 nostrorum
2512 3886 2685 3929 matus
2724 3874 2852 3926 inde
2890 3881 3173 3926 mutuatus
3208 3872 3453 3924 retinuit.

1876 3975 2093 4029 Clarum
2139 3985 2266 4024 vero
2296 3980 2403 4034 cst,
2450 3968 2493 4022 si
2526 3967 2647 4035 quis
2689 3965 2774 4034 pie
2807 3965 3015 4018 sentire
3045 3963 3191 4026 velit,
3228 3964 3457 4017 dicendo

1878 4083 2040 4119 ttnatn
2066 4064 2227 4118 Verbi
2272 4071 2522 4116 naturam
2568 4060 2928 4122 iucarnatam,
2953 4058 3185 4127 gratiam
3229 4056 3459 4123 adeptu-

1878 4175 2024 4221 rum,
2049 4156 2334 4211 sentieudo
2358 4168 2479 4207 cum
2513 4151 2694 4221 iisqtti
2729 4151 2862 4204 duas
2894 4158 3116 4204 naturas
3144 4147 3458 4202 inconfusas

1882 4261 2043 4320 atque
2094 4245 2464 4317 impermistas
2507 4244 2560 4298 in
2608 4259 2717 4297 uno
2746 4252 2800 4297 et
2839 4244 3028 4296 eodem
3070 4240 3289 4296 Christo
3336 4254 3457 4295 esse

1880 4353 1934 4398 et
1956 4350 2311 4411 cognoscunt,
2341 4345 2396 4391 ct
2425 4346 2694 4390 statuunt.
2731 4334 2941 4403 Alioqui
2974 4347 3095 4386 cum
3122 4332 3459 4400 Apollinario

1881 4448 1935 4493 et
1970 4435 2212 4505 Eutyche
2254 4431 2445 4486 sentit.
2492 4428 2702 4484 Etenim
2738 4442 2899 4480 unam
2946 4426 3032 4480 hic
3062 4435 3310 4478 naturam
3360 4439 3458 4490 pro

1812 4514 1853 4567 θ
1882 4544 2108 4601 persona
2143 4527 2343 4579 dictam
2370 4536 2514 4582 esse,
2546 4520 2883 4574 Iucarnatam
2923 4531 3052 4570 vero
3091 4531 3187 4585 pro
3220 4516 3454 4569 lmmana

1876 4631 2071 4676 natura
2104 4636 2120 4674 :
2164 4628 2222 4670 ut
2255 4615 2390 4669 nihil
2439 4612 2656 4666 intersit
2685 4611 2869 4664 dicere
2897 4623 3060 4662 unam
3101 4606 3262 4660 Verbi
3295 4617 3454 4659 natu-

1878 4730 1991 4766 ram
2022 4713 2386 4771 incarnatam,
2418 4704 2502 4759 vel
2535 4717 2691 4755 uuam
2725 4700 2883 4755 Verbi
2929 4714 3214 4768 personam
3253 4698 3461 4752 huma—

1875 4821 2000 4857 nam
2066 4798 2427 4868 assumpsisse
2494 4804 2774 4848 naturam.
2834 4790 3207 4858 Quamobrem
3267 4789 3462 4843 Patres

1876 4897 2048 4952 nostri
2104 4896 2244 4947 hanc
2293 4904 2480 4949 vocem
2530 4884 2888 4953 explanantes
2943 4884 3212 4936 adducunt
3264 4899 3277 4935 :
3336 4879 3458 4932 Non

1873 5010 2085 5065 sublata
2132 5014 2448 5059 naturarum
2487 4997 2784 5067 differentia
2817 5011 2908 5060 per
2941 4995 3206 5057 unionem,
3242 4993 3331 5045 sed
3368 5008 3459 5055 po-

1874 5106 1977 5157 tius
2020 5111 2236 5169 utraque
2279 5103 2581 5151 conseruata
2625 5092 2679 5142 in
2726 5089 2937 5155 praprio
2996 5102 3201 5140 natura:
3238 5087 3458 5139 termino

1876 5208 1923 5249 et
1956 5194 2128 5256 verba,
2161 5193 2211 5243 in
2242 5206 2351 5242 uno
2392 5186 2673 5254 eodemque
2713 5181 2921 5237 Christo
2954 5180 3080 5233 Jcsu
3123 5178 3227 5231 Deo
3256 5186 3453 5229 nostro.

1878 5286 2056 5351 Quare
2091 5281 2136 5335 si
2169 5286 2490 5333 conservata
2526 5280 2958 5343 cognoscantur,
2992 5269 3206 5337 cognitu
3258 5266 3456 5334 praedi-

1887 5386 2097 5437 centur,
2126 5386 2179 5427 et
2210 5386 2329 5441 quae
2356 5368 2741 5436 praedicantur,
2766 5372 2819 5417 ct
2844 5369 3195 5414 tutmcrcutur
3222 5375 3234 5409 :
3263 5354 3458 5425 perspi-

1475 5535 1713 5592 VARUE
1755 5525 2162 5588 LECTIONES.

227 5669 285 5699 "
319 5668 383 5721 δὲ
414 5665 718 5726 σπουδαίως
746 5679 805 5715 τε
837 5663 878 5715 Λ
915 5679 1011 5718 ετε
1044 5662 1350 5723 σπουδαίως
1388 5677 1449 5723 ς.
1512 5657 1553 5688 ³⁷
1585 5654 1825 5726 καὶγροεῑ
1852 5644 1952 5726 οἷς.
2016 5648 2059 5726 ³¹ξ
2082 5644 2217 5726 Θεοῦ
2252 5652 2307 5697 et
2332 5656 2454 5726 moti
2469 5639 2574 5726 ,παὶ
2592 5638 2715 5692 add.
2753 5638 2818 5726 AL;

128 5741 195 5771 ⁸ο
240 5736 499 5807 χρῆσιν]
524 5736 578 5786 τὸ
594 5710 1304 5815 σεσάργωμένηνιιιίιίίιηις.
1333 5710 1528 5783 ’Λθιτιιιη
1550 5743 1610 5788 ς.
1688 5710 1727 5753 δ”
1756 5720 2004 5789 πατέρων
2037 5716 2194 5788 ἡμῶν
2227 5731 2287 5777 ς.
2362 5712 2405 5743 δ’
2440 5710 2609 5762 ἐθέλει
2644 5727 2704 5774 ς.

139 5812 268 5863 καὶ
324 5810 406 5871 Α,
444 5809 535 5858 καὶ
572 5808 709 5872 μετὰ
744 5808 904 5857 [ιτ-Λ.

2893 5634 2938 5666 ³⁸
2967 5630 3377 5701 διαμερίζεσθαι
3400 5646 3461 5701 ςτ

2779 5706 2823 5736 ιι
2848 5705 2880 5774 ἥ
2907 5705 2948 5757 Α
2984 5698 3205 5766 εκάις.
3280 5700 3325 5731 ιι
3353 5698 3462 5770 διὰ]
