4004 6440
261 364 406 431 1025

252 559 403 630 ὑπὲρ
451 553 525 612 ὧν
569 560 766 630 ᾐτιάθη
815 559 1011 626 διδοὺς,
1045 562 1262 632 πρῶτον
1307 563 1409 631 μὲν
1454 564 1841 635 περιειλῆφθαι

249 653 437 705 πάντα
474 652 642 719 φησιν
674 652 767 704 ἐπὶ
800 652 1109 719 κεφαλαίων
1134 655 1247 716 τοῖς
1278 655 1579 717 συνοδικοῖς
1615 656 1650 709 ἀ
1691 657 1837 723 ἔδοξε

252 743 727 815 παραλελεῖφθαι,
770 742 911 815 πλὴν
972 744 1313 814 πλατύτερον
1351 746 1448 798 καὶ
1512 746 1606 799 νῦν
1664 748 1840 802 είπεῖν

249 838 390 906 περὶ
428 835 610 888 αὐτῶν
648 834 853 906 μηδένα
892 820 1090 889 ’λαϐεῖν
1140 835 1318 889 ὄκνον.
1353 836 1526 891 Τοῦτο
1576 839 1634 893 δὲ
1675 857 1845 892 σπου-

250 928 424 990 δαίως
468 929 511 959 ³⁸
543 944 603 979 τε
635 928 731 980 καὶ
764 927 1068 995 θεοφρόνως
1111 928 1380 983 ἐπιτελῶν
1414 932 1493 994 εἰς
1528 930 1590 984 τὸ
1623 932 1845 1002 ἄριστόν

251 1037 320 1072 τε
348 1020 438 1071 καὶ
468 1016 801 1069 τελεώτατον
828 1018 896 1069 τά
930 1034 989 1069 τε
1021 1017 1155 1069 ἄλλα
1185 1020 1280 1072 καὶ
1307 1020 1406 1090 τὴν
1440 1022 1569 1091 περὶ
1614 1023 1714 1092 τῆς
1753 1022 1846 1074 πί-

256 1127 432 1171 στεως
453 1108 604 1178 ἱερὰν
626 1108 784 1178 ἡμῶν
798 1108 1088 1177 ὁμολογίαν
1109 1108 1436 1180 διατίθησιν,
1454 1112 1847 1182 ἐμφιλοχωρῶν

256 1202 502 1272 μάλιστα
536 1202 603 1270 τῇ
630 1202 773 1253 κατὰ
799 1200 896 1270 τὴν
925 1202 1241 1270 οἰκονομίαν
1271 1203 1560 1274 ἱερολογίᾳ,
1592 1207 1649 1257 ἐν
1736 1206 1847 1257 τῶν

259 1312 323 1347 τε
345 1296 437 1346 δύο
464 1292 683 1361 φύσεων
704 1291 1015 1362 ἀδιαίρετόν
1047 1309 1106 1344 τε
1134 1296 1230 1347 καὶ
1265 1295 1569 1365 ἀσύγχυτον
1597 1298 1696 1367 τὴν
1720 1297 1847 1349 καθ’

264 1388 566 1440 ὑπόστασιν
596 1385 793 1437 ἕνωσιν
824 1386 1007 1453 ὑμνεῖ,
1050 1388 1145 1440 καὶ
1179 1386 1278 1449 τὰς
1312 1387 1654 1455 ἑκατέρωθεν
1690 1388 1844 1457 αἱρεο-

260 1479 419 1540 τικάς
447 1477 816 1546 παραφυάδας
838 1478 904 1545 τῇ
936 1476 1184 1548 μαχαίρᾳ
1217 1477 1406 1546 τέμνει
1429 1478 1527 1546 τῆς
1563 1478 1844 1546 ἀληθείας.

257 1568 545 1637 Κέχρηται
573 1566 629 1618 δὲ
665 1566 758 1618 καὶ
787 1570 853 1636 τῇ
881 1567 1026 1632 λέξει
1058 1568 1157 1635 τῆς
1188 1568 1438 1637 κράσεως
1460 1568 1699 1632 εὐσεϐῶς
1727 1570 1846 1639 μὲν,

255 1659 406 1729 πλὴν
435 1660 721 1729 κέχρηται,
761 1658 835 1727 μὴ
878 1658 1022 1711 κατά
1048 1658 1141 1711 τὸν
1186 1660 1348 1712 ἄνουν
1376 1659 1751 1729 Ἀπολινάριον
1778 1664 1843 1730 τῇ

256 1754 415 1821 φωνῇ
471 1749 773 1819 κεχρῆσθαι
819 1749 1360 1819 διαμαρτυρόμενος,
1427 1750 1502 1820 μὴ
1560 1751 1743 1819 μέντοι
1784 1769 1845 1818 γε

254 1844 404 1911 μηδὲ
440 1843 585 1895 κατά
615 1841 707 1893 τὸν
742 1840 981 1910 δυσσεϐῆ
1018 1841 1253 1910 Εὐτυχῆ,
1294 1841 1408 1892 ἀλλ’
1452 1840 1529 1903 ὡς
1561 1843 1589 1892 ὁ
1616 1844 1714 1905 τῆς
1751 1844 1841 1895 εὑ-
1874 1820 1919 1877 Β

255 1934 484 1996 σεὸείας
536 1934 698 2001 νόμος
739 1933 1013 2002 βούλεται,
1057 1932 1153 1986 ἆτε
1206 1932 1271 2002 δὴ
1310 1934 1406 1985 ἕνα
1451 1935 1541 1985 τὸν
1590 1932 1718 2004 [458
1750 1936 1845 2003 H.|

250 2023 469 2094 Κύριον
502 2022 659 2093 ἡμῶν
716 2021 924 2091 Ἰησοῦν
974 2022 1209 2091 Χριστὸν
1259 2023 1609 2093 τρανολογεῖν
1649 2026 1705 2077 ἐν
1754 2025 1847 2077 δύο

254 2115 491 2181 φύσεσιν
532 2114 871 2183 ἀδιαιρέτοις
925 2132 989 2166 τε
1046 2114 1141 2167 καὶ
1177 2114 1505 2184 ἀσυγχύτοις
1557 2115 1744 2180 εἰδὼς,
1787 2116 1846 2168 ὲν

248 2205 445 2275 τελεία
472 2204 688 2274 θεότητι
721 2205 814 2257 καὶ
877 2203 1062 2270 τελεία
1116 2203 1517 2275 ἀνθρωπότητι,
1565 2205 1689 2260 οὔτε
1747 2208 1847 2275 τῆς

252 2298 515 2365 κράσεως
544 2297 810 2364 σύγχυσιν
850 2295 997 2363 αὐτῷ
1031 2295 1319 2366 δηλούσης,
1351 2295 1474 2349 οὕτε
1506 2299 1603 2367 τῆς
1630 2299 1701 2352 ἐν
1735 2300 1846 2354 δύο

254 2388 450 2456 φωνῆς
480 2387 745 2455 διαίρεσιν
778 2385 1244 2456 παρεισαγούσης.
1277 2385 1403 2456 [855
1420 2386 1512 2458 3.]
1542 2389 1765 2453 Τούτοις
1791 2390 1848 2443 δὲ

252 2478 359 2530 και¹
389 2477 702 2531 Ἀθανάσιον
731 2477 823 2528 καὶ
851 2477 1119 2546 Κύριλλον
1148 2476 1468 2546 συμϐαίνειν
1490 2479 1843 2549 ὑπαγορεύει,

250 2564 342 2631 οἷς
368 2569 462 2620 καὶ
485 2568 526 2595 ³⁷
553 2568 708 2618 αὐτοὶ
734 2566 1145 2636 διωμολόγησαν
1171 2567 1298 2635 μίαν
1328 2568 1491 2635 φύσιν
1514 2568 1609 2619 τοῦ
1642 2568 1777 2622 Θεοῦ
1801 2570 1846 2601 ³⁸

252 2663 441 2727 Λόγου
501 2660 969 2729 σεσαρκωμένην-
1036 2660 1094 2710 ἐν
1227 2660 1336 2730 γὰρ
1387 2660 1596 2728 ἔφησαν
1647 2677 1846 2729 σεσαρ-

252 2752 556 2818 κωμὲνην,
610 2749 710 2819 τὴν
762 2749 1206 2819 προσληφθεῖσαν
1257 2752 1603 2820 ἀνεκήρυξαν
1662 2750 1843 2820 φύσιν.

253 2839 452 2893 Ταῦτα
494 2839 742 2901 διελθὼν,
784 2838 879 2889 καὶ
910 2838 983 2900 ὡς
1013 2838 1106 2891 καὶ
1148 2840 1205 2891 ὲν
1233 2838 1414 2901 ἄλλοις
1448 2837 1608 2890 αὐτοῦ
1660 2842 1845 2902 πόνοις

250 2932 532 3001 γυμνάζει
576 2932 674 3004 τὴν
708 2931 1079 3000 προκειμένην
1126 2930 1308 3000 φωνὴν
1340 2931 1841 3001 ἐπισημηνάμενος,

253 3025 463 3093 τριπλῇ
522 3040 654 3092 φησι
719 3019 1043 3091 μερίζεσθαι
1086 3019 1128 3050 δ’
1176 3019 1384 3088 διανοίᾳ
1434 3019 1532 3087 τὴν
1563 3019 1845 3088 παροῦσαν

255 3117 460 3187 χρῆσιν
490 3116 553 3167 ⁸ο.
608 3116 715 3167 Καὶ
770 3116 879 3184 γάρ
936 3114 996 3165 τὸ
1043 3113 1435 3183 σεσαρκωμένη
1492 3112 1523 3183 ἢ
1574 3112 1695 3165 ἀντὶ
1725 3110 1840 3177 τοῦ,

260 3210 435 3279 σαρκὶ
467 3207 918 3277 ὲσχηματισμένη
947 3208 1040 3259 καὶ
1068 3202 1623 3274 οἷονηείδοποιηθεῖσα,
1655 3205 1845 3276 ὥσπερ

252 3303 293 3359 ὁ
322 3299 556 3371 χαλκοῦς
583 3303 645 3369 τῇ
688 3303 866 3368 μορφῇ
909 3299 1003 3352 τοῦ
1049 3298 1386 3369 ἀνδριάντος,
1417 3297 1714 3369 ἑκληφοείη
1744 3296 1845 3350 ἄν·

255 3396 298 3464 ἢ
328 3393 413 3446 ὅτι
437 3393 517 3453 εἰς
573 3393 752 3459 σάρκα
789 3391 889 3459 τῆς
926 3390 1021 3443 τοῦ
1052 3390 1228 3457 Λόγου
1283 3388 1499 3457 φύσεως
1540 3392 1847 3459 τραπείσης

258 3486 360 3537 καὶ
404 3480 516 3535 οἷον
551 3482 1041 3553 ἀποσαρκιυοείσης
1076 3481 1173 3552 μία
1224 3480 1495 3551 προῆλθεν
1528 3481 1780 3552 ἡφύσις·
1811 3479 1845 3551 ἢ

256 3575 346 3628 ὅτι
380 3576 481 3644 μία
498 3572 631 3629 οὖσα
667 3577 699 3645 ἡ
725 3574 818 3627 τοῦ
841 3575 1022 3641 Λόγου
1055 3573 1218 3642 φύσις
1248 3573 1390 3624 κατά
1412 3576 1513 3641 τὴν
1534 3572 1848 3639 οἰκονομίαν

257 3666 448 3717 οὐκέτι
510 3666 607 3732 μία
669 3664 803 3734 μόνη
852 3664 988 3717 ἀλλά
1040 3666 1134 3716 καὶ
1177 3662 1314 3733 μετὰ
1373 3664 1575 3734 σαρκὸς
1633 3664 1850 3733 θεωρεῖ-

256 3773 377 3819 ttat,
411 3757 470 3809 τὸ
499 3758 768 3826 ἄτρεπτον
812 3757 906 3808 καί¹
950 3754 1312 3809 ἀναλλοίωτον
1348 3756 1515 3824 ἑαυτῇ
1546 3771 1607 3806 τε
1655 3754 1749 3806 καὶ
1780 3756 1845 3824 τῇ

260 3848 679 3919 προσληφθείσῃ
708 3848 875 3917 σαρκὶ
906 3846 1263 3909 διασῴζουσα.
1296 3847 1359 3899 At
1385 3846 1483 3915 μὲν
1506 3845 1601 3899 οὖν
1634 3845 1847 3916 πρῶται

256 3939 360 3994 δύο
397 3940 692 4008 ὑπολήψεις
751 3937 1124 4008 Ἀπολινάριον
1179 3937 1326 3988 ἴσασι
1365 3936 1461 3988 καὶ
1498 3935 1741 4005 Εύτυχέα
1764 3950 1778 3964 ⁸
1814 3935 1848 4005 ἠ

255 4030 322 4084 δὲ
350 4030 510 4098 τρίτη
544 4030 673 4092 δόξα
706 4028 801 4081 τοῦ
837 4028 1195 4098 κηρύγματός
1222 4029 1338 4080 ἐστι
1373 4027 1481 4079 τῶν
1512 4025 1846 4088 ἀποστόλων,

258 4122 329 4192 ἣν
366 4124 460 4173 καὶ
510 4122 537 4172 ὁ
595 4121 705 4173 τῶν
758 4121 1045 4191 μακαρίων
1091 4120 1246 4190 ἡμῶν
1302 4122 1563 4187 Πατέρων
1594 4119 1636 4149 ’δί
1690 4118 1850 4188 χορὸς

258 4213 475 4266 ἐκεῖθεν
526 4212 714 4280 μαθὼν
747 4214 1137 4281 συνετήρησεν.
1177 4211 1288 4264 Καὶ
1343 4210 1505 4280 δῆλον
1548 4209 1644 4271 ὡς,
1678 4209 1732 4260 εί
1767 4225 1849 4270 τις

257 4304 512 4357 εὐσεϐεῖν
544 4304 719 4355 ἐθέλοι
740 4304 783 4334 ⁸³
817 4305 874 4356 ἐν
898 4302 974 4371 τῷ
1001 4302 1179 4368 λέγειν
1213 4299 1342 4370 μίαν
1368 4298 1529 4367 φύσιν
1556 4297 1650 4350 τοῦ
1673 4297 1848 4364 Λόγου

252 4396 722 4465 σεσαρκωμένην,
759 4394 820 4448 τὸ
850 4394 982 4447 αὐτὸ
1010 4394 1228 4463 φρονεῖν
1268 4390 1335 4443 ἂν
1378 4387 1713 4460 χαριτωθείη
1740 4390 1852 4449 τοῖς

257 4489 357 4539 δύο
405 4486 599 4553 φύσεις
647 4485 986 4555 ἀδιαιρέτους
1039 4484 1132 4537 καὶ
1182 4482 1521 4551 ἀσυγχύτους
1568 4482 1626 4533 ὲν
1658 4478 1735 4548 τῷ
1770 4479 1851 4530 ἐνί
1886 4511 1927 4564 D

259 4577 361 4628 καὶ
388 4574 465 4643 τῷ
501 4574 649 4644 αύτῴ
682 4573 904 4643 Χριστῷ
939 4573 1207 4643 θεωροῦσί
1251 4590 1309 4626 τε
1366 4571 1459 4625 καὶ
1495 4568 1809 4633 δοξάζουσιν
1833 4584 1845 4596 ·

263 4664 316 4713 εἰ
358 4663 414 4713 δὲ
466 4663 559 4730 μὴ,
605 4662 744 4731 πρὸς
779 4661 1159 4728 ’Λπολινάριον
1193 4660 1226 4731 ἢ
1264 4660 1308 4691 ³⁸³
1357 4658 1600 4727 Εὐτυχέα
1634 4657 1851 4718 πάντως

265 4754 573 4821 δραμεῖται.
597 4754 708 4807 Καὶ
734 4753 841 4823 γὰρ
871 4751 1105 4805 ἐνταῦθα
1129 4752 1227 4821 τὴν
1257 4751 1383 4821 μίαν
1411 4750 1509 4818 μὲν
1542 4750 1701 4817 φύσιν
1731 4748 1852 4800 ἀντὶ

261 4844 363 4913 τῆς
393 4844 742 4905 ὑποστάσεως
774 4843 1052 4913 εἰρῆσθαι,
1088 4843 1147 4893 τὸ
1187 4842 1241 4893 δὲ
1275 4840 1703 4911 σεσαρκωμένην
1731 4838 1852 4890 ἀντὶ

263 4935 361 5003 τῆς
399 4936 747 5006 ἀνθρωπίνης
798 4936 1047 5004 φύσεως,
1092 4934 1164 4995 ὡς
1218 4933 1382 5002 μηδὲν
1421 4934 1710 4999 διαφωνεῖν
1758 4930 1849 4981 τὸν

264 5024 493 5090 λέγοντα
521 5025 649 5093 μίαν
684 5025 844 5094 φύσιν
868 5023 962 5076 τοῦ
987 5024 1160 5091 Λόγου
1193 5021 1625 5090 σεσαρκωμένην
1656 5020 1688 5090 ἢ
1721 5019 1848 5086 μίαν

264 5115 568 5166 ὑπόστασιν
617 5114 710 5167 τοῦ
748 5114 921 5182 Λόγου
958 5112 1306 5183 ἀνθρωπίνην
1352 5111 1512 5178 φύσιν
1546 5108 1850 5162 ἀναλαϐοῦ-

262 5222 401 5257 σαν·
435 5205 517 5258 διὺ
565 5206 660 5259 καὶ⁴
689 5207 737 5257 οἱ
789 5206 1031 5275 Πηατέρες
1073 5202 1225 5273 ἡμῶν
1276 5202 1704 5271 ὲπεξηγούμενοι
1754 5199 1851 5269 τὴν

260 5296 452 5366 φωνὴν
483 5297 808 5365 ἐπάγουσιν,
837 5298 959 5349 Οὐκ
1004 5293 1392 5363 ἀνῃρημένης
1430 5292 1539 5358 τῆς
1584 5291 1702 5344 τῶν

259 5405 426 5441 σεων
461 5385 751 5457 διαφορᾶς
778 5387 875 5440 διὰ
907 5386 951 5418 ⁸⁸
980 5385 1092 5444 τὴν
1132 5386 1374 5448 ἕνωσιν,
1403 5381 1741 5452 σωζομένης
1783 5380 1850 5433 δὲ

1320 362 1846 425 BIBLIOTHECA.
1882 388 1953 399 -
1986 362 2155 425 COD.
2198 362 2469 424 CCXXX.

251 472 470 540 ᾐτιᾶτο,
507 468 678 521 ταῦτα
710 461 777 539 ἦν
804 485 817 499 ·
859 469 887 521 ό
918 469 1101 539 μέντοι
1128 486 1190 538 γε
1230 469 1485 542 θεοφιλὴς
1521 474 1661 546 ἀνὴρ
1690 474 1846 542 λόγον

1951 475 2157 542 sipiens
2214 474 2508 528 accusabat

3402 362 3537 427 1026

2568 488 2582 525 :
2638 480 2861 527 sanctus
2914 485 3046 525 vero
3103 471 3185 525 \‘ir
3231 483 3419 526 eorum
3471 475 3537 525 de

1951 569 2151 636 quibus
2196 569 2578 630 accusabatur,
2612 565 2877 619 rationem
2922 564 3178 619 reddens.
3212 563 3387 633 primo
3413 564 3536 632 qui-

1948 640 2071 714 dem
2116 659 2513 729 comprehensa
2567 673 2689 712 esse
2727 657 2999 725 capitibus
3038 656 3219 709 omnia
3263 654 3538 725 synodaii-

1948 752 2049 805 bus
2098 752 2205 815 ait,
2254 767 2409 820 quae,
2463 760 2522 804 ut
2564 750 2939 819 recipiantur,
3001 749 3160 816 digna
3218 748 3332 801 visa
3388 755 3533 808 sunt.

1950 841 2153 897 Verum
2186 843 2366 897 dehis
2396 841 2644 912 pluribus
2680 856 2842 911 agere
2885 855 2990 893 non
3044 841 3209 909 piget.
3256 839 3367 893 lloc
3410 852 3539 892 vero

1949 935 2197 991 studiose
2254 945 2309 989 et
2364 934 2454 1003 pie
2503 935 2570 987 ad
2630 934 2892 1002 optimum
2954 948 3017 986 ac
3078 933 3532 1000 perfectissimum

1948 1025 2157 1079 exitum
2223 1024 2497 1079 adducens
2547 1040 2563 1077 :
2613 1038 2735 1076 cum
2790 1021 2915 1087 alia,
2970 1032 3081 1075 tum
3140 1038 3351 1077 sacram
3412 1022 3535 1077 iidei

1951 1127 2152 1171 nostra
2180 1116 2330 1169 addit
2359 1113 2782 1177 confessionem,
2818 1115 3058 1168 maxime
3100 1116 3375 1169 inhaerens
3406 1130 3533 1168 seu.

1952 1207 2135 1261 tentia:
2180 1208 2245 1261 de
2296 1206 2675 1261 incarnatione
2739 1204 2969 1259 Domini.
3014 1204 3068 1257 In
3104 1220 3206 1273 qua
3247 1205 3532 1258 indivisam

1950 1311 2006 1353 et
2056 1299 2452 1367 impermistam
2506 1297 2867 1367 hypostaseos
2919 1297 3149 1349 duarum
3210 1307 3532 1349 naturarum

1952 1392 2207 1445 unionem
2281 1390 2589 1458 profitetur,
2646 1399 2700 1442 et
2768 1388 3021 1455 utrinque
3079 1398 3238 1441 natas
3299 1388 3535 1441 hatrcses

1954 1484 2134 1554 gladio
2160 1483 2402 1536 dissecat
2427 1481 2690 1534 veritatis.
2722 1478 2906 1533 Utitur
2925 1487 3106 1533 autem
3136 1479 3304 1531 verbo
3334 1480 3534 1531 mistio-

1951 1577 2037 1630 nis
2068 1577 2152 1645 pie
2198 1575 2441 1643 quidem,
2495 1574 2587 1628 sed
2646 1588 2750 1627 non
2804 1572 2977 1624 utitur
3024 1571 3321 1625 secundum
3382 1570 3532 1623 insa-

1952 1684 2080 1723 num
2110 1667 2527 1734 Apollinarium,
2571 1666 2844 1734 quomodo
2873 1664 2974 1718 hac
3006 1678 3136 1717 voce
3166 1663 3239 1717 sit
3273 1662 3530 1716 utendum

1954 1770 2209 1823 testatus,
2232 1773 2409 1827 neque
2439 1757 2740 1812 secundum
2783 1756 3043 1810 audacem
3084 1755 3403 1825 Eutychem,
3436 1756 3529 1807 sed

1951 1863 2006 1905 ut
2038 1852 2118 1907 lex
2151 1852 2369 1919 pietatis
2392 1849 2657 1917 permittit
2683 1867 2694 1902 :
2722 1860 2779 1901 ut
2806 1848 2896 1915 qui
2925 1858 3108 1900 nosset
3140 1862 3309 1900 unum
3335 1846 3527 1900 Filium

1951 1945 2239 1997 hominum
2270 1952 2516 1998 nostrum
2545 1941 2727 1996 Jesum
2756 1938 3035 1993 Christum
3067 1938 3371 1999 declarare,
3390 1936 3530 1990 dua-

1948 2036 2051 2088 bus
2115 2034 2327 2089 naturis
2388 2032 2633 2085 indivisis
2685 2040 2739 2083 et
2795 2027 3099 2082 inconfusis
3163 2036 3415 2080 constare
3475 2025 3528 2077 in

1948 2124 2188 2195 perfecta
2256 2125 2603 2177 humanitate
2668 2131 2720 2174 et
2784 2120 3025 2187 perfecta
3092 2119 3428 2172 divinitate:
3472 2126 3531 2170 ut

1949 2220 2235 2289 pertnistio
2266 2216 2564 2273 secundum
2614 2212 2764 2267 illum
2809 2210 3186 2266 confusionem
3221 2226 3326 2264 non
3361 2211 3530 2279 signi-

1948 2310 2098 2375 ﬁcet,
2130 2323 2305 2377 neque
2332 2309 2550 2361 inducat
2576 2303 2900 2358 divisionem
2929 2303 3077 2356 vocis
3105 2303 3163 2355 ὲν
3183 2301 3296 2356 δύο.
3331 2302 3528 2355 Eadem

1950 2413 2131 2458 autem
2188 2402 2392 2456 sentire
2436 2400 2796 2453 Athanasium
2843 2406 2899 2449 et
2936 2394 3194 2466 Cyrillum
3247 2393 3528 2463 prmdical,

1949 2497 2043 2566 qui
2083 2511 2244 2549 unam
2285 2493 2434 2547 verbi
2468 2502 2720 2545 naturam
2752 2491 3089 2543 iucarnatam
3117 2488 3350 2541 confessi
3378 2497 3527 2542 sunt.

1950 2585 2082 2639 Cum
2127 2582 2270 2635 enim
2318 2582 2652 2632 iucarnatam
2693 2579 2963 2642 dixerunt,
3000 2586 3336 2646 assumptum
3373 2585 3531 2629 natu—

1950 2691 2064 2729 ram
2093 2673 2479 2743 praedicarunt.
2510 2672 2567 2725 In
2598 2671 2679 2725 his
2713 2686 2963 2740 pergens,
2991 2679 3048 2723 ut
3079 2679 3131 2723 et
3163 2671 3214 2723 iu
3258 2670 3380 2723 aliis
3409 2669 3531 2738 ejus

1948 2768 2170 2834 scriptis
2201 2766 2480 2820 contendit
2508 2778 2673 2833 super
2700 2768 2802 2817 hac
2831 2776 2984 2829 voce,
3024 2762 3195 2815 tribus
3235 2760 3529 2815 ostendens

1949 2858 2125 2913 modis
2173 2857 2293 2924 capi
2337 2872 2495 2925 posse
2543 2869 2730 2909 vocem
2778 2855 3137 2907 incantatam.
3182 2852 3394 2905 Etenim
3440 2854 3532 2905 in-

1948 2962 2191 3017 curuata,
2223 2966 2320 3019 pro
2366 2965 2587 3004 carnem
2633 2949 2838 3011 induta,
2887 2958 2940 3001 et
2980 2946 3141 3001 veluti
3180 2945 3352 3014 elligie
3402 2962 3534 3001 eon-

1950 3047 2206 3111 formata,
2231 3044 2689 3112 quemadmodum
2714 3042 2913 3111 267b
2937 3057 3011 3095 res
3033 3040 3309 3094 simulacri
3334 3040 3528 3101 forma,

1873 3162 1917 3219 α
1952 3141 2089 3194 sumi
2140 3141 2354 3208 possit;
2410 3138 2491 3190 vel
2530 3138 2673 3204 quod
2722 3149 2985 3189 t-ouversa
3036 3132 3184 3186 verbi
3234 3141 3424 3185 natura
3479 3133 3529 3184 in

1950 3249 2191 3295 carnem,
2245 3244 2299 3285 et
2333 3231 2486 3299 quasi
2541 3230 2817 3284 iucarnata
2875 3242 2982 3280 una
3034 3225 3236 3294 prodiit
3282 3235 3526 3276 natura:

1951 3330 2033 3381 vel
2083 3325 2222 3396 quod
2279 3342 2379 3380 una
2431 3324 2705 3379 exsistens
2755 3321 2911 3375 Verbi
2965 3330 3183 3383 natura,
3232 3318 3529 3373 secundum

1951 3420 2382 3475 incarnationem
2416 3433 2521 3471 non
2548 3416 2781 3485 amplius
2805 3430 2907 3466 una
2936 3413 3071 3475 sola,
3099 3414 3189 3466 sed
3213 3426 3335 3465 cum
3364 3424 3531 3465 carne

1949 3521 2262 3583 spectetur;
2316 3508 2918 3564 incommutabilitatem
2958 3516 3120 3574 atque
3162 3505 3529 3575 integritatem

1948 3602 2052 3655 sibi
2074 3610 2127 3655 et
2146 3611 2436 3668 assumpta:
2456 3599 2603 3652 carni
2629 3610 2984 3650 conservans.
3002 3595 3197 3648 Primae
3216 3596 3396 3663 itaque
3413 3597 3531 3647 duae

1951 3693 2382 3765 signiﬁcationes
2431 3689 2749 3760 Apollinarii
2794 3697 2849 3742 et
2887 3687 3164 3758 Eutycius,
3206 3688 3369 3739 tertia
3398 3700 3531 3738 vero

1950 3802 2018 3842 ex
2065 3795 2248 3840 mente
2298 3783 2667 3853 apostolorum
2724 3790 2846 3843 est,
2896 3794 3059 3848 quam
3100 3787 3167 3832 -et
3217 3787 3529 3833 sanctorum

1950 3880 2172 3935 Patrum
2223 3887 2539 3931 nostrorum
2587 3883 2758 3927 cattus
2799 3871 2926 3923 inde
2965 3878 3248 3923 mutuatus
3282 3869 3526 3921 retinuit.

1951 3973 2167 4026 Clarum
2213 3982 2340 4021 vero
2370 3977 2477 4031 est,
2524 3966 2567 4019 si
2600 3964 2721 4033 quis
2763 3962 2848 4031 pie
2882 3963 3089 4016 sentire
3120 3960 3265 4023 velit,
3302 3961 3530 4014 dicendo

1952 4081 2114 4117 ttnam
2138 4061 2301 4115 Verbi
2346 4067 2596 4113 naturam
2642 4058 3002 4119 iucarnalam,
3027 4054 3260 4124 gratiam
3303 4054 3532 4120 adeptu-

1952 4172 2097 4219 rum,
2122 4153 2409 4208 sentiendo
2432 4165 2552 4205 cum
2587 4148 2768 4218 iisqui
2804 4149 2937 4202 duas
2968 4155 3190 4201 naturas
3220 4145 3532 4199 iueoufusas

1955 4258 2116 4317 atque
2168 4243 2538 4314 impermistas
2581 4242 2634 4295 in
2682 4256 2791 4295 uno
2821 4250 2875 4294 et
2913 4241 3102 4294 eodem
3143 4238 3363 4293 Christo
3410 4252 3531 4292 esse

1954 4351 2009 4395 et
2029 4348 2385 4408 cognoscunt,
2414 4342 2470 4389 et
2499 4342 2768 4388 statuunt.
2805 4331 3015 4400 Alioqui
3048 4345 3169 4384 cum
3197 4329 3532 4397 Apollinario

1955 4446 2008 4489 et
2043 4433 2286 4502 Eutyche
2328 4429 2519 4483 sentit.
2566 4426 2775 4481 Etenim
2812 4440 2973 4478 unam
3018 4423 3105 4478 hic
3135 4433 3384 4476 naturam
3434 4437 3531 4488 pro

1956 4542 2181 4598 persona
2216 4524 2417 4577 dictam
2442 4534 2587 4579 esse,
2618 4517 2957 4571 Incarnatam
2996 4528 3126 4568 vero
3165 4528 3261 4583 pro
3294 4513 3527 4566 humana

1950 4628 2145 4673 natura
2177 4633 2193 4671 :
2236 4624 2295 4667 ut
2329 4612 2463 4667 nihil
2504 4610 2730 4664 intersit
2759 4609 2943 4662 dicere
2971 4621 3134 4659 unam
3176 4604 3336 4658 Verbi
3369 4614 3527 4657 natu-

1951 4726 2065 4763 ram
2096 4710 2459 4768 incantatam,
2492 4701 2576 4757 vel
2608 4715 2765 4753 uuam
2800 4698 2957 4752 Verbi
3002 4712 3288 4765 perseuam
3327 4696 3534 4749 innua—

1949 4818 2074 4854 nam
2139 4796 2501 4865 assumpsisse
2568 4802 2847 4846 naturam.
2914 4788 3280 4856 Quamobrem
3342 4787 3534 4841 Patres

1950 4894 2122 4949 nostri
2177 4893 2318 4944 hanc
2366 4901 2553 4947 vocem
2604 4882 2961 4951 explanantes
3016 4883 3285 4933 ndducunl
3338 4896 3351 4932 :
3409 4877 3530 4930 Non

1946 5008 2159 5063 sublata
2205 5012 2522 5057 naturarum
2561 4995 2858 5064 diﬂ'erentia
2890 5009 2981 5058 per
3015 4992 3279 5054 unionem,
3315 4991 3405 5043 sed
3441 5006 3532 5053 po-

1947 5104 2051 5154 tius
2093 5108 2310 5167 utraque
2352 5100 2655 5147 conservata
2698 5089 2752 5141 in
2800 5087 3010 5153 praprio
3069 5100 3274 5138 natura:
3311 5085 3531 5137 termino

1950 5204 1997 5247 et
2030 5191 2202 5254 verba,
2234 5190 2285 5241 in
2315 5203 2424 5239 uno
2465 5184 2746 5251 eodemque
2787 5179 2994 5235 Christo
3028 5177 3154 5230 Jcsu
3196 5176 3301 5229 Deo
3329 5184 3526 5227 nostra.

1951 5284 2130 5349 Quare
2164 5279 2209 5332 si
2242 5283 2563 5331 conservata
2600 5278 3032 5340 cognoscantur,
3066 5267 3279 5335 cognita
3333 5264 3529 5331 praedi-

1960 5384 2171 5435 ceutur,
2200 5383 2253 5423 et
2283 5382 2401 5439 qua:
2430 5365 2814 5433 praedicantur,
2839 5370 2893 5414 et
2918 5368 3268 5412 numerentur
3295 5372 3308 5407 :
3336 5351 3531 5422 perspi-

1548 5531 1787 5589 VARl/E
1829 5522 2236 5585 LECTIONES.

339 5666 384 5696 ³⁸
410 5665 465 5718 δὲ
489 5662 791 5723 σπουδαίως
818 5676 879 5713 τε
910 5661 951 5712 Α
989 5676 1084 5715 ετε
1117 5659 1423 5720 σπουδαίως
1462 5674 1522 5720 ς.
1586 5654 1628 5685 ³⁷
1659 5652 1898 5723 καὶίροει
1926 5641 2026 5723 οἷς.
2089 5646 2133 5723 ³’ξ
2155 5641 2290 5723 Θεοῦ
2326 5650 2380 5695 el
2406 5654 2527 5723 "19!.
2542 5636 2647 5723 3631
2664 5635 2788 5690 ΝΜ·
2825 5635 2892 5723 [ξς

264 5738 316 5768 ιθ
350 5734 572 5805 χρῆσιν]
596 5734 652 5784 τὸ
668 5700 1087 5815 σεζέιρκωμένην
1104 5700 1377 5799 ςλίιιὶιιιιε.
1406 5712 1454 5779 ’Δ
1470 5706 1602 5780 “cum
1624 5740 1684 5786 ς’.
1762 5700 1803 5751 "r'
1830 5717 2078 5786 πατέρων
2110 5713 2267 5784 ἡμῶν
2300 5729 2360 5774 ς.
2436 5709 2478 5741 ³⁸²
2512 5707 2681 5759 ἐθέλει
2717 5724 2777 5771 ς.
2853 5703 2897 5734 ⁸³
2922 5704 2954 5772 ἢ
2981 5703 3021 5754 Α
3057 5717 3073 5755 :
3101 5700 3193 5754 καὶ
3217 5716 3277 5763 ς.

274 5809 373 5860 καὶ
414 5808 483 5869 Α,
517 5807 608 5855 καὶ
646 5805 782 5869 μετά
816 5805 978 5854 rC.A.

2966 5632 3012 5664 ”
3041 5628 3449 5699 διαμερίζεσθαι
3472 5643 3533 5689 ς.

2981 5703 3021 5754 Α
3057 5717 3073 5755 :
3101 5700 3193 5754 καὶ
3217 5716 3277 5763 ς.
3353 5698 3399 5729 ’⁸⁸
3426 5694 3534 5767 διὰ]

3459 5714 3473 5747 ι
