4004 6422
563 334 698 397 1097

1650 329 1934 391 .PHOTII
1971 328 2480 390 PATRIARCHzE
2516 329 2625 390 CP.

3665 343 3772 409 1028

558 458 719 496 cuum
763 448 849 493 est
894 440 978 507 pie
1019 437 1244 493 dicendo
1278 452 1439 492 unam
1474 437 1638 493 Verbi
1681 447 1932 491 naturam
1974 439 2151 491 incar-

2255 435 2494 506 μᾶλλον
2518 436 2805 504 ἑκατέρας
2841 436 2911 489 ἐν
2939 435 3019 502 τῷ
3053 436 3183 503 ἰδίῳ
3215 432 3329 504 τῆξ
3351 442 3576 509 φύσεως
3603 447 3699 515 ὅρῳ
3727 472 3774 509 τε

559 542 765 591 natam,
798 540 854 581 et
888 529 1041 590 illud,
1069 530 1202 581 duas
1239 538 1463 581 naturas
1491 530 1541 580 in
1573 528 1772 581 unione
1809 527 2146 598 bypostatica

560 620 842 685 indivisas,
875 619 1079 672 nullam
1129 617 1487 672 diﬂ'creutiam
1533 617 1636 686 piis
1684 615 1902 672 aIIerre.
1942 615 2037 672 llis
2082 634 2147 671 ac

567 711 834 766 similibus
865 714 1037 777 prima
1073 712 1375 765 absolvitur
1402 711 1597 765 oratio.

2256 530 2355 583 καὶ
2389 531 2570 597 λόγῳ,
2621 530 2691 581 ἐν
2718 528 2798 593 τῷ
2848 529 3010 594 αὐτῷ
3046 532 3143 583 καὶ
3198 532 3287 584 ἑνί
3336 534 3554 601 Χριστῷ
3585 540 3653 604 τῷ
3677 547 3775 609 Θεῲ

2254 620 2446 690 ἡμῶν.
2481 622 2644 673 ’Ὥστε
2674 623 2721 673 εἰ
2748 622 2815 673 τὰ
2842 621 3128 692 σωζόμενα
3158 623 3258 693 μὲν
3281 624 3571 696 θεωρεῖται,
3596 634 3653 684 τὰ
3680 634 3725 686 δὲ
3741 638 3775 671 ⁸⁸

2258 712 2611 784 θεωρούμενα
2646 714 3014 784 ὁμολογεῖται,
3045 715 3082 768 ἃ
3114 714 3172 768 δὲ
3200 717 3553 786 ὁμολογεῖται,
3582 725 3664 776 καὶ
3683 726 3779 795 ἀρι-

568 808 802 877 θμεῖται,
838 810 1071 877 φανερὸν
1103 809 1182 859 ὅτι
1214 807 1273 859 τὸ
1317 807 1496 874 λέγειν
1530 806 1776 870 εὐσεϐῶς
1808 807 1937 876 μίαν
1977 806 2141 876 φύσιν
2177 808 2275 861 τοῦ
2311 809 2485 877 Λόγου
2522 811 2970 881 σεσαρκωμένην,
3029 812 3124 865 καὶ⁹
3168 810 3230 864 τὸ
3278 811 3372 865 δύο
3416 815 3596 883 φύσεις
3641 820 3782 876 ἀδιαι.

567 904 751 970 ρέτους
782 904 838 953 ἐν
870 906 935 970 τῇ
970 901 1090 953 καθ’
1121 903 1422 953 ὑπόστασιν
1450 900 1665 964 ἐνὼσει,
1702 901 1975 973 διαφορὰν
2008 902 2266 969 οὐδεμίαν
2291 906 2372 968 εἰς
2393 904 2487 958 τδν
2513 906 2609 975 τῆς
2637 904 2918 969 εὐσεϐείας
2984 908 3205 977 ἐμποιεί
3277 906 3451 976 λόγον.
3503 911 3669 967 Ταῦτα
3708 920 3783 972 καὶ

570 997 788 1051 τοιαῦτα
823 997 986 1065 ’ἐτερα
1018 996 1188 1048 εἰπὼν
1223 998 1451 1066 περατοῖ
1478 997 1568 1048 τὸν
1598 996 1647 1048 α’
1677 997 1856 1064 λόγον.

633 1092 882 1147 Secunda
923 1094 1217 1159 dogmatica
1256 1092 1591 1155 inscribitur,
1623 1107 1744 1161 quae
1777 1093 1897 1146 ﬁdei
1937 1095 2155 1160 exposi-

567 1184 766 1238 tionem
824 1186 1088 1242 οοιιιὶιιυι.
1144 1200 1265 1251 qua:
1315 1186 1400 1252 pie
1454 1195 1507 1237 et
1566 1186 1779 1238 sincere
1824 1185 1892 1239 de
1924 1187 2155 1240 veritate

566 1278 752 1339 sentit,
800 1288 849 1329 et
903 1278 1016 1329 haec
1069 1279 1135 1328 de
1179 1276 1463 1328 ineat-nato
1494 1276 1715 1330 Christo
1764 1278 1955 1330 eodem
1992 1280 2151 1332 modo

567 1380 930 1437 prosequitur,
974 1367 1411 1435 compendiosius
1443 1369 1557 1421 lnec
1596 1384 1758 1437 quam
1794 1385 1956 1438 supra
1998 1388 2158 1425 exse-

565 1476 758 1526 quens,
808 1459 939 1510 nihil
985 1469 1167 1511 tamen
1217 1459 1585 1512 accm'ationis
1633 1460 1913 1523 omittens,
1947 1471 1999 1514 et
2041 1462 2155 1515 lucc

568 1562 891 1615 percurrens
927 1548 977 1598 itt
1020 1546 1444 1599 admonitionem
1479 1548 1698 1611 desinit,
1748 1559 1801 1601 et
1834 1564 1928 1602 eos
1962 1550 2051 1616 qui
2086 1550 2154 1604 ab

565 1638 803 1691 Ecclesia
850 1654 910 1691 se
940 1650 1321 1706 segregarunt,
1364 1638 1431 1692 ad
1467 1654 1813 1693 communem
1841 1642 2155 1695 consensio-

565 1742 687 1778 nem
734 1742 990 1779 revovare
1038 1740 1288 1781 conatur.
1328 1727 1441 1781 lloc
1494 1728 1633 1781 libro
1664 1730 1759 1794 ait,
1808 1746 1994 1785 earum
2032 1747 2155 1801 qua:

565 1819 617 1869 itt
654 1818 893 1871 Ecclesia
949 1829 1073 1871 sunt
1106 1835 1135 1871 a
1176 1818 1336 1874 Verbi
1388 1822 1652 1875 ministris
1683 1823 1896 1876 tradita:
1949 1823 2157 1877 doetri-

565 1926 669 1975 na',
719 1911 967 1979 quaedam
1015 1913 1267 1980 dogmata
1305 1920 1452 1977 sunt,
1485 1915 1731 1982 quaedam
1785 1916 2054 1981 prseconia
2102 1925 2158 1969 et

564 2002 867 2058 differentia
920 2022 933 2057 :
983 2005 1231 2073 dogmata
1271 2006 1471 2074 268a
1518 2024 1640 2059 cum
1702 2008 2066 2061 occultatione
2101 2018 2158 2062 et

564 2095 832 2163 sapientia
880 2095 1250 2158 declarantur,
1304 2108 1355 2150 et
1405 2098 1725 2153 obscuritati
1785 2115 1927 2168 saepe
1971 2101 2039 2153 de
2073 2101 2154 2153 in—

565 2188 771 2241 dustria
817 2189 1189 2255 involvuntur,
1239 2204 1305 2241 ne
1346 2189 1589 2259 profanis
1619 2192 1727 2244 sint
1761 2201 1951 2245 sancta
1996 2208 2155 2259 expo-

565 2278 692 2342 sita,
748 2289 804 2332 et
859 2281 1171 2349 margarita:
1220 2283 1399 2348 porcis
1452 2282 1824 2351 objiciuntur:
1881 2287 2152 2352 prmeonia

564 2370 683 2422 sine
714 2370 815 2422 tilla
847 2371 1181 2425 obscuritate
1212 2373 1485 2435 dicuntur,
1519 2385 1574 2425 et
1602 2388 1663 2426 ea
1701 2374 2006 2441 praesertim
2032 2390 2155 2443 qua:

564 2463 635 2517 de
672 2474 1063 2531 praeceptorum
1099 2474 1153 2517 et
1196 2465 1390 2517 divinze
1425 2467 1742 2519 reverentiae
1773 2468 2154 2523 observatione

567 2567 821 2610 tractant.
863 2556 994 2611 Esse
1046 2565 1304 2624 praeterea
1355 2558 1607 2627 dogmata
1657 2560 1905 2627 quzedam
1959 2560 2157 2614 obseu-

568 2645 734 2707 riora,
769 2662 888 2713 qua:
935 2649 1185 2710 omnino,
1240 2659 1297 2701 ut
1328 2650 1399 2701 ita
1438 2650 1693 2715 dixerim,
1728 2661 1977 2706 tacentur
2012 2671 2025 2707 :
2062 2669 2153 2706 so—

564 2740 631 2792 lis
680 2754 809 2792 vero
851 2739 959 2791 illis
1003 2741 1232 2809 mystice
1292 2743 1508 2804 tradita,
1562 2742 1653 2810 qui
1712 2743 1895 2798 lideles
1950 2744 2154 2800 habent

565 2830 914 2898 spiritualetn
965 2833 1289 2900 sapientiam
1327 2849 1423 2901 per
1479 2833 1715 2888 Verbum
1754 2836 1953 2891 vivum.
2006 2836 2153 2891 Praf-

567 2932 717 2976 terea
752 2924 1157 2977 distinctionem
1195 2940 1407 2987 eorum,
1446 2941 1569 2994 qua:
1602 2927 1670 2979 de
1699 2926 1922 2982 Christo
1958 2928 2151 2982 dicun-

567 3024 675 3077 tur,
697 3016 843 3077 facit,
874 3016 1117 3082 quaedam
1150 3032 1332 3069 revera
1361 3027 1415 3070 et
1446 3025 1663 3086 proprie
1690 3019 1833 3072 dicta
1858 3035 2110 3073 asserens
2137 3039 2150 3074 :

2345 1094 2404 1147 Ὁ
2426 1093 2483 1147 δὲ
2519 1092 2563 1163 βο
2593 1090 2962 1161 ἐπιγράφεται
2996 1090 3094 1158 μὲν
3129 1088 3502 1160 δογματικὸς,
3530 1093 3718 1150 ἔκθεσιν
3741 1100 3785 1154 δὲ

2259 1188 2353 1241 καὶ
2386 1180 2543 1249 οὗτος
2574 1184 2909 1252 ἀπαγγέλλει
2943 1184 3179 1246 πίστεως
3201 1201 3215 1215 σ
3250 1178 3361 1257 ἐνῇ
3388 1186 3487 1255 τήν
3526 1203 3581 1239 τε
3618 1190 3786 1259 Τριάδα

2260 1278 2672 1347 εὑσεὸοφρόνως
2714 1276 2959 1345 θεολογεῖ
2987 1275 3081 1328 καὶ
3128 1276 3197 1327 τὰ
3230 1277 3362 1346 περ)⁸
3400 1277 3496 1347 τὴν
3524 1280 3789 1351 οἰκονομίαν

2264 1372 2467 1441 ὁμοίως
2494 1370 2739 1435 διέξεισι,
2784 1368 3254 1438 συνοπτικώτερον
3301 1369 3399 1438 μὲν
3432 1370 3463 1439 ῆ
3506 1373 3560 1423 ἐν
3583 1372 3654 1441 τῷ
3684 1391 3790 1444 προ.

2255 1464 2576 1533 τεταγμένῳ
2607 1462 2781 1515 ταῦτα
2830 1462 3066 1527 διεξιὼν,
3104 1462 3257 1514 οὐδὲν
3302 1462 3483 1531 μέντοι
3529 1464 3619 1533 τῆς
3660 1466 3788 1536 ἀκρι.

2258 1555 2411 1617 ϐείας
2435 1554 2744 1623 καθυφιείς.
2788 1555 2898 1607 Καὶ
2917 1554 3093 1608 ταῦτα
3122 1554 3437 1626 διαδραμὼν
3467 1556 3544 1619 είς
3573 1559 3792 1627 παραίνε-

2260 1664 2344 1699 σιν
2392 1646 2639 1715 περαίνει
2675 1646 2776 1717 τὴν
2823 1646 3081 1717 σπουδὴν,
3118 1647 3184 1700 δι’
3214 1641 3283 1718 ἦς
3320 1648 3447 1711 τοὺς
3474 1648 3570 1717 τῆς
3602 1650 3792 1719 Ἐκκλη-

2186 1766 2229 1821 B
2260 1736 2381 1799 σίας
2436 1735 2562 1808 [459
2590 1735 2685 1808 Η.]
2747 1736 3159 1805 ἀποφοιτῶντας
3200 1738 3299 1806 τὴν
3350 1738 3532 1806 κοινὴν
3580 1740 3792 1807 ὁμόνοιαν

2263 1826 2618 1879 ἀσπάσασθαι
2650 1825 2985 1895 παρακαλεῖ.
3032 1826 3119 1877 Ἐν
3149 1824 3323 1894 τούτῳ
3368 1825 3446 1894 τῷ
3484 1825 3621 1895 λόγῳ
3663 1830 3793 1896 φησὶν

2259 1914 2334 1979 ῶς
2368 1914 2475 1967 τῶν
2502 1916 2561 1967 ἐν
2590 1918 2656 1985 τῇ
2707 1914 3007 1984 Ἐκκλησία
3045 1912 3497 1984 παραδιδομένων
3524 1914 3568 1946 ⁸⁸
3598 1916 3690 1969 ὑπὸ
3710 1919 3793 1969 τῶν

2262 2006 2553 2077 ὑπηρετῶν
2571 2006 2666 2059 τοῦ
2684 2007 2859 2073 Λόγου
2893 2004 3241 2074 διδαγμάτων
3262 2005 3330 2057 τὰ
3367 2006 3467 2074 μέν
3501 2006 3610 2059 ἐστι
3629 2007 3794 2077 δόγμα-

2259 2117 2348 2163 τα,
2396 2099 2465 2151 τὰ
2501 2099 2558 2151 δὲ
2592 2096 2949 2168 κηρύγματα.
2994 2098 3103 2150 Καὶ
3138 2098 3169 2166 ἡ
3205 2096 3464 2167 διαφορὰ,
3504 2098 3571 2151 τὰ
3615 2099 3702 2168 μὲν
3731 2100 3795 2153 δό-

2259 2207 2446 2260 γματα
2496 2190 2611 2260 μετ’
2662 2188 3016 2257 ἐπικρύψεως
3056 2188 3148 2240 καὶ
3181 2189 3373 2256 σοφίας
3414 2190 3791 2257 ἀπαγγέλλεται,

2260 2282 2353 2335 καὶ
2381 2283 2482 2349 τὴν
2513 2281 2783 2348 ἀσάφειαν
2806 2278 3063 2341 πολλάκις
3087 2277 3402 2348 ἐξεπίτηδες
3433 2279 3792 2349 πριῦἀλλεται,

2257 2374 2333 2436 ὼς
2355 2373 2421 2426 ἂν
2449 2371 2523 2443 μὴ
2556 2372 2800 2441 βεϐήλοις
2828 2366 2937 2423 εἷεν
2967 2371 3036 2424 τὰ
3071 2370 3203 2438 ἆγια
3250 2370 3450 2424 ἔκθετα
3483 2373 3575 2424 καὶ
3603 2373 3649 2425 oi
3687 2390 3795 2443 μειρ-

2260 2468 2485 2536 γαρίται
2513 2468 2625 2528 τοῖς
2664 2463 2869 2534 χοίροις
2902 2464 3279 2533 προκείμενοι,
3311 2465 3379 2517 τὰ
3413 2464 3470 2516 δὲ
3509 2465 3794 2536 κηρύγματα

2258 2556 2428 2627 χωρίς
2458 2573 2601 2617 τινος
2642 2554 2991 2624 ἐπικρύψεως
3016 2553 3442 2621 ἀπαγγέλλεται,
3481 2556 3571 2609 καὶ
3603 2556 3795 2625 μάλιστα

2256 2651 2357 2703 ὅσα
2386 2650 2465 2711 είς
2510 2649 2666 2717 λόγον
2709 2646 2940 2699 ἐντολῶν
2970 2646 3065 2698 καὶ
3111 2647 3256 2700 θείου
3292 2646 3463 2715 φόϐου
3505 2650 3795 2719 συντήρησιν

2257 2740 2611 2810 ἀναφέρεται.
2637 2735 2795 2791 Εἶναι
2815 2739 2872 2791 δὲ
2903 2739 2997 2791 καὶ
3022 2738 3133 2792 τῶν
3162 2738 3451 2809 δογμάτων
3477 2740 3553 2792 ἔτι
3579 2741 3688 2793 τινὰ
3711 2759 3795 2809 μυ-

2259 2832 2586 2904 στικώτερα,
2609 2832 2645 2886 ἃ
2673 2831 2955 2895 παντελῶς
2983 2833 3058 2895 ὡς
3090 2833 3150 2883 τὸ
3179 2833 3309 2894 ἔπος
3334 2832 3500 2902 φάναι
3536 2834 3794 2904 σεσίγηται,

2256 2928 2489 2990 ἐκείνοις
2530 2927 2587 2979 δὲ
2629 2926 2810 2997 μόνοις
2844 2925 3126 2996 μυστικῶς
3176 2926 3559 2996 παραδέδοται,
3592 2928 3638 2981 οἳ
3668 2927 3705 2958 ⁸⁷
3729 2926 3795 2979 διὰ

2257 3020 2434 3089 Λόγου
2456 3018 2656 3083 ζῶντος
2694 3019 2877 3087 ἔχουσι
2906 3022 3292 3088 πνευματικὴν
3326 3020 3523 3088 σοφίαν
3556 3023 3738 3083 πιστοῖς
3761 3020 3796 3051 ⁸³

572 3107 678 3158 alia
709 3122 806 3174 per
840 3110 1348 3174 transumptionem.
1386 3108 1689 3176 Capiuntur
1719 3112 1861 3163 enim
1901 3128 1929 3163 ιι
1974 3113 2148 3176 nobis,

2257 3110 2429 3164 ταῦτα
2463 3110 2863 3180 παρατίθεσθαι
2891 3109 2957 3166 ⁸⁸.
2991 3111 3115 3163 Ἔτι
3164 3112 3221 3162 δὲ
3276 3111 3560 3180 διαστολὴν
3588 3110 3684 3164 τῶν
3726 3112 3796 3163 ἐπὶ

564 3198 1021 3265 quemadmodum
1057 3200 1172 3268 ipse
1200 3211 1360 3268 caput
1387 3200 1456 3253 sit
1485 3203 1764 3267 omnium,
1796 3219 1913 3270 quzr
1942 3219 1972 3255 a
2006 3205 2160 3259 nobis

564 3289 838 3354 dieuntur,
876 3301 1181 3358 peccatum,
1237 3292 1617 3354 maledictum,
1650 3302 1704 3345 et
1733 3293 1777 3345 si
1808 3310 1909 3360 qua
1939 3295 2158 3349 similia.

565 3384 657 3436 Ait
691 3384 832 3437 enim
864 3385 1151 3453 Apostolus
1184 3401 1198 3438 :
1235 3384 1341 3450 Qui
1374 3402 1474 3438 non
1504 3398 1711 3441 noverat
1742 3398 2035 3454 peccatum,
2064 3404 2159 3454 pro

567 3476 716 3529 nobis
740 3493 1005 3543 peccatum
1033 3478 1153 3545 fecit
1176 3486 1224 3529 ι’.
1252 3478 1315 3531 Et
1338 3477 1532 3532 iterum
1565 3496 1577 3532 :
1612 3479 1857 3533 Christus
1892 3497 1985 3532 nos
2014 3482 2161 3533 rede-

568 3569 660 3620 mit
696 3586 726 3620 α
755 3569 1034 3621 maledicto
1060 3569 1209 3638 legis,
1235 3571 1406 3639 factus
1431 3589 1524 3638 pro
1549 3573 1696 3625 nobis
1737 3572 2074 3625 maledictum
2106 3580 2154 3629 ³.

564 3660 661 3716 Sic
692 3672 745 3717 et
779 3662 1200 3717 inobedientiam
1259 3674 1499 3717 nostram
1549 3673 1604 3717 et
1660 3665 2043 3733 ignorantiam,
2098 3674 2157 3718 ιιι

562 3768 728 3823 caput
760 3757 958 3826 integri
1010 3756 1258 3825 corporis
1308 3756 1635 3823 suscepisse.
1696 3756 1763 3809 Et
1812 3749 1965 3819 illud,
2012 3754 2154 3808 Deus

564 3867 731 3912 meus,
754 3850 891 3903 Deus
916 3866 1082 3915 meus,
1140 3849 1326 3918 utquid
1368 3850 1693 3918 dereliquisti
1732 3850 1851 3904 me?
1882 3866 1976 3918 per
2010 3848 2153 3902 inef-

562 3943 783 3997 fabilem
814 3958 1079 4005 amorem,
1108 3953 1291 3995 nostra
1323 3950 1583 4013 tanquattt
1611 3957 1708 3994 sua
1742 3940 2056 4008 assumpsit.

2258 3202 2499 3273 Χριστοῦ
2550 3202 2863 3273 λεγομένων
2911 3204 3172 3265 ποιεῖται,
3204 3202 3274 3254 τὰ
3322 3202 3425 3271 μὲν
3479 3201 3683 3273 ἀληθῶς
3725 3202 3796 3253 καῖ

2258 3296 2463 3365 κυρίως
2506 3295 2900 3365 ὑποτιθέμενος
2943 3294 3222 3363 λέγεσθαι,
3265 3294 3334 3347 τὰ
3366 3294 3427 3346 δὲ
3474 3295 3606 3347 κατᾶ
3636 3296 3797 3360 ἀναφο-

2261 3388 2381 3459 ράν.
2411 3387 2771 3458 Ἀναφέρεται
2801 3386 2908 3457 γὰρ
2934 3387 3025 3456 ἀφ’
3057 3387 3235 3457 ἡμῶν,
3266 3388 3340 3449 ὡς
3364 3386 3606 3457 κεφαλῆς
3628 3388 3795 3439 ἐκείνου

2258 3482 2478 3533 πάντων
2511 3480 2669 3548 ἡμῶν
2704 3478 3081 3547 ἀνασχομένου
3125 3476 3252 3549 [856
3294 3477 3388 3549 IL]
3413 3478 3676 3545 γενέσθαι,
3701 3479 3729 3547 ἦ
3754 3494 3797 3529 τε

2262 3572 2505 3641 ἁμαρτία
2545 3571 2637 3622 καὶ
2665 3572 2698 3640 ἡ
2732 3570 2943 3640 κατάρα
2993 3571 3088 3622 καὶ
3118 3571 3220 3625 ὅσα
3264 3572 3637 3642 παραπλήσια.
3664 3573 3795 3639 Λέγει

2259 3665 2369 3733 γὰρ
2395 3664 2423 3714 ὁ
2452 3661 2793 3727 Ἀπόστολος,
2826 3662 2936 3715 Τὸν
2952 3661 3036 3731 μὴ
3055 3662 3100 3693 ⁸⁰
3132 3664 3352 3732 γνόντα
3374 3665 3661 3733 ἁμαρτίαν
3679 3663 3799 3728 ὑπὲρ

2258 3754 2429 3824 ἡμῶν
2476 3755 2772 3823 ἁμαρτίαν
2820 3754 3106 3821 ἐποίησε·
3150 3756 3245 3808 καὶ
3285 3756 3470 3823 πάλιν,
3523 3755 3795 3824 Χριστός³¹

2257 3846 2416 3916 ἡμᾶς
2451 3847 2827 3915 ἐξηγόρασεν
2865 3848 2934 3899 ἐκ
2982 3845 3094 3915 τῆς
3155 3845 3420 3915 κατάρας
3469 3847 3573 3901 τοῦ
3625 3848 3795 3913 νόμου,

2256 3940 2579 4008 γενόμενος
2636 3936 2789 4005 ὑπὲρ
2828 3935 2998 4005 ἡμῶν
3040 3935 3288 4005 κατάρα.
3344 3937 3505 3991 Οὕτω
3544 3938 3598 3991 δὲ
3642 3934 3798 3989 καὶτὸ

561 4037 939 4089 ἀνυπότακτον
986 4034 1147 4105 ήμῶν
1199 4037 1292 4089 καὶ
1323 4036 1421 4106 τὴν
1472 4035 1715 4103 ἄγνοιαν,
1769 4034 1846 4097 ὡς
1894 4032 2138 4102 κεφαλὴν
2162 4030 2257 4084 τοῦ
2292 4030 2414 4083 ὅλου
2448 4029 2720 4100 σώματος,
2754 4028 3133 4099 ἀναδέχεσθαι,
3155 4027 3250 4081 καὶ
3281 4030 3361 4092 τὸ,
3412 4027 3521 4081 Θεέ
3558 4045 3688 4096 μου,
3718 4022 3799 4075 Θεέ

558 4149 698 4201 μου,
724 4133 825 4185 ἵνα
857 4137 911 4185 τι
943 4148 1020 4201 με
1048 4133 1475 4199 ἐγκατέλιπες-ς
1503 4132 1580 4183 Δι’
1605 4132 1809 4200 ἄφατον
1842 4128 2256 4200 φιλανθρωπίαν
2276 4126 2351 4189 ὼς
2383 4124 2579 4178 ἑαυτοῦ
2617 4124 2687 4176 τὰ
2710 4124 2964 4193 ἡμέτερα
2985 4122 3382 4191 οἰκειούμενον.

629 4223 816 4278 Tertia
866 4225 1044 4277 oratio
1075 4226 1334 4277 adversus
1359 4224 1756 4277 calumniantes
1786 4233 2002 4277 sanctos
2052 4221 2156 4274 Pa-

562 4327 673 4370 tres
720 4328 774 4370 et
817 4316 1109 4369 concilium
1154 4315 1601 4369 Cltaleedouense
1651 4315 1915 4368 decertat.
1971 4312 2156 4365 Primo

558 4417 688 4464 νει-ο
724 4410 986 4479 epistolas
1036 4409 1103 4462 ad
1146 4410 1483 4463 Succensmn
1519 4424 1547 4462 a
1579 4408 1739 4462 beato
1786 4406 1991 4476 Cyr-illo
2017 4420 2152 4460 cen-

555 4504 809 4572 scriptas,
844 4512 897 4555 et
944 4518 1066 4571 qua:
1112 4503 1214 4555 huc
1261 4503 1538 4571 pertinere
1567 4500 1821 4553 videntur
1865 4498 2147 4565 diiudicat.

554 4594 767 4648 Etenim
806 4593 1108 4646 adversarii
1143 4592 1210 4645 ab
1242 4591 1548 4659 linjusntodi
1611 4591 1836 4644 vocibus
1882 4602 2139 4657 tanquam

553 4701 584 4739 a
628 4695 773 4739 turre
816 4686 1049 4754 quadam
1093 4686 1355 4740 adversus
1398 4687 1649 4752 dogmata
1688 4684 1906 4753 pietatis
1957 4685 2141 4736 incur-

553 4790 699 4833 runt.
737 4779 872 4833 Ilinc
901 4788 953 4832 et
986 4779 1123 4836 alias
1158 4779 1461 4833 calumnias
1500 4777 1717 4832 refellit.
1765 4778 2141 4832 Namlnereti-

549 4886 739 4926 corum
766 4871 1075 4938 Opinionem
1106 4872 1340 4939 primum
1366 4871 1589 4940 quidem
1620 4874 1873 4941 proponit
1896 4875 2138 4926 secunda

550 4960 775 5027 epistola
825 4963 891 5015 ad
927 4960 1284 5027 Snceensnm,
1341 4977 1463 5031 qua:
1504 4963 1607 5025 ait,
1639 4962 1823 5016 dicere
1856 4964 1991 5016 duas
2018 4981 2142 5019 esse

549 5060 773 5104 naturas
818 5051 1076 5105 indivisas
1126 5060 1248 5119 post
1298 5052 1582 5113 unionem,
1630 5052 1972 5105 contrarium
2023 5067 2144 5106 esse

546 5144 612 5197 iis
653 5144 744 5211 qui
786 5158 950 5197 uuam
1008 5143 1170 5198 Verbi
1225 5152 1476 5195 naturam
1535 5143 1874 5196 incantatam
1933 5144 2137 5198 colunt.

542 5235 744 5289 Contra
801 5250 940 5303 quos
992 5233 1243 5287 veritatis
1300 5245 1565 5292 patronus
1634 5233 1875 5299 disserit,
1934 5245 1991 5288 ut
2045 5234 2136 5304 qui

616 5377 640 5406 ι
675 5366 715 5420 ll
749 5366 876 5421 Cor.
911 5381 963 5431 ι’,
997 5366 1085 5419 21.
1173 5376 1192 5404 τ
1222 5366 1397 5421 Galat.
1434 5380 1520 5427 Ill,
1558 5366 1645 5421 i3.
1687 5370 1702 5403 ⁸
1742 5366 1885 5422 Psal.
1916 5383 2029 5434 χιι,
2066 5369 2135 5433 1;

2339 4218 2398 4270 Ὀ
2433 4219 2489 4270 δὲ
2524 4223 2571 4285 γ’
2613 4216 2772 4283 λόγος
2823 4214 2966 4268 κατὰ
2992 4212 3099 4265 τῶν
3152 4213 3674 4284 συκοφαντησάντων
3701 4211 3799 4272 τοὺς

2257 4312 2445 4377 ἁγίους
2476 4309 2728 4379 Ιῐατέρας
2759 4308 2854 4360 καὶ
2894 4306 2994 4378 τὴν
3026 4308 3083 4359 ἐν
3110 4305 3419 4375 Καλχηδόνι
3453 4306 3661 4358 σύνοδον
3686 4305 3799 4371 ἀγωο

2252 4404 2481 4467 νίξεταιο
2510 4402 2623 4454 Καὶ
2669 4401 2887 4471 πρῶτον
2936 4399 3034 4469 μὲν
3068 4398 3167 4461 τὰς
3211 4397 3349 4469 πρὸς
3389 4395 3677 4450 Σούκενσον
3707 4396 3800 4445 ἐπι-

2252 4498 2467 4560 στολὰς,
2490 4497 2547 4549 αἳ
2586 4495 2664 4565 τῷ
2688 4495 2944 4566 μακαρίῳ
2968 4492 3222 4564 Κυρίλλῳ
3251 4495 3590 4564 ἐγράφησαν,
3616 4491 3700 4544 καὶ
3723 4489 3799 4541 ὅσα

2249 4589 2387 4643 ἄλλα
2412 4586 2635 4649 ταύταις
2668 4584 2983 4655 συντρέχειν
3014 4582 3254 4647 δοκοῦσι,
3275 4584 3571 4654 διευκρινεί
3594 4578 3800 4653 (καὶγὰρ

2250 4682 2298 4734 οἱ
2331 4681 2398 4734 δι’
2429 4680 2681 4742 ἐναντίας
2716 4677 2825 4731 ἀπὸ
2848 4677 2954 4730 τῶν
2985 4676 3242 4729 τοιούτων
3266 4676 3481 4745 φωνῶν,
3510 4675 3688 4744 ὥσπερ
3715 4670 3801 4723 ἀπό

2250 4791 2397 4836 τινος
2452 4770 2826 4842 ἀκροπόλεως,
2879 4769 3239 4840 κατατρέχειν
3271 4768 3380 4820 τῶν
3417 4767 3521 4838 τῆς
3558 4763 3801 4820 εὐσεϐείας

2253 4865 2541 4934 δογμάτων
2572 4863 2994 4933 φρυάττονται),
3051 4863 3245 4915 ἔπειτα
3296 4861 3353 4913 δὲ
3402 4860 3621 4920 καὶτὰς
3660 4853 3798 4913 ἄλλας

2252 4958 2626 5027 συκοφαντίας
2656 4956 3121 5020 ἀποσκευάζεται.
3158 4954 3231 5008 Τὸ
3269 4953 3367 5025 μὲν
3418 4950 3510 5006 οὖν
3561 4946 3799 5021 αἱρετικὸν

2250 5050 2506 5120 φρόνημα
2550 5050 2768 5120 πρῶτον
2813 5049 2911 5118 μὲν
2948 5047 3216 5120 προτείνει
3271 5046 3373 5116 τῆς
3411 5045 3660 5114 δευτέρας
3688 5037 3797 5107 πρὸς

2251 5142 2553 5196 Σούκενσον
2594 5142 2886 5209 ἐπιστολῆς
2932 5143 3129 5212 χρῆσιν
3160 5142 3228 5203 ⁵⁸,
3264 5141 3384 5211 ἥτις
3420 5142 3481 5193 τὸ
3528 5140 3616 5192 δύο
3649 5135 3797 5199 λέγειν

2250 5232 2442 5301 φύσεις
2474 5233 2818 5303 ἁδιαιρέτους
2855 5232 2994 5303 μετὰ
3047 5232 3146 5303 τὴν
3179 5233 3373 5286 ἕνωσιν
3423 5228 3655 5284 ἐναντίον
3682 5217 3795 5277 εἷναί

2229 5368 2407 5423 ιιιιιιιι.
2431 5385 2581 5433 xxvi,
2614 5371 2701 5425 46.

1837 5523 2074 5580 VARUE
2106 5524 2508 5585 LECTIONES.

606 5641 651 5671 bl
674 5638 743 5711 ,δὲ
779 5641 901 5695 ηαδ,
926 5641 992 5696 Α,
1069 5641 1115 5671 ⁸⁸
1148 5640 1600 5711 παραδεδομένων
1628 5642 1693 5696 Α.

536 5710 816 5777 ρστίθεται
848 5715 913 5763 Α.
990 5712 1034 5743 δ⁰
1070 5712 1161 5765 τὸν
1221 5710 1316 5781 μὴ]
1354 5710 1574 5767 110οΓ.
1627 5730 1675 5778 v,
1731 5714 1821 5768 21.

1777 5642 1821 5723 ξτ
1845 5638 2034 5723 diog;
2063 5660 2208 5723 corr.

1900 5717 1942 5745 δ’
1977 5715 2237 5788 Χριστὸς]
2261 5714 2382 5771 Gal.
2414 5733 2497 5781 ιιι,
2530 5716 2614 5770 15.

2376 5643 2422 5677 ⁴⁸
2444 5645 2627 5699 πιστοὶ
2657 5645 2698 5700 C
2732 5662 2745 5697 :
2784 5644 3014 5699 fortasse
3046 5644 3325 5713 legendum
3349 5640 3571 5703 πιστῶς.
3643 5638 3682 5670 δ’
3705 5651 3789 5689 πα-

2690 5714 2738 5747 ⁸³
2771 5716 2967 5785 χρῆσιν
2996 5714 3085 5771 AC
3114 5733 3128 5769 :
3160 5714 3351 5785 χρῆσις
3383 5731 3439 5778 ς.
