4004 6474
305 415 449 479 1029

1352 416 1879 481 BIBLIOTHECA.
1920 440 1988 450 -·-
2029 414 2190 476 COD.
2224 413 2494 478 CCXXX.

3454 417 3590 482 1030

302 531 445 594 φησι
475 525 589 594 τοῖς
620 524 749 594 μίαν
782 525 1144 596 πρεσϐεύουσι
1169 525 1264 580 τοῦ
1298 527 1473 596 Λόγου
1504 526 1664 597 φύσιν
1701 541 1888 594 σεσαρ-

2004 539 2167 578 unam
2223 523 2389 578 Verbi
2452 532 2706 579 naturam
2761 523 3100 579 incarnatam
3159 523 3380 590 docent,
3441 525 3588 579 clara

302 615 584 686 κωμένην.
614 611 710 680 Οἷς
755 617 1152 688 ἁνθυποφέρων
1198 619 1226 670 ό
1261 620 1563 690 συνήγορος
1607 618 1757 687 λέγει
1801 617 1900 688 τῆς

299 706 589 776 ἀληθείας,
609 707 686 770 ὡς
718 709 768 759 οἱ
800 709 928 778 μίαν
957 709 1052 762 τοῦ
1083 711 1257 778 Λόγου
1281 709 1446 780 φύσιν
1471 711 1900 782 σεσαρκωμένην

299 798 628 865 δδξάζοντες
652 803 797 870 σαφῆ
825 801 924 871 μὲν
952 801 1233 870 βούλονται
1258 802 1346 855 διὰ
1379 802 1478 872 τῆς
1509 803 1695 873 φωνῆς
1728 806 1900 858 ποιεῖν

299 889 409 960 τὴν
446 888 568 941 καθ’
607 890 907 943 ὑπόστασιν
958 891 1153 944 ἕνωσιν
1183 893 1251 959 ⁵³,
1287 893 1383 945 καὶ
1431 893 1506 958 ὡς
1541 895 1569 946 ὁ
1597 895 1770 962 Λόγος
1801 896 1900 947 οὐκ

300 977 598 1048 ἄνθρωπον
631 972 1054 1049 προϋποστάντα
1100 983 1438 1052 προσέλαϐεν
1487 984 1623 1038 ἀλλὰ
1656 984 1793 1054 σὰρξ
1823 984 1900 1046 ὡς

298 1069 528 1139 ἀληθῶς
576 1070 839 1138 γέγονεν’
877 1073 909 1140 ἡ
953 1072 1006 1124 δὲ
1057 1074 1158 1124 οὐκ
1190 1073 1414 1143 ἐξαρκεῖ
1450 1075 1544 1126 τοῦ
1597 1075 1898 1146 μυστηρίου

298 1159 482 1225 δεῖξαι
515 1159 577 1211 τὸ
615 1160 842 1213 τέλειον.
874 1161 985 1214 Ποῦ
1035 1165 1144 1232 γὰρ
1175 1163 1289 1216 ἔστι
1322 1164 1411 1218 διὰ
1458 1166 1558 1234 τῆς
1588 1166 1769 1234 φωνῆς
1799 1165 1896 1217 λα-

300 1246 428 1301 δεῖν
452 1249 564 1301 εἴτε
598 1248 844 1318 ἔμψυχος
873 1245 940 1320 ῆν
965 1252 997 1320 ἡ
1037 1251 1414 1321 ἀναληφθεῖσα
1454 1254 1644 1322 σριρξῆ
1682 1255 1775 1324 μὴ,
1805 1257 1898 1307 καὶ

303 1342 359 1392 εξ
387 1341 758 1408 ὲσχημὰτιστο
795 1341 956 1410 μόνον
999 1345 1065 1414 τῇ
1111 1345 1276 1415 σαρκὶ
1312 1346 1344 1415 ἢ
1389 1346 1606 1415 ἀληθῶς
1634 1346 1897 1414 ἐπεφύκει

303 1429 484 1498 σάρξς
518 1430 682 1482 πόθεν
712 1431 755 1482 δ’
806 1432 887 1484 ὅτι
936 1433 1119 1487 τέλεια
1149 1435 1182 1506 ἢ
1216 1437 1298 1488 ὅτι
1335 1436 1618 1506 ἀσύγχυτα
1652 1437 1719 1490 τὰ
1769 1456 1897 1492 συν-

299 1520 534 1574 ελθόντα
575 1522 994 1591 μεμενήκασιν;
1045 1526 1199 1578 οὐδὲν
1242 1529 1351 1597 γὰρ
1400 1528 1606 1581 τούτων
1651 1529 1896 1599 διευκρι-

297 1611 540 1682 νημένον
573 1612 720 1665 ἔστιν
765 1612 822 1676 ἐξ
857 1615 1025 1684 αὐτῆς
1058 1617 1260 1687 εὑρεῖν.
1307 1619 1406 1671 Διὰ
1447 1619 1603 1672 τοῦτο
1648 1621 1755 1690 γὰρ
1801 1622 1894 1673 καὶ

318 1703 690 1774 Ἀπολιναρίῳ
719 1705 814 1757 καὶ
852 1707 1084 1777 Εύτυχεῖ
1100 1710 1160 1760 τὸ
1181 1711 1550 1780 προκείμενον
1575 1715 1773 1782 χωρίον
1798 1731 1895 1766 πε-

300 1792 694 1862 ριπτύσσεται,
715 1794 794 1864 τῷ
827 1797 925 1864 μὲν
954 1798 1236 1867 συγχέοντι
1261 1799 1332 1852 τὰ
1361 1802 1703 1868 συνελθόντα,
1738 1805 1896 1856 Ἀπο-

295 1882 533 1954 λιναρίῳ
576 1884 633 1936 δὲ
679 1885 886 1956 ἄψυχον
917 1889 1016 1957 τὴν
1069 1890 1250 1959 σάρκα
1306 1891 1433 1963 [440
1476 1893 1570 1965 Η.]
1622 1895 1890 1964 φανταζο-
1926 1874 1967 1928 Β

301 1975 478 2044 μένῳ.
528 1975 687 2028 Ἀλλὰ
737 1977 834 2030 καὶ
885 1979 1126 2032 Μάνεντι
1161 1981 1316 2049 φίλον
1361 1984 1395 2052 ἡ
1427 1985 1600 2052 φωνὴ,
1647 1986 1888 2054 σχήματι

299 2067 402 2118 καὶ
433 2067 704 2137 φαντασίᾳ
728 2067 830 2138 τὴν
864 2069 1289 2141 ὲνανθρώπησιν
1319 2073 1632 2129 πλάττοντι.
1665 2078 1727 2128 Οἱ
1762 2077 1890 2145 μένο

297 2173 391 2210 τοι
414 2175 476 2225 γε
507 2157 553 2189 ⁵⁸
588 2157 839 2226 λέγοντες
876 2160 968 2213 δύο
998 2162 1190 2230 φύσεις
1237 2164 1574 2235 ἁδιαιρέτους
1603 2165 1888 2236 ἀσύγχυτα

304 2251 411 2318 μὲν
453 2252 521 2302 τὰ
553 2251 880 2306 συνελθόντα
932 2253 1316 2322 φυλάττουσιν,
1365 2256 1474 2309 οὐδ’
1513 2251 1659 2310 οὗτοι
1705 2261 1888 2326 μέντοι

297 2341 394 2394 διὰ
422 2342 529 2393 τῶν
562 2341 742 2394 αὐτῶν
784 2344 980 2410 φωνῶν
1021 2347 1117 2415 τὴν
1164 2346 1287 2398 καθ’
1340 2348 1637 2401 ὑπόστασιν
1683 2350 1890 2420 κηρύτ-

295 2449 487 2485 τουσιν
525 2433 743 2487 ἕνωσιν.
765 2435 1002 2488 Δυνατὸν
1036 2438 1146 2508 γὰρ
1183 2439 1342 2491 πάλιν
1373 2439 1698 2509 κακούργως
1721 2443 1766 2474 ⁵⁸
1796 2442 1890 2496 λα-

299 2524 420 2575 ϐεῖν
453 2524 514 2576 τὸ
555 2526 860 2594 ἡνωμένον,
895 2526 969 2589 ὡς
999 2529 1317 2598 Νεστόριος,
1348 2534 1483 2602 τιμῇ
1513 2535 1606 2585 καὶ
1638 2533 1764 2604 δόξῃ
1792 2535 1889 2586 καὶ

293 2617 414 2675 τοῖς
431 2613 612 2675 ἄλλοις
646 2615 951 2684 αἱρετικοῖς
973 2617 1457 2687 ὲπιτεχνάσμασιν.
1483 2620 1581 2673 Διὰ
1610 2621 1766 2673 τοῦτο
1793 2621 1889 2674 καὶ

295 2708 330 2760 ὁ
372 2705 514 2770 θεῖος
539 2707 804 2778 Κύριλλος
831 2709 971 2762 κατὰ
999 2711 1060 2762 τὸ
1087 2713 1260 2781 πέρας
1302 2713 1400 2783 τῆς
1445 2714 1740 2784 εἰρημένης
1773 2716 1887 2766 ἐπι-

298 2799 520 2869 στολῆς,
568 2800 638 2853 Τὸ
667 2799 735 2852 δὲ
759 2800 1126 2869 ἀδιαίρετον,
1151 2804 1196 2835 ⁵⁸
1221 2804 1346 2873 ἔφη,
1373 2808 1704 2873 προστεθὲν
1727 2806 1896 2860 δοκεῖ

290 2889 416 2958 μέν
451 2881 576 2953 ςὲως
608 2891 743 2958 παρ’
776 2891 923 2959 ἡμῖν
965 2892 1149 2961 ὀρθῆς
1185 2893 1374 2962 δόξης
1411 2893 1564 2949 εἶναι
1599 2913 1890 2964 σημαντι-

296 2979 434 3042 κὸν,
463 2979 634 3033 αὐτοὶ
659 2980 728 3033 δὲ
757 2983 873 3049 οὐχ
896 2983 1051 3036 οὕτω
1086 2985 1322 3039 νοοῦσι.
1358 2986 1430 3039 To
1451 2986 1556 3058 γὰρ
1583 2988 1888 3058 ἀδιαίρετον

296 3073 436 3140 παρ’
486 3073 672 3133 αὐτοῖς
712 3072 856 3125 κατὰ
885 3072 984 3138 τὰς
1037 3075 1335 3146 Νεστοριου
1380 3080 1717 3148 κενοφωνίας
1765 3080 1889 3134 καθ’

295 3161 488 3231 ἕτερον
514 3161 850 3232 λαμϐάνεται
894 3165 1095 3234 τρόπον
1116 3183 1129 3195 ·
1161 3169 1296 3236 φασὶ
1328 3155 1437 3240 γὰρ
1483 3171 1564 3224 ὅτι
1605 3173 1671 3242 τῇ
1727 3173 1888 3224 ἰσοτιο
1916 3201 1960 3260 C

299 3252 425 3322 μιᾳ,
446 3256 513 3323 τῇ
536 3253 913 3326 ταυτοδουλίᾳ,
946 3259 1011 3327 τῇ
1032 3257 1289 3328 αὐθεντίᾳ
1312 3260 1618 3332 ἀδιαίρετός
1650 3265 1765 3316 ἐστι
1789 3263 1884 3316 τοῦ

295 3341 440 3394 Θεοῦ
481 3342 657 3410 Λόγου
711 3346 739 3397 ὁ
789 3346 848 3396 έν
896 3338 940 3413 ᾧ
993 3347 1316 3418 κατῴκησεν
1363 3349 1670 3421 ἄνθρωπος,
1723 3353 1886 3406 Ὥστε

295 3431 480 3484 διττὸν
513 3435 609 3486 καὶ
652 3435 682 3486 ὁ
720 3433 896 3504 μέγας
925 3436 1190 3508 Κύριλλος
1238 3434 1348 3491 οἵδε
1379 3441 1440 3493 τὸ
1472 3443 1799 3514 ἁδιαὶρετον,
1827 3445 1888 3497 τὸ

300 3523 405 3593 μὲν
428 3524 714 3594 αἱρετικῆς
739 3526 920 3595 δόξης,
951 3528 1012 3580 τὸ
1052 3528 1110 3580 δὲ
1143 3531 1345 3584 οἰκεῖόν
1373 3549 1433 3585 τε
1469 3534 1565 3587 καὶ
1601 3535 1884 3604 ὀρθοδόξου

292 3615 670 3684 φρονήματος.
705 3617 837 3686 Διχῆ
881 3618 938 3670 δὲ
969 3617 1065 3671 τοῦ
1099 3620 1412 3693 ἀδιαιρέτου
1440 3624 1758 3695 λεγομένου,
1793 3628 1887 3680 εὐσ-

291 3705 474 3774 λόγως
501 3705 672 3776 ἔφησε
697 3707 966 3777 μάχεσθαι
991 3711 1053 3762 τὸ
1077 3711 1260 3781 λέγειν
1293 3715 1422 3782 μίαν
1447 3715 1542 3768 τοῦ
1573 3717 1748 3787 Λόγου
1781 3721 1886 3788 φύ-

295 3813 388 3850 σιν
425 3799 856 3869 σεσαρκωμένην
915 3804 1029 3865 τοῖς
1077 3804 1221 3858 κατὰ
1269 3806 1564 3878 Νεστόριον
1613 3810 1886 3878 φάσκουσι

294 3885 395 3940 δύο
431 3885 622 3953 φύσεις
667 3887 1027 3958 ἀδιαιρέτους.
1065 3889 1191 3962 [857
1231 3893 1321 3966 IL]
1359 3897 1500 3950 Αὐτὸ
1531 3898 1586 3951 δὲ
1625 3899 1784 3952 τοῦτο
1822 3900 1887 3954 τὸ

300 3976 471 4047 ῥητὸν
502 3977 671 4048 ὀρθῆς
707 3978 921 4046 γίνεται
962 3981 1563 4056 δόξης,-ἀπομερισοὲν
1603 3991 1701 4062 τῆς
1735 3993 1886 4063 ὁμω-

297 4067 525 4136 νυμίας.
567 4068 990 4138 Ἀπομερίζεται
1018 4073 1076 4126 δὲ
1106 4075 1224 4128 κατ’
1259 4076 1452 4140 ἄλλους
1482 4079 1739 4149 τρόπους,
1777 4083 1884 4151 μά-

294 4157 462 4211 λιστα
497 4159 552 4211 δὲ
582 4161 640 4212 ὲν
686 4159 765 4231 τῷ
820 4161 920 4230 τὴν
960 4163 1006 4194 ⁵⁷
1050 4164 1172 4218 καθ’
1203 4167 1505 4223 ὑπόστασιν
1552 4172 1884 4241 προσλαϐεῖν

295 4251 496 4302 ἕνωσιν
516 4266 529 4279 ο
559 4249 698 4321 αὕτη
721 4253 829 4322 γὰρ
866 4255 899 4324 ἡ
929 4257 1218 4327 προσθήκη
1252 4258 1313 4310 τὸ
1349 4261 1577 4330 ἀκριϐὲς
1600 4263 1884 4334 πληροῦσα

292 4340 399 4394 καὶ
425 4340 517 4392 τὸν
550 4341 700 4393 δόλον
747 4342 961 4398 ἐλαύνει
997 4344 1298 4416 Νεστορίου
1329 4348 1423 4400 καὶ
1452 4351 1580 4414 τοὺς
1611 4355 1884 4422 συκοφάν-

290 4446 399 4491 τας
454 4429 555 4500 τῆς
603 4431 887 4494 εὐσεϐείας
929 4436 1302 4506 καταισχύνει.
1350 4440 1568 4512 Ἀτελὴς
1616 4439 1710 4496 οὖν
1748 4446 1882 4498 ἐκα-

2004 631 2139 670 voce
2194 617 2384 672 volunt
2413 615 2796 672 demonstrare
2839 631 2960 670 eam
3001 632 3122 686 qua)
3161 626 3248 672 est
3286 631 3384 685 per
3420 616 3592 685 hypo-

2005 710 2196 762 stasim
2231 718 2326 762 :et
2357 709 2499 778 quod
2545 705 2779 763 Verbum
2811 709 3086 762 hominem
3121 709 3588 777 pracexsisteutem

2003 817 2110 856 non
2147 802 2531 870 assumpserit,
2572 803 2666 854 sed
2710 815 2905 855 revera
2941 816 3071 854 caro
3099 799 3300 854 factum
3337 801 3428 854 sit.
3463 800 3590 856 l-lmc

2001 902 2177 947 autem
2219 908 2322 946 vox
2353 909 2460 947 non
2494 892 2627 946 satis
2667 891 3005 945 demonstrat
3038 889 3276 960 mysterii
3306 889 3591 958 perfectio-

2007 1001 2152 1040 nem.
2186 984 2288 1040 Ubi
2337 985 2482 1038 enim
2513 985 2639 1039 lieet
2676 984 2921 1053 accipere
2947 997 3042 1050 per
3091 998 3302 1047 vocem,
3355 981 3589 1037 fueritne

2001 1076 2236 1129 animata
2270 1085 2549 1145 assumpta
2584 1090 2734 1138 caro,
2799 1073 3012 1127 necne?
3069 1072 3266 1142 268i:
3307 1082 3361 1126 et
3404 1088 3470 1126 an
3500 1087 3588 1126 so--

2001 1167 2108 1220 lum
2147 1182 2312 1221 carne
2357 1167 2631 1228 iudutuut,
2682 1165 2763 1219 vel
2812 1179 3000 1218 revera
3057 1175 3243 1217 natum
3295 1166 3368 1218 sit
3421 1164 3587 1218 caro?

2000 1259 2156 1313 Unde
2185 1273 2346 1324 porro
2383 1259 2524 1327 quod
2559 1255 2795 1325 perfecta
2824 1265 2879 1309 et
2907 1255 3218 1320 inconfusa,
3253 1271 3586 1310 concurren-

2003 1351 2072 1402 tia
2131 1347 2568 1417 permanserint?
2599 1347 2732 1400 nihil
2766 1347 2910 1400 enim
2950 1347 3142 1399 horum
3192 1346 3397 1399 clarum
3429 1361 3495 1400 ex
3522 1361 3582 1401 ea

2004 1438 2263 1506 reperies.
2318 1436 2609 1505 Propterea
2663 1437 2808 1488 enim
2865 1445 2918 1488 et
2964 1434 3300 1501 Apollinario
3337 1444 3392 1488 et
3417 1433 3584 1504 Euty—

1999 1532 2084 1583 rhi
2115 1530 2422 1598 propositus
2457 1529 2608 1581 locus
2649 1527 2922 1592 convenit,
2954 1527 3080 1580 huic
3111 1527 3327 1595 quidem
3355 1525 3582 1595 conjun-

1998 1633 2082 1676 cta
2137 1621 2510 1684 confundenti,
2559 1619 2894 1687 Apollinario
2950 1633 3078 1672 vero
3131 1618 3421 1671 animatum
3454 1633 3582 1673 car-

2000 1730 2120 1765 nem
2177 1711 2515 1780 imaginanti.
2570 1708 2707 1774 Quin
2745 1723 2792 1762 et
2829 1709 2941 1762 haec
2993 1723 3092 1761 vox
3136 1710 3312 1776 placet
3357 1708 3582 1773 Maneti,

2003 1804 2377 1871 imaginariam
2425 1811 2499 1868 et.
2535 1800 2911 1854 adumbratam
2966 1800 3186 1867 ﬁngenti
3243 1799 3578 1853 incarnatio—

1999 1907 2141 1944 nem.
2183 1891 2286 1954 Qui
2333 1905 2464 1944 vero
2516 1890 2649 1942 duas
2700 1887 3010 1942 inconfusas
3048 1898 3300 1942 asserunt
3333 1898 3576 1953 naturas,

1998 1979 2288 2036 inconfusa
2337 1982 2556 2050 quidem
2604 1979 2986 2034 concurrentia
3021 1989 3372 2044 conservant,
3405 1994 3582 2048 neque

1998 2072 2048 2126 hi
2083 2086 2182 2140 per
2207 2071 2426 2124 easdem
2457 2082 2618 2124 voces
2650 2067 2905 2122 unionem
2953 2068 3353 2137 hypostaticam
3385 2069 3581 2136 praedi-

1994 2173 2142 2217 cant.
2177 2161 2318 2216 Fieri
2361 2161 2505 2214 enim
2541 2169 2744 2229 potest,
2777 2169 2838 2212 ut
2866 2169 3054 2211 contra
3086 2160 3332 2227 improbe
3363 2161 3580 2226 capiat-st

1993 2255 2136 2322 quod
2167 2253 2374 2305 unitum
2405 2261 2488 2305 est
2513 2251 2595 2320 (ut
2625 2249 2925 2320 Nestorius)
2957 2250 3163 2303 honore
3197 2259 3252 2302 et
3279 2249 3448 2317 gloria
3477 2267 3492 2314 ;
3532 2261 3582 2303 et

1993 2345 2115 2397 aliis
2159 2342 2540 2396 haereticorum
2577 2340 2833 2394 inventis.
2883 2337 3010 2391 Ideo
3040 2347 3095 2392 et
3127 2337 3318 2393 beatus
3345 2337 3581 2408 Cyrillus

1993 2436 2046 2491 in
2089 2436 2194 2489 line
2259 2433 2417 2501 hujus
2471 2432 2734 2502 epistolae,
2800 2432 3099 2495 indivisum,
3147 2431 3260 2496 ait,
3312 2431 3578 2495 additum,

1993 2530 2197 2583 videtur
2224 2539 2415 2579 nostra:
2451 2535 2605 2578 rectw
2629 2524 2753 2591 ﬁdei
2777 2539 2886 2577 esse
2928 2526 3132 2594 signant
3156 2538 3175 2575 :
3211 2522 3292 2575 illi
3328 2538 3444 2576 vero
3475 2540 3579 2576 non

1994 2621 2067 2674 ita
2098 2619 2351 2672 sentiunt.
2392 2616 2690 2670 lndivisum
2721 2616 2865 2669 enim
2898 2618 3040 2685 apud
3085 2615 3225 2681 illos,
3278 2616 3574 2669 secundum

1993 2720 2161 2759 novas
2228 2705 2462 2758 Nestorii
2496 2719 2678 2768 voces,
2741 2703 2846 2758 alio
2913 2705 3074 2758 modo
3120 2703 3375 2758 sumitur.
3438 2702 3579 2757 Dicit

1991 2799 2135 2850 enim
2171 2797 2393 2851 honoris
2443 2795 2695 2865 paritate,
2743 2808 2799 2849 et
2830 2796 3126 2850 voluntatis
3155 2804 3210 2850 et
3237 2794 3577 2848 auctoritatis

1995 2891 2288 2944 indivisum
2336 2890 2610 2942 hominem
2646 2903 2788 2953 esse,
2823 2888 2873 2940 in
2916 2903 3023 2956 quo
3056 2887 3145 2941 Dei
3173 2887 3395 2940 verbum
3426 2887 3578 2940 habi-

1995 2986 2146 3038 tavit.
2207 2983 2385 3050 Quare
2439 2982 2726 3051 dupliciter
2769 2995 2997 3051 tnagnus
3037 2981 3127 3035 ille
3171 2980 3406 3052 Cyrillus
3436 2981 3578 3032 indi-

1994 3078 2167 3131 visum
2203 3076 2457 3145 intelligit
2493 3097 2504 3131 :
2541 3075 2683 3128 aliud
2714 3075 2931 3142 quidem
2965 3075 3236 3139 hazretice,
3271 3075 3415 3127 aliud
3447 3087 3578 3126 vero

1996 3168 2212 3238 proprie
2256 3179 2311 3220 et
2340 3166 2663 3219 orthodoxe.
2703 3164 2919 3218 Duobus
2958 3175 3138 3218 autem
3170 3166 3343 3218 modis
3379 3165 3576 3219 indivi-

1993 3275 2112 3313 sum
2176 3260 2670 3325 usurpandogvere
2719 3256 2857 3309 dixit
2903 3271 2918 3308 :
2975 3255 3160 3309 dicere
3213 3270 3376 3308 unam
3412 3255 3571 3310 Verbi

1991 3361 2238 3403 naturam
2283 3347 2620 3400 incantatam
2672 3361 2915 3416 pugnare
2970 3355 3158 3399 contra
3220 3345 3574 3401 Nestorianos

1991 3446 2307 3490 asserentes
2333 3437 2464 3489 duas
2499 3446 2719 3488 naturas
2742 3434 3024 3488 indivisas.
3056 3435 3196 3487 Idem
3222 3444 3401 3488 autem
3429 3439 3573 3503 quod

1989 3529 2191 3583 dictum
2235 3537 2339 3590 est,
2381 3526 2636 3580 Ecclesia:
2669 3535 2753 3580 est
2783 3527 3118 3590 orthodoxa,
3145 3527 3187 3579 si
3218 3528 3576 3595 ιειμιίνοιειιιίο

1990 3618 2234 3674 tollatur.
2287 3616 2516 3671 Tollitur
2570 3628 2752 3670 autem
2811 3627 2866 3671 et
2919 3617 3044 3671 aliis
3096 3618 3292 3682 modis,
3337 3620 3574 3673 maxime

1989 3725 2142 3772 vero,
2181 3714 2233 3764 in
2265 3709 2592 3764 assumeudo
2623 3709 2877 3762 unionem
2912 3710 3332 3779 hypostaticam.
3371 3710 3571 3765 Eadem

1989 3801 2132 3854 enim
2175 3801 2290 3855 [nec
2331 3800 2534 3854 additio
2579 3809 2836 3854 accurate
2872 3799 3174 3868 adimplens
3215 3810 3270 3854 et
3323 3801 3570 3854 fraudem

1987 3889 2223 3944 Nestorii
2267 3889 2512 3952 discutit,
2551 3898 2608 3941 et
2635 3888 2932 3942 haereticos
2975 3887 3278 3943 cmtfundit.
3311 3886 3572 3958 Imperfe-

1989 3988 2073 4033 cta
2111 3994 2242 4048 ergo
2297 3988 2380 4033 est
2427 3989 2657 4048 utraque
2698 3993 2824 4042 vox,
2873 3987 2929 4030 ut
2969 3992 3035 4032 ex
3101 3977 3371 4047 prioribus
3425 3991 3572 4048 patet

1987 4085 2094 4123 non
2136 4071 2362 4124 alterum
2404 4069 2737 4137 arripienda.
2792 4067 2977 4138 Itaque
3027 4069 3268 4139 intelligo
3311 4085 3434 4124 eam
3478 4087 3571 4124 vo-

1988 4177 2107 4216 cem
2152 4176 2273 4231 quae
2311 4160 2443 4215 dicit
2495 4175 2660 4213 unam
2700 4158 2861 4214 Verbi
2915 4170 3164 4214 naturam
3201 4161 3565 4229 iucarnatant,

1987 4264 2041 4309 et
2071 4253 2216 4307 illam
2253 4268 2373 4321 qua:
2401 4253 2532 4306 dicit
2571 4253 2706 4305 duas
2742 4263 2968 4304 naturas
2998 4251 3334 4315 inconfusus,
3369 4263 3572 4307 utram-

1986 4362 2093 4416 que
2141 4347 2403 4416 perlicere
2453 4345 2596 4398 inter
2642 4359 2701 4398 se
2732 4343 3064 4414 copulatam.
3101 4343 3260 4399 Verbi
3303 4347 3448 4399 enim
3480 4361 3570 4398 tta-

1988 4447 2109 4491 tura
2164 4438 2449 4490 incarnata
2503 4437 2760 4490 unionem
2816 4435 3210 4506 hypostaticatn
3243 4435 3568 4505 simpliciter

291 4519 436 4589 τέρα
471 4521 646 4590 φωνὴ,
700 4521 775 4584 ὡς
806 4524 873 4575 ὲκ
919 4525 1028 4578 τῶν
1061 4529 1366 4598 εἰρημένων
1420 4530 1576 4603 δῆλον
1623 4537 1883 4606 κατέστη,

1992 4530 2220 4600 profert,
2273 4531 2362 4598 qui
2407 4545 2533 4584 vero
2576 4531 2709 4585 duas
2757 4531 2954 4584 asserit
3005 4530 3264 4586 indivisas
3317 4543 3563 4597 naturas,

300 4611 384 4681 μὴ
407 4612 791 4696 προσλαϐοῦσα
823 4617 921 4686 τὴν
954 4617 1172 4693 ἑτέραν,
1199 4619 1342 4688 λέγω
1373 4623 1437 4694 δὴ
1469 4625 1565 4677 καὶ
1591 4626 1624 4695 ἡ
1649 4626 1884 4694 λέγουσα

301 4698 438 4769 μίαν
466 4701 626 4768 φύσιν
660 4702 756 4755 τοῦ
790 4704 966 4772 Λόγου
1001 4711 1426 4783 σεσαρκωμένην
1454 4714 1546 4767 καὶ
1577 4717 1610 4786 ἡ
1649 4715 1742 4770 δύο
1778 4717 1883 4786 φύ-

299 4807 420 4852 σεις
451 4791 820 4862 ἀδιαιρέτους·
866 4796 1164 4853 τελειοῦται
1205 4801 1262 4853 δὲ
1306 4803 1543 4874 ἑκατέρα
1573 4807 1886 4876 συμπλεκο-

294 4881 438 4952 μένη
457 4885 521 4952 τῇ
547 4883 710 4954 ὲτέρᾳ
728 4886 773 4915 ⁵⁸
795 4901 809 4915 ·
843 4887 876 4956 ἡ
904 4888 1001 4956 μὲν
1026 4889 1137 4960 γὰρ
1159 4891 1254 4944 τοῦ
1287 4893 1462 4962 Λόγου
1498 4897 1659 4965 φύσις
1687 4916 1886 4970 σεσαρ-

287 4975 522 5044 κωμένη
553 4975 651 5046 τὴν
686 4977 807 5040 καθ’
848 4979 1145 5034 ὑπόστασιν
1188 4983 1376 5048 ἁπλῶς
1416 4987 1610 5042 ἕνωσιν
1642 4991 1877 5060 εἰσάγει,

289 5070 320 5120 ό
352 5067 411 5120 δὲ
441 5068 540 5131 τὰς
567 5069 659 5123 δύο
701 5072 894 5140 φύσεις
936 5074 1111 5142 λέγων
1154 5079 1494 5149 ἀδιαιρέτους
1531 5084 1593 5137 τὸ
1635 5085 1878 5157 ἅφυρτόν

287 5173 356 5209 τε
395 5158 490 5209 καὶ
523 5158 831 5228 ἁσύγχυτον
865 5161 973 5216 τῶν
1006 5163 1370 5220 συνελθόντων
1418 5171 1633 5240 μηνύει.
1667 5173 1876 5226 υύκοῦν

289 5248 736 5320 ἁπομερισθεῖσα
777 5252 931 5325 φωνὴ
959 5254 1264 5328 -θατέραςῆ
1301 5259 1465 5331 ἑτέρα
1505 5263 1600 5315 καὶ
1630 5280 1876 5332 σοφιστι-

288 5335 410 5399 κῶς
458 5343 808 5415 προαγομένη
862 5345 1208 5418 δικαιοτάτην
1261 5350 1328 5403 ἂν
1375 5351 1474 5422 τὴν
1529 5354 1875 5422 κατάγνωσιν

287 5425 534 5493 ἐνέγκοι.
568 5428 730 5483 Ὥστε
764 5432 986 5499 δικαίως
1037 5438 1130 5490 καὶ
1159 5441 1187 5490 ό
1232 5440 1374 5510 ἱερὸς
1419 5441 1690 5512 Κύριλλος
1738 5447 1876 5517 πρὸς

287 5517 594 5591 Νεστόριον
639 5526 1058 5598 ἀποτεινόμενος
1105 5531 1181 5596 ὡς
1233 5534 1400 5603 ἀτελῆ
1460 5535 1560 5607 τὴν
1613 5535 1878 5604 λέγουσαν

1986 4623 2281 4677 imtnistum
2323 4629 2377 4674 et
2405 4621 2746 4676 iuconfusum
2793 4637 2980 4675 eorum
3016 4636 3137 4690 quae
3162 4621 3566 4693 coniunguntur

1983 4714 2277 4782 signiﬁcat.
2308 4713 2478 4784 igitur
2518 4713 2688 4767 divisa
2725 4728 2830 4767 vox
2869 4713 3040 4767 altera
3067 4715 3134 4768 ab
3165 4715 3356 4781 altera,
3387 4726 3441 4770 et
3467 4733 3563 4770 ca-

1982 4807 2159 4876 ptiose
2187 4806 2416 4858 adducta
2444 4803 2801 4870 iustissimam
2841 4804 3317 4871 reprehensionem
3349 4807 3562 4876 269a

1985 4905 2244 4951 meretur.
2262 4894 2440 4960 Quare
2467 4903 2614 4947 recte
2641 4903 2865 4948 sanctus
2895 4894 3133 4963 Cyrillus
3164 4897 3214 4949 in
3253 4896 3561 4951 Nestorium

1983 4989 2251 5049 invectus,
2290 4995 2348 5038 ut
2379 4985 2753 5054 imperfectam
2787 5001 2975 5040 vocem
3008 4987 3276 5042 dicentem
3315 4990 3449 5043 duas
3481 4989 3563 5042 in-

1981 5080 2184 5134 divisas
2227 5086 2468 5142 naturas,
2514 5085 2567 5130 et
2603 5092 2709 5130 non
2755 5077 3026 5132 valentem
3064 5079 3440 5133 haereticorum
3474 5095 3560 5134 se-

1980 5181 2122 5224 ctam
2177 5167 2437 5228 refntare,
2488 5175 2726 5232 accusat,
2775 5177 2831 5222 et
2865 5184 3102 5238 pugnare
3151 5167 3421 5240 [ait]eum
3467 5169 3556 5222 illa

1981 5277 2102 5331 qum
2144 5261 2277 5314 dicit
2323 5273 2485 5312 unam
2532 5267 2781 5312 naturam
2825 5260 3182 5314 incantatam.
3209 5261 3342 5314 Cum
3369 5274 3474 5329 qua
3509 5259 3555 5313 si

1981 5352 2278 5422 composita
2313 5349 2516 5411 veniat,
2549 5349 2817 5404 sinceram
2844 5349 3098 5418 pietatem
3132 5348 3394 5414 ostendit,
3421 5349 3556 5401 «luas

1984 5443 2242 5499 iudivisas
2285 5450 2505 5494 naturas
2545 5440 2595 5494 in
2625 5440 2824 5493 unione
2868 5438 3206 5509 hypostatica
3239 5437 3384 5491 clare
3418 5454 3556 5507 prae-

1987 5539 2195 5592 dicans.
2249 5532 2342 5586 Sic
2392 5543 2538 5586 certe
2588 5531 2714 5587 licet
2744 5531 2867 5601 quis
2909 5547 3068 5586 unam
3100 5527 3260 5584 Verbi
3305 5540 3553 5583 naturam

1602 5649 1836 5705 ΥΛΒΙᾸΞ
1874 5643 2166 5704 LECTION
2175 5643 2280 5697 ES.

367 5724 417 5758 ⁸³
443 5725 637 5811 ένωσιν
684 5733 807 5789 add.
852 5715 917 5790 'C.
994 5736 1040 5768 ”
1073 5753 1134 5803 γε
1190 5739 1315 5795 add.
1355 5739 1418 5794 A.
1495 5741 1540 5773 ⁵⁵
1570 5740 1896 5811 κακούργοις
1937 5759 2000 5805 ς.
2075 5741 2123 5772 ⁸⁸
2173 5732 2491 5805 ἀδιαιρέτως
2534 5737 2596 5789 Αι
2672 5735 2716 5769 ⁸⁷
2757 5731 2855 5804 τὴν
2893 5748 3001 5791 0m-
3038 5732 3102 5789 Α·
3177 5731 3224 5765 ⁵⁸
3261 5733 3422 5805 ἑτέρᾳ
3451 5731 3494 5784 Α
3537 5749 3549 5784 ³

288 5795 533 5867 ἑκατέρᾳ
566 5815 626 5860 ς’.
