4004 6436
258 373 400 439 1033

1347 375 1874 438 BIBLIOTHECA.
1912 402 1980 412 --
2017 374 2182 436 COD.
2216 376 2488 438 CCXXX.

3390 385 3529 451 1034

254 479 410 551 φημί
443 477 819 535 διδασκάλου
837 518 855 546 ,
903 479 973 548 ὃς
1023 478 1127 536 καί
1169 481 1301 548 ταῖς
1348 483 1457 538 τοῦ
1501 486 1844 555 Πνεύματος

1957 494 2108 539 ctum
2137 483 2401 541 Joannem
2439 486 2576 541 duas
2613 494 2841 544 naturas
2870 503 3086 547 sursum
3116 491 3372 550 deorsum
3407 511 3530 553 vero

252 565 612 639 δᾳδουχίαις
657 571 1204 642 λελαμπρυσμένος
1221 572 1268 603 ⁷⁰
1298 571 1673 643 διεσάφησεν
1703 575 1848 644 ἡμῖν

249 658 323 715 τὸ
373 660 531 730 μέγα
563 659 665 713 καὶ
719 661 948 714 σεπτὸν
1003 662 1112 715 τοῦ
1160 661 1438 732 Σωτῆρος
1485 663 1843 733 μυστήριον.

250 750 415 807 Οὕτω
444 753 537 806 τὸν
569 753 714 823 ἱερὸν
752 754 1028 822 Ἰωάννην,
1069 753 1163 808 δύο
1203 754 1398 824 φύσεις
1429 757 1542 810 ἄνω
1571 756 1662 809 καὶ
1696 757 1847 809 κάτω

253 845 589 917 στρέφοντα,
621 845 650 896 ὁ
676 845 775 915 τῆς
797 845 1054 914 ἀληθείας
1077 845 1282 919 θερμὸς
1313 848 1547 918 ἐραστὴς
1577 847 1847 918 Κύριλλος

250 935 443 1008 πηγὴν
489 937 590 1006 μὲν
633 939 800 1006 ἀγίαν
858 939 1150 1004 ἀποκαλεῖ,
1200 940 1300 1011 τῆς
1352 940 1410 993 δὲ
1453 940 1548 994 τοῦ
1579 941 1844 1012 παναγίου

252 1029 582 1101 Πνεύματος
650 1031 994 1102 φωτοχυσίας
1041 1030 1296 1101 ἔμπλεων
1350 1033 1394 1063 ⁷⁸
1441 1033 1537 1086 καὶ
1597 1033 1847 1104 λαμπρὴν

254 1121 542 1192 ὑποφήτην
594 1121 691 1174 τοῦ
741 1121 884 1175 κατά
931 1122 1166 1193 Χριστὸν
1214 1123 1416 1177 σεπτοῦ
1472 1125 1565 1179 καὶ
1607 1126 1846 1196 μεγάλου

264 1213 583 1287 μυστηρίου.
624 1211 699 1266 Οὐ
745 1213 905 1284 μόνον
950 1213 1030 1276 δὲ,
1058 1213 1196 1268 ἀλλὰ
1223 1216 1317 1269 καὶ
1347 1217 1476 1288 περὶ
1507 1216 1600 1270 τοῦ
1633 1235 1847 1290 μνημο-

265 1306 544 1368 νευθὲντος
591 1306 895 1377 ἀρχιερέως
945 1307 1187 1373 Παύλου,
1243 1309 1381 1381 πρὸς
1433 1310 1526 1364 τὸν
1578 1312 1742 1367 αὐτὸν
1787 1313 1846 1368 ἐν

267 1399 437 1468 ἁγίοις
475 1397 729 1467 Ἰωάννην
758 1399 1130 1471 ἀντιγράφων,
1158 1394 1262 1454 ὧδέ
1293 1419 1459 1471 φησιν
1505 1403 1600 1458 ἐπὶ
1625 1403 1842 1470 λέξεως·

281 1489 668 1558 ’Δφικομένου
700 1491 914 1546 τοίνυν
948 1494 1036 1559 εὶς
1077 1493 1192 1561 τὴν
1233 1495 1683 1566 Ἀλεξάνδρειαν
1735 1497 1845 1553 τοῦ

256 1583 471 1650 κυρίου
525 1582 627 1638 καί
659 1584 1130 1640 θεοσεϐεστάτου
1167 1589 1213 1618 ⁷²
1245 1587 1512 1658 ἀδελφοῦ
1552 1590 1648 1645 καὶ
1693 1594 1846 1645 συλ-

251 1672 604 1742 λειτουργοῦ
635 1674 880 1728 Παύλου
931 1673 1062 1746 [Mil
1085 1674 1178 1746 IL]
1202 1675 1494 1746 θυμηδίας
1534 1677 1845 1748 ἐμπεπλή-

249 1767 472 1833 σμεθα,
514 1763 614 1817 καί
651 1764 889 1834 σφόδρα
917 1766 1179 1832 εἰκότως,
1210 1768 1285 1834 ὡς
1318 1768 1536 1837 ἀνδρὸς
1570 1771 1842 1825 τοιούτου

242 1856 702 1926 μεσιτεύοντος.
752 1857 862 1909 Καὶ
889 1857 1051 1912 πάλιν
1079 1874 1093 1889 ο
1122 1858 1243 1912 Ὅτι
1263 1858 1332 1913 δὲ
1354 1862 1596 1930 περιττὴ
1629 1876 1842 1916 παντε-
1870 1833 1916 1892 Β

245 1947 381 2014 λῶς
455 1948 552 2002 καὶ
628 1951 742 2003 οὐκ
807 1949 1148 2019 εὺάςρορμος
1196 1951 1316 2005 τῶν
1370 1952 1750 2020 Ἐκκλησιῶν
1800 1954 1856 2022 ἠν

246 2040 619 2110 ὄιχοστασία
660 2040 888 2110 γέγονε,
947 2043 1086 2096 νυνὶ
1127 2042 1398 2112 μάλιστα
1452 2049 1843 2115 πεπληροφο-

246 2133 506 2204 ρὴμεθα,
559 2133 666 2188 τοῦ
689 2135 901 2201 κυρίου
944 2135 1050 2189 τοῦ
1073 2137 1542 2192 θεοσεϐεστὰτου
1593 2139 1844 2195 Παύλου

250 2226 595 2279 ἐπισκόπου
641 2225 872 2294 χάρτην
911 2228 1434 2297 προσκομίσαντες
1465 2231 1510 2261 ⁷³
1553 2229 1843 2300 ἀδιάϐλη-

250 2333 367 2371 τον
404 2316 627 2386 ἔχοντα
662 2317 775 2384 τῆς
816 2318 1075 2384 πίστεως
1119 2318 1235 2386 τὴν
1291 2321 1637 2390 ὁμολογίαν.
1685 2319 1843 2376 Οὕτω

250 2406 361 2476 μὲν
397 2403 554 2470 οὗτος
576 2406 628 2445 ⁷⁵
656 2408 750 2460 καὶ
781 2407 873 2460 τὸν
916 2407 1179 2479 ἀρχιερέα
1207 2408 1420 2464 Παῦλον
1453 2409 1721 2482 θυμηδίας
1753 2412 1839 2464 αἵ-

241 2517 370 2553 τιον
406 2501 452 2532 "
511 2500 767 2568 γενέσθαι
822 2501 917 2554 καὶ
971 2501 1070 2570 τὴν
1122 2502 1620 2574 προσκομισθεῖσαν
1671 2504 1718 2534 ⁷⁸
1774 2503 1842 2557 δι’

239 2593 429 2646 αὐτοῦ
460 2592 572 2644 τῶν
596 2592 936 2646 ἀνατολικῶν
983 2593 1190 2657 πίστιν,
1233 2593 1294 2647 τὸ
1331 2594 1651 2665 ἀδιάϐλητον
1697 2593 1844 2664 ἔχου-

241 2701 380 2749 σαν,
413 2683 870 2756 ἀνακηρύττει⁷⁷.
899 2683 1024 2738 Ἐπὶ
1046 2684 1102 2737 δὲ
1124 2685 1338 2750 τούτοις
1367 2686 1582 2750 δεικνὺς
1596 2687 1844 2758 ἐναργῶς

236 2775 344 2844 ἐφ’
363 2769 446 2839 οἷς
471 2779 585 2840 τοῖς
611 2777 951 2842 ἀνατολικοῖς
984 2777 1272 2849 συμϐαίνει
1302 2779 1398 2832 καὶ
1435 2777 1473 2833 ἃ.
1521 2781 1674 2851 κοινῇ
1710 2798 1845 2851 πρε-

244 2867 580 2934 σϐεύουσιν,
622 2869 710 2923 ἵνα
753 2871 829 2940 μὴ
855 2869 918 2923 τὸ
942 2870 1246 2939 φιλόνεικον
1291 2870 1619 2942 μεταφέρειν
1658 2871 1843 2927 ἄδειαν

235 2962 416 3017 λάϐοι
444 2961 590 3033 πρὸς
618 2961 647 3016 ὃ
678 2962 924 3034 βούλοιτο
952 2962 1052 3034 τὴν
1075 2963 1360 3036 εἰρηνικὴν
1385 2962 1640 3034 ὁμόνοιάν
1661 2981 1721 3018 τε
1747 2963 1844 3018 καὶ

239 3055 621 3122 κατάστασιν,
688 3055 872 3119 αὐτοῖς
925 3057 1136 3126 ῥήμασι
1186 3054 1482 3125 κεφάλαιον
1537 3055 1844 3110 τελευταῖον

236 3146 434 3202 ταῦτα
462 3149 725 3202 ποιεῖταιο
783 3148 893 3214 Τὰς
919 3145 991 3201 δὲ
1017 3147 1414 3218 εὐαγγελικὰς
1450 3147 1552 3202 καί
1585 3147 1845 3202 ἀποστο-

236 3237 438 3308 ειικὰς
458 3240 596 3309 περὶ
637 3240 745 3295 τοῦ
774 3240 996 3310 Κυρίου
1019 3239 1224 3310 φωνὰς
1246 3240 1425 3311 ἴσμεν
1461 3240 1604 3308 τοὺς
1634 3243 1843 3298 θεολό-

240 3349 410 3404 τησυς
462 3332 688 3402 ἄνδρας
713 3330 761 3366 ⁷⁸
809 3334 918 3400 τὰς
952 3333 1072 3402 μὲν
1110 3331 1608 3400 κοινοποιοῦντας
1642 3334 1723 3401 ὡς
1747 3333 1840 3404 ἐφ’

240 3425 402 3490 ἐνός
439 3424 788 3494 προσώπου,
821 3424 930 3492 τὰς
956 3424 1026 3478 δὲ
1067 3424 1448 3494 διαιροῦντας
1480 3425 1562 3491 ὡς
1587 3425 1688 3480 ἐπὶ
1732 3425 1843 3482 δύο

244 3516 530 3588 φύσεων.
571 3517 671 3570 καὶ
701 3515 810 3583 τὰς
837 3514 956 3586 μὲν
995 3514 1343 3585 θεοπρεπεῒς
1374 3516 1526 3572 κατὰ
1563 3517 1679 3584 τὴν
1713 3517 1844 3572 θεό-

242 3622 416 3676 τητα
433 3605 542 3660 τοῦ
571 3605 852 3674 Χριστοῦ,
891 3605 998 3670 τὰς
1019 3603 1088 3658 δὲ
1107 3603 1394 3672 ταπεινὰς
1414 3607 1568 3660 κατὰ
1588 3609 1706 3674 τὴν
1732 3606 1842 3662 ἀν-

247 3700 612 3768 θρωπότητα
651 3698 1112 3766 παραδιδόντας.
1164 3694 1260 3763 Οἷς
1307 3698 1562 3770 ἐπιφέρει
1606 3701 1702 3754 καὶ
1744 3700 1844 3766 τὴν

249 3791 475 3847 οἴκοθεν
504 3791 706 3862 κρίσιν,
726 3791 922 3859 λέγων’
950 3793 1197 3859 Ταύταις
1224 3791 1394 3861 ὑμῶν
1413 3794 1456 3826 ⁷⁸
1483 3792 1846 3862 ἐντυχόντες

255 3884 394 3952 ταῖς
429 3883 615 3952 ἱεραῖς
639 3883 888 3954 φωναῖς,
917 3883 1072 3938 οὕτω
1092 3901 1156 3937 τε
1179 3883 1280 3938 καὶ
1302 3884 1527 3951 αὐτοὺς
1547 3885 1843 3954 φρονοῦν-

260 3993 374 4041 τας
400 3978 792 4044 εὑρίσκοντες
827 3970 937 4047 (εἷς
979 3976 1090 4045 γὰρ
1120 3975 1166 4007 ⁸ο
1200 3975 1437 4044 Κύριος,
1460 3977 1572 4044 μία
1614 3976 1843 4043 πίστις,

253 4065 332 4120 ἐν
343 4065 686 4137 βάπτισμα)
717 4065 1097 4136 ἐδοξάσαμεν
1128 4066 1234 4120 τὸν
1267 4065 1387 4120 τῶν
1417 4065 1575 4120 ὅλων
1601 4066 1846 4137 Σωτῆρα

256 4157 436 4222 Θεὸν,
464 4158 766 4224 ἀλλήλοις
791 4159 1230 4229 συγχαίροντες
1276 4157 1366 4212 ὅτι
1396 4159 1527 4226 ταῖς
1563 4162 1848 4215 θεοπνεύ-

1949 583 2176 645 tentem,
2230 577 2472 632 fervidus
2519 577 2611 632 ille
2669 582 2916 636 veritatis
2958 581 3242 639 adamator
3293 585 3533 657 Cyrillus

1931 682 2165 724 'sacrum
2197 668 2404 724 fontem
2465 669 2720 741 appellat,
2783 672 2994 729 lumine
3041 677 3218 731 sancti
3290 675 3534 748 Spiritus

1951 759 2190 830 plenum,
2248 771 2303 816 et
2347 761 2557 816 clarum
2623 764 3032 829 praedicatorem
3097 783 3420 838 magnorum
3474 780 3533 824 et

1949 862 2265 906 sanctorum
2303 852 2509 908 Christi
2565 856 2980 926 mysteriorum.
3033 857 3225 928 Neque
3262 862 3408 917 hunc
3443 877 3512 918 so

1947 942 2084 1012 lum,
2113 945 2208 1000 sed
2235 945 2301 1000 de
2333 954 2761 1004 commemorato
2818 960 2976 1005 antea
3013 950 3188 1007 Paulo
3237 955 3303 1007 ad
3360 953 3532 1010 Joan-

1947 1051 2071 1092 nem
2124 1037 2396 1101 scribens,
2451 1041 2544 1108 qui
2572 1041 2639 1095 de
2670 1055 2808 1098 voce
2864 1040 3038 1098 dixit:
3105 1044 3352 1101 Veniente
3400 1047 3498 1101 Alc

1946 1128 2232 1182 xandriam
2284 1128 2553 1199 confratre
2603 1139 2655 1185 et
2684 1132 2900 1188 domino
2943 1135 3053 1204 pio,
3115 1145 3165 1190 et
3213 1138 3378 1193 sacris
3429 1140 3530 1194 iis-

1947 1221 2065 1274 dem
2131 1221 2368 1287 initiata,
2423 1222 2588 1276 animi
2651 1223 2915 1294 voluptate
2981 1227 3186 1296 impleti
3234 1245 3438 1296 sumus,
3479 1240 3529 1286 et

1945 1310 2097 1366 ualde
2120 1313 2479 1382 probabiliter,
2515 1325 2571 1369 ut
2597 1315 2694 1370 viri
2723 1317 2802 1371 ita
2841 1317 3144 1374 mediantis.
3191 1320 3260 1376 Et
3287 1320 3526 1380 iterum:

1948 1402 2164 1457 Modum
2185 1405 2463 1469 excedens,
2483 1414 2534 1460 et
2555 1422 2659 1460 non
2685 1407 2847 1477 facile
2873 1410 3238 1464 excusandum
3249 1409 3527 1466 Ecclesia-

1947 1510 2064 1547 rum
2105 1495 2390 1550 dissidium
2433 1499 2672 1567 contigit,
2731 1515 2872 1552 nunc
2897 1501 3129 1555 maxime
3156 1500 3386 1557 Domino
3419 1505 3526 1558 im—

1945 1584 2086 1653 pletil
2103 1601 2310 1651 sumus,
2337 1586 2632 1655 proferente
2683 1588 2962 1656 epistolam
2993 1588 3142 1645 beato
3189 1589 3365 1646 Paulo
3414 1594 3528 1659 epi-

1945 1691 2122 1746 scopo,
2150 1677 2663 1744 irreprehensibilem
2729 1678 2925 1735 habens
2972 1682 3098 1747 ﬁdei
3127 1684 3525 1752 professionem.

1948 1764 2040 1820 Sic
2085 1766 2304 1835 quidem
2354 1765 2698 1836 jucunditate
2742 1768 3004 1838 dignum;
3043 1773 3270 1829 Paulum
3328 1775 3526 1844 fuisse,

1949 1864 2004 1911 et
2065 1855 2285 1910 allatam
2343 1856 2702 1914 Orientalium
2753 1859 2914 1918 ﬁdem
2981 1862 3528 1934 irreprehensibilem

1949 1949 2269 2016 praedicare.
2321 1949 2403 2007 Ad
2431 1952 2547 2006 haec
2599 1962 2854 2009 accurate
2892 1956 3208 2021 ostendens,
3251 1957 3530 2028 inquibus

1948 2055 2069 2094 cum
2123 2040 2494 2096 Orientalibus
2547 2045 2877 2112 consentiat,
2910 2055 3110 2118 etquae
3166 2051 3532 2106 communiter

1949 2131 2142 2201 270a
2174 2133 2434 2205 allegant,
2493 2149 2562 2189 ne
2613 2138 3007 2193 contentiosam
3044 2138 3342 2197 transferre
3367 2157 3525 2199 secu-

1948 2223 2190 2291 ritatem,
2258 2227 2494 2295 accipiat
2534 2227 2600 2282 ad
2652 2230 2793 2297 quod
2844 2229 3011 2297 volet,
3065 2232 3344 2302 pacificam
3389 2249 3530 2291 con-

1948 2314 2276 2382 sensionem,
2307 2325 2362 2370 et
2397 2317 2838 2373 constitutionem
2863 2319 3040 2375 verbis
3068 2322 3201 2391 ipsis
3228 2335 3388 2394 caput
3427 2327 3532 2381 hoc

1948 2414 2284 2476 postremum
2332 2406 2467 2464 facit
2502 2426 2516 2462 :
2550 2407 2760 2464 Scimus
2813 2411 2952 2465 viros
2978 2412 3187 2468 divinos
3233 2415 3531 2484 Scriptura:

1946 2500 2140 2568 peritos
2169 2517 2300 2570 quas
2357 2504 2420 2556 de
2476 2500 2704 2556 Domino
2736 2519 2880 2558 voces
2931 2505 3268 2571 protulerint,
3333 2509 3532 2577 partim

1947 2592 2074 2646 dum
2129 2594 2284 2648 veluti
2319 2595 2414 2647 uni
2450 2611 2687 2663 personte
2718 2595 2842 2650 illas
2880 2597 3297 2662 communicant,
3328 2599 3532 2666 partim

1947 2684 2075 2738 dum
2117 2684 2258 2739 velut
2280 2686 2336 2738 in
2380 2687 2519 2741 duas
2565 2686 2910 2752 distribuunt,
2943 2697 2994 2742 et
3021 2689 3280 2756 quasdam
3319 2687 3425 2742 Deo
3447 2689 3531 2740 di-

1947 2796 2078 2849 gnas
2113 2790 2348 2850 respectu
2403 2781 2696 2837 divinitatis
2751 2781 2969 2849 Christi,
3017 2785 3270 2853 quasdam
3300 2782 3534 2850 abjectas

1948 2884 2184 2941 respectu
2233 2872 2582 2928 [inmanitatis
2631 2874 2874 2931 tradunt.
2906 2874 3114 2942 Quibus
3169 2875 3417 2946 adjungit
3473 2881 3533 2928 et

1952 2978 2111 3020 suum
2143 2964 2408 3035 judicium
2443 2981 2459 3021 :
2496 2965 2628 3031 Quae
2654 2982 2771 3020 cum
2810 2965 3009 3021 nostris
3069 2965 3280 3021 vocibus
3341 2981 3530 3021 conve-

1951 3058 2130 3123 niunt,
2164 3059 2240 3114 sic
2269 3069 2317 3113 et
2345 3058 2464 3113 illos
2505 3061 2783 3130 sentientes
2821 3061 3144 3130 reperimus;
3184 3057 3366 3115 «Unus
3389 3061 3534 3116 enim

1949 3148 2236 3217 Dominus,
2281 3167 2388 3204 una
2418 3151 2588 3222 ﬁdes,
2614 3137 2781 3206 unum
2827 3152 3085 3222 baptisma
3125 3159 3177 3206 ι.
3210 3170 3230 3205 ι
3261 3150 3534 3207 Sensimus

1951 3241 2316 3296 universorum
2353 3241 2685 3298 Saleatorem
2715 3243 2884 3299 Deum
2908 3245 3028 3298 aliis
3056 3244 3274 3298 invicem
3299 3260 3534 3315 congau¢

1949 3333 2149 3404 dentes,
2174 3333 2301 3403 quia
2333 3333 2526 3390 divina:
2574 3332 2886 3404 Scriptum,
2930 3345 2976 3388 et
3001 3333 3277 3388 traditioni
3320 3343 3532 3387 sancto-

1950 3438 2066 3478 rum
2093 3421 2320 3480 Patrum
2345 3425 2501 3496 ﬁdem
2529 3425 2718 3481 habent
2747 3425 3187 3497 ,’consentientem,
3225 3440 3344 3496 qua:
3386 3422 3530 3494 apud

1949 3531 2038 3572 vos
2083 3526 2132 3570 et
2170 3533 2263 3572 nos
2293 3528 2413 3574 sunt
2459 3517 2730 3575 Ecclesia.
2759 3519 2828 3574 Et
2858 3519 2980 3590 quis
3017 3517 3152 3573 alius
3183 3517 3255 3572 sit
3297 3531 3533 3588 genero-

1951 3608 2064 3662 sior
2102 3619 2158 3663 et
2211 3607 2319 3664 ﬁde
2379 3609 2585 3679 Cyrillo
2638 3610 2874 3682 dignior,
2922 3611 2990 3666 ad
3040 3608 3300 3681 Cyrillum
3359 3608 3532 3663 inter-

1947 3699 2300 3769 pretandum,
2345 3710 2399 3756 et
2444 3701 2690 3772 ejusdem
2749 3701 3076 3758 sententiam
3115 3717 3307 3773 puram
3336 3709 3392 3756 et
3418 3701 3532 3755 bte-

1947 3791 2135 3848 reticis
2189 3793 2437 3848 misturis
2500 3810 2607 3849 non
2665 3795 3008 3866 inquinatam
3061 3794 3419 3859 constituere,
3474 3793 3534 3850 in

1946 3885 2144 3954 quibus
2211 3886 2591 3944 indilierenter
2651 3889 2865 3960 opinari
2900 3905 2960 3947 se
3023 3897 3081 3945 et
3116 3888 3419 3945 Orientales
3465 3889 3534 3943 de

1945 3979 2150 4048 pietate
2187 3982 2617 4038 renuntiarunt?
2651 3982 2903 4041 Ostendit
2962 3983 3108 4040 clare
3159 3997 3265 4039 non
3313 3981 3535 4038 diﬂ'erre

1953 4082 2010 4126 et
2075 4073 2204 4137 hoc,
2263 4075 2318 4128 in
2367 4090 2472 4129 una
2521 4091 2780 4146 persona,
2833 4077 2919 4134 vel
2969 4078 3022 4132 in
3083 4093 3190 4132 una
3250 4075 3536 4148 hypostasi

1955 4164 2090 4218 duas
2150 4175 2374 4221 naturas
2425 4167 2692 4225 indivisas
2750 4171 3022 4234 conﬁteri,
3102 4179 3156 4224 et
3209 4170 3334 4234 hoc,
3370 4183 3534 4222 unam

252 4270 434 4318 στοις
476 4252 521 4284 ⁸¹
567 4251 837 4321 Γραφαῐς
885 4251 985 4305 καὶ
1031 4251 1107 4319 τῇ
1155 4249 1489 4319 παραδόσει
1523 4251 1643 4305 τῶν
1665 4253 1844 4323 ἁγίων

1957 4254 2120 4310 Verbi
2171 4267 2421 4333 naturam
2473 4261 2808 4318 incarnatam
2851 4265 3034 4318 anima
3073 4262 3326 4318 rationali
3365 4275 3421 4318 et
3452 4263 3538 4318 in-

251 4345 541 4415 Πατέρων
565 4345 1028 4415 συμϐαίνουσαν
1056 4343 1271 4412 ἔχουσι
1287 4345 1496 4396 πίστιν
1521 4345 1584 4396 αἵ
1612 4361 1676 4398 τε
1711 4346 1844 4414 παρ’

1956 4348 2244 4420 telligibili.

252 4438 408 4509 ὑμῖν
457 4436 557 4491 καὶ
603 4439 663 4491 αἱ
699 4438 836 4505 ,παρ’
879 4435 1024 4505 ἡμῖν
1069 4435 1437 4503 Ἐκκλησίιιι.
1490 4435 1603 4491 Καὶ
1647 4436 1732 4499 τίς
1764 4436 1832 4490 ἂν
1877 4437 2036 4503 ἄλλος
2085 4441 2171 4512 εἴη
2207 4440 2726 4516 μεγαλοφωνότερος
2773 4447 2807 4516 ἢ
2834 4446 3277 4517 ἀξιοπιστότερος
3333 4445 3538 4516 Κυρίλ¹¹

257 4531 359 4582 λου
408 4529 677 4598 Κύριλλον
732 4529 1071 4600 ἑρμηνεῦσαι
1123 4530 1220 4582 καὶ
1271 4530 1333 4582 τὸ
1399 4528 1565 4582 αὐτοῦ
1633 4530 1888 4600 φρόνημα
1909 4531 2150 4604 καθαρὸν
2189 4535 2285 4588 καὶ
2327 4536 2714 4607 ἀκαπήλευτον
2763 4539 3046 4608 αιρετικῆς
3102 4538 3383 4608 ἐπιμιξίας
3426 4555 3537 4589 πα-

268 4627 534 4696 ραστῆσαι
563 4645 578 4693 ;
635 4626 696 4690 ἐξ
721 4619 796 4678 ὧν
823 4622 917 4680 οὖν
957 4627 1281 4697 ἀδιαφόρους
1305 4625 1548 4690 δοξάζειν
1575 4625 1738 4679 αὐτόν
1777 4642 1837 4678 τε
1861 4626 1955 4680 καὶ
1995 4629 2122 4692 τοὺς
2181 4629 2534 4692 ἀνατολικοὺς
2562 4633 2661 4701 τὴν
2699 4630 2982 4685 εὐσέϐειαν
3046 4633 3268 4686 ἀνεῖπεν
3293 4673 3310 4696 ,
3363 4630 3538 4696 ἔδειξε

267 4719 578 4785 περιφανῶς
605 4719 897 4787 ἀδιάφορον
943 4714 1082 4771 εἶναι
1123 4717 1217 4769 καὶ
1259 4717 1321 4768 τὸ
1355 4715 1440 4785 ἐφ’
1473 4717 1593 4797 an;
1657 4716 1953 4786 προσώπου
2020 4719 2138 4789 ἦτοι
2190 4722 2320 4789 μιᾶς
2364 4722 2715 4784 ὑποστάσεως
2759 4721 2854 4776 δύο
2908 4722 3007 4786 τὰς
3053 4722 3247 4793 φύσεις
3294 4725 3538 4797 ἀδιαιρέ-

262 4829 398 4876 τους
429 4811 726 4882 ὁμολογεῖν,
757 4810 852 4863 καὶ
888 4808 950 4862 τὺ
999 4808 1128 4878 μίαν
1157 4807 1250 4861 τοῦ
1284 4807 1459 4875 Λόγου
1478 4791 1922 4880 ’σεσαρκωμένην
1941 4809 2088 4881 ψυχῇ
2117 4811 2309 4883 λογικῇ
2338 4831 2395 4867 τε
2429 4814 2732 4886 καὶνοερᾷ.
3059 4873 3067 4880 _

335 4907 414 4960 Οὐ
472 4907 630 4976 μόνον
666 4905 725 4958 δὲ
766 4903 904 4976 πρὸς
951 4904 1077 4967 τοὺς
1111 4904 1210 4973 τῆς
1238 4903 1504 4973 ἀνατολῆς
1532 4904 1761 4974 γράφων
1789 4904 1844 4957 τὸ

2025 4905 2140 4960 Non
2168 4909 2237 4963 ad
2267 4905 2574 4963 Orientales
2627 4909 2788 4963 modo
2834 4909 3106 4975 scribens,
3157 4911 3390 4975 similem
3432 4913 3538 4970 illis

269 4998 534 5071 ὁμόδοξον
566 4999 754 5060 αὐτοῖς
782 5000 1071 5069 μαρτυρεῖ,
1116 4995 1236 5068 [8M
1276 4995 1370 5068 8.]
1401 4997 1536 5050 ἀλλὰ
1569 4997 1664 5049 καί
1692 5014 1844 5050 τινων

1965 5008 2202 5053 testatur
2246 5000 2585 5069 opinionem,
2635 5003 2732 5057 sed
2803 5003 3188 5058 accusantibus
3245 5007 3542 5071 nonnullis,

260 5091 652 5163 ἐγκαλούντων
682 5089 832 5160 αὑτῷ
869 5091 954 5143 ὅτι
995 5088 1094 5153 τάς
1123 5087 1217 5142 δύο
1241 5087 1434 5158 φύσεις
1458 5089 1844 5159 ὁμολογοῦντας

1961 5093 2105 5159 quod
2135 5093 2268 5148 duas
2299 5104 2526 5148 naturas
2571 5095 2896 5150 conﬁtentes
2930 5095 3238 5152 Orientales
3277 5101 3540 5167 suscepit,

257 5186 393 5248 τοὺς
444 5183 800 5247 ἀνατολικοὺς
832 5180 1068 5247 ἐδέξατο,
1117 5180 1279 5243 αὐτὸς
1309 5180 1446 5251 πρὸς
1493 5179 1844 5252 Οὐαλεριανὸν

1962 5182 2077 5252 ipse
2107 5186 2173 5240 ad
2202 5185 2544 5241 Valerianum
2574 5186 2742 5242 lconii
2769 5188 3081 5258 episcopum
3111 5189 3323 5253 scribit,
3349 5188 3542 5243 Orien-

256 5276 359 5330 τὸν
433 5275 658 5329 Ἰκονίου
714 5274 1012 5329 ἐπίσκοπον
1071 5273 1214 5345 ὑπὲρ
1265 5271 1445 5326 αὐτῶν
1500 5272 1724 5342 γράφει,
1777 5273 1844 5337 ὡς

1965 5277 2098 5332 tales
2159 5277 2470 5334 Nestorium
2523 5281 2834 5346 damnasse,
2864 5290 2921 5337 et
2945 5290 3258 5337 sanctorum
3315 5282 3542 5336 Patrum

337 5427 370 5458 ι
398 5414 606 5484 Ephes.
641 5430 716 5482 IV,
766 5416 817 5471 5.

1532 5545 1768 5601 VARIIE
1803 5547 2210 5606 LECTIONES.

337 5689 886 5763 τ’,λελαμπρυμένος
947 5690 1010 5743 Α.
1089 5692 1132 5722 ⁷¹
1185 5689 1421 5758 ἔμπλεον
1465 5688 1559 5764 Α.Δ
1601 5687 1652 5764 ξ’
1682 5688 2041 5764 θεοσεξῖάστου
2066 5709 2147 5764 ςη
2200 5691 2247 5722 ’³
2283 5694 2717 5764 προκομίσαντος
2745 5713 2806 5757 ς’.
2910 5697 2956 5728 ’⁵
2991 5690 3169 5764 οὗτος]
3225 5695 3541 5752 1ίΙ›1·ἱοῦτω’

258 5761 313 5795 ﬂ
366 5751 542 5813 αἴτιον
571 5751 631 5812 ’Λ
657 5751 672 5812 Ξ
700 5751 847 5837 ἀξιον
883 5778 941 5823 ς.
979 5830 992 5837 -
1022 5762 1066 5791 ⁷⁸
1107 5751 1228 5812 libri
1260 5759 1742 5837 npou‘optgpanicav‘.
1817 5761 1860 5790 ⁷⁷
1901 5751 2302 5834 ἀνακηρύττειν
2328 5751 2399 5828 ’ςκ
2462 5751 2524 5796 ’⁷⁸
2557 5751 2772 5834 ἄνδρας
2811 5766 2919 5818 τῶν
2958 5751 3302 5837 γραμμάτων
3353 5771 3449 5832 τάς
3480 5788 3541 5837 ς·-

265 5831 316 5865 ¹⁰
354 5832 511 5902 ἡμῶν
533 5849 595 5896 ς.
671 5833 717 5860 ⁸ο
740 5826 819 5892 εἷς
866 5830 994 5901 γάρ]
1043 5832 1237 5897 Ephes.
1277 5826 1350 5894 ιιι,
1378 5826 1449 5884 εἰ(
1508 5831 1550 5861 ⁸¹
1577 5829 1879 5893 θεοπὶστοις
1910 5849 1968 5895 ς’.

557 5929 830 5986 Parnm.
871 5927 984 5984 Gn.
1022 5926 1175 5986 Clll.
2278 5986 2288 5998 ,
3139 5931 3212 5989 63
