4004 6522
546 427 684 493 1035

1734 417 1998 481 PHOTII
2027 415 2535 480 PATRIARCHIE
2571 417 2682 480 CP.

3656 417 3775 481 1036

539 539 955 596 consensionem
1023 537 1292 592 sinceram
1350 549 1590 601 servare,
1647 547 1894 592 sanctam
1931 535 2078 607 Virgi

2208 533 2503 604 Νεπόριον
2542 532 2643 604 μὲν
2687 531 2738 585 οἱ
2794 527 3099 585 ἀνατολικοὶ
3129 527 3530 598 κατακρίνουσι,
3563 527 3654 580 καὶ
3683 527 3771 596 τὴν

532 649 656 688 nem
724 631 813 686 Dei
875 629 1209 684 Genitricem
1291 628 1574 683 nobiscum
1638 628 1982 695 conﬁtcntes,
2045 638 2096 684 et

529 739 698 778 unum
751 735 876 777 esse
937 720 1240 781 Christum,
1276 718 1469 773 Filium
1507 726 1559 773 et
1599 717 1884 773 Dominum
1927 735 1956 773 a
1994 719 2102 772 Deo

524 815 683 870 Patre
729 816 971 882 genitum
1015 811 1182 866 Deum
1224 810 1477 875 Verbum,
1513 820 1566 864 et
1598 810 1804 865 ultimis
1848 811 2103 879 tempori-

525 901 626 954 bus
678 913 708 954 e
764 897 991 951 muliere
1059 901 1115 949 in
1169 909 1330 948 carne
1411 904 1620 959 natum,
1689 903 1742 947 ct
1798 893 2098 963 perfectum

517 1008 642 1046 cum
704 1003 826 1044 esse
864 990 917 1042 in
979 988 1282 1052 divinitate,
1337 995 1394 1040 et
1443 983 1739 1052 perfectum
1796 985 1850 1038 in
1907 984 2102 1038 huma-

518 1085 712 1145 nitate.
784 1097 890 1135 non
964 1081 1018 1133 in
1070 1080 1204 1133 dllOS
1257 1077 1396 1132 ﬁlios
1455 1087 1508 1131 et
1565 1077 1814 1132 Cbristos
1875 1085 1931 1131 et
1990 1078 2099 1132 Do-

516 1174 695 1228 minos
729 1183 1069 1240 separantes,
1123 1181 1178 1225 et
1235 1170 1348 1223 haec
1412 1183 1726 1239 oppugnare
1792 1169 2080 1230 audentes.

515 1277 575 1322 ut
623 1266 913 1320 mendaces
943 1276 996 1318 et
1041 1262 1412 1316 fraudulentos
1458 1271 1512 1315 et
1549 1262 1814 1316 mendacii
1860 1263 1944 1316 sui
1991 1277 2093 1332 pa-

517 1369 654 1413 trem
709 1369 1094 1428 praetexentes,
1133 1356 1387 1411 detestari
1425 1355 1678 1410 hortatur
1705 1371 1770 1410 ac
1818 1356 2096 1426 refugere,

509 1451 617 1506 Sed
651 1452 785 1505 etin
813 1466 905 1513 ea,
935 1466 1055 1518 quae
1106 1450 1171 1502 ad
1204 1449 1466 1503 Acacium
1528 1448 1930 1503 Melitinenscm
1980 1448 2097 1516 cpi-

509 1559 755 1614 scopum,
785 1546 852 1596 dc
884 1542 966 1596 his
988 1540 1356 1596 Orientalibus
1386 1542 1464 1596 sic
1491 1541 1688 1595 habet:
1722 1540 1845 1594 Non
1868 1542 2098 1594 dividere

504 1653 594 1692 eos
665 1635 869 1706 270b
922 1649 1087 1686 imum
1146 1631 1349 1686 Filium
1396 1644 1442 1686 et
1486 1633 1798 1699 Christum,
1850 1649 2002 1701 quem
2072 1647 2099 1683 e

505 1725 669 1782 Patre
735 1727 918 1779 dicunt
969 1734 1028 1779 ut
1080 1724 1289 1787 Deum,
1337 1734 1385 1778 et
1436 1740 1500 1778 ea:
1549 1724 1765 1778 muliere
1821 1734 2002 1777 natum
2043 1723 2097 1777 in

503 1835 664 1874 carne
697 1830 750 1873 ut
790 1820 1073 1880 hominem,
1105 1829 1153 1874 et
1195 1819 1456 1887 quomodo
1507 1836 1607 1872 non
1647 1818 1979 1888 intelligatur
2007 1833 2092 1870 se-

2207 627 2317 681 τῶν
2355 627 2619 696 ΙΙατέρων
2663 624 2954 694 ὁμολογίαν
2985 623 3264 694 ἀκήρατον
3300 620 3642 685 διασώζουσι,
3684 618 3772 689 τὴν

2205 718 2370 785 ἁγίαν
2402 715 2680 785 Παρθένον
2704 714 2965 766 Θεοτόκον
2990 712 3106 782 μεθ’
3129 710 3284 781 ἡμῶν
3313 708 3772 781 ἀνομολογοῦντες,

2206 810 2302 862 καὶ
2332 809 2430 862 ἕνα
2476 807 2622 860 εἶναι
2653 805 2888 877 Χριστὸν
2914 807 3009 858 καὶ
3042 803 3170 857 Υἱὸν
3202 805 3297 857 καὶ
3334 802 3556 872 Κύριον,
3584 800 3677 853 τὸν
3715 801 3772 854 ὲκ

2207 898 2345 953 Θεοῦ
2390 899 2491 968 μὲν
2526 896 2740 968 Πατρὸς
2767 895 3098 966 γεννηθέντα
3125 894 3257 947 Θεὸν
3285 893 3476 961 Λόγον,
3509 893 3597 946 ἐπ’
3624 891 3775 962 ἐσχάο

2203 1011 2314 1048 των
2349 993 2405 1046 δὲ
2434 992 2528 1046 τὸν
2559 990 2728 1046 αὑτὸν
2756 991 2821 1042 ὲκ
2847 987 3107 1057 γυναικὸς
3134 986 3276 1041 κατά
3305 987 3481 1056 σάρκα
3501 986 3770 1056 τεχθέντα,

2203 1087 2300 1139 καὶ
2351 1084 2557 1137 τέλειον
2606 1079 2745 1136 εἶναι
2779 1082 2872 1134 τὸν
2923 1080 3084 1134 αὑτὸν
3112 1081 3169 1132 ὲν
3198 1079 3410 1140 θεότητι
3451 1079 3546 1132 καὶ
3575 1078 3772 1130 τέλειον

2201 1180 2260 1231 ὲν
2314 1175 2723 1246 ἀνθρωπότητι,
2788 1173 2850 1226 οὑ
2903 1170 3235 1243 διαιροῦντες
3291 1171 3370 1232 εἰς
3420 1169 3513 1222 δύο
3553 1168 3770 1237 υἱοὺςῆ

2201 1269 2476 1340 Χριστοὺς
2508 1268 2541 1338 ἢ
2578 1265 2816 1337 Κυρίους
2844 1279 2858 1292 ·
2892 1265 2990 1318 καὶ
3031 1264 3156 1327 τοὺς
3185 1262 3496 1331 τολμῶντάς
3521 1278 3572 1313 τι
3606 1261 3773 1326 λέγειν

2203 1363 2335 1417 κατ’
2373 1363 2556 1416 αὑτῶν
2590 1360 2668 1423 ὡς
2699 1359 2938 1430 ψεύστας
2979 1358 3075 1412 καὶ
3101 1356 3419 1417 ἀπατεῶνας
3447 1354 3542 1407 καὶ
3573 1354 3666 1405 τὸν
3687 1352 3771 1406 τοῦ

2199 1454 2432 1526 ψεύδους
2473 1454 2683 1508 ἑαυτῶν
2732 1450 3203 1522 προϐαλλομένους
3250 1447 3462 1517 πατέρα
3510 1445 3773 1515 μυσάττε-

2203 1547 2329 1600 σθαὶ
2389 1563 2446 1598 τε
2498 1546 2758 1616 παραινεί
2801 1544 2892 1596 καὶ
2947 1539 3388 1610 ἀποπέμπεσθαι.
3462 1538 3625 1590 Ἀλλὰ
3675 1538 3774 1608 μὴν

2201 1639 2298 1692 καὶ
2353 1641 2411 1691 ὲν
2445 1640 2511 1708 τῇ
2573 1637 2712 1708 πρὸς
2753 1636 3008 1690 ’Λκάκιον
3043 1633 3168 1705 1445
3213 1631 3307 1704 11.]
3352 1632 3443 1686 τὸν
3475 1631 3774 1701 Μελιτηνῆς

2202 1731 2506 1784 ἐπίσκοπον
2573 1730 2702 1800 περὶ
2769 1727 2878 1780 τῶν
2927 1725 3258 1780 ἀνατολικῶν
3295 1724 3436 1777 οὑτω
3467 1723 3658 1792 φησίν·
3697 1723 3774 1775 Οὐ

2203 1821 2549 1889 διαιροῦσιν
2582 1823 2669 1886 εὶς
2697 1819 2807 1873 δύο
2840 1819 2885 1850 ⁸⁸
2926 1818 3031 1871 τὸν
3060 1817 3169 1870 ἕνα
3205 1817 3343 1870 Υἰόν
3368 1815 3464 1869 καὶ
3499 1813 3771 1883 Χριστὸν,

504 1913 734 1966 eundum
764 1913 1148 1964 humanitatem
1181 1911 1345 1964 nostri
1378 1910 1591 1972 similis,
1630 1927 1792 1980 neque
1830 1909 1978 1962 Patri
2005 1925 2082 1962 se-

2197 1913 2304 1966 τὸν
2331 1914 2519 1967 αὑτὸν
2547 1912 2615 1966 δὲ
2643 1908 2800 1966 εἶναι
2829 1925 2980 1981 φασι
3023 1911 3130 1964 τὸν
3167 1909 3234 1962 ἐκ
3259 1907 3406 1963 Θεοῦ
3438 1906 3667 1974 Πατρός
3696 1907 3770 1970 ὠς

503 2008 735 2059 cundum
764 2004 1121 2070 divinitatem,
1178 2004 1280 2057 nisi
1307 2003 1638 2073 intelligatur
1682 2003 1839 2057 simul
1865 2013 1911 2055 et
1943 2002 2080 2056 Deus

500 2107 550 2153 et
605 2098 759 2151 homo
796 2095 954 2150 idem.
1013 2095 1166 2161 Quod
1211 2095 1488 2150 Nestorius
1553 2098 1784 2167 negavit.
1843 2097 1934 2151 Sic
1974 2114 2079 2152 nou

502 2190 680 2244 solum
715 2189 850 2243 duas
895 2198 1122 2243 naturas
1149 2186 1463 2243 Orientales
1503 2200 1812 2243 asserentes
1870 2187 2076 2242 salvat:

501 2279 598 2336 sed
644 2280 856 2335 tametsi
909 2281 1030 2347 quis
1061 2289 1301 2343 accuset,
1333 2293 1700 2350 propugnator
1732 2280 1810 2343 lit,
1838 2288 1893 2333 et
1939 2281 2080 2350 quod

500 2372 700 2425 mirum
730 2371 1009 2435 videatur,
1066 2372 1167 2428 etsi
1209 2386 1314 2426 non
1372 2382 1647 2440 apponant
1687 2373 1925 2434 indivise,
1973 2387 2078 2425 non

512 2459 644 2513 dicit
695 2459 842 2527 ipsos
894 2468 1120 2514 naturas
1150 2459 1411 2513 dividere.
1446 2457 1619 2513 Scivit
1651 2461 1875 2514 enimet
1915 2474 2078 2512 unum

497 2548 794 2618 Christum,
853 2564 1018 2604 unam
1076 2564 1384 2618 personam,
1416 2561 1470 2604 et
1524 2564 1688 2603 unam
1741 2549 2075 2619 hypostasin,

496 2642 589 2710 qui
620 2643 752 2696 dicit
779 2642 1029 2697 eumdem
1085 2642 1250 2695 Deum
1278 2650 1334 2695 et
1362 2641 1662 2704 hominem,
1709 2650 1762 2695 et
1790 2640 2075 2709 Deiparam

496 2733 798 2805 Virginem,
859 2734 1209 2789 nihilominus
1275 2733 1492 2787 etiamsi
1543 2733 1705 2786 addat
1799 2732 2073 2796 indivisos,

495 2835 558 2882 ut
591 2827 856 2882 conﬁtens
883 2841 946 2880 ex
1003 2826 1164 2881 dictis
1227 2824 1484 2880 unionem
1554 2825 1971 2895 hypostaticam,
2002 2825 2077 2877 si-

461 2937 465 2940 ·
497 2918 614 2970 ιιιιιι
658 2927 714 2972 et
745 2921 845 2971 hoc.
870 2918 1160 2971 indivisum
1193 2931 1320 2971 vere
1361 2915 1598 2970 adducit.
1631 2915 1732 2981 Qui
1778 2916 1918 2968 idem
1950 2925 2078 2969 tnta:

492 3016 551 3062 et
579 3008 774 3063 divina:
823 3011 1107 3063 adamator
1155 3006 1421 3061 doctrinae
1474 3008 1666 3060 iterum
1717 3007 1783 3060 ad
1813 3006 2072 3060 Acaciqu

495 3100 748 3157 scribens
776 3119 790 3154 :
820 3099 1007 3164 'Licet,
1054 3101 1250 3171 inquit,
1321 3101 1455 3154 duas
1485 3115 1704 3153 naturas
1736 3101 1933 3163 dicere,
1981 3115 2077 3152 nec

2189 2005 2339 2059 Θεὸν
2374 2003 2471 2058 καὶ
2501 2004 2569 2057 ἐκ
2614 2001 2900 2074 γυναικὸς
2935 2003 3085 2056 κατὰ
3112 2000 3308 2068 σάρκα
3340 2000 3420 2066 ὡς
3441 1998 3767 2066 ἄνθρωπον,

2187 2097 2286 2153 καὶ
2323 2096 2403 2162 ὡς
2445 2097 2558 2149 οὐκ
2613 2094 2690 2149 ἂν
2713 2093 2912 2148 νοοῖτο
2951 2092 3268 2162 ὁμοούσιος
3296 2089 3441 2158 ἡμῖν
3471 2089 3619 2141 κατὰ
3661 2087 3766 2152 τὴν

2194 2190 2623 2259 ἀνθρωπότητα
2667 2186 2808 2241 οὐδὲ
2840 2185 2922 2251 τῷ
2964 2184 3145 2252 Πατρὶ
3176 2183 3326 2236 κατὰ
3359 2180 3474 2248 τὴν
3499 2180 3768 2246 θεότητα,

2185 2283 2238 2335 εὶ
2265 2281 2351 2350 μὴ
2375 2280 2570 2334 νοοῖτο
2605 2280 2748 2345 Θεός
2772 2294 2835 2331 τε
2866 2275 3014 2346 ὁμοῦ
3047 2275 3143 2329 καὶ
3165 2275 3524 2342 ἅνθρωποςό
3555 2270 3752 2336 αὐτὸς,

2185 2371 2217 2424 ὃ
2251 2371 2573 2438 Νεστόριος
2621 2371 2733 2423 οὐκ
2787 2368 3080 2437 ἀνείχετο.
3135 2365 3290 2418 Οὕτω
3342 2365 3403 2416 οὑ
3457 2365 3615 2431 μόνον
3672 2361 3762 2416 δύο

2185 2461 2448 2531 λέγοντας
2503 2459 2696 2530 φύσεις
2749 2460 2871 2522 τοὺς
2918 2456 3273 2517 ἀνατολικοὺς
3331 2454 3765 2517 κατασπάζεται,

2184 2553 2322 2608 ἀλλά
2377 2552 2480 2606 κᾶν
2527 2554 2809 2624 κατηγορῇ
2865 2569 2972 2612 τις,
3023 2551 3339 2620 ὑπέρμαχος
3399 2547 3622 2615 γίνεται,
3675 2547 3770 2600 καὶ

2186 2645 2268 2714 (τὸ
2304 2643 2637 2714 παράδοξον)
2685 2644 2789 2698 κᾶν
2814 2643 2887 2715 μὴ
2919 2643 3194 2713 προσθῶσι
3223 2641 3282 2693 τὸ
3313 2639 3669 2707 ἀδιαιρέτως,
3708 2637 3768 2691 οὐ

2181 2736 2329 2804 λέγει
2361 2736 2592 2806 διαιρεῖν
2647 2735 2846 2798 αὑτοὺς
2892 2733 2992 2796 τὰς
3051 2733 3262 2803 φύσεις.
3319 2727 3438 2783 Οἵδε
3487 2732 3594 2800 γὰρ
3621 2730 3696 2791 ὡς
3721 2728 3769 2759 ⁸⁸

2182 2826 2281 2878 ἕνα
2304 2825 2560 2894 Χριστὸν,
2605 2822 2664 2876 ἓν
2691 2823 3007 2893 πρόσωπον,
3040 2823 3169 2891 μίαν
3194 2822 3486 2874 ὑπόστασιν
3513 2820 3542 2870 ὁ
3575 2820 3766 2886 λέγων,

2181 2917 2275 2970 τὸν
2322 2915 2485 2968 αὑτὸν
2528 2915 2659 2966 Θεὸν
2711 2913 2806 2966 καὶ
2858 2913 3167 2982 ἄνθρωπον,
3213 2911 3308 2964 καὶ
3357 2911 3612 2962 Θεοτόκον
3670 2907 3768 2977 τὴν

2181 3007 2476 3078 Παρθένον,
2509 3006 2661 3059 οὐδὲν
2695 3001 2884 3078 ἦττον,
2920 3004 3023 3058 κᾶν
3060 3003 3134 3074 μὴ
3165 3002 3374 3075 προσθῇ
3405 3002 3466 3054 τὸ
3510 3000 3766 3067 ἀδιαιρέ-

2179 3117 2344 3165 τους,
2397 3099 2472 3162 ὡς
2528 3098 2806 3169 ὁμολογῶν
2853 3099 2917 3150 ἐκ
2967 3097 3076 3150 τῶν
3131 3096 3434 3167 εἰρημένων
3489 3094 3585 3165 τὴν
3645 3093 3769 3146 καθ’

491 3192 804 3246 divisionem
844 3203 1155 3244 naturarum
1205 3191 1314 3244 ullo
1374 3192 1528 3244 modo
1597 3191 1905 3260 intelligere,
1954 3206 2071 3244 cum

2189 3191 2481 3244 ῢπόστασιν
2503 3190 2721 3254 ἕνωσιν,
2751 3190 3064 3257 συνεισάγει
3091 3189 3185 3242 καὶ
3213 3187 3273 3240 τὸ
3297 3187 3511 3256 ἀληθῶς
3533 3185 3772 3254 ἁδιαὶρευ

488 3285 611 3355 quis
645 3282 901 3352 adjungat
957 3283 1226 3348 pradictis
1271 3283 1518 3336 unionem
1549 3283 1952 3352 hypostaticam.
2010 3281 2078 3334 Et

491 3375 561 3430 ad
613 3373 891 3443 Eulogiqu
957 3375 1223 3439 scribens,
1268 3375 1692 3428 consentientem
1747 3375 2082 3427 existimavit

489 3481 702 3530 secum,
765 3478 925 3518 unam
959 3462 1122 3518 Verbi
1168 3475 1414 3518 naturam
1466 3465 1802 3519 iucarnatam
1864 3465 2084 3520 creden-

493 3557 630 3621 lem,
689 3569 812 3610 cum
862 3556 995 3609 duas
1041 3564 1266 3609 naturas
1317 3554 1575 3610 iudivisas
1637 3556 1690 3609 in
1732 3557 1936 3610 unione
1984 3557 2084 3625 hy-

496 3649 767 3717 postatiea
824 3647 1175 3701 conﬁtentur.

2183 3299 2295 3336 τον.
2338 3282 2397 3335 'U
2435 3282 2599 3344 αὑτὸς
2641 3281 2698 3333 δὲ
2737 3284 2839 3351 τῆς
2876 3279 3150 3347 ἀσφαλοῦς
3181 3280 3273 3333 καὶ
3309 3279 3456 3342 θείας
3485 3279 3704 3347 εἰρήνης
3719 3277 3768 3306 ⁸⁸

2181 3375 2350 3437 ὅντως
2367 3373 2601 3445 ἐραστὴς
2631 3373 2792 3427 πάλιν
2811 3374 2946 3442 πρὸς
2959 3373 3217 3426 ’Λκὰκιον
3237 3375 3482 3444 γράφων,
3503 3373 3770 3434 Ἐνεστι,

2183 3467 2341 3537 φησι,
2367 3466 2463 3518 καὶ
2490 3465 2599 3519 δύο
2639 3467 2858 3534 φύσεις
2904 3464 3096 3519 εἰπεῖν
3119 3466 3185 3533 ⁸⁸,
3231 3465 3327 3518 καὶ
3361 3463 3446 3534 μὴ
3475 3463 3772 3530 διαίρεσιν

2184 3557 2304 3612 τῶν
2339 3558 2592 3628 φύσεων
2639 3557 2876 3610 ἐννοεῖν
2907 3574 3052 3622 πως,
3095 3556 3339 3610 ἐπειδάν
3378 3573 3468 3620 τις
3498 3554 3771 3622 συνάψω

2187 3649 2314 3715 τοῖς
2361 3648 2696 3718 εἰρημένοις
2755 3649 2872 3717 τὴν
2951 3650 3078 3703 καθ’
3137 3652 3478 3703 ὑπόστασιν
3527 3650 3768 3702 ἕνωσιν.

485 3739 602 3799 Καὶ
650 3739 760 3810 μὴν
808 3738 1144 3792 ἐπιστέλλων
1194 3740 1290 3792 καὶ
1332 3738 1468 3810 πρὸς
1512 3739 1772 3808 Εὑλόγιον
1838 3739 2091 3810 ὁμόδοξον
2147 3744 2362 3812 ἡγεῖται
2411 3741 2504 3794 τὸν
2556 3742 2688 3812 μίαν
2753 3742 2917 3812 φύσιν
2990 3741 3216 3810 λέγοντα
3282 3741 3377 3794 τοῦ
3436 3743 3612 3809 Λόγου
3676 3758 3763 3794 σε-

488 3831 852 3904 σαρκωμένην
893 3832 973 3903 τῷ
1000 3832 1094 3886 δύο
1141 3833 1330 3903 φύσεις
1367 3835 1707 3906 ἁδιαιρέτους
1747 3837 1806 3889 έν
1844 3838 1910 3908 τῇ
1947 3837 2070 3889 καθ’
2094 3837 2391 3892 ὑπόστασιν
2425 3835 2616 3891 ένώσει
2648 3854 2744 3889 συν
2760 3835 3130 3903 ομολογοῦντι.

559 3927 981 3996 Reprehendunt
1011 3929 1226 3996 quidam
1252 3932 1642 3997 expositionem
1673 3948 1832 4002 quam
1865 3931 2074 3986 faciunt

485 4015 812 4082 Orientales,
848 4027 902 4072 et
931 4019 1081 4071 aiunt
1129 4036 1145 4074 :
1173 4019 1352 4084 Quare
1385 4022 1523 4089 ipsos
1545 4020 1681 4075 duas
1710 4033 1928 4076 natura:
1943 4040 2071 4078 cono

484 4107 727 4176 fitentes,
799 4107 944 4173 tulit,
1019 4118 1068 4162 et
1115 4111 1308 4172 prwsul
1369 4111 1603 4166 laudavit
1688 4113 2075 4172 Alexandriae!

484 4196 793 4254 Nestoriani
848 4211 1099 4255 asserunt
1134 4201 1283 4256 illiilli
1335 4218 1552 4272 quoque
1586 4204 1666 4258 sic
1705 4206 1945 4269 sentire,
1981 4221 2076 4263 eos

485 4289 852 4356 involventes,
885 4292 978 4362 qui
1009 4292 1144 4347 nihil
1194 4303 1445 4350 accurate
1477 4296 1673 4350 sciant.
1709 4296 1938 4366 Oportet
1981 4314 2077 4352 au-

482 4391 596 4437 tem
631 4383 1150 4452 reprehendentibus
1200 4387 1315 4441 haec
1362 4390 1707 4458 respondere,
1741 4405 1847 4444 non
1893 4390 2074 4444 omnia

479 4486 606 4540 quae
654 4483 901 4526 astruunt
936 4475 1174 4538 sectarii,
1203 4475 1360 4529 vita-ri
1401 4485 1455 4530 et
1487 4477 1804 4544 reprehendi
1831 4477 2026 4533 debere
2057 4496 2070 4532 :

487 4578 658 4630 quare
685 4563 989 4620 Orientales
1027 4566 1160 4620 duas
1196 4575 1416 4620 naturas
1446 4569 1766 4623 conﬁtentes
1804 4569 2071 4630 admittit;

2262 3931 2756 4000 Ἐπιλαμϐἀνονταί
2778 3947 2922 3994 τινες
2941 3929 3041 3998 τῆς
3059 3930 3328 3993 ἐκθέσεως
3351 3928 3418 4001 ἧς
3436 3931 3768 3998 πεποὲηνται

2176 4026 2228 4078 οἱ
2260 4025 2590 4088 ἀνατολικοὶ,
2624 4024 2718 4078 καί
2751 4040 2905 4092 φασι·
2940 4024 3043 4078 Διὰ
3083 4024 3141 4076 τί
3181 4023 3290 4078 δύο
3314 4025 3528 4093 φύσεις
3552 4025 3776 4093 ὄνομα·

2179 4117 2400 4179 (όντων
2445 4116 2644 4170 αὐτῶν
2702 4117 3000 4184 ἠνέσχετο
3058 4117 3156 4168 καὶ
3205 4115 3506 4186 ἐπῄνεσεν
3559 4119 3596 4169 ό
3655 4115 3774 4184 τῆς

2195 4207 2693 4276 Ἀλεξανδρείας;
2753 4208 2818 4260 Ol
2871 4207 2928 4260 δὲ
2989 4207 3059 4260 τὰ
3089 4208 3384 4278 Νεστορίου
3443 4206 3772 4276 φρονοῦντες

2181 4299 2404 4366 λέγουσι
2433 4299 2686 4352 κάκεῖνον
2716 4298 2858 4352 οὕτω
2888 4293 3138 4369 φρονεῖν’,
3173 4299 3612 4370 συναρπάζοντες
3639 4302 3772 4361 τοὺς

2184 4388 2284 4441 οὐκ
2329 4389 2536 4454 εἰδότας
2583 4389 2644 4442 τὸ
2681 4390 2931 4459 ἀκριϐές.
2969 4391 3087 4460 Χρὴ
3132 4390 3188 4443 δὲ
3233 4393 3342 4454 τοῖς
3391 4393 3770 4461 μεμφομένοις

2183 4483 2367 4535 ἐκεῖνα
2397 4481 2577 4550 λέγειν
2613 4483 2696 4536 ὅτι
2727 4483 2787 4535 οὐ
2817 4482 3014 4548 πάντα,
3063 4484 3164 4536 ὅσα
3194 4482 3441 4552 λέγουσιν
3469 4486 3518 4536 οἱ
3549 4487 3768 4554 αἱρετι-

2181 4572 2289 4636 nol,
2324 4571 2550 4640 φεύγειν
2582 4574 2678 4626 καὶ
2701 4573 3086 4643 παραιτεῖσθαι
3114 4575 3217 4643 χρή
3241 4589 3254 4603 ·
3282 4573 3421 4626 ὥστε
3455 4574 3549 4626 δύο
3566 4576 3768 4642 φύσεις

477 4655 572 4724 pie
603 4657 744 4709 enim
778 4656 852 4710 illi
888 4657 1171 4726 asseruutf;
1205 4657 1513 4712 Nestorium
1548 4659 1789 4724 damnat,
1817 4675 1920 4714 non
1950 4661 2074 4728 quia

2189 4663 2438 4730 λέγοντας
2466 4664 2591 4726 τοὺς
2625 4664 2721 4733 μὲν
2755 4664 3106 4727 ἀνατολικοὺς
3141 4664 3465 4734 ἀποδέχεται
3495 4666 3769 4734 (εὐσεϐῶς

484 4744 620 4798 duas
649 4753 871 4804 naturas
906 4746 1061 4809 dixit,
1094 4750 1187 4802 sed
1220 4750 1375 4818 quia,
1399 4750 1529 4804 duas
1559 4765 1810 4805 asserens
1838 4761 2080 4815 naturas,

481 4834 739 4890 unionem
801 4838 1188 4904 bypostaticam
1231 4858 1332 4894 non
1365 4841 1594 4911 recipit:
1633 4841 2079 4910 quemadmodum

480 4939 598 4980 tum
653 4941 814 4981 uuam
861 4926 1021 4984 Verbi
1083 4941 1328 4984 naturam
1369 4947 1486 4987 esse
1544 4933 1903 4987 incarnatam.
1958 4931 2080 4987 Mox

474 5009 825 5071 enimsubdit
857 5031 870 5067 :
914 5013 1144 5068 Tametsi
1193 5017 1327 5072 duas
1367 5029 1589 5072 naturas
1615 5020 1894 5074 Nestorius
1911 5023 2078 5085 dicat,

479 5104 836 5171 differentiam
854 5109 1029 5161 carnis
1043 5120 1091 5162 et
1109 5109 1206 5163 Dei
1233 5111 1382 5166 Verbi
1399 5113 1722 5182 signiﬁcans,
1741 5113 1831 5168 sed
1847 5115 2079 5168 nonde

480 5197 730 5250 unionem
755 5197 1144 5267 hypostaticam
1173 5205 1443 5256 nobiscum
1465 5206 1763 5272 conﬁtetur.
1794 5205 1905 5259 Nos
1941 5209 2078 5258 enim

475 5288 592 5341 licet:
618 5290 1026 5359 coniungentes,
1064 5309 1230 5345 unum
1284 5293 1578 5361 Christum,
1629 5313 1790 5350 unum
1843 5295 2076 5360 Filium,

476 5393 642 5432 unum
688 5381 972 5436 Dominum
1006 5385 1337 5452 conﬁtentur.
1368 5386 1478 5442 Hoc
1513 5389 1815 5442 communis
1842 5389 2007 5458 ipsius
2026 5398 2080 5443 et

477 5468 831 5529 Orientalium
849 5477 1136 5531 contessio.
1165 5477 1363 5534 Deinde
1385 5496 1593 5534 rursum
1607 5481 1824 5536 adducit
1859 5479 1941 5536 :U
1947 5497 2070 5534 nam

488 5560 643 5619 Verbi
665 5579 912 5623 naturam
951 5573 1293 5626 incarnatam
1325 5574 1682 5642 conﬁtemur;
1714 5575 1866 5645 quasi
1922 5563 2068 5628 dice-

2184 4754 2290 4825 γάρ
2323 4748 2468 4807 οὑτοὶ
2503 4762 2679 4826 φασι),
2709 4755 3005 4826 Νεστόριον
3053 4757 3108 4808 δὲ
3156 4757 3497 4828 κατακρίνει,
3541 4760 3642 4828 οὑχ
3675 4760 3770 4812 ὅτι

2183 4845 2275 4898 δύο
2316 4846 2507 4913 φύσεις
2551 4845 2757 4913 ἔλεγεν,
2801 4847 2916 4901 ἀλλ’
2948 4848 3031 4900 ὅτι
3074 4847 3167 4900 δύο
3214 4848 3402 4917 φύσεις
3451 4849 3625 4918 λέγων
3653 4852 3772 4920 τὴν

2184 4939 2309 4992 καθ’
2339 4939 2638 4991 ὑπόστασιν
2671 4938 2864 4992 ἕνωσιν
2903 4941 2964 4992 οὑ
2998 4939 3270 5009 προσίετο,
3314 4939 3501 5008 ὥσπερ
3541 4941 3663 4992 οὑδὲ
3704 4943 3772 4994 τὸ

2186 5029 2314 5098 μίαν
2372 5029 2532 5096 φύσιν
2569 5029 2661 5081 τοῦ
2704 5030 2878 5095 Λόγου
2941 5031 3383 5099 σεσαρκωμένην.
3433 5031 3567 5083 Μετ’
3600 5030 3769 5098 ὀλίγα

2181 5123 2289 5192 γὰρ
2316 5122 2586 5190 ἐπιφέρει,
2626 5121 2700 5183 ὡς
2733 5120 2858 5174 Κᾶν
2881 5120 2992 5174 δύο
3024 5120 3171 5188 λέγῃ
3209 5123 3422 5190 φύσεις
3445 5123 3492 5152 ⁸⁸
3533 5125 3769 5176 Νεστό-

2169 5231 2326 5281 ριος,
2357 5215 2471 5280 τὴν
2495 5213 2787 5281 διαφορὰν
2803 5213 3114 5282 σημαίνων
3138 5213 3248 5282 τῆς
3276 5215 3500 5282 σαρκὸς
3522 5215 3621 5268 καὶ
3644 5215 3766 5268 τοῦ

2181 5301 2329 5354 Θεοῦ
2378 5303 2596 5368 Λόγου,
2639 5301 2776 5354 ἀλλ’
2806 5301 3005 5355 οὐκέτι
3036 5302 3153 5370 τὴν
3205 5303 3424 5356 ἕνωσιν
3476 5305 3769 5372 ὁμολογεῖ

2172 5391 2299 5458 μεθ’
2339 5388 2509 5457 ἡμῶν
2528 5405 2540 5418 ⁸
2587 5388 2758 5457 ἡμεῖς
2774 5389 2881 5458 γὰρ
2909 5390 3244 5458 ἑνώσαντες
3273 5392 3442 5458 αὐτὰ,
3473 5392 3581 5444 ἕνα
3625 5395 3767 5460 Χρι-

2175 5479 2362 5546 στὸν,
2421 5479 2528 5533 ἕνα
2580 5481 2736 5546 nov,
2789 5480 2900 5534 ἕνα
2946 5481 3166 5548 Κύριον
3217 5483 3643 5553 ὁμολογοῦμεν.
3688 5485 3765 5535 Ὃ

2174 5574 2351 5626 κοινόν
2385 5574 2532 5625 ἐστιν
2569 5571 2888 5643 ὁμολόγημα
2922 5573 3084 5626 αὑτοῦ
3131 5590 3191 5626 τε
3235 5573 3327 5628 καὶ
3363 5574 3473 5627 τῶν
3503 5573 3766 5627 ἀνατολι-

807 5739 810 5742 .
1789 5685 2029 5742 VARIIE
2063 5683 2447 5741 LECTIONES

546 5769 604 5858 ﬁ:
627 5775 709 5858 5}:
740 5777 833 5831 δύο
867 5781 990 5837 add.
1014 5781 1078 5837 Δ.
1155 5782 1201 5815 ⁸³
1228 5783 1303 5848 ὼς
1330 5783 1370 5838 Α
1395 5785 1528 5846 τός.
1607 5785 1652 5817 ³⁸
1677 5785 1897 5856 εἰρήνης
1925 5785 2048 5841 add.
2092 5785 2134 5839 Λ
2168 5791 2220 5838 ct
2244 5797 2350 5852 mg.
2384 5781 2447 5838 C.
2526 5783 2570 5815 ⁸⁵
2601 5781 2774 5836 εἰπεῖν
2797 5782 2891 5839 καὶ
2911 5782 3006 5839 δύο
3021 5783 3209 5852 φύσεις
3226 5783 3432 5858 φησις.
3494 5781 3763 5854 “quasi;

477 5836 610 5910 λέγῃ
635 5856 696 5905 ς.
