4004 6436
251 404 278 457 1
290 402 401 465 037

1397 400 1923 468 BIBLIOTHECA.
1962 426 2030 441 -
2066 400 2231 462 COD.
2282 399 2550 461 CCXXX.

3404 391 3542 458 1038

240 518 395 573 κῶν.
450 510 584 570 Εἶτα
630 516 726 569 καὶ
772 513 933 570 πάλιν
970 514 1185 585 ὲπάγευ
1217 519 1377 583 Μίαν
1404 519 1521 588 τὴν
1566 519 1671 573 τοῦ
1710 518 1848 571 Υἶοῦ

1954 528 2032 570 ret
2070 536 2085 573 ι
2141 515 2249 570 Nos
2286 513 2645 569 diiTereutiam
2676 511 2982 565 coeuntium
3009 494 3351 575 c’onﬁtcntes,
3402 512 3537 568 duas

242 610 452 675 φύσιν
491 606 903 681 ὁμολογοῦμεν
932 607 1427 677 σεσαρκωμένην,
1459 609 1591 661 ὡσεὶ
1628 608 1837 677 ἔλεγεν,

261 696 467 766 Ἥμεῖς
495 696 597 768 τὴν
633 696 893 767 διαφορᾶν
923 699 1031 751 τῶν
1060 698 1422 752 συνελθόντων
1451 698 1841 769 ὁμολογοῦντες

246 790 355 843 δύο
416 789 518 859 μὲν
566 788 796 858 λέγομεν
846 789 1060 859 φύσεις,
1114 790 1369 863 [8441ὶ.]
1424 791 1561 845 ἀλλὰ
1612 792 1706 844 καὶ
1741 794 1841 861 τὴν

246 878 458 934 ἕνωσιν
513 876 929 948 ἐξακριϐοῦντες
991 880 1336 951 συνάπτομεν
1388 880 1544 944 αὖθις
1594 881 1656 934 τὸ
1712 882 1841 951 μίαν

250 970 427 1040 φύσιν
450 967 546 1023 τοῦ
579 970 753 1037 Λόγου
791 972 1218 1041 σεσαρκωμένην
1240 991 1253 1003 ·
1285 973 1350 1025 τὸ
1381 974 1479 1043 μὲν
1512 975 1621 1044 γάρ
1648 975 1764 1025 ἐστι
1791 974 1835 1006 ⁸⁷

249 1061 357 1130 τῆς
388 1059 499 1112 τῶν
526 1059 837 1113 ἑνωθέντων
868 1060 1151 1130 διαφορᾶς,
1187 1063 1246 1116 τὸ
1284 1064 1339 1115 δὲ
1376 1063 1545 1132 αὐτῆς
1590 1063 1687 1131 τῆς
1716 1065 1838 1117 καθ’

255 1154 561 1208 ὑπόστασιν
608 1151 855 1216 ὲνὼπεως
886 1151 933 1183 ⁸⁸
980 1153 1298 1222 δηλωτικόν.
1366 1154 1457 1219 Ἐξ
1504 1147 1582 1208 ὧν
1621 1154 1677 1207 δὲ
1709 1153 1839 1221 περὶ

260 1245 560 1316 Νεστορίου
585 1245 712 1316 ἔφη,
759 1246 918 1317 μόνον
944 1248 1063 1318 ούχὶ
1087 1247 1245 1302 τοῦτο
1282 1248 1402 1319 βοᾷ,
1439 1249 1514 1312 ὡς
1544 1249 1611 1302 Εἴ
1650 1265 1714 1316 γε
1741 1247 1839 1318 τὴν

265 1337 456 1390 ’ἐνωσιν
487 1336 607 1407 μεθ’
638 1338 796 1408 ἡμῶν
830 1339 924 1391 καὶ
948 1339 1241 1411 Νεστόριος
1276 1339 1414 1409 ᾔδει,
1449 1338 1546 1392 ἕνα
1579 1338 1837 1410 Χριστὸν,

266 1430 363 1482 ἕνα
412 1429 556 1492 Υἱδν,
608 1428 707 1484 ἕνα
756 1430 961 1501 Κύριον
986 1431 1032 1463 θ’
1070 1431 1381 1502 ὁμολογῶν,
1420 1430 1719 1501 ἐδεξάμεθα
1773 1429 1841 1483 ἂν

260 1520 425 1575 αὐτὸν
446 1522 543 1574 καὶ
558 1521 652 1575 δύο
681 1521 906 1590 λέγοντα
931 1526 1142 1592 φύσεις,
1167 1524 1325 1594 εἴπερ
1352 1523 1440 1577 διὰ
1465 1523 1565 1593 τῆς
1586 1522 1841 1592 τοιαύτης

257 1614 449 1683 φωνῆς
474 1614 575 1683 τὴν
613 1613 877 1685 διαφορὰν
920 1615 1023 1683 τῆς
1053 1616 1253 1687 σαρκὸς
1299 1615 1394 1668 καὶ
1436 1614 1531 1668 τοῦ
1567 1613 1703 1667 Θεοῦ
1734 1615 1840 1670 Λό-

256 1721 361 1773 γου
395 1706 590 1776 δηλοῦν
625 1705 899 1773 ἐϐούλετο,
933 1707 1074 1761 ἀλλὰ
1124 1707 1200 1777 μὴ
1232 1707 1468 1778 διασπᾷν
1512 1708 1612 1775 τὴν
1647 1706 1841 1760 ’ἐνωσιν

250 1798 603 1868 ὲτεχνάζετο.
641 1800 703 1851 Εἰ
750 1800 806 1853 δὲ
834 1799 896 1853 τὸ
939 1800 1032 1853 δύο
1063 1801 1254 1869 φύσεις
1312 1801 1513 1869 λέγειν.
1557 1801 1633 1864 ὡς
1680 1799 1842 1861 αὐτὸς

1943 610 2159 678 quidem
2185 607 2478 662 asserimus
2508 615 2750 668 naturas,
2787 603 2881 658 sed
2916 612 2973 657 et
3011 602 3265 657 unionem
3320 604 3536 656 traden-

1944 710 2058 761 tes,
2093 696 2295 766 271a
2320 694 2425 748 hoc
2454 694 2639 747 statim
2665 690 3206 761 adjungimus,unam
3234 689 3395 743 Verbi
3415 705 3541 743 esse

1943 795 2067 839 natu
2078 801 2190 837 ram
2210 785 2575 838 incarnatam:
2602 780 2705 834 hoc
2719 778 2980 847 siquidem
3000 779 3068 833 de
3096 778 3371 832 unitorum
3391 774 3538 833 diﬂ‘c-

1943 878 2143 941 rentia,
2178 876 2309 930 illud
2340 889 2467 929 vero
2486 872 2877 944 hypostaticam
2906 869 3382 924 unioncmoswndi
3402 867 3536 920 LEX

1939 970 2134 1040 quibus
2154 971 2219 1025 de
2238 968 2487 1023 Nestorio
2506 966 2655 1032 dicit,
2680 973 2885 1019 tantum
2905 978 3007 1016 non
3031 960 3261 1016 clamat:
3284 959 3353 1015 Ut
3377 960 3419 1012 si
3441 973 3538 1012 no-

1940 1065 2154 1119 biscum
2188 1065 2436 1118 unionem
2471 1060 2750 1116 Nestorius
2776 1056 2991 1118 asserit,
3027 1072 3193 1109 unum
3234 1054 3535 1122 Christum,

1940 1175 2103 1214 unum
2121 1158 2426 1221 Dominum,
2446 1169 2609 1208 unum
2641 1151 2832 1205 Filium
2847 1147 3445 1214 conﬁtens,rccepinms
3476 1143 3541 1198 il‘

1939 1260 2050 1314 lum
2101 1250 2235 1305 duas
2264 1250 2529 1302 dicentem
2578 1253 2843 1299 naturas:
2877 1239 3365 1310 siquidem‘eadem
3411 1249 3543 1291 voce

1942 1342 2295 1398 diﬂerentiam
2334 1344 2515 1394 carnis
2544 1353 2609 1391 ac
2639 1338 2735 1391 Dei
2768 1335 2927 1390 Verbi
2968 1345 3194 1387 conatur
3231 1332 3541 1393 ostendere,

1942 1433 2034 1490 sed
2063 1448 2133 1488 ne
2170 1433 2460 1496 decerpere
2485 1426 2763 1482 veritatem
2790 1434 3016 1479 conatus
3039 1423 3128 1475 sit.
3156 1420 3213 1475 Si
3252 1432 3377 1472 vero
3408 1418 3541 1471 duas

1941 1536 2162 1581 naturas
2190 1524 2391 1581 dicere.
2441 1532 2497 1577 ut
2522 1523 2634 1592 ipse
2663 1520 2820 1583 dixit,
2881 1514 3238 1571 diﬁ‘ereutiam
3272 1510 3546 1582 signiﬁcat

1942 1619 2123 1673 carnis
2157 1625 2211 1672 et
2250 1616 2346 1671 Dei
2393 1614 2580 1681 Verbi,
2607 1623 2665 1669 et
2695 1614 2835 1667 hanc
2869 1623 3089 1666 servare
3116 1614 3332 1675 oportet
3376 1600 3540 1675 [posti

1942 1710 2193 1765 unionem
2228 1727 2241 1761 :
2266 1709 2520 1762 nimirum
2542 1705 2679 1762 duas'
2699 1714 2921 1759 naturas
2944 1703 3102 1756 docet
3138 1706 3260 1768 post
3286 1698 3544 1749 unionem

1945 1817 2182 1858 servare.
2214 1799 2521 1855 Dilferentia
2583 1798 2788 1853 scilicet
2838 1804 3072 1856 servata,
3108 1805 3331 1847 necesse
3365 1800 3449 1843 est
3477 1803 3545 1842 ca

252 1886 406 1954 εἶπε,
456 1891 554 1960 τὴν
584 1890 847 1959 διαφορὰν
902 1894 1159 1962 σημαίνει
1206 1895 1305 1964 τῆς
1345 1895 1545 1964 σαρκὸς
1596 1895 1691 1948 καὶ
1742 1893 1836 1948 τοῦ

1954 1894 2149 1960 εει-νοτί
2182 1895 2249 1947 de
2279 1893 2472 1961 quibus
2498 1890 2823 1946 dilTerentia.
2856 1885 3235 1941 EtOrientales
3255 1898 3438 1938 secum
3470 1881 3548 1934 ait

250 1977 399 2032 Θεοῦ
425 1981 553 2051 [444
587 1981 677 2051 Η.]
720 1982 912 2050 Λόγου,
946 1985 1042 2037 καὶ
1073 1984 1279 2054 ταύτην
1298 1985 1378 2038 δεῖ
1409 1986 1679 2051 σώζεσθαι
1704 1986 1843 2056 μετὰ

250 2077 358 2147 τὴν
386 2078 599 2138 ἕνωσιν,
650 2078 808 2147 δῆλον
842 2078 925 2131 ὅτι
955 2079 1176 2144 καὶτὰς
1213 2080 1307 2132 δύο
1358 2081 1600 2135 διδάσκει
1651 2080 1845 2149 φύσεις

263 2168 407 2237 μετὰ
442 2170 541 2238 τὴν
581 2169 775 2223 ἕνωσιν
810 2168 1077 2234 σώζεσθαι
1101 2187 1117 2201 ⁸
1147 2172 1250 2240 τῆς
1291 2171 1400 2241 γὰρ
1437 2172 1702 2244 διαφορᾶς
1732 2189 1840 2225 σω-

260 2260 517 2331 ζομένης,
572 2262 795 2331 ἀνόιγκη⁸
838 2262 932 2315 καὶ
979 2263 1049 2317 τὰ
1093 2255 1169 2317 ὧν
1206 2265 1238 2333 ἡ
1279 2263 1513 2335 διαφορὰ
1542 2264 1839 2318 συνδιασώ-

261 2349 471 2414 ζεσθαι.
505 2353 615 2406 Καὶ
643 2356 771 2415 τοὺς
815 2353 1170 2418 ἀνατολικοὺς
1210 2354 1255 2408 δ’
1286 2356 1458 2408 εἰπὼν
1500 2358 1852 2426 συμφρονεῖν

1952 1986 2281 2048 consentire,
2311 1993 2366 2037 et
2394 1997 2731 2052 nequaquam
2748 1994 2908 2034 unam
2927 1977 3083 2033 Verbi
3102 1986 3348 2031 naturam
3370 1977 3548 2027 incar—

1950 2089 2132 2134 natam
2161 2087 2486 2137 asserentes,
2505 2076 2598 2135 sed
2631 2075 2763 2129 duas
2802 2072 3020 2141 quidem
3048 2077 3355 2125 asserentes
3390 2076 3550 2119 natu-

1951 2186 2038 2225 ras
2052 2170 2388 2241 hypostatica
2406 2166 2603 2221 unione
2617 2165 2820 2229 unitas,
2841 2160 3363 2218 indiﬂ‘erentesvoces
3402 2155 3551 2211 clare

1948 2263 2268 2319 ostenditur.
2289 2262 2470 2329 Quare
2486 2259 2743 2331 synodus,
2770 2257 2871 2311 etsi
2886 2271 2992 2312 non
3010 2255 3212 2323 lingua,
3237 2260 3414 2307 tamen
3432 2262 3551 2302 seu-

1948 2356 2112 2411 lentia
2127 2370 2285 2409 unam
2300 2353 2608 2410 novitVerbi
2624 2362 2874 2407 naturam
2887 2350 3217 2404 incarnatam
3229 2343 3551 2416 praedicare.

254 2443 432 2513 αὐτῷ,
478 2445 654 2497 καίτοι
720 2442 974 2515 μηδαμοῦ
1042 2444 1322 2513 φαμένους
1386 2446 1517 2514 μίαν
1571 2446 1733 2514 φύσιν
1776 2444 1873 2499 τοῦ
1916 2446 2094 2516 Λόγου
2159 2445 2607 2518 σεσαρκωμένην,
2650 2442 2788 2498 ἀλλὰ
2847 2441 2939 2495 δύο
2999 2440 3099 2511 μὲν
3146 2437 3402 2505 λέγοντας
3452 2435 3551 2498 τὰς

254 2531 476 2597 φύσεις,
524 2534 811 2603 ἡνωμένος
867 2533 928 2587 δὲ
988 2536 1056 2605 τῇ
1112 2534 1233 2587 καθ’
1290 2536 1588 2590 ὑπόστασιν
1623 2535 1835 2601 ὲνώσει,
1877 2535 2201 2609 ἀδιαφόρους
2219 2538 2319 2600 τὰς
2370 2538 2555 2606 φωνὰς
2594 2534 2909 2605 περιφανῶς
2947 2531 3325 2600 ἀποφαίνεται.
3375 2529 3545 2589 Ὥστε

250 2627 407 2697 καὶῆ
428 2625 664 2691 σύνοδος,
688 2627 793 2680 κᾶν
822 2625 896 2697 μὴ
926 2628 996 2697 τῇ
1025 2624 1269 2699 γλώσσῃ.
1296 2627 1432 2681 ἀλλὰ
1455 2631 1521 2700 τῇ
1540 2646 1604 2697 γε
1628 2630 1673 2660 ⁹⁰
1700 2629 1915 2701 γνώμῃ,
1953 2630 2085 2698 μίαν
2124 2630 2285 2700 φύσιν
2326 2629 2618 2701 κηρύττειν
2647 2623 2755 2680 οἶδε
2774 2627 2866 2681 τοῦ
2892 2625 3067 2694 Λόγου
3096 2624 3546 2696 σεσαρκωμένην.

328 2820 448 2874 Ούκ
470 2821 534 2871 ὲκ
553 2818 662 2871 τῶν
688 2816 992 2890 εἰρημένων
1010 2816 1067 2870 δὲ
1094 2818 1254 2887 μόνον
1280 2820 1461 2889 ῥᾴδιόν
1478 2820 1521 2851 ’ί
1552 2822 1668 2873 ἐστι
1690 2822 1848 2875 τοῦτο

2032 2822 2147 2877 Non
2190 2818 2347 2872 modo
2388 2833 2419 2872 e
2448 2817 2605 2870 dictis
2644 2817 2745 2869 hoc
2776 2813 2934 2867 facile
2968 2823 3052 2865 est
3087 2814 3427 2881 perspicere,
3456 2812 3552 2862 sed

251 2913 522 2983 καθορᾷν,
558 2910 696 2964 ἀλλὰ
727 2911 820 2963 καὶ
867 2912 931 2963 ἐκ
985 2909 1079 2963 τοῦ
1128 2910 1375 2964 λιόέλλου
1420 2912 1481 2964 ὃν
1512 2912 1719 2982 ἔγραψε
1753 2915 1848 2984 μὲν

1957 2912 2121 2966 etiam
2157 2924 2225 2964 ex
2262 2922 2327 2961 eo
2361 2904 2540 2960 libello
2571 2917 2731 2972 quem
2762 2901 2979 2971 propria
3013 2915 3169 2954 manu
3186 2910 3409 2954 sanctus
3432 2899 3555 2951 Fla-

250 3006 440 3076 οἱκεῐᾳ
488 3006 634 3075 χειρὶ
682 3005 709 3057 ό
761 3003 1050 3065 θεσπέσιος
1103 3003 1420 3067 Φλαϐιανδς,
1456 3005 1750 3059 ἐπιδέδωκε
1797 3006 1848 3059 δὲ

1957 3004 2151 3056 vianus
2173 2997 2484 3066 concripsil,
2507 2992 2881 3049 etTheodosio
2899 2991 3213 3061 imperatori
3242 2989 3553 3058 inscripsit:

254 3097 527 3168 Θεοδοσίῳ
570 3097 647 3167 τῷ
695 3095 934 3165 βασιλεῖ·
980 3099 1013 3166 ἡ
1065 3096 1121 3149 δὲ
1156 3095 1371 3158 σύνοδος
1401 3097 1507 3166 πρὸ
1531 3097 1639 3150 τῶν
1677 3097 1848 3151 ἄλλων

1959 3093 2251 3149 concilium
2279 3103 2409 3143 vero
2454 3098 2579 3140 ante
2614 3086 2749 3139 alios
2796 3085 2938 3138 hunc
2988 3083 3089 3151 legi
3125 3082 3399 3150 praecepit.
3463 3080 3555 3135 Sic

252 3189 465 3258 ⁶ταύτην
500 3188 715 3260 ἔκρινεν
743 3188 1346 3259 ἁναγνωσθῆναι.”Εχει
1381 3188 1489 3259 γὰρ
1537 3191 1629 3242 ἐπὶ
1660 3190 1848 3255 λέξεως

1960 3186 2106 3240 enim
2141 3184 2215 3239 ibi
2250 3182 2316 3237 ad
2348 3178 2607 3233 verbum:
2641 3176 2848 3230 Etenim
2874 3174 3125 3228 eduabus
3150 3176 3359 3227 naturEs
3388 3173 3551 3227 Chri-

254 3276 364 3337 ὦδε
387 3298 402 3312 ο
433 3282 545 3336 Καὶ
592 3281 703 3351 γὰρ
734 3281 804 3334 ἐκ
855 3280 964 3335 δύο
993 3281 1239 3350 φύσεων
1265 3280 1704 3350 ὁμολογοῦντες
1743 3283 1848 3336 τόν

1954 3288 2090 3332 stum
2117 3272 2659 3345 postincaruationem
2683 3270 2739 3322 in
2776 3284 2880 3321 una
2918 3267 3186 3336 Itypostasi
3224 3265 3550 3333 conﬁtentes.

254 3376 523 3445 Χριστὸν
559 3373 713 3445 μετά
762 3374 878 3441 τὴν
927 3373 1241 3442 σάρκωσιν
1277 3373 1346 3427 ἐν
1372 3371 1482 3442 μιᾷ
1515 3373 1853 3428 ὑποστάσει

256 3471 362 3523 καὶ
398 3469 469 3523 ἐν
493 3469 584 3522 ἐνὶ
615 3468 934 3536 προσώπῳ,
963 3466 1072 3520 ἕνα
1098 3467 1376 3535 Χριστόν,
1407 3466 1517 3520 ἕνα
1558 3467 1714 3532 flor,
1745 3466 1853 3520 ἕνα

258 3563 484 3629 Κύριον
513 3561 941 3630 ὁμολογοῦμεν.
977 3556 1120 3613 Εἶτα
1164 3559 1264 3613 καὶ
1311 3560 1458 3629 μίαν
1504 3559 1621 3627 μὲν
1664 3559 1853 3628 φύσιν

255 3651 369 3707 to?)
400 3650 550 3706 Θεοῦ
567 3652 613 3682 θ’
636 3653 856 3720 Λόγου,
888 3649 1362 3717 σεσαρκωμένην·
1387 3647 1591 3717 μέντοι
1625 3648 1724 3700 καὶ
1759 3649 1855 3700 ἑν·-

255 3741 756 3812 ανθρωπήσασαν
781 3740 982 3811 λέγειν
1012 3743 1123 3795 οὐκ
1163 3740 1502 3808 ἀρνούμεθα
1520 3779 1535 3801 ,
1567 3737 1664 3790 διὰ
1696 3739 1758 3790 τό
1785 3737 1854 3800 ἐξ

261 3836 487 3909 ἀμφοῖν
508 3836 619 3890 ἕνα
647 3834 745 3888 καὶ
769 3834 874 3887 τὸν
901 3833 1089 3887 αὐτόν
1116 3829 1269 3886 εἶναι
1302 3832 1408 3883 τὸν
1431 3831 1652 3898 Κύριον
1684 3828 1855 3898 ἡμῶν

280 3928 528 3995 Ἰησοῦν
564 3927 847 3996 Χριστόν.

341 4022 412 4075 Σὺ
450 4020 507 4074 δέ
548 4034 639 4091 μοι
685 4020 877 4073 σκόπει
925 4017 1251 4072 κὰκεῖνο.Ἡ
1287 4015 1502 4079 σύνοδος
1544 4014 1784 4084 συνεχῶς
1808 4013 1855 4044 ³³

261 4116 358 4171 τὸν
408 4115 572 4170 αὑτὸν
618 4114 767 4182 λέγει
796 4113 895 4166 καὶ
925 4113 1021 4165 ἕνα
1050 4112 1306 4182 Χριστόν.
1336 4109 1509 4163 Τοῦτο
1540 4108 1596 4163 δὲ
1624 4110 1675 4161 τί
1707 4110 1855 4161 ἐστιν

258 4211 453 4278 ἕτερον
481 4209 514 4281 ἢ
547 4208 609 4262 τὸ
634 4207 732 4278 τὴν
766 4205 889 4260 καθ’
915 4206 1212 4261 ὑπόστασιν
1237 4203 1430 4256 ἕνωσιν
1461 4201 1764 4271 ὁμολογεῖν,
1795 4201 1855 4271 ἢ,

258 4304 315 4358 εἰ
345 4301 548 4373 βούλει,
575 4300 673 4369 τὴν
710 4299 841 4370 μίαν
870 4298 1034 4367 φύσιν
1058 4294 1154 4348 τοῦ
1185 4296 1362 4363 Λόγου
1390 4291 1856 4363 σεσαρκωμένηνς

258 4394 380 4450 Καὶ
405 4391 516 4464 γὰρ
547 4390 715 4462 χωρὶς
734 4389 779 4422 ⁸⁸
811 4389 922 4442 τῶν
950 4384 1242 4457 αἱρετικῶν
1272 4383 1623 4453 σοφισμάτων
1649 4383 1685 4452 ή
1715 4381 1856 4452 χρῆ-

263 4503 355 4550 σις
375 4485 515 4556 αῦτη
542 4483 933 4557 προφερομένη
960 4481 1020 4533 τὸ
1040 4480 1332 4549 ἀδιάφορον
1354 4475 1488 4547 ἔχει,
1511 4474 1650 4545 πρός
1673 4491 1738 4542 γε
1759 4473 1857 4545 τὴν

264 4593 499 4647 ’προειρη
510 4574 677 4645 μένην
712 4572 955 4626 διάνοιαν
973 4572 1041 4625 9⁵.

1960 3381 2006 3425 et
2025 3371 2079 3422 in
2093 3383 2198 3421 una
2226 3381 2449 3435 persona
2462 3379 2624 3416 unum
2648 3358 2935 3427 Christum,
2956 3374 3118 3412 unum
3140 3355 3364 3420 Filium,
3389 3372 3553 3409 unum

1960 3461 2244 3515 Dominum
2262 3456 2574 3524 conﬁtemur
2598 3472 2610 3507 :
2637 3453 2826 3505 deinde
2841 3460 2891 3504 et
2924 3466 3081 3503 uuam
3112 3459 3359 3504 naturam
3403 3446 3555 3502 Verbi

1962 3560 2313 3621 incarnatam,
2345 3559 2392 3602 et
2422 3561 2633 3601 carnem
2663 3546 2910 3599 indutam
2946 3544 3119 3597 dicere
3150 3558 3253 3597 uon
3280 3558 3552 3612 negamus,

1960 3644 2084 3713 quia
2114 3659 2142 3696 e
2196 3640 2402 3694 duobus
2455 3653 2617 3691 unum
2656 3646 2701 3689 et
2731 3636 2966 3690 eumdem
2992 3650 3104 3688 esse
3133 3633 3414 3687 Dominum
3453 3650 3551 3686 no-

1963 3746 2129 3787 strum
2155 3732 2339 3785 Iesum
2380 3728 2672 3782 Christum.

2033 4005 2116 4058 Tu
2144 4017 2274 4057 vero
2313 4010 2369 4054 et
2402 3999 2529 4053 illud
2560 3997 2864 4053 considera.
2886 3995 3182 4051 Concilium
3213 3992 3556 4047 continenter

1964 4096 2096 4152 dicit
2135 4094 2384 4150 eumdem
2421 4102 2478 4147 et
2510 4105 2675 4145 uuum
2733 4088 3031 4144 Christum.
3078 4085 3192 4140 [loc
3242 4098 3374 4139 vero
3425 4084 3556 4153 quid

1965 4190 2107 4245 aliud
2135 4199 2219 4244 est
2242 4200 2405 4257 quam
2436 4184 2693 4238 unionem
2723 4180 3117 4252 hypostatieam
3156 4176 3423 4241 conﬁteri,
3450 4178 3556 4239 vel,

1963 4281 2008 4335 si
2042 4280 2240 4348 placet,
2274 4291 2435 4331 unam
2478 4272 2638 4327 Verbi
2664 4280 2915 4325 naturam
2946 4267 3313 4322 incarnatam?
3337 4266 3555 4321 Etenim

1964 4372 2175 4440 absque
2203 4368 2579 4424 haereticorum
2610 4361 3041 4419 cavillationibus
3061 4399 3078 4423 ,
3118 4375 3247 4413 usus
3275 4359 3363 4412 hic
3395 4366 3557 4412 antea

1964 4465 2160 4520 allatus
2182 4460 2541 4518 differentiam
2568 4457 2809 4513 continet
2832 4454 2898 4509 ad
2931 4453 3243 4522 praedictum
3267 4465 3507 4506 sensum.

346 4630 555 4739 Ὠόπερ
666 4669 731 4720 ἐκ
761 4666 1012 4735 θεότητος
1063 4665 1156 4716 καὶ
1198 4659 1618 4732 ἀνθρωπότητος
1661 4658 1696 4728 ἡ
1732 4660 1848 4710 σύν-

2039 4641 2505 4711 Quemadmodum
2541 4647 2721 4692 autem
2753 4651 2821 4690 ex
2856 4633 3194 4689 humanitate
3227 4640 3389 4701 atque
3419 4630 3558 4685 divi-

268 4762 396 4825 οδος
439 4725 666 4829 λέγουσα
714 4759 805 4812 τὸν
855 4725 1061 4828 Κύριον
1106 4756 1264 4826 ήμῶν
1298 4725 1773 4825 ξίησοῦννΧριστόν
1798 4751 1848 4802 ἐ)

1963 4738 2136 4793 nitate
2162 4735 2439 4791 Christum
2476 4731 2759 4786 Dominum
2792 4743 2860 4783 ex
2896 4728 3107 4782 duabus
3160 4725 3367 4780 naturis
3401 4725 3552 4780 simi-

262 4816 606 4922 δύο-φύσεων
635 4850 836 4921 ὁμοίως
858 4816 1066 4917 ἀνευφη
1078 4816 1187 4916 μει,
1214 4816 1371 4899 οὕτω.
1401 4844 1495 4897 καὶ
1543 4816 1602 4897 ὲν
1647 4842 1842 4910 θεότητ

1967 4830 2086 4883 liter
2110 4826 2347 4899 synodus
2362 4821 2661 4893 prtedicans
2682 4820 2878 4874 iterum
2907 4818 3093 4873 laudat
3128 4817 3238 4872 :sic
3267 4827 3321 4871 et
3344 4817 3397 4870 in
3416 4816 3551 4870 divi-

261 4946 363 5002 καὶ
392 4907 844 5017 ἀνθρωπότητιά
872 4907 1106 5007 λέγουσα
1146 4907 1205 4991 ἐν
1256 4939 1379 4990 δυσὶ
1421 4934 1634 5001 δοξάζει
1667 4907 1843 5004 φύσεσ

1966 4922 2133 4976 nitate
2159 4928 2214 4974 et
2246 4914 2446 4988 271!)
2486 4911 2823 4968 humanitate
2864 4909 3051 4965 dicens
3096 4909 3150 4963 in
3191 4907 3400 4963 duabus
3429 4908 3552 4978 opi-

263 5045 363 5097 καὶ
389 5040 764 5110 συνομολογεῖ.
794 5038 871 5092 Οὐ
901 5036 1011 5106 γὰρ
1040 5038 1105 5089 ὲκ
1136 5033 1349 5087 τούτων
1380 5033 1479 5102 μὲν
1508 5032 1658 5084 ἐστιν
1682 5030 1713 5082 ὁ
1733 5030 1865 5099 Χρι-

266 5135 414 5198 στὸς,
444 5134 569 5203 ούχό⁴
592 5132 764 5185 ταῦτα
796 5129 883 5196 δὲ,
915 5127 1035 5182 οὐδὲ
1065 5124 1239 5179 ταῦτα
1275 5124 1394 5193 μὲν,
1423 5123 1524 5175 οὐκ
1552 5123 1610 5174 ὲν
1642 5120 1855 5179 τούτοις

259 5229 344 5290 δὲ,
376 5226 493 5280 ἀλλ’
521 5225 581 5290 ἐξ
623 5219 699 5276 ὧν
744 5224 881 5285 ἐστι,
913 5221 1009 5272 καὶ
1040 5219 1097 5270 ὲν
1147 5215 1359 5277 τούτοις
1402 5212 1728 5282 γνωρίζεται
1762 5214 1856 5264 καὶ

260 5317 444 5372 ταῦτὰ
471 5316 641 5368 ἐστιν.
668 5313 823 5366 Οὕτω
853 5312 911 5363 δὲ
939 5312 1033 5363 καὶ
1065 5307 1387 5378 Ἀμϐρόσιος
1415 5306 1444 5357 ὁ
1475 5302 1782 5372 θαυμάσιος
1800 5303 1857 5353 ἐν

260 5408 347 5479 τῷ
378 5409 507 5475 περὶ
538 5403 1001 5474 ἐνανθρωπήσεως
1026 5398 1274 5469 τετάρτῳ
1302 5392 1625 5463 δογματίζει
1672 5390 1818 5458 λόγῳ
1841 5406 1854 5419 ·

274 5502 380 5555 Ἐν
415 5498 497 5566 τῷ
526 5498 673 5565 Θεὸς
705 5493 856 5551 εἶναι
882 5493 1118 5557 αἰώνιος
1146 5491 1219 5543 τὰ
1246 5487 1358 5557 τῆς
1380 5485 1607 5555 σαρκὸς
1627 5480 1861 5553 μυστή-

1966 5022 2123 5065 natur
2146 5007 2357 5063 naturis
2389 5020 2454 5059 ac
2509 5003 2821 5057 conﬁtetur.
2878 4998 2996 5055 Non
3049 5004 3194 5055 enim
3234 5014 3300 5053 ex
3356 4998 3440 5053 his
3469 5009 3554 5052 est

1964 5102 2234 5163 Christus,
2273 5112 2450 5167 neque
2472 5097 2609 5158 haec,
2633 5108 2808 5161 neque
2828 5092 3061 5155 illa,non
3092 5093 3379 5160 inquibus,
3402 5089 3496 5144 sed
3525 5104 3560 5144 e

1960 5195 2156 5264 quibus
2212 5201 2315 5256 est,
2376 5200 2434 5243 et
2470 5188 2523 5242 in
2555 5186 2751 5256 quibus
2790 5184 3118 5256 agnoscitur.
3154 5182 3221 5237 Et
3279 5184 3394 5236 haec
3440 5181 3558 5239 fere

1960 5298 2107 5342 sunt.
2136 5287 2227 5342 Sic
2279 5298 2493 5353 quoque
2540 5281 2734 5337 beatus
2769 5278 3086 5334 Ambrosius
3107 5276 3243 5331 libro
3276 5293 3329 5330 tv
3359 5275 3435 5331 De
3468 5278 3556 5330 in-

1964 5383 2273 5436 carnatione
2310 5380 2469 5432 docet
2503 5397 2515 5430 :
2546 5373 2631 5428 Ibi
2685 5373 2821 5427 Deus
2868 5372 2933 5426 ab
2974 5382 3171 5428 (eterna
3215 5388 3324 5425 esse
3374 5373 3552 5425 carnis

1966 5475 2217 5545 mysteria
2242 5470 2509 5541 prazeidit,
2541 5484 2633 5521 nec
2650 5475 2946 5536 separatus,
2972 5466 3063 5519 sed
3093 5480 3248 5517 unus.
3268 5461 3555 5534 Postquam

1573 5649 1809 5707 VARIAE‘.
1862 5640 2246 5701 LECTlONES
2270 5681 2283 5694 .

339 5780 385 5811 '“
424 5781 542 5833 ἐστι
564 5782 608 5833 Α
639 5794 654 5833 :
684 5778 777 5831 ἐπί
812 5796 873 5843 ς.
947 5776 994 5807 ⁸⁸
1014 5772 1207 5835 ἒνωσίς
1239 5773 1353 5825 ἐστι
1386 5766 1683 5843 δηλωτικός
1716 5782 1778 5828 ς.

268 5852 321 5892 9‘
350 5850 489 5907 Θεοῦ
512 5851 634 5909 add.
673 5850 738 5905 A.
823 5841 879 5883 ‘9’
905 5846 996 5901 τὸν
1020 5844 1179 5900 αὐτὸν
1211 5841 1450 5913 συνεχῶς
1483 5858 1542 5905 ς.

1637 5824 1682 5870 θί
1716 5824 1883 5907 impie
1916 5832 1960 5884 A
1994 5849 2006 5884 :
2040 5824 2321 5898 καῖχωρες
2346 5841 2403 5889 ς.

1853 5761 1899 5793 ⁸⁸
1922 5760 2018 5812 ’ἐνα
2044 5752 2406 5826 Κύριον,ᾉὲνα
2437 5751 2658 5826 Υξόνᾼς.
2719 5746 2784 5826 _’°
2811 5762 2874 5813 γε
2901 5745 3107 5826 atld._A._
3156 5745 3219 5826 ’θ’
3247 5743 3367 5826 libri
3400 5743 3553 5812 ῥᾷόν.

2486 5823 2533 5855 ⁸⁵
2562 5820 2799 5881 διανοίας
2829 5835 2888 5882 ς.
2953 5819 2999 5850 ⁵⁸
3025 5813 3463 5887 ὲνὰνθρωπότητι
3492 5829 3552 5883 ς.
