4004 6438
317 15 328 18 -
353 13 394 18 -
417 0 616 18 -—n----'_.._"_.."

511 409 532 472 1
544 412 650 474 039

1653 404 1920 467 ΡΠΟἸἹῘ
1954 405 2460 468 ΡΑΤΒΙΑΒΟΠᾸΞ
2494 405 2599 468 CP.

3617 425 3727 488 1040

510 540 958 596 utrumqucuntts.
988 534 1034 577 ct
1072 540 1208 578 unus
1234 525 1284 576 in
1316 533 1555 594 utroque,
1581 525 1678 578 hoc
1703 537 1800 590 est,
1830 528 1884 579 in
1906 528 2096 581 divini-

2202 548 2293 597 pta
2324 531 2748 619 προσελάϐετο,
2780 531 2850 583 οὐ
2879 531 3252 619 διῃρημένος,
3275 534 3408 590 ἀλλ’
3437 535 3536 606 εἷς,
3553 545 3730 619 ἐπειδὴ

511 628 616 672 tate
639 627 686 670 et
717 618 1066 670 humanitate.
1093 615 1303 670 Rursus
1331 615 1470 670 idem
1490 617 1594 670 alio
1621 616 1780 679 libro,
1806 618 1946 673 unde
1970 635 2092 671 mtt-

510 715 692 762 tuatus
720 717 804 761 est
830 709 1018 760 doctus
1044 707 1279 779 Cyrillus
1318 719 1507 761 contra
1543 708 1866 770 Nestorium,
1891 710 1966 761 sic
1999 711 2096 763 bo-

509 817 612 853 nus
642 800 814 866 inquit
841 799 1161 854 Ambrosius
1192 814 1210 850 :
1259 797 1403 852 Unus
1455 799 1548 851 Dei
1581 798 1752 852 Filius
1782 800 1835 852 in
1873 811 2095 870 utraque

507 894 675 958 specie
699 892 846 945 verba
875 891 1026 958 facit,
1049 893 1256 957 quando
1281 903 1500 960 utraque
1512 893 1763 959 prwditus
1782 904 1972 944 natura
1995 904 2089 947 est.

507 983 621 1036 lloe
648 998 776 1037 vero
807 984 1008 1036 dictum
1048 983 1290 1051 corrupit
1321 983 1576 1044 Severus,
1611 983 1743 1036 nihil
1774 983 2091 1051 iniuriarum

507 1077 785 1130 omittens.
817 1073 991 1128 Vertit
1021 1075 1165 1128 enim
1221 1090 1380 1128 unam
1419 1088 1605 1128 vocem
1664 1075 1715 1128 itt
1761 1075 2007 1138 alteram,
2035 1087 2096 1130 ttt

506 1169 828 1238 persuadeat
853 1181 1112 1236 apparere
1134 1181 1263 1220 voce
1293 1181 1396 1218 non
1423 1176 1694 1231 naturam,
1724 1169 1817 1222 sed
1843 1167 2093 1237 loquendi

508 1259 818 1320 formulam,
849 1259 989 1327 quod
1024 1258 1196 1327 ipsum
1230 1259 1758 1325 reprehendimerilo
1783 1260 1962 1316 debet.
1994 1261 2093 1316 Ve-

509 1363 811 1406 rumtamen
846 1349 1111 1404 refellitur
1140 1353 1207 1403 ob
1250 1366 1402 1404 usum
1433 1351 1580 1406 vocis
1629 1353 1941 1421 przedictum
1971 1369 2091 1409 cum

509 1443 639 1496 dicit
671 1443 722 1504 iu
750 1453 976 1510 utroque
1012 1440 1150 1494 idem
1182 1441 1488 1510 designare.
1523 1442 1664 1509 Quid
1699 1443 1801 1498 sibi
1840 1443 1956 1497 vult
1989 1443 2090 1498 hoc

507 1534 687 1587 eodem
714 1547 810 1601 pro
843 1533 899 1586 in
947 1543 1186 1602 utroque.
1221 1533 1319 1586 hoc
1344 1542 1427 1586 est
1459 1531 1792 1603 coniungens
1827 1533 2089 1588 divinitati

507 1635 562 1681 et
582 1625 930 1687 humanitati,
965 1639 1133 1692 quare
1158 1625 1200 1677 si
1233 1623 1288 1676 in
1322 1634 1540 1694 utraque
1569 1623 1738 1689 dicat,
1796 1636 1856 1678 ut
1881 1626 2095 1680 sincere

510 1719 711 1771 habent
763 1718 921 1771 verba
963 1714 1258 1778 Ambrosii,
1292 1717 1407 1770 sive
1457 1717 1512 1769 in
1535 1727 1772 1781 utroque,
1803 1726 1865 1771 ut
1894 1717 2096 1788 impro-

509 1810 607 1863 bus
635 1808 722 1862 ille
749 1809 987 1875 sophista
1033 1821 1217 1862 vocem
1271 1807 1552 1876 depravat,
1602 1807 1950 1864 nihilominus
1975 1809 2094 1865 duae

2198 623 2262 673 τὸ
2289 622 2572 689 ἑκάτερον
2597 617 2683 687 εἷς
2721 621 2814 673 καί
2837 624 2870 674 d
2886 617 2972 686 εἷς
2990 623 3059 674 ἐν
3089 624 3363 692 ἐκατέρῳ,
3381 631 3630 690 τουτέστι
3651 617 3735 696 καὶ

2198 713 2430 780 θεότητι
2457 714 2553 766 καί
2584 713 2829 782 σώματι.
2861 714 3028 766 Πάλιν
3057 715 3112 767 δὲ
3155 717 3212 766 ὲν
3246 716 3386 788 ἄλλῳ
3426 720 3577 794 λόγῳ,
3608 729 3663 794 ἐξ
3685 728 3739 787 οὗ

2199 803 2294 855 καὶ
2333 805 2360 855 6
2407 802 2568 869 σοφδς
2613 801 2879 869 Κύριλλος
2918 804 3111 873 χρῆσιν
3156 807 3296 856 κατᾶ
3327 806 3603 881 Νεστορὶου
3629 836 3741 888 προ-

2199 897 2449 966 ήνεγκεν,
2501 894 2674 956 οὕτως
2722 897 2749 947 6
2800 896 3038 964 χρηστὸς
3083 897 3398 966 Ἀμϐρόσιός
3446 919 3622 972 φησιν·
3652 907 3742 976 Εἷς

2202 989 2352 1040 Θεοῦ
2390 988 2523 1052 Υἱὸς
2561 989 2629 1040 ἐν
2663 987 2911 1055 ἑκατέρᾳ
2949 987 3144 1053 λαλεῖ,
3173 989 3489 1060 ἐπειδήπερ
3523 996 3744 1065 ἑκατέρα

2199 1081 2386 1147 φύσις
2415 1079 2484 1132 ἐν
2514 1077 2693 1143 αὐτῷ.
2720 1078 2890 1131 Τοῦτο
2910 1077 2965 1130 δὲ
2994 1078 3054 1130 τὸ
3085 1078 3247 1150 ῥητὸν
3278 1081 3635 1154 ἐκακούργησε
3659 1091 3742 1157 μὲν

2199 1173 2458 1244 Σεϐἧρος,
2481 1172 2631 1224 οὐδὲν
2667 1171 2726 1224 δὲ
2766 1173 2865 1242 τῆς
2908 1172 3243 1240 κακουργίας
3287 1172 3552 1229 ἀπώνατο.
3584 1179 3744 1232 Μετα-

2203 1266 2426 1336 στρέφει
2478 1265 2577 1334 μὲν
2630 1265 2736 1334 γὰρ
2788 1264 2867 1325 είς
2907 1262 2969 1315 τὸ
3018 1263 3279 1330 ἐκατέρῳ
3316 1267 3412 1335 τὴν
3457 1267 3742 1338 ἐκατέρῃθτ

2200 1360 2402 1426 φωνὴν,
2440 1355 2526 1408 ἵνα
2558 1356 2722 1427 πείσῃ
2754 1352 3041 1424 δηλοῦσθαι
3073 1353 3159 1406 διὰ
3193 1355 3294 1424 τῆς
3331 1357 3512 1426 φωνῆς
3555 1361 3622 1430 μὴ
3663 1362 3745 1432 τὴν

2200 1448 2381 1517 φύσιν,
2406 1447 2539 1502 ἀλλά
2559 1448 2649 1500 τὸν
2678 1447 2877 1519 τρόπον
2901 1448 3002 1516 τῆς
3027 1446 3237 1510 λαλιᾶς.
3280 1446 3391 1500 οἷον
3431 1450 3487 1500 ἐν
3532 1453 3749 1524 ἑκατέρῳ

2199 1537 2387 1608 τρόπῳ
2418 1536 2547 1607 θείῳ
2580 1554 2639 1589 τε
2672 1535 2768 1588 καὶ
2795 1535 3120 1607 ἀνθρωπίνῳ
3170 1536 3519 1608 λαλεῖ.”()περ
3551 1541 3752 1594 αὐτόθεν

2202 1629 2304 1700 μὲν
2332 1628 2446 1700 ἔχει
2472 1629 2566 1682 τὸν
2600 1627 2853 1698 ἔλεγχον,
2879 1629 2940 1681 οὐ
2973 1629 3078 1699 μὴν
3113 1629 3246 1681 ἀλλὰ
3276 1630 3370 1682 καὶ
3397 1630 3483 1683 διὰ
3513 1633 3606 1701 τῆς
3636 1649 3750 1702 προ-

2199 1721 2495 1792 ειρημένης
2524 1721 2947 1792 ἐπιρῤαπίξεται
2980 1722 3249 1791 χρήσεως·
3282 1721 3354 1774 ἐν
3381 1721 3530 1791 αὐτῇ
3562 1723 3661 1795 γὰρ
3685 1726 3751 1777 εί-

2200 1808 2319 1862 πὼν
2342 1809 2512 1880 αὐτὴν
2539 1810 2638 1878 τὴν
2666 1809 2811 1876 λέξιν
2841 1810 2912 1863 ἐν
2939 1810 3196 1879 ἐκατέρῳ
3211 1811 3256 1842 ’⁸
3285 1811 3444 1873 αὐτὸς
3470 1813 3750 1883 ἡρμήνευσε

506 1899 852 1956 oﬂ‘enduntur
887 1909 1112 1952 natum.
1143 1899 1369 1963 Idcirco,
1404 1909 1465 1954 ut
1491 1899 1752 1963 diximus,
1777 1899 2097 1957 Ambrosius

2202 1902 2329 1974 [845
2345 1901 2434 1975 8.]
2465 1901 2516 1955 τί
2547 1900 2797 1972 βούλεται
2825 1897 2986 1973 αὐτῷ’
3006 1903 3066 1956 τὸ
3086 1904 3156 1957 ἐν
3183 1901 3312 1976 [MS
3335 1903 3428 1976 Η
3445 1904 3680 1974 ἐκατέρῳ
3693 1909 3750 1973 ³³,

507 1992 648 2061 quod
683 1992 737 2044 in
781 2001 998 2060 utroque
1027 2002 1112 2046 est
1160 1991 1365 2055 dicens,
1396 1992 1497 2046 hoc
1534 2002 1619 2046 est
1647 1992 1703 2046 in
1748 2004 1968 2063 utraque
1999 2011 2058 2048 re
2078 2033 2094 2057 ,

506 2085 572 2136 ad
607 2083 947 2137 divinitatem
981 2093 1036 2137 et
1069 2097 1286 2151 corpus,
1323 2097 1508 2136 vocem
1534 2083 1837 2139 traduxisse
1866 2086 2096 2141 videtur.

507 2175 726 2229 Elidem
746 2174 1073 2228 adAIbinum
1099 2175 1342 2228 scribens
1367 2191 1380 2228 :
1409 2172 1478 2228 Ut
1500 2175 1792 2242 perfectus,
1821 2175 2016 2246 inquit,
2042 2177 2097 2229 in

505 2259 732 2339 utraque
758 2276 951 2322 natura
980 2268 1071 2322 sit.
1099 2267 1203 2322 Sed
1246 2269 1507 2321 hactenus
1539 2267 1606 2323 de
1635 2269 1739 2322 his.

2197 1995 2476 2047 τουτέστιν
2507 1993 2845 2063 ὲπισυνάψας
2877 1996 2972 2048 καὶ
3001 1994 3218 2066 θεότητι
3251 1994 3349 2050 καὶ
3381 1997 3750 2066 σώματι.”Ωστε

2197 2086 2307 2138 εἴτε
2339 2085 2410 2138 ἐν
2434 2085 2686 2155 ἑκατέρᾳ
2715 2085 2890 2154 λαλεῖ,
2911 2086 2986 2150 ὼς
3011 2086 3122 2157 ἔχει
3142 2086 3202 2140 τὸ
3228 2087 3636 2159 ἀκακούργητον
3663 2087 3754 2141 τῶν

2211 2175 2537 2249 ’Λμϐροσίου
2591 2179 2872 2247 ῥημάτων,
2906 2174 3016 2230 εἴτε
3067 2177 3137 2230 ἐν
3168 2177 3454 2248 ἐκατέρῳ,
3489 2179 3562 2243 ὡς
3606 2181 3631 2232 ὁ
3671 2179 3754 2248 τῆς

2201 2269 2400 2332 κακίας
2431 2269 2690 2339 σοφιστὴς
2718 2270 2817 2338 τὴν
2848 2269 3034 2340 φωνὴν
3060 2269 3366 2340 διαφθείρει
3391 2311 3408 2333 ,
3444 2270 3592 2324 οὐδὲν
3619 2265 3755 2339 ἦττον

509 2359 562 2414 αἱ
593 2359 685 2413 δύο
717 2358 905 2428 φύσεις
947 2357 1253 2430 δηλοῦνται,
1320 2358 1454 2412 διότι
1503 2359 1532 2411 6
1575 2360 1740 2423 αὐτὸς
1774 2357 2128 2431 Ἀμϐρόσιος,
2168 2361 2245 2426 ὡς
2281 2363 2518 2433 εἴρηται,
2545 2363 2606 2414 τὸ
2629 2361 2700 2414 ἐν
2737 2361 2998 2429 ἐκατέρῳ
3026 2361 3216 2427 εἰπὼν,
3243 2360 3522 2414 τουτέστιν
3556 2363 3611 2414 ὲν
3643 2363 3754 2414 ἑκα-

510 2455 648 2522 τέρῳ
673 2451 998 2523 πράγματι,
1033 2450 1172 2523 πρὸς
1195 2451 1297 2519 τὴν
1329 2450 1560 2519 θεότητα
1591 2451 1688 2504 καὶ
1709 2449 1772 2504 τὸ
1802 2450 1962 2522 σῶμα
1989 2452 2087 2522 τὴν
2121 2452 2307 2523 φωνὴν
2349 2451 2689 2505 ἀποδέδωκεν
2719 2451 3108 2522 ἀναφέρεσθαι.
3139 2450 3252 2505 Καὶ

3338 2451 3475 2519 πρὸς
3546 2452 3754 2504 Ἀλϐζνον

510 2545 562 2599 δὲ
591 2544 820 2616 γράφων
853 2545 881 2596 6
910 2542 1095 2608 αὐτὸς,
1147 2542 1303 2608 Ἵνα,
1328 2542 1484 2613 φησι,
1515 2542 1744 2609 τέλειος
1759 2545 2090 2615 ὲνέκατέρᾳ
2126 2547 2308 2616 φύσει
2345 2547 2816 2618 τυγχάνῃ.Ἀλλά
2852 2547 3026 2601 ταῦτα
3067 2547 3166 2618 μὲν
3204 2548 3301 2599 ἐπὶ
3337 2545 3606 2599 τοσοῦτον.

579 2685 634 2740 Si
670 2699 797 2739 vero
829 2684 955 2753 quis
993 2681 1147 2736 nobis
1172 2681 1534 2736 Athanasium
1581 2683 1823 2753 proferat
1857 2683 1995 2738 libro
2030 2685 2097 2738 De

2279 2685 2340 2738 Εἰ
2373 2685 2428 2739 δέ
2458 2702 2542 2745 τις
2571 2685 2702 2756 ἡμῖν
2729 2683 3046 2739 Ἀθανάσιον
3069 2685 3128 2737 ὲν
3155 2683 3231 2754 τῷ
3252 2685 3395 2753 Περὶ
3431 2684 3758 2754 σιιρκὼσιως

511 2779 898 2843 mcarnatione,
933 2776 1254 2846 Gregorium
1298 2776 1426 2830 item
1455 2775 1918 2843 Thaumaturgum
1947 2778 2000 2830 in
2044 2777 2097 2829 li-

2207 2777 2532 2850 προκομίζει
2562 2776 2730 2846 λόγω,
2763 2776 2980 2831 καὶτὸν
3018 2776 3454 2847 Νεοκαισαρείας
3495 2778 3762 2848 Γρηγόριον

513 2877 612 2927 bro
644 2871 721 2926 De
749 2871 854 2940 ﬁde
884 2869 1219 2940 particulari,
1250 2869 1602 2938 prohibentes
1627 2868 1764 2923 duas
1790 2869 1842 2922 in
1883 2869 2097 2924 Christo

2202 2870 2260 2922 ἐν
2285 2869 2362 2939 τῷ
2397 2868 2540 2935 Περὶ
2583 2867 2696 2935 τῆς
2749 2867 2900 2921 κατὰ
2927 2866 3112 2936 μέρος
3156 2868 3444 2934 πίστεως,
3475 2866 3566 2920 δύο
3609 2867 3762 2935 λέγειν

513 2979 762 3020 asserere
811 2971 1033 3018 naturas
1070 2981 1084 3018 :
1123 2963 1261 3016 sciat
1285 2962 1375 3016 ille
1413 2961 1496 3032 (ut
1523 2975 1666 3032 saepe
1691 2961 1803 3032 iam
1841 2961 2097 3032 diximus)

2207 2961 2518 3025 κωλύοντας
2547 2960 2644 3015 ἐπὶ
2671 2960 2765 3014 τοῦ
2787 2961 2802 2990 ¹
2826 2957 3065 3032 Χριστοῦ
3099 2957 3198 3022 τὰς
3230 2958 3452 3028 φύσεις.
3486 2961 3766 3028 μανθανέτω

515 3073 690 3128 neque
720 3057 955 3125 reliquos
983 3054 1174 3109 Patres
1204 3055 1337 3108 duas
1367 3064 1591 3110 naturas
1617 3068 1886 3118 asserere,
1921 3068 2097 3122 neque

2202 3052 2354 3120 οὗτος
2387 3056 2470 3110 ὅτι
2501 3054 2778 3125 (καθάπερ
2811 3052 3028 3123 εἴρηται
3059 3051 3358 3122 πολλάκις)
3393 3051 3504 3104 οὐδ’
3537 3053 3587 3104 οἱ
3615 3052 3768 3104 λοιποὶ

515 3165 678 3205 unam
717 3146 1025 3216 complecti,
1057 3147 1150 3199 sed
1191 3154 1245 3199 et
1274 3143 1591 3215 frequenter
1629 3144 1924 3215 reiecisse;
1977 3152 2097 3216 post

2202 3149 2444 3217 Πατέρες
2465 3147 2526 3200 τὸ
2546 3145 2640 3200 δύο
2660 3145 2840 3214 λέγειν
2861 3143 3054 3212 φύσεις
3075 3141 3229 3195 οὐτε¹
3250 3141 3446 3205 ἁπλῶς
3460 3141 3763 3212 ἠσπάσαντο.

515 3243 662 3298 enim
698 3241 986 3296 adductam
1032 3238 1257 3292 indivist‘
1294 3252 1502 3301 vocent,
1539 3252 1713 3308 neque
1743 3246 1946 3292 temere
1989 3251 2097 3292 am-

2202 3237 2337 3292 ἀλλὰ
2362 3237 2457 3290 καὶ
2483 3233 2742 3296 πολλάκις
2793 3230 3106 3296 ἀπώσαντο,
3157 3231 3298 3301 μετὰ
3352 3233 3537 3302 μέντοι
3581 3247 3640 3300 γε
3682 3229 3770 3283 τοῦ

515 3333 705 3403 plexos
730 3345 874 3394 esse,
904 3343 1079 3397 neque
1105 3327 1408 3398 improvide
1444 3327 1590 3382 illum
1617 3327 1978 3397 explanasse;
2012 3344 2097 3384 ne-

2207 3327 2550 3398 ἀδιαιρέτου
2583 3324 2952 3396 προελθοῦσαν
2981 3324 3080 3396 τὴν
3109 3323 3292 3394 φωνὴν
3344 3321 3472 3376 οὐτε
3516 3321 3770 3392 προπετῶς

515 3440 625 3494 que
683 3423 828 3479 enim
883 3429 1232 3492 sumpserunt
1290 3420 1678 3476 inordinatum.
1737 3417 2097 3476 Convenientc

2207 3416 2598 3474 ἀσπάσασθαι³
2627 3414 2752 3470 οὔτε
2781 3414 3160 3478 ἀϐασανίστως
3207 3414 3422 3483 ταύτην
3469 3412 3773 3486 περιπτύξαι

518 3493 647 3572 vero
663 3531 786 3569 cum
805 3513 1078 3584 praedictis
1101 3515 1299 3568 unione
1331 3513 1687 3584 bypostatica,
1713 3529 1875 3571 nemo
1895 3515 2058 3585 272
2073 3532 2097 3568 a

2210 3509 2334 3564 σθαι
2381 3507 2645 3578 οὐμενοῦν
2675 3507 2776 3560 οὐκ
2810 3505 3114 3576 ἐλάμϐανον
3162 3505 3223 3558 τὸ
3274 3505 3636 3558 ἁδίστακτον⁹
3668 3519 3770 3553 συν-

519 3608 642 3677 pius
692 3605 842 3660 visus
868 3611 952 3659 est
994 3605 1086 3673 qui
1125 3603 1266 3657 hanc
1316 3616 1504 3658 vocem
1548 3602 1707 3658 valde
1748 3604 2097 3658 adamaverit.

2209 3599 2639 3672 ομολογηθείσης
2689 3599 2746 3651 δὲ
2795 3600 2907 3660 τοῖς
2955 3597 3192 3668 λεχθεῖσι
3223 3599 3323 3667 τῆς
3361 3596 3489 3650 καθ’
3509 3594 3774 3648 ὑπόστασιν

522 3701 692 3755 Nemo
713 3699 877 3768 igitur
909 3696 1074 3759 dicat,
1105 3694 1403 3749 nihilenim
1434 3695 1538 3750 hoc
1562 3696 1627 3749 ad
1656 3696 1937 3766 pietatem,
1964 3706 2023 3750 ut
2050 3697 2097 3750 iu

2209 3693 2480 3757 ὲνὼσεως,
2526 3689 2792 3760 οὐμενοῦν
2843 3689 3016 3753 οὐδεὶς
3066 3687 3222 3760 ὤφθη
3277 3689 3391 3740 τῶν
3440 3685 3670 3740 εὐσεϐῶν
3713 3683 3772 3752 μὴ

519 3790 742 3847 Christo
761 3787 900 3844 duas
929 3796 1154 3840 naturas
1183 3788 1366 3840 dicere
1397 3785 1589 3842 Patres
1621 3788 1976 3857 prohibeant;
2001 3788 2096 3844 sed

2209 3784 2333 3838 λίαν
2363 3783 2464 3854 τὴν
2511 3780 2696 3854 φωνὴν
2741 3780 3147 3850 ἀσπαζόμενος.
3179 3778 3273 3850 Μὴ
3325 3774 3425 3833 οῦν
3473 3777 3668 3846 λεγέτω
3707 3791 3773 3836 τις

519 3881 796 3947 ostendat,
835 3878 1058 3950 quando
1088 3887 1182 3932 aut
1206 3877 1298 3933 ubi
1311 3878 1631 3934 conﬁtentes
1661 3880 1913 3935 unionem
1930 3880 2097 3951 hypo-

2210 3876 2386 3949 (οὐδὲν
2421 3877 2532 3945 γὰρ
2555 3875 2714 3927 τοῦτο
2734 3873 2871 3944 πρὸς
2893 3873 2992 3943 τὴν
3014 3869 3318 3940 εὐσέϐειαν)
3345 3869 3423 3934 ὡς
3451 3871 3544 3924 ἐπὶ
3565 3864 3774 3939 Χριστοῦ

526 3974 778 4029 staticam
811 3971 951 4027 duas
981 3969 1162 4024 dicere
1189 3978 1412 4024 naturas
1447 3969 1678 4026 indivise
1714 3969 2097 4039 prohibebant?

2207 3968 2302 4022 δύο
2334 3967 2525 4037 φύσεις
2555 3967 2736 4035 λέγειν
2765 3967 2816 4018 οί
2848 3963 3088 4033 Πατέρες
3131 3963 3418 4016 ἐκώλυσαν
3440 3977 3458 3994 ⁶
3511 3962 3642 4016 ἀλλά
3687 3959 3776 4012 δει-

523 4067 735 4122 Etenim
753 4074 809 4119 et.
847 4064 928 4118 sic
947 4062 1071 4118 vide
1091 4061 1360 4130 quomodo
1387 4061 1532 4118 dicat
1563 4062 1896 4119 Athanasius
1925 4081 1940 4118 :
1984 4062 2097 4118 Not.

2214 4059 2396 4114 κνύτω
2424 4058 2557 4113 πότε
2597 4058 2632 4129 ἢ
2667 4056 2772 4111 ποῦ
2818 4055 2947 4118 τοὺς
2995 4054 3500 4125 συνομολογοῦντας
3540 4053 3637 4125 τὴν
3665 4049 3777 4104 καθ’

521 4162 660 4214 duas
693 4169 913 4212 naturas
965 4155 1315 4226 pradicamus
1342 4170 1506 4209 unum
1547 4153 1774 4220 Filium,
1827 4173 1985 4211 unam
2014 4156 2097 4211 ad-

2217 4149 2518 4206 ὑπόστασιν
2550 4148 2744 4202 ἕνωσιν
2771 4147 2864 4199 δύο
2889 4145 3068 4213 λέγειν
3093 4143 3283 4213 φύσεις
3313 4143 3638 4216 άδιαιρέτως
3659 4137 3777 4193 ἐκώ·

523 4261 730 4306 oratam
753 4260 802 4304 et
832 4265 992 4302 unam
1027 4263 1131 4301 non
1154 4246 1455 4301 adoratam.
1483 4245 1552 4300 Et.
1578 4247 1701 4316 quis
1727 4247 1961 4318 ignorat,
1989 4249 2097 4304 ador

2215 4242 2404 4297 λυσαν.
2434 4238 2548 4292 Καὶ⁴
2595 4240 2703 4308 γὰρ
2746 4237 3028 4290 κάνταῦθα
3056 4236 3157 4306 δρα
3192 4234 3309 4298 πῶς
3335 4251 3506 4305 φησιν
3527 4237 3554 4287 6
3583 4229 3778 4286 Ἀθανά-

525 4354 703 4398 ratum
740 4351 796 4396 et
834 4356 940 4394 non
977 4338 1262 4392 adoratum
1300 4337 1352 4390 in
1383 4337 1518 4392 duas
1543 4338 1757 4405 quidem
1793 4339 2097 4409 hypostases

2216 4335 2329 4396 σίος
2349 4350 2364 4362 ο
2415 4335 2497 4387 Οὺ
2526 4331 2636 4385 δύο
2666 4331 2884 4399 φύσεις
2935 4326 3339 4397 ὁμολογοῦμεν
3366 4329 3478 4380 τὸν
3504 4325 3611 4379 ἕνα
3645 4321 3776 4382 Υίὸν,

523 4436 772 4489 dividunt
825 4448 1015 4493 unum,
1049 4429 1444 4501 hypostaticam
1489 4430 1742 4484 unionem
1785 4430 2094 4498 praedicunt

2211 4428 2361 4497 μίαν
2429 4422 2862 4494 προσκυνητὴν
2929 4421 3026 4475 καὶ
3091 4421 3240 4489 μίαν
3307 4418 3777 4488 ἁπροσκύνητον.

534 4527 778 4590 Ἀκούεις
811 4525 927 4591 πῶς
955 4521 1076 4578 εἷπε
1106 4524 1488 4596 προσκυνητὴν
1521 4523 1616 4577 καὶ
1657 4523 2093 4593 άπροσκύνητον.
2133 4521 2246 4576 Καὶ
2271 4522 2354 4584 τίς
2383 4520 2483 4573 οὐκ
2511 4513 2650 4572 οἶδεν
2682 4518 2765 4570 ὅτι
2798 4517 2859 4569 τὸ
2891 4515 3267 4587 προσκυνητὸν
3297 4510 3454 4568 "xci.
3519 4510 3777 4584 ἀπροσκύ-

522 4624 722 4694 νητονδ
753 4623 834 4684 εἰς
860 4620 954 4675 δύο
990 4619 1090 4689 μὲν
1115 4618 1442 4682 ὑποστάσεις
1462 4619 1720 4688 τέμνουσι
1747 4619 1839 4672 τὸν
1869 4618 1986 4684 ἕνα,
2010 4616 2110 4688 τὴν
2142 4615 2262 4671 καθ’
2297 4615 2594 4668 ὑπόστασιν
2631 4610 2688 4664 δὲ
2725 4610 2919 4678 ἕνωσιν
2957 4607 3389 4678 ἐκκηρύττουσιν
3415 4623 3431 4672 ;

598 4762 704 4817 Sed
744 4761 923 4832 magni
954 4759 1234 4815 Athanasii
1266 4773 1461 4816 sensus
1488 4759 1669 4814 clarus
1696 4768 1801 4813 est.
1832 4757 2097 4812 Testimo-

2279 4748 2425 4804 Ἀλλ’
2450 4751 2484 4818 ἡ
2517 4747 2618 4817 μὲν
2647 4745 2742 4800 τοῦ
2775 4743 3015 4815 μεγάλου
3046 4741 3366 4796 Ἀθανασίου
3392 4740 3608 4794 διάνοια
3636 4734 3780 4808 δήλη·

503 4835 679 4912 ⁵ιιίιιιιι
704 4857 845 4926 quod
866 4852 1122 4924 Gregorii
1144 4851 1533 4922 Thaumaturgi
1560 4852 1780 4905 nomine
1811 4848 2097 4916 subiicitur

2223 4843 2257 4914 ἡ
2280 4842 2336 4896 δὲ
2359 4842 2453 4894 τὸν
2473 4837 2889 4909 θαυματουργὸν
2913 4835 3211 4908 Γρηγόριον
3235 4832 3648 4901 ὑποϐαλλομένη
3671 4832 3784 4896 χρῆ-

533 4949 676 5004 illius
701 4925 917 5013 quidem
961 4956 1081 4998 esse
1113 4942 1331 5004 dicitur,
1382 4940 1474 4995 sed
1514 4937 1832 5008 Apollinarii
1867 4951 1989 4991 esse
2021 4936 2088 4988 ab

2227 4949 2313 4996 σις
2343 4932 2580 5002 (λέγεται
2615 4931 2713 5000 μὲν
2745 4929 2854 5002 γάρ
2887 4929 3119 4990 ἐκείνου,
3152 4927 3244 4979 τὸν
3285 4927 3342 4979 δὲ
3399 4925 3784 4992 ’Δπολλινάριον

532 5038 770 5093 Surditas
804 5037 892 5090 illa
926 5032 1211 5088 manifeste
1243 5032 1501 5086 declarat.
1526 5029 1698 5084 llabet
1722 5028 1866 5084 enim
1902 5043 1917 5081 :
1955 5025 2019 5080 Et
2041 5043 2092 5080 es

2226 5023 2550 5095 εἰσκομίζει)
2595 5023 2920 5092 κατάφωρον
2955 5019 3357 5090 ’προϐάλλεται
3408 5017 3512 5090 τὴν
3559 5017 3783 5072 ἀτοπίαν.

532 5147 682 5184 rerus
740 5129 874 5182 Deus
909 5126 1019 5180 sine
1060 5141 1217 5177 carne
1256 5125 1311 5178 in
1358 5139 1512 5176 carne
1553 5123 1716 5185 uisus,
1761 5120 2021 5189 perfectus
2065 5119 2097 5171 ii

2229 5120 2390 5184 Λέγει
2423 5116 2530 5186 γάρ
2550 5133 2565 5146 ο
2593 5115 2702 5170 Καὶ
2727 5116 2858 5169 ἔστι
2882 5116 3022 5181 Oeric
3051 5112 3336 5178 ἀληθινὸς
3366 5116 3402 5166 ό
3441 5112 3704 5181 ἄσαρκος
3731 5106 3787 5160 ἐν

532 5240 649 5275 rem
680 5233 725 5275 et
764 5221 940 5272 divina
979 5219 1322 5286 perfectione,
1357 5231 1458 5267 non
1502 5215 1622 5267 duce
1662 5227 1920 5281 penance,
1953 5226 2097 5278 neqm

2217 5208 2396 5275 σαρκὶ
2442 5205 2824 5277 φανερωθεὶς,
2859 5204 3085 5270 τέλειος
3131 5203 3207 5272 τῇ
3239 5203 3507 5270 ἀληθινῇ
3553 5201 3645 5254 καί
3679 5198 3786 5260 θείᾳ

2217 5301 2564 5366 τελειότητι,
2601 5302 2672 5353 οὐ
2719 5299 2830 5352 δύο
2871 5299 3165 5367 πρόσωπα
3211 5296 3354 5350 οὐδὲ
3408 5297 3524 5349 δύο
3559 5294 3782 5364 φύσεις

2219 5391 2364 5445 οὐδὲ
2418 5390 2528 5460 γὰρ
2572 5391 2876 5459 τέσσαρας
2921 5387 3288 5456 προσκυνεῖν
3330 5386 3611 5456 λέγομεν.
3648 5381 3788 5451 Ὁρᾷς

2222 5484 2371 5546 ὅπως
2397 5482 2680 5554 πρόφανὴς
2711 5485 2743 5552 ἡ
2774 5481 3096 5544 δυσσέϐεια;
3148 5479 3222 5533 Τὸ
3265 5479 3475 5532 τέλειον
3503 5478 3614 5546 γὰρ
3641 5469 3788 5526 εἰπὼν

532 5317 654 5368 dum
681 5324 909 5368 nattmr.
949 5311 1128 5382 Neque
1159 5313 1297 5364 enim
1332 5319 1558 5379 quatuor
1605 5306 1832 5359 adorare
1867 5302 2112 5355 dicimus.

533 5403 699 5456 Vides
723 5403 992 5472 quomodo
1026 5409 1205 5469 pateat
1238 5400 1506 5468 impietas.
1541 5395 1673 5450 Nam
1707 5393 2003 5463 perfectum
2037 5389 2120 5442 di-

535 5509 666 5551 cens
694 5497 747 5550 in
768 5493 1068 5556 divinitate,
1097 5493 1489 5546 humanitatem
1516 5488 1763 5551 reticuit;
1790 5484 2121 5552 etadjicere,

1864 5660 2106 5718 ἾΑΒΙΔΕ
2150 5654 2555 5720 LECTIONES.

613 5804 657 5833 "
687 5804 924 5874 ἑκατέρα
951 5820 1093 5858 corr.
1132 5806 1168 5857 Λ
1204 5824 1216 5857 :
1248 5800 1514 5881 ἑκατέραν
1539 5815 1600 5861 ς.
1697 5799 1740 5828 9“
1769 5796 2008 5881 ἑκατέρᾳ
2041 5809 2184 5881 corr.
2214 5798 2282 5853 Α,
2389 5795 2443 5881 9"
2463 5792 2710 5864 ἐκατέρῳ
2743 5795 2781 5846 Δ
2812 5809 2822 5844 :
2851 5790 2927 5861 τῷ
2958 5791 3200 5862 ἑκατέρῳ
3231 5806 3290 5855 ς.
3403 5788 3418 5818 ¹
3453 5783 3552 5840 τοῦ
3591 5781 3702 5838 add.
3729 5779 3777 5828 A-

549 5870 740 5943 ὀῦτε]
765 5865 1087 5936 ιιιιόὐτωςῖ
1161 5865 1571 5932 ³ἀσπάσασθαι1
1615 5869 1794 5922 malim
1838 5865 2182 5942 ἀπωσασοαι.
2263 5870 2283 5897 ⁸
2311 5865 2622 5932 κατάφωρον
2670 5880 2728 5924 ιτ.
