4004 6434
291 369 425 435 1041

1353 373 1884 436 BIBLIOTIIECA.
1922 396 1993 406 --
2029 372 2196 432 COD.
2229 373 2499 435 CCXXX.

3428 366 3570 431 1042

283 482 434 536 κατά
455 481 556 553 τὴν
580 482 830 554 θεότητα,
858 485 958 555 τὴν
977 485 1374 558 ἁνῦρωπότητα
1408 485 1691 548 παντελῶς
1716 484 1870 538 ἐσιώ-

1983 484 2098 537 sine
2119 501 2273 538 carne
2294 486 2347 539 in
2368 502 2526 539 carne
2547 503 2832 555 apparens,
2864 484 3038 555 impia:
3058 485 3282 541 culturtc
3308 487 3565 540 acerbum.

281 591 454 646 πησε.
492 576 603 628 Καὶ
645 575 705 628 τὸ
748 579 1030 646 προειπεῖν
1077 577 1154 642 δὲ,
1180 580 1215 632 ό
1270 577 1539 646 ἄσαρκος
1589 577 1658 630 ἐν
1702 576 1882 645 σαρκί

279 668 678 735 φανερωθείς,
702 669 801 737 τῆς
837 670 1213 741 ’Δπολιναρὶου
1259 669 1661 741 φρενοϐλαϐοῠς
1692 686 1883 740 ,γεωρ-

281 758 411 827 γίας
451 760 648 830 πικρόν
688 765 802 814 ἐστι
845 761 1154 832 βλάστημα.

354 848 518 902 ’Λλλά
551 850 661 917 γὰρ
689 852 783 904 καὶ
808 853 839 920 ἡ
869 853 1081 922 χρῆσις,
1110 854 1178 924 ἥν
1226 854 1260 922 ἡ
1293 853 1505 920 αἵρεσις
1552 853 1878 924 προκομίζει

279 943 349 994 ὲκ
371 941 476 1009 τῆς
503 943 642 1013 πρὸς
663 945 940 998 Διονύσιον
965 945 1257 1015 ἐπιστολῆς
1284 945 1378 998 τοῦ
1395 945 1618 1000 Ἰουλίου
1635 946 1876 1017 Ῥώμης,

281 1035 660 1103 ἁναμφίϐολον
709 1038 809 1106 μὲν
859 1039 960 1092 οὐκ
1005 1037 1118 1108 ἔχει
1157 1039 1219 1092 τὸ
1251 1041 1501 1108 γνήσιον·
1535 1042 1565 1093 ὁ
1594 1040 1704 1111 γὰρ
1736 1039 1880 1109 ίερὸς

287 1125 580 1196 Κύριλλος,
611 1129 670 1180 ἐν
719 1130 785 1198 τῇ
820 1128 942 1180 κατ’
968 1129 1202 1199 Ἔφεσον
1229 1131 1434 1202 συνόδῳ
1484 1132 1549 1185 ἐκ
1595 1132 1696 1202 τῆς
1741 1132 1879 1202 πρὸς

290 1220 478 1272 Δόκιον
535 1221 825 1292 ἐπιπολῆς
871 1221 1036 1275 αὑτοῦ
1099 1224 1290 1294 χρείαν
1354 1223 1721 1294 προενεγκὼν,
1778 1225 1880 1278 οὐκ

293 1311 518 1381 ἠξίωσεν
546 1313 628 1375 είς
663 1316 886 1384 μνήμην
924 1317 1129 1384 ταύτης
1154 1317 1465 1374 ἐλθεῖν.⁸Ην
1491 1317 1548 1370 δὲ
1581 1321 1647 1390 τῇ
1677 1319 1878 1389 συνόδῳ

293 1402 708 1472 προανέγνωσεν
725 1405 770 1468 ⁵,
821 1403 966 1459 οὕτω
1012 1409 1122 1470 τοῖς
1174 1408 1419 1478 ῥήμασιν
1459 1407 1600 1478 ἔχει·
1664 1409 1727 1463 Ὁ
1768 1410 1876 1465 τοῦ

290 1494 441 1549 Θεοῦ
485 1498 618 1563 Υἱὸς
662 1499 990 1566 σκηνώσας
1028 1502 1098 1554 ἐν
1139 1501 1494 1569 ἀνθρώποις,
1526 1504 1638 1557 οὐκ
1665 1503 1877 1578 erar-

283 1586 495 1655 θρὼπῳ
521 1590 874 1660 ἐνεργήσας,
898 1593 1127 1657 τέλειος
1154 1594 1298 1660 Θεὸς
1322 1594 1394 1648 ἐν
1420 1595 1623 1664 σαρκί,
1646 1595 1876 1664 τέλειος

280 1678 598 1748 ἅνθρωπος
625 1679 694 1734 ἐν
723 1681 1055 1751 Πνεύματι’
1084 1687 1156 1739 οὺ
1184 1684 1294 1739 δύο
1314 1686 1455 1753 υἱοὶ,
1485 1682 1575 1752 εἷς
1597 1686 1716 1756 μὲν
1733 1687 1876 1757 γνή-

1985 585 2066 631 esl.
2105 592 2349 646 germen.

2055 848 2160 905 Sed
2209 850 2352 904 enim
2403 848 2774 904 testimonium
2827 850 2972 917 quod
3019 849 3242 903 hmresis
3292 848 3451 904 aﬂ‘ert
3503 866 3569 904 ex

1979 940 2204 1009 epistola
2253 938 2377 994 Julii
2423 937 2651 993 Romani
2689 941 2758 993 ad
2805 939 3163 1009 Dionysium',
3218 939 3356 991 haud
3409 939 3571 992 dubie
3609 979 3616 986 .

1981 1047 2087 1085 non
2139 1042 2223 1086 est
2272 1031 2587 1101 genuinum.
2643 1031 2856 1086 Etenim
2920 1041 3141 1084 sanctus
3199 1029 3435 1100 Cyrillus
3502 1030 3554 1083 in

1980 1125 2184 1195 synodo
2237 1123 2504 1194 Ephesina
2527 1140 2593 1178 ex
2616 1122 2844 1192 epistola
2867 1123 2932 1177 ad
2967 1121 3184 1176 Decium
3216 1121 3230 1193 ι
3242 1120 3369 1189 fort.
3415 1122 3567 1175 Deci-

1980 1215 2151 1288 mum]
2202 1217 2320 1288 ejus
2375 1231 2536 1271 usutn
2581 1217 2878 1281 adducens,
2943 1232 3049 1270 non
3101 1215 3354 1287 dignatus
3402 1216 3565 1268 estin

1979 1311 2293 1365 memoriam
2338 1309 2500 1378 hujus
2524 1311 2732 1376 venire,
2767 1324 2932 1380 quam
2979 1310 3032 1363 in
3076 1309 3283 1379 synodo
3317 1307 3568 1377 cognovit.

1979 1401 2064 1456 his
2093 1401 2270 1456 verbis
2304 1419 2318 1455 :
2356 1400 2533 1455 Filius
2571 1401 2668 1454 Dei
2707 1401 2951 1455 habitans
3003 1401 3056 1453 in
3087 1401 3408 1458 hominibus.
3465 1415 3568 1453 non

1976 1496 2030 1552 in
2055 1496 2262 1550 homine
2289 1513 2531 1564 operans,
2557 1496 2820 1566 perfectus
2851 1496 2987 1549 Deus
3016 1497 3070 1548 in
3092 1512 3270 1558 carne,
3299 1494 3564 1563 perfectus

1975 1587 2128 1640 homo
2174 1589 2227 1641 in
2252 1587 2478 1657 Spiritu,
2515 1605 2620 1642 non
2657 1589 2761 1641 duo
2797 1587 2916 1654 ﬁlii,
2951 1604 3085 1641 unus
3121 1587 3331 1658 quidem
3361 1587 3565 1657 genitus

1976 1678 2153 1734 Filius
2187 1697 2404 1734 carnem
2436 1697 2735 1746 assumens,
2781 1680 2918 1734 alter
2957 1697 3076 1733 vero
3110 1679 3262 1732 homo
3289 1679 3448 1731 morti
3476 1677 3568 1731 ob-

277 1787 420 1835 σιος
449 1769 585 1837 Υἱὸς
605 1772 924 1828 ἀναλαϐὼν
943 1774 1278 1844 ἄνθρωπον,
1307 1775 1434 1848 [M6
1460 1776 1554 1848 H.]
1585 1777 1786 1846 ἕτερος
1807 1779 1870 1830 δὲ

1977 1775 2185 1837 noxius,
2230 1783 2532 1842 assumptus
2576 1790 2609 1826 a
2655 1771 2763 1826 Deo
2795 1788 2813 1826 :
2845 1775 2934 1826 sed
2981 1789 3118 1826 unus
3162 1773 3468 1841 unigenitus
3511 1769 3567 1846 in

273 1862 503 1929 θνητὸς
526 1863 836 1932 ἅνθρωπος
865 1841 1237 1936 ἀναληφθεὶς
1267 1841 1387 1923 ὑπὸ
1410 1870 1516 1925 τοῦ
1535 1841 1707 1936 δερῶ,
1728 1841 1868 1926 ἀλλ’

1978 1863 2129 1928 creto,
2175 1841 2475 1933 unigenitus
2510 1864 2567 1917 in
2612 1873 2754 1917 terra
2791 1862 2952 1917 Dens.
2989 1862 3117 1916 Julii
3156 1877 3306 1930 papa:
3339 1841 3580 1930 quidem.

270 1949 370 2019 εἲς
411 1955 482 2007 ἐν
526 1955 760 2023 οὐρανῷ
792 1959 1167 2027 μονογενὴς,
1209 1961 1549 2030 μονογενὴς
1602 1962 1701 2015 ἐπὶ
1756 1961 1871 2033 γῆς

275 2047 532 2113 Θεός.Ἠ
586 2048 685 2118 μὲν
735 2049 830 2102 τοῦ
865 2051 1086 2106 Ἰουλίου
1118 2052 1276 2123 ῥῆσις
1323 2055 1357 2125 ἡ
1403 2056 1469 2125 τῇ
1507 2054 1708 2126 συνόδῳ
1753 2054 1869 2107 δια-

272 2140 588 2208 γνωσθεῖσα
602 2142 622 2174 ⁸
643 2142 868 2214 τοιαύτη
891 2160 905 2174 ·
935 2145 986 2197 εί
1017 2145 1075 2198 δὲ
1095 2139 1326 2216 γνησίαν
1354 2146 1472 2219 ⁴ᾔδει
1491 2147 1588 2218 τὴν
1605 2146 1788 2218 φωνὴν
1803 2146 1871 2217 ἣν

277 2235 350 2286 ὲκ
389 2233 488 2303 τῆς
540 2235 679 2303 πρὸς
723 2236 1002 2290 Διονύσιον
1043 2239 1413 2310 προφέρουσιν
1452 2239 1743 2311 ἐπιπολῆς
1775 2240 1871 2294 καὶ

279 2323 518 2394 μάλιστα
547 2324 845 2397 Νεστόριον
869 2330 1328 2404 κατακρίνουσαν,
1360 2331 1460 2385 οὐκ
1507 2331 1575 2389 ἂν
1619 2331 1870 2402 ὑπερεῖδε

276 2419 512 2491 ταύτην.

355 2513 479 2567 Ἔτι
508 2513 567 2567 δὲ
594 2515 816 2570 κάκεῖνο
841 2515 926 2569 δεῖ
957 2516 1206 2582 συνιδεῖν,
1235 2517 1311 2581 ὡς
1347 2515 1376 2568 ὁ
1402 2515 1566 2585 σοφὸς
1601 2515 1870 2587 Κύριλλος

264 2605 372 2659 τὸν
418 2605 705 2677 ἄνθρωπον
749 2609 829 2671 εἰς
872 2609 1247 2680 παράδειγμα,
1275 2609 1374 2679 οὐχ
1425 2610 1514 2662 ἵνα
1555 2607 1703 2680 δείξῃ
1740 2610 1870 2680 μίαν

268 2699 445 2768 φύσιν
469 2701 562 2752 ἐπὶ
582 2701 678 2754 τοῦ
709 2701 970 2771 Χριστοῦ,
995 2702 1438 2772 παραλαμϐάνει,
1471 2701 1600 2774 [848
1623 2700 1715 2774 8.]
1743 2703 1872 2756 ἀλλ’

267 2793 360 2854 ὡς
412 2792 479 2846 ἂν
511 2793 579 2846 δι’
599 2793 766 2846 αὐτοῦ
800 2796 901 2865 τὴν
944 2794 1067 2848 καθ’
1099 2795 1400 2848 ὑπόστασιν
1449 2797 1645 2850 ἕνωσιν
1693 2813 1870 2863 παρα-

269 2885 480 2956 στήσῃ.
510 2885 622 2938 Καὶ
651 2885 759 2958 γὰρ
799 2887 892 2939 ἐπὶ
923 2887 1022 2956 μὲν
1051 2888 1148 2940 τοῦ
1178 2887 1300 2941 καθ’
1323 2888 1470 2958 ἡμᾶς
1498 2888 1871 2959 συγκρίματος

267 2975 554 3046 ἑτεροειδῆ
584 2977 826 3046 φάμενος
851 2976 914 3030 τὸ
944 2977 1104 3047 σῶμα
1150 2979 1244 3030 καὶ
1292 2978 1392 3048 τὴν
1419 2977 1598 3049 ψυχὴν
1616 3019 1632 3042 ,
1669 2980 1766 3032 καὶ
1794 2979 1870 3044 ὡς

267 3067 551 3123 ὲνωθέντα
599 3068 727 3139 μίαν
767 3070 1055 3142 ἀνθρώπου
1108 3071 1483 3125 ἁπετέλεσαντ
1535 3071 1720 3142 φύσιν,
1771 3071 1872 3125 οὐκ

269 3161 566 3229 ὲπήγαγεν
585 3159 706 3215 οὔτε
728 3163 1254 3231 σεσωματωμένην
1271 3163 1394 3217 οὔτε
1410 3164 1866 3233 ἐψυχωμένηνεσ
1897 3193 1944 3256 c

270 3252 375 3306 ἐπὶ
399 3253 456 3306 δὲ
497 3253 593 3306 τοῦ
629 3255 804 3324 Λόγου
841 3257 970 3325 μίαν
1005 3256 1169 3326 φύσιν
1204 3256 1377 3312 εἰπὼν
1411 3258 1573 3321 εὐθὺς
1602 3257 1866 3312 συνάπτει

270 3343 340 3395 τὸ
366 3344 857 3414 σεσαρκωμένην.
877 3347 950 3399 Τὸ
979 3347 1087 3417 γὰρ
1122 3349 1416 3412 σπανιάκις
1441 3348 1612 3420 αὐτὴν
1623 3350 1867 3404 ἀποσιω-

268 3436 454 3504 πῆσαι
498 3439 598 3490 οὐκ
627 3439 979 3510 ἐναντιότητα
1010 3442 1108 3510 τῆς
1152 3440 1319 3493 αὑτοῦ
1360 3442 1608 3513 γνώμης,
1638 3443 1865 3512 βεϐαίω·

272 3545 365 3582 σιν
389 3529 446 3581 δὲ
473 3529 676 3599 μᾶλλον
701 3535 972 3602 μαρτυρεῖ
992 3548 1008 3564 ο
1035 3533 1296 3598 πολλάκις
1323 3535 1456 3606 γὰρ,
1481 3537 1619 3606 ὅπερ
1641 3554 1726 3600 τις
1747 3554 1868 3589 συν-

268 3619 422 3691 εχῶς
447 3622 653 3693 ἀναϐοᾷ
684 3625 777 3678 καὶ
804 3623 1027 3694 βεϐαίαν
1051 3627 1152 3697 τὴν
1179 3630 1308 3697 περὶ
1331 3627 1497 3680 αὐτοῦ
1522 3629 1680 3692 δόξαν
1699 3630 1865 3682 πᾶσιν

272 3712 566 3781 ὲνιδρύσας
594 3711 754 3782 οἶδεν,
791 3717 868 3779 ὡς
901 3717 1331 3789 ὁμολογούμενον
1371 3720 1467 3773 καὶ
1507 3719 1666 3790 δῆλον
1693 3721 1865 3775 ἐνίοτε

273 3803 592 3875 ἀποσιωπᾷ,
627 3805 715 3859 διὰ
745 3809 845 3878 τῆς
875 3807 1031 3877 σιγῆς
1060 3808 1161 3861 οὐκ
1195 3808 1402 3864 ἀθετῶν
1429 3809 1458 3863 ὃ
1480 3810 1738 3873 πολλάκις
1768 3811 1865 3864 ἀν-

278 3894 547 3965 εκήρυξεν
564 3897 607 3962 θ,
639 3896 776 3952 ἀλλὰ
799 3897 1016 3962 δεικνὺς
1057 3900 1202 3954 οὕτω
1230 3900 1448 3971 βέϐαιον
1475 3899 1614 3957 εἶναι
1642 3904 1738 3956 καὶ
1769 3921 1866 3956 πε-

282 3984 527 4054 ριφανὲς,
575 3986 650 4050 ὡς
701 3989 898 4058 μηκέτι
941 3991 1124 4059 φωνῆς
1177 3993 1313 4062 μηδὲ
1367 3995 1590 4065 μνήμης
1631 3995 1862 4049 δεῖσθαι.

275 4076 440 4132 Οὕτω
481 4079 658 4133 τοίνυν
693 4082 788 4133 καὶ
817 4083 846 4134 ὁ
878 4083 1041 4151 σοφὸς
1081 4084 1175 4137 καὶ
1204 4084 1527 4150 ἀδίστακτος
1569 4088 1668 4159 τὴν
1709 4089 1866 4142 εὐσέ-

272 4171 430 4224 ϐειαν
479 4171 748 4242 Κύριλλος
775 4175 837 4228 τὸ
869 4175 999 4245 μίαν
1028 4175 1274 4244 δοξάζειν
1316 4179 1480 4250 φύσιν
1521 4180 1618 4234 τοῦ
1664 4183 1862 4251 Λόγου,

270 4265 375 4316 καὶ
428 4266 640 4335 ταύτην
697 4269 1162 4342 σεσαρκωμένην,
1197 4273 1291 4325 καὶ
1342 4273 1648 4327 οὐδὲτοῦτο
1677 4275 1863 4339 ἁπλῶς

268 4355 416 4408 ἀλλὰ
439 4356 584 4428 ψυχῇ
603 4361 765 4430 νοερᾷ
787 4378 843 4414 τε
864 4362 906 4392 ³ο
924 4364 1018 4416 καὶ
1046 4363 1264 4432 λογικῇ,
1285 4363 1444 4418 τοῦτο
1457 4365 1522 4437 δὴ
1540 4364 1700 4418 τοῦτο
1727 4383 1865 4436 προ-

271 4447 609 4503 καταϐαλὼν
638 4453 678 4482 ¹¹
721 4453 816 4505 καὶ
865 4454 1317 4524 προθεμελιὼσας
1364 4457 1426 4510 ἐν
1463 4459 1584 4520 ταῖς
1604 4456 1866 4512 ἁπάντων

1974 1955 2138 2009 verba
2171 1954 2226 2008 itt
2268 1956 2474 2024 synodo
2516 1954 2650 2010 lecta
2688 1955 2805 2009 haec
2836 1953 2972 2021 fere,
3011 1953 3130 2008 sive
3176 1968 3361 2007 veram
3410 1959 3566 2008 sonat

1975 2060 2186 2111 vocem,
2217 2062 2382 2115 quam
2417 2061 2484 2102 ex
2510 2047 2739 2115 cpistola
2763 2047 2829 2101 ad
2856 2045 3172 2116 Dionysium
3194 2043 3486 2107 adducunt,
3513 2051 3567 2096 et

1975 2139 2213 2195 maxime
2272 2139 2583 2198 Nestorium
2645 2141 2912 2196 damnans
2956 2139 3101 2194 hanc
3154 2152 3263 2191 non
3320 2144 3566 2192 contem-

1978 2233 2110 2302 psit.

2042 2514 2125 2570 Ad
2150 2513 2264 2569 [nec
2290 2522 2347 2569 et
2369 2512 2496 2568 illud
2525 2509 2831 2576 sciendum,
2863 2511 3080 2567 beatum
3103 2510 3363 2582 Cyrillum
3387 2512 3566 2567 homi-

1973 2621 2098 2661 nem
2132 2620 2337 2675 ponere
2370 2620 2467 2675 pro
2486 2603 2762 2673 exemplo,
2788 2599 2892 2658 non
2922 2612 2981 2658 ut
3004 2603 3256 2658 ostendat
3282 2620 3442 2659 unam
3471 2623 3565 2660 na-

1976 2708 2150 2753 turam
2183 2698 2240 2753 in
2272 2697 2493 2752 Christo
2542 2710 2762 2765 capere,
2829 2696 2924 2751 sed
2978 2706 3037 2750 ut
3080 2695 3277 2765 272!)
3318 2711 3414 2765 per
3463 2698 3565 2752 hoc

1975 2793 2229 2847 unionem
2260 2790 2559 2846 constituat
2592 2789 3014 2860 hypostaticam.
3057 2789 3267 2843 Etenim
3305 2789 3356 2842 in
3388 2790 3565 2847 nostri

1971 2883 2397 2952 comparatione,
2438 2882 2669 2936 diversa:
2720 2880 2908 2934 format
2948 2894 3150 2948 corpus
3193 2891 3248 2934 et
3299 2882 3562 2948 animam,

1975 2986 2035 3029 ut
2066 2976 2217 3029 unita
2273 2989 2433 3028 unam
2491 2972 2790 3043 perfectam
2848 2971 3085 3027 hominis
3139 2983 3414 3041 naturam,
3458 2990 3562 3029 non

1973 3063 2174 3135 adjecit
2218 3073 2556 3132 corporatam
2604 3071 2654 3116 et
2705 3061 3032 3126 animatum;
3082 3063 3136 3116 in
3171 3061 3350 3117 Verbo
3398 3079 3564 3118 uua-tn

1974 3167 2224 3210 naturam
2253 3155 2458 3220 dicens,
2483 3154 2666 3210 statim
2691 3153 2938 3224 adjungit
2979 3155 3340 3212 incantatam.
3369 3156 3566 3212 Rarius

1973 3247 2117 3303 enim
2134 3245 2280 3300 illam
2305 3244 2558 3309 tacuisse,
2581 3259 2685 3298 non
2713 3245 3122 3314 repugnantiam
3142 3246 3562 3314 sententiarum,

1973 3341 2067 3394 sed
2122 3339 2296 3407 magis
2347 3337 2817 3392 conﬁrmationem
2875 3346 3128 3391 testatur.
3181 3337 3565 3408 Saepenumero

1973 3434 2118 3490 enim
2143 3433 2286 3504 quod
2306 3434 2427 3502 quis
2453 3433 2673 3487 assiduo
2700 3431 2920 3495 clamat,
2951 3439 3007 3486 et
3032 3431 3269 3486 validam
3301 3431 3418 3500 ejus
3444 3434 3564 3502 opi-

1974 3529 2190 3582 nionem
2231 3524 2483 3580 omnibus
2526 3523 2824 3590 inculcatis,
2875 3525 3029 3577 novit
3071 3523 3458 3580 utconicssum
3509 3533 3564 3580 et

1973 3619 2202 3683 clarum,
2231 3618 2512 3671 linterdum
2562 3615 2810 3680 tacendo,
2853 3616 3072 3670 silentio
3119 3631 3225 3670 non
3265 3621 3566 3672 contemnit

1971 3713 2114 3782 quod
2151 3712 2347 3779 smpius
2378 3709 2515 3764 dixit
2548 3726 2561 3762 :
2596 3708 2690 3762 sed
2726 3708 3020 3763 ostendens
3050 3709 3126 3763 ita
3157 3708 3371 3763 [irinum
3402 3720 3564 3781 atquc

1973 3815 2220 3874 apertum
2251 3818 2393 3867 esse,
2438 3813 2501 3857 ut
2543 3817 2644 3856 nec
2675 3801 2876 3865 verbis,
2915 3817 3016 3856 nec
3046 3805 3564 3859 commemoratione

1972 3895 2204 3965 amplius
2242 3894 2502 3962 indigeat.
2542 3891 2634 3948 Sic
2674 3892 2838 3962 igitur
2869 3892 3064 3947 doctus
3088 3903 3142 3947 et
3173 3894 3294 3962 pius
3341 3894 3564 3948 minime

1974 3989 2235 4044 vacillans
2284 3985 2519 4057 Cyrillus
2569 4002 2730 4040 unam
2761 3987 2918 4041 docet
2972 3984 3135 4039 Verbi
3188 3996 3460 4052 naturam,
3511 3997 3565 4041 et

1975 4081 2118 4135 illam
2144 4080 2515 4141 incarnatam;
2544 4079 2724 4131 ethoc
2748 4093 2852 4132 non
2879 4077 3227 4148 simpliciter,
3251 4077 3345 4130 sed
3379 4079 3563 4131 anima

1972 4171 2225 4228 rationali
2247 4180 2302 4226 et
2333 4170 2678 4241 intelligibili,
2704 4169 2820 4224 haec
2846 4184 3152 4234 assumens,
3179 4176 3234 4222 et
3259 4179 3418 4222 antea
3444 4169 3564 4222 ftm-
3605 4245 3608 4250 ¹

1971 4271 2108 4323 dans
2152 4269 2204 4322 in
2258 4267 2500 4322 omnium
2545 4264 2746 4319 animis
2775 4279 2871 4334 per
2913 4265 3304 4334 cognitionem,
3350 4275 3407 4317 ct
3456 4279 3564 4317 non

1973 4360 2387 4422 dubitationem,
2413 4369 2468 4413 et
2500 4367 2706 4412 natura:
2735 4356 3282 4426 comprehensionem
3309 4370 3374 4409 ex
3404 4365 3560 4425 parte

1974 4467 2253 4517 asserens,
2285 4451 2469 4506 omisit
2499 4449 2767 4519 reliquum
2791 4447 2970 4502 clTerri
2995 4456 3050 4502 et
3077 4445 3266 4500 audire
3306 4464 3320 4501 :
3358 4447 3561 4500 etenim

270 4536 500 4605 ψυχαῖς,
525 4538 615 4592 διά
648 4558 708 4593 τε
737 4542 1085 4614 τὸγνώριμον
1131 4545 1226 4599 καὶ
1254 4545 1741 4618 ἀναμφισϐήτητον
1772 4547 1866 4601 καὶ

1977 4545 2141 4600 multa
2175 4544 2400 4614 cogitat,
2440 4559 2544 4597 non
2575 4542 2752 4596 verbis
2771 4551 2825 4595 et
2849 4540 3157 4594 nominibus
3185 4553 3408 4594 sensum
3437 4553 3562 4592 crc-

275 4628 344 4678 τδ
377 4628 642 4700 σύντομον
664 4632 761 4703 τῆς
812 4633 1001 4705 ιρωνῆς
1028 4637 1136 4690 ἀπὸ
1167 4638 1370 4708 μέρους
1393 4638 1564 4692 εἰπὼν
1584 4639 1767 4710 ἀφῆκε
1802 4640 1868 4694 τὸ

279 4715 471 4769 λοιπὸν
502 4725 960 4804 συνεκφωνεῖσθαι
991 4727 1085 4780 καὶ
1117 4728 1594 4793 συνεξακούεσθαι.
1625 4733 1736 4786 Καὶ
1757 4733 1868 4804 γάρ

278 4809 433 4862 ἐστιν
462 4803 614 4876 οὗτος
641 4816 669 4868 ὁ
703 4816 870 4878 πολὺς
898 4818 957 4869 ὲν
991 4817 1222 4890 διανοίᾳ,
1248 4820 1310 4872 οὐ
1351 4824 1466 4886 τοῖς
1512 4823 1722 4893 ῥήμασι
1771 4824 1867 4876 καὶ

275 4904 396 4963 τοῖς
450 4905 712 4974 ὀνόμασιν
765 4909 854 4962 ἀεὶ
911 4909 1002 4964 τὸν
1040 4909 1165 4965 νοῦν
1187 4913 1629 4980 καταπιστεύων,
1663 4917 1777 4978 τοῖς
1805 4915 1865 4968 δὲ

277 4992 519 5062 νοήμασι
551 4996 645 5049 καὶ
672 4998 742 5050 τὰ
761 4999 986 5069 ῥήματα
1016 5000 1112 5054 καὶ
1139 5001 1479 5073 τὰ,ὀνόματα
1507 5005 1864 5076 συμμεταφέ-

284 5098 394 5151 ρων
421 5100 484 5136 τε
514 5087 607 5138 καὶ
637 5088 1141 5161 μεθαρμοζόμενος.
1177 5092 1379 5147 Ἀκουε
1400 5095 1511 5167 γὰρ
1557 5096 1610 5150 τί
1659 5098 1760 5167 μὲν
1811 5099 1870 5151 ὲν

277 5172 357 5242 τῷ
379 5173 587 5246 πρώτῳ
606 5177 725 5231 τῶν
753 5180 1080 5248 θησαυρῶν
1106 5181 1276 5251 λέγει,
1302 5185 1356 5237 τί
1388 5185 1445 5238 δὲ
1478 5187 1536 5238 ὲν
1565 5189 1687 5251 ταῖς
1733 5187 1871 5258 πρὸς

277 5263 582 5319 Σούκενσον
610 5269 936 5334 ἐπιστολαῖς.
975 5273 1065 5326 Ἐν
1100 5274 1295 5347 ἐκείνῳ
1331 5278 1430 5345 μὲν
1458 5278 1565 5346 γάρ
1593 5295 1728 5348 φησι
1779 5279 1872 5332 τὸν

277 5354 417 5408 Θεὸν
444 5360 484 5389 ¹²
505 5360 700 5428 Λ5γον,
731 5363 926 5435 ὑπὲρ-ἡ
937 5365 1054 5436 μῶν
1078 5369 1339 5440 ἀρχιερέα
1374 5371 1660 5439 γεγονότα,
1681 5372 1872 5444 ὥσπερ

273 5451 403 5506 τινὰ
447 5454 659 5525 ποδήρη
707 5458 800 5511 τὸν
850 5461 916 5513 ἐκ
963 5462 1184 5530 Μαρίας
1230 5464 1520 5532 ἄνθρωπον
1555 5467 1587 5536 ἢ
1629 5467 1721 5520 τὸν
1745 5468 1872 5520 ναὸν

1965 4638 2065 4704 dit,
2096 4638 2191 4694 sed
2237 4646 2420 4690 mente
2469 4638 2633 4688 verba
2683 4642 2738 4688 et
2786 4634 3007 4686 nomina
3056 4630 3346 4686 conferens
3401 4640 3562 4700 atque

1965 4730 2407 4788 accommodans.
2424 4727 2653 4782 Attende
2667 4725 2794 4795 quid
2811 4725 2948 4779 libro
2967 4725 3141 4792 primo
3171 4723 3561 4778 Thesaurorum

1963 4823 2129 4886 dicat,
2160 4819 2369 4888 etquid
2407 4818 2460 4871 in
2508 4816 2754 4886 epistolis
2787 4815 2853 4868 ad
2901 4817 3260 4870 Succensnm.
3298 4815 3371 4870 lbi
3417 4816 3561 4870 cnim

1962 4915 2096 4970 dicit
2131 4931 2145 4967 :
2174 4911 2341 4966 Deum
2368 4909 2592 4964 Verbum
2627 4925 2723 4977 pro
2757 4909 2902 4963 nobis
2951 4925 3213 4963 summum
3247 4909 3557 4978 ponti/irem

1973 5007 2194 5077 factum,
2223 5014 2474 5073 tanquam
2492 5012 2680 5057 vestem
2702 5003 2962 5068 aliquam,
2985 5017 3050 5054 ea:
3081 5002 3258 5055 Maria
3281 5002 3561 5063 hominem,

1971 5098 2049 5155 vel
2097 5097 2346 5166 templum
2384 5111 2666 5149 resumere.
2707 5093 2807 5148 llic
2841 5110 2972 5149 vero
3008 5113 3020 5148 ε
3066 5091 3188 5148 Non
3217 5093 3370 5147 homo
3394 5094 3560 5163 igitur

1975 5190 2149 5260 factus
2188 5198 2288 5251 est,
2329 5201 2432 5240 non
2463 5196 2637 5238 autent
2677 5186 2941 5238 hominem
2991 5185 3239 5239 assumit.
3282 5182 3563 5248 Quomodo

1975 5298 2106 5350 ergo
2128 5281 2198 5335 ibi
2221 5279 2462 5350 quidem,
2500 5295 2604 5330 non
2630 5278 2940 5346 assumpsit,
2972 5278 3059 5332 hic
3094 5293 3221 5330 vero
3243 5275 3564 5342 assumpsit?

1982 5372 2231 5440 Seipsum
2273 5369 2562 5439 explanat;
2614 5369 2834 5423 adducit
2891 5369 3035 5423 enim
3070 5366 3322 5423 Nestorio
3371 5369 3560 5421 videri.

1981 5465 2121 5532 Quid
2153 5465 2254 5519 hoc
2277 5464 2424 5518 aliud
2443 5470 2524 5517 est
2552 5462 2652 5515 nisi
2677 5461 2857 5516 verbis
2881 5475 3099 5514 sensum
3130 5459 3374 5523 credere,
3401 5459 3561 5512 verba

1586 5622 1825 5680 VARUS
1862 5623 2278 5681 LECTIONES.

353 5751 376 5783 ⁵
401 5752 779 5837 ἐπαγέγνῳσεν
793 5775 871 5837 ές.
948 5759 969 5787 ⁸
987 5759 1452 5837 διαναγνωσθεῖσα
1493 5780 1553 5837 ς.
1688 5761 2324 5837 ἀπετέλεσαν-ἀνθρώπῳ
2357 5785 2417 5830 ς.

2511 5767 2529 5796 ει
2563 5761 2966 5834 ἐμψυχωμένην
2991 5778 3049 5824 ς,
3129 5762 3148 5790 9
3181 5758 3445 5829 ἐκήρυξεν
3498 5777 3561 5824 ς.

276 5822 330 5857 ιο
363 5827 524 5894 νοερᾷ
545 5822 606 5881 τε
642 5833 682 5881 A
719 5830 821 5900 ιτῇ
853 5833 1012 5900 νυερᾷ
1047 5849 1104 5894 ς.
1160 5822 1223 5863 ’¹¹
1251 5822 1683 5904 προκαταλαϐὼν
1712 5851 1772 5899 ς.
1850 5834 2049 5906 ”_libri
2075 5822 2236 5894 θεῖον.
