4004 6422
501 370 645 439 ’1043
1634 380 1899 446 PHOTII
1933 376 2067 444 PA'I

2170 382 2443 445 ARCHIE
2475 384 2589 445 ΟΡ.
3606 370 3740 441 1044

507 505 723 543 sensum
782 491 1210 559 reprmscntare?
1252 488 1611 558 Quamobrem
1656 493 1826 549 sicubi
1873 494 2067 549 dixisse

2174 492 2481 546 ἀναλαϐεῖν·
2505 494 2560 545 ὲν
2583 490 2809 553 ταύταις
2830 490 2906 554 δὲ,
2928 487 3163 543 Οὐκοῦν
3185 488 3409 557 γέγονε.
3436 488 3619 559 φησὶν,
3646 490 3749 543 ἄν·

502 580 751 634 videatur
785 580 953 636 Deum
986 580 1220 637 Verbum
1256 584 1526 638 hominem
1556 600 1664 639 non
1688 586 2067 655 assumpsisse,

2170 587 2417 653 θρωπος,
2440 587 2551 638 οὐκ
2571 584 2889 651 ἄνθρωπον
2934 580 3277 635 ἀνελάϐετο.
3335 581 3457 645 Πῶς
3496 577 3589 635 οὖν
3636 580 3752 634 ἐκεῖ

502 672 604 727 hac
655 675 766 742 ipsa
820 674 1063 729 doctrina
1106 677 1441 744 praedicavit,
1479 692 1581 731 non
1623 678 1850 732 omnino
1894 679 2067 748 ipsum

2173 675 2272 744 μὲν
2302 675 2590 746 ἄνθρωπον
2616 675 2660 707 ¹³
2715 675 2815 727 οὐκ
2841 672 3125 738 ἀνέλαϐεν,
3171 670 3406 725 ἐνταῦθα
3454 672 3510 725 δὲ
3559 673 3751 725 ἀνέλα-

501 780 722 834 negare,
753 767 856 821 hoc
892 782 997 821 non
1031 768 1134 821 dici
1166 785 1182 822 :
1213 769 1480 836 quomodo
1499 784 1622 839 erga
1654 769 1791 823 alios
1819 770 1899 823 sic
1924 770 2066 839 loqui

2170 766 2302 833 66v;
2333 768 2497 828 αὐτὸς
2531 767 2719 819 ἑαυτὸν
2759 764 3064 836 ἑρμημεύει
3091 781 3103 793 ·
3145 764 3342 832 ἐπάγει
3376 764 3505 835 γὰρ,
3528 765 3609 830 ὡς
3637 766 3748 819 Ne-

500 857 805 924 prohiheat,
860 860 1001 927 quod
1054 859 1166 928 ipse
1214 858 1380 914 facit?
1435 862 1528 915 sed
1564 875 1670 915 non
1716 861 1795 916 sic
1833 861 1975 930 loqui
2012 872 2067 916 ut

2170 864 2384 931 στορίῳ
2421 862 2603 917 δοκεῖ.
2645 862 2816 915 Τοῦτο
2843 862 2899 914 δὲ
2928 861 3151 913 τίὲστιν
3198 860 3387 930 ἀλλοῆ
3431 860 3506 931 μὴ
3542 863 3653 923 τοῖς
3681 863 3748 933 ρή

500 945 749 1004 Nestorio
770 951 941 1005 visum
967 962 1071 1006 est.
2167 965 2300 1023 μασι
2330 952 2749 1005 καταπιστεύειν
2772 951 2862 1003 τὸν
2911 949 3055 1010 νοῦν,
3084 948 3153 1000 τὰ
3188 948 3244 1000 δὲ
3268 949 3484 1018 ῥήματα
3522 950 3587 1018 τῇ
3630 948 3750 1000 δια-

496 1042 614 1113 νοίᾳ
669 1041 1019 1111 ζυγοστατεῖν
1044 1062 1058 1111 ;
1122 1045 1263 1099 ὥστε
1283 1047 1333 1098 εἴ
1362 1062 1464 1097 που
1511 1045 1684 1113 λέγων
1728 1044 1976 1118 εὑρεθείη
2033 1047 2124 1100 τὸν
2154 1048 2288 1101 Θεὸν
2319 1048 2490 1115 Λόγον
2514 1046 2800 1115 ἄνθρωπον
2827 1042 2902 1112 μὴ
2925 1040 3233 1102 ἀναλαϐεῖν,
3267 1042 3330 1092 ὲκ
3354 1041 3452 1109 τῆς
3472 1040 3752 1109 παρούσης

494 1134 799 1204 ἀνεκήρυξε
860 1134 1209 1200 διδασκαλίας
1241 1140 1339 1207 οὐχ
1373 1138 1559 1202 ἁπλῶς
1620 1139 1783 1193 αὐτὸν
1836 1140 2123 1211 ἀπείργειν
2190 1139 2349 1192 τοῦτο
2394 1138 2469 1207 μὴ
2518 1136 2699 1205 λέγειν
2744 1134 2884 1204 (πῶς
2922 1136 3029 1204 γὰρ
3068 1132 3133 1186 ἂν
3181 1132 3399 1203 ἑτέρους
3437 1130 3749 1195 κωλύσειεν,

498 1226 634 1296 ὅπερ
666 1226 827 1291 αὐτὸς
852 1228 1123 1299 λαμπρῶς
1149 1229 1527 1300 διαπράττοιτο
1549 1229 1589 1298 ;)
1618 1230 1755 1284 ἀλλά
1792 1229 1868 1301 μὴ
1899 1231 2103 1299 λέγειν,
2143 1230 2316 1294 οὕτως
2339 1231 2415 1293 ὡς
2440 1228 2720 1300 Νεστορίῳ
2742 1227 2914 1281 δοκεῖ.

566 1319 761 1374 Clarus
793 1320 973 1389 itaque
1003 1319 1257 1391 Eulogius
1289 1337 1447 1377 unam
1482 1322 1645 1378 Verbi
1691 1332 1935 1378 naturam
1984 1325 2066 1378 in-

495 1420 774 1464 carnatam
801 1411 1070 1476 indicans,
1095 1412 1197 1468 hoc
1225 1415 1387 1469 etiam
1419 1415 1598 1480 addit;
1627 1426 1683 1469 ut
1712 1416 1755 1471 si
1781 1419 1901 1486 quis
1930 1432 2067 1487 prae-

495 1501 731 1568 ceptoris
805 1518 1023 1558 sensum
1080 1506 1391 1561 accuratius
1452 1507 1633 1574 cupiat
1700 1508 2066 1578 investigare,

494 1591 692 1662 273a
752 1594 987 1649 inveniet
1050 1609 1184 1650 voce
1231 1598 1363 1651 nihil
1411 1593 1555 1652 aliud
1604 1599 1859 1663 voluisse,
1905 1615 2066 1669 quam

494 1682 1092 1740 iucommutabilitatem
1136 1687 1295 1741 Verbi
1339 1692 1627 1745 ostendere
1672 1707 1687 1743 :
1732 1688 1809 1745 Ne
1864 1692 2065 1745 dictum

497 1771 623 1839 alio,
658 1775 752 1829 sed
780 1773 846 1830 ad
874 1776 1212 1830 divinitatem
1240 1776 1515 1850 Unigeniti
1555 1780 1839 1836 referatur.
1868 1782 1922 1835 ln
1952 1782 2065 1837 dia-

496 1863 618 1934 logo
654 1867 796 1921 enim
849 1869 941 1936 qui
997 1864 1145 1923 Uuus
1180 1867 1422 1924 Christus
1474 1870 1798 1927 inscribitur
1830 1892 1844 1928 :
1881 1871 2056 1927 Unum

2260 1324 2318 1377 Ὀ
2360 1322 2542 1394 μέντοι
2568 1338 2632 1391 γε
2656 1320 2866 1384 κλεινὸς
2896 1319 3150 1387 Εὺλόγιος
3170 1319 3267 1388 τὴν
3296 1317 3423 1386 μίαν
3450 1316 3613 1386 φύσιν
3659 1316 3753 1371 τοῦ

2175 1416 2350 1483 Λόγου
2376 1414 2804 1484 σεσαρκωμένην
2858 1411 3178 1480 διευκρινῶν
3208 1410 3302 1463 καὶ
3355 1408 3513 1462 τοῦτό
3567 1424 3751 1478 φησιν,

2173 1507 2250 1570 ὡς
2279 1507 2433 1570 εἴτις
2475 1505 2568 1559 τὸν
2606 1505 2730 1558 νοῦν
2774 1504 2868 1557 τοῦ
2908 1503 3231 1557 διδασκάλου
3279 1498 3753 1571 ἐξακριόώσασθαι

2177 1597 2434 1668 βουληθῇ,
2464 1596 2685 1667 εὑρήσει
2716 1594 2908 1647 τοῦτον
2933 1593 3021 1648 διὰ
3043 1594 3143 1664 τῆς
3165 1592 3349 1663 φωνῆς
3376 1590 3529 1645 οὐδὲν
3563 1590 3752 1659 ἕτερον

2176 1689 2499 1760 βουλόμενον
2534 1688 2661 1761 [M7
2685 1687 2827 1759 [LM
2854 1688 2915 1741 τὸ
2936 1689 3207 1757 ἄτρεπτον
3243 1682 3511 1748 ἐπιδεῖξαι
3538 1680 3631 1734 τοῦ
3647 1680 3750 1734 Λό-

2165 1800 2285 1851 γου,
2316 1782 2402 1835 ἵνα
2430 1782 2491 1834 τὸ
2531 1783 2573 1813 ¹⁵
2601 1780 2892 1849 λεγόμενον
2920 1778 2994 1849 μὴ
3017 1780 3096 1841 εἰς
3118 1776 3243 1829 ἄλλο
3283 1793 3361 1841 τι,
3393 1774 3509 1829 ἀλλ’
3532 1775 3612 1836 εἰς
3650 1772 3751 1841 τὴν

2166 1875 2397 1947 θεότητα
2428 1873 2522 1928 τοῦ
2548 1871 2885 1940 Μονογενοῦς
2918 1870 3260 1940 ἀναφέροιτο.
3278 1868 3367 1921 Ἐν
3394 1866 3501 1936 γὰρ
3523 1865 3601 1935 τῷ
3629 1863 3748 1917 δια-

494 1952 701 2009 Filium
730 1968 779 2011 et
815 1975 978 2012 unam
1004 1961 1117 2029 ejus
1150 1969 1401 2013 naturam
1444 1945 1691 2028 dicimus,
1733 1961 1851 2017 licet
1895 1965 1949 2017 in
1980 1980 2066 2017 as-

2170 1945 2322 2035 MY‘l‘l
2340 1965 2398 2029 ὃς
2427 1965 2824 2035 ἐπιγράφεται,
2847 1964 2930 2017 ὅτι
2956 1957 3062 2026 Εἷς
3080 1964 3112 2014 ό
3133 1960 3386 2027 Χριστός
3402 1974 3417 1988 -
3439 1958 3589 2012 "Era
3606 1973 3669 2027 γε
3684 1957 3748 1987 ιι·

496 2047 789 2111 sumptione
836 2049 1011 2101 carnis
1033 2048 1149 2116 ﬁeri
1190 2049 1519 2119 intelligatur
1568 2051 1802 2104 habentis
1837 2053 2065 2105 animam

418 2208 419 2211 η
496 2136 896 2203 inlelligibilem.
922 2139 1129 2205 Quibus
1151 2140 1285 2194 nihil
1309 2142 1451 2195 aliud
1474 2156 1635 2210 quam
1662 2143 2067 2200 immutabilitas

498 2228 805 2295 divinitatis
834 2230 1160 2286 declaratur.
1194 2231 1310 2286 Non
1337 2233 1501 2302 igitur
1527 2248 1633 2287 una
1660 2232 1822 2288 Verbi
1850 2246 2064 2301 natura,

498 2331 558 2374 ut
590 2322 843 2385 diximus,
869 2324 1463 2379 incommutabilitatem
1489 2325 1731 2380 declarat
1753 2327 2071 2389 divinitatis,

497 2428 602 2467 nou
621 2423 800 2468 autem
822 2415 958 2470 duas
986 2426 1211 2471 naturas
1232 2417 1528 2472 secundum
1556 2418 1869 2487 bypostasin
1895 2418 2072 2473 unitas

495 2503 653 2557 tollit.
699 2502 790 2558 Sic
820 2504 987 2571 igitur
1018 2506 1279 2559 intellexit
1308 2508 1431 2575 pius
1464 2507 1552 2562 ille
1578 2508 1836 2576 scriptor,
1866 2508 2007 2576 quod
2039 2522 2070 2561 a

499 2603 833 2663 przeceptnre
865 2597 930 2649 ad
958 2596 1237 2665 Ettidgium
1270 2599 1470 2652 dictum
1498 2608 1581 2654 est
1613 2617 1628 2653 :
1664 2598 1813 2653 Unus
1856 2600 2073 2668 denique

496 2684 673 2740 Filius
715 2699 763 2740 et
808 2706 915 2742 una
948 2698 1139 2744 natura
1182 2693 1448 2745 incarnati
1496 2690 1678 2756 Verbi,
1717 2693 1818 2747 hoc
1853 2701 1936 2748 est
1967 2708 2070 2747 non

496 2794 781 2842 conversa,
816 2796 915 2835 nec
943 2796 972 2833 a
1001 2782 1215 2849 propria
1251 2783 1584 2851 perfectione
1610 2785 1911 2839 declinans.

2166 2056 2293 2125 μὴν
2321 2056 2457 2109 Υἱόν
2511 2055 2613 2109 καὶ
2660 2055 2811 2125 μίαν
2867 2052 3054 2107 αὑτοῦ
3081 2052 3270 2120 φύσιν
3317 2047 3536 2118 ζφαμὲν,
3566 2047 3748 2101 κᾶνεί

2170 2141 2242 2200 ἐν
2286 2146 2633 2214 προσλήψει
2696 2145 2896 2200 νοοῖτο
2954 2142 3231 2213 γενέσθαι
3268 2141 3495 2210 σαρκὸς
3538 2136 3748 2207 ψυχὴν

2173 2239 2439 2307 ἐχούσης
2483 2238 2599 2306 τὴν
2646 2237 2880 2305 γοεράν.
2947 2235 3025 2288 Δι’
3073 2228 3149 2289 ὧν
3195 2234 3348 2287 οὐδὲν
3410 2232 3651 2303 ἕτερονῆ
3688 2231 3748 2284 τὸ

2168 2330 2437 2397 ἄτρεπτον
2494 2330 2932 2399 ἀποσημαίνεται
2969 2327 3063 2393 τῆς
3107 2325 3381 2395 Θεὸτητος.
3413 2322 3622 2377 Οὐκοῦν
3648 2323 3746 2393 ή¹⁸

2169 2422 2263 2476 τοῦ
2297 2421 2428 2474 Υἱοῦ
2462 2422 2559 2492 μία
2618 2422 2799 2489 φύσις,
2831 2419 3084 2489 καθάπερ
3123 2419 3358 2488 εἴρηται,
3384 2415 3447 2468 τὸ
3469 2415 3743 2485 ἄτρεπτον

2170 2513 2483 2583 ἀνυμνοῦσα
2519 2516 2620 2582 τῆς
2646 2512 2920 2583 θεότητος,
2943 2510 3197 2580 οὐδαμῶς
3250 2510 3466 2577 ἀναιρεῖ
3498 2507 3595 2570 τὰς
3620 2507 3743 2560 καθ’

2170 2604 2467 2658 ὑπόστασιν
2498 2603 2787 2666 ὲνωθείσας
2808 2602 2903 2657 δύο
2933 2602 3144 2673 φύσεις.
3171 2600 3329 2655 Οὕτω
3351 2601 3394 2653 δ’
3423 2601 3488 2654 ἂν
3505 2601 3747 2671 νοήσειεν

2165 2695 2195 2746 6
2224 2695 2326 2766 τῆς
2389 2695 2732 2756 ειῖοσεὸείαςυ⁵
2776 2694 2927 2763 φίλος
2975 2694 3162 2748 καὶτὸ
3192 2694 3327 2761 πρὸς
3380 2691 3633 2758 Εὑλόγιον
3667 2690 3747 2760 τῷ

2162 2783 2467 2856 διδασκάλῳ
2496 2785 2809 2855 εἰρημένον,
2855 2780 2958 2850 Εἷς
2992 2784 3211 2838 λοιπὸν
3277 2783 3428 2848 Υἱὸς,
3481 2782 3580 2836 καὶ
3635 2784 3743 2851 μία

496 2872 684 2939 φύσις
733 2875 918 2928 αὐτοῦ
976 2875 1084 2928 τοῦ
1147 2876 1569 2947 σαρκωθῶιτοςι
1622 2879 1838 2949 Λόγου,
1905 2877 2182 2932 τουτέστιν
2217 2880 2278 2933 ού
2341 2881 2612 2950 τραπεῖσα
2653 2879 2773 2933 οὐδὲ
2814 2880 2913 2949 τῆς
2974 2879 3176 2940 οἰκείας
3214 2878 3497 2932 ἀποστᾶσα
3544 2874 3746 2929 τελειό-

492 2983 676 3037 τητος.

571 3060 638 3112 Et
672 3059 801 3113 illud
828 3060 892 3112 ad
930 3074 1146 3115 sensum
1178 3060 1384 3117 referre
1412 3073 1644 3132 Oportet,
1667 3072 1725 3116 ut
1754 3064 1943 3118 beatus
1965 3061 2069 3133 Cy-

498 3151 652 3205 rillus
684 3162 947 3221 nusquam
975 3166 1135 3207 unam
1164 3153 1371 3209 Christi
1408 3165 1656 3209 naturam
1687 3155 1867 3209 dicere
1890 3155 2068 3209 videa-

496 3251 623 3296 tur:
647 3243 738 3296 sed
768 3259 932 3298 unum
956 3243 1250 3312 Christum,
1280 3262 1440 3301 unam
1468 3260 1773 3315 personam,
1795 3256 1849 3301 et
1872 3247 2066 3316 ubique

494 3351 659 3389 unam
680 3335 879 3391 Christi
902 3338 1236 3407 hypostasin,
1262 3354 1367 3393 non
1404 3348 1582 3393 autem
1609 3353 1769 3393 unam
1793 3348 2060 3392 naturam.

494 3427 563 3482 Et
586 3437 771 3482 contra
799 3429 1049 3497 prohibet
1074 3429 1125 3482 in
1159 3430 1400 3499 epistolis
1430 3430 1497 3485 ad
1525 3431 1882 3493 Succensum,
1904 3446 2064 3482 unam

494 3530 745 3573 naturam
800 3521 851 3573 in
898 3523 1202 3590 composito
1250 3523 1477 3578 dicere:
1517 3521 1577 3577 Si
1633 3524 1769 3577 enim
1821 3523 1917 3575 hoc
1973 3521 2069 3574 tol-

494 3613 676 3674 limus,
728 3628 755 3665 c
798 3612 1003 3667 duabus
1054 3614 1274 3667 diversis
1322 3614 1528 3666 naturis
1590 3629 1750 3665 unum
1797 3612 2068 3678 solumque

494 3703 763 3760 Clu-istum
796 3721 906 3759 esse
936 3715 1050 3773 post
1098 3706 1344 3759 unionem
1374 3706 1696 3768 indivisum,
1719 3705 1940 3773 afferent
1971 3703 2068 3755 ad-

493 3798 732 3852 versari:
763 3790 835 3851 Si'
859 3814 965 3850 una
1020 3806 1215 3852 natura
1240 3808 1427 3857 totum,
1462 3797 1720 3867 quomodo
1757 3800 2066 3849 incarnatus

494 3888 610 3941 est?
638 3886 833 3940 Totum
869 3898 1047 3940 autem
1081 3888 1287 3953 dicens,
1315 3898 1369 3943 et
1405 3897 1527 3956 post
1567 3889 1817 3943 unionem
1858 3888 2065 3950 dicens,

496 3989 704 4032 certum
758 3986 840 4030 est
873 3981 1015 4047 quod
1050 3980 1165 4033 haec
1195 3995 1298 4033 non
1348 3989 1473 4034 ante
1517 3981 1793 4046 unionem,
1827 3980 1919 4034 sed
1949 3985 2071 4046 post.

498 4072 774 4132 unionem,
826 4073 968 4140 quod
1004 4072 1217 4140 quidem
1268 4083 1320 4126 et
1365 4073 1721 4141 compositum
1785 4072 1932 4126 dicit.
1977 4070 2069 4123 Et-

496 4162 642 4215 enim
675 4170 843 4216 totmn
885 4163 1150 4230 quoddam
1191 4173 1276 4216 est
1302 4162 1552 4216 Christus
1581 4163 1657 4217 :si
1688 4177 1814 4214 vero
1835 4178 1937 4215 non
1966 4176 2067 4215 una

496 4263 689 4307 natura
714 4263 903 4315 totum,
938 4266 992 4307 at
1016 4269 1179 4323 supra
1209 4262 1454 4307 naturam
1482 4264 1653 4309 certe.
1676 4252 1810 4307 Cum
1836 4254 1917 4308 his
1945 4268 2070 4307 sen-

495 4348 637 4401 tiens
670 4346 962 4415 Gregorius
989 4354 1342 4417 cognomento
1373 4345 1700 4416 Theologus,
1736 4346 1835 4399 etsi
1866 4354 2070 4398 utrum-

495 4457 600 4512 que
622 4456 788 4496 unum
819 4443 984 4504 dicat,
1006 4443 1100 4497 sed
1127 4457 1229 4495 non
1262 4451 1477 4503 natura,
1500 4440 1591 4494 sed
1614 4439 1862 4494 concilio.
1888 4438 2070 4504 Quans

496 4549 656 4602 quam
709 4533 891 4587 infelix
933 4533 1202 4602 Eutyches
1242 4547 1273 4585 e
1312 4532 1519 4586 duabus
1570 4530 1777 4584 naturis
1818 4529 2068 4583 unionem

498 4625 878 4691 conﬁtebatur,
907 4637 1025 4694 post
1059 4626 1310 4680 unionem
1355 4639 1515 4678 unam
1556 4622 1787 4677 nefande
1836 4622 2065 4676 dicebat.

497 4715 651 4770 Unde
675 4717 822 4769 illum
845 4719 1035 4771 merito
1056 4716 1536 4781 Chalcedonensis,
1558 4724 1612 4769 et
1627 4724 1784 4769 antea
1805 4713 2067 4768 Constan-

2174 4712 2343 4781 τυχὴς
2374 4714 2438 4764 ἐκ
2465 4712 2559 4765 δύο
2589 4712 2690 4781 μὲν
2726 4711 2942 4779 φύσεων
2967 4711 3063 4779 τὴν
3085 4711 3277 4764 ἕνωσιν
3300 4710 3586 4780 ὡμολόγει,
3609 4710 3749 4777 μετά
3832 4726 3838 4731 '

500 4810 847 4876 tiuolmlitaua
911 4811 1146 4880 synodus
1205 4809 1603 4863 condemnavit.
1666 4806 1772 4862 Sed
1834 4806 2072 4861 fatunsus

498 4899 810 4963 Dioscorus,
858 4900 987 4952 nihil
1042 4900 1188 4953 illum
1247 4901 1314 4954 ab
1360 4898 1689 4969 Apollinariu
1736 4896 2071 4951 dilferentem

497 5007 695 5061 magno
739 4993 919 5046 studio
966 4994 1211 5059 suscipit.
1265 4991 1465 5059 Impius
1517 5006 1646 5046 vero
1700 4988 2072 5060 Apollinarius

495 5087 635 5141 libro
677 5100 776 5139 suo
818 5084 889 5137 De
936 5085 1333 5146 incarnatione,
1373 5085 1495 5139 vide
1546 5084 1674 5153 quid
1724 5083 1969 5138 scribat:
2024 5082 2070 5136 0

496 5195 628 5231 nova
662 5189 903 5230 creatura
930 5186 977 5229 et
1010 5177 1187 5229 diuina
1223 5176 1436 5229 mistio.’
1472 5176 1608 5228 Deus
1634 5184 1682 5227 ct
1722 5175 1874 5226 homo
1905 5189 2067 5225 unam

495 5270 780 5337 ron/icium
824 5279 1090 5321 naturam.
1138 5267 1288 5322 Unde
1338 5252 1628 5337 impietatis
1667 5267 1827 5319 veluti
1882 5280 2064 5333 aqua:-

495 5359 689 5413 ductus
719 5360 806 5411 alii
856 5370 976 5427 post
1018 5359 1167 5411 illum
1208 5358 1543 5411 derivarunt.
1578 5357 1659 5409 Tu
1693 5367 1746 5408 et
1784 5358 2064 5421 antiquum

496 5453 617 5504 vide
656 5451 845 5505 lutum.
880 5450 1197 5505 Valentinus
1231 5465 1358 5503 vero
1389 5449 1452 5501 ad
1508 5452 1726 5502 verbum
1762 5450 1838 5501 sic
1872 5447 2065 5515 273b

2250 3059 2488 3112 Κάκεῖνο
2518 3058 2577 3113 δὲ
2606 3058 2689 3112 δεῖ
2715 3058 2857 3112 κατά
2886 3057 3009 3111 νοῦν
3038 3058 3245 3128 φέρειν,
3287 3057 3363 3121 ὡς
3395 3058 3424 3110 6
3449 3057 3592 3119 θεῖος
3634 3056 3746 3111 Κύ-

2177 3150 2355 3221 ριλλος
2384 3150 2620 3215 οὐδαμοῦ
2654 3150 2902 3219 φαίνεται
2938 3149 3064 3219 μίαν
3100 3150 3261 3218 φύσιν
3291 3148 3524 3219 Χριστοῦ
3555 3148 3743 3215 εἰπὼν,

2172 3241 2289 3294 ἀλλ’
2319 3242 2413 3294 ἕνα
2442 3241 2538 3310 μὲν
2565 3240 2800 3310 Χριστὸν
2822 3240 2917 3293 καὶ
2943 3239 3003 3291 ἓν
3032 3239 3320 3308 πρόσωπον
3347 3240 3439 3292 καὶ⁴
3467 3239 3597 3309 μίαν
3618 3240 3749 3292 ὑπό-

2174 3349 2363 3385 στασιν
2404 3330 2641 3401 Χριστοῦ
2691 3331 2990 3401 πανταχοῦ,
3043 3330 3167 3402 [849
3195 3328 3286 3401 Κ]
3339 3330 3467 3400 μίαν
3497 3330 3552 3383 δὲ
3584 3330 3745 3398 φύσιν

2170 3422 2405 3493 Χριστοῦ
2430 3422 2635 3476 οὐκέτι.
2663 3421 2986 3475 Ἰόύναντίον
3019 3421 3199 3489 μέντοι
3229 3437 3293 3489 γε
3316 3422 3413 3474 καὶ
3439 3419 3746 3474 ἀποκωλύει

2166 3518 2225 3569 ἐν
2256 3518 2377 3578 ταῖς
2407 3515 2737 3577 ἐπιστολαῖς,
2787 3515 2842 3567 αἲ
2887 3515 2975 3567 τὸν
3005 3514 3298 3566 Σούκενσον
3328 3514 3743 3584 ἐπιγράφονται,

2170 3612 2296 3682 μίαν
2334 3612 2492 3678 φύσιν
2527 3610 2707 3678 λέγειν
2741 3611 2832 3663 ἐπὶ
2854 3609 2950 3663 τοῦ
2976 3610 3232 3663 συνθέτου
3252 3625 3265 3638 '
3312 3610 3454 3664 Ἐὰν
3484 3609 3617 3678 γὰρ,
3640 3627 3744 3679 φη-

2167 3705 2273 3768 σὶν,
2303 3702 2612 3769 ἀνέλωμεν
2643 3703 2710 3756 τὸ
2755 3702 2843 3755 ὅτι
2892 3703 2960 3755 ἐκ
2999 3702 3108 3756 δύο
3153 3701 3252 3755 καὶ
3292 3702 3593 3770 διαφόρων
3624 3702 3745 3781 ρύ-

2166 3810 2325 3850 σεων
2356 3798 2388 3849 ό
2414 3790 2502 3860 εἷς
2535 3796 2631 3848 καὶ
2653 3796 2839 3863 μόνος
2868 3795 2997 3848 ἐστὶ
3030 3794 3303 3861 Χριστὸς,
3334 3792 3747 3858 ἀδιάσπαστος

2167 3889 2253 3943 ὢν
2277 3888 2425 3957 μετὰ
2454 3888 2569 3953 τὴν
2597 3888 2834 3949 ἕνωσιν,
2866 3887 3114 3954 ἐροῦσιν
3138 3888 3193 3940 οἱ
3221 3884 3297 3954 τῇ
3327 3884 3471 3954 ὀρθῇ
3491 3886 3750 3955 μαχόμε-

2166 3997 2261 4036 νοι
2284 3980 2454 4047 δόξῃ·
2490 3980 2557 4033 El
2588 3980 2691 4046 μία
2724 3980 2909 4046 φύσις
2938 3978 3002 4032 τό
3029 3978 3195 4043 ὅλον,
3223 3977 3346 4044 πῶς
3370 3977 3751 4044 ἐνηνθμῦπη-

2168 4088 2320 4135 σεν;
2355 4071 2514 4123 Ὂλον
2557 4070 2613 4121 δὲ
2664 4068 2853 4130 εἰπὼν,
2882 4070 2976 4122 καὶ
3031 4070 3167 4138 μετά
3195 4068 3293 4139 τὴν
3319 4070 3513 4120 ἕνωσιν
3553 4066 3747 4132 εἰπὼν,

2168 4165 2325 4233 δῆλον
2354 4165 2429 4227 ὡς
2467 4165 2526 4216 οὺ
2558 4164 2623 4216 τά
2656 4162 2761 4233 πρὸ
2784 4163 2883 4229 τῆς
2911 4161 3179 4226 ένώσεως,
3236 4161 3372 4215 ἀλλά
3403 4160 3471 4215 τά
3502 4161 3620 4230 μετ’
3646 4160 3749 4214 αύ-

2168 4256 2352 4323 τὴνιτ,
2388 4257 2525 4323 ὅπερ
2572 4253 2689 4306 ἐστὶ
2724 4255 2783 4307 τὸ
2817 4253 3070 4307 σύνθετον
3098 4292 3112 4317 ,
3145 4253 3315 4321 λέγει.
3353 4253 3461 4305 Καὶ
3493 4252 3603 4323 γὰρ
3629 4252 3748 4304 ὅλον

2168 4347 2222 4397 τί
2253 4348 2401 4397 ἐστιν
2427 4346 2454 4397 6
2477 4344 2740 4414 Χριστός·
2774 4346 2824 4396 εἰ
2851 4344 2909 4396 δὲ
2937 4344 3010 4414 μὴ
3041 4345 3138 4413 μία
3171 4343 3331 4411 φύσις
3362 4343 3420 4397 τὸ
3443 4344 3583 4405 ὅλον,
3610 4344 3749 4412 ὑπὲρ

2169 4438 2269 4506 τὴν
2319 4438 2448 4508 μίαν
2495 4437 2738 4498 πάντως.
2762 4437 2985 4499 Τούτοις
3016 4437 3111 4489 καὶ
3148 4439 3176 4489 6
3214 4436 3459 4504 θεολόγος
3505 4435 3747 4507 συνᾴδων

2170 4530 2489 4599 Γρηγόριος,
2517 4531 2565 4581 εί
2611 4529 2706 4581 καὶ
2750 4531 2811 4581 τὸ
2848 4529 3253 4597 συναμφότερον
3296 4528 3354 4580 ’ἐν
3408 4544 3592 4597 φησιν,
3619 4526 3749 4581 ἀλλ’

2170 4622 2229 4673 οὐ
2262 4625 2326 4690 τῇ
2360 4620 2557 4688 φύσει,
2586 4623 2652 4690 τῇ
2695 4620 2752 4672 δὲ
2799 4621 3020 4691 συνόδῳ.
3038 4620 3097 4674 '0
3133 4621 3315 4690 μέντοι
3343 4620 3608 4690 δυστυχὴς
3637 4619 3748 4673 Εὐ-

2173 4802 2231 4855 δὲ
2257 4802 2354 4873 τὴν
2384 4803 2578 4855 ἒνωσιν
2610 4804 2741 4872 μίαν
2774 4803 3231 4873 ἐδυσφήμει.”Εφ’
3255 4798 3336 4866 οἷς
3361 4802 3523 4855 αὐτὸν
3544 4802 3580 4871 ἢ
3605 4818 3666 4853 τε
3692 4803 3751 4852 ἐν

2174 4894 2476 4963 Καλχηδόνι
2497 4894 2540 4925 ¹⁸
2571 4896 2664 4947 καὶ
2692 4896 2725 4964 ἡ
2751 4894 2859 4965 πρὸ
2898 4894 3069 4964 αὐτῆς
3097 4896 3153 4948 ὲν
3181 4892 3749 4947 Κωνσταντινουπόλει

2171 4990 2395 5052 δικαίως
2429 4990 2752 5043 κατεδίκασε
2780 4990 3019 5053 σύνοδος.
3035 4990 3174 5043 Ἀλλ’
3208 4993 3234 5043 ὀ
3265 4992 3506 5058 γενναῖος
3536 4988 3749 5041 Διόσκο-

2174 5099 2265 5152 ρος
2296 5082 2447 5134 οὐδὲν
2483 5083 2642 5135 αὐτὸν
2678 5084 3053 5156 Ἀπολιναρίου
3085 5083 3405 5152 διαφέροντα
3432 5081 3571 5150 μετά
3592 5079 3744 5133 πλεί-

2176 5189 2308 5240 στης
2328 5174 2459 5241 ὅσης
2483 5174 2719 5241 σπουδῆς
2745 5175 3060 5240 ἀπεδέξατο.
3078 5175 3134 5225 Ὀ
3164 5173 3272 5241 γὰρ
3295 5171 3557 5242 δυσσεϐὴς
3582 5173 3741 5223 Ἀπο-

2174 5264 2430 5333 λινὰριος,
2451 5265 2507 5316 ὲν
2536 5265 2614 5333 τῷ
2640 5265 2778 5332 Περὶ
2801 5265 3157 5335 σαρκώσεως
3186 5264 3350 5317 αὐτοῦ
3380 5262 3540 5331 λόγῳ,
3573 5264 3742 5332 πρόσ-

2173 5372 2264 5423 εχε
2291 5350 2379 5407 οἷά
2399 5372 2591 5423 φησιν’
2622 5356 2683 5407 ’Ὼ
2708 5356 2885 5422 καινὴ
2907 5355 3091 5420 κτίσις
3124 5354 3217 5407 καὶ
3242 5354 3403 5421 μίξις
3418 5349 3743 5405 θεσπεσία]

2179 5447 2324 5511 Θεὸς
2374 5446 2471 5500 καὶ
2518 5447 2673 5515 σὰρξ
2716 5447 2856 5516 μίαν
2887 5447 3261 5501 ἀπετέλεσαν
3305 5447 3511 5515 φύσιν.
3550 5446 3637 5511 Ἐξ
3681 5433 3740 5496 οὗ

1770 5606 1999 5661 VARUE
2038 5604 2444 5660 LECTIONES.

586 5751 625 5779 ”
652 5749 940 5817 ἄνθρωπον
977 5750 1101 5803 add.
1125 5748 1190 5803 Α.
1274 5750 1313 5780 ⁸³
1340 5749 1425 5801 ἵνα
1462 5748 1534 5818 μὴ
1568 5749 1626 5801 τό
1654 5768 1713 5813 ς.
1793 5749 1856 5781 ’δ’
1887 5766 1949 5817 γε
1981 5748 2021 5802 Α
2061 5766 2160 5804 ετε
2192 5767 2251 5810 ς.
2333 5749 2374 5779 ’⁵
2405 5747 2461 5817 ἡ]
2498 5750 2547 5798 εξ
2572 5748 2634 5799 Α.

2737 5746 2779 5776 ⁸⁸
2801 5746 2980 5800 εὐσεϐ.
3026 5746 3163 5810 (lc-io;
3214 5744 3362 5814 φίλος
3396 5761 3454 5808 ς.
3558 5745 3603 5778 ⁸⁷
3627 5747 3735 5815 μετ’

506 5798 673 5868 utier
706 5798 826 5883 urg:
849 5798 1205 5887 ﬁdem]
1235 5833 1250 5871 :
1281 5798 1423 5889 mea;
1456 5798 1553 5887 ἑὴν
1582 5798 1772 5872 sui...
1800 5836 1857 5882 ς.
1898 5798 2309 5889 "misissem
2347 5798 2529 5887 B,"r'3ui
2557 5798 2635 5873 sic
2658 5826 2711 5872 ct
2734 5814 2873 5871 infra
