  <div class='ocr_page' id='page_1' title='image "/cluster/home/n/w/nwhite01/storage/ocr_20150623/103:no.3/coo.31924054870070/538.png"; bbox 0 0 4004 6444; ppageno 0'>
   <div class='ocr_carea' id='block_1_1' title="bbox 280 369 427 436">
    <p class='ocr_par' dir='ltr' id='par_1_1' title="bbox 280 369 427 436">
     <span class='ocr_line' id='line_1_1' title="bbox 280 369 427 436; baseline -0.007 -4"><span class='ocrx_word' id='word_1_1' title='bbox 280 369 427 436; x_wconf 79' lang='grc'><strong><em>1045</em></strong></span> 
     </span>
    </p>
   </div>
   <div class='ocr_carea' id='block_1_2' title="bbox 1284 365 2411 429">
    <p class='ocr_par' dir='ltr' id='par_1_2' title="bbox 1284 365 2411 429">
     <span class='ocr_line' id='line_1_2' title="bbox 1284 365 2411 429; baseline -0.001 -3"><span class='ocrx_word' id='word_1_2' title='bbox 1284 365 1810 429; x_wconf 79' lang='lat' dir='ltr'><strong><em>BIBLIOTHECA.</em></strong></span> <span class='ocrx_word' id='word_1_3' title='bbox 1852 392 1923 405; x_wconf 88' lang='lat'><strong>-</strong></span> <span class='ocrx_word' id='word_1_4' title='bbox 1944 368 2113 429; x_wconf 87' lang='lat' dir='ltr'><strong>COD.</strong></span> <span class='ocrx_word' id='word_1_5' title='bbox 2142 366 2411 428; x_wconf 81' lang='lat' dir='ltr'><strong><em>CCXXX.</em></strong></span> 
     </span>
    </p>
   </div>
   <div class='ocr_carea' id='block_1_3' title="bbox 3416 352 3553 415">
    <p class='ocr_par' dir='ltr' id='par_1_3' title="bbox 3416 352 3553 415">
     <span class='ocr_line' id='line_1_3' title="bbox 3416 352 3553 415; baseline -0.015 0"><span class='ocrx_word' id='word_1_6' title='bbox 3416 352 3553 415; x_wconf 73' lang='grc'><strong><em>1046</em></strong></span> 
     </span>
    </p>
   </div>
   <div class='ocr_carea' id='block_1_4' title="bbox 272 461 1885 546">
    <p class='ocr_par' dir='ltr' id='par_1_4' title="bbox 272 466 1867 546">
     <span class='ocr_line' id='line_1_4' title="bbox 272 466 1867 546; baseline 0.003 -23"><span class='ocrx_word' id='word_1_7' title='bbox 272 478 411 540; x_wconf 68' lang='grc' dir='ltr'><em>τοὺς</em></span> <span class='ocrx_word' id='word_1_8' title='bbox 435 475 659 544; x_wconf 83' lang='grc' dir='ltr'><em>ὀχετοὺς</em></span> <span class='ocrx_word' id='word_1_9' title='bbox 688 466 789 543; x_wconf 82' lang='grc' dir='ltr'><em>τῆς</em></span> <span class='ocrx_word' id='word_1_10' title='bbox 820 470 1139 535; x_wconf 83' lang='grc' dir='ltr'><em>δυσσεϐείας</em></span> <span class='ocrx_word' id='word_1_11' title='bbox 1167 471 1217 525; x_wconf 78' lang='grc' dir='ltr'><em>οἱ</em></span> <span class='ocrx_word' id='word_1_12' title='bbox 1246 472 1367 543; x_wconf 88' lang='grc' dir='ltr'><em>μετ’</em></span> <span class='ocrx_word' id='word_1_13' title='bbox 1396 475 1603 527; x_wconf 76' lang='grc' dir='ltr'><em>ἐκεῖνον</em></span> <span class='ocrx_word' id='word_1_14' title='bbox 1626 473 1867 546; x_wconf 82' lang='grc' dir='ltr'><em>ἡρύσαν-</em></span> 
     </span>
    </p>
   </div>
   <div class='ocr_carea' id='block_1_5' title="bbox 1986 461 3552 546">
    <p class='ocr_par' dir='ltr' id='par_1_5' title="bbox 1986 461 3552 528">
     <span class='ocr_line' id='line_1_5' title="bbox 1986 461 3552 528; baseline -0.01 0"><span class='ocrx_word' id='word_1_15' title='bbox 1986 475 2043 528; x_wconf 85' lang='grc' dir='ltr'><em>ιίι</em></span> <span class='ocrx_word' id='word_1_16' title='bbox 2076 491 2090 528; x_wconf 89' lang='lat'><strong>:</strong></span> <span class='ocrx_word' id='word_1_17' title='bbox 2122 472 2374 528; x_wconf 68' lang='lat' dir='ltr'><strong><em>Galilaaos</em></strong></span> <span class='ocrx_word' id='word_1_18' title='bbox 2401 471 2535 525; x_wconf 85' lang='lat' dir='ltr'><strong><em>duas</em></strong></span> <span class='ocrx_word' id='word_1_19' title='bbox 2561 468 2617 522; x_wconf 89' lang='lat' dir='ltr'><strong><em>in</em></strong></span> <span class='ocrx_word' id='word_1_20' title='bbox 2655 466 2865 521; x_wconf 75' lang='lat' dir='ltr'><strong><em>Christo</em></strong></span> <span class='ocrx_word' id='word_1_21' title='bbox 2902 474 3120 516; x_wconf 86' lang='lat' dir='ltr'><strong><em>naturas</em></strong></span> <span class='ocrx_word' id='word_1_22' title='bbox 3155 461 3406 524; x_wconf 74' lang='lat' dir='ltr'><strong><em>dicentes,</em></strong></span> <span class='ocrx_word' id='word_1_23' title='bbox 3438 461 3552 514; x_wconf 81' lang='lat' dir='ltr'><strong><em>risu</em></strong></span> 
     </span>
    </p>
   </div>
   <div class='ocr_carea' id='block_1_6' title="bbox 272 564 1869 639">
    <p class='ocr_par' dir='ltr' id='par_1_6' title="bbox 272 564 1869 639">
     <span class='ocr_line' id='line_1_6' title="bbox 272 564 1869 639; baseline 0.001 -20"><span class='ocrx_word' id='word_1_24' title='bbox 272 587 365 623; x_wconf 78' lang='grc' dir='ltr'><em>σιο.</em></span> <span class='ocrx_word' id='word_1_25' title='bbox 392 568 465 621; x_wconf 83' lang='grc' dir='ltr'>Σὺ</span> <span class='ocrx_word' id='word_1_26' title='bbox 508 566 567 620; x_wconf 85' lang='grc' dir='ltr'><em>δέ</em></span> <span class='ocrx_word' id='word_1_27' title='bbox 619 583 709 636; x_wconf 84' lang='grc' dir='ltr'><strong><em>μοι</em></strong></span> <span class='ocrx_word' id='word_1_28' title='bbox 754 566 848 620; x_wconf 77' lang='grc' dir='ltr'><em>καὶ</em></span> <span class='ocrx_word' id='word_1_29' title='bbox 894 566 985 620; x_wconf 83' lang='grc' dir='ltr'><em>τὸν</em></span> <span class='ocrx_word' id='word_1_30' title='bbox 1029 564 1384 637; x_wconf 86' lang='grc' dir='ltr'><em>ἀρχαιότερον</em></span> <span class='ocrx_word' id='word_1_31' title='bbox 1429 566 1533 635; x_wconf 84' lang='grc' dir='ltr'><em>ὅρα</em></span> <span class='ocrx_word' id='word_1_32' title='bbox 1585 566 1869 639; x_wconf 84' lang='grc' dir='ltr'><em>βόρϐορον.</em></span> 
     </span>
    </p>
   </div>
   <div class='ocr_carea' id='block_1_7' title="bbox 276 656 1874 729">
    <p class='ocr_par' dir='ltr' id='par_1_7' title="bbox 276 656 1874 729">
     <span class='ocr_line' id='line_1_7' title="bbox 276 656 1874 729; baseline -0.003 -14"><span class='ocrx_word' id='word_1_33' title='bbox 276 661 640 721; x_wconf 84' lang='grc' dir='ltr'><em>Οὖαλεντῖνος</em></span> <span class='ocrx_word' id='word_1_34' title='bbox 666 658 777 729; x_wconf 78' lang='grc' dir='ltr'><strong><em>γὰρ</em></strong></span> <span class='ocrx_word' id='word_1_35' title='bbox 810 660 951 712; x_wconf 77' lang='grc' dir='ltr'><em>κατὰ</em></span> <span class='ocrx_word' id='word_1_36' title='bbox 976 658 1122 727; x_wconf 82' lang='grc' dir='ltr'><em>λέξιν</em></span> <span class='ocrx_word' id='word_1_37' title='bbox 1143 656 1286 711; x_wconf 76' lang='grc' dir='ltr'><em>οὕτω</em></span> <span class='ocrx_word' id='word_1_38' title='bbox 1316 657 1494 726; x_wconf 80' lang='grc' dir='ltr'><em>λέγει·</em></span> <span class='ocrx_word' id='word_1_39' title='bbox 1533 657 1658 712; x_wconf 83' lang='grc' dir='ltr'><em>Τῶν</em></span> <span class='ocrx_word' id='word_1_40' title='bbox 1695 661 1874 713; x_wconf 75' lang='grc' dir='ltr'><em>Γαλι-</em></span> 
     </span>
    </p>
   </div>
   <div class='ocr_carea' id='block_1_8' title="bbox 277 735 1875 819">
    <p class='ocr_par' dir='ltr' id='par_1_8' title="bbox 277 735 1875 819">
     <span class='ocr_line' id='line_1_8' title="bbox 277 735 1875 819; baseline -0.002 -12"><span class='ocrx_word' id='word_1_41' title='bbox 277 754 474 807; x_wconf 78' lang='grc' dir='ltr'><em>λαίων</em></span> <span class='ocrx_word' id='word_1_42' title='bbox 501 752 600 805; x_wconf 80' lang='grc' dir='ltr'><strong><em>ἐπὶ</em></strong></span> <span class='ocrx_word' id='word_1_43' title='bbox 637 750 897 819; x_wconf 84' lang='grc' dir='ltr'><strong><em>Χριστοῦ</em></strong></span> <span class='ocrx_word' id='word_1_44' title='bbox 926 749 1037 804; x_wconf 86' lang='grc' dir='ltr'><em>δύο</em></span> <span class='ocrx_word' id='word_1_45' title='bbox 1072 735 1290 819; x_wconf 54' lang='grc' dir='ltr'><em>φύσειέ-</em></span> <span class='ocrx_word' id='word_1_46' title='bbox 1314 750 1617 819; x_wconf 76' lang='grc' dir='ltr'><em>λεγόντων</em></span> <span class='ocrx_word' id='word_1_47' title='bbox 1634 751 1875 805; x_wconf 80' lang='grc' dir='ltr'><em>πλατὺν</em></span> 
     </span>
    </p>
   </div>
   <div class='ocr_carea' id='block_1_9' title="bbox 276 840 1875 911">
    <p class='ocr_par' dir='ltr' id='par_1_9' title="bbox 276 840 1875 911">
     <span class='ocr_line' id='line_1_9' title="bbox 276 840 1875 911; baseline 0 -15"><span class='ocrx_word' id='word_1_48' title='bbox 276 843 658 911; x_wconf 71' lang='grc' dir='ltr'><em>καταχέομεν</em></span> <span class='ocrx_word' id='word_1_49' title='bbox 698 842 962 911; x_wconf 75' lang='grc' dir='ltr'><em>γέλωτα·</em></span> <span class='ocrx_word' id='word_1_50' title='bbox 1010 840 1183 910; x_wconf 73' lang='grc' dir='ltr'><em>ἡμεῖς</em></span> <span class='ocrx_word' id='word_1_51' title='bbox 1222 840 1331 910; x_wconf 75' lang='grc' dir='ltr'><strong><em>γὰρ</em></strong></span> <span class='ocrx_word' id='word_1_52' title='bbox 1371 840 1480 894; x_wconf 86' lang='grc' dir='ltr'><strong><em>τοῦ</em></strong></span> <span class='ocrx_word' id='word_1_53' title='bbox 1522 843 1736 908; x_wconf 83' lang='grc' dir='ltr'><strong><em>ὁρατοῦ</em></strong></span> <span class='ocrx_word' id='word_1_54' title='bbox 1776 842 1875 896; x_wconf 71' lang='grc' dir='ltr'><em>καὶ</em></span> 
     </span>
    </p>
   </div>
   <div class='ocr_carea' id='block_1_10' title="bbox 275 929 1876 1003">
    <p class='ocr_par' dir='ltr' id='par_1_10' title="bbox 275 929 1876 1003">
     <span class='ocr_line' id='line_1_10' title="bbox 275 929 1876 1003; baseline -0.001 -14"><span class='ocrx_word' id='word_1_55' title='bbox 275 934 545 1003; x_wconf 77' lang='grc' dir='ltr'><em>ἀοράτου</em></span> <span class='ocrx_word' id='word_1_56' title='bbox 563 934 712 1001; x_wconf 86' lang='grc' dir='ltr'><em>μίαν</em></span> <span class='ocrx_word' id='word_1_57' title='bbox 733 929 887 989; x_wconf 78' lang='grc' dir='ltr'><em>εἶναι</em></span> <span class='ocrx_word' id='word_1_58' title='bbox 912 932 1024 1000; x_wconf 81' lang='grc' dir='ltr'><em>τὴν</em></span> <span class='ocrx_word' id='word_1_59' title='bbox 1046 934 1236 1001; x_wconf 71' lang='grc' dir='ltr'><em>φύσιν</em></span> <span class='ocrx_word' id='word_1_60' title='bbox 1258 932 1475 1002; x_wconf 65' lang='grc' dir='ltr'><em>φαμέν.</em></span> <span class='ocrx_word' id='word_1_61' title='bbox 1503 936 1611 988; x_wconf 77' lang='grc' dir='ltr'><strong><em>Ναὶ</em></strong></span> <span class='ocrx_word' id='word_1_62' title='bbox 1637 935 1702 1003; x_wconf 83' lang='grc' dir='ltr'><strong><em>δὴ</em></strong></span> <span class='ocrx_word' id='word_1_63' title='bbox 1718 936 1758 967; x_wconf 84' lang='grc'>¹⁹</span> <span class='ocrx_word' id='word_1_64' title='bbox 1782 936 1876 989; x_wconf 75' lang='grc' dir='ltr'><em>καὶ</em></span> 
     </span>
    </p>
   </div>
   <div class='ocr_carea' id='block_1_11' title="bbox 280 1026 1876 1097">
    <p class='ocr_par' dir='ltr' id='par_1_11' title="bbox 280 1026 1876 1097">
     <span class='ocr_line' id='line_1_11' title="bbox 280 1026 1876 1097; baseline 0.002 -18"><span class='ocrx_word' id='word_1_65' title='bbox 280 1028 312 1079; x_wconf 83' lang='grc' dir='ltr'>ὁ</span> <span class='ocrx_word' id='word_1_66' title='bbox 366 1028 670 1095; x_wconf 84' lang='grc' dir='ltr'><em>Μανιχαῖος</em></span> <span class='ocrx_word' id='word_1_67' title='bbox 718 1029 855 1097; x_wconf 82' lang='grc' dir='ltr'><em>πρὸς</em></span> <span class='ocrx_word' id='word_1_68' title='bbox 898 1026 1197 1079; x_wconf 82' lang='grc' dir='ltr'><em>Σκυθιανὸν</em></span> <span class='ocrx_word' id='word_1_69' title='bbox 1239 1028 1592 1093; x_wconf 76' lang='grc' dir='ltr'><em>ἐπιστέλλων,</em></span> <span class='ocrx_word' id='word_1_70' title='bbox 1627 1030 1723 1081; x_wconf 78' lang='grc' dir='ltr'><em>καὶ</em></span> <span class='ocrx_word' id='word_1_71' title='bbox 1768 1028 1876 1082; x_wconf 79' lang='grc' dir='ltr'><strong><em>ὑπὸ</em></strong></span> 
     </span>
    </p>
   </div>
   <div class='ocr_carea' id='block_1_12' title="bbox 288 1118 1878 1191">
    <p class='ocr_par' dir='ltr' id='par_1_12' title="bbox 288 1118 1878 1191">
     <span class='ocr_line' id='line_1_12' title="bbox 288 1118 1878 1191; baseline 0.003 -20"><span class='ocrx_word' id='word_1_72' title='bbox 288 1121 531 1191; x_wconf 48' lang='grc' dir='ltr'><em>μέμψεις</em></span> <span class='ocrx_word' id='word_1_73' title='bbox 585 1118 756 1174; x_wconf 80' lang='grc' dir='ltr'><em>ποιῶν</em></span> <span class='ocrx_word' id='word_1_74' title='bbox 802 1119 930 1182; x_wconf 81' lang='grc' dir='ltr'><em>τοὺς</em></span> <span class='ocrx_word' id='word_1_75' title='bbox 975 1118 1069 1171; x_wconf 88' lang='grc' dir='ltr'><em>δύο</em></span> <span class='ocrx_word' id='word_1_76' title='bbox 1113 1118 1371 1188; x_wconf 81' lang='grc' dir='ltr'><em>λέγοντας</em></span> <span class='ocrx_word' id='word_1_77' title='bbox 1417 1120 1878 1188; x_wconf 84' lang='grc' dir='ltr'><em>φύσεις,τοιαῦτά</em></span> 
     </span>
    </p>
   </div>
   <div class='ocr_carea' id='block_1_13' title="bbox 291 1211 1878 1283">
    <p class='ocr_par' dir='ltr' id='par_1_13' title="bbox 291 1211 1878 1283">
     <span class='ocr_line' id='line_1_13' title="bbox 291 1211 1878 1283; baseline 0.001 -17"><span class='ocrx_word' id='word_1_78' title='bbox 291 1229 485 1283; x_wconf 78' lang='grc' dir='ltr'><em>φησιν’</em></span> <span class='ocrx_word' id='word_1_79' title='bbox 523 1213 585 1263; x_wconf 88' lang='lat'><strong><em>&#39;0</em></strong></span> <span class='ocrx_word' id='word_1_80' title='bbox 609 1211 677 1263; x_wconf 86' lang='grc' dir='ltr'><em>δὲ</em></span> <span class='ocrx_word' id='word_1_81' title='bbox 696 1211 803 1265; x_wconf 85' lang='grc' dir='ltr'><strong><em>τοῦ</em></strong></span> <span class='ocrx_word' id='word_1_82' title='bbox 830 1211 1026 1265; x_wconf 81' lang='grc' dir='ltr'><strong><em>ἀϊδίου</em></strong></span> <span class='ocrx_word' id='word_1_83' title='bbox 1050 1212 1247 1281; x_wconf 68' lang='grc' dir='ltr'><em>φωτὸς</em></span> <span class='ocrx_word' id='word_1_84' title='bbox 1295 1212 1429 1278; x_wconf 83' lang='grc' dir='ltr'><strong><em>Υἱὸς</em></strong></span> <span class='ocrx_word' id='word_1_85' title='bbox 1455 1213 1570 1281; x_wconf 81' lang='grc' dir='ltr'><em>τὴν</em></span> <span class='ocrx_word' id='word_1_86' title='bbox 1596 1215 1755 1268; x_wconf 83' lang='grc' dir='ltr'><em>ίδιαν</em></span> <span class='ocrx_word' id='word_1_87' title='bbox 1774 1216 1878 1268; x_wconf 85' lang='grc' dir='ltr'><strong><em>οὺ·-</em></strong></span> 
     </span>
    </p>
   </div>
   <div class='ocr_carea' id='block_1_14' title="bbox 296 1302 1876 1374">
    <p class='ocr_par' dir='ltr' id='par_1_14' title="bbox 296 1302 1876 1374">
     <span class='ocr_line' id='line_1_14' title="bbox 296 1302 1876 1374; baseline -0.001 -15"><span class='ocrx_word' id='word_1_88' title='bbox 296 1307 443 1359; x_wconf 85' lang='grc' dir='ltr'><em>σίαν</em></span> <span class='ocrx_word' id='word_1_89' title='bbox 459 1305 525 1357; x_wconf 84' lang='grc' dir='ltr'><em>ἐν</em></span> <span class='ocrx_word' id='word_1_90' title='bbox 545 1302 626 1368; x_wconf 83' lang='grc' dir='ltr'><em>τῷ</em></span> <span class='ocrx_word' id='word_1_91' title='bbox 649 1304 770 1373; x_wconf 80' lang='grc' dir='ltr'><em>ὄρει</em></span> <span class='ocrx_word' id='word_1_92' title='bbox 791 1303 1192 1373; x_wconf 69' lang='grc' dir='ltr'><strong><em>ἐφανέρωσεν,</em></strong></span> <span class='ocrx_word' id='word_1_93' title='bbox 1225 1306 1296 1359; x_wconf 88' lang='grc' dir='ltr'><em>οὐ</em></span> <span class='ocrx_word' id='word_1_94' title='bbox 1319 1305 1427 1359; x_wconf 84' lang='grc' dir='ltr'><em>δύο</em></span> <span class='ocrx_word' id='word_1_95' title='bbox 1454 1307 1677 1373; x_wconf 70' lang='grc' dir='ltr'><em>φύσεις</em></span> <span class='ocrx_word' id='word_1_96' title='bbox 1699 1308 1876 1374; x_wconf 78' lang='grc' dir='ltr'><em>ἔχων,</em></span> 
     </span>
    </p>
   </div>
   <div class='ocr_carea' id='block_1_15' title="bbox 297 1397 1881 1467">
    <p class='ocr_par' dir='ltr' id='par_1_15' title="bbox 297 1397 1881 1467">
     <span class='ocr_line' id='line_1_15' title="bbox 297 1397 1881 1467; baseline 0 -14"><span class='ocrx_word' id='word_1_97' title='bbox 297 1398 456 1453; x_wconf 76' lang='grc' dir='ltr'><em>ἀλλὰ</em></span> <span class='ocrx_word' id='word_1_98' title='bbox 478 1398 626 1465; x_wconf 80' lang='grc' dir='ltr'><em>μίαν</em></span> <span class='ocrx_word' id='word_1_99' title='bbox 661 1397 731 1450; x_wconf 83' lang='grc' dir='ltr'><em>ἐν</em></span> <span class='ocrx_word' id='word_1_100' title='bbox 765 1399 955 1465; x_wconf 83' lang='grc' dir='ltr'><em>ὁρατῷ</em></span> <span class='ocrx_word' id='word_1_101' title='bbox 980 1415 1044 1451; x_wconf 91' lang='grc' dir='ltr'><strong><em>τε</em></strong></span> <span class='ocrx_word' id='word_1_102' title='bbox 1069 1398 1169 1451; x_wconf 79' lang='grc' dir='ltr'><em>καὶ</em></span> <span class='ocrx_word' id='word_1_103' title='bbox 1198 1397 1449 1466; x_wconf 83' lang='grc' dir='ltr'><strong><em>ἀοράτῳ.</em></strong></span> <span class='ocrx_word' id='word_1_104' title='bbox 1474 1398 1586 1451; x_wconf 73' lang='grc' dir='ltr'><strong><em>Καὶ</em></strong></span> <span class='ocrx_word' id='word_1_105' title='bbox 1621 1399 1881 1467; x_wconf 79' lang='grc' dir='ltr'><strong><em>Πολέμων</em></strong></span> 
     </span>
    </p>
   </div>
   <div class='ocr_carea' id='block_1_16' title="bbox 292 1484 1883 1561">
    <p class='ocr_par' dir='ltr' id='par_1_16' title="bbox 292 1484 1883 1561">
     <span class='ocr_line' id='line_1_16' title="bbox 292 1484 1883 1561; baseline -0.002 -16"><span class='ocrx_word' id='word_1_106' title='bbox 292 1490 353 1545; x_wconf 80' lang='grc' dir='ltr'><strong><em>δὲ</em></strong></span> <span class='ocrx_word' id='word_1_107' title='bbox 385 1491 497 1561; x_wconf 87' lang='grc' dir='ltr'><em>(τὸν</em></span> <span class='ocrx_word' id='word_1_108' title='bbox 530 1489 905 1561; x_wconf 81' lang='grc' dir='ltr'><em>’Λπολινὰριον</em></span> <span class='ocrx_word' id='word_1_109' title='bbox 950 1492 1007 1545; x_wconf 87' lang='grc' dir='ltr'>δὲ</span> <span class='ocrx_word' id='word_1_110' title='bbox 1039 1491 1361 1545; x_wconf 88' lang='grc' dir='ltr'><em>διδάσκαλον</em></span> <span class='ocrx_word' id='word_1_111' title='bbox 1403 1484 1558 1554; x_wconf 78' lang='grc' dir='ltr'><em>οὗτος</em></span> <span class='ocrx_word' id='word_1_112' title='bbox 1577 1492 1622 1522; x_wconf 74' lang='grc' dir='ltr'><strong><em>ὀ</em></strong></span> <span class='ocrx_word' id='word_1_113' title='bbox 1646 1491 1883 1560; x_wconf 85' lang='grc' dir='ltr'><strong><em>ἀνευφή-</em></strong></span> 
     </span>
    </p>
   </div>
   <div class='ocr_carea' id='block_1_17' title="bbox 291 1580 1883 1653">
    <p class='ocr_par' dir='ltr' id='par_1_17' title="bbox 291 1580 1883 1653">
     <span class='ocr_line' id='line_1_17' title="bbox 291 1580 1883 1653; baseline 0.001 -21"><span class='ocrx_word' id='word_1_114' title='bbox 291 1591 408 1652; x_wconf 67' lang='lat' dir='ltr'><strong><em>per.)</em></strong></span> <span class='ocrx_word' id='word_1_115' title='bbox 423 1583 465 1613; x_wconf 80' lang='grc'><strong><em>²¹</em></strong></span> <span class='ocrx_word' id='word_1_116' title='bbox 488 1583 614 1645; x_wconf 82' lang='grc' dir='ltr'><em>τοὺς</em></span> <span class='ocrx_word' id='word_1_117' title='bbox 638 1582 817 1652; x_wconf 82' lang='grc' dir='ltr'><em>ἱεροὺς</em></span> <span class='ocrx_word' id='word_1_118' title='bbox 839 1582 999 1653; x_wconf 83' lang='grc' dir='ltr'><em>ἡμῶν</em></span> <span class='ocrx_word' id='word_1_119' title='bbox 1020 1582 1166 1635; x_wconf 85' lang='grc' dir='ltr'><em>Πατέ</em></span> <span class='ocrx_word' id='word_1_120' title='bbox 1176 1599 1273 1653; x_wconf 89' lang='grc' dir='ltr'><strong><em>ρας</em></strong></span> <span class='ocrx_word' id='word_1_121' title='bbox 1297 1582 1618 1652; x_wconf 76' lang='grc' dir='ltr'><em>αἰτιώμενος</em></span> <span class='ocrx_word' id='word_1_122' title='bbox 1640 1580 1676 1634; x_wconf 82' lang='grc' dir='ltr'>ἂ</span> <span class='ocrx_word' id='word_1_123' title='bbox 1698 1582 1821 1644; x_wconf 83' lang='grc' dir='ltr'><em>τοὺς</em></span> <span class='ocrx_word' id='word_1_124' title='bbox 1838 1582 1883 1612; x_wconf 86' lang='grc'><strong><em>²²</em></strong></span> 
     </span>
    </p>
   </div>
   <div class='ocr_carea' id='block_1_18' title="bbox 285 1674 1878 1747">
    <p class='ocr_par' dir='ltr' id='par_1_18' title="bbox 285 1674 1878 1747">
     <span class='ocr_line' id='line_1_18' title="bbox 285 1674 1878 1747; baseline -0.001 -20"><span class='ocrx_word' id='word_1_125' title='bbox 285 1677 353 1728; x_wconf 76' lang='grc' dir='ltr'><strong><em>ὲν</em></strong></span> <span class='ocrx_word' id='word_1_126' title='bbox 384 1674 690 1745; x_wconf 79' lang='grc' dir='ltr'><strong><em>Καλχηδόνι</em></strong></span> <span class='ocrx_word' id='word_1_127' title='bbox 720 1676 769 1728; x_wconf 77' lang='grc' dir='ltr'><em>οἱ</em></span> <span class='ocrx_word' id='word_1_128' title='bbox 794 1675 903 1729; x_wconf 85' lang='grc' dir='ltr'><strong><em>ἀπὸ</em></strong></span> <span class='ocrx_word' id='word_1_129' title='bbox 930 1674 1058 1747; x_wconf 69' lang='grc'><strong><em>[448</em></strong></span> <span class='ocrx_word' id='word_1_130' title='bbox 1082 1674 1177 1747; x_wconf 85' lang='grc' dir='ltr'><strong><em>Η.]</em></strong></span> <span class='ocrx_word' id='word_1_131' title='bbox 1200 1675 1462 1747; x_wconf 86' lang='grc' dir='ltr'><em>Σεϐήρου,</em></span> <span class='ocrx_word' id='word_1_132' title='bbox 1485 1676 1587 1746; x_wconf 77' lang='grc' dir='ltr'><em>ὅρα</em></span> <span class='ocrx_word' id='word_1_133' title='bbox 1607 1676 1659 1727; x_wconf 83' lang='grc' dir='ltr'><strong><em>τί</em></strong></span> <span class='ocrx_word' id='word_1_134' title='bbox 1684 1692 1847 1745; x_wconf 77' lang='grc' dir='ltr'><em>φησιν</em></span> <span class='ocrx_word' id='word_1_135' title='bbox 1863 1688 1878 1702; x_wconf 90' lang='grc'><strong>·</strong></span> 
     </span>
    </p>
   </div>
   <div class='ocr_carea' id='block_1_19' title="bbox 288 1766 1885 1837">
    <p class='ocr_par' dir='ltr' id='par_1_19' title="bbox 288 1766 1885 1837">
     <span class='ocr_line' id='line_1_19' title="bbox 288 1766 1885 1837; baseline -0.003 -15"><span class='ocrx_word' id='word_1_136' title='bbox 288 1767 492 1823; x_wconf 82' lang='grc' dir='ltr'><strong><em>οὐδὲν</em></strong></span> <span class='ocrx_word' id='word_1_137' title='bbox 513 1768 712 1836; x_wconf 82' lang='grc' dir='ltr'><em>χεῖρον</em></span> <span class='ocrx_word' id='word_1_138' title='bbox 736 1768 1031 1837; x_wconf 82' lang='grc' dir='ltr'><em>ἐννοῆσαι</em></span> <span class='ocrx_word' id='word_1_139' title='bbox 1056 1768 1321 1824; x_wconf 82' lang='grc' dir='ltr'><em>κάκεῖνο.</em></span> <span class='ocrx_word' id='word_1_140' title='bbox 1351 1770 1500 1822; x_wconf 83' lang='grc' dir='ltr'><em>Θεὸν</em></span> <span class='ocrx_word' id='word_1_141' title='bbox 1529 1768 1638 1837; x_wconf 77' lang='grc' dir='ltr'><strong><em>γὰρ</em></strong></span> <span class='ocrx_word' id='word_1_142' title='bbox 1672 1766 1885 1836; x_wconf 78' lang='grc' dir='ltr'><em>λέγον-</em></span> 
     </span>
    </p>
   </div>
   <div class='ocr_carea' id='block_1_20' title="bbox 284 1861 1886 1931">
    <p class='ocr_par' dir='ltr' id='par_1_20' title="bbox 284 1861 1886 1931">
     <span class='ocr_line' id='line_1_20' title="bbox 284 1861 1886 1931; baseline -0.001 -16"><span class='ocrx_word' id='word_1_143' title='bbox 284 1878 395 1926; x_wconf 82' lang='grc' dir='ltr'><strong><em>τες</em></strong></span> <span class='ocrx_word' id='word_1_144' title='bbox 412 1862 511 1915; x_wconf 78' lang='grc' dir='ltr'><em>καὶ</em></span> <span class='ocrx_word' id='word_1_145' title='bbox 534 1861 849 1929; x_wconf 81' lang='grc' dir='ltr'><em>ἄνθρωπον</em></span> <span class='ocrx_word' id='word_1_146' title='bbox 862 1861 971 1916; x_wconf 85' lang='grc' dir='ltr'><em>τὸν</em></span> <span class='ocrx_word' id='word_1_147' title='bbox 988 1862 1178 1917; x_wconf 85' lang='grc' dir='ltr'><em>αὐτὸν</em></span> <span class='ocrx_word' id='word_1_148' title='bbox 1196 1864 1309 1916; x_wconf 81' lang='grc' dir='ltr'><em>οὐκ</em></span> <span class='ocrx_word' id='word_1_149' title='bbox 1326 1862 1720 1931; x_wconf 72' lang='grc' dir='ltr'><em>αἰσχύνονται</em></span> <span class='ocrx_word' id='word_1_150' title='bbox 1737 1862 1886 1930; x_wconf 82' lang='grc' dir='ltr'><em>μίαν</em></span> 
     </span>
    </p>
   </div>
   <div class='ocr_carea' id='block_1_21' title="bbox 286 1952 1888 2024">
    <p class='ocr_par' dir='ltr' id='par_1_21' title="bbox 286 1952 1888 2024">
     <span class='ocr_line' id='line_1_21' title="bbox 286 1952 1888 2024; baseline -0.001 -17"><span class='ocrx_word' id='word_1_151' title='bbox 286 1953 495 2022; x_wconf 68' lang='grc' dir='ltr'><em>φύσιν</em></span> <span class='ocrx_word' id='word_1_152' title='bbox 532 1952 639 2007; x_wconf 87' lang='grc' dir='ltr'><strong><em>τοῦ</em></strong></span> <span class='ocrx_word' id='word_1_153' title='bbox 681 1955 881 2024; x_wconf 79' lang='grc' dir='ltr'><strong><em>Λόγου</em></strong></span> <span class='ocrx_word' id='word_1_154' title='bbox 907 1952 1403 2023; x_wconf 81' lang='grc' dir='ltr'><em>σεσαρκωμένην,</em></span> <span class='ocrx_word' id='word_1_155' title='bbox 1430 1953 1701 2020; x_wconf 78' lang='grc' dir='ltr'><em>καθάπερ</em></span> <span class='ocrx_word' id='word_1_156' title='bbox 1739 1954 1888 2024; x_wconf 80' lang='grc' dir='ltr'><em>μίαν</em></span> 
     </span>
    </p>
   </div>
   <div class='ocr_carea' id='block_1_22' title="bbox 286 2042 1885 2117">
    <p class='ocr_par' dir='ltr' id='par_1_22' title="bbox 286 2042 1885 2117">
     <span class='ocr_line' id='line_1_22' title="bbox 286 2042 1885 2117; baseline -0.001 -17"><span class='ocrx_word' id='word_1_157' title='bbox 286 2046 615 2113; x_wconf 83' lang='grc' dir='ltr'><em>σύνθετον,</em></span> <span class='ocrx_word' id='word_1_158' title='bbox 637 2046 1095 2115; x_wconf 77' lang='grc' dir='ltr'><em>ὁμολογοῦντες.</em></span> <span class='ocrx_word' id='word_1_159' title='bbox 1123 2049 1194 2102; x_wconf 82' lang='lat' dir='ltr'><strong><em>El</em></strong></span> <span class='ocrx_word' id='word_1_160' title='bbox 1216 2048 1327 2117; x_wconf 82' lang='grc' dir='ltr'><strong><em>τὰρ</em></strong></span> <span class='ocrx_word' id='word_1_161' title='bbox 1354 2045 1499 2113; x_wconf 85' lang='grc' dir='ltr'><strong><em>Θεὸς</em></strong></span> <span class='ocrx_word' id='word_1_162' title='bbox 1538 2044 1765 2111; x_wconf 80' lang='grc' dir='ltr'><em>τέλειος</em></span> <span class='ocrx_word' id='word_1_163' title='bbox 1787 2042 1885 2099; x_wconf 76' lang='grc' dir='ltr'><em>καὶ</em></span> 
     </span>
    </p>
   </div>
   <div class='ocr_carea' id='block_1_23' title="bbox 292 2139 1888 2210">
    <p class='ocr_par' dir='ltr' id='par_1_23' title="bbox 292 2139 1888 2210">
     <span class='ocr_line' id='line_1_23' title="bbox 292 2139 1888 2210; baseline 0.002 -18"><span class='ocrx_word' id='word_1_164' title='bbox 292 2139 614 2208; x_wconf 77' lang='grc' dir='ltr'><em>ἆνθρωπος</em></span> <span class='ocrx_word' id='word_1_165' title='bbox 633 2139 861 2205; x_wconf 73' lang='grc' dir='ltr'><em>τέλειος</em></span> <span class='ocrx_word' id='word_1_166' title='bbox 884 2143 916 2194; x_wconf 83' lang='grc' dir='ltr'><strong><em>ό</em></strong></span> <span class='ocrx_word' id='word_1_167' title='bbox 947 2142 1155 2207; x_wconf 83' lang='grc' dir='ltr'><em>αὐτὸς,</em></span> <span class='ocrx_word' id='word_1_168' title='bbox 1177 2140 1288 2195; x_wconf 80' lang='grc' dir='ltr'><em>δύο</em></span> <span class='ocrx_word' id='word_1_169' title='bbox 1315 2142 1533 2210; x_wconf 72' lang='grc' dir='ltr'><em>φύσεις</em></span> <span class='ocrx_word' id='word_1_170' title='bbox 1566 2141 1681 2209; x_wconf 79' lang='grc' dir='ltr'><em>ἄρα</em></span> <span class='ocrx_word' id='word_1_171' title='bbox 1713 2143 1747 2195; x_wconf 89' lang='grc' dir='ltr'><strong><em>ό</em></strong></span> <span class='ocrx_word' id='word_1_172' title='bbox 1781 2142 1888 2195; x_wconf 86' lang='grc' dir='ltr'><strong><em>αὐ-</em></strong></span> 
     </span>
    </p>
   </div>
   <div class='ocr_carea' id='block_1_24' title="bbox 294 2231 1884 2303">
    <p class='ocr_par' dir='ltr' id='par_1_24' title="bbox 294 2231 1884 2303">
     <span class='ocr_line' id='line_1_24' title="bbox 294 2231 1884 2303; baseline 0.001 -20"><span class='ocrx_word' id='word_1_173' title='bbox 294 2232 425 2298; x_wconf 77' lang='grc' dir='ltr'><em>τὸς,</em></span> <span class='ocrx_word' id='word_1_174' title='bbox 448 2233 716 2300; x_wconf 76' lang='grc' dir='ltr'><em>καθάπερ</em></span> <span class='ocrx_word' id='word_1_175' title='bbox 738 2233 778 2301; x_wconf 76' lang='grc' dir='ltr'>ἡ</span> <span class='ocrx_word' id='word_1_176' title='bbox 809 2233 928 2286; x_wconf 84' lang='grc' dir='ltr'><strong><em>τῶν</em></strong></span> <span class='ocrx_word' id='word_1_177' title='bbox 947 2231 1367 2287; x_wconf 83' lang='grc' dir='ltr'><em>Καππαδοκῶν</em></span> <span class='ocrx_word' id='word_1_178' title='bbox 1391 2232 1716 2303; x_wconf 74' lang='grc' dir='ltr'><strong><em>εἰσηγεῖται</em></strong></span> <span class='ocrx_word' id='word_1_179' title='bbox 1756 2249 1884 2285; x_wconf 84' lang='grc' dir='ltr'><em>και-</em></span> 
     </span>
    </p>
   </div>
   <div class='ocr_carea' id='block_1_25' title="bbox 298 2325 1887 2396">
    <p class='ocr_par' dir='ltr' id='par_1_25' title="bbox 298 2325 1887 2396">
     <span class='ocr_line' id='line_1_25' title="bbox 298 2325 1887 2396; baseline 0.001 -19"><span class='ocrx_word' id='word_1_180' title='bbox 298 2325 549 2393; x_wconf 81' lang='grc' dir='ltr'><em>νοτομία</em></span> <span class='ocrx_word' id='word_1_181' title='bbox 572 2325 672 2380; x_wconf 73' lang='grc' dir='ltr'><strong><em>καί</em></strong></span> <span class='ocrx_word' id='word_1_182' title='bbox 704 2327 1057 2381; x_wconf 82' lang='grc' dir='ltr'><em>Ἀθανασίου</em></span> <span class='ocrx_word' id='word_1_183' title='bbox 1089 2329 1127 2396; x_wconf 74' lang='grc' dir='ltr'>ἡ</span> <span class='ocrx_word' id='word_1_184' title='bbox 1152 2326 1353 2394; x_wconf 77' lang='grc' dir='ltr'><em>οἴησις</em></span> <span class='ocrx_word' id='word_1_185' title='bbox 1374 2328 1473 2381; x_wconf 82' lang='grc' dir='ltr'><em>καὶ</em></span> <span class='ocrx_word' id='word_1_186' title='bbox 1500 2325 1619 2381; x_wconf 84' lang='grc' dir='ltr'><em>τῶν</em></span> <span class='ocrx_word' id='word_1_187' title='bbox 1637 2328 1708 2380; x_wconf 85' lang='grc' dir='ltr'><em>ἐν</em></span> <span class='ocrx_word' id='word_1_188' title='bbox 1742 2327 1887 2381; x_wconf 73' lang='grc' dir='ltr'><em>Ἰτα-</em></span> 
     </span>
    </p>
   </div>
   <div class='ocr_carea' id='block_1_26' title="bbox 291 2417 1887 2489">
    <p class='ocr_par' dir='ltr' id='par_1_26' title="bbox 291 2417 1887 2489">
     <span class='ocr_line' id='line_1_26' title="bbox 291 2417 1887 2489; baseline -0.001 -17"><span class='ocrx_word' id='word_1_189' title='bbox 291 2418 403 2486; x_wconf 55' lang='lat' dir='ltr'><strong><em>ita</em></strong></span> <span class='ocrx_word' id='word_1_190' title='bbox 440 2421 473 2472; x_wconf 88' lang='grc' dir='ltr'>ό</span> <span class='ocrx_word' id='word_1_191' title='bbox 513 2419 724 2486; x_wconf 76' lang='grc' dir='ltr'><em>τύφος.</em></span> <span class='ocrx_word' id='word_1_192' title='bbox 763 2419 878 2472; x_wconf 82' lang='grc' dir='ltr'><strong><em>Καὶ</em></strong></span> <span class='ocrx_word' id='word_1_193' title='bbox 918 2418 1387 2488; x_wconf 78' lang='grc' dir='ltr'><em>σχηματίζονται</em></span> <span class='ocrx_word' id='word_1_194' title='bbox 1417 2418 1550 2489; x_wconf 87' lang='grc' dir='ltr'><em>μὲν,</em></span> <span class='ocrx_word' id='word_1_195' title='bbox 1592 2419 1675 2483; x_wconf 87' lang='grc' dir='ltr'><em>ὡς</em></span> <span class='ocrx_word' id='word_1_196' title='bbox 1701 2417 1887 2486; x_wconf 83' lang='grc' dir='ltr'><strong><em>δῆθεν</em></strong></span> 
     </span>
    </p>
   </div>
   <div class='ocr_carea' id='block_1_27' title="bbox 288 2510 1887 2581">
    <p class='ocr_par' dir='ltr' id='par_1_27' title="bbox 288 2510 1887 2581">
     <span class='ocr_line' id='line_1_27' title="bbox 288 2510 1887 2581; baseline 0.001 -18"><span class='ocrx_word' id='word_1_197' title='bbox 288 2510 593 2580; x_wconf 68' lang='grc' dir='ltr'><strong><em>¹ἡμέτεροι,</em></strong></span> <span class='ocrx_word' id='word_1_198' title='bbox 616 2510 865 2579; x_wconf 72' lang='grc' dir='ltr'><em>φρονεῖν</em></span> <span class='ocrx_word' id='word_1_199' title='bbox 880 2512 951 2566; x_wconf 85' lang='grc' dir='ltr'><em>τὰ</em></span> <span class='ocrx_word' id='word_1_200' title='bbox 970 2512 1079 2566; x_wconf 87' lang='grc' dir='ltr'><em>τοῦ</em></span> <span class='ocrx_word' id='word_1_201' title='bbox 1100 2513 1272 2581; x_wconf 83' lang='grc' dir='ltr'><em>ἁγίου</em></span> <span class='ocrx_word' id='word_1_202' title='bbox 1290 2511 1524 2579; x_wconf 81' lang='grc' dir='ltr'><em>Πατρός</em></span> <span class='ocrx_word' id='word_1_203' title='bbox 1541 2510 1711 2580; x_wconf 80' lang='grc' dir='ltr'><strong><em>ἡμῶν</em></strong></span> <span class='ocrx_word' id='word_1_204' title='bbox 1726 2512 1887 2565; x_wconf 78' lang='grc' dir='ltr'><em>Ἀπο-</em></span> 
     </span>
    </p>
   </div>
   <div class='ocr_carea' id='block_1_28' title="bbox 284 2603 1888 2674">
    <p class='ocr_par' dir='ltr' id='par_1_28' title="bbox 284 2603 1888 2674">
     <span class='ocr_line' id='line_1_28' title="bbox 284 2603 1888 2674; baseline 0.001 -18"><span class='ocrx_word' id='word_1_205' title='bbox 284 2603 593 2671; x_wconf 66' lang='grc' dir='ltr'><em>λιναριου,</em></span> <span class='ocrx_word' id='word_1_206' title='bbox 614 2605 981 2672; x_wconf 81' lang='grc' dir='ltr'><em>κηρύττουσι</em></span> <span class='ocrx_word' id='word_1_207' title='bbox 1002 2603 1071 2657; x_wconf 82' lang='grc' dir='ltr'><strong><em>δὲ</em></strong></span> <span class='ocrx_word' id='word_1_208' title='bbox 1088 2603 1353 2672; x_wconf 80' lang='grc' dir='ltr'><em>καθάπερ</em></span> <span class='ocrx_word' id='word_1_209' title='bbox 1372 2608 1424 2659; x_wconf 81' lang='lat' dir='ltr'><strong><em>oi</em></strong></span> <span class='ocrx_word' id='word_1_210' title='bbox 1442 2605 1755 2674; x_wconf 79' lang='grc' dir='ltr'><em>Γρηγόριοι</em></span> <span class='ocrx_word' id='word_1_211' title='bbox 1770 2603 1888 2671; x_wconf 83' lang='grc' dir='ltr'><em>τὴν</em></span> 
     </span>
    </p>
   </div>
   <div class='ocr_carea' id='block_1_29' title="bbox 286 2691 1886 2766">
    <p class='ocr_par' dir='ltr' id='par_1_29' title="bbox 286 2691 1886 2766">
     <span class='ocr_line' id='line_1_29' title="bbox 286 2691 1886 2766; baseline 0 -19"><span class='ocrx_word' id='word_1_212' title='bbox 286 2694 418 2747; x_wconf 83' lang='grc' dir='ltr'><em>τῶν</em></span> <span class='ocrx_word' id='word_1_213' title='bbox 441 2695 688 2762; x_wconf 69' lang='grc' dir='ltr'><em>φύσεων</em></span> <span class='ocrx_word' id='word_1_214' title='bbox 718 2694 930 2748; x_wconf 81' lang='grc' dir='ltr'><strong><em>δυάδα.</em></strong></span> <span class='ocrx_word' id='word_1_215' title='bbox 964 2694 1090 2758; x_wconf 86' lang='grc' dir='ltr'><strong><em>Πῶς</em></strong></span> <span class='ocrx_word' id='word_1_216' title='bbox 1121 2691 1214 2749; x_wconf 81' lang='grc' dir='ltr'><em>οὖν</em></span> <span class='ocrx_word' id='word_1_217' title='bbox 1245 2696 1371 2766; x_wconf 81' lang='grc' dir='ltr'><em>ἐνῆν</em></span> <span class='ocrx_word' id='word_1_218' title='bbox 1397 2695 1671 2765; x_wconf 84' lang='grc' dir='ltr'><em>Εὐτυχοῦς</em></span> <span class='ocrx_word' id='word_1_219' title='bbox 1699 2713 1758 2748; x_wconf 90' lang='grc' dir='ltr'><strong><em>τε</em></strong></span> <span class='ocrx_word' id='word_1_220' title='bbox 1790 2696 1886 2750; x_wconf 80' lang='grc' dir='ltr'><em>καὶ</em></span> 
     </span>
    </p>
   </div>
   <div class='ocr_carea' id='block_1_30' title="bbox 304 2783 1887 2857">
    <p class='ocr_par' dir='ltr' id='par_1_30' title="bbox 304 2783 1887 2857">
     <span class='ocr_line' id='line_1_30' title="bbox 304 2783 1887 2857; baseline 0.001 -19"><span class='ocrx_word' id='word_1_221' title='bbox 304 2783 718 2856; x_wconf 85' lang='grc' dir='ltr'><em>Ἀπολιναρίου,</em></span> <span class='ocrx_word' id='word_1_222' title='bbox 742 2787 1095 2839; x_wconf 74' lang='grc' dir='ltr'><em>Οὐαλεντίνου</em></span> <span class='ocrx_word' id='word_1_223' title='bbox 1120 2804 1181 2839; x_wconf 86' lang='grc' dir='ltr'><strong><em>τε</em></strong></span> <span class='ocrx_word' id='word_1_224' title='bbox 1206 2788 1300 2840; x_wconf 77' lang='grc' dir='ltr'><em>καὶ</em></span> <span class='ocrx_word' id='word_1_225' title='bbox 1327 2784 1632 2856; x_wconf 54' lang='grc' dir='ltr'><em>Μανιῇίαίου</em></span> <span class='ocrx_word' id='word_1_226' title='bbox 1652 2787 1750 2857; x_wconf 84' lang='grc' dir='ltr'><strong><em>τὴν</em></strong></span> <span class='ocrx_word' id='word_1_227' title='bbox 1764 2804 1887 2839; x_wconf 82' lang='grc' dir='ltr'><em>τοσ-</em></span> 
     </span>
    </p>
   </div>
   <div class='ocr_carea' id='block_1_31' title="bbox 288 2878 1886 2949">
    <p class='ocr_par' dir='ltr' id='par_1_31' title="bbox 288 2878 1886 2949">
     <span class='ocr_line' id='line_1_31' title="bbox 288 2878 1886 2949; baseline 0 -18"><span class='ocrx_word' id='word_1_228' title='bbox 288 2878 477 2948; x_wconf 82' lang='grc' dir='ltr'><em>αὐτην</em></span> <span class='ocrx_word' id='word_1_229' title='bbox 506 2879 605 2947; x_wconf 84' lang='grc' dir='ltr'><em>τῆς</em></span> <span class='ocrx_word' id='word_1_230' title='bbox 635 2878 891 2941; x_wconf 82' lang='grc' dir='ltr'><em>ἀσεϐείας</em></span> <span class='ocrx_word' id='word_1_231' title='bbox 921 2879 1103 2948; x_wconf 81' lang='grc' dir='ltr'><strong><em>ῥύμην</em></strong></span> <span class='ocrx_word' id='word_1_232' title='bbox 1131 2879 1398 2949; x_wconf 77' lang='grc' dir='ltr'><em>ἐπισχεῖν,</em></span> <span class='ocrx_word' id='word_1_233' title='bbox 1425 2880 1522 2931; x_wconf 75' lang='grc' dir='ltr'><em>καὶ</em></span> <span class='ocrx_word' id='word_1_234' title='bbox 1566 2879 1668 2949; x_wconf 86' lang='grc' dir='ltr'><em>τὴν</em></span> <span class='ocrx_word' id='word_1_235' title='bbox 1714 2880 1886 2949; x_wconf 84' lang='grc' dir='ltr'><em>νομὴν</em></span> 
     </span>
    </p>
   </div>
   <div class='ocr_carea' id='block_1_32' title="bbox 285 2969 1887 3042">
    <p class='ocr_par' dir='ltr' id='par_1_32' title="bbox 285 2969 1887 3042">
     <span class='ocr_line' id='line_1_32' title="bbox 285 2969 1887 3042; baseline 0.001 -20"><span class='ocrx_word' id='word_1_236' title='bbox 285 2969 471 3033; x_wconf 76' lang='grc' dir='ltr'><em>οὕτως</em></span> <span class='ocrx_word' id='word_1_237' title='bbox 497 2971 793 3041; x_wconf 76' lang='grc' dir='ltr'><em>ἓρπουσαν,</em></span> <span class='ocrx_word' id='word_1_238' title='bbox 815 2971 904 3023; x_wconf 67' lang='grc' dir='ltr'><em>καὶ</em></span> <span class='ocrx_word' id='word_1_239' title='bbox 928 2970 1027 3033; x_wconf 88' lang='grc' dir='ltr'><em>τὰς</em></span> <span class='ocrx_word' id='word_1_240' title='bbox 1058 2970 1167 3024; x_wconf 83' lang='grc' dir='ltr'><em>τῶν</em></span> <span class='ocrx_word' id='word_1_241' title='bbox 1197 2969 1503 3042; x_wconf 83' lang='grc' dir='ltr'><em>ἀνθρώπων</em></span> <span class='ocrx_word' id='word_1_242' title='bbox 1520 2969 1697 3040; x_wconf 76' lang='grc' dir='ltr'><em>ψυχὰς</em></span> <span class='ocrx_word' id='word_1_243' title='bbox 1718 2988 1887 3024; x_wconf 85' lang='grc' dir='ltr'><em>κατα-</em></span> 
     </span>
    </p>
   </div>
   <div class='ocr_carea' id='block_1_33' title="bbox 285 3062 1886 3133">
    <p class='ocr_par' dir='ltr' id='par_1_33' title="bbox 285 3062 1886 3133">
     <span class='ocr_line' id='line_1_33' title="bbox 285 3062 1886 3133; baseline -0.001 -18"><span class='ocrx_word' id='word_1_244' title='bbox 285 3063 640 3133; x_wconf 77' lang='grc' dir='ltr'><em>ϐοσκομένην</em></span> <span class='ocrx_word' id='word_1_245' title='bbox 677 3062 1009 3127; x_wconf 80' lang='grc' dir='ltr'><em>ἀναστεῖλαι,</em></span> <span class='ocrx_word' id='word_1_246' title='bbox 1040 3064 1089 3115; x_wconf 88' lang='grc' dir='ltr'><em>εἰ</em></span> <span class='ocrx_word' id='word_1_247' title='bbox 1127 3062 1202 3133; x_wconf 81' lang='grc' dir='ltr'><em>μὴ</em></span> <span class='ocrx_word' id='word_1_248' title='bbox 1246 3064 1344 3133; x_wconf 85' lang='grc' dir='ltr'><em>τῆς</em></span> <span class='ocrx_word' id='word_1_249' title='bbox 1394 3064 1548 3133; x_wconf 79' lang='grc' dir='ltr'><em>ἱερᾶς</em></span> <span class='ocrx_word' id='word_1_250' title='bbox 1578 3064 1635 3116; x_wconf 84' lang='grc' dir='ltr'>ὲν</span> <span class='ocrx_word' id='word_1_251' title='bbox 1662 3062 1886 3132; x_wconf 84' lang='grc' dir='ltr'><em>Καλχη-</em></span> 
     </span>
    </p>
   </div>
   <div class='ocr_carea' id='block_1_34' title="bbox 1976 552 3558 635">
    <p class='ocr_par' dir='ltr' id='par_1_34' title="bbox 1976 552 3558 635">
     <span class='ocr_line' id='line_1_34' title="bbox 1976 552 3558 635; baseline -0.009 -14"><span class='ocrx_word' id='word_1_252' title='bbox 1976 567 2183 635; x_wconf 77' lang='lat' dir='ltr'><strong><em>copioso</em></strong></span> <span class='ocrx_word' id='word_1_253' title='bbox 2228 564 2517 633; x_wconf 78' lang='lat' dir='ltr'><strong><em>excipimus</em></strong></span> <span class='ocrx_word' id='word_1_254' title='bbox 2550 578 2569 615; x_wconf 90' lang='lat'><strong><em>:</em></strong></span> <span class='ocrx_word' id='word_1_255' title='bbox 2626 575 2719 613; x_wconf 86' lang='lat' dir='ltr'><strong><em>nos</em></strong></span> <span class='ocrx_word' id='word_1_256' title='bbox 2761 573 2879 611; x_wconf 85' lang='lat' dir='ltr'><strong><em>vero</em></strong></span> <span class='ocrx_word' id='word_1_257' title='bbox 2908 555 3149 625; x_wconf 79' lang='lat' dir='ltr'><strong><em>[visibilis</em></strong></span> <span class='ocrx_word' id='word_1_258' title='bbox 3189 563 3238 607; x_wconf 84' lang='lat' dir='ltr'><strong><em>et</em></strong></span> <span class='ocrx_word' id='word_1_259' title='bbox 3278 552 3558 607; x_wconf 74' lang='lat' dir='ltr'><strong><em>invisibilis</em></strong></span> 
     </span>
    </p>
   </div>
   <div class='ocr_carea' id='block_1_35' title="bbox 1975 643 3559 712">
    <p class='ocr_par' dir='ltr' id='par_1_35' title="bbox 1975 643 3559 712">
     <span class='ocr_line' id='line_1_35' title="bbox 1975 643 3559 712; baseline -0.01 0"><span class='ocrx_word' id='word_1_260' title='bbox 1975 673 2136 712; x_wconf 86' lang='lat' dir='ltr'><strong><em>uuam</em></strong></span> <span class='ocrx_word' id='word_1_261' title='bbox 2168 668 2417 710; x_wconf 87' lang='lat' dir='ltr'><strong><em>naturam</em></strong></span> <span class='ocrx_word' id='word_1_262' title='bbox 2450 669 2559 708; x_wconf 85' lang='lat' dir='ltr'><strong><em>esse</em></strong></span> <span class='ocrx_word' id='word_1_263' title='bbox 2589 653 2835 705; x_wconf 80' lang='lat' dir='ltr'><strong><em>dicimus.</em></strong></span> <span class='ocrx_word' id='word_1_264' title='bbox 2864 650 2933 703; x_wconf 88' lang='lat' dir='ltr'><strong><em>Et</em></strong></span> <span class='ocrx_word' id='word_1_265' title='bbox 2958 662 3090 702; x_wconf 87' lang='lat' dir='ltr'><strong><em>vero</em></strong></span> <span class='ocrx_word' id='word_1_266' title='bbox 3120 645 3455 701; x_wconf 58' lang='lat' dir='ltr'><strong><em>Manichacus</em></strong></span> <span class='ocrx_word' id='word_1_267' title='bbox 3489 643 3559 697; x_wconf 88' lang='lat' dir='ltr'><strong><em>ad</em></strong></span> 
     </span>
    </p>
   </div>
   <div class='ocr_carea' id='block_1_36' title="bbox 1979 737 3561 821">
    <p class='ocr_par' dir='ltr' id='par_1_36' title="bbox 1979 737 3561 821">
     <span class='ocr_line' id='line_1_36' title="bbox 1979 737 3561 821; baseline -0.011 -16"><span class='ocrx_word' id='word_1_268' title='bbox 1979 749 2334 821; x_wconf 83' lang='lat' dir='ltr'><strong><em>Scythianum</em></strong></span> <span class='ocrx_word' id='word_1_269' title='bbox 2368 748 2619 802; x_wconf 84' lang='lat' dir='ltr'><strong><em>scribens</em></strong></span> <span class='ocrx_word' id='word_1_270' title='bbox 2648 755 2704 799; x_wconf 88' lang='lat' dir='ltr'><strong><em>et</em></strong></span> <span class='ocrx_word' id='word_1_271' title='bbox 2736 759 2831 799; x_wconf 88' lang='lat' dir='ltr'><strong><em>eos</em></strong></span> <span class='ocrx_word' id='word_1_272' title='bbox 2862 740 3285 811; x_wconf 88' lang='lat' dir='ltr'><strong><em>reprehendens.</em></strong></span> <span class='ocrx_word' id='word_1_273' title='bbox 3310 737 3401 807; x_wconf 86' lang='lat' dir='ltr'><strong><em>qui</em></strong></span> <span class='ocrx_word' id='word_1_274' title='bbox 3426 737 3561 789; x_wconf 86' lang='lat' dir='ltr'><strong><em>duas</em></strong></span> 
     </span>
    </p>
   </div>
   <div class='ocr_carea' id='block_1_37' title="bbox 1976 826 3559 903">
    <p class='ocr_par' dir='ltr' id='par_1_37' title="bbox 1976 826 3559 903">
     <span class='ocr_line' id='line_1_37' title="bbox 1976 826 3559 903; baseline -0.013 -4"><span class='ocrx_word' id='word_1_275' title='bbox 1976 844 2163 898; x_wconf 89' lang='lat' dir='ltr'><strong><em>dicunt</em></strong></span> <span class='ocrx_word' id='word_1_276' title='bbox 2193 852 2433 903; x_wconf 84' lang='lat' dir='ltr'><strong><em>naturas,</em></strong></span> <span class='ocrx_word' id='word_1_277' title='bbox 2463 841 2578 893; x_wconf 68' lang='lat' dir='ltr'><strong><em>haec</em></strong></span> <span class='ocrx_word' id='word_1_278' title='bbox 2602 838 2733 891; x_wconf 90' lang='lat' dir='ltr'><strong><em>dicit</em></strong></span> <span class='ocrx_word' id='word_1_279' title='bbox 2758 854 2771 890; x_wconf 92' lang='lat'><strong>:</strong></span> <span class='ocrx_word' id='word_1_280' title='bbox 2798 834 3114 901; x_wconf 80' lang='lat' dir='ltr'><strong><em>Sempiterni</em></strong></span> <span class='ocrx_word' id='word_1_281' title='bbox 3141 830 3357 884; x_wconf 89' lang='lat' dir='ltr'><strong><em>luminis</em></strong></span> <span class='ocrx_word' id='word_1_282' title='bbox 3379 826 3559 880; x_wconf 85' lang='lat' dir='ltr'><strong><em>Filius</em></strong></span> 
     </span>
    </p>
   </div>
   <div class='ocr_carea' id='block_1_38' title="bbox 1978 924 3560 1007">
    <p class='ocr_par' dir='ltr' id='par_1_38' title="bbox 1978 924 3560 1007">
     <span class='ocr_line' id='line_1_38' title="bbox 1978 924 3560 1007; baseline -0.012 -15"><span class='ocrx_word' id='word_1_283' title='bbox 1978 937 2247 1007; x_wconf 82' lang='lat' dir='ltr'><strong><em>propriam</em></strong></span> <span class='ocrx_word' id='word_1_284' title='bbox 2265 938 2320 989; x_wconf 92' lang='lat' dir='ltr'><strong><em>in</em></strong></span> <span class='ocrx_word' id='word_1_285' title='bbox 2344 945 2514 987; x_wconf 89' lang='lat' dir='ltr'><strong><em>monte</em></strong></span> <span class='ocrx_word' id='word_1_286' title='bbox 2536 931 2741 985; x_wconf 88' lang='lat' dir='ltr'><strong><em>Thabor</em></strong></span> <span class='ocrx_word' id='word_1_287' title='bbox 2762 938 3008 982; x_wconf 86' lang='lat' dir='ltr'><strong><em>naturam</em></strong></span> <span class='ocrx_word' id='word_1_288' title='bbox 3035 924 3277 987; x_wconf 79' lang='lat' dir='ltr'><strong><em>ostendit,</em></strong></span> <span class='ocrx_word' id='word_1_289' title='bbox 3298 938 3401 974; x_wconf 90' lang='lat' dir='ltr'><strong><em>non</em></strong></span> <span class='ocrx_word' id='word_1_290' title='bbox 3426 926 3560 973; x_wconf 83' lang='lat' dir='ltr'><strong><em>duas</em></strong></span> 
     </span>
    </p>
   </div>
   <div class='ocr_carea' id='block_1_39' title="bbox 1978 1009 3562 1089">
    <p class='ocr_par' dir='ltr' id='par_1_39' title="bbox 1978 1009 3562 1089">
     <span class='ocr_line' id='line_1_39' title="bbox 1978 1009 3562 1089; baseline -0.015 -6"><span class='ocrx_word' id='word_1_291' title='bbox 1978 1029 2173 1082; x_wconf 84' lang='lat' dir='ltr'><strong><em>habens</em></strong></span> <span class='ocrx_word' id='word_1_292' title='bbox 2214 1037 2454 1089; x_wconf 86' lang='lat' dir='ltr'><strong><em>naturas,</em></strong></span> <span class='ocrx_word' id='word_1_293' title='bbox 2483 1022 2571 1077; x_wconf 87' lang='lat' dir='ltr'><strong><em>sed</em></strong></span> <span class='ocrx_word' id='word_1_294' title='bbox 2608 1022 2819 1075; x_wconf 88' lang='lat' dir='ltr'><strong><em>unicam</em></strong></span> <span class='ocrx_word' id='word_1_295' title='bbox 2859 1019 2916 1071; x_wconf 87' lang='lat' dir='ltr'><strong><em>in</em></strong></span> <span class='ocrx_word' id='word_1_296' title='bbox 2954 1014 3143 1069; x_wconf 86' lang='lat' dir='ltr'><strong><em>visibili</em></strong></span> <span class='ocrx_word' id='word_1_297' title='bbox 3188 1022 3345 1081; x_wconf 84' lang='lat' dir='ltr'><strong><em>atque</em></strong></span> <span class='ocrx_word' id='word_1_298' title='bbox 3374 1009 3562 1064; x_wconf 83' lang='lat' dir='ltr'><strong><em>inuisi—</em></strong></span> 
     </span>
    </p>
   </div>
   <div class='ocr_carea' id='block_1_40' title="bbox 1980 1100 3561 1183">
    <p class='ocr_par' dir='ltr' id='par_1_40' title="bbox 1980 1100 3561 1183">
     <span class='ocr_line' id='line_1_40' title="bbox 1980 1100 3561 1183; baseline -0.013 -12"><span class='ocrx_word' id='word_1_299' title='bbox 1980 1117 2093 1172; x_wconf 87' lang='lat' dir='ltr'><strong><em>bili.</em></strong></span> <span class='ocrx_word' id='word_1_300' title='bbox 2125 1115 2380 1171; x_wconf 87' lang='lat' dir='ltr'><strong><em>Polemon</em></strong></span> <span class='ocrx_word' id='word_1_301' title='bbox 2410 1126 2626 1183; x_wconf 84' lang='lat' dir='ltr'><strong><em>quoque</em></strong></span> <span class='ocrx_word' id='word_1_302' title='bbox 2672 1116 3058 1179; x_wconf 68' lang='lat' dir='ltr'><strong><em>przeceptorem</em></strong></span> <span class='ocrx_word' id='word_1_303' title='bbox 3092 1120 3247 1157; x_wconf 87' lang='lat' dir='ltr'><strong><em>suum</em></strong></span> <span class='ocrx_word' id='word_1_304' title='bbox 3278 1100 3561 1171; x_wconf 80' lang='lat' dir='ltr'><strong><em>Apollina-</em></strong></span> 
     </span>
    </p>
   </div>
   <div class='ocr_carea' id='block_1_41' title="bbox 1980 1192 3563 1272">
    <p class='ocr_par' dir='ltr' id='par_1_41' title="bbox 1980 1192 3563 1272">
     <span class='ocr_line' id='line_1_41' title="bbox 1980 1192 3563 1272; baseline -0.015 -7"><span class='ocrx_word' id='word_1_305' title='bbox 1980 1211 2118 1266; x_wconf 84' lang='lat' dir='ltr'><strong><em>rium</em></strong></span> <span class='ocrx_word' id='word_1_306' title='bbox 2156 1207 2414 1272; x_wconf 88' lang='lat' dir='ltr'><strong><em>laudavit,</em></strong></span> <span class='ocrx_word' id='word_1_307' title='bbox 2442 1205 2615 1259; x_wconf 88' lang='lat' dir='ltr'><strong><em>sacris</em></strong></span> <span class='ocrx_word' id='word_1_308' title='bbox 2648 1201 2849 1256; x_wconf 91' lang='lat' dir='ltr'><strong><em>nostris</em></strong></span> <span class='ocrx_word' id='word_1_309' title='bbox 2874 1197 3126 1252; x_wconf 85' lang='lat' dir='ltr'><strong><em>Patribus</em></strong></span> <span class='ocrx_word' id='word_1_310' title='bbox 3152 1196 3289 1248; x_wconf 87' lang='lat' dir='ltr'><strong><em>dans</em></strong></span> <span class='ocrx_word' id='word_1_311' title='bbox 3319 1192 3563 1269; x_wconf 86' lang='lat' dir='ltr'><strong><em>crimini,</em></strong></span> 
     </span>
    </p>
   </div>
   <div class='ocr_carea' id='block_1_42' title="bbox 1982 1281 3565 1373">
    <p class='ocr_par' dir='ltr' id='par_1_42' title="bbox 1982 1281 3565 1373">
     <span class='ocr_line' id='line_1_42' title="bbox 1982 1281 3565 1373; baseline -0.016 -14"><span class='ocrx_word' id='word_1_312' title='bbox 1982 1319 2100 1373; x_wconf 67' lang='lat' dir='ltr'><strong><em>quae</em></strong></span> <span class='ocrx_word' id='word_1_313' title='bbox 2142 1301 2392 1356; x_wconf 86' lang='lat' dir='ltr'><strong><em>Patribus</em></strong></span> <span class='ocrx_word' id='word_1_314' title='bbox 2428 1314 2482 1352; x_wconf 89' lang='lat' dir='ltr'><strong><em>In</em></strong></span> <span class='ocrx_word' id='word_1_315' title='bbox 2535 1292 2962 1351; x_wconf 89' lang='lat' dir='ltr'><strong><em>Chalcedonensi</em></strong></span> <span class='ocrx_word' id='word_1_316' title='bbox 3009 1288 3219 1359; x_wconf 83' lang='lat' dir='ltr'><strong>synodo</strong></span> <span class='ocrx_word' id='word_1_317' title='bbox 3261 1281 3565 1346; x_wconf 87' lang='lat' dir='ltr'><strong><em>Severiani,</em></strong></span> 
     </span>
    </p>
   </div>
   <div class='ocr_carea' id='block_1_43' title="bbox 1982 1374 3567 1462">
    <p class='ocr_par' dir='ltr' id='par_1_43' title="bbox 1982 1374 3567 1462">
     <span class='ocr_line' id='line_1_43' title="bbox 1982 1374 3567 1462; baseline -0.015 -14"><span class='ocrx_word' id='word_1_318' title='bbox 1982 1374 2107 1448; x_wconf 85' lang='lat' dir='ltr'><strong><em>vide</em></strong></span> <span class='ocrx_word' id='word_1_319' title='bbox 2153 1394 2281 1462; x_wconf 88' lang='lat' dir='ltr'><strong><em>quid</em></strong></span> <span class='ocrx_word' id='word_1_320' title='bbox 2305 1392 2497 1446; x_wconf 88' lang='lat' dir='ltr'><strong><em>dicat:</em></strong></span> <span class='ocrx_word' id='word_1_321' title='bbox 2527 1388 2648 1442; x_wconf 87' lang='lat' dir='ltr'><strong><em>Non</em></strong></span> <span class='ocrx_word' id='word_1_322' title='bbox 2686 1390 2832 1454; x_wconf 84' lang='lat' dir='ltr'><strong><em>pejus</em></strong></span> <span class='ocrx_word' id='word_1_323' title='bbox 2872 1383 2956 1435; x_wconf 85' lang='lat' dir='ltr'><strong><em>hic</em></strong></span> <span class='ocrx_word' id='word_1_324' title='bbox 2991 1380 3280 1447; x_wconf 77' lang='lat' dir='ltr'><strong><em>intelligere</em></strong></span> <span class='ocrx_word' id='word_1_325' title='bbox 3315 1377 3481 1430; x_wconf 89' lang='lat' dir='ltr'><strong><em>Deum</em></strong></span> <span class='ocrx_word' id='word_1_326' title='bbox 3518 1383 3567 1427; x_wconf 87' lang='lat' dir='ltr'><strong><em>et</em></strong></span> 
     </span>
    </p>
   </div>
   <div class='ocr_carea' id='block_1_44' title="bbox 1983 1471 3569 1541">
    <p class='ocr_par' dir='ltr' id='par_1_44' title="bbox 1983 1471 3569 1541">
     <span class='ocr_line' id='line_1_44' title="bbox 1983 1471 3569 1541; baseline -0.015 0"><span class='ocrx_word' id='word_1_327' title='bbox 1983 1488 2246 1541; x_wconf 83' lang='lat' dir='ltr'><strong><em>hominem</em></strong></span> <span class='ocrx_word' id='word_1_328' title='bbox 2293 1482 2531 1538; x_wconf 86' lang='lat' dir='ltr'><strong><em>eumdem</em></strong></span> <span class='ocrx_word' id='word_1_329' title='bbox 2584 1480 2837 1541; x_wconf 83' lang='lat' dir='ltr'><strong><em>dicentes,</em></strong></span> <span class='ocrx_word' id='word_1_330' title='bbox 2891 1492 2998 1527; x_wconf 76' lang='lat' dir='ltr'><strong><em>non</em></strong></span> <span class='ocrx_word' id='word_1_331' title='bbox 3049 1471 3362 1525; x_wconf 84' lang='lat' dir='ltr'><strong><em>erubescunt</em></strong></span> <span class='ocrx_word' id='word_1_332' title='bbox 3405 1481 3569 1519; x_wconf 87' lang='lat' dir='ltr'><strong><em>unam</em></strong></span> 
     </span>
    </p>
   </div>
   <div class='ocr_carea' id='block_1_45' title="bbox 1997 1560 3569 1638">
    <p class='ocr_par' dir='ltr' id='par_1_45' title="bbox 1997 1560 3569 1638">
     <span class='ocr_line' id='line_1_45' title="bbox 1997 1560 3569 1638; baseline -0.015 -7"><span class='ocrx_word' id='word_1_333' title='bbox 1997 1579 2147 1633; x_wconf 76' lang='lat' dir='ltr'><strong><em>Verbi</em></strong></span> <span class='ocrx_word' id='word_1_334' title='bbox 2200 1588 2450 1632; x_wconf 85' lang='lat' dir='ltr'><strong><em>naturam</em></strong></span> <span class='ocrx_word' id='word_1_335' title='bbox 2504 1574 2865 1634; x_wconf 83' lang='lat' dir='ltr'><strong><em>incarnatam,</em></strong></span> <span class='ocrx_word' id='word_1_336' title='bbox 2916 1560 3362 1638; x_wconf 77' lang='lat' dir='ltr'><strong><em>quemadmodum</em></strong></span> <span class='ocrx_word' id='word_1_337' title='bbox 3403 1572 3569 1611; x_wconf 88' lang='lat' dir='ltr'><strong><em>unum</em></strong></span> 
     </span>
    </p>
   </div>
   <div class='ocr_carea' id='block_1_46' title="bbox 1985 1651 3572 1740">
    <p class='ocr_par' dir='ltr' id='par_1_46' title="bbox 1985 1651 3572 1740">
     <span class='ocr_line' id='line_1_46' title="bbox 1985 1651 3572 1740; baseline -0.016 -14"><span class='ocrx_word' id='word_1_338' title='bbox 1985 1671 2331 1740; x_wconf 87' lang='lat' dir='ltr'><strong><em>compositum</em></strong></span> <span class='ocrx_word' id='word_1_339' title='bbox 2378 1667 2704 1736; x_wconf 78' lang='lat' dir='ltr'><strong><em>conﬁtentes.</em></strong></span> <span class='ocrx_word' id='word_1_340' title='bbox 2763 1662 2821 1717; x_wconf 87' lang='lat' dir='ltr'><strong><em>Si</em></strong></span> <span class='ocrx_word' id='word_1_341' title='bbox 2863 1661 3000 1715; x_wconf 88' lang='lat' dir='ltr'><strong><em>enim</em></strong></span> <span class='ocrx_word' id='word_1_342' title='bbox 3038 1656 3295 1725; x_wconf 76' lang='lat' dir='ltr'><strong><em>perfectus</em></strong></span> <span class='ocrx_word' id='word_1_343' title='bbox 3342 1651 3482 1705; x_wconf 88' lang='lat' dir='ltr'><strong><em>Deus</em></strong></span> <span class='ocrx_word' id='word_1_344' title='bbox 3521 1655 3572 1702; x_wconf 80' lang='lat' dir='ltr'><strong><em>et</em></strong></span> 
     </span>
    </p>
   </div>
   <div class='ocr_carea' id='block_1_47' title="bbox 1985 1748 3573 1834">
    <p class='ocr_par' dir='ltr' id='par_1_47' title="bbox 1985 1748 3573 1834">
     <span class='ocr_line' id='line_1_47' title="bbox 1985 1748 3573 1834; baseline -0.018 -16"><span class='ocrx_word' id='word_1_345' title='bbox 1985 1765 2248 1834; x_wconf 66' lang='lat' dir='ltr'><strong><em>perfectus</em></strong></span> <span class='ocrx_word' id='word_1_346' title='bbox 2272 1761 2428 1813; x_wconf 85' lang='lat' dir='ltr'><strong><em>homo</em></strong></span> <span class='ocrx_word' id='word_1_347' title='bbox 2455 1759 2611 1820; x_wconf 88' lang='lat' dir='ltr'><strong><em>idem,</em></strong></span> <span class='ocrx_word' id='word_1_348' title='bbox 2639 1754 2760 1809; x_wconf 68' lang='lat' dir='ltr'><strong><em>dare</em></strong></span> <span class='ocrx_word' id='word_1_349' title='bbox 2786 1761 2992 1806; x_wconf 73' lang='lat' dir='ltr'><strong><em>natura:</em></strong></span> <span class='ocrx_word' id='word_1_350' title='bbox 3019 1748 3183 1817; x_wconf 65' lang='lat' dir='ltr'><strong><em>igitur</em></strong></span> <span class='ocrx_word' id='word_1_351' title='bbox 3206 1759 3365 1807; x_wconf 87' lang='lat' dir='ltr'><strong><em>unus,</em></strong></span> <span class='ocrx_word' id='word_1_352' title='bbox 3395 1754 3573 1811; x_wconf 83' lang='lat' dir='ltr'><strong><em>quem-</em></strong></span> 
     </span>
    </p>
   </div>
   <div class='ocr_carea' id='block_1_48' title="bbox 1918 1833 3573 1917">
    <p class='ocr_par' dir='ltr' id='par_1_48' title="bbox 1918 1833 3573 1917">
     <span class='ocr_line' id='line_1_48' title="bbox 1918 1833 3573 1917; baseline -0.018 -7"><span class='ocrx_word' id='word_1_353' title='bbox 1918 1835 1957 1887; x_wconf 72' lang='grc' dir='ltr'><strong>Β</strong></span> <span class='ocrx_word' id='word_1_354' title='bbox 1987 1833 2274 1909; x_wconf 77' lang='lat' dir='ltr'><strong><em>admodum</em></strong></span> <span class='ocrx_word' id='word_1_355' title='bbox 2305 1868 2440 1906; x_wconf 87' lang='lat' dir='ltr'><strong><em>nova</em></strong></span> <span class='ocrx_word' id='word_1_356' title='bbox 2478 1848 2852 1917; x_wconf 81' lang='lat' dir='ltr'><strong><em>Cappadocum</em></strong></span> <span class='ocrx_word' id='word_1_357' title='bbox 2875 1842 2999 1896; x_wconf 88' lang='lat' dir='ltr'><strong><em>dicit</em></strong></span> <span class='ocrx_word' id='word_1_358' title='bbox 3042 1839 3230 1894; x_wconf 84' lang='lat' dir='ltr'><strong><em>divisio</em></strong></span> <span class='ocrx_word' id='word_1_359' title='bbox 3254 1845 3305 1890; x_wconf 89' lang='lat' dir='ltr'><strong><em>et</em></strong></span> <span class='ocrx_word' id='word_1_360' title='bbox 3334 1833 3573 1888; x_wconf 77' lang='lat' dir='ltr'><strong><em>Athana-</em></strong></span> 
     </span>
    </p>
   </div>
   <div class='ocr_carea' id='block_1_49' title="bbox 1986 1926 3572 2015">
    <p class='ocr_par' dir='ltr' id='par_1_49' title="bbox 1986 1926 3572 2015">
     <span class='ocr_line' id='line_1_49' title="bbox 1986 1926 3572 2015; baseline -0.018 -11"><span class='ocrx_word' id='word_1_361' title='bbox 1986 1949 2054 2004; x_wconf 83' lang='lat' dir='ltr'><strong><em>sii</em></strong></span> <span class='ocrx_word' id='word_1_362' title='bbox 2077 1946 2276 2015; x_wconf 84' lang='lat' dir='ltr'><strong><em>opinio,</em></strong></span> <span class='ocrx_word' id='word_1_363' title='bbox 2308 1952 2359 1998; x_wconf 84' lang='lat' dir='ltr'><strong><em>et</em></strong></span> <span class='ocrx_word' id='word_1_364' title='bbox 2400 1941 2666 1997; x_wconf 85' lang='lat' dir='ltr'><strong><em>Italorum</em></strong></span> <span class='ocrx_word' id='word_1_365' title='bbox 2715 1938 2917 2008; x_wconf 77' lang='lat' dir='ltr'><strong><em>fumus,</em></strong></span> <span class='ocrx_word' id='word_1_366' title='bbox 2951 1945 2998 1989; x_wconf 89' lang='lat' dir='ltr'><strong><em>et</em></strong></span> <span class='ocrx_word' id='word_1_367' title='bbox 3043 1929 3295 1986; x_wconf 76' lang='lat' dir='ltr'><strong><em>simulant</em></strong></span> <span class='ocrx_word' id='word_1_368' title='bbox 3336 1926 3572 1997; x_wconf 87' lang='lat' dir='ltr'><strong><em>quidem,</em></strong></span> 
     </span>
    </p>
   </div>
   <div class='ocr_carea' id='block_1_50' title="bbox 1985 2015 3575 2109">
    <p class='ocr_par' dir='ltr' id='par_1_50' title="bbox 1985 2015 3575 2109">
     <span class='ocr_line' id='line_1_50' title="bbox 1985 2015 3575 2109; baseline -0.019 -13"><span class='ocrx_word' id='word_1_369' title='bbox 1985 2042 2139 2109; x_wconf 87' lang='lat' dir='ltr'><strong><em>quasi</em></strong></span> <span class='ocrx_word' id='word_1_370' title='bbox 2185 2037 2395 2105; x_wconf 82' lang='lat' dir='ltr'><strong><em>nostri,|</em></strong></span> <span class='ocrx_word' id='word_1_371' title='bbox 2431 2051 2488 2090; x_wconf 87' lang='lat' dir='ltr'><strong><em>se</em></strong></span> <span class='ocrx_word' id='word_1_372' title='bbox 2533 2034 2725 2088; x_wconf 87' lang='lat' dir='ltr'><strong><em>sentire</em></strong></span> <span class='ocrx_word' id='word_1_373' title='bbox 2765 2046 2884 2101; x_wconf 69' lang='lat' dir='ltr'><strong><em>qua:</em></strong></span> <span class='ocrx_word' id='word_1_374' title='bbox 2933 2038 3145 2082; x_wconf 84' lang='lat' dir='ltr'><strong><em>sanctus</em></strong></span> <span class='ocrx_word' id='word_1_375' title='bbox 3196 2030 3371 2075; x_wconf 85' lang='lat' dir='ltr'><strong><em>noster</em></strong></span> <span class='ocrx_word' id='word_1_376' title='bbox 3412 2015 3575 2071; x_wconf 84' lang='lat' dir='ltr'><strong><em>Pater</em></strong></span> 
     </span>
    </p>
   </div>
   <div class='ocr_carea' id='block_1_51' title="bbox 1986 2108 3573 2200">
    <p class='ocr_par' dir='ltr' id='par_1_51' title="bbox 1986 2108 3573 2200">
     <span class='ocr_line' id='line_1_51' title="bbox 1986 2108 3573 2200; baseline -0.018 -13"><span class='ocrx_word' id='word_1_377' title='bbox 1986 2108 2387 2200; x_wconf 77' lang='lat' dir='ltr'><strong><em>Apollinarius;</em></strong></span> <span class='ocrx_word' id='word_1_378' title='bbox 2441 2126 2531 2182; x_wconf 83' lang='lat' dir='ltr'><strong><em>sed</em></strong></span> <span class='ocrx_word' id='word_1_379' title='bbox 2580 2124 2896 2190; x_wconf 70' lang='lat' dir='ltr'><strong><em>praedicant,</em></strong></span> <span class='ocrx_word' id='word_1_380' title='bbox 2958 2108 3573 2200; x_wconf 26' lang='lat' dir='ltr'><strong><em>quemadmodumnduo</em></strong></span> 
     </span>
    </p>
   </div>
   <div class='ocr_carea' id='block_1_52' title="bbox 1988 2197 3576 2292">
    <p class='ocr_par' dir='ltr' id='par_1_52' title="bbox 1988 2197 3576 2292">
     <span class='ocr_line' id='line_1_52' title="bbox 1988 2197 3576 2292; baseline -0.018 -14"><span class='ocrx_word' id='word_1_381' title='bbox 1988 2197 2251 2292; x_wconf 84' lang='lat' dir='ltr'><strong><em>Gregorii,</em></strong></span> <span class='ocrx_word' id='word_1_382' title='bbox 2283 2230 2602 2275; x_wconf 85' lang='lat' dir='ltr'><strong><em>naturarum</em></strong></span> <span class='ocrx_word' id='word_1_383' title='bbox 2634 2204 3269 2276; x_wconf 85' lang='lat' dir='ltr'><strong><em>dualitatem.Quomodo</em></strong></span> <span class='ocrx_word' id='word_1_384' title='bbox 3291 2215 3396 2255; x_wconf 90' lang='lat' dir='ltr'><strong><em>non</em></strong></span> <span class='ocrx_word' id='word_1_385' title='bbox 3423 2197 3576 2253; x_wconf 83' lang='lat' dir='ltr'><strong><em>licuit</em></strong></span> 
     </span>
    </p>
   </div>
   <div class='ocr_carea' id='block_1_53' title="bbox 1988 2292 3579 2386">
    <p class='ocr_par' dir='ltr' id='par_1_53' title="bbox 1988 2292 3579 2386">
     <span class='ocr_line' id='line_1_53' title="bbox 1988 2292 3579 2386; baseline -0.018 -15"><span class='ocrx_word' id='word_1_386' title='bbox 1988 2317 2270 2386; x_wconf 87' lang='lat' dir='ltr'><strong><em>Eutychis,</em></strong></span> <span class='ocrx_word' id='word_1_387' title='bbox 2322 2310 2669 2382; x_wconf 85' lang='lat' dir='ltr'><strong><em>Apollinarii,</em></strong></span> <span class='ocrx_word' id='word_1_388' title='bbox 2709 2303 3004 2366; x_wconf 80' lang='lat' dir='ltr'><strong><em>Valentini,</em></strong></span> <span class='ocrx_word' id='word_1_389' title='bbox 3070 2294 3382 2362; x_wconf 68' lang='lat' dir='ltr'><strong><em>Manichazi,</em></strong></span> <span class='ocrx_word' id='word_1_390' title='bbox 3436 2292 3579 2346; x_wconf 88' lang='lat' dir='ltr'><strong><em>hanc</em></strong></span> 
     </span>
    </p>
   </div>
   <div class='ocr_carea' id='block_1_54' title="bbox 1988 2391 3573 2477">
    <p class='ocr_par' dir='ltr' id='par_1_54' title="bbox 1988 2391 3573 2477">
     <span class='ocr_line' id='line_1_54' title="bbox 1988 2391 3573 2477; baseline -0.018 -13"><span class='ocrx_word' id='word_1_391' title='bbox 1988 2408 2283 2477; x_wconf 80' lang='lat' dir='ltr'><strong><em>impietatis</em></strong></span> <span class='ocrx_word' id='word_1_392' title='bbox 2313 2406 2421 2460; x_wconf 89' lang='lat' dir='ltr'><strong><em>vim</em></strong></span> <span class='ocrx_word' id='word_1_393' title='bbox 2461 2403 2755 2465; x_wconf 89' lang='lat' dir='ltr'><strong><em>sustinere,</em></strong></span> <span class='ocrx_word' id='word_1_394' title='bbox 2786 2408 2841 2453; x_wconf 91' lang='lat' dir='ltr'><strong><em>et</em></strong></span> <span class='ocrx_word' id='word_1_395' title='bbox 2871 2396 3119 2451; x_wconf 87' lang='lat' dir='ltr'><strong><em>morbum</em></strong></span> <span class='ocrx_word' id='word_1_396' title='bbox 3148 2391 3230 2445; x_wconf 91' lang='lat' dir='ltr'><strong><em>sic</em></strong></span> <span class='ocrx_word' id='word_1_397' title='bbox 3263 2393 3573 2456; x_wconf 84' lang='lat' dir='ltr'><strong><em>repentem,</em></strong></span> 
     </span>
    </p>
   </div>
   <div class='ocr_carea' id='block_1_55' title="bbox 1986 2472 3574 2561">
    <p class='ocr_par' dir='ltr' id='par_1_55' title="bbox 1986 2472 3574 2561">
     <span class='ocr_line' id='line_1_55' title="bbox 1986 2472 3574 2561; baseline -0.02 -4"><span class='ocrx_word' id='word_1_398' title='bbox 1986 2511 2044 2557; x_wconf 88' lang='lat' dir='ltr'><strong><em>et</em></strong></span> <span class='ocrx_word' id='word_1_399' title='bbox 2065 2500 2332 2553; x_wconf 89' lang='lat' dir='ltr'><strong><em>humanas</em></strong></span> <span class='ocrx_word' id='word_1_400' title='bbox 2348 2495 2559 2550; x_wconf 88' lang='lat' dir='ltr'><strong><em>animas</em></strong></span> <span class='ocrx_word' id='word_1_401' title='bbox 2579 2492 2957 2561; x_wconf 90' lang='lat' dir='ltr'><strong><em>depascentetn</em></strong></span> <span class='ocrx_word' id='word_1_402' title='bbox 2984 2482 3279 2545; x_wconf 81' lang='lat' dir='ltr'><strong><em>remisisse,</em></strong></span> <span class='ocrx_word' id='word_1_403' title='bbox 3304 2476 3407 2533; x_wconf 83' lang='lat' dir='ltr'><strong><em>nisi</em></strong></span> <span class='ocrx_word' id='word_1_404' title='bbox 3429 2472 3574 2529; x_wconf 87' lang='lat' dir='ltr'><strong><em>sacri</em></strong></span> 
     </span>
    </p>
   </div>
   <div class='ocr_carea' id='block_1_56' title="bbox 1984 2573 3575 2649">
    <p class='ocr_par' dir='ltr' id='par_1_56' title="bbox 1984 2573 3575 2649">
     <span class='ocr_line' id='line_1_56' title="bbox 1984 2573 3575 2649; baseline -0.019 -1"><span class='ocrx_word' id='word_1_405' title='bbox 1984 2588 2444 2649; x_wconf 86' lang='lat' dir='ltr'><strong><em>Chalcedonensis</em></strong></span> <span class='ocrx_word' id='word_1_406' title='bbox 2470 2593 2768 2640; x_wconf 90' lang='lat' dir='ltr'><strong><em>conventus</em></strong></span> <span class='ocrx_word' id='word_1_407' title='bbox 2795 2580 3008 2635; x_wconf 89' lang='lat' dir='ltr'><strong><em>divinus</em></strong></span> <span class='ocrx_word' id='word_1_408' title='bbox 3035 2576 3212 2638; x_wconf 90' lang='lat' dir='ltr'><strong><em>zelus,</em></strong></span> <span class='ocrx_word' id='word_1_409' title='bbox 3242 2573 3379 2627; x_wconf 89' lang='lat' dir='ltr'><strong><em>duas</em></strong></span> <span class='ocrx_word' id='word_1_410' title='bbox 3412 2576 3575 2622; x_wconf 86' lang='lat' dir='ltr'><strong><em>natu-</em></strong></span> 
     </span>
    </p>
   </div>
   <div class='ocr_carea' id='block_1_57' title="bbox 1987 2659 3576 2741">
    <p class='ocr_par' dir='ltr' id='par_1_57' title="bbox 1987 2659 3576 2741">
     <span class='ocr_line' id='line_1_57' title="bbox 1987 2659 3576 2741; baseline -0.019 0"><span class='ocrx_word' id='word_1_411' title='bbox 1987 2702 2081 2741; x_wconf 88' lang='lat' dir='ltr'><strong><em>ras</em></strong></span> <span class='ocrx_word' id='word_1_412' title='bbox 2111 2683 2374 2738; x_wconf 85' lang='lat' dir='ltr'><strong><em>indivisas</em></strong></span> <span class='ocrx_word' id='word_1_413' title='bbox 2411 2680 2611 2734; x_wconf 82' lang='lat' dir='ltr'><strong><em>Christi</em></strong></span> <span class='ocrx_word' id='word_1_414' title='bbox 2659 2677 2712 2731; x_wconf 90' lang='lat' dir='ltr'><strong><em>in</em></strong></span> <span class='ocrx_word' id='word_1_415' title='bbox 2753 2673 2954 2728; x_wconf 81' lang='lat' dir='ltr'><strong><em>unione</em></strong></span> <span class='ocrx_word' id='word_1_416' title='bbox 2991 2665 3355 2739; x_wconf 82' lang='lat' dir='ltr'><strong><em>hypostatica,</em></strong></span> <span class='ocrx_word' id='word_1_417' title='bbox 3392 2659 3481 2730; x_wconf 89' lang='lat' dir='ltr'><strong><em>pie</em></strong></span> <span class='ocrx_word' id='word_1_418' title='bbox 3518 2666 3576 2712; x_wconf 88' lang='lat' dir='ltr'><strong><em>et</em></strong></span> 
     </span>
    </p>
   </div>
   <div class='ocr_carea' id='block_1_58' title="bbox 1987 2752 3576 2841">
    <p class='ocr_par' dir='ltr' id='par_1_58' title="bbox 1987 2752 3576 2841">
     <span class='ocr_line' id='line_1_58' title="bbox 1987 2752 3576 2841; baseline -0.02 -7"><span class='ocrx_word' id='word_1_419' title='bbox 1987 2775 2373 2834; x_wconf 84' lang='lat' dir='ltr'><strong><em>convenienter</em></strong></span> <span class='ocrx_word' id='word_1_420' title='bbox 2388 2766 2775 2841; x_wconf 67' lang='lat' dir='ltr'><strong><em>praedicasset?</em></strong></span> <span class='ocrx_word' id='word_1_421' title='bbox 2798 2762 3078 2819; x_wconf 80' lang='lat' dir='ltr'><strong><em>Haereticis</em></strong></span> <span class='ocrx_word' id='word_1_422' title='bbox 3095 2761 3173 2813; x_wconf 90' lang='lat' dir='ltr'><strong><em>sic</em></strong></span> <span class='ocrx_word' id='word_1_423' title='bbox 3191 2752 3576 2817; x_wconf 79' lang='lat' dir='ltr'><strong><em>delirantibus,</em></strong></span> 
     </span>
    </p>
   </div>
   <div class='ocr_carea' id='block_1_59' title="bbox 1987 2840 3578 2936">
    <p class='ocr_par' dir='ltr' id='par_1_59' title="bbox 1987 2840 3578 2936">
     <span class='ocr_line' id='line_1_59' title="bbox 1987 2840 3578 2936; baseline -0.018 -13"><span class='ocrx_word' id='word_1_424' title='bbox 1987 2867 2091 2923; x_wconf 88' lang='lat' dir='ltr'><strong><em>nisi</em></strong></span> <span class='ocrx_word' id='word_1_425' title='bbox 2123 2864 2341 2936; x_wconf 83' lang='lat' dir='ltr'><strong><em>pietatis</em></strong></span> <span class='ocrx_word' id='word_1_426' title='bbox 2372 2861 2541 2916; x_wconf 90' lang='lat' dir='ltr'><strong><em>turris</em></strong></span> <span class='ocrx_word' id='word_1_427' title='bbox 2588 2858 2811 2912; x_wconf 81' lang='lat' dir='ltr'><strong><em>ﬂuctum</em></strong></span> <span class='ocrx_word' id='word_1_428' title='bbox 2860 2855 3042 2915; x_wconf 86' lang='lat' dir='ltr'><strong><em>sistat,</em></strong></span> <span class='ocrx_word' id='word_1_429' title='bbox 3093 2849 3226 2903; x_wconf 84' lang='lat' dir='ltr'><strong><em>nihil</em></strong></span> <span class='ocrx_word' id='word_1_430' title='bbox 3256 2853 3406 2901; x_wconf 87' lang='lat' dir='ltr'><strong><em>vetat</em></strong></span> <span class='ocrx_word' id='word_1_431' title='bbox 3445 2840 3578 2899; x_wconf 79' lang='lat' dir='ltr'><strong><em>sub-</em></strong></span> 
     </span>
    </p>
   </div>
   <div class='ocr_carea' id='block_1_60' title="bbox 1987 2934 3581 3021">
    <p class='ocr_par' dir='ltr' id='par_1_60' title="bbox 1987 2934 3581 3021">
     <span class='ocr_line' id='line_1_60' title="bbox 1987 2934 3581 3021; baseline -0.016 -6"><span class='ocrx_word' id='word_1_432' title='bbox 1987 2934 2198 3015; x_wconf 77' lang='lat' dir='ltr'><strong><em>mersos</em></strong></span> <span class='ocrx_word' id='word_1_433' title='bbox 2236 2955 2436 3011; x_wconf 89' lang='lat' dir='ltr'><strong><em>multos</em></strong></span> <span class='ocrx_word' id='word_1_434' title='bbox 2471 2954 2527 3007; x_wconf 92' lang='lat' dir='ltr'><strong><em>in</em></strong></span> <span class='ocrx_word' id='word_1_435' title='bbox 2569 2951 2729 3021; x_wconf 81' lang='lat' dir='ltr'><strong><em>plano</em></strong></span> <span class='ocrx_word' id='word_1_436' title='bbox 2764 2962 2905 3003; x_wconf 89' lang='lat' dir='ltr'><strong><em>esse.</em></strong></span> <span class='ocrx_word' id='word_1_437' title='bbox 2940 2946 3124 3010; x_wconf 83' lang='lat' dir='ltr'><strong><em>Quare</em></strong></span> <span class='ocrx_word' id='word_1_438' title='bbox 3153 2938 3256 2994; x_wconf 88' lang='lat' dir='ltr'><strong><em>nisi</em></strong></span> <span class='ocrx_word' id='word_1_439' title='bbox 3288 2934 3581 2992; x_wconf 82' lang='lat' dir='ltr'><strong><em>antedictis</em></strong></span> 
     </span>
    </p>
   </div>
   <div class='ocr_carea' id='block_1_61' title="bbox 1986 3035 3577 3112">
    <p class='ocr_par' dir='ltr' id='par_1_61' title="bbox 1986 3035 3577 3112">
     <span class='ocr_line' id='line_1_61' title="bbox 1986 3035 3577 3112; baseline -0.018 -1"><span class='ocrx_word' id='word_1_440' title='bbox 1986 3055 2245 3112; x_wconf 84' lang='lat' dir='ltr'><strong><em>Patribns</em></strong></span> <span class='ocrx_word' id='word_1_441' title='bbox 2294 3052 2523 3107; x_wconf 89' lang='lat' dir='ltr'><strong><em>duarum</em></strong></span> <span class='ocrx_word' id='word_1_442' title='bbox 2578 3058 2897 3101; x_wconf 84' lang='lat' dir='ltr'><strong><em>naturarum</em></strong></span> <span class='ocrx_word' id='word_1_443' title='bbox 2947 3040 3165 3111; x_wconf 80' lang='lat' dir='ltr'><strong><em>cognita</em></strong></span> <span class='ocrx_word' id='word_1_444' title='bbox 3216 3035 3407 3091; x_wconf 76' lang='lat' dir='ltr'><strong><em>fuisset</em></strong></span> <span class='ocrx_word' id='word_1_445' title='bbox 3445 3046 3577 3100; x_wconf 76' lang='lat' dir='ltr'><strong><em>vox,</em></strong></span> 
     </span>
    </p>
   </div>
   <div class='ocr_carea' id='block_1_62' title="bbox 286 3128 1885 3230">
    <p class='ocr_par' dir='ltr' id='par_1_62' title="bbox 286 3128 1885 3228">
     <span class='ocr_line' id='line_1_62' title="bbox 286 3128 1885 3228; baseline 0.001 -20"><span class='ocrx_word' id='word_1_446' title='bbox 286 3156 407 3209; x_wconf 81' lang='grc' dir='ltr'><em>δόνι</em></span> <span class='ocrx_word' id='word_1_447' title='bbox 438 3128 769 3227; x_wconf 71' lang='grc' dir='ltr'><em>ὁμηγύρεως</em></span> <span class='ocrx_word' id='word_1_448' title='bbox 799 3159 827 3210; x_wconf 77' lang='grc' dir='ltr'>ὁ</span> <span class='ocrx_word' id='word_1_449' title='bbox 855 3158 996 3220; x_wconf 83' lang='grc' dir='ltr'><em>Οεῖος</em></span> <span class='ocrx_word' id='word_1_450' title='bbox 1027 3128 1311 3226; x_wconf 41' lang='grc' dir='ltr'><em>ζῆλος-δύο</em></span> <span class='ocrx_word' id='word_1_451' title='bbox 1334 3128 1526 3224; x_wconf 80' lang='grc' dir='ltr'><em>φύσεις</em></span> <span class='ocrx_word' id='word_1_452' title='bbox 1549 3128 1885 3228; x_wconf 76' lang='grc' dir='ltr'><em>ἀδιαιρέτους</em></span> 
     </span>
    </p>
   </div>
   <div class='ocr_carea' id='block_1_63' title="bbox 1986 3128 3582 3230">
    <p class='ocr_par' dir='ltr' id='par_1_63' title="bbox 1996 3128 3582 3208">
     <span class='ocr_line' id='line_1_63' title="bbox 1996 3128 3582 3208; baseline -0.018 -5"><span class='ocrx_word' id='word_1_453' title='bbox 1996 3146 2377 3203; x_wconf 84' lang='lat' dir='ltr'><strong><em>necessitatem</em></strong></span> <span class='ocrx_word' id='word_1_454' title='bbox 2402 3142 2624 3196; x_wconf 86' lang='lat' dir='ltr'><strong><em>haberet</em></strong></span> <span class='ocrx_word' id='word_1_455' title='bbox 2649 3136 2889 3208; x_wconf 85' lang='lat' dir='ltr'><strong><em>synodus</em></strong></span> <span class='ocrx_word' id='word_1_456' title='bbox 2912 3140 3132 3203; x_wconf 88' lang='lat' dir='ltr'><strong><em>propter</em></strong></span> <span class='ocrx_word' id='word_1_457' title='bbox 3154 3128 3368 3183; x_wconf 92' lang='lat' dir='ltr'><strong><em>illorum</em></strong></span> <span class='ocrx_word' id='word_1_458' title='bbox 3393 3138 3582 3179; x_wconf 84' lang='lat' dir='ltr'><strong><em>amen-</em></strong></span> 
     </span>
    </p>
   </div>
   <div class='ocr_carea' id='block_1_64' title="bbox 284 3249 1888 3321">
    <p class='ocr_par' dir='ltr' id='par_1_64' title="bbox 284 3249 1888 3321">
     <span class='ocr_line' id='line_1_64' title="bbox 284 3249 1888 3321; baseline 0 -18"><span class='ocrx_word' id='word_1_459' title='bbox 284 3252 351 3303; x_wconf 78' lang='grc' dir='ltr'><strong><em>ὲν</em></strong></span> <span class='ocrx_word' id='word_1_460' title='bbox 398 3252 466 3321; x_wconf 77' lang='grc' dir='ltr'><em>τῇ</em></span> <span class='ocrx_word' id='word_1_461' title='bbox 517 3249 639 3303; x_wconf 75' lang='grc' dir='ltr'><em>καθ’</em></span> <span class='ocrx_word' id='word_1_462' title='bbox 674 3250 974 3303; x_wconf 78' lang='grc' dir='ltr'><em>ὑπόστασιν</em></span> <span class='ocrx_word' id='word_1_463' title='bbox 1012 3250 1204 3303; x_wconf 83' lang='grc' dir='ltr'><em>ὲνὼσει</em></span> <span class='ocrx_word' id='word_1_464' title='bbox 1236 3249 1333 3304; x_wconf 85' lang='grc' dir='ltr'><strong><em>τοῦ</em></strong></span> <span class='ocrx_word' id='word_1_465' title='bbox 1364 3250 1603 3321; x_wconf 79' lang='grc' dir='ltr'><em>Χριστοῦ</em></span> <span class='ocrx_word' id='word_1_466' title='bbox 1653 3252 1888 3321; x_wconf 86' lang='grc' dir='ltr'><em>διαπρυ-</em></span> 
     </span>
    </p>
   </div>
   <div class='ocr_carea' id='block_1_65' title="bbox 289 3338 1888 3411">
    <p class='ocr_par' dir='ltr' id='par_1_65' title="bbox 289 3338 1888 3411">
     <span class='ocr_line' id='line_1_65' title="bbox 289 3338 1888 3411; baseline -0.002 -18"><span class='ocrx_word' id='word_1_467' title='bbox 289 3339 429 3402; x_wconf 80' lang='grc' dir='ltr'><em>σίως</em></span> <span class='ocrx_word' id='word_1_468' title='bbox 462 3356 520 3392; x_wconf 88' lang='grc' dir='ltr'><strong><em>τε</em></strong></span> <span class='ocrx_word' id='word_1_469' title='bbox 555 3341 647 3391; x_wconf 76' lang='grc' dir='ltr'><em>καὶ</em></span> <span class='ocrx_word' id='word_1_470' title='bbox 678 3340 985 3410; x_wconf 81' lang='grc' dir='ltr'><em>θεοφρόνως</em></span> <span class='ocrx_word' id='word_1_471' title='bbox 1014 3338 1318 3411; x_wconf 80' lang='grc' dir='ltr'><em>ἀνεκήρυξε</em></span> <span class='ocrx_word' id='word_1_472' title='bbox 1335 3339 1415 3404; x_wconf 84' lang='grc'><strong><em>²³;</em></strong></span> <span class='ocrx_word' id='word_1_473' title='bbox 1450 3339 1562 3408; x_wconf 85' lang='grc' dir='ltr'><strong><em>Τῆς</em></strong></span> <span class='ocrx_word' id='word_1_474' title='bbox 1591 3340 1697 3408; x_wconf 83' lang='grc' dir='ltr'><strong><em>γὰρ</em></strong></span> <span class='ocrx_word' id='word_1_475' title='bbox 1731 3339 1888 3410; x_wconf 85' lang='grc' dir='ltr'><em>αἱρε-</em></span> 
     </span>
    </p>
   </div>
   <div class='ocr_carea' id='block_1_66' title="bbox 281 3430 1888 3503">
    <p class='ocr_par' dir='ltr' id='par_1_66' title="bbox 281 3430 1888 3503">
     <span class='ocr_line' id='line_1_66' title="bbox 281 3430 1888 3503; baseline -0.001 -19"><span class='ocrx_word' id='word_1_476' title='bbox 281 3431 453 3499; x_wconf 81' lang='grc' dir='ltr'><em>τικῆς</em></span> <span class='ocrx_word' id='word_1_477' title='bbox 480 3434 651 3502; x_wconf 78' lang='grc' dir='ltr'><em>φορᾶς</em></span> <span class='ocrx_word' id='word_1_478' title='bbox 681 3430 826 3484; x_wconf 70' lang='grc' dir='ltr'><em>οὕτω</em></span> <span class='ocrx_word' id='word_1_479' title='bbox 863 3434 1216 3503; x_wconf 81' lang='grc' dir='ltr'><em>μαινομένης,</em></span> <span class='ocrx_word' id='word_1_480' title='bbox 1253 3434 1301 3484; x_wconf 83' lang='grc' dir='ltr'><em>εἰ</em></span> <span class='ocrx_word' id='word_1_481' title='bbox 1353 3432 1428 3503; x_wconf 85' lang='grc' dir='ltr'><em>μὴ</em></span> <span class='ocrx_word' id='word_1_482' title='bbox 1476 3432 1577 3500; x_wconf 84' lang='grc' dir='ltr'><em>τῆς</em></span> <span class='ocrx_word' id='word_1_483' title='bbox 1606 3430 1888 3494; x_wconf 77' lang='grc' dir='ltr'><em>εὐσεϐείας</em></span> 
     </span>
    </p>
   </div>
   <div class='ocr_carea' id='block_1_67' title="bbox 282 3521 1887 3593">
    <p class='ocr_par' dir='ltr' id='par_1_67' title="bbox 282 3521 1887 3593">
     <span class='ocr_line' id='line_1_67' title="bbox 282 3521 1887 3593; baseline -0.001 -17"><span class='ocrx_word' id='word_1_484' title='bbox 282 3526 315 3576; x_wconf 88' lang='grc' dir='ltr'>ὁ</span> <span class='ocrx_word' id='word_1_485' title='bbox 342 3522 558 3592; x_wconf 78' lang='grc' dir='ltr'><em>πύργος</em></span> <span class='ocrx_word' id='word_1_486' title='bbox 593 3522 857 3593; x_wconf 71' lang='grc' dir='ltr'><em>ἀνέτρεψε</em></span> <span class='ocrx_word' id='word_1_487' title='bbox 885 3522 945 3576; x_wconf 67' lang='grc' dir='ltr'><em>τὸ</em></span> <span class='ocrx_word' id='word_1_488' title='bbox 975 3522 1173 3593; x_wconf 78' lang='grc' dir='ltr'><em>ῥεῦμα,</em></span> <span class='ocrx_word' id='word_1_489' title='bbox 1201 3521 1355 3575; x_wconf 81' lang='grc' dir='ltr'>οὐδὲν</span> <span class='ocrx_word' id='word_1_490' title='bbox 1382 3522 1621 3575; x_wconf 80' lang='grc' dir='ltr'><em>ἐκώλυεν</em></span> <span class='ocrx_word' id='word_1_491' title='bbox 1644 3522 1887 3593; x_wconf 84' lang='grc' dir='ltr'><em>ὑποϐρυ-</em></span> 
     </span>
    </p>
   </div>
   <div class='ocr_carea' id='block_1_68' title="bbox 284 3612 1890 3685">
    <p class='ocr_par' dir='ltr' id='par_1_68' title="bbox 284 3612 1890 3685">
     <span class='ocr_line' id='line_1_68' title="bbox 284 3612 1890 3685; baseline 0.001 -19"><span class='ocrx_word' id='word_1_492' title='bbox 284 3614 444 3684; x_wconf 85' lang='grc' dir='ltr'><em>χίους</em></span> <span class='ocrx_word' id='word_1_493' title='bbox 476 3612 703 3676; x_wconf 82' lang='grc' dir='ltr'><em>πολλοὺς</em></span> <span class='ocrx_word' id='word_1_494' title='bbox 753 3616 819 3685; x_wconf 83' lang='grc' dir='ltr'><em>τῇ</em></span> <span class='ocrx_word' id='word_1_495' title='bbox 861 3613 1036 3685; x_wconf 83' lang='grc' dir='ltr'>πλάνῃ</span> <span class='ocrx_word' id='word_1_496' title='bbox 1068 3614 1516 3683; x_wconf 78' lang='grc' dir='ltr'><em>γενέσθαι.”Ωστε</em></span> <span class='ocrx_word' id='word_1_497' title='bbox 1544 3616 1615 3681; x_wconf 75' lang='grc' dir='ltr'><em>[εί</em></span> <span class='ocrx_word' id='word_1_498' title='bbox 1670 3616 1745 3685; x_wconf 82' lang='grc' dir='ltr'><em>μὴ</em></span> <span class='ocrx_word' id='word_1_499' title='bbox 1774 3617 1890 3679; x_wconf 85' lang='grc' dir='ltr'><em>τοῖς</em></span> 
     </span>
    </p>
   </div>
   <div class='ocr_carea' id='block_1_69' title="bbox 284 3704 1892 3777">
    <p class='ocr_par' dir='ltr' id='par_1_69' title="bbox 284 3704 1892 3777">
     <span class='ocr_line' id='line_1_69' title="bbox 284 3704 1892 3777; baseline 0.001 -19"><span class='ocrx_word' id='word_1_500' title='bbox 284 3704 608 3777; x_wconf 76' lang='grc' dir='ltr'><em>ἔμπροσθεν</em></span> <span class='ocrx_word' id='word_1_501' title='bbox 636 3706 917 3777; x_wconf 82' lang='grc' dir='ltr'><em>Πατράσιν</em></span> <span class='ocrx_word' id='word_1_502' title='bbox 947 3707 981 3776; x_wconf 82' lang='grc' dir='ltr'>ὴ</span> <span class='ocrx_word' id='word_1_503' title='bbox 1018 3706 1127 3757; x_wconf 83' lang='grc' dir='ltr'><em>τῶν</em></span> <span class='ocrx_word' id='word_1_504' title='bbox 1169 3704 1263 3758; x_wconf 90' lang='grc' dir='ltr'><em>δύο</em></span> <span class='ocrx_word' id='word_1_505' title='bbox 1307 3705 1523 3774; x_wconf 82' lang='grc' dir='ltr'><em>φύσεων</em></span> <span class='ocrx_word' id='word_1_506' title='bbox 1563 3705 1892 3776; x_wconf 75' lang='grc' dir='ltr'><em>ἐγνωρίξετο</em></span> 
     </span>
    </p>
   </div>
   <div class='ocr_carea' id='block_1_70' title="bbox 284 3791 1887 3866">
    <p class='ocr_par' dir='ltr' id='par_1_70' title="bbox 284 3791 1887 3866">
     <span class='ocr_line' id='line_1_70' title="bbox 284 3791 1887 3866; baseline 0.002 -19"><span class='ocrx_word' id='word_1_507' title='bbox 284 3795 469 3865; x_wconf 80' lang='grc' dir='ltr'><em>φωνὴ,</em></span> <span class='ocrx_word' id='word_1_508' title='bbox 502 3796 564 3848; x_wconf 84' lang='grc' dir='ltr'><em>τὸ</em></span> <span class='ocrx_word' id='word_1_509' title='bbox 608 3796 905 3865; x_wconf 83' lang='grc' dir='ltr'><em>ἀναγκαῖον</em></span> <span class='ocrx_word' id='word_1_510' title='bbox 935 3791 1082 3866; x_wconf 77' lang='grc' dir='ltr'><em>εἶχεν</em></span> <span class='ocrx_word' id='word_1_511' title='bbox 1111 3797 1141 3866; x_wconf 74' lang='grc' dir='ltr'>ἡ</span> <span class='ocrx_word' id='word_1_512' title='bbox 1174 3795 1391 3859; x_wconf 80' lang='grc' dir='ltr'><em>σύνοδος</em></span> <span class='ocrx_word' id='word_1_513' title='bbox 1415 3796 1503 3849; x_wconf 83' lang='grc' dir='ltr'><strong><em>διὰ</em></strong></span> <span class='ocrx_word' id='word_1_514' title='bbox 1530 3797 1631 3866; x_wconf 87' lang='grc' dir='ltr'><em>τὴν</em></span> <span class='ocrx_word' id='word_1_515' title='bbox 1660 3796 1887 3850; x_wconf 80' lang='grc' dir='ltr'><strong><em>ἐκείνων</em></strong></span> 
     </span>
    </p>
   </div>
   <div class='ocr_carea' id='block_1_71' title="bbox 286 3887 1890 3960">
    <p class='ocr_par' dir='ltr' id='par_1_71' title="bbox 286 3887 1890 3960">
     <span class='ocr_line' id='line_1_71' title="bbox 286 3887 1890 3960; baseline 0 -20"><span class='ocrx_word' id='word_1_516' title='bbox 286 3887 501 3941; x_wconf 81' lang='grc' dir='ltr'><em>λύσσαν</em></span> <span class='ocrx_word' id='word_1_517' title='bbox 529 3888 734 3959; x_wconf 85' lang='grc' dir='ltr'><em>ταύτην</em></span> <span class='ocrx_word' id='word_1_518' title='bbox 765 3889 1015 3960; x_wconf 85' lang='grc' dir='ltr'><em>ἀνευρεῖν</em></span> <span class='ocrx_word' id='word_1_519' title='bbox 1041 3905 1102 3940; x_wconf 85' lang='grc' dir='ltr'><strong><em>τε</em></strong></span> <span class='ocrx_word' id='word_1_520' title='bbox 1130 3888 1223 3941; x_wconf 68' lang='grc' dir='ltr'><em>καὶ</em></span> <span class='ocrx_word' id='word_1_521' title='bbox 1251 3888 1618 3959; x_wconf 83' lang='grc' dir='ltr'><em>ἀνακηρῦξαι.</em></span> <span class='ocrx_word' id='word_1_522' title='bbox 1672 3888 1890 3959; x_wconf 86' lang='grc' dir='ltr'><em>Μικροῦ</em></span> 
     </span>
    </p>
   </div>
   <div class='ocr_carea' id='block_1_72' title="bbox 290 3979 1894 4051">
    <p class='ocr_par' dir='ltr' id='par_1_72' title="bbox 290 3979 1894 4051">
     <span class='ocr_line' id='line_1_72' title="bbox 290 3979 1894 4051; baseline 0 -19"><span class='ocrx_word' id='word_1_523' title='bbox 290 3979 352 4032; x_wconf 83' lang='grc' dir='ltr'>δὲ</span> <span class='ocrx_word' id='word_1_524' title='bbox 388 3982 517 4033; x_wconf 76' lang='grc' dir='ltr'><em>πᾶσι</em></span> <span class='ocrx_word' id='word_1_525' title='bbox 568 3982 678 4041; x_wconf 84' lang='grc' dir='ltr'><em>τοῖς</em></span> <span class='ocrx_word' id='word_1_526' title='bbox 713 3982 878 4051; x_wconf 79' lang='grc' dir='ltr'><em>ἱεροῖς</em></span> <span class='ocrx_word' id='word_1_527' title='bbox 908 3979 1167 4050; x_wconf 77' lang='grc' dir='ltr'><em>ἀνδράσιν</em></span> <span class='ocrx_word' id='word_1_528' title='bbox 1198 3981 1571 4050; x_wconf 82' lang='grc' dir='ltr'><strong><em>ἐγνωσμένης,</em></strong></span> <span class='ocrx_word' id='word_1_529' title='bbox 1626 3980 1745 4044; x_wconf 82' lang='grc' dir='ltr'><em>πῶς</em></span> <span class='ocrx_word' id='word_1_530' title='bbox 1792 3981 1894 4032; x_wconf 81' lang='grc' dir='ltr'><em>οὐκ</em></span> 
     </span>
    </p>
   </div>
   <div class='ocr_carea' id='block_1_73' title="bbox 288 4066 1885 4143">
    <p class='ocr_par' dir='ltr' id='par_1_73' title="bbox 288 4066 1885 4143">
     <span class='ocr_line' id='line_1_73' title="bbox 288 4066 1885 4143; baseline 0.002 -20"><span class='ocrx_word' id='word_1_531' title='bbox 288 4070 673 4141; x_wconf 82' lang='grc' dir='ltr'><em>ἀπαραίτητον</em></span> <span class='ocrx_word' id='word_1_532' title='bbox 719 4066 788 4142; x_wconf 81' lang='grc' dir='ltr'><strong><em>ἦν</em></strong></span> <span class='ocrx_word' id='word_1_533' title='bbox 830 4073 973 4125; x_wconf 79' lang='grc' dir='ltr'><em>κατὰ</em></span> <span class='ocrx_word' id='word_1_534' title='bbox 999 4072 1107 4124; x_wconf 84' lang='grc' dir='ltr'><strong><em>τῶν</em></strong></span> <span class='ocrx_word' id='word_1_535' title='bbox 1138 4072 1415 4143; x_wconf 83' lang='grc' dir='ltr'><em>πολεμίων</em></span> <span class='ocrx_word' id='word_1_536' title='bbox 1447 4072 1650 4143; x_wconf 84' lang='grc' dir='ltr'><em>ταύτην</em></span> <span class='ocrx_word' id='word_1_537' title='bbox 1676 4073 1885 4143; x_wconf 84' lang='grc' dir='ltr'><em>πανδή-</em></span> 
     </span>
    </p>
   </div>
   <div class='ocr_carea' id='block_1_74' title="bbox 287 4163 1888 4238">
    <p class='ocr_par' dir='ltr' id='par_1_74' title="bbox 287 4163 1888 4238">
     <span class='ocr_line' id='line_1_74' title="bbox 287 4163 1888 4238; baseline 0.001 -22"><span class='ocrx_word' id='word_1_538' title='bbox 287 4180 420 4233; x_wconf 81' lang='grc' dir='ltr'><em>μοις</em></span> <span class='ocrx_word' id='word_1_539' title='bbox 445 4163 647 4236; x_wconf 78' lang='grc' dir='ltr'><strong><em>ψήφοις</em></strong></span> <span class='ocrx_word' id='word_1_540' title='bbox 671 4164 1090 4234; x_wconf 75' lang='grc' dir='ltr'><em>ἀναστηλῶσαις</em></span> <span class='ocrx_word' id='word_1_541' title='bbox 1116 4164 1242 4237; x_wconf 70' lang='lat'><strong><em>[852</em></strong></span> <span class='ocrx_word' id='word_1_542' title='bbox 1267 4165 1358 4238; x_wconf 62' lang='lat' dir='ltr'><strong><em>IL]</em></strong></span> <span class='ocrx_word' id='word_1_543' title='bbox 1386 4167 1599 4237; x_wconf 84' lang='grc' dir='ltr'><em>’Ὠσπερ</em></span> <span class='ocrx_word' id='word_1_544' title='bbox 1616 4165 1726 4237; x_wconf 86' lang='grc' dir='ltr'><strong><em>γὰρ</em></strong></span> <span class='ocrx_word' id='word_1_545' title='bbox 1749 4166 1888 4236; x_wconf 81' lang='grc' dir='ltr'><em>πρὸς</em></span> 
     </span>
    </p>
   </div>
   <div class='ocr_carea' id='block_1_75' title="bbox 281 4254 1890 4327">
    <p class='ocr_par' dir='ltr' id='par_1_75' title="bbox 281 4254 1890 4327">
     <span class='ocr_line' id='line_1_75' title="bbox 281 4254 1890 4327; baseline 0 -20"><span class='ocrx_word' id='word_1_546' title='bbox 281 4256 385 4308; x_wconf 77' lang='grc' dir='ltr'><em>τὸν</em></span> <span class='ocrx_word' id='word_1_547' title='bbox 414 4254 656 4324; x_wconf 83' lang='grc' dir='ltr'><em>δυσσεϐῆ</em></span> <span class='ocrx_word' id='word_1_548' title='bbox 685 4257 930 4326; x_wconf 82' lang='grc' dir='ltr'><em>Ἀρειον,</em></span> <span class='ocrx_word' id='word_1_549' title='bbox 959 4257 1153 4325; x_wconf 77' lang='grc' dir='ltr'><em>ἑτέραν</em></span> <span class='ocrx_word' id='word_1_550' title='bbox 1180 4257 1368 4310; x_wconf 82' lang='grc' dir='ltr'><em>οὐσίαν</em></span> <span class='ocrx_word' id='word_1_551' title='bbox 1396 4258 1613 4327; x_wconf 84' lang='grc' dir='ltr'><em>Πατρὸς</em></span> <span class='ocrx_word' id='word_1_552' title='bbox 1642 4259 1737 4310; x_wconf 78' lang='grc' dir='ltr'><em>καὶ</em></span> <span class='ocrx_word' id='word_1_553' title='bbox 1759 4255 1890 4309; x_wconf 83' lang='grc' dir='ltr'><em>Υἱοῦ</em></span> 
     </span>
    </p>
   </div>
   <div class='ocr_carea' id='block_1_76' title="bbox 278 4344 1892 4417">
    <p class='ocr_par' dir='ltr' id='par_1_76' title="bbox 278 4344 1892 4417">
     <span class='ocr_line' id='line_1_76' title="bbox 278 4344 1892 4417; baseline 0 -20"><span class='ocrx_word' id='word_1_554' title='bbox 278 4344 467 4416; x_wconf 82' lang='grc' dir='ltr'><em>δυσφη</em></span> <span class='ocrx_word' id='word_1_555' title='bbox 479 4344 704 4415; x_wconf 84' lang='grc' dir='ltr'><em>μοῦντα,</em></span> <span class='ocrx_word' id='word_1_556' title='bbox 732 4347 841 4417; x_wconf 78' lang='grc' dir='ltr'><strong><em>ήὲν</em></strong></span> <span class='ocrx_word' id='word_1_557' title='bbox 872 4345 1078 4417; x_wconf 76' lang='grc' dir='ltr'><em>Νικαίᾳ</em></span> <span class='ocrx_word' id='word_1_558' title='bbox 1107 4346 1324 4409; x_wconf 83' lang='grc' dir='ltr'><em>σύνοδος</em></span> <span class='ocrx_word' id='word_1_559' title='bbox 1353 4348 1414 4399; x_wconf 86' lang='grc' dir='ltr'><em>τὸ</em></span> <span class='ocrx_word' id='word_1_560' title='bbox 1446 4347 1733 4417; x_wconf 83' lang='grc' dir='ltr'><em>ὁμοούσιον</em></span> <span class='ocrx_word' id='word_1_561' title='bbox 1764 4348 1892 4399; x_wconf 83' lang='grc' dir='ltr'><em>ἀντ-</em></span> 
     </span>
    </p>
   </div>
   <div class='ocr_carea' id='block_1_77' title="bbox 1992 3214 3577 3298">
    <p class='ocr_par' dir='ltr' id='par_1_77' title="bbox 1992 3214 3577 3298">
     <span class='ocr_line' id='line_1_77' title="bbox 1992 3214 3577 3298; baseline -0.018 -3"><span class='ocrx_word' id='word_1_562' title='bbox 1992 3240 2123 3295; x_wconf 91' lang='lat' dir='ltr'><strong><em>tiam</em></strong></span> <span class='ocrx_word' id='word_1_563' title='bbox 2166 3240 2305 3292; x_wconf 88' lang='lat' dir='ltr'><strong><em>hanc</em></strong></span> <span class='ocrx_word' id='word_1_564' title='bbox 2350 3234 2594 3288; x_wconf 88' lang='lat' dir='ltr'><strong><em>invenire</em></strong></span> <span class='ocrx_word' id='word_1_565' title='bbox 2634 3245 2699 3285; x_wconf 88' lang='lat' dir='ltr'><strong><em>ac</em></strong></span> <span class='ocrx_word' id='word_1_566' title='bbox 2744 3228 3061 3298; x_wconf 68' lang='lat' dir='ltr'><strong><em>praedicare.</em></strong></span> <span class='ocrx_word' id='word_1_567' title='bbox 3098 3222 3297 3277; x_wconf 84' lang='lat' dir='ltr'><strong><em>Parum</em></strong></span> <span class='ocrx_word' id='word_1_568' title='bbox 3344 3231 3475 3271; x_wconf 88' lang='lat' dir='ltr'><strong><em>vero</em></strong></span> <span class='ocrx_word' id='word_1_569' title='bbox 3507 3214 3577 3267; x_wconf 84' lang='lat' dir='ltr'><strong><em>ab</em></strong></span> 
     </span>
    </p>
   </div>
   <div class='ocr_carea' id='block_1_78' title="bbox 1992 3310 3579 3390">
    <p class='ocr_par' dir='ltr' id='par_1_78' title="bbox 1992 3310 3579 3390">
     <span class='ocr_line' id='line_1_78' title="bbox 1992 3310 3579 3390; baseline -0.016 -7"><span class='ocrx_word' id='word_1_570' title='bbox 1992 3329 2245 3384; x_wconf 88' lang='lat' dir='ltr'><strong><em>omnibus</em></strong></span> <span class='ocrx_word' id='word_1_571' title='bbox 2272 3325 2476 3381; x_wconf 84' lang='lat' dir='ltr'><strong><em>sanctis</em></strong></span> <span class='ocrx_word' id='word_1_572' title='bbox 2504 3322 2607 3376; x_wconf 87' lang='lat' dir='ltr'><strong><em>illis</em></strong></span> <span class='ocrx_word' id='word_1_573' title='bbox 2636 3319 2874 3390; x_wconf 83' lang='lat' dir='ltr'><strong><em>cognita,</em></strong></span> <span class='ocrx_word' id='word_1_574' title='bbox 2906 3313 3177 3385; x_wconf 91' lang='lat' dir='ltr'><strong><em>quomodo</em></strong></span> <span class='ocrx_word' id='word_1_575' title='bbox 3220 3310 3437 3365; x_wconf 82' lang='lat' dir='ltr'><strong><em>exorari</em></strong></span> <span class='ocrx_word' id='word_1_576' title='bbox 3471 3320 3579 3360; x_wconf 88' lang='lat' dir='ltr'><strong><em>non</em></strong></span> 
     </span>
    </p>
   </div>
   <div class='ocr_carea' id='block_1_79' title="bbox 1993 3402 3581 3492">
    <p class='ocr_par' dir='ltr' id='par_1_79' title="bbox 1993 3402 3581 3492">
     <span class='ocr_line' id='line_1_79' title="bbox 1993 3402 3581 3492; baseline -0.016 -15"><span class='ocrx_word' id='word_1_577' title='bbox 1993 3430 2208 3492; x_wconf 86' lang='lat' dir='ltr'><strong><em>poterat</em></strong></span> <span class='ocrx_word' id='word_1_578' title='bbox 2256 3428 2448 3473; x_wconf 86' lang='lat' dir='ltr'><strong><em>contra</em></strong></span> <span class='ocrx_word' id='word_1_579' title='bbox 2496 3418 2682 3471; x_wconf 85' lang='lat' dir='ltr'><strong><em>hostes</em></strong></span> <span class='ocrx_word' id='word_1_580' title='bbox 2733 3413 2877 3467; x_wconf 86' lang='lat' dir='ltr'><strong><em>hanc</em></strong></span> <span class='ocrx_word' id='word_1_581' title='bbox 2926 3408 3159 3479; x_wconf 85' lang='lat' dir='ltr'><strong><em>publicis</em></strong></span> <span class='ocrx_word' id='word_1_582' title='bbox 3200 3402 3438 3459; x_wconf 82' lang='lat' dir='ltr'><strong><em>decretis</em></strong></span> <span class='ocrx_word' id='word_1_583' title='bbox 3493 3412 3581 3453; x_wconf 87' lang='lat' dir='ltr'><strong><em>re-</em></strong></span> 
     </span>
    </p>
   </div>
   <div class='ocr_carea' id='block_1_80' title="bbox 1993 3491 3578 3585">
    <p class='ocr_par' dir='ltr' id='par_1_80' title="bbox 1993 3491 3578 3585">
     <span class='ocr_line' id='line_1_80' title="bbox 1993 3491 3578 3585; baseline -0.017 -16"><span class='ocrx_word' id='word_1_584' title='bbox 1993 3512 2378 3585; x_wconf 83' lang='lat' dir='ltr'><strong><em>prehendere?</em></strong></span> <span class='ocrx_word' id='word_1_585' title='bbox 2439 3504 2905 3576; x_wconf 85' lang='lat' dir='ltr'><strong><em>Quemadmodum</em></strong></span> <span class='ocrx_word' id='word_1_586' title='bbox 2985 3501 3130 3555; x_wconf 91' lang='lat' dir='ltr'><strong><em>enim</em></strong></span> <span class='ocrx_word' id='word_1_587' title='bbox 3209 3496 3275 3550; x_wconf 87' lang='lat' dir='ltr'><strong><em>ad</em></strong></span> <span class='ocrx_word' id='word_1_588' title='bbox 3350 3491 3578 3562; x_wconf 88' lang='lat' dir='ltr'><strong><em>impium</em></strong></span> 
     </span>
    </p>
   </div>
   <div class='ocr_carea' id='block_1_81' title="bbox 1991 3587 3583 3669">
    <p class='ocr_par' dir='ltr' id='par_1_81' title="bbox 1991 3587 3583 3669">
     <span class='ocr_line' id='line_1_81' title="bbox 1991 3587 3583 3669; baseline -0.016 -7"><span class='ocrx_word' id='word_1_589' title='bbox 1991 3606 2204 3669; x_wconf 86' lang='lat' dir='ltr'><strong><em>Arium,</em></strong></span> <span class='ocrx_word' id='word_1_590' title='bbox 2234 3604 2394 3658; x_wconf 89' lang='lat' dir='ltr'><strong><em>aliam</em></strong></span> <span class='ocrx_word' id='word_1_591' title='bbox 2426 3600 2793 3657; x_wconf 89' lang='lat' dir='ltr'><strong><em>substantiam</em></strong></span> <span class='ocrx_word' id='word_1_592' title='bbox 2830 3594 3009 3650; x_wconf 85' lang='lat' dir='ltr'><strong><em>Patris</em></strong></span> <span class='ocrx_word' id='word_1_593' title='bbox 3053 3601 3109 3646; x_wconf 90' lang='lat' dir='ltr'><strong><em>et</em></strong></span> <span class='ocrx_word' id='word_1_594' title='bbox 3138 3588 3258 3643; x_wconf 87' lang='lat' dir='ltr'><strong><em>Filii</em></strong></span> <span class='ocrx_word' id='word_1_595' title='bbox 3304 3587 3583 3643; x_wconf 72' lang='lat' dir='ltr'><strong><em>blateran-</em></strong></span> 
     </span>
    </p>
   </div>
   <div class='ocr_carea' id='block_1_82' title="bbox 1994 3675 3582 3763">
    <p class='ocr_par' dir='ltr' id='par_1_82' title="bbox 1994 3675 3582 3763">
     <span class='ocr_line' id='line_1_82' title="bbox 1994 3675 3582 3763; baseline -0.018 -10"><span class='ocrx_word' id='word_1_596' title='bbox 1994 3708 2123 3761; x_wconf 90' lang='lat' dir='ltr'><strong><em>tem,</em></strong></span> <span class='ocrx_word' id='word_1_597' title='bbox 2157 3696 2373 3751; x_wconf 70' lang='lat' dir='ltr'><strong><em>Nicaena</em></strong></span> <span class='ocrx_word' id='word_1_598' title='bbox 2405 3695 2647 3763; x_wconf 86' lang='lat' dir='ltr'><strong><em>synodus</em></strong></span> <span class='ocrx_word' id='word_1_599' title='bbox 2669 3681 3290 3745; x_wconf 87' lang='lat' dir='ltr'><strong><em>consubstantialitatem</em></strong></span> <span class='ocrx_word' id='word_1_600' title='bbox 3320 3675 3582 3738; x_wconf 81' lang='lat' dir='ltr'><strong><em>decrevit,</em></strong></span> 
     </span>
    </p>
   </div>
   <div class='ocr_carea' id='block_1_83' title="bbox 1993 3760 3585 3853">
    <p class='ocr_par' dir='ltr' id='par_1_83' title="bbox 1993 3760 3585 3853">
     <span class='ocr_line' id='line_1_83' title="bbox 1993 3760 3585 3853; baseline -0.014 -12"><span class='ocrx_word' id='word_1_601' title='bbox 1993 3795 2051 3841; x_wconf 91' lang='lat' dir='ltr'><strong><em>et</em></strong></span> <span class='ocrx_word' id='word_1_602' title='bbox 2088 3799 2354 3853; x_wconf 89' lang='lat' dir='ltr'><strong><em>nusquam</em></strong></span> <span class='ocrx_word' id='word_1_603' title='bbox 2386 3760 2490 3837; x_wconf 81' lang='lat' dir='ltr'><strong><em>hac</em></strong></span> <span class='ocrx_word' id='word_1_604' title='bbox 2521 3796 2652 3836; x_wconf 89' lang='lat' dir='ltr'><strong><em>voce</em></strong></span> <span class='ocrx_word' id='word_1_605' title='bbox 2683 3778 2824 3848; x_wconf 89' lang='lat' dir='ltr'><strong><em>apud</em></strong></span> <span class='ocrx_word' id='word_1_606' title='bbox 2861 3776 3052 3830; x_wconf 81' lang='lat' dir='ltr'><strong><em>Patres</em></strong></span> <span class='ocrx_word' id='word_1_607' title='bbox 3082 3778 3352 3832; x_wconf 82' lang='lat' dir='ltr'><strong><em>exstante,</em></strong></span> <span class='ocrx_word' id='word_1_608' title='bbox 3392 3760 3585 3821; x_wconf 78' lang='lat' dir='ltr'><strong><em>contra</em></strong></span> 
     </span>
    </p>
   </div>
   <div class='ocr_carea' id='block_1_84' title="bbox 1993 3857 3581 3946">
    <p class='ocr_par' dir='ltr' id='par_1_84' title="bbox 1993 3857 3581 3946">
     <span class='ocr_line' id='line_1_84' title="bbox 1993 3857 3581 3946; baseline -0.015 -13"><span class='ocrx_word' id='word_1_609' title='bbox 1993 3893 2126 3933; x_wconf 85' lang='lat' dir='ltr'><strong><em>vero</em></strong></span> <span class='ocrx_word' id='word_1_610' title='bbox 2154 3875 2495 3946; x_wconf 86' lang='lat' dir='ltr'><strong><em>prohibente,</em></strong></span> <span class='ocrx_word' id='word_1_611' title='bbox 2522 3888 2554 3927; x_wconf 92' lang='lat' dir='ltr'><strong><em>a</em></strong></span> <span class='ocrx_word' id='word_1_612' title='bbox 2587 3871 2787 3941; x_wconf 89' lang='lat' dir='ltr'><strong><em>quibus</em></strong></span> <span class='ocrx_word' id='word_1_613' title='bbox 2814 3867 3015 3924; x_wconf 86' lang='lat' dir='ltr'><strong><em>Paulus</em></strong></span> <span class='ocrx_word' id='word_1_614' title='bbox 3039 3857 3442 3916; x_wconf 86' lang='lat' dir='ltr'><strong><em>Samosatensis</em></strong></span> <span class='ocrx_word' id='word_1_615' title='bbox 3467 3859 3581 3910; x_wconf 78' lang='lat' dir='ltr'><strong><em>lue-</em></strong></span> 
     </span>
    </p>
   </div>
   <div class='ocr_carea' id='block_1_85' title="bbox 1996 3945 3585 4026">
    <p class='ocr_par' dir='ltr' id='par_1_85' title="bbox 1996 3945 3585 4026">
     <span class='ocr_line' id='line_1_85' title="bbox 1996 3945 3585 4026; baseline -0.016 -3"><span class='ocrx_word' id='word_1_616' title='bbox 1996 3970 2197 4023; x_wconf 88' lang='lat' dir='ltr'><strong><em>reticus</em></strong></span> <span class='ocrx_word' id='word_1_617' title='bbox 2237 3966 2544 4020; x_wconf 87' lang='lat' dir='ltr'><strong><em>declaratus</em></strong></span> <span class='ocrx_word' id='word_1_618' title='bbox 2588 3972 2705 4026; x_wconf 90' lang='lat' dir='ltr'><strong><em>est;</em></strong></span> <span class='ocrx_word' id='word_1_619' title='bbox 2744 3961 2822 4014; x_wconf 91' lang='lat' dir='ltr'><strong><em>sic</em></strong></span> <span class='ocrx_word' id='word_1_620' title='bbox 2852 3958 3015 4012; x_wconf 82' lang='lat' dir='ltr'><strong><em>etiam</em></strong></span> <span class='ocrx_word' id='word_1_621' title='bbox 3057 3952 3343 4024; x_wconf 66' lang='lat' dir='ltr'><strong><em>praedictos</em></strong></span> <span class='ocrx_word' id='word_1_622' title='bbox 3388 3945 3585 4014; x_wconf 88' lang='lat' dir='ltr'><strong><em>impios</em></strong></span> 
     </span>
    </p>
   </div>
   <div class='ocr_carea' id='block_1_86' title="bbox 1999 4046 3583 4129">
    <p class='ocr_par' dir='ltr' id='par_1_86' title="bbox 1999 4046 3583 4129">
     <span class='ocr_line' id='line_1_86' title="bbox 1999 4046 3583 4129; baseline -0.018 -12"><span class='ocrx_word' id='word_1_623' title='bbox 1999 4075 2154 4117; x_wconf 88' lang='lat' dir='ltr'><strong><em>sacra</em></strong></span> <span class='ocrx_word' id='word_1_624' title='bbox 2186 4057 2446 4129; x_wconf 83' lang='lat' dir='ltr'><strong><em>synodus,</em></strong></span> <span class='ocrx_word' id='word_1_625' title='bbox 2482 4070 2605 4109; x_wconf 91' lang='lat' dir='ltr'><strong><em>cum</em></strong></span> <span class='ocrx_word' id='word_1_626' title='bbox 2636 4054 2774 4106; x_wconf 91' lang='lat' dir='ltr'><strong><em>duas</em></strong></span> <span class='ocrx_word' id='word_1_627' title='bbox 2814 4050 2868 4105; x_wconf 91' lang='lat' dir='ltr'><strong><em>in</em></strong></span> <span class='ocrx_word' id='word_1_628' title='bbox 2900 4046 3125 4103; x_wconf 87' lang='lat' dir='ltr'><strong><em>Christo</em></strong></span> <span class='ocrx_word' id='word_1_629' title='bbox 3153 4050 3381 4097; x_wconf 86' lang='lat' dir='ltr'><strong><em>naturas</em></strong></span> <span class='ocrx_word' id='word_1_630' title='bbox 3414 4052 3583 4107; x_wconf 84' lang='lat' dir='ltr'><strong><em>agno-</em></strong></span> 
     </span>
    </p>
   </div>
   <div class='ocr_carea' id='block_1_87' title="bbox 1995 4130 3587 4221">
    <p class='ocr_par' dir='ltr' id='par_1_87' title="bbox 1995 4130 3587 4221">
     <span class='ocr_line' id='line_1_87' title="bbox 1995 4130 3587 4221; baseline -0.016 -13"><span class='ocrx_word' id='word_1_631' title='bbox 1995 4153 2121 4217; x_wconf 89' lang='lat' dir='ltr'><strong><em>scit,</em></strong></span> <span class='ocrx_word' id='word_1_632' title='bbox 2162 4149 2360 4221; x_wconf 68' lang='grc' dir='ltr'><strong><em>274α</em></strong></span> <span class='ocrx_word' id='word_1_633' title='bbox 2388 4146 2754 4217; x_wconf 85' lang='lat' dir='ltr'><strong><em>oppugnavit:</em></strong></span> <span class='ocrx_word' id='word_1_634' title='bbox 2778 4158 2883 4197; x_wconf 89' lang='lat' dir='ltr'><strong><em>non</em></strong></span> <span class='ocrx_word' id='word_1_635' title='bbox 2904 4141 3021 4210; x_wconf 90' lang='lat' dir='ltr'><strong><em>ipsa</em></strong></span> <span class='ocrx_word' id='word_1_636' title='bbox 3045 4137 3217 4208; x_wconf 84' lang='lat' dir='ltr'><strong><em>prima</em></strong></span> <span class='ocrx_word' id='word_1_637' title='bbox 3248 4133 3444 4201; x_wconf 85' lang='lat' dir='ltr'><strong><em>impias</em></strong></span> <span class='ocrx_word' id='word_1_638' title='bbox 3465 4130 3587 4184; x_wconf 85' lang='lat' dir='ltr'><strong><em>illas</em></strong></span> 
     </span>
    </p>
   </div>
   <div class='ocr_carea' id='block_1_88' title="bbox 1996 4234 3586 4314">
    <p class='ocr_par' dir='ltr' id='par_1_88' title="bbox 1996 4234 3586 4314">
     <span class='ocr_line' id='line_1_88' title="bbox 1996 4234 3586 4314; baseline -0.018 -11"><span class='ocrx_word' id='word_1_639' title='bbox 1996 4261 2158 4303; x_wconf 88' lang='lat' dir='ltr'><strong><em>voces</em></strong></span> <span class='ocrx_word' id='word_1_640' title='bbox 2188 4244 2485 4314; x_wconf 88' lang='lat' dir='ltr'><strong><em>reperiens,</em></strong></span> <span class='ocrx_word' id='word_1_641' title='bbox 2534 4240 2629 4294; x_wconf 89' lang='lat' dir='ltr'><strong><em>sed</em></strong></span> <span class='ocrx_word' id='word_1_642' title='bbox 2672 4236 2965 4293; x_wconf 87' lang='lat' dir='ltr'><strong><em>multorum</em></strong></span> <span class='ocrx_word' id='word_1_643' title='bbox 3002 4238 3159 4286; x_wconf 84' lang='lat' dir='ltr'><strong><em>antea</em></strong></span> <span class='ocrx_word' id='word_1_644' title='bbox 3190 4234 3586 4299; x_wconf 60' lang='lat' dir='ltr'><strong><em>praeceptorum</em></strong></span> 
     </span>
    </p>
   </div>
   <div class='ocr_carea' id='block_1_89' title="bbox 2000 4338 2632 4394">
    <p class='ocr_par' dir='ltr' id='par_1_89' title="bbox 2000 4338 2632 4394">
     <span class='ocr_line' id='line_1_89' title="bbox 2000 4338 2632 4394; baseline -0.013 0"><span class='ocrx_word' id='word_1_645' title='bbox 2000 4338 2387 4394; x_wconf 86' lang='lat' dir='ltr'><strong><em>auctoritatem</em></strong></span> <span class='ocrx_word' id='word_1_646' title='bbox 2420 4343 2632 4389; x_wconf 88' lang='lat' dir='ltr'><strong><em>secuta.</em></strong></span> 
     </span>
    </p>
   </div>
   <div class='ocr_carea' id='block_1_90' title="bbox 283 4399 3586 4512">
    <p class='ocr_par' dir='ltr' id='par_1_90' title="bbox 283 4399 3586 4512">
     <span class='ocr_line' id='line_1_90' title="bbox 283 4399 3586 4512; baseline -0.009 -20"><span class='ocrx_word' id='word_1_647' title='bbox 283 4438 546 4506; x_wconf 78' lang='grc' dir='ltr'><em>ετάξατο,</em></span> <span class='ocrx_word' id='word_1_648' title='bbox 572 4438 749 4492; x_wconf 83' lang='grc' dir='ltr'><em>καίτοι</em></span> <span class='ocrx_word' id='word_1_649' title='bbox 791 4440 889 4508; x_wconf 84' lang='grc' dir='ltr'><em>τῆς</em></span> <span class='ocrx_word' id='word_1_650' title='bbox 913 4439 1110 4508; x_wconf 81' lang='grc' dir='ltr'><em>λέξεως</em></span> <span class='ocrx_word' id='word_1_651' title='bbox 1141 4445 1292 4495; x_wconf 83' lang='grc' dir='ltr'><em>οῠπω</em></span> <span class='ocrx_word' id='word_1_652' title='bbox 1314 4444 1428 4505; x_wconf 87' lang='grc' dir='ltr'><em>τοῖς</em></span> <span class='ocrx_word' id='word_1_653' title='bbox 1458 4442 1735 4512; x_wconf 84' lang='grc' dir='ltr'><em>Πατράσιν</em></span> <span class='ocrx_word' id='word_1_654' title='bbox 1758 4433 2232 4503; x_wconf 80' lang='grc' dir='ltr'><em>ἐπιπολαζούσης,</em></span> <span class='ocrx_word' id='word_1_655' title='bbox 2262 4428 2573 4483; x_wconf 84' lang='grc' dir='ltr'><em>τούναντίον</em></span> <span class='ocrx_word' id='word_1_656' title='bbox 2635 4425 2694 4479; x_wconf 83' lang='grc' dir='ltr'><strong><em>δὲ</em></strong></span> <span class='ocrx_word' id='word_1_657' title='bbox 2759 4423 2855 4478; x_wconf 71' lang='grc' dir='ltr'><em>καὶ</em></span> <span class='ocrx_word' id='word_1_658' title='bbox 2892 4415 3297 4486; x_wconf 73' lang='grc' dir='ltr'><em>κεκωλυμένης,</em></span> <span class='ocrx_word' id='word_1_659' title='bbox 3365 4408 3456 4479; x_wconf 76' lang='grc' dir='ltr'><strong><em>ὑφ’</em></strong></span> <span class='ocrx_word' id='word_1_660' title='bbox 3510 4399 3586 4462; x_wconf 78' lang='grc' dir='ltr'><strong><em>ὧν</em></strong></span> 
     </span>
    </p>
   </div>
   <div class='ocr_carea' id='block_1_91' title="bbox 285 4496 3587 4606">
    <p class='ocr_par' dir='ltr' id='par_1_91' title="bbox 285 4496 3587 4606">
     <span class='ocr_line' id='line_1_91' title="bbox 285 4496 3587 4606; baseline -0.01 -20"><span class='ocrx_word' id='word_1_661' title='bbox 285 4534 321 4586; x_wconf 84' lang='grc' dir='ltr'>ὁ</span> <span class='ocrx_word' id='word_1_662' title='bbox 350 4533 719 4603; x_wconf 81' lang='grc' dir='ltr'><em>Σαμωσατεὺς</em></span> <span class='ocrx_word' id='word_1_663' title='bbox 751 4496 963 4596; x_wconf 83' lang='grc' dir='ltr'><em>Παῦλος</em></span> <span class='ocrx_word' id='word_1_664' title='bbox 985 4496 1378 4606; x_wconf 47' lang='grc' dir='ltr'><em>καθἀιρετικὴν</em></span> <span class='ocrx_word' id='word_1_665' title='bbox 1408 4496 1690 4603; x_wconf 60' lang='grc' dir='ltr'><em>απόφασιν</em></span> <span class='ocrx_word' id='word_1_666' title='bbox 1720 4535 1971 4605; x_wconf 78' lang='grc' dir='ltr'><em>ἤνεγκεν,</em></span> <span class='ocrx_word' id='word_1_667' title='bbox 2006 4496 2180 4581; x_wconf 43' lang='grc' dir='ltr'><em>-οὓτω</em></span> <span class='ocrx_word' id='word_1_668' title='bbox 2245 4526 2311 4597; x_wconf 79' lang='grc' dir='ltr'><strong><em>δὴ</em></strong></span> <span class='ocrx_word' id='word_1_669' title='bbox 2358 4524 2451 4577; x_wconf 78' lang='grc' dir='ltr'><em>καὶ</em></span> <span class='ocrx_word' id='word_1_670' title='bbox 2498 4519 2641 4574; x_wconf 80' lang='grc' dir='ltr'><em>κατὰ</em></span> <span class='ocrx_word' id='word_1_671' title='bbox 2687 4516 2798 4570; x_wconf 85' lang='grc' dir='ltr'><em>τῶν</em></span> <span class='ocrx_word' id='word_1_672' title='bbox 2842 4511 3148 4585; x_wconf 81' lang='grc' dir='ltr'><em>εἰρημένων</em></span> <span class='ocrx_word' id='word_1_673' title='bbox 3212 4501 3488 4560; x_wconf 85' lang='grc' dir='ltr'><em>δυσσεϐὦν</em></span> <span class='ocrx_word' id='word_1_674' title='bbox 3550 4496 3587 4566; x_wconf 77' lang='grc' dir='ltr'>ἡ</span> 
     </span>
    </p>
   </div>
   <div class='ocr_carea' id='block_1_92' title="bbox 294 4593 3590 4697">
    <p class='ocr_par' dir='ltr' id='par_1_92' title="bbox 294 4593 3590 4697">
     <span class='ocr_line' id='line_1_92' title="bbox 294 4593 3590 4697; baseline -0.009 -18"><span class='ocrx_word' id='word_1_675' title='bbox 294 4593 797 4691; x_wconf 36' lang='grc' dir='ltr'><em>ἁγὶέσύνοδος-διὰ</em></span> <span class='ocrx_word' id='word_1_676' title='bbox 824 4625 920 4679; x_wconf 88' lang='grc' dir='ltr'><strong><em>τοῦ</em></strong></span> <span class='ocrx_word' id='word_1_677' title='bbox 943 4593 1049 4697; x_wconf 54' lang='grc' dir='ltr'><strong><em>δύο¹</em></strong></span> <span class='ocrx_word' id='word_1_678' title='bbox 1071 4593 1266 4696; x_wconf 75' lang='grc' dir='ltr'><em>φύσεις</em></span> <span class='ocrx_word' id='word_1_679' title='bbox 1312 4593 1493 4696; x_wconf 68' lang='grc' dir='ltr'><em>λέγειν</em></span> <span class='ocrx_word' id='word_1_680' title='bbox 1523 4593 1617 4680; x_wconf 65' lang='grc' dir='ltr'><em>επὶ</em></span> <span class='ocrx_word' id='word_1_681' title='bbox 1682 4593 1921 4697; x_wconf 67' lang='grc' dir='ltr'><em>Χριστοῦ</em></span> <span class='ocrx_word' id='word_1_682' title='bbox 1959 4593 2397 4683; x_wconf 30' lang='grc' dir='ltr'><em>-ἁνθωπλίσατο,</em></span> <span class='ocrx_word' id='word_1_683' title='bbox 2438 4614 2540 4668; x_wconf 87' lang='grc' dir='ltr'><em>οὐκ</em></span> <span class='ocrx_word' id='word_1_684' title='bbox 2586 4609 2727 4682; x_wconf 76' lang='grc' dir='ltr'><em>αὑτὴ</em></span> <span class='ocrx_word' id='word_1_685' title='bbox 2771 4605 2965 4678; x_wconf 79' lang='grc' dir='ltr'><em>πρώτη</em></span> <span class='ocrx_word' id='word_1_686' title='bbox 3008 4602 3107 4666; x_wconf 77' lang='grc' dir='ltr'><em>τὰς</em></span> <span class='ocrx_word' id='word_1_687' title='bbox 3159 4600 3259 4670; x_wconf 86' lang='grc' dir='ltr'><em>τῆς</em></span> <span class='ocrx_word' id='word_1_688' title='bbox 3304 4593 3590 4662; x_wconf 84' lang='grc' dir='ltr'><em>εὐσεϐείας</em></span> 
     </span>
    </p>
   </div>
   <div class='ocr_carea' id='block_1_93' title="bbox 302 4705 2595 4789">
    <p class='ocr_par' dir='ltr' id='par_1_93' title="bbox 302 4705 2595 4789">
     <span class='ocr_line' id='line_1_93' title="bbox 302 4705 2595 4789; baseline -0.003 -23"><span class='ocrx_word' id='word_1_689' title='bbox 302 4712 492 4783; x_wconf 81' lang='grc' dir='ltr'><em>φωνὰς</em></span> <span class='ocrx_word' id='word_1_690' title='bbox 524 4714 823 4786; x_wconf 81' lang='grc' dir='ltr'><em>ἀνευροῦσα</em></span> <span class='ocrx_word' id='word_1_691' title='bbox 845 4758 859 4780; x_wconf 89' lang='grc'><strong><em>,</em></strong></span> <span class='ocrx_word' id='word_1_692' title='bbox 890 4715 1025 4770; x_wconf 83' lang='grc' dir='ltr'><em>ἀλλὰ</em></span> <span class='ocrx_word' id='word_1_693' title='bbox 1054 4718 1146 4770; x_wconf 80' lang='grc' dir='ltr'><em>καὶ</em></span> <span class='ocrx_word' id='word_1_694' title='bbox 1176 4717 1406 4781; x_wconf 78' lang='grc' dir='ltr'><em>πολλοὺς</em></span> <span class='ocrx_word' id='word_1_695' title='bbox 1432 4717 1630 4789; x_wconf 76' lang='grc' dir='ltr'><em>ἔχουσα</em></span> <span class='ocrx_word' id='word_1_696' title='bbox 1657 4718 1763 4789; x_wconf 84' lang='grc' dir='ltr'><em>πρὸ</em></span> <span class='ocrx_word' id='word_1_697' title='bbox 1789 4716 1957 4785; x_wconf 78' lang='grc' dir='ltr'><em>αὐτῆς</em></span> <span class='ocrx_word' id='word_1_698' title='bbox 1983 4711 2191 4767; x_wconf 85' lang='grc' dir='ltr'><em>τούτων</em></span> <span class='ocrx_word' id='word_1_699' title='bbox 2218 4705 2595 4769; x_wconf 83' lang='grc' dir='ltr'><em>διδασκάλους.</em></span> 
     </span>
    </p>
   </div>
   <div class='ocr_carea' id='block_1_94' title="bbox 375 4786 1885 4882">
    <p class='ocr_par' dir='ltr' id='par_1_94' title="bbox 375 4805 1883 4882">
     <span class='ocr_line' id='line_1_94' title="bbox 375 4805 1883 4882; baseline 0.003 -23"><span class='ocrx_word' id='word_1_700' title='bbox 375 4805 443 4859; x_wconf 83' lang='grc' dir='ltr'><strong>Εἰ</strong></span> <span class='ocrx_word' id='word_1_701' title='bbox 464 4806 519 4859; x_wconf 82' lang='grc' dir='ltr'><em>δέ</em></span> <span class='ocrx_word' id='word_1_702' title='bbox 541 4824 626 4871; x_wconf 87' lang='grc' dir='ltr'><strong><em>τις</em></strong></span> <span class='ocrx_word' id='word_1_703' title='bbox 652 4808 981 4879; x_wconf 81' lang='grc' dir='ltr'><em>φιλονεικοίη</em></span> <span class='ocrx_word' id='word_1_704' title='bbox 1004 4810 1095 4862; x_wconf 69' lang='grc' dir='ltr'><em>τὸν</em></span> <span class='ocrx_word' id='word_1_705' title='bbox 1131 4809 1348 4863; x_wconf 87' lang='grc' dir='ltr'><em>Ἰούλιον</em></span> <span class='ocrx_word' id='word_1_706' title='bbox 1375 4812 1467 4863; x_wconf 73' lang='grc' dir='ltr'><strong><em>ἐπὶ</em></strong></span> <span class='ocrx_word' id='word_1_707' title='bbox 1488 4809 1725 4882; x_wconf 83' lang='grc' dir='ltr'><em>Χριστοῦ</em></span> <span class='ocrx_word' id='word_1_708' title='bbox 1755 4810 1883 4881; x_wconf 84' lang='grc' dir='ltr'><em>μίαν</em></span> 
     </span>
    </p>
   </div>
   <div class='ocr_carea' id='block_1_95' title="bbox 1986 4786 3588 4882">
    <p class='ocr_par' dir='ltr' id='par_1_95' title="bbox 1986 4786 3588 4871">
     <span class='ocr_line' id='line_1_95' title="bbox 1986 4786 3588 4871; baseline -0.015 -8"><span class='ocrx_word' id='word_1_709' title='bbox 1986 4858 1988 4863; x_wconf 90' lang='grc'>.</span> <span class='ocrx_word' id='word_1_710' title='bbox 2064 4806 2121 4861; x_wconf 90' lang='lat' dir='ltr'><strong><em>Si</em></strong></span> <span class='ocrx_word' id='word_1_711' title='bbox 2156 4818 2287 4859; x_wconf 88' lang='lat' dir='ltr'><strong><em>vero</em></strong></span> <span class='ocrx_word' id='word_1_712' title='bbox 2341 4801 2463 4871; x_wconf 86' lang='lat' dir='ltr'><strong><em>quis</em></strong></span> <span class='ocrx_word' id='word_1_713' title='bbox 2489 4793 2795 4867; x_wconf 51' lang='lat' dir='ltr'><strong><em>,contendat</em></strong></span> <span class='ocrx_word' id='word_1_714' title='bbox 2821 4791 3024 4847; x_wconf 86' lang='lat' dir='ltr'><strong><em>Julium</em></strong></span> <span class='ocrx_word' id='word_1_715' title='bbox 3063 4788 3116 4842; x_wconf 89' lang='lat' dir='ltr'><strong><em>in</em></strong></span> <span class='ocrx_word' id='word_1_716' title='bbox 3161 4786 3378 4842; x_wconf 88' lang='lat' dir='ltr'><strong><em>Christo</em></strong></span> <span class='ocrx_word' id='word_1_717' title='bbox 3421 4800 3588 4839; x_wconf 86' lang='lat' dir='ltr'><strong><em>unam</em></strong></span> 
     </span>
    </p>
   </div>
   <div class='ocr_carea' id='block_1_96' title="bbox 290 4899 1888 4973">
    <p class='ocr_par' dir='ltr' id='par_1_96' title="bbox 290 4899 1888 4973">
     <span class='ocr_line' id='line_1_96' title="bbox 290 4899 1888 4973; baseline 0.002 -20"><span class='ocrx_word' id='word_1_718' title='bbox 290 4901 476 4953; x_wconf 77' lang='grc' dir='ltr'><em>εἰπεῖν</em></span> <span class='ocrx_word' id='word_1_719' title='bbox 506 4899 689 4968; x_wconf 76' lang='grc' dir='ltr'><em>φύσιν,</em></span> <span class='ocrx_word' id='word_1_720' title='bbox 722 4900 940 4971; x_wconf 82' lang='grc' dir='ltr'><em>πρῶτον</em></span> <span class='ocrx_word' id='word_1_721' title='bbox 976 4902 1074 4971; x_wconf 86' lang='grc' dir='ltr'><em>μὲν</em></span> <span class='ocrx_word' id='word_1_722' title='bbox 1118 4901 1274 4955; x_wconf 74' lang='grc' dir='ltr'><em>οὔπω</em></span> <span class='ocrx_word' id='word_1_723' title='bbox 1321 4904 1478 4972; x_wconf 73' lang='grc' dir='ltr'><em>δῆλον</em></span> <span class='ocrx_word' id='word_1_724' title='bbox 1526 4905 1576 4956; x_wconf 85' lang='grc' dir='ltr'><em>εἰ</em></span> <span class='ocrx_word' id='word_1_725' title='bbox 1611 4905 1834 4973; x_wconf 85' lang='grc' dir='ltr'><em>γνήσιος</em></span> <span class='ocrx_word' id='word_1_726' title='bbox 1860 4905 1888 4956; x_wconf 88' lang='grc' dir='ltr'>ὁ</span> 
     </span>
    </p>
   </div>
   <div class='ocr_carea' id='block_1_97' title="bbox 286 4991 1887 5064">
    <p class='ocr_par' dir='ltr' id='par_1_97' title="bbox 286 4991 1887 5064">
     <span class='ocr_line' id='line_1_97' title="bbox 286 4991 1887 5064; baseline 0.001 -19"><span class='ocrx_word' id='word_1_727' title='bbox 286 4992 485 5059; x_wconf 73' lang='grc' dir='ltr'><em>λόγος,</em></span> <span class='ocrx_word' id='word_1_728' title='bbox 516 4991 768 5063; x_wconf 87' lang='grc' dir='ltr'><em>δεύτερον</em></span> <span class='ocrx_word' id='word_1_729' title='bbox 806 4994 860 5047; x_wconf 86' lang='grc' dir='ltr'><strong><em>δὲ</em></strong></span> <span class='ocrx_word' id='word_1_730' title='bbox 894 4995 1165 5064; x_wconf 81' lang='grc' dir='ltr'><em>προσήκει</em></span> <span class='ocrx_word' id='word_1_731' title='bbox 1213 4995 1504 5059; x_wconf 85' lang='grc' dir='ltr'><em>γινώσκειν</em></span> <span class='ocrx_word' id='word_1_732' title='bbox 1555 4996 1631 5059; x_wconf 83' lang='grc' dir='ltr'><em>ὡς</em></span> <span class='ocrx_word' id='word_1_733' title='bbox 1668 4995 1887 5048; x_wconf 88' lang='grc' dir='ltr'><em>Ἰουλίου</em></span> 
     </span>
    </p>
   </div>
   <div class='ocr_carea' id='block_1_98' title="bbox 290 5083 1890 5155">
    <p class='ocr_par' dir='ltr' id='par_1_98' title="bbox 290 5083 1890 5155">
     <span class='ocr_line' id='line_1_98' title="bbox 290 5083 1890 5155; baseline 0.001 -18"><span class='ocrx_word' id='word_1_734' title='bbox 290 5083 532 5153; x_wconf 72' lang='grc' dir='ltr'><em>ὕστερον</em></span> <span class='ocrx_word' id='word_1_735' title='bbox 562 5085 714 5155; x_wconf 77' lang='grc' dir='ltr'><em>παρὰ</em></span> <span class='ocrx_word' id='word_1_736' title='bbox 744 5085 1043 5155; x_wconf 85' lang='grc' dir='ltr'><em>Ῥωμαίοις</em></span> <span class='ocrx_word' id='word_1_737' title='bbox 1065 5084 1125 5137; x_wconf 78' lang='grc' dir='ltr'><em>τὸ</em></span> <span class='ocrx_word' id='word_1_738' title='bbox 1155 5085 1252 5154; x_wconf 83' lang='grc' dir='ltr'><em>τῆς</em></span> <span class='ocrx_word' id='word_1_739' title='bbox 1284 5085 1499 5154; x_wconf 78' lang='grc' dir='ltr'><em>φύσεώς</em></span> <span class='ocrx_word' id='word_1_740' title='bbox 1532 5103 1592 5138; x_wconf 87' lang='grc' dir='ltr'><strong><em>τε</em></strong></span> <span class='ocrx_word' id='word_1_741' title='bbox 1629 5086 1721 5139; x_wconf 75' lang='grc' dir='ltr'><em>καὶ</em></span> <span class='ocrx_word' id='word_1_742' title='bbox 1753 5087 1890 5139; x_wconf 86' lang='grc' dir='ltr'><em>ὑπο-</em></span> 
     </span>
    </p>
   </div>
   <div class='ocr_carea' id='block_1_99' title="bbox 290 5176 1894 5250">
    <p class='ocr_par' dir='ltr' id='par_1_99' title="bbox 290 5176 1894 5250">
     <span class='ocr_line' id='line_1_99' title="bbox 290 5176 1894 5250; baseline 0.001 -20"><span class='ocrx_word' id='word_1_743' title='bbox 290 5176 550 5241; x_wconf 84' lang='grc' dir='ltr'><em>στάσεως</em></span> <span class='ocrx_word' id='word_1_744' title='bbox 598 5178 998 5248; x_wconf 78' lang='grc' dir='ltr'><em>ἐιρυλοκρινήθη</em></span> <span class='ocrx_word' id='word_1_745' title='bbox 1054 5195 1116 5231; x_wconf 86' lang='grc' dir='ltr'><strong><em>τε</em></strong></span> <span class='ocrx_word' id='word_1_746' title='bbox 1170 5178 1265 5231; x_wconf 74' lang='grc' dir='ltr'><em>καὶ</em></span> <span class='ocrx_word' id='word_1_747' title='bbox 1293 5177 1539 5250; x_wconf 85' lang='grc' dir='ltr'><em>διεκρίθη</em></span> <span class='ocrx_word' id='word_1_748' title='bbox 1569 5178 1762 5249; x_wconf 78' lang='grc' dir='ltr'><em>ὄνομα,</em></span> <span class='ocrx_word' id='word_1_749' title='bbox 1798 5180 1894 5232; x_wconf 71' lang='grc' dir='ltr'><em>καὶ</em></span> 
     </span>
    </p>
   </div>
   <div class='ocr_carea' id='block_1_100' title="bbox 293 5267 1895 5340">
    <p class='ocr_par' dir='ltr' id='par_1_100' title="bbox 293 5267 1895 5340">
     <span class='ocr_line' id='line_1_100' title="bbox 293 5267 1895 5340; baseline 0 -19"><span class='ocrx_word' id='word_1_750' title='bbox 293 5267 488 5340; x_wconf 83' lang='grc' dir='ltr'><em>μάτην</em></span> <span class='ocrx_word' id='word_1_751' title='bbox 516 5268 585 5323; x_wconf 81' lang='grc' dir='ltr'><em>τὰ</em></span> <span class='ocrx_word' id='word_1_752' title='bbox 615 5271 866 5339; x_wconf 82' lang='grc' dir='ltr'><em>αίρετικὰ</em></span> <span class='ocrx_word' id='word_1_753' title='bbox 897 5270 1112 5335; x_wconf 77' lang='grc' dir='ltr'><em>ζιζάνια</em></span> <span class='ocrx_word' id='word_1_754' title='bbox 1140 5270 1240 5338; x_wconf 87' lang='grc' dir='ltr'><strong><em>τὴν</em></strong></span> <span class='ocrx_word' id='word_1_755' title='bbox 1263 5269 1471 5339; x_wconf 84' lang='grc' dir='ltr'><em>σπορὰν</em></span> <span class='ocrx_word' id='word_1_756' title='bbox 1493 5268 1704 5322; x_wconf 80' lang='grc' dir='ltr'><em>ἐκεῖθεν</em></span> <span class='ocrx_word' id='word_1_757' title='bbox 1729 5286 1895 5321; x_wconf 86' lang='grc' dir='ltr'><em>σπου-</em></span> 
     </span>
    </p>
   </div>
   <div class='ocr_carea' id='block_1_101' title="bbox 2000 4877 3585 4958">
    <p class='ocr_par' dir='ltr' id='par_1_101' title="bbox 2000 4877 3585 4958">
     <span class='ocr_line' id='line_1_101' title="bbox 2000 4877 3585 4958; baseline -0.015 -6"><span class='ocrx_word' id='word_1_758' title='bbox 2000 4907 2250 4951; x_wconf 89' lang='lat' dir='ltr'><strong><em>naturam</em></strong></span> <span class='ocrx_word' id='word_1_759' title='bbox 2283 4892 2487 4956; x_wconf 87' lang='lat' dir='ltr'><strong><em>dicere,</em></strong></span> <span class='ocrx_word' id='word_1_760' title='bbox 2520 4889 2753 4958; x_wconf 88' lang='lat' dir='ltr'><strong><em>primum</em></strong></span> <span class='ocrx_word' id='word_1_761' title='bbox 2780 4883 3000 4953; x_wconf 88' lang='lat' dir='ltr'><strong><em>quidem</em></strong></span> <span class='ocrx_word' id='word_1_762' title='bbox 3034 4893 3309 4950; x_wconf 74' lang='lat' dir='ltr'><strong><em>numquam</em></strong></span> <span class='ocrx_word' id='word_1_763' title='bbox 3347 4877 3585 4938; x_wconf 86' lang='lat' dir='ltr'><strong><em>clarum,</em></strong></span> 
     </span>
    </p>
   </div>
   <div class='ocr_carea' id='block_1_102' title="bbox 1998 4976 3590 5060">
    <p class='ocr_par' dir='ltr' id='par_1_102' title="bbox 1998 4976 3590 5060">
     <span class='ocr_line' id='line_1_102' title="bbox 1998 4976 3590 5060; baseline -0.013 -16"><span class='ocrx_word' id='word_1_764' title='bbox 1998 4991 2043 5044; x_wconf 90' lang='lat' dir='ltr'><strong><em>si</em></strong></span> <span class='ocrx_word' id='word_1_765' title='bbox 2076 4987 2344 5060; x_wconf 76' lang='lat' dir='ltr'><strong><em>genuinus</em></strong></span> <span class='ocrx_word' id='word_1_766' title='bbox 2379 4984 2468 5038; x_wconf 89' lang='lat' dir='ltr'><strong><em>hic</em></strong></span> <span class='ocrx_word' id='word_1_767' title='bbox 2502 4995 2687 5037; x_wconf 90' lang='lat' dir='ltr'><strong><em>sermo</em></strong></span> <span class='ocrx_word' id='word_1_768' title='bbox 2718 4994 2734 5043; x_wconf 90' lang='lat'><strong>;</strong></span> <span class='ocrx_word' id='word_1_769' title='bbox 2763 4976 3058 5034; x_wconf 89' lang='lat' dir='ltr'><strong><em>secundum</em></strong></span> <span class='ocrx_word' id='word_1_770' title='bbox 3120 4988 3217 5043; x_wconf 89' lang='lat' dir='ltr'><strong><em>par</em></strong></span> <span class='ocrx_word' id='word_1_771' title='bbox 3256 4980 3342 5027; x_wconf 88' lang='lat' dir='ltr'><strong><em>est</em></strong></span> <span class='ocrx_word' id='word_1_772' title='bbox 3382 4985 3590 5040; x_wconf 63' lang='lat' dir='ltr'><strong><em>cognoo</em></strong></span> 
     </span>
    </p>
   </div>
   <div class='ocr_carea' id='block_1_103' title="bbox 1997 5065 3591 5147">
    <p class='ocr_par' dir='ltr' id='par_1_103' title="bbox 1997 5065 3591 5147">
     <span class='ocr_line' id='line_1_103' title="bbox 1997 5065 3591 5147; baseline -0.014 -11"><span class='ocrx_word' id='word_1_773' title='bbox 1997 5095 2174 5146; x_wconf 88' lang='lat' dir='ltr'><strong><em>scere,</em></strong></span> <span class='ocrx_word' id='word_1_774' title='bbox 2208 5087 2266 5132; x_wconf 90' lang='lat' dir='ltr'><strong><em>ut</em></strong></span> <span class='ocrx_word' id='word_1_775' title='bbox 2293 5074 2563 5147; x_wconf 84' lang='lat' dir='ltr'><strong><em>posterius</em></strong></span> <span class='ocrx_word' id='word_1_776' title='bbox 2589 5070 2753 5136; x_wconf 82' lang='lat' dir='ltr'><strong><em>Julio,</em></strong></span> <span class='ocrx_word' id='word_1_777' title='bbox 2788 5068 2931 5139; x_wconf 82' lang='lat' dir='ltr'><strong><em>apud</em></strong></span> <span class='ocrx_word' id='word_1_778' title='bbox 2971 5065 3264 5132; x_wconf 78' lang='lat' dir='ltr'><strong><em>Romanos,</em></strong></span> <span class='ocrx_word' id='word_1_779' title='bbox 3292 5072 3500 5116; x_wconf 65' lang='lat' dir='ltr'><strong><em>natura:</em></strong></span> <span class='ocrx_word' id='word_1_780' title='bbox 3533 5067 3591 5115; x_wconf 89' lang='lat' dir='ltr'><strong><em>et</em></strong></span> 
     </span>
    </p>
   </div>
   <div class='ocr_carea' id='block_1_104' title="bbox 2001 5153 3589 5245">
    <p class='ocr_par' dir='ltr' id='par_1_104' title="bbox 2001 5153 3589 5245">
     <span class='ocr_line' id='line_1_104' title="bbox 2001 5153 3589 5245; baseline -0.016 -15"><span class='ocrx_word' id='word_1_781' title='bbox 2001 5176 2361 5245; x_wconf 86' lang='lat' dir='ltr'><strong><em>hypostaseos</em></strong></span> <span class='ocrx_word' id='word_1_782' title='bbox 2408 5168 2653 5223; x_wconf 90' lang='lat' dir='ltr'><strong><em>studiose</em></strong></span> <span class='ocrx_word' id='word_1_783' title='bbox 2701 5178 2899 5219; x_wconf 88' lang='lat' dir='ltr'><strong><em>nomen</em></strong></span> <span class='ocrx_word' id='word_1_784' title='bbox 2953 5158 3234 5223; x_wconf 85' lang='lat' dir='ltr'><strong><em>indicavit,</em></strong></span> <span class='ocrx_word' id='word_1_785' title='bbox 3283 5165 3339 5209; x_wconf 92' lang='lat' dir='ltr'><strong><em>et</em></strong></span> <span class='ocrx_word' id='word_1_786' title='bbox 3384 5153 3589 5207; x_wconf 81' lang='lat' dir='ltr'><strong><em>frustra</em></strong></span> 
     </span>
    </p>
   </div>
   <div class='ocr_carea' id='block_1_105' title="bbox 1999 5244 3585 5321">
    <p class='ocr_par' dir='ltr' id='par_1_105' title="bbox 1999 5244 3585 5321">
     <span class='ocr_line' id='line_1_105' title="bbox 1999 5244 3585 5321; baseline -0.015 0"><span class='ocrx_word' id='word_1_787' title='bbox 1999 5266 2253 5321; x_wconf 66' lang='lat' dir='ltr'><strong><em>licerelica</em></strong></span> <span class='ocrx_word' id='word_1_788' title='bbox 2296 5262 2508 5317; x_wconf 82' lang='lat' dir='ltr'><strong><em>zizauia</em></strong></span> <span class='ocrx_word' id='word_1_789' title='bbox 2558 5273 2743 5315; x_wconf 86' lang='lat' dir='ltr'><strong><em>semen</em></strong></span> <span class='ocrx_word' id='word_1_790' title='bbox 2784 5254 2983 5311; x_wconf 89' lang='lat' dir='ltr'><strong><em>ibidem</em></strong></span> <span class='ocrx_word' id='word_1_791' title='bbox 3029 5252 3248 5306; x_wconf 89' lang='lat' dir='ltr'><strong><em>student</em></strong></span> <span class='ocrx_word' id='word_1_792' title='bbox 3296 5244 3585 5301; x_wconf 78' lang='lat' dir='ltr'><strong><em>suﬂ&#39;ocare.</em></strong></span> 
     </span>
    </p>
   </div>
   <div class='ocr_carea' id='block_1_106' title="bbox 290 5342 1885 5431">
    <p class='ocr_par' dir='ltr' id='par_1_106' title="bbox 290 5357 1885 5430">
     <span class='ocr_line' id='line_1_106' title="bbox 290 5357 1885 5430; baseline -0.001 -17"><span class='ocrx_word' id='word_1_793' title='bbox 290 5357 457 5423; x_wconf 70' lang='grc' dir='ltr'><em>δάζει</em></span> <span class='ocrx_word' id='word_1_794' title='bbox 488 5358 1226 5430; x_wconf 79' lang='grc' dir='ltr'><em>συλαγωγεῖν.’Δδιακρίτων</em></span> <span class='ocrx_word' id='word_1_795' title='bbox 1268 5362 1375 5429; x_wconf 76' lang='grc' dir='ltr'><strong><em>γὰρ</em></strong></span> <span class='ocrx_word' id='word_1_796' title='bbox 1424 5357 1505 5410; x_wconf 79' lang='grc' dir='ltr'><em>ἔτι</em></span> <span class='ocrx_word' id='word_1_797' title='bbox 1555 5358 1664 5410; x_wconf 81' lang='grc' dir='ltr'><strong><em>τῶν</em></strong></span> <span class='ocrx_word' id='word_1_798' title='bbox 1700 5359 1885 5427; x_wconf 61' lang='grc' dir='ltr'><em>φωνῶν</em></span> 
     </span>
    </p>
   </div>
   <div class='ocr_carea' id='block_1_107' title="bbox 1986 5342 3589 5431">
    <p class='ocr_par' dir='ltr' id='par_1_107' title="bbox 1995 5342 3589 5431">
     <span class='ocr_line' id='line_1_107' title="bbox 1995 5342 3589 5431; baseline -0.014 -16"><span class='ocrx_word' id='word_1_799' title='bbox 1995 5360 2309 5431; x_wconf 87' lang='lat' dir='ltr'><strong><em>lnjndicatis</em></strong></span> <span class='ocrx_word' id='word_1_800' title='bbox 2359 5357 2507 5413; x_wconf 92' lang='lat' dir='ltr'><strong><em>enim</em></strong></span> <span class='ocrx_word' id='word_1_801' title='bbox 2554 5355 2776 5410; x_wconf 88' lang='lat' dir='ltr'><strong><em>vocibus</em></strong></span> <span class='ocrx_word' id='word_1_802' title='bbox 2826 5349 3192 5410; x_wconf 87' lang='lat' dir='ltr'><strong><em>manentibus,</em></strong></span> <span class='ocrx_word' id='word_1_803' title='bbox 3228 5358 3336 5398; x_wconf 89' lang='lat' dir='ltr'><strong><em>non</em></strong></span> <span class='ocrx_word' id='word_1_804' title='bbox 3368 5342 3589 5398; x_wconf 83' lang='lat' dir='ltr'><strong><em>obviam</em></strong></span> 
     </span>
    </p>
   </div>
   <div class='ocr_carea' id='block_1_108' title="bbox 297 5432 1885 5523">
    <p class='ocr_par' dir='ltr' id='par_1_108' title="bbox 297 5449 1885 5523">
     <span class='ocr_line' id='line_1_108' title="bbox 297 5449 1885 5523; baseline 0.001 -22"><span class='ocrx_word' id='word_1_805' title='bbox 297 5449 590 5519; x_wconf 83' lang='grc' dir='ltr'><em>μενουσῶν</em></span> <span class='ocrx_word' id='word_1_806' title='bbox 607 5450 726 5482; x_wconf 54' lang='grc'><strong><em>³⁸³⁸</em></strong></span> <span class='ocrx_word' id='word_1_807' title='bbox 751 5450 905 5504; x_wconf 85' lang='grc' dir='ltr'>οὐδὲν</span> <span class='ocrx_word' id='word_1_808' title='bbox 934 5451 1152 5523; x_wconf 84' lang='grc' dir='ltr'><em>ἀπαντᾷ</em></span> <span class='ocrx_word' id='word_1_809' title='bbox 1174 5450 1456 5520; x_wconf 81' lang='grc' dir='ltr'><em>δυσχερὲς,</em></span> <span class='ocrx_word' id='word_1_810' title='bbox 1491 5450 1694 5520; x_wconf 78' lang='grc' dir='ltr'><em>μᾶλλον</em></span> <span class='ocrx_word' id='word_1_811' title='bbox 1720 5450 1779 5503; x_wconf 84' lang='grc' dir='ltr'><strong><em>δὲ</em></strong></span> <span class='ocrx_word' id='word_1_812' title='bbox 1800 5451 1885 5504; x_wconf 63' lang='grc' dir='ltr'><strong><em>καλ</em></strong></span> 
     </span>
    </p>
   </div>
   <div class='ocr_carea' id='block_1_109' title="bbox 1986 5432 3588 5523">
    <p class='ocr_par' dir='ltr' id='par_1_109' title="bbox 1996 5432 3588 5523">
     <span class='ocr_line' id='line_1_109' title="bbox 1996 5432 3588 5523; baseline -0.013 -17"><span class='ocrx_word' id='word_1_813' title='bbox 1996 5452 2096 5506; x_wconf 86' lang='lat' dir='ltr'><strong><em>ivit</em></strong></span> <span class='ocrx_word' id='word_1_814' title='bbox 2131 5450 2406 5520; x_wconf 87' lang='lat' dir='ltr'><strong><em>impietas,</em></strong></span> <span class='ocrx_word' id='word_1_815' title='bbox 2436 5447 2615 5517; x_wconf 88' lang='lat' dir='ltr'><strong><em>potius</em></strong></span> <span class='ocrx_word' id='word_1_816' title='bbox 2645 5443 2805 5499; x_wconf 90' lang='lat' dir='ltr'><strong><em>valde</em></strong></span> <span class='ocrx_word' id='word_1_817' title='bbox 2828 5450 3168 5508; x_wconf 86' lang='lat' dir='ltr'><strong><em>consequens</em></strong></span> <span class='ocrx_word' id='word_1_818' title='bbox 3200 5447 3298 5494; x_wconf 83' lang='lat' dir='ltr'><strong><em>oro</em></strong></span> <span class='ocrx_word' id='word_1_819' title='bbox 3324 5432 3588 5523; x_wconf 85' lang='lat' dir='ltr'><strong><em>hyposta-</em></strong></span> 
     </span>
    </p>
   </div>
   <div class='ocr_carea' id='block_1_110' title="bbox 1627 5624 2321 5685">
    <p class='ocr_par' dir='ltr' id='par_1_110' title="bbox 1627 5624 2321 5685">
     <span class='ocr_line' id='line_1_110' title="bbox 1627 5624 2321 5685; baseline -0.001 -4"><span class='ocrx_word' id='word_1_820' title='bbox 1627 5626 1866 5683; x_wconf 78' lang='lat' dir='ltr'><strong>VARUE</strong></span> <span class='ocrx_word' id='word_1_821' title='bbox 1908 5626 2207 5685; x_wconf 76' lang='lat' dir='ltr'><strong><em>LECTION</em></strong></span> <span class='ocrx_word' id='word_1_822' title='bbox 2216 5624 2321 5681; x_wconf 85' lang='lat' dir='ltr'><strong><em>ES.</em></strong></span> 
     </span>
    </p>
   </div>
   <div class='ocr_carea' id='block_1_111' title="bbox 383 5740 2522 5825">
    <p class='ocr_par' dir='ltr' id='par_1_111' title="bbox 383 5740 2522 5825">
     <span class='ocr_line' id='line_1_111' title="bbox 383 5740 2522 5825; baseline -0.002 -27"><span class='ocrx_word' id='word_1_823' title='bbox 383 5745 428 5778; x_wconf 80' lang='grc'><strong><em>²⁹</em></strong></span> <span class='ocrx_word' id='word_1_824' title='bbox 445 5743 540 5825; x_wconf 65' lang='grc' dir='ltr'><em>ναὶ</em></span> <span class='ocrx_word' id='word_1_825' title='bbox 736 5744 872 5800; x_wconf 74' lang='grc' dir='ltr'><em>ικαὶ</em></span> <span class='ocrx_word' id='word_1_826' title='bbox 927 5743 1127 5825; x_wconf 30' lang='grc' dir='ltr'><em>μήν-λς.</em></span> <span class='ocrx_word' id='word_1_827' title='bbox 1204 5745 1250 5776; x_wconf 83' lang='grc'><strong><em>²⁰</em></strong></span> <span class='ocrx_word' id='word_1_828' title='bbox 1269 5743 1328 5825; x_wconf 63' lang='lat' dir='ltr'><strong><em>es</em></strong></span> <span class='ocrx_word' id='word_1_829' title='bbox 1357 5744 1679 5825; x_wconf 63' lang='grc' dir='ltr'><em>διδάσκαλον</em></span> <span class='ocrx_word' id='word_1_830' title='bbox 1711 5743 1882 5809; x_wconf 77' lang='grc' dir='ltr'><em>οὕτως</em></span> <span class='ocrx_word' id='word_1_831' title='bbox 1930 5761 1993 5808; x_wconf 79' lang='grc' dir='ltr'><em>ς.</em></span> <span class='ocrx_word' id='word_1_832' title='bbox 2050 5743 2096 5777; x_wconf 71' lang='grc'><strong><em>³⁸</em></strong></span> <span class='ocrx_word' id='word_1_833' title='bbox 2128 5742 2435 5813; x_wconf 83' lang='grc' dir='ltr'><em>ἀνευφημεῖ</em></span> <span class='ocrx_word' id='word_1_834' title='bbox 2461 5740 2522 5795; x_wconf 88' lang='grc' dir='ltr'><strong>Β.</strong></span> 
     </span>
    </p>
   </div>
   <div class='ocr_carea' id='block_1_112' title="bbox 2632 5718 3594 5805">
    <p class='ocr_par' dir='ltr' id='par_1_112' title="bbox 2632 5718 3594 5805">
     <span class='ocr_line' id='line_1_112' title="bbox 2632 5718 3594 5805; baseline -0.011 -17"><span class='ocrx_word' id='word_1_835' title='bbox 2632 5738 2678 5770; x_wconf 82' lang='grc'><strong><em>³²</em></strong></span> <span class='ocrx_word' id='word_1_836' title='bbox 2702 5729 2852 5805; x_wconf 81' lang='grc' dir='ltr'><em>τούς]</em></span> <span class='ocrx_word' id='word_1_837' title='bbox 2883 5730 3003 5789; x_wconf 90' lang='lat' dir='ltr'><strong><em>libri</em></strong></span> <span class='ocrx_word' id='word_1_838' title='bbox 3036 5729 3170 5792; x_wconf 81' lang='grc' dir='ltr'><em>τοῖς.</em></span> <span class='ocrx_word' id='word_1_839' title='bbox 3246 5724 3294 5758; x_wconf 79' lang='grc'><strong><em>’³</em></strong></span> <span class='ocrx_word' id='word_1_840' title='bbox 3317 5718 3594 5793; x_wconf 77' lang='grc' dir='ltr'><em>ἀνεκήρυ·</em></span> 
     </span>
    </p>
   </div>
   <div class='ocr_carea' id='block_1_113' title="bbox 304 5814 1565 5889">
    <p class='ocr_par' dir='ltr' id='par_1_113' title="bbox 304 5814 1565 5889">
     <span class='ocr_line' id='line_1_113' title="bbox 304 5814 1565 5889; baseline 0 -16"><span class='ocrx_word' id='word_1_841' title='bbox 304 5817 405 5886; x_wconf 70' lang='grc' dir='ltr'><em>ξεν</em></span> <span class='ocrx_word' id='word_1_842' title='bbox 430 5816 498 5871; x_wconf 86' lang='grc' dir='ltr'><strong><em>Α.</em></strong></span> <span class='ocrx_word' id='word_1_843' title='bbox 576 5814 694 5851; x_wconf 54' lang='grc'><strong><em>³⁸³⁵</em></strong></span> <span class='ocrx_word' id='word_1_844' title='bbox 726 5814 1002 5885; x_wconf 85' lang='grc' dir='ltr'><em>μενουσῶν</em></span> <span class='ocrx_word' id='word_1_845' title='bbox 1035 5816 1078 5868; x_wconf 89' lang='grc' dir='ltr'>Β</span> <span class='ocrx_word' id='word_1_846' title='bbox 1106 5831 1121 5868; x_wconf 90' lang='lat'><strong>:</strong></span> <span class='ocrx_word' id='word_1_847' title='bbox 1161 5816 1431 5889; x_wconf 76' lang='grc' dir='ltr'><em>μενόντων</em></span> <span class='ocrx_word' id='word_1_848' title='bbox 1455 5818 1565 5873; x_wconf 83' lang='lat' dir='ltr'><strong><em>AC.</em></strong></span> 
     </span>
    </p>
   </div>
  </div>
