4004 6446
488 364 623 432 1047

1644 363 1903 423 ΡΗΟΤΙΙ
1926 362 2364 423 PATRIARCH
2385 364 2434 422 Ε
2473 363 2581 422 CP.

3589 365 3735 431 1048

482 490 607 533 sees
639 488 770 530 voce
809 482 1015 527 natura:
1053 472 1150 527 uti.
1193 472 1301 527 Sed
1347 471 1476 527 illud
1516 470 1582 527 de
1616 470 1761 527 Julio
1802 472 1929 528 licet
1972 473 2039 528 di‘

2155 475 2279 528 )iav
2309 473 2621 539 ἀκόλουθον,
2653 472 2770 524 ἀντὶ
2817 475 2915 543 τῆς
2943 475 3292 542 ὑποστάσεως
3321 481 3387 550 τῇ
3435 479 3578 545 λέξει
3629 484 3731 551 τῆς

483 585 628 624 cere.

550 765 630 818 Ad
661 766 774 819 haec
797 764 1046 817 haeretica
1071 761 1355 829 impudens
1378 758 1641 813 sententia
1670 757 1801 812 dicit
1829 774 1843 811 :
1872 758 2051 824 Quare

481 873 585 913 non
621 854 1076 927 quemadmodum
1111 870 1179 909 ex
1219 852 1427 907 duabus
1456 851 1662 905 naturis
1688 850 1930 904 dicentes
1956 851 2051 906 ho-

480 949 703 1012 minem,
737 946 932 1002 deinde
972 954 1113 1016 post.
1131 946 1381 999 unionem
1417 953 1469 996 et
1496 956 1655 996 unam
1695 941 1865 1011 ipsius
1896 950 2051 995 natu-

480 1042 630 1095 ram?
652 1040 836 1109 Neque
854 1040 1017 1094 etiam
1042 1039 1316 1093 Christum
1340 1050 1369 1089 e
1391 1036 1600 1091 duabus
1625 1035 1837 1089 naturis
1866 1035 2050 1088 dicen-

481 1143 584 1197 tes,
616 1148 777 1185 unam
811 1130 1051 1199 ejusdem
1098 1141 1344 1183 naturam
1380 1138 1501 1198 post
1536 1129 1787 1182 unionem
1821 1128 2047 1180 c0nﬁtc-

477 1224 633 1279 mur?
659 1222 828 1278 Unam
860 1221 1077 1291 quidem
1121 1230 1368 1274 naturam
1418 1220 1621 1274 scimus
1661 1221 2043 1287 compositum,

475 1332 543 1372 ac
570 1316 901 1371 resolutorio
935 1313 1017 1368 usi
1058 1313 1352 1376 schemate,
1383 1313 1517 1366 duas
1549 1312 1917 1367 coincidentes
1953 1326 2047 1375 ag-

475 1408 772 1462 noscimus.
829 1405 934 1460 Sed
984 1404 1099 1459 haac
1143 1403 1338 1473 quaerit
1388 1403 1641 1457 lueretica
1691 1402 2039 1472 impudentia.

475 1498 693 1553 Discant
749 1492 1005 1563 imperiti,
1030 1494 1134 1548 hoc
1182 1491 1541 1562 compositum
1588 1506 1749 1545 unam
1794 1500 2041 1544 naturam

470 1590 591 1645 sine
643 1586 1031 1656 impedimento
1071 1584 1200 1649 dici,
1241 1584 1455 1653 quando
1485 1596 1583 1637 nec
1623 1582 1839 1653 proprie
1873 1583 1926 1636 in
1958 1596 2042 1635 eo-

470 1682 591 1734 dem
622 1675 912 1746 simplicia,
952 1691 1018 1729 ex
1059 1674 1253 1743 quibus
1293 1672 1625 1740 compositus
1668 1680 1772 1737 est,
1824 1672 2038 1725 nomina

471 1772 742 1825 dicantur.
798 1767 958 1824 Velut
1010 1767 1283 1820 hominem
1335 1764 1512 1818 nullus
1559 1777 1757 1829 corpus
1804 1763 2037 1831 proprie,

2158 569 2373 637 φύσεως
2420 565 2746 637 χρήσασθαι.
2784 566 2943 620 Ἀλλὰ
2996 567 3167 622 ταῦτα
3218 570 3315 641 μὲν
3342 570 3482 638 ὑπὲρ
3511 570 3730 625 Ἰουλίου

2158 659 2273 713 ἐστι
2325 659 2511 729 φάναι.

2230 750 2349 803 Ἔτι
2398 750 2456 802 δὲ
2501 749 2562 801 τὸ
2611 749 2885 820 αἱρετικὸν
2935 752 3281 820 ἀναισχυντεῖ
3330 755 3607 825 φρόνημα,
3635 772 3733 811 και

2156 860 2308 913 φησι·
2330 842 2428 896 Διὰ
2452 841 2618 912 τίμὴ,
2644 842 2895 912 καθάπερ
2920 843 2983 895 ὲκ
3008 842 3101 896 δύο
3129 844 3341 911 φύσεων
3368 846 3617 914 λέγοντες
3638 850 3735 903 τὸν

2155 933 2460 1003 ἄνθρωπον,
2486 928 2604 984 εἶτα
2642 934 2776 1002 μετά
2806 934 2904 1002 τὴν
2933 932 3127 987 ἕνωσιν
3155 935 3248 987 καὶ
3284 936 3411 1005 μίαν
3442 938 3608 991 αὐτοῦ
3630 941 3735 1012 τὴν

2154 1024 2336 1092 φύσιν,
2373 1024 2446 1094 μὴ
2477 1024 2571 1077 καὶ
2602 1024 2693 1077 τὸν
2721 1025 2957 1094 Χριστὸν
2988 1026 3053 1078 ὲκ
3080 1025 3173 1079 δύο
3223 1027 3437 1096 φύσεων
3481 1030 3734 1099 λέγοντες

2156 1116 2286 1184 μίαν
2312 1114 2478 1167 αὑτοῦ
2506 1112 2604 1185 τὴν
2635 1114 2796 1182 φύσιν
2844 1113 2981 1183 μετὰ
3008 1114 3105 1185 τὴν
3134 1116 3325 1171 ἕνωσιν
3356 1120 3735 1189 ἀνομολογοῦ-

2156 1223 2289 1275 μεν;
2320 1207 2466 1261 Μίαν
2498 1206 2597 1277 μὲν
2627 1206 2737 1277 γὰρ
2768 1208 2926 1277 ῐσμεν
2954 1208 3115 1277 φύσιν
3144 1210 3205 1262 τὸ
3235 1210 3506 1277 σύνθετον,
3531 1214 3735 1266 ἀναλυ-

2150 1298 2288 1369 τικῷ
2315 1299 2371 1352 δὲ
2406 1298 2734 1369 κεχρημένοι
2764 1299 2953 1371 τρόπῳ
2980 1300 3073 1354 δύο
3092 1303 3189 1364 τὰς
3213 1302 3569 1368 συνελθούσας
3592 1321 3735 1372 γνωει

2153 1391 2391 1463 ρίζομεν.
2409 1390 2547 1444 Ἀλλ’
2577 1391 2609 1459 ἡ
2645 1390 2743 1460 μὲν
2766 1392 3018 1464 αἱρετικὴ
3065 1393 3423 1463 ἀναισχυντία
3471 1394 3597 1467 [449
3632 1395 3731 1469 Η.]

2149 1484 2398 1553 ἐπιζητεῖ
2419 1484 2465 1515 ’⁸
2512 1482 2703 1539 ταῦτα.
2734 1484 3170 1540 Μανθανέτωσαν
3202 1486 3259 1539 δὲ
3288 1489 3338 1540 οἱ
3371 1489 3622 1541 ὰσύνετοι
3648 1490 3732 1544 ὅτι

2147 1576 2271 1629 τότε
2320 1575 2382 1628 τὸ
2428 1575 2682 1629 σύνθετον
2736 1577 2833 1648 μία
2880 1578 3043 1646 φύσις
3091 1578 3444 1643 ἀκωλύτως²⁷
3488 1581 3729 1649 λέγεται,

2149 1668 2310 1737 ἡνίκα
2354 1666 2434 1738 μὴ
2480 1668 2688 1739 κυρίως
2721 1668 2808 1722 ἐπ’
2836 1669 3001 1722 αὐτοῦ
3050 1670 3119 1723 τὰ
3166 1670 3274 1723 τῶν
3320 1671 3527 1737 ἁπλῶν,
3560 1673 3621 1737 ἐξ
3651 1669 3729 1729 ὧν

2150 1758 2427 1829 συνετέθη,
2458 1759 2699 1829 ὀνόματα
2727 1761 2965 1830 λέγεται.
3002 1758 3129 1816 Οἵον
3151 1764 3243 1817 τὸν
3268 1763 3363 1819 ἄνθ
3374 1782 3569 1835 ρωπων
3602 1766 3727 1819 οὔτε

468 1874 645 1929 neque
673 1858 908 1912 animam
936 1857 1152 1927 proprie
1178 1854 1494 1923 appellabit.
1531 1851 1719 1921 Neque
1747 1852 1891 1907 enim
1921 1866 2039 1905 cor—

2148 1854 2306 1922 σῶμα
2352 1852 2419 1906 ἄν
2466 1870 2551 1916 τις
2578 1854 2623 1885 ’⁸
2668 1853 2875 1925 κυρίως
2900 1854 3024 1908 οὔτε
3048 1856 3226 1927 ψυχὴν
3260 1857 3436 1910 εἴποι·
3466 1859 3586 1911 οὐδὲ
3617 1859 3729 1929 γὰρ

466 1952 619 2021 poris
667 1965 844 2019 neque
897 1947 1091 2003 animae
1141 1946 1378 2000 termino
1432 1944 1747 1999 includitur.
1804 1943 2039 1998 Abusive

466 2042 684 2113 quidem
710 2025 851 2109 saepe
873 2047 929 2093 et
951 2037 1144 2093 leniter
1167 2036 1450 2091 familiaris
1472 2050 1658 2091 sermo
1680 2049 1867 2104 parum
1891 2033 2042 2087 lima-

468 2143 576 2195 tus,
605 2144 660 2186 et
694 2146 865 2186 sacra:
906 2128 1201 2197 Scriptura:
1230 2125 1455 2197 spiritus
1498 2139 1629 2180 usus
1670 2124 1940 2183 libertate.
1973 2137 2041 2176 ex

464 2233 619 2294 parte
646 2231 814 2277 totum
846 2220 1116 2276 hominem
1145 2219 1498 2274 denominant
1525 2235 1539 2271 :
1574 2216 1823 2272 nolumus
1858 2214 2043 2270 subire

458 2316 650 2386 jngum
693 2313 974 2369 servitutis
1012 2310 1309 2365 dialecticae
1341 2308 1614 2363 vanitatis.
1651 2306 1881 2373 Quando
1905 2303 2043 2359 inef-

462 2407 643 2464 rabilis
663 2415 826 2475 atque
848 2400 1414 2473 incomprehensibilis
1436 2401 1652 2455 unionis
1668 2414 1843 2469 neque
1861 2414 2041 2454 exemo

463 2499 583 2571 plar
612 2498 782 2568 magis
828 2496 1105 2566 proprium
1140 2508 1355 2549 sumere
1389 2493 1513 2563 quis
1547 2493 1754 2563 possit;
1804 2499 1860 2546 et
1890 2503 2040 2545 asse-

462 2599 647 2646 rentes
680 2588 954 2644 Christum
994 2601 1061 2643 ex
1109 2585 1449 2640 humanitate
1493 2593 1549 2639 et
1592 2582 1880 2638 divinitate
1916 2595 2042 2637 con-

458 2694 627 2749 stare,
657 2682 889 2738 dicimus
924 2680 1175 2737 eumdem
1216 2678 1469 2734 similiter
1512 2686 1567 2732 et
1598 2677 1765 2731 Deum
1789 2675 2037 2730 eumdem

456 2785 515 2833 et
554 2773 855 2830 hominem.
891 2773 1230 2841 Quapmpter
1274 2768 1491 2839 proprie
1531 2782 1597 2823 ac
1648 2781 1776 2822 vere
1825 2780 2040 2835 semper

459 2865 627 2935 Virgo
659 2864 833 2919 Maria
871 2861 1099 2933 Deipara
1144 2861 1365 2917 dicitur.
1416 2860 1755 2929 Quapropter
1805 2856 2039 2911 hominis

459 2956 740 3026 exemplar
779 2966 983 3011 temere
1016 2956 1086 3009 ab
1121 2952 1551 3023 imprudentibus
1579 2950 1633 3004 in
1664 2946 2033 3005 calumniandi

455 3047 798 3104 occasionem
836 3046 1018 3110 vertit,
1066 3053 1121 3100 et
1156 3044 1459 3100 evertenda:
1486 3042 1701 3097 unionis
1738 3038 2035 3096 secundum

456 3139 772 3211 hypostasin
802 3137 1081 3193 inconfuse
1106 3147 1161 3191 et
1185 3136 1477 3191 indiscrete
1495 3136 1723 3189 duarum
1747 3133 1799 3185 in
1821 3129 2036 3187 Christo

458 3244 777 3287 naturarum

527 3408 663 3473 Quia
696 3406 946 3460 Christus
975 3404 1120 3458 Deus
1142 3412 1326 3458 noster
1358 3411 1649 3469 utrumque
1680 3410 1766 3455 est
1795 3400 2032 3469 proprie,

454 3496 654 3569 2741)
685 3496 829 3551 unde
882 3503 987 3559 Cal,
1030 3504 1085 3548 et
1122 3494 1320 3547 dicitur
1358 3493 1519 3545 veluti
1554 3492 1699 3545 Deus
1734 3500 1787 3544 et
1825 3492 1987 3544 homo
2017 3507 2028 3542 :

454 3591 548 3645 alii
585 3588 739 3641 ntulti
788 3588 1047 3652 clamant,
1095 3596 1149 3639 et
1194 3597 1412 3638 sanctus
1449 3582 1686 3651 Cyrillus
1721 3583 1771 3634 in
1808 3581 2033 3650 epistola

455 3682 526 3737 ad
572 3672 929 3743 succensum,
960 3696 1125 3733 unum
1161 3687 1215 3731 et
1239 3677 1487 3731 eumdem
1524 3679 1624 3729 hoc
1653 3686 1705 3729 et
1740 3674 1868 3728 illud
1913 3689 2034 3729 esse

455 3774 610 3831 dicit.
636 3773 702 3827 Et
729 3774 981 3827 similiter
1032 3772 1097 3825 ad
1136 3770 1478 3822 Valerianum
1510 3767 1675 3822 Ieonii
1719 3768 2033 3835 episcopum

454 3865 645 3921 scribit
682 3882 697 3918 :
731 3864 908 3929 Quare
933 3863 1245 3931 conﬁtentur
1271 3862 1410 3929 quod
1445 3876 1476 3911 a
1510 3871 1667 3912 carne
1693 3857 1901 3927 quidem
1936 3869 2033 3921 est,

454 3972 666 4010 carnem
696 3970 826 4017 esse,
852 3953 991 4023 quod
1024 3970 1055 4004 a
1084 3950 1189 4003 Deo
1219 3949 1389 4003 Deum
1411 3964 1543 4010 esse,
1578 3948 1863 4002 secundum
1894 3947 2035 3999 idem

455 4058 677 4109 utraque
718 4044 979 4107 Christus,
1023 4057 1156 4095 unus
1200 4040 1392 4104 Filius,
1418 4057 1555 4094 unus
1604 4040 1884 4107 Dominus,
1915 4055 2035 4093 cum

451 4138 669 4209 prapria
698 4152 797 4190 sua
827 4152 1007 4191 carne.
1049 4132 1287 4202 Utraque
1314 4133 1461 4187 enim
1508 4132 1633 4203 quid
1664 4132 1809 4185 aliud
1841 4132 2038 4186 conﬁr-

453 4241 586 4297 mat,
620 4245 782 4300 quam
829 4227 1079 4283 eumdem
1126 4240 1245 4281 csse
1278 4224 1450 4280 Deum
1496 4236 1552 4280 et
1590 4226 1889 4280 hominem.
1929 4224 2033 4280 Sed

452 4319 581 4374 ;‘.'cet
617 4318 734 4373 hmo
768 4316 1092 4371 vociferetur
1121 4314 1379 4385 Cyrillus,
1416 4325 1595 4370 tamen
1623 4315 1883 4371 allatrare
1901 4332 2035 4371 non—

2142 1942 2249 1994 οὐδ’
2280 1942 2584 2008 ὲπιδὲξαιτο
2613 1943 2680 1997 ἂν
2712 1943 2835 1998 οὔτε
2878 1946 2970 1998 τὸν
3018 1945 3115 1999 τοῦ
3167 1946 3443 2017 σώματος,
3469 1946 3592 2001 οὔτε
3632 1951 3725 2003 τὸν

2139 2033 2240 2104 τῆς
2277 2034 2457 2104 ψυχῆς
2501 2037 2625 2106 ὅρον
2651 2050 2667 2066 ⁸
2696 2036 3154 2106 καταχρηστικῶς
3190 2038 3376 2108 μέντοι
3407 2039 3667 2102 πολλάκις
3688 2040 3724 2111 ἦ

2140 2143 2202 2180 τε
2231 2127 2337 2181 ἀνὰ
2365 2130 2523 2198 χεῖρα
2551 2128 2735 2197 ὁμιλία
2775 2129 2837 2181 τὸ
2883 2130 3110 2199 ἀκριϐὲς
3154 2131 3598 2201 παρατρέχουσα,
3630 2133 3728 2185 καίΙ

2140 2219 2210 2273 τὰ
2241 2220 2361 2291 ἱερὰ
2401 2220 2556 2289 λόγια
2584 2223 2651 2291 τῇ
2684 2220 2969 2293 ἐλευθερίᾳ
3002 2223 3319 2293 κεχρημένα
3348 2223 3441 2276 τοῦ
3477 2224 3725 2294 πνεύμα-

2139 2329 2252 2377 τος,
2284 2314 2350 2365 ἐκ
2400 2313 2600 2383 μέρους
2648 2316 2741 2367 τὸν
2787 2314 2907 2367 ὅλον
2953 2315 3242 2385 ἄνθρωπον
3287 2317 3725 2387 ἐπονομάζουσι,

2141 2402 2294 2475 ζυγῷ
2315 2404 2557 2468 δουλείας
2587 2405 2684 2472 τῆς
2708 2404 3058 2473 διαλεκτικῆς
3088 2408 3450 2478 ματαιότητος
3477 2408 3724 2461 ὑπείκειν

2138 2498 2241 2551 οὐκ
2290 2497 2597 2567 ἀνεχόμενα
2610 2499 2677 2551 ’⁸.
2696 2496 2820 2551 Ἐπὶ
2846 2497 2904 2551 δέ
2930 2515 2995 2566 γε
3023 2498 3121 2569 τῆς
3146 2499 3391 2570 ἀρρήτου
3417 2500 3511 2553 καὶ
3539 2501 3727 2553 ἀνεπι-

2137 2591 2336 2661 νοήτου
2381 2589 2629 2653 ὲνὼσεως
2674 2589 2801 2644 οὔτε
2845 2590 3199 2661 παράδειγμα
3237 2591 3423 2645 λαϐεῖν
3466 2593 3725 2646 οἰκειότε-

2143 2701 2236 2754 ρον
2259 2684 2305 2713 "
2335 2682 2537 2735 δύναιτ’
2571 2682 2636 2735 ἄν
2664 2699 2769 2746 τις,
2821 2682 2914 2735 καὶ
2964 2682 3214 2750 λέγοντες
3256 2682 3351 2735 τὸν
3399 2683 3635 2754 Χριστὸν
3660 2685 3725 2737 ἑκ

2140 2774 2391 2845 θεότητος
2418 2774 2510 2827 καὶ
2533 2770 2977 2843 ἆνθρωπὸτητος,
3016 2773 3201 2843 φαμεν
3227 2773 3388 2826 αὑτὸν
3420 2772 3619 2842 ὁμοίως
3634 2774 3726 2825 καὶ

2140 2866 2274 2920 Θεὸν
2317 2865 2408 2918 τὸν
2452 2865 2616 2919 αὐτὸν
2664 2866 2759 2918 καὶ
2799 2865 3119 2936 ἄνθρωπον
3150 2864 3231 2918 διὸ
3263 2864 3359 2917 καὶ
3391 2864 3597 2935 κυρίως
3633 2862 3727 2917 καὶ

2139 2957 2357 3027 ἀληθῶς
2385 2960 2420 3028 ἡ
2462 2956 2703 3024 παναγία
2735 2954 3014 3025 Παρθένος
3049 2955 3315 3019 Θεοτόκος
3342 2953 3726 3024 πρεσϐεύεται.

2141 3050 2307 3103 Ὥστε
2340 3048 2519 3119 μάτην
2546 3046 2932 3119 ὲκακουργήθη
2958 3048 3072 3109 τοῖς
3094 3045 3371 3108 ἀσυνέτοις
3392 3044 3455 3099 τὸ
3475 3043 3617 3098 κατὰ
3638 3044 3728 3098 τὸν

2141 3138 2427 3207 ἄνθρωπον
2461 3137 2813 3207 παράδειγμα
2858 3136 2939 3198 είς
2987 3134 3240 3204 διαϐολὴν
3288 3134 3385 3187 καὶ
3412 3133 3725 3202 ἀνατροπὴν

2137 3230 2235 3299 τῆς
2268 3228 2575 3297 ἀσυγχύτου
2620 3228 2716 3280 καὶ
2759 3226 3067 3296 ἀδιαιρέτου
3102 3226 3210 3281 τῶν
3236 3225 3330 3280 δύο
3359 3223 3453 3278 τοῦ
3488 3224 3725 3296 Χριστοῦ

2137 3315 2352 3383 φύσεων
2381 3315 2504 3367 καθ’
2528 3314 2830 3368 ὑπόστασιν
2860 3314 3136 3378 ὲνώσεως.

2210 3406 2331 3459 Ὅτι
2362 3406 2417 3458 δὲ
2453 3404 2687 3476 Χριστὸς
2720 3408 2747 3458 ὁ
2780 3406 2911 3463 θεὸς
2957 3405 3113 3475 ἡμῶν
3162 3405 3368 3475 κυρίως
3420 3405 3725 3477 ἀμφότερα,

2136 3498 2197 3561 ἐξ
2230 3491 2303 3550 ὧν
2336 3497 2442 3569 [τέ]
2478 3499 2616 3558 ἐστι,
2650 3497 2867 3565 λέγεται
2890 3498 2956 3561 ³¹,
2986 3492 3099 3549 οἷον
3131 3496 3260 3558 Θεὸς
3291 3497 3384 3548 καὶ
3406 3496 3721 3571 Δόινθρωπος,

2135 3587 2287 3641 ἄλλοι
2316 3603 2375 3637 τε
2408 3584 2592 3638 πολλοὶ
2621 3585 2806 3655 βοῶσι,
2840 3586 2938 3638 καὶ
2962 3587 2990 3639 ὁ
3018 3585 3157 3646 θεῖος
3188 3584 3247 3637 δὲ
3277 3583 3544 3652 Κύριλλος
3575 3585 3631 3635 ὲν
3655 3585 3718 3653 τῇ

2140 3680 2278 3749 πρὸς
2326 3679 2624 3731 Σούκενσον
2658 3678 2913 3748 ἐπιστολῇ
2981 3676 3076 3729 ἕνα
3126 3678 3259 3746 φησὶ
3291 3677 3385 3730 καὶ
3434 3676 3526 3729 τὸν
3566 3676 3719 3727 αὑτὸν

2138 3767 2298 3820 τοῦτο
2344 3768 2566 3819 κάκεῖνο
2616 3766 2904 3835 ὑπάρχειν.
2943 3765 3052 3818 Καὶ
3099 3764 3234 3832 πρὸς
3274 3762 3632 3835 Οὐαλεριανὸν
3664 3762 3720 3814 δὲ

2136 3860 2229 3913 τὸν
2250 3860 2292 3891 ³’
2330 3859 2551 3912 Ἰκονίου
2601 3858 2899 3911 ἐπίσκοπον
2951 3857 3152 3926 ὁμοίως
3200 3856 3436 3926 γράφει·
3496 3855 3728 3909 Οὐκοῦν

2139 3950 2551 4020 ὁμολογοῦμεν
2568 3950 2613 3983 ³³
2644 3950 2725 4015 ὡς
2753 3949 2870 4019 μὲν
2894 3949 2961 4001 τὸ
2984 3948 3103 4002 ἀπὸ
3136 3948 3364 4016 σαρκὸς
3390 3945 3548 4015 σάρξ
3575 3946 3729 4011 ἐστι,

2138 4043 2206 4097 τὸ
2244 4042 2314 4096 δὲ
2341 4045 2410 4097 ἐκ
2444 4044 2593 4097 Θεοῦ
2630 4044 2774 4109 Θεός
2801 4042 2964 4106 ἐστι,
2999 4040 3150 4094 κατὰ
3178 4040 3399 4094 ταύτὸν
3426 4040 3729 4108 ἀμφότερα

2137 4136 2413 4204 Χριστὸς,
2441 4131 2529 4201 εἷς
2558 4134 2643 4188 ὢν
2681 4136 2836 4202 Υἱὸς,
2868 4130 2954 4201 εἷς
2984 4135 3198 4203 Κύριος
3233 4133 3384 4203 μετὰ
3427 4131 3533 4199 τῆς
3578 4130 3729 4196 ἰδίας

2136 4227 2325 4282 αὐτοῦ
2357 4228 2605 4295 σαρκός.
2636 4228 2709 4280 Τὸ
2738 4228 2845 4297 γὰρ
2880 4226 3170 4296 ἀμφότερα
3209 4225 3263 4277 τί
3307 4224 3435 4280 ἄλλο
3467 4224 3501 4294 ἢ
3530 4222 3613 4276 ὅτι
3638 4224 3665 4275 ὀ
3688 4222 3730 4253 ³³

2139 4322 2301 4385 αὐτός
2350 4323 2467 4373 ἐστι
2520 4321 2616 4373 καὶ
2648 4320 2779 4384 Θεὸς
2822 4319 2918 4373 καὶ
2966 4318 3255 4388 ἅνθρωπος
3283 4316 3524 4387 βεὸαιοῖ;
3573 4313 3731 4368 Ἀλλὰ

451 4411 583 4466 nulli
637 4410 753 4465 ausi
796 4419 941 4475 sunt,
989 4407 1143 4477 quasi
1166 4408 1415 4463 Christus
1447 4422 1514 4461 ex
1549 4408 1835 4463 divinitate
1872 4419 2036 4477 atque

2147 4414 2321 4467 καίτοι
2348 4412 2522 4465 ταῦτα
2551 4410 2782 4481 βοῶντος
2796 4410 3086 4479 Κυρίλλου,
3110 4410 3260 4480 ὅμως
3278 4408 3579 4479 ἐτόλμησάν
3593 4421 3733 4467 τινες

450 4504 833 4568 humanitate,
872 4517 1048 4571 neque
1095 4503 1257 4557 homo
1300 4514 1476 4570 neque
1514 4498 1656 4554 Deus
1704 4499 1793 4553 sit.
1841 4498 2028 4569 Neque

2147 4507 2387 4560 ὑλακτεῖν
2414 4505 2487 4567 ὡς
2507 4503 2778 4574 ὁξΧριστὸς
2796 4504 2859 4555 ὲκ
2885 4502 3137 4572 θεότητος
3156 4502 3254 4571 μέν
3271 4503 3387 4554 ἐστι
3415 4500 3510 4552 καὶ
3524 4497 3733 4569 ἅνθρω-

448 4591 599 4647 Pauli
628 4592 756 4647 illud
779 4593 1039 4647 divinitus
1068 4591 1390 4662 inspiratum
1422 4599 1477 4645 et
1502 4589 1641 4644 elata
1670 4604 1802 4643 voce
1826 4589 2027 4643 dictum

2147 4600 2394 4667 πότητος,
2415 4595 2541 4649 οὔτε
2561 4595 2617 4648 δὲ
2631 4594 2730 4647 ave
2740 4612 2915 4665 ρωπος
2930 4594 3054 4646 οὔτε
3068 4593 3219 4656 Θεὸς,
3238 4592 3364 4664 [855
3380 4590 3467 4662 8.]
3490 4590 3623 4661 μηδὲ
3637 4586 3731 4642 τοῦ

452 4695 787 4747 reverentur,
821 4684 911 4753 qui
945 4682 1356 4753 clamatzilesus
1383 4680 1630 4737 Christus
1653 4681 1765 4735 lteri
1780 4691 1828 4734 et
1850 4681 2029 4746 hodie,

2147 4685 2356 4740 Παύλου
2375 4685 2434 4737 τὸ
2458 4684 2814 4737 θεόπνευστον
2832 4683 2926 4735 καὶ
2948 4682 3332 4751 μεγαλόφωνον
3350 4678 3733 4734 καταιδεσθέν-

450 4775 557 4841 ipse
586 4786 633 4828 et
657 4776 712 4828 in
740 4777 934 4829 uacula
952 4786 1001 4829 I.
1033 4775 1137 4831 Per
1162 4776 1326 4829 illud:
1355 4776 1469 4828 heri
1496 4785 1543 4827 et
1573 4776 1748 4839 hodie,
1781 4775 2031 4828 eumdem

2147 4796 2253 4842 τες,
2270 4778 2325 4841 ὃς
2348 4777 2640 4847 κέκραγεν
2673 4775 2914 4842 Ἰησοῦς
2932 4775 2977 4807 ³⁵
2996 4774 3252 4843 Χριστὸς
3272 4773 3412 4842 χθὲς
3428 4772 3524 4826 καὶ
3544 4774 3734 4840 σήμε-

439 4866 727 4923 hontinem
769 4866 1085 4934 confessus;
1127 4884 1223 4935 per
1273 4868 1397 4931 hoc,
1432 4869 1485 4919 in
1528 4866 1743 4930 swcula,
1782 4866 2031 4920 eumdem

2147 4888 2273 4938 ρον,
2307 4872 2339 4922 ό
2366 4867 2549 4934 αὐτὸς
2574 4867 2673 4921 καὶ
2697 4869 2783 4934 είς
2814 4868 2953 4929 τοὺς
2982 4866 3219 4931 αἰῶνας,
3246 4865 3332 4919 διὰ
3356 4864 3452 4934 μὲν
3476 4862 3569 4916 τοῦ
3590 4862 3734 4931 χθὲς

447 4955 620 5011 Deum
670 4958 945 5024 praedicat.
1002 4958 1064 5011 Et
1122 4958 1317 5012 iterum
1353 4977 1365 5011 :
1402 4956 1550 5012 Unus
1604 4957 1764 5020 Deus,
1805 4975 1940 5011 unus
1983 4968 2032 5009 et

2147 4960 2239 5015 καὶ
2256 4960 2525 5029 σήμερον
2546 4958 2830 5029 ἄνθρωπον
2850 4958 2963 5031 [τὸν
2983 4957 3051 5031 ⁸⁸]
3072 4958 3231 5011 αὑτὸν
3255 4955 3551 5027 ὁμολογῶν,
3568 4953 3657 5006 διὰ
3676 4952 3732 5006 δὲ

447 5050 710 5102 mediator
761 5048 853 5101 Dei
909 5057 956 5102 et
1003 5047 1273 5101 hominum
1326 5049 1482 5101 homo
1532 5048 1687 5103 Jesus
1726 5046 2029 5103 Christus".

2147 5052 2233 5104 τοῦ
2255 5052 2297 5081 ³⁷
2332 5052 2429 5104 καὶ
2456 5053 2545 5115 εἰς
2574 5051 2716 5116 τοὺς
2746 5048 2967 5116 αίὼνας
3002 5051 3094 5103 τὸν
3128 5048 3289 5101 αὐτὸν
3329 5044 3722 5116 ἀνακηρύττων

447 5136 626 5207 Quare
644 5141 863 5208 preprie
876 5139 1127 5195 Christus
1144 5149 1198 5195 et
1222 5141 1361 5193 Deus
1382 5150 1437 5194 et
1459 5142 1639 5193 homo.
1662 5143 1839 5209 Atque
1866 5141 2032 5193 Atha-

2147 5144 2292 5197 [θεόν.
2336 5144 2444 5196 Καὶ
2475 5142 2636 5196 πάλιν
2663 5143 2691 5194 ὁ
2720 5142 2879 5204 αὑτός
2902 5158 2917 5172 ο
2953 5136 3055 5206 Εἷς
3090 5140 3233 5204 Θεὸς
3256 5138 3324 5200 ³⁸,
3361 5132 3447 5201 εἷς
3480 5135 3575 5188 καὶ
3622 5149 3727 5203 με·

440 5231 659 5295 1tasius,
699 5248 1016 5299 germanum
1053 5248 1112 5287 se
1156 5232 1307 5285 Pauli
1352 5232 1672 5300 discipulum
1712 5235 2027 5293 ostendens,

2147 5238 2315 5303 σίτης
2367 5235 2515 5288 Θεοῦ
2568 5235 2665 5289 καὶ
2718 5236 3061 5303 ἀνθρώπων,
3112 5232 3422 5300 ἅνθρωπος
3480 5223 3730 5296 Χριστὸς

520 5377 547 5413 Υ
585 5368 753 5423 llehr.
793 5387 910 5433 xm,
946 5372 997 5424 8.
1080 5380 1099 5405 π
1134 5369 1146 5419 Ι
1180 5369 1322 5426 Tim.
1380 5387 1438 5429 ll,
1488 5369 1535 5421 5’.

1752 5502 1987 5559 VAIUAS
2021 5502 2422 5557 LECTIOMCS.

518 5670 562 5698 “
587 5667 738 5735 ζητεῖ
782 5685 839 5731 ς’.
894 5670 961 5721 η²⁷
991 5670 1273 5731 ἀπολύτως
1303 5668 1367 5720 Α.
1447 5670 1491 5698 ²⁸
1522 5668 1680 5737 σῶμα
1706 5687 1757 5718 τι
1788 5670 1851 5721 ἄν
1890 5686 1947 5729 ς.
2026 5670 2069 5699 ³³
2100 5667 2407 5737 ἀνεχόμεθα
2439 5686 2497 5730 ς.
2581 5669 2623 5697 ³ο
2658 5668 2985 5720 οἰκειότατον
3020 5671 3082 5723 Α.
3162 5670 3201 5698 ³¹
3238 5668 3451 5731 λέγεται
3483 5668 3569 5720 AC
3597 5684 3609 5718 :
3636 5665 3725 5719 καὶ

448 5739 664 5817 λέγεται
700 5756 755 5817 ς.
835 5742 877 5769 ³³
906 5738 993 5791 τὸν
1028 5740 1150 5794 add.
1191 5743 1252 5790 Λ.
1330 5740 1374 5768 ³³
1414 5738 1783 5805 ὁμολογοῦμεν
1812 5740 1907 5803 ὡςὶ
1950 5738 2039 5790 init

2147 5758 2189 5804 p.
2329 5740 2477 5817 8517,)
2504 5737 2986 5817 ,ὁμολοηουμςνωὲ
3017 5740 3245 5817 Ιίιίιιςδιιι.⁸
3275 5739 3332 5790 δὲ
3361 5740 3580 5817 additur
3603 5746 3722 5792 ante

450 5809 611 5861 xm.
714 5809 758 5838 3'
796 5812 953 5863 ὀοω.
1000 5818 1059 5864 Λ.
1144 5808 1577 5879 ³⁵’1ητ.]11ι·1)ι.
1622 5827 1737 5863 λιιι.
1908 5813 1945 5840 δέ
1974 5810 2023 5860 τὶ

2147 5832 2170 5861 n
2224 5814 2261 5863 Α
2368 5812 2405 5839 ³τ
2444 5804 2527 5861 τοῦ
2552 5809 2675 5863 add.
2705 5807 2762 5859 Β.
2792 5804 2800 5806 “
2843 5809 2885 5841 ³⁸
2916 5804 2992 5872 εἷς
3019 5809 3106 5881 8,]
3134 5810 3153 5864 Ι
3186 5807 3322 5863 Tini.
3361 5825 3421 5867 ll,
3452 5808 3501 5861 5.
