4004 6440
255 345 402 413 1049

1103 355 1627 413 BlliLlU'lﬂELA.
1659 378 1729 389 -·
1758 358 1923 418 COD.
1959 361 2231 427 CCXXX.

3384 377 3522 442 1050

267 458 533 530 Ἰησοῦς,
570 459 710 513 ὥστε
736 459 937 531 κυρίως
966 462 1005 514 νό
1044 462 1277 533 Χριστὸς
1306 465 1399 517 καὶ
1423 464 1705 536 ἅνθρωπος
1736 468 1832 521 καὶ

1946 471 2013 527 sic
2058 473 2183 528 ait:
2218 472 2346 528 Cum
2398 474 2638 531 Christus
2696 480 2851 531 etiam
2911 479 3049 532 Deus
3095 482 3183 534 sit.
3231 483 3411 540 Basilii
3466 501 3523 545 et

250 553 414 616 Θεός.
453 551 561 605 Καὶ
596 551 909 615 Ἀοανάσιος
933 552 988 605 δὲ
1015 554 1233 623 γνήσιον
1270 555 1466 608 ἑαυτὸν
1498 557 1592 608 τοῦ
1618 558 1833 611 Παύλου

250 645 475 707 δεικνὺς
506 643 753 714 μαθητὴν
786 642 925 697 οὕτω
952 645 1114 714 φησίν
1136 662 1149 676 ⁸
1192 648 1347 700 Ἐπεὶ
1373 649 1470 701 καὶ
1505 652 1647 717 Θεός
1667 651 1838 705 ἐστιν

251 742 294 793 ό
325 737 600 805 Χριστός.
633 738 912 791 Βασιλείου
951 739 1007 791 δὲ
1038 739 1132 791 καὶ
1171 738 1282 793 τῶν
1330 741 1493 812 ἱερῶν
1527 743 1839 815 Γρηγορίων

252 829 357 880 καὶ
380 828 488 878 τῶν
522 827 697 879 ἄλλων
722 826 883 880 ὁσίων
915 828 1193 897 Πατέρων,
1224 829 1279 881 εἴ
1303 848 1386 893 τις
1423 831 1699 900 συλλέγειν
1724 852 1840 887 πει-

259 920 481 990 ραθείη,
517 922 597 982 εἰς
628 920 688 973 τὸ
719 920 945 991 ἄπειρον
975 922 1037 973 ἂν
1068 924 1123 974 αἱ
1149 924 1440 993 μαρτυρίαι
1472 927 1841 995 παρατενοῦσι

256 1016 355 1064 τὸν
390 1012 648 1079 λόγον.⁹0
696 1013 879 1081 μέντοι
924 1029 987 1080 γε
1031 1014 1191 1082 σοφὸς
1223 1015 1490 1084 Κύριλλος
1519 1018 1609 1070 τὸν
1636 1018 1735 1086 τῆς
1763 1021 1842 1072 oi-

261 1102 540 1173 κουμένης
573 1102 893 1157 διδάσκαλον
924 1103 1133 1156 Παῦλον
1169 1107 1419 1177 μάρτυρα
1448 1107 1656 1173 καλῶν,
1681 1111 1844 1164 Κατὰ

266 1195 389 1249 τῶν
425 1194 511 1265 μὴ
560 1195 957 1264 βουλομένων
1007 1198 1322 1266 ὁμολογεῖν
1373 1202 1665 1253 Θεοτόκον
1731 1200 1846 1268 τὴν

273 1288 452 1357 ἁγίαν
470 1289 779 1355 Παρθένον
803 1288 965 1357 (οὕτω
988 1290 1095 1358 γὰρ
1122 1289 1416 1357 ἐπιγράφει
1436 1290 1644 1343 καὶτὸν
1665 1290 1844 1360 λόγον)

279 1382 381 1451 ὅρα
412 1379 460 1431 τί
486 1398 650 1450 φησιν
671 1398 686 1412 ⁸
706 1381 834 1435 Νῦν
858 1381 927 1434 δὲ
947 1382 1063 1449 τὴν
1091 1382 1299 1451 φωνὴν
1316 1382 1434 1451 μὲν
1453 1386 1564 1437 οὐκ
1585 1384 1843 1453 εἴρηκεν,

274 1472 406 1540 ἤτοι
432 1472 547 1538 τὴν
597 1491 615 1524 ι
642 1472 950 1536 Θεοτόιιος,
975 1492 993 1523 ι
1044 1473 1192 1527 Θεὸν
1216 1474 1286 1526 δὲ
1318 1474 1425 1528 τὸν
1453 1475 1710 1542 Χριστὸν
1741 1475 1840 1529 ἐπὶ

269 1564 517 1617 ,πάντων
544 1564 899 1630 ἀνεϐόησεν.
926 1565 1036 1618 Καὶ
1066 1566 1258 1619 πάλιν
1290 1568 1361 1619 ΕΖ
1384 1565 1647 1634 μὴβεὸν
1668 1566 1788 1635 ἅμα
1805 1568 1847 1599 ³⁸

266 1656 370 1708 καὶ
398 1655 713 1723 ἄνθρωπον
738 1658 1033 1724 ἠπίστατο
1066 1657 1170 1711 τόν
1200 1659 1478 1727 Χριστὸν,
1508 1660 1620 1712 οὐκ
1652 1659 1728 1712 ἂν
1753 1658 1846 1711 ἐπ-

1941 575 2251 620 sanctorum
2312 566 2731 636 Grcgoriorum,
2787 581 2841 625 et
2907 573 3137 627 aliorum
3206 589 3523 636 sanctorum

1941 654 2184 719 Patrum,
2224 657 2269 711 si
2294 658 2415 727 quis
2445 660 2626 713 omnia
2668 662 2921 733 colligere
2949 666 3254 721 testimonia
3285 671 3524 739 studeat,

1943 747 1996 801 in
2032 748 2297 803 infinitum
2328 751 2573 805 trahetur
2596 754 2792 809 oratio.
2828 754 3062 823 Sapiens
3088 760 3231 813 enim
3263 761 3526 831 Cyrillus,

1942 840 2090 894 orbis
2135 840 2416 897 doctorem
2467 853 2659 898 testem
2710 845 2933 899 Paulum
2982 849 3276 916 adducens,
3329 853 3529 909 Contra

1946 932 2173 985 nolentes
2217 931 2481 1002 Virginem
2521 934 2679 1001 fateri
2712 934 2996 1005 Deipnrant
3035 953 3054 993 :
3087 940 3166 994 sic
3194 943 3337 995 eniut
3369 946 3531 999 habet

1945 1023 2209 1077 orationis
2242 1024 2461 1091 titulus;
2499 1026 2621 1078 vide
2659 1027 2787 1095 quid
2836 1028 2982 1082 dicat
3026 1048 3038 1082 :
3090 1029 3276 1085 Vocem
3324 1036 3528 1104 quidem

1947 1131 2050 1167 non
2082 1118 2458 1181 pronuntiavit,
2514 1120 2713 1172 scilicet
2759 1119 2895 1173 hanc
2930 1139 2948 1171 ι
2996 1122 3225 1189 Deipam
3256 1140 3275 1176 :
3310 1145 3328 1178 ι
3364 1127 3529 1181 Deum

1949 1215 2122 1259 autem
2149 1206 2416 1260 Christum
2439 1225 2593 1276 super
2612 1212 2785 1264 omnia
2804 1214 3155 1276 pradicavit‘.
3184 1215 3247 1269 Et
3270 1234 3486 1272 rursum
3513 1237 3527 1273 :

1950 1297 2072 1352 Nisi
2113 1299 2281 1352 Deum
2327 1308 2377 1353 et
2416 1302 2676 1356 hominem
2719 1305 2999 1358 crediderit
3034 1308 3061 1346 δ
3089 1348 3104 1370 ,
3166 1326 3269 1361 non
3298 1310 3529 1372 addidit,

1954 1408 1973 1440 ι
2010 1390 2292 1442 secundum
2320 1406 2555 1445 carnem.
2594 1409 2611 1442 ι
2670 1390 2781 1446 Hoc
2848 1396 2989 1447 enim
3030 1397 3292 1463 prwcipue
3321 1400 3384 1452 de
3428 1416 3531 1453 non

1948 1482 2115 1536 solum
2145 1483 2371 1545 homine,
2406 1483 2496 1535 sed
2527 1482 2676 1535 aliud
2697 1484 2825 1553 quid
2859 1487 3150 1539 secundum
3178 1487 3531 1542 substantiam

1948 1574 2227 1627 ersistente
2251 1573 2467 1633 dicitur.
2496 1574 2642 1628 ldem
2669 1574 2831 1629 homo
2861 1577 3074 1631 divinus
3112 1581 3165 1632 in
3196 1580 3367 1633 altero
3396 1596 3531 1634 ana-

1953 1664 2300 1718 thematismo
2354 1666 2540 1718 eadem
2599 1665 2980 1723 vociferatur:
3016 1668 3075 1724 Si
3138 1671 3255 1739 quis
3314 1672 3528 1726 minime

265 1749 446 1818 ἐφερε
465 1767 484 1800 ι
496 1750 642 1802 κατὰ
658 1748 875 1816 σάρκα
889 1768 907 1800 ι
932 1749 1106 1803 τοῦτο
1123 1748 1235 1819 γὰρ
1249 1747 1519 1818 φανερῶς
1533 1748 1629 1802 ἐπὶ
1642 1748 1747 1802 τοῦ
1760 1748 1841 1817 μὴ

1951 1754 2263 1822 conﬁteatur
2305 1754 2627 1824 hypostatice
2666 1760 2813 1811 carni
2863 1776 2927 1813 ea:
2960 1759 3118 1813 Patre
3158 1759 3264 1813 Deo
3306 1760 3531 1815 Verbum

257 1840 464 1909 μόνον
496 1839 624 1912 [450
652 1838 748 1911 Η.]
772 1840 1108 1907 ἀνθρώπου,
1135 1840 1298 1895 ἀλλὰ
1315 1840 1414 1895 καὶ
1436 1840 1640 1907 ἕτερόν
1661 1856 1715 1893 τι
1740 1839 1841 1907 τὴν

1957 1846 2181 1908 unitum,
2206 1856 2253 1898 et
2273 1860 2383 1898 esse
2413 1861 2573 1899 unum
2601 1845 2869 1901 Christum
2889 1865 3006 1902 cum
3028 1853 3242 1918 propria
3263 1868 3357 1904 sua
3375 1868 3532 1904 carne

264 1934 496 1987 οὐσίαν
531 1932 910 2000 ὑπάρχοντος
952 1933 1212 2002 λέγεται.
1230 1934 1288 1987 Ὀ
1321 1933 1378 1987 δὲ
1408 1934 1571 1995 αὐτὸς
1598 1934 1841 2002 θεοφόρος

1950 1936 2185 1989 eumdem
2229 1937 2477 1989 nimirum
2520 1938 2682 1991 Deum
2721 1950 2768 1992 et
2812 1941 3091 2008 hominem,
3129 1945 3406 1995 anathema
3438 1943 3530 1996 sit.

266 2025 415 2095 ἀνὴρ
453 2026 555 2078 κὰν
593 2024 671 2094 τῷ
701 2025 938 2094 δευτέρῳ
984 2025 1413 2095 ἀναθεματισμῷ
1450 2026 1519 2079 τὰ
1545 2026 1685 2079 αὐτὰ
1715 2026 1841 2095 βοᾷ¹

1954 2026 2020 2079 Et
2068 2027 2318 2082 similiter
2361 2030 2415 2083 in
2462 2031 2714 2083 oratione
2764 2046 2925 2099 quam
2981 2032 3193 2103 Reginis
3232 2034 3530 2101 inscripsit,

268 2116 347 2171 El
394 2135 483 2181 τις
528 2120 639 2183 οὐχ
663 2117 945 2186 ὁμολογεῖ
980 2119 1108 2170 καθ’
1133 2119 1477 2171 ὑπόστασιν
1496 2118 1679 2184 σαρκὶ
1706 2116 1841 2185 ἡνῶ-

1957 2114 2131 2169 Unum
2159 2119 2304 2172 nobis
2334 2120 2410 2173 sic
2445 2119 2730 2173 exhibitum
2758 2137 2870 2175 esse
2907 2121 3201 2188 Christum,
3231 2142 3349 2178 eum
3379 2122 3535 2177 simul

266 2213 413 2263 σθαι
436 2211 544 2261 τὸν
586 2208 656 2262 ἐκ
703 2209 850 2263 Θεοῦ
873 2209 1101 2275 Πατρός
1120 2211 1335 2278 Λόγον,
1361 2209 1473 2263 ἕνα
1512 2226 1576 2262 τε
1601 2207 1841 2276 Χριστὸν

1962 2206 2121 2260 Deum
2141 2219 2192 2261 et
2207 2209 2463 2264 hominem
2483 2212 2847 2275 exsistentem;
2873 2211 3085 2281 aliaque
3101 2214 3534 2268 innumerabilia.

272 2296 426 2354 εἶναι
442 2298 596 2369 μετὰ
628 2300 735 2369 τῆς
764 2301 919 2366 ἰδίας
947 2301 1195 2369 σαρκός,
1234 2301 1345 2354 τὸν
1369 2303 1556 2355 αὐτὸν
1577 2300 1841 2368 δηλονότη

1962 2298 2117 2356 Patet
2167 2301 2367 2371 275a
2411 2304 2576 2371 igitur
2610 2318 2861 2370 magnam
2902 2314 2957 2359 et
2987 2306 3254 2359 inﬁnitam
3287 2305 3538 2358 diﬂ'ercn-

275 2391 425 2445 Θεόν
446 2408 511 2445 τε
533 2391 633 2445 καὶ
665 2392 998 2459 ἄνθρωπον,
1037 2393 1306 2461 ἀνάθεμα
1331 2391 1506 2446 ἔστω.
1560 2394 1670 2446 Καὶ
1699 2395 1755 2445 ὲν
1782 2392 1841 2462 ei;

1960 2394 2089 2447 tiam
2122 2409 2241 2448 esse
2286 2396 2336 2448 in
2376 2396 2651 2465 mysteriis
2676 2395 2877 2449 Christi
2922 2406 2975 2449 ct
3031 2397 3262 2451 humana
3317 2396 3535 2451 forma:

266 2483 430 2552 Πρός
454 2483 564 2549 τὰς
588 2485 917 2550 ,βασιλίδας
940 2484 1376 2555 προσφωνητικῷ
1401 2485 1603 2556 ὁμοίως
1619 2525 1635 2551 ,
1658 2485 1768 2540 ἕνα
1794 2503 1841 2539 τι

1959 2484 2049 2554 qui
2074 2484 2289 2555 quidem
2313 2499 2377 2539 ex
2397 2486 2591 2555 quibus
2620 2497 2704 2541 est
2726 2502 2832 2541 non
2856 2487 3058 2541 dicitur
3082 2488 3195 2542 haec
3214 2504 3235 2553 ;
3256 2505 3318 2543 ex
3342 2491 3539 2558 quibus

263 2575 421 2643 ἡμῖν
463 2576 654 2642 οὕτως
701 2576 1130 2646 ἀναδειχθῆναι
1186 2578 1463 2645 Χριστόν,
1511 2576 1619 2631 τὸν
1673 2580 1841 2632 αὐτὸν

1960 2593 2026 2630 ve
2039 2591 2099 2631 ro
2128 2576 2347 2645 prodiit,
2381 2577 2660 2646 perspicue
2685 2578 2798 2632 haec
2826 2578 3152 2633 nominatur.

264 2667 426 2735 ὁμοῦ
467 2667 617 2721 Θεὸν
648 2666 793 2723 ὄντα
839 2669 939 2723 καί
971 2668 1301 2737 ἄνθρωπον.
1347 2669 1459 2723 Καὶ
1496 2669 1665 2739 μυρία
1690 2669 1845 2724 ἄλλα.
1887 2666 2203 2738 Κατὰδηλον
2231 2666 2324 2721 οῦν
2349 2667 2425 2731 ὡς
2450 2667 2619 2738 πολλὴ
2665 2671 2758 2722 καὶ
2785 2670 3011 2740 ἄπειρος
3048 2671 3081 2740 ή
3150 2670 3381 2742 διαφορὰ
3442 2673 3540 2726 τού

268 2758 424 2813 κατὰ
448 2758 540 2812 τὸν
568 2759 804 2829 Χριστὸν
832 2760 1135 2830 μυστηρίου
1183 2762 1280 2813 καὶ
1315 2759 1409 2814 τοῦ
1445 2759 1586 2813 κατὰ
1632 2760 1722 2812 τὸν
1765 2758 2049 2828 ἄνθρωπον
2077 2758 2555 2829 παραδείγματος·
2634 2759 2664 2812 ὁ
2714 2759 2812 2830 μὲν
2859 2760 2969 2829 γὰρ
2996 2758 3058 2824 ἐξ
3115 2753 3190 2814 ὧν
3251 2762 3421 2830 ἐστὶν,
3476 2760 3541 2814 οῦ

267 2852 492 2919 λέγεται
516 2848 711 2917 ταῦτα,
742 2851 771 2902 ό
796 2851 851 2904 δὲ
877 2849 938 2914 ἐξ
957 2842 1031 2902 ὧν
1060 2848 1320 2920 προῆλθε,
1349 2850 1443 2903 καὶ
1471 2848 1807 2920 διαπρυσίως
1845 2848 2018 2902 ταῦτα
2047 2847 2397 2918 ὀνομάζεται.

362 2946 525 3001 Ἀλλὰ
557 2945 667 3016 γὰρ
699 2945 798 3015 τῆς
819 2945 1085 3016 αἱρέσεως
1120 2945 1282 2999 πάλιν
1313 2947 1348 3015 ἡ
1368 2945 1597 2999 ἀπόνοια
1634 2945 1732 3015 τὴν
1767 2961 1841 2998 τε-

2032 2941 2141 2997 Sed
2162 2942 2540 2998 haereticorum
2575 2943 2798 2999 vesania
2826 2955 3073 3017 quartam
3106 2946 3371 3017 synodum
3403 2946 3546 3000 vitu-

273 3040 488 3110 τάρτην
503 3039 549 3072 ’⁵⁸
575 3038 852 3109 μέμφεται
882 3035 1100 3090 σύνοδον
1136 3037 1212 3101 ὼς
1242 3038 1367 3108 ὅρον
1397 3037 1717 3108 ἐκθεμὲνην,
1740 3038 1841 3091 δια·

1960 3043 2145 3102 perat,
2182 3036 2325 3104 quod
2367 3036 2648 3092 decretum
2688 3038 2961 3106 posuerit,
3006 3041 3400 3111 contenditque
3439 3039 3549 3096 tale

276 3132 571 3201 τειναμένη
597 3130 693 3201 τὴν
716 3129 975 3202 τοιαύτην
1008 3131 1352 3203 ἐπιχείρησιν
1399 3132 1504 3190 ὑπὸ
1560 3132 1659 3201 τῆς
1715 3130 1841 3184 κατε

1963 3127 2298 3197 propositum
2324 3142 2353 3181 a
2389 3130 2563 3199 prima
2604 3130 2811 3199 synodo
2851 3129 3051 3200 Ephesi
3096 3131 3279 3188 habita
3325 3133 3549 3189 omnino

279 3224 385 3294 τὴν
413 3225 647 3293 Ἔφεσον
703 3222 928 3293 πρώτης
979 3223 1196 3275 συνόδου
1242 3224 1523 3285 παντελῶς
1570 3226 1841 3278 ἁποκεκω·

1965 3220 2291 3288 prohibitum
2317 3219 2503 3275 fuisse.
2536 3220 2795 3286 Quamvis
2821 3222 2864 3275 si
2891 3222 3190 3276 secundum
3214 3222 3428 3276 illorum
3453 3225 3549 3279 de-

280 3314 501 3369 λῦσθαι.
532 3314 724 3368 Καίτοι
762 3331 828 3381 γε
862 3316 909 3367 εί
932 3314 1072 3366 κατὰ
1102 3314 1193 3368 τὸν
1237 3314 1399 3384 λῆρον
1440 3314 1618 3368 αὐτῶν
1665 3316 1841 3383 an:st

1967 3311 2152 3365 lirium
2203 3314 2442 3382 synodus
2483 3312 2630 3366 aliud
2669 3315 2942 3367 decretum
2983 3315 3207 3366 omnino
3251 3315 3550 3383 producere

282 3425 382 3476 γεν
407 3410 440 3477 ὴ
482 3407 694 3470 σύνοδος
726 3409 912 3479 ἓτερον
935 3410 1058 3477 ὅρον
1090 3408 1213 3479 μηδ’
1235 3409 1369 3471 ὅλως
1395 3408 1681 3479 προάγειν,
1718 3407 1841 3461 αὑταὶ

1965 3404 2168 3464 vetuit,
2219 3407 2332 3457 haec
2378 3417 2506 3457 ante
2545 3404 2679 3457 alias
2732 3415 2922 3459 contra
2970 3420 3028 3459 se
3076 3408 3550 3463 comlemnationis

283 3498 411 3552 καθ’
440 3499 641 3568 ἑαυτῆς
690 3500 796 3568 πρὸ
829 3499 939 3552 τῶν
992 3500 1168 3553 ἄλλων
1226 3501 1327 3570 τὴν
1385 3500 1841 3565 καταδικάζουσαη

1960 3496 2284 3548 sententiam
2332 3496 2574 3562 protulit.
2618 3494 2814 3554 Deliuit
2849 3496 2993 3549 enim
3048 3498 3149 3550 hoc
3186 3496 3546 3563 adumbrans,
3604 3556 3607 3561 ,

283 3594 553 3661 ἐξήνεγκε
578 3592 756 3662 ψῆφον
785 3608 801 3624 ο
841 3591 1013 3661 ὁρίζει
1041 3592 1149 3664 γὰρ
1187 3593 1319 3646 αὐτὸ
1375 3593 1536 3646 τοῦτο
1586 3592 1835 3645 τυποῦσα

1961 3585 2138 3653 qualia
2171 3601 2345 3654 neque
2387 3586 2492 3638 alia
2541 3596 2668 3641 ante
2703 3588 2876 3656 ipSam
2922 3588 3182 3642 deﬁnivit.
3229 3587 3334 3643 Sed
3375 3589 3551 3659 hypo-

282 3685 322 3739 ἃ
350 3683 623 3754 μηδετέρα
652 3683 763 3737 τῶν
782 3684 889 3753 πρὸ
918 3685 1089 3753 αὐτῆς
1111 3684 1421 3754 διωρίσατο.
1461 3684 1625 3736 Ἀλλὰ
1678 3685 1774 3737 καὶ
1820 3684 1841 3733 σί

1965 3679 2155 3733 statica
2199 3682 2323 3733 unio
2370 3681 2527 3749 hujus
2571 3692 2657 3735 est
2698 3683 2973 3749 del’initio,
3016 3699 3135 3751 quae
3184 3685 3253 3737 ab
3309 3685 3549 3754 antiquis

282 3776 413 3830 καθ’
470 3775 763 3829 ὑπόστασιν
814 3775 1008 3838 ἓνωσις
1064 3776 1235 3843 αὐτῆς
1284 3777 1434 3829 ἐστιν
1475 3778 1619 3844 ὅρος,
1664 3776 1692 3829 ὃ
1743 3779 1841 3829 ταῖς

1974 3769 2219 3823 conciliis
2246 3784 2349 3823 nou
2393 3780 2593 3823 statuta
2630 3781 2730 3824 est.
2772 3772 2932 3825 Certe
2969 3782 3023 3826 et
3052 3772 3552 3841 Constantinopoli—

290 3866 695 3937 πρεσϐυτέραις
738 3866 843 3919 τῶν
900 3868 1133 3920 συνόδων
1165 3870 1225 3920 οὐ
1273 3869 1579 3938 διώρισται.
1637 3868 1745 3920 Ναὶ
1797 3868 1841 3920 6i

1968 3873 2147 3917 lanam
2182 3864 2286 3918 150
2320 3863 2576 3927 Patrum,
2618 3880 2685 3918 ex
2728 3865 2922 3933 quibus
2961 3865 3189 3919 delirant
3248 3867 3375 3936 ipsi,
3421 3883 3555 3921 con-

295 3956 393 4011 καὶ
418 3956 518 4025 τὴν
552 3958 608 4008 ὲν
640 3958 1209 4012 Κωνσταντινουπό).ει
1233 3958 1340 4010 τῶν
1379 3964 1452 4027 ρν¹
1485 3958 1656 4025 ἁγίων
1687 3958 1841 4008 Πατέ·

1971 3956 2207 4021 demnat,
2230 3971 2349 4025 quas
2382 3971 2503 4009 cum
2537 3956 2743 4024 Spiritu
2773 3969 3104 4025 pugnantem
3128 3956 3552 4030 [Maccdonium]

294 4063 424 4117 ρων,
458 4047 517 4111 ἐξ
543 4039 616 4099 ὧν
648 4047 803 4099 αὐτοὶ
825 4046 1073 4118 ληροῦσι,
1103 4048 1526 4119 παραγράφεται
1545 4066 1557 4078 ο
1584 4048 1673 4099 τὸν
1698 4049 1837 4099 Πνευ

1972 4048 2181 4111 tollens,
2213 4063 2243 4102 e
2273 4047 2488 4114 Nicaeus
2533 4047 2741 4113 synodo
2786 4046 3073 4101 declarata:
3114 4049 3413 4103 deﬁnitioni
3439 4091 3454 4116 ,
3487 4052 3554 4104 de

293 4140 615 4209 ματομάχον
648 4138 757 4208 γὰρ
779 4137 917 4208 αὕτη
950 4139 1276 4199 καθελοῦσα,
1302 4140 1380 4208 τῷ
1425 4140 1565 4192 κατὰ
1618 4139 1717 4209 τὴν
1773 4138 1841 4191 Νί

1972 4139 2176 4206 Spiritu
2219 4149 2409 4193 sancto
2444 4139 2750 4192 doctrinam
2787 4139 3175 4191 convenienter
3213 4138 3439 4191 addidit.
3485 4136 3546 4191 Si

288 4249 460 4285 καιαν
482 4231 850 4300 ὲκερωνηθέντι
1028 4230 1126 4301 τὴν
1170 4231 1299 4300 περὶ
1362 4230 1455 4282 τοῦ
1499 4229 1656 4297 ἁγίου
1693 4228 1833 4283 Πνεύ

1969 4232 2114 4285 enim
2151 4232 2516 4299 praecedentes
2556 4232 2877 4298 apponendo
2907 4232 3383 4300 reprehensionem
3417 4229 3557 4282 cliu-

292 4339 470 4393 ματος
498 4321 775 4390 θεολογίαν
807 4323 1105 4392 προσθεῖσα
1144 4324 1505 4392 συνήρμοσεν.
1551 4322 1614 4375 Εἰ
1647 4322 1756 4390 γὰρ
1812 4340 1841 4375 α

1972 4323 2153 4391 giunt,
2192 4336 2369 4389 neque
2413 4321 2535 4375 illas
2572 4331 2771 4375 secuta:
2813 4322 2865 4375 in
2913 4321 3182 4376 similibus
3226 4320 3559 4375 dissimiliter

290 4411 670 4480 προλαϐοῦσαι
695 4413 1069 4482 προστιθεῖσαι
1095 4413 1186 4464 τὸν
1236 4412 1426 4482 μῶμον
1484 4410 1841 4480 ἐκφεύγουσιν

1979 4414 2406 4465 daumabuulur.
2459 4412 2550 4466 Sic
2601 4415 2824 4466 stultum
2871 4414 3092 4467 omnino
3145 4414 3460 4465 commiscet
3504 4420 3561 4466 et

291 4502 406 4557 οὐδ’
440 4504 497 4555 αἱ
522 4504 644 4573 μετ’
675 4503 843 4565 αὑτὰς
883 4505 941 4556 ὲν
967 4506 1079 4565 τοῖς
1107 4503 1314 4573 ὁμοίοις
1370 4502 1638 4573 ἀνομοίως
1693 4500 1841 4564 ἓξουο

1983 4506 2270 4558 convertit.
2320 4504 2589 4573 Ephesina
2636 4507 2832 4558 etenim
2867 4504 3103 4575 synodus
3142 4504 3298 4557 fidem
3336 4504 3557 4571 quidem

294 4595 403 4663 τὴν
434 4597 796 4663 κατάγνωσιν.
830 4595 986 4649 Οῦτω
1013 4597 1073 4648 τὸ
1096 4596 1138 4627 δι
1176 4595 1437 4650 ἀσύνετον
1483 4597 1660 4650 πάντα
1710 4592 1841 4663 φύρε

1977 4593 2178 4659 aliam,
2248 4592 2402 4662 cujus
2475 4596 2722 4663 dogmata
2802 4594 3076 4648 comraria
3146 4593 3377 4646 Nicaeum
3450 4594 3560 4646 sint

304 4688 407 4740 καὶ
433 4686 759 4759 διαστρέφει.
791 4689 902 4741 Καὶ
935 4690 1042 4758 γὰρ
1066 4690 1100 4758 ἡ
1122 4689 1179 4740 ὲν
1213 4688 1422 4758 Ἐφέσῳ
1451 4687 1666 4750 σύνοδος
1692 4686 1841 4738 πίστι

1946 4709 1951 4738 ›
1980 4686 2446 4757 synodo,omnino
2469 4688 2662 4755 exponi
2704 4688 2893 4741 vetuit.
2937 4687 3177 4740 Siuccris
3208 4701 3338 4739 vero
3365 4686 3417 4738 in
3460 4687 3561 4739 hac

310 4779 413 4848 μὲν
451 4779 661 4849 ἑτέραν,
698 4776 767 4852 ἦς
796 4782 1015 4835 ἐναντία
1059 4783 1129 4834 τὰ
1176 4781 1420 4851 δόγματα
1473 4782 1609 4853 πρὸς
1670 4779 1768 4848 τὴν
1818 4782 1841 4831 ὲ

1979 4778 2234 4840 servatis,
2266 4793 2389 4846 quas
2414 4780 2633 4833 occasio
2657 4779 2915 4848 postulat,
2947 4794 3219 4847 apponere
3252 4777 3396 4831 illius
3426 4793 3561 4845 opus

301 4868 513 4940 Νικαίᾳ
569 4870 880 4941 καθέστηκε
935 4870 1173 4935 σύνοδον,
1230 4871 1508 4934 παντελῶς
1556 4868 1841 4924 ὲκτίθεσθα

1976 4868 2097 4933 fuit,
2130 4878 2183 4922 et
2218 4884 2396 4924 rerum
2432 4883 2626 4925 natura
2648 4909 2664 4934 ,
2708 4881 2761 4925 et
2794 4870 3045 4925 Ecclesiae
3078 4871 3300 4925 traditio
3346 4870 3561 4923 videtur

300 4958 630 5027 διεκώλυσεν
661 4978 676 4992 ·
713 4962 1007 5033 ἀκηράτων
1029 4962 1087 5015 δὲ
1120 4961 1227 5015 τῶν
1261 4965 1319 5015 ὲν
1344 4958 1479 5031 αὐτῇ
1529 4962 1841 5031 σωζομένω

1980 4976 2198 5031 semper
2231 4964 2333 5017 hoc
2379 4962 2683 5017 adamasse.
2722 4964 2902 5029 Quare
2934 4974 2989 5018 et
3020 4965 3388 5025 Alexandriae,
3426 4978 3562 5015 nou-

304 5048 452 5121 ᾇπερ
481 5049 511 5101 ὁ
544 5053 736 5123 καιρὸς
769 5054 993 5107 ἁπαιτεί
1021 5053 1371 5123 προστιθέναι
1414 5053 1583 5120 αὐτῆς
1627 5069 1686 5105 τε
1720 5052 1841 5119 γέγς

1979 5055 2103 5115 dum
2156 5056 2494 5111 cecumenica
2545 5056 2777 5125 synodo-
2816 5067 3042 5120 coacta,
3089 5056 3326 5111 delectos
3384 5056 3435 5108 in
3496 5069 3561 5109 ea

305 5156 396 5194 νεν
412 5141 600 5211 ἔργον,
622 5145 841 5198 καὶτῶν
860 5147 1201 5215 πραγμάτων
1222 5147 1255 5214 ή
1286 5144 1447 5211 φύσις
1475 5144 1792 5207 διδάσκαλος
1810 5144 1841 5174 ⁸¹

1989 5146 2303 5201 sacerdotes
2354 5147 2544 5201 beatus
2589 5148 2825 5218 Cyrillus
2869 5163 3241 5220 congregans,
3290 5161 3345 5204 et
3404 5151 3562 5202 tidem

305 5231 539 5301 καὶτῆς
606 5235 935 5305 Ἐκκλησίας
982 5238 1175 5319 ὁρᾶται
1224 5235 1384 5289 τοῦτο
1414 5235 1744 5311 ,στέργουσα
1796 5234 1841 5286 δι

1993 5241 2251 5307 scriptam
2280 5240 2599 5307 disponens,
2635 5241 2702 5295 ad
2734 5240 3045 5295 Nestorium
3081 5243 3245 5295 misit.

304 5326 516 5389 παντὸς
543 5329 577 5397 ἡ
609 5328 1031 5399 παράδοσις.Διὸ
1057 5329 1313 5381 καὶκατὰ
1331 5329 1429 5397 τὴν
1454 5327 1880 5398 Ἀλεξάνδρειαν,
1922 5327 2075 5383 οῦπω
2138 5331 2236 5399 τῆς
2295 5333 2681 5402 οἱκουμενικῆς
2769 5333 2895 5404 [856
2918 5333 3012 5405 Β]
3100 5332 3564 5407 συγκροτηθείσης

307 5421 559 5483 συνόδου,
595 5424 718 5483 τοὺς
751 5427 807 5475 ὲν
824 5424 962 5493 αὐτῇ
980 5423 1024 5455 ⁸³
1051 5424 1161 5475 τῶν
1187 5423 1378 5491 ἱερέων
1421 5422 1651 5490 λογάδας
1689 5422 1717 5474 ό
1758 5421 2451 5497 Θεσπέσιοςάθροισάμενος
2505 5427 2791 5498 Κύριλλος,
2856 5430 2947 5482 καὶ
3009 5428 3191 5481 πίστιν
3244 5428 3564 5498 διαθέμενος

306 5513 614 5582 ἔγγραφον,
649 5514 724 5585 τῷ
751 5515 1027 5584 Νεστορίῳ
1060 5515 1416 5585 διεπέμψατο.

388 5616 416 5645 a
454 5603 608 5659 Ronn.
641 5620 716 5671 ιχ,
754 5607 805 5660 5.
914 5605 943 5644 ι)
974 5608 1131 5662 Rom.
1163 5624 1202 5672 ι,
1235 5610 1286 5663 5.
1595 5675 1826 5730 vam!”
1849 5671 2229 5729 LﬂcTIONES

393 5771 440 5806 ⁸⁸
470 5772 694 5845 ἆμαΔτ
730 5790 790 5829 τε
840 5790 901 5839 ς.
978 5773 1022 5806 ⁵³
1061 5775 1158 5845 τήν
1193 5790 1253 5827 τε
1279 5791 1389 5829 τετ.
1417 5791 1475 5839 ς.
1550 5776 1587 5807 ⁸³
1617 5775 1676 5828 τό
1714 5774 1757 5829 Α
1791 5792 1803 5829 :
1840 5774 1930 5826 τόν
1955 5788 2015 5834 ς.
2093 5771 2137 5803 δ’
2167 5767 2485 5833 διδάσκαλος
2546 5768 2667 5823 add.
2709 5766 2775 5820 A.
2854 5765 2900 5797 ⁸³
2925 5763 3061 5833 αὐτῇ
3093 5764 3172 5818 A:
3209 5761 3359 5833 αὐτῷ
3387 5776 3451 5827 ς.
