4004 6436
513 342 644 408 1051

507 540 740 596 llazresis
762 543 881 597 aliis
911 545 1427 612 reprehensionibus
1462 548 1723 604 insultare
1757 565 1863 603 non
1891 552 2079 604 erube-

506 636 629 700 scit,
663 636 849 690 dicens
886 636 1387 694 Chalcedonensem
1432 642 1701 710 synodum
1735 657 1859 696 cum
1895 642 2083 713 Cyrilli

505 727 689 780 verbis
717 743 973 796 pugnare.
1002 729 1097 783 llic
1120 731 1264 783 enim
1300 731 1353 784 in
1384 732 1631 800 epistolis
1657 732 1725 786 ad
1749 730 2082 788 Snccensum

506 827 561 870 et
594 818 720 871 alibi
756 820 1029 873 Christum
1067 836 1097 874 e
1127 823 1337 876 duabus
1372 825 1581 878 naturis
1616 824 1796 892 docet,
1834 825 1921 878 illa
1958 840 2086 879 vero

507 909 647 963 hanc
676 925 858 964 vocem
897 913 1178 981 expellens
1212 916 1347 969 duas
1375 924 1598 971 naturas
1631 918 1893 973 indivisas
1922 920 2087 973 vicis-

506 998 609 1051 sim
657 1002 959 1055 constituit.
1015 1004 1163 1057 Adeo
1218 1008 1540 1060 calumniari
1592 1022 1753 1076 quant
1799 1010 2085 1063 veritatem

508 1095 704 1147 sectari
736 1097 913 1149 studio
944 1097 1117 1163 magis
1148 1104 1231 1151 est
1262 1096 1553 1152 hazreticis.
1590 1099 1901 1153 Dioscorum
1938 1116 2088 1154 nam-

508 1201 614 1252 que
669 1186 721 1240 id
755 1188 894 1256 quod
928 1187 1123 1257 275b
1146 1204 1213 1242 ex
1244 1189 1453 1244 duabus
1486 1192 1694 1246 naturis
1728 1193 2086 1260 compositum

508 1285 629 1329 erat
676 1278 1069 1344 admittentem,
1114 1281 1246 1333 dnas
1274 1295 1407 1334 vero
1450 1290 1672 1336 naturas
1722 1294 2085 1351 recusantem,

509 1366 652 1436 quod
683 1366 1075 1439 Eutychianam
1108 1380 1321 1439 saperet
1358 1371 1612 1438 hmresin,
1656 1374 1895 1443 synodus
1926 1390 2088 1443 repu—

508 1460 695 1514 diavit.
728 1459 912 1529 Neque
951 1462 1274 1532 simpliciter
1308 1465 1586 1519 damnavit
1615 1465 1745 1520 illud
1780 1481 1846 1520 ex
1883 1460 2090 1522 duabus

508 1553 718 1606 naturis
757 1551 1033 1608 Christum
1067 1564 1335 1621 astruere,
1367 1557 1461 1610 sed
1484 1557 1668 1612 dicere
1691 1573 1815 1612 cum
1846 1557 2091 1628 Eutyche

507 1654 564 1698 et
598 1646 877 1700 Dioscoro.
907 1645 1009 1699 Per
1035 1647 1218 1701 dicere
1247 1648 1383 1703 duas
1416 1658 1640 1703 naturas
1672 1649 1934 1705 indivisas
1966 1666 2087 1705 cum

505 1737 599 1806 pio
642 1752 836 1801 sensu,
888 1737 1033 1791 illam
1078 1740 1244 1793 etiam
1282 1754 1349 1794 ex
1391 1741 1601 1795 duabus
1640 1742 1882 1807 naturis,
1927 1742 2089 1796 simul

1662 348 1927 409 PHOTII
1950 349 2458 410 PATRIARCHIE
2495 348 2600 409 (ΖΡ.

581 454 672 509 Sic
715 455 931 525 quidem
974 455 1163 525 ell'ugit
1202 456 1435 522 injustas
1469 460 1845 515 accusationes
1877 460 2071 529 pictas.
2104 468 2151 523 Α

2248 459 2538 529 Ἐκφεύγει
2565 463 2664 529 μὲν
2691 454 2783 510 οὖν
2808 457 2850 489 ³⁵⁵
2894 452 3037 510 οὕτω
3088 458 3187 521 τὰς
3220 457 3443 522 ἀδίκους
3501 459 3675 525 λαϐὰς
3718 465 3753 532 ἡ

2186 552 2438 605 εὐσέὂεια
2461 568 2475 582 ·
2504 551 2564 602 τὸ
2598 550 2871 619 αἱρετικὸν
2904 548 2960 602 δὲ
2991 548 3151 604 πάλιν
3170 551 3372 621 ἑτέροις
3393 551 3605 622 μώμοις
3629 557 3754 608 ἐπι..

2184 645 2360 715 πηδᾷν
2383 644 2482 695 οὐκ
2510 642 2846 711 αἰσχύνεται,
2876 642 2966 693 καί
3000 660 3160 713 φησιν
3182 642 3306 714 ὼςή
3330 645 3472 697 κατὰ
3525 646 3752 717 Καλχη-

2184 737 2312 789 δόνα
2346 736 2391 767 ⁸³
2422 734 2636 798 σύνοδος
2664 738 2778 798 τοῖς
2828 734 3098 804 Κυρίλλου
3128 735 3365 806 δόγμασι
3407 739 3657 807 μάχεται.
3699 741 3756 795 ’0

2191 828 2414 898 μὲνγὰρ
2447 827 2502 879 ἐν
2521 844 2581 878 τε
2630 830 2752 888 ταῖς
2780 826 2917 896 πρὸς
2956 826 3253 880 Σούκενσον
3302 830 3611 892 ἐπιστολαῖς
3665 833 3760 885 καὶ

2187 917 2420 987 ἀλλαχοῦ
2458 917 2513 969 δὲ
2533 917 2625 969 τὸν
2644 917 2877 986 Χριστὸν
2895 917 3211 986 δογματίζει
3228 920 3273 949 ⁸⁸
3314 921 3378 971 ἐκ
3404 919 3499 973 δύο
3520 921 3758 989 φύσεων,

2189 1011 2222 1077 ή
2258 1010 2314 1062 δὲ
2351 1010 2448 1078 τὴν
2469 1008 2724 1078 τοιαύτην
2764 1008 2947 1079 φωνὴν
2978 1010 3377 1075 όστρακίζουσα
3426 1012 3523 1064 δύο
3567 1012 3760 1081 φύσεις

2189 1100 2534 1170 ἀδιαιρέτους
2583 1100 3092 1170 ἀντεχειροτόνησεν
3122 1117 3135 1129 ·
3195 1100 3339 1155 οὕτω
3388 1103 3447 1155 τὸ
3488 1121 3761 1173 συκοφαν-

2188 1195 2303 1245 τεῖν
2339 1191 2433 1244 τοῦ
2458 1189 2743 1261 ἀληθεύειν
2774 1191 2910 1243 πολὺ
2960 1194 3027 1262 τῇ
3072 1193 3282 1262 αἱρέσει
3326 1194 3761 1265 σπουδαιότερον.

2190 1284 2301 1337 Kal
2331 1283 2437 1353 γὰρ
2460 1283 2749 1353 Διόσκορον
2775 1285 2809 1352 ἡ
2838 1282 3076 1348 σύνοδος,
3100 1284 3161 1336 τὸ
3195 1284 3261 1337 ἐκ
3288 1284 3381 1338 δύο
3417 1286 3516 1355 μὲν
3547 1286 3765 1354 φύσεων

2190 1373 2498 1442 δεχόμενον,
2541 1371 2661 1443 [451
2705 1372 2799 1444 Η.]
2820 1372 2881 1425 τὸ
2899 1372 2992 1426 δύο
3012 1373 3068 1426 δὲ
3099 1373 3287 1442 φύσεις
3310 1375 3410 1429 οὐκ
3438 1376 3765 1447 ἀνεχόμενον

2190 1465 2468 1530 δέξασθαι,
2500 1464 2575 1527 ὡς
2618 1465 2687 1516 τὰ
2709 1463 2803 1517 τοῦ
2834 1464 3109 1535 Εὐτυχοῦς
3164 1466 3428 1521 νοσοῦντα
3478 1467 3717 1522 διώσατο
3746 1486 3763 1499 ’

2192 1556 2287 1611 καὶ
2303 1557 2400 1626 οὐχ
2440 1554 2627 1618 ἁπλῶς
2656 1556 2952 1627 ἐξεκήρυξε
2980 1558 3040 1610 τὸ
3083 1559 3147 1611 ἐκ
3182 1558 3275 1611 δύο
3309 1559 3489 1628 λέγειν
3552 1560 3765 1629 φύσεων

2192 1649 2282 1701 τὸν
2306 1647 2570 1717 Χριστὸν,
2602 1647 2736 1700 ἀλλά
2768 1648 2830 1700 τὸ
2856 1649 3037 1717 λέγειν
3071 1649 3192 1703 κατ’
3238 1651 3483 1721 Εὑτυχέα
3509 1652 3604 1705 καὶ
3643 1652 3764 1705 Διό⁸

2195 1756 2416 1812 σκορον.
2449 1740 2547 1793 Διὰ
2578 1740 2758 1810 μέντοι
2776 1739 2872 1793 τοῦ
2902 1740 2995 1793 δύο
3028 1741 3219 1810 φύσεις
3257 1741 3599 1810 ἀδιαιρέτους
3629 1743 3766 1811 μετά

509 1828 833 1883 introduxit.
868 1829 1002 1896 Quia
1044 1831 1318 1901 Entyches
1354 1846 1385 1887 e
1428 1833 1637 1887 duabus
1676 1833 1815 1887 dixit
1855 1834 2085 1901 naturis,

2197 1832 2291 1902 τῆς
2319 1831 2577 1895 εὐσεϐοῦς
2599 1832 2841 1896 διανοίας
2876 1832 3058 1902 λέγειν
3096 1832 3268 1903 αὐτὴν
3314 1834 3411 1887 καὶ
3438 1835 3499 1895 τὸ
3562 1835 3627 1887 ἐκ
3677 1834 3767 1887 δύο

507 1920 673 1988 impie
699 1935 849 1986 vero,
875 1931 1111 1977 constat.
1144 1922 1257 1977 Non
1285 1923 1452 1992 igitur
1480 1933 1690 1993 gratam
1720 1924 1957 1995 aliquam
1989 1924 2090 1997 Cy-

510 2012 632 2065 rillo
660 2027 870 2079 vocem,
896 2015 990 2068 sed
1020 2013 1240 2083 impiam
1276 2016 1535 2087 Eutychis
1564 2019 1892 2072 sententiam
1922 2033 2090 2090 syno-

508 2104 610 2158 dus
635 2105 839 2173 rejecit.
865 2106 1077 2161 Etenim
1106 2110 1405 2161 secundum
1434 2111 1669 2163 medium
1690 2126 1877 2164 earum
1902 2127 2087 2166 rerum

509 2212 628 2264 qua:
649 2196 1150 2267 Chalcedone'gcsta
1176 2208 1321 2263 sunt,
1342 2200 1481 2255 lecta
1508 2201 1609 2255 fide
1630 2203 1805 2256 sancti
1826 2202 2089 2271 Flaviani,

511 2288 565 2342 in
595 2304 697 2356 qua
726 2290 1026 2357 scriptum:
1056 2288 1182 2343 Post
1210 2290 1627 2345 incarnationem
1651 2309 1677 2345 e
1704 2292 1909 2346 duabus
1937 2305 2093 2348 natu-

511 2382 584 2433 ris
621 2392 861 2436 constare
898 2382 1211 2449 conﬁtemur
1242 2382 1541 2445 Christum,
1574 2385 1629 2436 in
1663 2400 1767 2437 una
1797 2384 2090 2454 hpyostasi,

510 2490 718 2543 unaque
760 2490 999 2541 persona,
1031 2490 1191 2527 unum
1220 2474 1510 2540 Christum,
1551 2492 1713 2529 unum
1744 2475 1943 2529 Filium
1968 2493 2095 2530 con-

509 2567 737 2634 ﬁtentes,
779 2566 1103 2620 exclamavit
1149 2567 1431 2637 synodus,
1480 2571 1624 2638 ipsos
1652 2571 1731 2623 sic
1759 2570 1998 2634 sentire,
2039 2579 2094 2625 et

509 2658 731 2711 Patrum
762 2657 921 2711 tidem
950 2659 1089 2713 hanc
1118 2674 1240 2714 esse
1265 2674 1614 2729 cognoscere.
1651 2660 1929 2726 Quomodo
1965 2677 2094 2732 ergo

510 2749 629 2801 haec
659 2749 866 2814 dicens,
909 2749 991 2802 vel
1023 2765 1145 2803 cmn
1180 2749 1385 2820 Cyrillo
1420 2760 1640 2820 pugnat,
1678 2751 1760 2805 vel
1786 2764 2095 2808 asserentes

510 2842 600 2911 pie
642 2856 673 2896 c
723 2842 937 2896 duabus
980 2842 1191 2897 naturis
1236 2844 1557 2897 aversatur?
1600 2842 1727 2897 Hazc
1765 2859 2096 2914 persequens

511 2935 799 3003 episcopus
839 2933 1101 3001 Eulogius
1131 2944 1185 2990 et
1226 2936 1651 2991 admonitionem
1688 2936 1960 3006 praedictis
1997 2938 2095 2991 ad-

512 3025 670 3091 dens,
696 3028 761 3078 ad
803 3026 1056 3080 unionem
1096 3026 1353 3082 Ecclesia:
1382 3029 1689 3083 desertores
1727 3038 2093 3095 revocantem,

511 3117 755 3173 sermOni
789 3117 952 3171 linem
988 3117 1241 3187 imponit.

2192 1922 2408 1992 φύσεων
2446 1926 2864 1996 συνεισήγαγεν.
2899 1924 3021 1978 Ὅτι
3046 1925 3155 1995 γὰρ
3189 1925 3436 1996 Εὑτυχὴς
3465 1926 3528 1979 ἐκ
3550 1925 3642 1979 δύο
3671 1927 3767 1996 μὲν

2192 2017 2345 2086 ἔλεγε
2372 2020 2605 2087 φύσεων,
2634 2018 2912 2082 δυσσεϐῶς
2940 2019 3019 2084 δὲ,
3050 2019 3337 2090 πρόδηλον.
3361 2021 3437 2073 Οὐ
3466 2020 3643 2075 τοίνυν
3669 2021 3769 2090 τὴν

2193 2110 2468 2179 Κυρίλλου
2504 2111 2665 2181 φίλην
2699 2111 2904 2182 φωνὴν,
2933 2111 3070 2165 ἀλλὰ
3097 2110 3195 2181 τὴν
3223 2111 3497 2182 Εὐτυχοῦς
3570 2112 3763 2165 δυσσέ-

2193 2200 2346 2254 ϐειαν
2370 2204 2403 2271 ἡ
2440 2202 2659 2265 σύνοδος
2689 2202 3076 2274 ἀπεπέμψατο.
3105 2203 3216 2256 Kal
3239 2204 3344 2274 γὰρ
3374 2204 3468 2257 καὶ
3511 2204 3631 2256 κατ’
3675 2204 3768 2256 αὑ·

2191 2293 2334 2347 τὸτὸ
2368 2293 2531 2363 μέσον
2580 2294 2690 2347 τῶν
2733 2296 2792 2348 ἐν
2840 2294 3154 2364 Καλχηδόνι
3213 2296 3620 2365 πεπραγμένων
3672 2294 3769 2363 τῆς

2196 2386 2435 2447 πίστεως
2458 2387 2554 2439 τοῦ
2587 2389 2644 2440 ἐν
2674 2386 2851 2455 ἁγίοις
2891 2387 3190 2440 Φλαϐιανοῦ
3235 2386 3768 2457 ἀναγινωσκομένης,

2194 2479 2253 2532 ἐν
2403 2478 2733 2548 ἐγέγραπτο,
2769 2478 2874 2532 Ἐκ
2911 2477 3021 2531 δύο
3059 2477 3302 2546 φύσεων
3365 2476 3773 2545 ὁμολογοῦμεν

2194 2567 2351 2624 εἶναι
2380 2571 2487 2624 τόν
2512 2571 2773 2637 Χριστὸν
2817 2571 2967 2640 μετὰ
3012 2570 3130 2638 τὴν
3163 2568 3645 2637 ἐνανθρώπησιν,
3704 2566 3772 2620 ἐν

2190 2659 2299 2730 μιᾷ
2336 2661 2691 2726 ὑποστάσει,
2734 2662 2805 2713 ἐν
2854 2661 2947 2714 ἑνὶ
2981 2661 3305 2729 προσώπῳ,
3355 2660 3465 2713 ἕνα
3496 2659 3768 2727 Χριστὸν,

2194 2751 2303 2806 ἕνα
2340 2752 2478 2805 Υἱὸν
2506 2753 2968 2822 ὁμολογοῦντες,
3018 2756 3052 2824 ή
3105 2753 3322 2815 σύνοδος
3351 2752 3635 2821 ἐξεϐόησεν
3675 2752 3770 2802 αύ-

2195 2842 2325 2905 τούς
2360 2860 2419 2895 τε
2453 2843 2596 2895 οὕτω
2625 2846 2841 2912 φρονεῖν
2865 2843 2960 2896 καὶ
2986 2844 3092 2895 τῶν
3129 2844 3389 2913 Πατέρων
3420 2842 3601 2894 πίστιν
3633 2838 3772 2893 εἶναι

2195 2936 2399 3004 ταύτην
2432 2936 2781 2989 ἐπίστασθαι.
2815 2936 2941 2998 Πῶς
2965 2935 3056 2988 οῦν
3082 2936 3110 3003 ἶ]
3140 2935 3313 2987 ταῦτα
3337 2934 3573 3001 λέγουσα
3601 2932 3633 3001 ἢ
3659 2934 3773 2984 Κυ-

2200 3027 2365 3099 ρίλλῳ
2409 3027 2661 3096 μάχεται,
2713 3028 2746 3098 ἢ
2784 3029 2909 3090 τοὺς
2982 3027 3243 3095 λέγοντας
3285 3026 3524 3088 εὐσεϐῶς
3583 3026 3648 3077 ἐκ
3682 3024 3774 3077 δύο

2199 3121 2415 3189 φύσεων
2449 3121 2893 3191 ἀποστρέφεταις
2922 3121 3106 3174 Ταῦτα
3144 3120 3428 3184 διεξελθὼν
3458 3120 3501 3151 ⁸⁷
3532 3122 3561 3173 ό
3588 3119 3773 3190 ίεράρ-

514 3229 620 3285 χης
654 3210 934 3281 Εὐλόγιος,
970 3212 1065 3264 καὶ
1096 3211 1420 3282 παραίνεσιν
1454 3210 1593 3282 πρὸς
1654 3211 1853 3267 ἕνωσιν
1902 3210 2368 3283 ἐκκλησιαστικὴν
2398 3212 2527 3276 τοὺς
2597 3212 2893 3276 διεστῶτας
2952 3211 3378 3284 παρακαλοῦσαν
3441 3213 3554 3275 τοῖς
3623 3212 3778 3281 εἰρη-

515 3309 700 3378 μένοις
729 3308 960 3372 ἐπιθεὶς,
993 3312 1231 3379 περατοῖ
1258 3310 1350 3363 τὸν
1370 3309 1417 3340 ’⁸⁸
1452 3308 1634 3377 λόγον.

586 3401 843 3456 Proxima
906 3419 1125 3474 quoque
1188 3404 1365 3460 oratio
1424 3416 1614 3461 contra
1677 3405 2094 3462 calumniatores

2277 3399 2389 3453 Kal
2436 3399 2465 3451 ὁ
2499 3399 2697 3469 ἐφεξῆς
2719 3398 2775 3450 δὲ
2809 3396 2966 3465 λόγος
2992 3397 3132 3450 κατὰ
3160 3396 3267 3448 τῶν
3295 3393 3648 3461 συκοφαντῶν
3680 3392 3779 3461 τῆς

512 3492 973 3550 Chalcedonensis
1003 3497 1192 3566 synodi
1224 3498 1367 3552 serio
1394 3500 1538 3569 agit;
1578 3500 1749 3553 utitur
1775 3514 1906 3554 vero
1929 3499 2091 3552 ctiam

515 3586 607 3639 hic
642 3587 889 3655 exemplo
932 3587 1201 3652 hominis,
1248 3604 1354 3657 quo
1402 3592 1489 3658 pie
1533 3606 1661 3643 usus
1705 3600 1788 3644 est
1837 3588 2091 3658 Cyrillus,

514 3678 680 3744 impie
710 3692 834 3732 vero
857 3694 1055 3732 novum
1081 3679 1211 3747 quid
1242 3678 1467 3746 profert.
1498 3680 1709 3735 Asserit
1736 3695 1896 3733 unam
1937 3688 2098 3732 natu-

515 3783 632 3822 ram
662 3770 727 3822 de
763 3768 1002 3832 Christo,
1032 3771 1489 3839 quemadmodum
1522 3781 1578 3824 et
1609 3771 1675 3824 de
1715 3770 1935 3825 homine
1964 3770 2093 3824 dici.

514 3860 634 3913 Nisi
659 3870 928 3928 quatenus
964 3877 1061 3929 pro
1093 3861 1291 3931 pietate
1325 3862 1456 3930 agit,
1486 3872 1675 3915 contra
1716 3862 1888 3930 ipsam
1923 3863 2098 3929 magis

518 3964 745 4022 pugnat,
778 3955 907 4007 licet
938 3970 1042 4007 nun
1074 3955 1296 4010 sentiat.
1330 3955 1545 4008 Asserit
1578 3955 1721 4007 enim
1756 3954 1822 4008 de
1853 3954 2097 4008 dissimi-

515 4053 658 4107 libus
682 4054 945 4120 partibus,
971 4062 1139 4107 totum
1176 4054 1407 4121 partium
1439 4054 1750 4117 nominibus
1785 4070 1889 4108 non
1918 4050 2099 4108 nemi-

519 4144 660 4205 nari,
685 4144 779 4197 scd
811 4143 1028 4212 propria
1053 4144 1411 4212 appellatione
1443 4145 1684 4213 agnosci.
1736 4144 1792 4199 Si
1820 4160 1949 4198 vero
1972 4144 2097 4205 hoc,

517 4232 681 4286 unius
711 4248 835 4287 esse
862 4242 1218 4301 cognoscetur
1252 4243 1481 4295 natura},
1522 4232 1749 4287 literesis
1784 4233 1865 4285 sic
1894 4232 2099 4299 captio-

516 4338 643 4377 nem
695 4324 879 4378 nectit.
926 4321 1026 4376 llic
1072 4337 1204 4377 vero
1273 4321 1435 4376 Verbi
1500 4322 1799 4391 discipulus
1841 4320 2100 4389 Eulogius

515 4415 977 4486 vaniloquentiam
1029 4415 1173 4469 illius
1207 4415 1541 4485 redarguens
1585 4414 1807 4467 Patrum
1857 4414 2103 4468 testinioo

518 4508 646 4572 niis,
667 4509 901 4562 ostendit
932 4507 1148 4576 pr0prie
1172 4514 1228 4559 et
1262 4521 1388 4560 vere
1416 4521 1580 4558 unum
1604 4504 1892 4559 Dominum
1913 4503 2099 4559 Jesum

516 4602 792 4656 Christum
832 4610 886 4654 et
921 4598 1089 4654 Deum
1124 4598 1382 4668 appellari
1418 4605 1473 4652 et
1506 4597 1803 4652 hominem.
1843 4597 2021 4662 Quare
2054 4597 2100 4652 si

520 4692 574 4746 in
608 4694 807 4762 quibus
833 4703 1003 4747 totum
1034 4692 1267 4761 partium
1293 4691 1514 4745 nomina
1546 4706 1651 4744 non
1674 4688 1892 4758 recipit,
1927 4705 2101 4759 neque

2197 3494 2256 3545 ἐν
2287 3491 2594 3561 Καλχηδόνι
2649 3489 2868 3542 συνόδου
2902 3488 3002 3557 τὴν
3032 3488 3270 3556 σπουδὴν
3317 3485 3455 3555 ἔχει.
3505 3484 3779 3553 Γυμνάζει

2195 3587 2253 3639 δὲ
2280 3584 2560 3637 κάνταῦθα
2580 3583 2641 3635 τὸ
2673 3581 2815 3635 κατά
2850 3581 2943 3634 τὸν
2995 3580 3281 3647 ἄνθρωπον
3319 3577 3700 3648 παράδειγμα,
3730 3571 3777 3643 ᾧ

2196 3678 2468 3747 κέχρηται
2504 3677 2603 3746 μὲν
2651 3674 2921 3742 Κύριλλος
2946 3672 3210 3737 εὐσεὸῶς,
3266 3669 3532 3741 προφέρει
3564 3668 3615 3722 δὲ
3650 3668 3775 3721 δυσ-

2200 3771 2372 3833 σεϐῶς
2401 3770 2461 3822 τὸ
2484 3768 2782 3836 ἀλλόφυλον
2811 3783 2825 3797 ο
2863 3766 3128 3837 προφέρει
3152 3766 3261 3835 γὰρ
3294 3766 3381 3817 ἵνα
3425 3764 3556 3833 μίαν
3608 3761 3771 3829 φύσιν

2198 3863 2293 3916 ἐπὶ
2321 3861 2579 3931 Χριστοῦ,
2624 3861 2818 3928 ὥσπερ
2857 3858 2953 3911 καὶ
2984 3858 3077 3911 ἐπὶ
3107 3858 3200 3911 τοῦ
3258 3856 3571 3927 ἀνθρώπου,
3626 3854 3785 3922 λέγε-

2202 3955 2329 4008 σθαι
2357 3951 2681 4023 δογματίσῃ.
2720 3951 2866 4022 Πλὴν
2888 3950 2948 4016 ἐξ
2991 3942 3065 4003 ὧν
3113 3949 3253 4015 ὑπὲρ
3300 3947 3401 4017 τῆς
3456 3944 3718 4008 ἀσεϐείας
3739 3943 3784 3975 δ’

2202 4045 2515 4110 σπουδάζει,
2544 4043 2667 4097 κατ’
2697 4043 2866 4114 αὐτῆς
2899 4043 3121 4114 μᾶλλον,
3170 4040 3273 4093 κᾶν
3297 4040 3396 4092 οὐκ
3431 4036 3530 4109 ἔχῃ
3557 4034 3657 4105 τὴν
3695 4033 3783 4087 af-

2203 4139 2415 4208 σθησιν,
2448 4134 2807 4202 ἐξοπλίζεται.
2849 4135 3013 4203 Λέγει
3070 4133 3180 4203 γὰρ
3228 4132 3308 4194 ὡς
3374 4129 3470 4182 ἐπὶ
3523 4126 3633 4179 τῶν
3693 4126 3785 4178 ἀν-

2220 4229 2570 4300 ομοιομερῶν
2592 4229 2652 4280 τὸ
2700 4227 2819 4280 ὅλον
2862 4229 2985 4290 ταῖς
3030 4224 3138 4278 τῶν
3173 4222 3355 4294 μερῶν
3391 4217 3783 4291 προσηγορίαις

2201 4321 2302 4373 οὐκ
2337 4319 2684 4389 ὀνομάζεται,
2718 4316 2833 4370 ἀλλ’
2871 4313 3152 4386 ἱδιαζούσῃ
3186 4312 3379 4383 κλήσει
3409 4308 3781 4379 γνωρίζεται’

2203 4414 2326 4466 εἰδὲ
2346 4412 2527 4476 τοῦτο,
2579 4412 2675 4463 καὶ
2704 4411 2831 4480 μιᾶς
2882 4408 3264 4477 γνωσθήσεται
3300 4404 3539 4473 φύσεως.
3584 4396 3651 4454 Ἡ
3686 4398 3782 4470 μὲν

2203 4506 2417 4577 αἵρεσις
2445 4504 2587 4557 οὕτω
2606 4503 2912 4573 συμπλέκει
2934 4502 2995 4554 τὸ
3019 4501 3281 4569 σόφισμα,
3315 4500 3344 4550 ό
3392 4496 3450 4551 δὲ
3479 4494 3576 4548 τοῦ
3608 4494 3786 4561 Λόγου

2207 4599 2456 4670 μαθητὴς
2477 4596 2734 4664 Εὑλόγιος
2760 4596 2821 4647 τὸ
2847 4593 3211 4664 ματαιολόγον
3246 4589 3418 4658 αὐτῆς
3479 4584 3786 4654 ἐξελέγξας,

2205 4691 2504 4761 πατρικαῖς
2546 4688 2883 4741 ἐπιδείκνυσι
2940 4686 3275 4757 μαρτυρίαις
3334 4683 3540 4752 κυρίως
3584 4698 3646 4733 τε
3699 4680 3793 4733 καὶ

521 4799 627 4838 una
661 4784 955 4845 inducitur,
986 4784 1041 4837 in
1076 4784 1275 4852 quibus
1308 4791 1479 4836 totum
1511 4782 1746 4850 partium
1780 4780 2094 4849 appellatio-

2202 4780 2416 4846 ἀληθῶς
2451 4780 2543 4833 τὸν
2569 4780 2666 4833 ἕνα
2699 4779 2906 4849 Κύριον
2955 4775 3166 4846 Ἰησοῦν
3221 4774 3456 4845 Χριστὸν
3501 4772 3596 4824 καὶ
3658 4770 3793 4823 Θεὸν

521 4887 619 4927 nes
660 4874 877 4942 preprie
916 4874 1175 4944 suscipit;
1228 4873 1281 4927 in
1330 4872 1416 4928 his
1464 4873 1607 4927 enim
1652 4881 1709 4927 et
1748 4886 1854 4924 una
1904 4880 2101 4926 natura

521 4974 901 5033 cognoscetur.

2208 4872 2494 4925 καλεῖσθαι
2534 4875 2626 4925 καὶ
2656 4871 2968 4942 ἄνθρωπον,
3001 4868 3141 4921 ῶστε
3159 4869 3209 4920 εἰ
3243 4867 3325 4935 ἐφ’
3356 4860 3431 4919 ὧν
3464 4865 3523 4918 τὸ
3541 4864 3665 4918 ὅλον
3693 4862 3795 4924 τὰς

2207 4966 2317 5018 τῶν
2342 4967 2388 5000 ⁵ο
2424 4967 2609 5038 μερῶν
2638 4964 3014 5037 προσηγορίας
3069 4963 3130 5015 οὐ
3161 4961 3398 5031 δέχεται,
3430 4958 3540 5011 οὐδ’
3596 4957 3631 5026 ή
3688 4954 3787 5026 μία

523 5058 923 5124 συνεισάγεται,
952 5057 1037 5127 ἐφ’
1061 5049 1135 5111 ὧν
1152 5056 1215 5111 τὸ
1231 5057 1355 5111 ὅλον
1381 5058 1429 5091 δι
1461 5056 1570 5110 τῶν
1600 5054 1785 5126 μερῶν
1816 5055 1917 5118 τὰς
1950 5055 2176 5126 κλήσεις
2244 5058 2450 5131 κυρίως
2521 5059 2863 5129 ἀναδέχεται,
2917 5058 3005 5109 ἐπ’
3062 5053 3289 5108 ἐκείνων
3342 5053 3390 5085 ⁸³
3426 5050 3524 5104 καὶ
3578 5050 3613 5119 ή
3684 5048 3789 5119 μία

522 5145 685 5216 φύσις
721 5146 1262 5219 συνθεωρηθήσεται.

589 5242 770 5308 Quare
823 5244 1039 5314 sapiens
1094 5255 1287 5299 auctor
1346 5242 1565 5297 adducit
1616 5243 1798 5298 divum
1835 5243 2099 5312 Cyrillum

522 5335 759 5405 seipsum
814 5337 1221 5400 elucidantem,
1294 5336 1565 5404 quomodo
1638 5336 1837 5405 276a
1898 5344 1954 5390 et
2009 5352 2103 5390 cur

522 5427 771 5496 exemplo
806 5428 1044 5483 hominis
1071 5443 1203 5483 usus
1231 5426 1320 5482 sit.
1356 5425 1643 5482 Theodoro
1673 5428 1816 5481 enim
1852 5424 2101 5494 Mopsue-

2291 5243 2352 5296 Ὀ
2394 5241 2577 5311 μέντοι
2605 5258 2669 5310 γε
2700 5243 2863 5309 σοφδς
2888 5236 3241 5308 συγγραφεὺς
3268 5230 3613 5303 παράγειτδν
3647 5228 3789 5296 ἱερὸν

2210 5333 2484 5404 Κύριλλον
2515 5332 2896 5403 ἐρμηνεύοντα
2946 5329 3163 5396 ἑαυτὸν,
3187 5327 3334 5389 ὅπως
3383 5324 3477 5377 καὶ
3521 5322 3608 5390 ἐφ’
3629 5313 3677 5390 ᾧ
3711 5315 3790 5386 τῷ

2209 5426 2355 5481 κατὰ
2385 5427 2476 5478 τὸν
2504 5425 2790 5496 ἄνθρωπον
2839 5422 3114 5493 ἐχρήσατο
3170 5415 3603 5488 παραδείγματι.
3658 5409 3791 5461 Θεο-

1787 5586 2027 5642 VARIIE
2070 5584 2475 5642 LECTIONES.

623 5703 668 5736 “
705 5700 798 5758 οὖν
823 5704 943 5757 add.
980 5704 1045 5757 A.
1151 5703 1196 5736 ⁸⁸
1247 5712 1301 5757 et
1385 5701 1551 5765 infra,
1599 5700 1772 5754 Χαλκ.
1807 5702 1868 5753 Β.

2000 5698 2045 5728 ’⁵³
2068 5699 2133 5750 ἐκ
2159 5696 2255 5750 δύο
2282 5694 2596 5765 δογματίζει
2634 5710 2697 5765 ς.
2771 5693 2815 5765 ξ⁷
2848 5690 3020 5765 ταῦτα
3047 5690 3105 5744 δὲ
3152 5688 3285 5765 διεξ.
3325 5705 3385 5765 ς.
3419 5757 3433 5765 _
3466 5682 3512 5716 ⁸⁸
3540 5682 3632 5737 τὸν
3659 5676 3787 5735 add.

529 5774 573 5827 Δ
1169 5791 1183 5828 :
1226 5747 1345 5828 libri
1975 5747 2132 5825 "ciba."
2166 5747 2470 5821 ⁷⁵ἶτδ
2496 5747 2605 5821 οἶιι.
2632 5747 2695 5819 ῧ.
2775 5763 2819 5795 ⁸³
2847 5762 3071 5816 ἐκείνων
3106 5760 3216 5832 γὰρ
3246 5747 3363 5813 ’καὶ
3410 5757 3444 5825 ἡ
3489 5771 3548 5819 ς.
