4004 6460
236 371 381 437 1053

1225 369 1750 436 BIBLIOTHECA.
1789 395 1855 411 -‘-
1893 375 2058 436 COD.
2102 375 2372 440 CCXXX.

3346 380 3482 448 ιιιει

227 487 412 557 δώρου
451 483 559 556 γάρ
588 484 680 538 τοῦ
701 486 1079 554 Μοψουεστίας
1108 487 1168 541 τὸ
1208 489 1350 543 κατὰ
1370 489 1461 542 τὸν
1512 487 1798 560 ἄνθρωπον

1923 489 2018 544 :tize
2045 490 2340 545 humanum
2367 492 2674 560 exemplum
2701 493 3100 557 calumniante,
3133 505 3321 549 utnon
3351 511 3481 551 con-

229 578 672 640 ὲνδιαϐἀλλοντος
717 577 1066 650 παράδειγμα
1111 580 1187 643 ὡς
1235 581 1482 651 ὑπάρχον
1541 581 1619 650 τῷ
1658 580 1802 633 κατά

227 667 473 739 Χριστὸν
502 667 785 738 μυστηρίῳ
823 669 1182 740 ἀνάρμοστον,
1205 670 1378 734 οὕτως
1407 674 1465 724 ἐν
1524 670 1602 741 τῷ
1644 671 1800 738 λεγο-

233 762 392 832 μένῳ
421 761 627 831 πρώτῳ
654 762 806 831 τόμῳ
844 762 1213 832 ἀνθυποφέρει
1263 765 1292 817 6
1317 762 1582 833 Κύριλλος
1607 781 1621 794 ν
1655 765 1804 816 Ἕνα

227 855 338 907 καὶ
391 853 498 906 τὸν
547 854 734 906 αὑτὸν
788 853 933 906 ὄντα
980 854 1353 923 γινώσκομεν
1404 853 1501 908 καὶ
1553 855 1621 908 ἐκ
1656 855 1803 908 Θεοῦ

231 946 472 1011 Πατρός
503 942 710 1008 θεῒκῶς
763 942 888 1014 [857
924 944 1013 1015 R.]
1057 945 1158 999 καὶ
1189 945 1257 998 ἐκ
1315 946 1601 1013 γυναικὸς
1654 945 1806 998 κατὰ

232 1036 436 1102 σάρκα
469 1051 484 1064 ·
540 1035 877 1101 κεχρήμεθα
925 1035 994 1087 δὲ
1055 1034 1128 1102 τῇ
1175 1035 1284 1089 τοῦ
1329 1035 1806 1104 παραδείγματος

236 1127 426 1196 χρείᾳ,
463 1127 787 1194 τηροῦντες
815 1127 1125 1194 πανταχοῦ
1152 1125 1226 1195 τῇ
1271 1125 1484 1180 ἐνώσει
1529 1127 1596 1179 τὸ
1639 1126 1806 1181 ἀδιό-

241 1233 543 1282 σπαστον,
625 1219 724 1272 καὶ
783 1219 897 1282 τὴν
980 1219 1274 1287 διαίρεσιν
1344 1221 1806 1289 παρωθούμενοι.

259 1311 499 1373 Ἀκούεις
529 1311 617 1379 ἐφ’
646 1305 690 1378 ᾧ
711 1312 756 1343 ⁵³
791 1310 1058 1382 Κύριλλος
1091 1310 1510 1382 παραλαμϐάνει
1546 1313 1607 1364 τὸ
1630 1313 1810 1383 παρά-

246 1403 469 1471 δειγμα·
501 1403 563 1455 οὑ
617 1403 726 1474 γὰρ
765 1403 854 1456 ἴνα
903 1405 968 1458 σὺ
1035 1404 1163 1474 μίαν
1225 1406 1322 1458 τοῦ
1367 1405 1602 1476 Χριστοῦ
1649 1406 1811 1475 φύσιν

244 1491 375 1563 [452
407 1490 498 1562 Η.]
539 1491 956 1563 καινολογήσῃς,
989 1492 1102 1546 ἀλλ’
1148 1493 1234 1545 ἵνα
1275 1492 1550 1563 Θεόδωρος
1580 1493 1673 1546 καὶ
1702 1493 1810 1545 Na-

241 1583 903 1654 στόριοςκαταισχυνθῶσι
932 1586 999 1655 τῇ
1028 1583 1121 1636 τοῦ
1147 1585 1591 1655 παραδείγματος
1625 1584 1804 1655 χρεία,

235 1675 537 1746 τηροῦντος
559 1675 654 1729 τοῦ
692 1675 838 1746 ἱεροῦ
869 1674 1139 1745 Κυρίλλου
1180 1679 1248 1747 τῇ
1298 1675 1489 1730 ἐνώσει
1542 1675 1605 1729 τὸ
1636 1676 1813 1746 ἄτμη-

233 1767 336 1821 τόν
368 1783 428 1820 τε
458 1768 552 1821 καὶ
581 1767 971 1822 ἀδιάσπαστον.
1025 1770 1098 1821 Σὺ
1132 1769 1179 1821 δ’
1229 1770 1360 1832 ίσως
1393 1767 1703 1822 ἀκολουθῶν
1731 1765 1810 1838 τῷ
1841 1794 1884 1849 Β

236 1859 798 1929 παραδείγματιούδὲ
823 1860 958 1913 Θεὸν
983 1861 1105 1914 οὐδὲ
1145 1859 1431 1930 ἄνθρωπον
1467 1859 1673 1929 κυρίως
1731 1860 1812 1912 εἰ-

239 1951 374 2004 πεῖν
405 1950 664 2020 ἀνάσχοιο
688 1951 757 2004 ἂν
786 1950 879 2004 τὸν
927 1951 1182 2023 Χριστὸν,
1236 1951 1370 2005 διότι
1392 1952 1514 2005 οὑδὲ
1547 1951 1576 2002 6
1605 1950 1807 2020 ἅνθρω-

241 2054 374 2103 πος,
399 2038 462 2092 τὸ
480 2040 855 2110 παράδειγμα,
891 2041 1013 2093 οὕτε
1041 2041 1198 2112 σῶμα
1224 2041 1429 2111 κυρίως
1457 2041 1581 2095 οὔτε
1641 2042 1810 2113 ψυχὴ,

239 2133 293 2184 εί
319 2130 367 2164 ⁵⁸
387 2131 620 2202 ὲκόιάσῃ
647 2133 820 2186 ταῦτα
849 2133 1030 2202 λέγειν
1058 2135 1240 2198 αὑτὸν,
1269 2134 1400 2187 διότι
1422 2135 1513 2188 ἐπὶ
1535 2135 1636 2206 τῆς
1667 2135 1810 2189 κατά

245 2224 485 2294 Χριστὸν
509 2225 822 2297 ἀπορρήτου
846 2227 1115 2291 ὲνώσεως,
1149 2227 1209 2292 ἐξ
1229 2223 1303 2283 ὧν
1319 2227 1480 2292 αὑτὸς
1509 2228 1814 2297 σύγκειται,

246 2316 421 2369 ταῦτα
451 2317 668 2387 κυρίως.
688 2317 926 2385 λέγεται.
954 2321 1027 2372 Ού
1057 2319 1258 2384 τοίνυν,
1301 2321 1405 2374 κᾶν
1443 2322 1472 2373 6
1532 2319 1819 2392 ἄνθρωπος

248 2413 383 2480 μιᾶς
410 2412 624 2480 λέγοιτο
653 2413 888 2481 φύσεως,
925 2414 1102 2478 οὐδεὶς
1149 2414 1470 2478 ἀκολουθίας
1522 2415 1819 2483 ἀπαιτήσει

241 2504 409 2571 λόγος
442 2505 540 2558 καὶ
589 2504 682 2558 τὸν
741 2504 975 2572 Χριστὸν
1011 2507 1142 2575 μιᾶς
1200 2505 1468 2576 ὑπάρχειν
1523 2507 1611 2558 διά
1661 2505 1822 2558 τοῦτο

239 2595 489 2664 φύσεως.
521 2597 612 2649 Διὸ
634 2596 729 2648 καὶ
754 2596 1022 2667 Κύριλλον
1048 2598 1092 2630 ⁸⁵
1117 2597 1208 2650 τὸν
1235 2597 1534 2667 θαυμάσιον
1563 2597 1692 2666 μίαν
1724 2597 1822 2667 μὲν

233 2689 340 2738 τὸν
387 2686 672 2758 ἄνθρωπον
723 2686 886 2753 φύσιν
944 2688 1202 2758 εὑρήσεις
1268 2687 1518 2756 λέγοντα,
1586 2687 1716 2756 μίαν
1765 2688 1823 2740 δὲ

238 2776 413 2844 φύσιν
443 2777 661 2829 εἰπόντα
687 2777 779 2828 τοῦ
819 2778 1055 2844 Χριστοῦ
1089 2778 1189 2829 οὑκ
1223 2777 1287 2830 ἂν
1331 2779 1610 2848 φωρέισῃς.
1660 2777 1721 2828 Et
1765 2777 1824 2829 δέ

236 2885 335 2931 τις
361 2867 456 2920 δύο
485 2867 675 2936 φύσεις
699 2868 932 2921 δέδοικεν
958 2871 1150 2930 εἰπεῖν,
1191 2868 1277 2920 ἵνα
1306 2869 1379 2938 μὴ
1398 2868 1661 2937 διαίρεσιν
1697 2885 1825 2920 συν-

240 2957 470 3029 εισάξῃ,
521 2958 737 3028 πρῶτον
770 2959 869 3028 μὲν
909 2957 1082 3021 οὑτως
1111 2958 1298 3020 ἁπλῶς
1332 2957 1466 3027 μηδὲ
1497 2957 1706 3025 λεγέτω
1734 2957 1828 3010 δύο

246 3052 471 3120 φύσεις,
495 3050 836 3120 προσ-τιθέτω
869 3050 925 3103 δὲ
944 3051 1004 3102 τὸ
1034 3049 1360 3120 ἀδιαίρετον,
1391 3046 1510 3101 εἶτα
1537 3047 1829 3118 συνομολο-

1905 584 2128 637 veniens
2150 582 2348 637 Christi
2381 586 2656 652 mysterio,
2682 587 2761 640 sic
2788 595 2843 639 et
2876 587 2936 641 in
2969 587 3113 640 dicto
3148 595 3292 640 tomo
3335 585 3353 639 Ι
3401 602 3483 641 re-

1903 681 2107 742 pugnat
2127 672 2388 743 Cyrillus:
2415 671 2590 727 Unum
2621 683 2670 726 et
2703 675 2947 728 eumdem
2971 692 3082 729 esse
3099 676 3483 744 cognoscimus,

1903 773 1948 816 et
1970 779 1998 816 e
2028 762 2132 816 Deo
2164 761 2325 816 Patre
2363 765 2538 817 divine
2570 773 2617 816 et
2640 781 2667 818 e
2687 766 2904 818 muliere
2935 767 3224 819 secundum
3248 781 3482 818 carnem.

1907 851 1952 906 U
1960 855 2118 907 timur
2148 867 2320 908 autem
2352 854 2618 924 exemplo,
2654 867 2922 909 servantes
2946 858 3136 925 ubique
3165 856 3358 909 unione
3395 873 3484 910 m-

1907 943 2186 1006 divulsum,
2214 944 2517 1020 divisionem
2542 943 2854 1011 rejicientes.
2882 945 3058 998 Audis
3080 947 3222 997 unde
3243 945 3483 1014 Cyrillus

1905 1037 2209 1103 exemplum
2242 1047 2459 1088 sumat:
2501 1051 2606 1089 non
2636 1040 2781 1089 enim
2819 1045 2878 1090 ut
2913 1047 2967 1090 tu
2992 1053 3152 1090 unam
3186 1038 3240 1091 in
3266 1037 3487 1092 Christo

1905 1134 2155 1180 naturam
2181 1141 2316 1179 nove
2339 1126 2527 1194 ﬁngas,
2554 1142 2738 1180 verum
2771 1137 2832 1181 ut
2857 1125 3183 1181 Theodorus
3209 1136 3264 1181 et
3292 1125 3484 1182 Nesto-

1911 1217 2023 1271 rius
2063 1217 2337 1286 pudeﬁaut
2375 1219 2609 1287 exempli
2658 1234 2754 1273 usu
2800 1226 3058 1272 servante
3085 1219 3244 1272 beato
3285 1217 3490 1290 Cyrillo

1908 1307 2109 1361 unione
2162 1308 2418 1362 sectionis
2467 1323 2659 1378 expers
2705 1319 2762 1363 et
2813 1309 3170 1365 indivulsum.
3225 1311 3304 1365 Tu
3356 1326 3489 1365 vero

1911 1397 2136 1452 forsitan
2176 1400 2478 1467 exemplum
2506 1410 2746 1466 secutus,
2775 1417 2954 1471 neque
2982 1403 3149 1456 Deum
3181 1417 3354 1472 neque
3385 1403 3487 1457 ho-

1913 1490 2110 1545 minem
2135 1491 2352 1560 proprie
2375 1492 2558 1546 dicere
2587 1494 2860 1548 sustineas
2889 1494 3144 1548 eumdem
3177 1490 3488 1548 Christum?

1911 1581 2044 1648 Quia
2074 1599 2246 1654 neque
2278 1585 2438 1638 homo
2459 1584 2791 1653 exemplum,
2819 1601 2998 1654 neque
3023 1600 3219 1656 corpus
3243 1587 3484 1656 proprie,

1913 1689 2088 1745 neque
2108 1676 2312 1740 anima,
2342 1676 2384 1730 si
2412 1692 2574 1747 cogas
2603 1691 2724 1731 eum
2757 1679 2871 1731 haec
2900 1677 3081 1732 dicere
3107 1696 3121 1732 :
3149 1678 3493 1747 quandoqui-

1913 1767 2032 1821 dem
2063 1767 2130 1821 de
2159 1767 2356 1822 unione
2393 1767 2653 1822 ineﬂabili
2687 1770 2739 1824 in
2769 1767 3015 1831 Christo,
3043 1769 3186 1823 unde
3213 1769 3328 1838 ipse
3359 1785 3491 1823 con-

1915 1866 2057 1925 stat,
2099 1860 2323 1931 prOprie
2352 1860 2468 1914 haec
2495 1861 2772 1916 dicuntur.
2817 1859 2937 1915 Non
2973 1861 3136 1932 igitur
3163 1861 3290 1916 licet
3332 1862 3496 1915 homo

1915 1951 2076 2006 unius
2132 1953 2341 2006 dicatur
2408 1963 2661 2017 naturae,
2723 1952 2829 2006 ulla
2884 1954 3294 2022 consequentiae
3353 1953 3494 2006 ratio

1916 2044 2114 2111 exiget,
2145 2051 2198 2096 et
2235 2043 2511 2098 Christum
2540 2043 2705 2098 unius
2749 2059 2871 2098 esse
2895 2045 3022 2099 ideo
3057 2055 3282 2098 naturas.
3313 2045 3497 2110 Quare

1917 2143 1972 2187 et
1995 2130 2367 2188 admirandum
2392 2134 2538 2187 illum
2567 2135 2849 2205 Cyrillum,
2881 2151 3044 2192 unam
3073 2137 3290 2206 quidem
3322 2135 3498 2190 homi-

1919 2239 2043 2278 nem
2081 2235 2412 2278 asserentem
2460 2234 2708 2278 naturam
2762 2226 3027 2290 invenies,
3074 2241 3234 2280 tlllalll
3266 2241 3393 2280 vero
3414 2225 3500 2279 di-

1919 2326 2130 2370 centem
2163 2316 2366 2371 Christi
2391 2332 2496 2371 non
2532 2315 2929 2385 deprehendes.
2965 2315 3022 2370 Si
3057 2330 3185 2370 vero
3215 2316 3350 2369 duas
3377 2314 3500 2383 quis

1920 2418 2140 2464 naturas
2169 2417 2375 2462 metuat
2398 2409 2600 2471 dicere,
2630 2424 2696 2462 ne
2725 2408 3048 2463 divisionem
3077 2407 3298 2461 inducat
3322 2424 3335 2460 :
3380 2407 3496 2474 pri-

1923 2517 2070 2553 mum
2104 2502 2321 2572 quidem
2368 2503 2503 2554 adeo
2546 2500 2908 2569 simpliciter,
2953 2515 3128 2567 neque
3173 2499 3315 2553 dicat
3363 2499 3500 2552 duas

1923 2600 2178 2656 naturas,
2225 2599 2460 2659 apponat
2507 2604 2635 2643 vero
2675 2589 2957 2653 indivisas,
2989 2589 3182 2642 deinde
3234 2586 3498 2642 conﬁtea-

1925 2695 2012 2736 tur
2036 2692 2090 2736 et
2116 2699 2273 2735 unam
2306 2681 2700 2752 hypostaticam
2728 2695 3038 2749 personam,
3069 2689 3124 2733 et
3148 2694 3310 2732 unam
3334 2679 3504 2748 hypo-

1925 2777 2135 2831 stasin:
2167 2784 2259 2828 aut
2296 2774 2510 2828 illorum
2541 2773 2677 2836 loco,
2719 2773 2763 2826 si
2794 2773 2917 2841 quis
2951 2771 3114 2836 volet,
3147 2786 3308 2823 unam
3335 2769 3503 2824 Verbi

1927 2879 2171 2922 naturam
2201 2867 2560 2921 incantatam.
2587 2863 2700 2919 Hoc
2726 2865 2891 2935 igitur
2915 2866 2980 2918 ad
2999 2873 3306 2918 accuratam
3324 2877 3506 2916 alnus.

1927 2960 2027 3013 sim
2063 2959 2232 3023 dicto,
2267 2956 2503 3029 Cyrillus
2534 2971 2710 3026 neque
2738 2956 3151 3010 accusatoribus
3181 2955 3384 3023 praebet
3413 2969 3509 3009 oc-

1928 3051 2201 3106 casionem
2259 3051 2417 3120 quasi
2473 3049 2678 3104 divisas
2732 3049 2936 3103 docens
2996 3059 3240 3102 naturas.
3292 3046 3506 3101 Etenim

247 3142 426 3209 ’γείτω
451 3141 546 3194 καὶ
571 3141 628 3194 ἓν
650 3143 697 3173 ⁸⁸
734 3143 857 3195 καθ’
886 3141 1182 3194 ὑπόστασιν
1213 3137 1502 3212 πρόσωπον
1555 3141 1651 3194 καὶ
1692 3140 1822 3210 μίαν

1929 3144 2295 3200 Orientalibus
2344 3143 2476 3197 duas
2514 3150 2737 3195 naturas
2777 3141 3117 3206 dicentibus,
3151 3155 3204 3194 et
3236 3141 3358 3194 aliis
3389 3140 3510 3194 illos

248 3231 640 3301 ὑπόστασιν,ἤ
671 3231 786 3286 ἀντ’
823 3230 1036 3295 αὐτῶν,
1074 3232 1123 3283 εί
1155 3230 1332 3300 βούλει
1357 3231 1423 3296 ⁵⁷,
1457 3229 1518 3282 τὸ
1551 3229 1681 3300 μίαν
1731 3229 1827 3283 τοῦ

241 3321 431 3390 Λόγου
467 3321 628 3389 φύσιν
689 3322 1138 3392 σεσαρκωμένην.
1181 3319 1367 3373 Ταῦτα
1420 3320 1529 3388 γὰρ
1571 3321 1600 3373 6
1655 3319 1830 3386 λέγων

246 3413 399 3468 κατὰ
427 3411 518 3466 τὸν
555 3411 810 3482 γνώμονα
835 3413 937 3482 τῆς
969 3412 1256 3482 ἀκριϐείας
1308 3411 1578 3482 Κύριλλον
1627 3411 1728 3462 οὐκ
1763 3410 1830 3464 ἂν

245 3506 381 3560 οὑδὲ
410 3505 773 3574 συκοφάνταις
809 3503 1078 3572 παράσχοι
1105 3502 1155 3534 ⁸⁸
1190 3501 1362 3571 λαϐὴν
1417 3501 1492 3564 ὡς
1558 3501 1828 3571 διαίρεσιν

245 3597 591 3666 δογματίσας
623 3594 733 3648 τῶν
760 3593 998 3663 φύσεων.
1032 3592 1140 3647 Καὶ
1175 3592 1285 3664 γάρ
1313 3592 1408 3645 καὶ
1444 3592 1554 3646 τῶν
1570 3594 1614 3624 ⁵⁰
1638 3594 1832 3646 ἀνατο-

243 3690 425 3744 λικῶν
449 3688 543 3742 δύο
564 3688 757 3757 φύσεις
793 3686 1078 3751 εἰπόντων,
1115 3686 1211 3739 καὶ
1243 3687 1600 3754 συκοφαντεῖν
1633 3685 1832 3748 αὐτοὺς

249 3786 331 3847 ὡς
357 3782 701 3853 διαιροῦντας
723 3780 926 3850 ἐτέρων
978 3778 1333 3847 κινηθέντων,
1390 3778 1528 3848 πρὸς
1570 3777 1827 3830 Ἀκάκιον

253 3875 508 3944 γράφων,
534 3871 722 3942 ἐπειδὴ
749 3871 886 3940 μετά
917 3869 1010 3922 τοῦ
1034 3869 1210 3922 εἰπεῖν
1245 3869 1339 3921 δύο
1373 3869 1564 3937 φύσεις
1621 3869 1716 3921 καὶ
1772 3866 1834 3920 τὸ

255 3964 563 4034 ἀδιαίρετον
595 3962 838 4032 συνῆψαν
866 3961 961 4014 καὶ
996 3961 1054 4012 ὲν
1082 3959 1162 4012 ἐνὶ
1198 3961 1293 4012 καὶ
1324 3960 1402 4028 τῷ
1433 3957 1582 4028 αύτῷ
1612 3957 1834 4028 Χριστῷ

249 4056 359 4118 τὰς
386 4054 480 4106 δύο
521 4052 713 4122 φύσεις
745 4053 878 4123 ὁρᾷν
908 4051 1295 4121 ὡμολόγησαν,
1345 4050 1510 4102 τέκνα
1562 4050 1658 4120 μὲν
1713 4049 1834 4101 δια-

250 4147 416 4200 ϐόλου
443 4147 567 4210 τοὺς
605 4144 950 4212 συκοφάντας
993 4142 1305 4211 ἀποφαίνει,
1335 4144 1464 4206 τοὺς
1499 4142 1556 4194 δὲ
1597 4142 1838 4212 διομολο-

247 4239 489 4308 γοῦντας
512 4237 654 4291 κατά
683 4236 746 4288 τὺ
771 4235 1028 4305 φρόνημα
1057 4233 1164 4287 τῶν
1186 4233 1525 4287 ἀνατολικῶν
1575 4233 1836 4287 ἀδύνατόν

246 4347 393 4383 ποτε
423 4329 690 4401 διαίρεσιν
727 4328 989 4395 εἰσάγειν.
1045 4327 1188 4396 Ὅρα
1239 4326 1295 4378 δὲ
1327 4325 1422 4378 καὶ
1487 4325 1827 4389 Ἀθανάσιον,

244 4417 351 4476 οἷα
370 4420 614 4491 περὶτῆς
639 4418 1106 4489 ὲνανθρωπήσεως
1129 4415 1222 4470 τοῦ
1244 4416 1421 4484 Λόγου
1440 4417 1666 4485 γράφων
1696 4417 1838 4470 κατά

1931 3234 2310 3288 accusantibus
2381 3230 2534 3302 quasi
2567 3231 2795 3284 alteram
2837 3231 2906 3285 ab
2930 3230 3097 3285 altera
3143 3233 3405 3296 dividant,
3437 3230 3508 3286 ad

1929 3326 2188 3380 Acacium
2228 3326 2438 3380 scribit.
2469 3323 2698 3392 Quando
2735 3326 2872 3379 duas
2913 3335 3132 3378 naturas
3173 3325 3422 3388 dicendo,
3451 3332 3510 3380 et

1932 3418 2265 3472 individuum
2296 3415 2618 3486 adiunxere,
2645 3424 2699 3468 et
2731 3415 2782 3467 in
2815 3429 2924 3469 uno
2960 3417 3260 3483 eodemque
3289 3415 3510 3470 Christo

1932 3509 2066 3561 duas
2097 3517 2318 3561 naturas
2348 3523 2408 3561 se
2441 3507 2626 3562 videre
2657 3506 2837 3560 testati
2873 3516 2998 3560 sunt
3028 3524 3042 3559 :
3072 3508 3511 3562 contradicentes

1933 3599 2166 3653 ﬁliorum
2204 3598 2405 3652 diaboli
2435 3598 2556 3652 loco
2587 3607 2756 3651 tenet.
2790 3598 2893 3665 Qui
2925 3612 3053 3651 vero
3085 3598 3225 3651 idem
3267 3599 3515 3652 sentiunt

1939 3690 2083 3758 quod
2130 3687 2458 3749 Orientales,
2489 3688 2820 3755 impossibile
2861 3697 2944 3741 est
2987 3687 3275 3757 aliquando
3301 3688 3518 3742 divisio-

1932 3797 2054 3836 nem
2102 3781 2376 3835 inducere.
2431 3780 2563 3834 Vide
2610 3780 2773 3834 etiam
2823 3780 3218 3844 Athanasium,
3282 3795 3401 3849 quae
3444 3781 3514 3833 de

1935 3874 2313 3929 incarnatione
2363 3872 2522 3927 Verbi
2575 3874 2820 3926 scribens
2861 3882 3048 3925 contra
3102 3872 3518 3942 Apollinaristas

1935 3966 2178 4034 exponit.
2205 3964 2340 4018 Cum
2370 3967 2512 4018 enim
2544 3964 2674 4018 dicit
2703 3978 2800 4031 per
2849 3949 3045 4033 276ίὶ
3078 3974 3326 4032 utraque,
3357 3977 3518 4018 nemo

1935 4058 2369 4113 Christianorum
2392 4057 2703 4125 suspicatus
2725 4066 2810 4110 est
2834 4070 2930 4122 per
2952 4055 3270 4108 dualitatem
3294 4054 3520 4108 divisio-

1937 4166 2060 4205 nem
2091 4149 2228 4202 ὕοι-ἰ.
2263 4148 2400 4202 Dicit
2424 4163 2549 4202 vero
2573 4163 2587 4200 :
2609 4146 2716 4202 Sed
2733 4147 2825 4216 qui
2845 4155 2917 4200 est
2941 4158 3133 4199 natura
3165 4147 3330 4212 Deus,
3362 4161 3516 4214 gene-

1938 4246 2088 4289 ratur
2109 4237 2282 4300 liomo,
2306 4245 2362 4288 ut
2391 4246 2611 4305 utraque
2631 4236 2737 4288 sint
2761 4251 2895 4287 unus
2923 4235 3202 4304 perfectus,
3221 4251 3312 4304 per
3333 4235 3518 4287 omnia

1937 4329 2075 4382 idem
2116 4330 2273 4391 Deus,
2303 4336 2354 4381 et
2383 4332 2555 4381 homo.
2598 4327 2702 4382 Sed
2741 4338 2794 4382 et
2829 4325 3123 4395 Gregorius
3157 4338 3518 4396 cognomento

1940 4421 2244 4489 Theologus
2279 4421 2329 4473 in
2361 4421 2692 4489 Apologelico
2722 4421 2836 4473 ait:
2870 4418 3274 4490 IIocpxinanila
3327 4420 3520 4484 deitas,

246 4519 370 4566 τῶν
402 4511 472 4564 τὰ
528 4509 908 4580 Ἀπολιναρίου
975 4507 1275 4561 νοσούντων
1306 4507 1602 4561 ἐκτίθεται.
1645 4507 1823 4575 Λέγωι

1940 4515 2036 4565 hoc
2061 4523 2328 4578 assumpta
2355 4527 2478 4564 caro
2497 4552 2512 4576 ,
2557 4511 2652 4564 hoc
2687 4527 2816 4563 nova
2850 4510 3023 4562 mistio
3043 4550 3059 4576 ,
3091 4510 3230 4563 Deus
3261 4519 3311 4563 et
3339 4512 3520 4574 homo,

252 4606 376 4674 γὰρ
406 4605 492 4658 διά
514 4604 608 4659 τοῦ
639 4605 876 4675 ἑκάτερα
905 4602 967 4655 τὸ
995 4603 1087 4656 δύο
1117 4603 1249 4674 παρ’
1283 4601 1497 4663 οὐδενὸς
1529 4600 1638 4654 τῶν
1677 4601 1835 4652 εὑσε-

256 4697 382 4749 δῶν
411 4697 646 4765 εἰσάγειν
676 4697 950 4768 ὑπενοήθη
970 4696 1256 4766 διαίρεσιν.
1287 4693 1450 4760 Λέγει
1484 4692 1542 4744 δέ
1566 4709 1580 4722 ·
1615 4692 1774 4745 Ἀλλ’
1805 4694 1838 4745 d

254 4770 353 4842 ὧν
376 4789 552 4856 φύσει
581 4790 724 4855 Θεὸς
747 4788 1028 4859 γεννᾶται
1063 4787 1396 4854 ἅνθρωπος,
1429 4786 1531 4839 ἵνα
1567 4780 1655 4850 εἷς
1687 4779 1729 4856 ᾖ
1755 4784 1840 4852 ,τὰ

251 4879 516 4948 ἑκάτερα
540 4881 789 4947 τέλειος,
818 4880 968 4934 κατὰ
993 4879 1192 4932 πάντα
1217 4877 1362 4943 Θεὸς
1393 4877 1495 4931 καὶ
1526 4877 1839 4944 ἅνθρωπος

253 4976 292 5025 ό
323 4964 712 5037 αὐτός-,Καὶὸ
735 4972 998 5040 Θεολόγος
1041 4971 1099 5024 δὲ
1142 4969 1441 5040 Γρηγόριος
1477 4970 1536 5021 ὲν
1570 4967 1837 5039 τῷἊπο-

253 5066 338 5117 .10
349 5062 562 5132 mtth
587 5083 720 5135 φησι
745 5081 759 5094 ·
787 5064 969 5120 Τοῦτο
991 5064 1030 5130 ἡ
1053 5060 1382 5116 κενωθεῖσα
1405 5060 1636 5126 θεότης,
1660 5059 1838 5112 τοῦτο

250 5155 298 5224 ἡ
345 5156 808 5226 προσληφθεῖσα
867 5155 1046 5224 σὰρξ,
1099 5153 1278 5207 τοῦτο
1324 5149 1363 5218 ἡ
1425 5149 1606 5218 καινὴ
1654 5151 1838 5218 μίξις,

251 5247 414 5312 Θεὸς
445 5249 542 5301 καὶ
569 5248 902 5316 ἅνθρωπος,
954 5245 1024 5299 ἓν
1055 5245 1126 5300 ἐκ
1177 5242 1370 5307 δυοῖν,
1426 5241 1527 5295 καὶ
1582 5240 1658 5294 δι’
1700 5240 1840 5306 ἐνὸς

1942 4623 2104 4658 nnum
2147 4620 2174 4657 e
2209 4603 2445 4667 duobus,
2474 4613 2521 4656 et
2561 4619 2652 4670 per
2690 4617 2852 4655 unum
2891 4612 3132 4671 utraque.
3168 4600 3234 4654 Et
3275 4615 3408 4656 sane
3451 4603 3520 4657 ad

1943 4694 2285 4750 Valerianum
2348 4695 2517 4749 lcouii
2584 4695 2896 4763 episcopum
2950 4694 3193 4747 scribens
3246 4694 3520 4766 Cyrillus:

1945 4786 2120 4852 Quare
2163 4802 2228 4839 ea:
2262 4787 2518 4856 confesso,
2561 4786 2765 4854 inquit,
2805 4785 2944 4853 quod
2986 4803 3018 4838 a
3062 4802 3219 4838 carne
3253 4802 3379 4839 caro
3409 4789 3524 4852 fest,

1941 4879 2078 4947 quod
2099 4894 2126 4930 e
2149 4877 2256 4930 Deo
2290 4877 2450 4934 Deus.
2492 4875 2584 4930 Est
2615 4893 2733 4930 vero
2762 4876 3049 4928 secundum
3099 4876 3270 4942 ipsum
3306 4886 3527 4946 utraque
3597 4935 3602 4940 ,

1912 4966 1915 4978 “
1944 4969 2217 5035 Christus;
2248 4978 2306 5024 ut
2338 4979 2472 5039 ergo
2509 4985 2615 5024 noo
2658 4968 2847 5022 dividit
2871 4969 3030 5035 {Deus
3069 4977 3123 5023 et
3168 4968 3329 5023 homo
3357 4983 3524 5023 unum

1944 5061 2261 5124 Christum,
2308 5075 2482 5128 neque
2509 5060 2675 5114 dictio
2717 5067 2989 5128 utraque:
3045 5059 3125 5114 sic
3169 5074 3342 5129 neque
3391 5058 3527 5114 illud

1944 5151 2072 5218 duo,
2117 5152 2217 5206 nisi
2243 5151 2384 5220 quod
2422 5151 2662 5205 nonnulli
2701 5167 2922 5206 sensum
2953 5152 3218 5217 dividant,
3255 5166 3354 5206 nec
3385 5150 3522 5204 boni

1947 5243 2144 5297 Satoris
2174 5243 2342 5297 ullutn
2380 5245 2610 5297 fructum
2649 5245 2890 5312 proferre
2938 5244 3201 5298 valentes.

249 5345 590 5415 ἀμφότερα.
619 5344 809 5415 Ναὶδὴ
832 5343 1078 5412 καὶπρὸς
1101 5338 1469 5410 Οὐαλεριανὸν
1493 5337 1586 5390 τὸν
1627 5337 1850 5389 Ἰκονίου
1888 5339 2118 5408 γράφων
2151 5340 2179 5392 6
2240 5339 2529 5410 Κύριλλος,
2555 5339 2794 5394 Οὐκοῦν
2832 5335 3319 5408 ὁμολογουμένως
3383 5335 3522 5403 μὲν,

253 5441 426 5512 φησὶ,
453 5440 521 5492 τὸ
553 5439 675 5494 ἀπὸ
706 5439 936 5507 σαρκὸς
962 5436 1121 5504 σάρξ
1178 5435 1332 5500 ἐστι,
1372 5432 1438 5485 τὸ
1468 5431 1538 5485 δὲ
1567 5430 1637 5484 ἐκ
1665 5432 1814 5486 Θεοῦ
1853 5433 1999 5500 Θεός
2025 5450 2040 5464 ·
2071 5432 2205 5486 ἔστι
2233 5432 2304 5486 δὲ
2339 5432 2491 5487 κατὰ
2523 5433 2746 5487 ταύτὸν
2774 5434 2819 5465 ⁶⁰
2899 5432 3203 5504 ἀμφότερα
3222 5433 3254 5484 ό
3276 5430 3320 5461 ⁸³
3387 5431 3526 5498 Χρι-

1525 5589 1763 5646 VARIIE
1803 5589 2212 5648 LECTIONES.

343 5715 392 5749 ⁸³
421 5707 466 5783 ᾧ
496 5714 539 5767 Α
571 5708 686 5768 τῶν
726 5730 787 5778 ς.
864 5711 910 5744 ⁵⁵
932 5709 1004 5783 ei]
1101 5708 1166 5783 Α.
1243 5709 1290 5740 ⁸⁵
1322 5707 1518 5783 Ιςύριλλ

257 5789 314 5820 ⁸⁸
354 5779 468 5839 τῶν
507 5786 608 5841 add
632 5786 698 5839 A.
777 5784 822 5816 ⁶⁰
853 5779 1180 5835 κατ’-αὑτόν
1211 5796 1273 5842 ς.
1346 5780 1388 5811 ⁸¹
1416 5781 1446 5832 ὁ
1469 5779 1581 5834 oin.
1614 5780 1678 5832 A.

864 5711 910 5744 ⁵⁵
932 5709 1004 5782 εἰ]
1243 5709 1290 5740 ⁸⁵
1322 5706 1590 5782 Κύριλλον
1616 5707 1717 5782 μὲν
1741 5706 1830 5761 τόν
1862 5725 1923 5772 ς.

2033 5709 2080 5740 ⁸⁵
2105 5706 2186 5780 ἒν]
2214 5707 2273 5762 τὸ
2297 5707 2356 5762 ’ἐν
2386 5709 2448 5764 Α.
2526 5709 2570 5747 ⁸⁷
2608 5706 2850 5778 βούλειτο
2870 5704 2930 5759 τὸ
2953 5720 3014 5768 ς.
3113 5700 3420 5772 ⁸⁸παράσχῃ
3458 5715 3518 5765 ς.
