4004 6434
602 332 741 397 1059

1698 332 1927 393 ΡΗΟΤΙ
1934 333 1961 391 Ι
2000 331 2503 393 PATRIARCHIE
2533 334 2642 394 CP.

3699 331 3822 397 1060

592 440 891 509 intelligas.
923 439 1008 495 lla
1055 455 1187 511 ergo
1223 448 1452 510 utraque
1479 454 1613 497 voce
1641 455 1749 496 non
1794 449 2048 494 accurate
2079 454 2164 493 ex-

2274 443 2425 512 φωνῇ
2447 442 2547 512 τῆς
2575 440 2857 509 ἀκριϐείας
2890 441 2990 494 οὐκ
3006 442 3422 513 ἐπιστατούσης,
3444 443 3501 497 ἓν
3525 444 3623 513 μὲν
3643 444 3824 513 δηλοῦ-

588 549 774 596 cussa,
813 548 983 586 unam
1016 534 1231 602 quidem
1263 548 1551 600 personam
1604 532 1904 602 explicant,
1962 531 2056 587 sed
2087 532 2170 585 in-

591 625 878 681 confusum
927 625 1157 680 duarum
1204 636 1519 680 naturarum
1554 640 1877 679 concursum
1941 639 2047 677 non
2076 638 2172 678 8X-

512 756 517 789 η
592 718 843 788 planam.
878 716 1120 772 Rursum
1172 718 1264 786 qui
1319 717 1451 772 duas
1493 726 1719 771 naturas
1754 715 2015 770 indivisas
2058 725 2171 770 tra-

512 798 517 803 ”
592 811 747 875 dunt,
775 810 827 865 id
866 811 1085 879 quidem
1128 811 1271 880 quod
1319 821 1405 865 est
1457 810 1795 864 inconfusum
1849 823 2166 878 exposuere,

509 953 512 957 .
592 904 687 957 sed
713 918 875 956 unam
911 918 1031 958 esse
1084 918 1369 972 personam
1434 912 1526 955 aut
1587 901 1899 973 hypostasin
1934 916 2039 954 non
2072 903 2168 954 de-

589 996 893 1051 claravere.
942 995 1009 1051 Ut
1051 997 1277 1065 proinde
1311 998 1382 1049 sit
1436 1009 1661 1049 necesse
1684 996 1751 1048 ab
1794 994 1860 1049 iis
1899 993 1990 1064 qui
2036 995 2169 1047 duas

592 1103 815 1148 naturas
855 1093 1113 1147 indivisas
1155 1090 1505 1160 proﬁtentur,
1548 1099 1641 1144 aut
1682 1090 1921 1159 adjungi,
1968 1090 2168 1143 secun‘

591 1183 717 1237 dum
754 1182 1150 1251 hypostaticam
1183 1181 1467 1243 unionem;
1518 1188 1611 1232 aut
1646 1194 1805 1232 unam
1860 1176 2018 1232 Verbi
2072 1192 2169 1230 na-

592 1283 767 1329 turam
795 1288 917 1327 esse
947 1273 1312 1335 incarnatam,
1358 1281 1451 1324 aut
1495 1272 1745 1324 eumdem
1789 1269 1955 1323 simul
1999 1269 2166 1321 Deum

589 1378 711 1418 esse
738 1376 792 1418 et
828 1365 1122 1418 hominem.
1166 1362 1387 1431 Absque
1433 1362 1604 1415 altero
1664 1360 1811 1413 enim
1871 1359 2163 1424 dictornm,

587 1470 691 1509 vox
726 1455 1021 1523 preposita,
1054 1461 1110 1506 ut
1162 1454 1537 1523 imperfectum
1590 1452 1719 1521 quid
1734 1451 1857 1519 jure
1908 1466 2040 1505 sane
2085 1466 2168 1505 re-

586 1547 976 1616 prehendatur.
1012 1547 1133 1600 llzec
1166 1556 1220 1599 et
1248 1547 1329 1599 his
1363 1544 1590 1615 genuina
1632 1560 1755 1599 cum
1777 1554 1966 1599 auctor
1994 1542 2167 1612 expli-

586 1647 786 1703 casset,
815 1622 1024 1708 adjecta
1053 1639 1120 1693 ad
1146 1640 1490 1693 concordiam
1538 1620 1878 1708 [ineundam]
1910 1636 2167 1689 adhorta-

588 1729 754 1794 tione,
779 1728 915 1782 libro
944 1728 1070 1782 huic
1102 1728 1354 1796 praesenti
1391 1728 1548 1781 linem
1591 1726 1837 1794 imponit.

658 1819 856 1887 Quinta
891 1821 1146 1887 deinceps
1180 1821 1353 1873 oratio
1389 1820 1625 1888 disputat
1677 1828 1865 1873 contra
1896 1816 2034 1881 illos,
2077 1820 2166 1886 qui
2202 1799 2242 1852 Β

585 1914 827 1967 humano
870 1912 1089 1979 ingenio
1137 1913 1352 1982 278a
1382 1911 1749 1966 Christianam
1808 1910 1969 1963 iidem
2015 1926 2165 1964 com-

587 2004 843 2073 prehendi
881 2018 1038 2071 posse
1091 2004 1538 2058 existimant:in
1595 2018 1704 2071 quo
1756 2002 1843 2072 pie
1901 2002 2166 2070 planeque

586 2093 767 2149 divine
801 2094 1229 2163 philosophatur.
1282 2105 1449 2162 atque
1489 2094 1702 2147 dicendi
1762 2095 1970 2147 ratione
2005 2094 2163 2148 Chri-

586 2183 821 2237 stianam
855 2184 1164 2252 religionem
1209 2194 1412 2238 certam
1470 2185 1743 2248 ostendit,
1779 2188 2030 2253 quodque
2081 2184 2163 2237 illa

588 2272 929 2342 potissimum
981 2275 1225 2341 sequitur
1275 2274 1568 2344 praedicat;
1619 2284 1673 2328 et
1708 2275 1871 2329 docet
1903 2276 2165 2343 quemad-

591 2364 810 2417 modum
852 2365 1244 2433 proprietatum
1304 2365 1623 2419 diﬂ'erentiaa
1682 2367 1735 2421 in
1780 2367 1936 2421 nobis
1980 2375 2168 2435 aperte

586 2454 855 2510 distincta:
877 2457 1005 2521 sint,
1044 2457 1241 2523 quibus
1274 2457 1410 2511 alter
1442 2457 1511 2511 ab
1562 2458 1728 2512 altero
1771 2456 1967 2521 diﬂ‘crt,
1999 2468 2168 2512 notae-

585 2563 693 2616 que
729 2547 1029 2618 singulares
1060 2548 1284 2601 alterius
1318 2548 1556 2616 alicujus
1587 2564 1834 2616 personae
1869 2549 2167 2617 proprieta-

588 2650 672 2693 tes
696 2638 997 2709 [individuo
1029 2640 1103 2693 illi
1146 2638 1471 2711 assignent],
1529 2655 1847 2695 communes
1888 2640 2000 2693 fieri
2042 2653 2168 2707 pro-

589 2728 827 2783 hibeant.
883 2729 938 2782 ln
973 2738 1159 2782 sancta
1203 2740 1386 2782 autem
1464 2728 1731 2784 Trinitate
1806 2729 2165 2798 proprietates

588 2832 809 2873 manent
845 2820 1253 2886 imtnutabiles,
1309 2831 1364 2873 et
1421 2836 1517 2889 per
1578 2820 1863 2874 indivisain
1910 2820 2164 2873 unionem

586 2911 947 2978 copulantur;
985 2927 1218 2978 etnuque
1250 2912 1322 2965 sit
1353 2926 1459 2964 una
1490 2926 1845 2979 personarum
1901 2912 2161 2979 potentia,

589 3003 791 3057 habent
822 3013 1001 3056 tamen
1030 3004 1082 3057 iu
1124 3003 1241 3072 ipsa
1287 3003 1589 3057 diderentia
1625 3004 1862 3058 divinam
1911 3015 1966 3058 et
2015 3005 2167 3059 inex-

583 3096 892 3165 plicabilem
923 3096 1064 3148 inter
1096 3110 1154 3149 se
1186 3096 1649 3164 conjunctionem,
1680 3097 1975 3151 secundum
2000 3111 2159 3165 quam
2187 3135 2230 3192 Ο

584 3188 641 3244 in
672 3187 835 3242 Patre
865 3187 1058 3254 Filius,
1103 3196 1156 3242 et
1184 3187 1342 3241 Pater
1375 3188 1428 3241 in
1462 3187 1703 3255 Filio,.et
1724 3188 1893 3242 Filius
1920 3189 1970 3241 iu
2002 3188 2160 3242 Patre

580 3288 642 3335 et
676 3277 880 3349 Spiritu
947 3287 1164 3342 sancto,
1234 3290 1288 3333 et
1323 3277 1559 3347 Spiritus
1594 3288 1814 3334 sanctus
1857 3280 1908 3333 in
1952 3278 2086 3332 Filio
2108 3286 2161 3333 et

582 3370 744 3425 Patre
773 3372 1141 3439 cognoscitur,
1175 3372 1564 3439 conjunctione
1590 3371 1787 3440 ubique
1818 3371 2155 3435 dominante,

582 3477 758 3530 neque
787 3462 1073 3517 iudivisum
1106 3463 1157 3516 in
1210 3462 1632 3531 proprietatibus
1687 3471 1996 3529 separante.
2050 3460 2157 3515 Sed

578 3556 727 3610 aliud
757 3564 840 3609 est
893 3556 1023 3609 Esse
1067 3570 1333 3623 suprema:
1363 3553 1666 3617 Trinitatis,
1701 3554 1843 3607 aliud
1888 3563 2154 3607 nostrum.

578 3648 639 3702 In
667 3646 936 3701 Trinitate
980 3647 1088 3701 Ens
1117 3656 1203 3702 est
1243 3661 1405 3716 supra
1439 3644 1604 3710 Esse;
1634 3656 1690 3699 at
1741 3657 1982 3700 nostrum
2023 3645 2157 3700 Esse

578 3756 760 3811 neque
794 3741 1011 3810 proprie
1056 3741 1163 3795 Ens
1189 3750 1293 3795 cst.
1337 3743 1616 3808 Quomodo
1650 3740 1792 3796 enim
1836 3740 1907 3794 sit
1938 3740 2158 3808 proprie

581 3833 692 3890 Ens
718 3834 859 3901 quod
893 3848 1065 3887 anon
1116 3834 1252 3887 Ente
1300 3835 1606 3901 descendit,
1655 3843 1710 3888 et
1761 3832 1907 3902 quod
1959 3842 2153 3886 natura

578 3938 678 3979 sua
715 3924 767 3977 in
823 3939 929 3978 non
1006 3924 1117 3979 Ens
1174 3925 1409 3980 desinit?
1448 3927 1763 3994 Quanquam
1796 3943 1824 3979 a
1862 3926 2156 3979 (Zondilorc

576 4032 682 4073 suo
710 4017 814 4071 hoc
854 4032 949 4084 per
994 4032 1233 4071 amorem
1286 4019 1491 4072 honore
1537 4026 1593 4071 et
1627 4032 1849 4072 munere
1876 4017 2153 4085 dignatum

576 4115 685 4172 est,
718 4114 777 4160 ut
823 4106 895 4160 sit
930 4120 1165 4176 semper,
1220 4114 1273 4160 et
1308 4108 1767 4163 immortalitatem
1808 4118 2151 4178 assequatur.

582 4198 724 4253 Deus
763 4199 925 4268 igitur
955 4198 1111 4253 nobis
1140 4209 1225 4253 est
1250 4215 1410 4263 unus,
1446 4210 1502 4254 et
1531 4200 1773 4255 Trinitas
1805 4199 1923 4272 [seu
1958 4198 2155 4273 trinus]

581 4291 923 4355 cognoscitur
950 4290 1069 4344 fons
1101 4290 1324 4345 inﬁnita:
1346 4282 1400 4343 et
1436 4291 1909 4359 incomprehensaz
1933 4292 2154 4361 sapien-

579 4381 689 4445 tiae,
725 4390 779 4435 et
806 4397 928 4451 qua:
957 4382 1283 4448 sanctiﬁcat,
1311 4382 1548 4435 virtutis.
1580 4380 1733 4436 Unde
1755 4397 1894 4435 ututs
1936 4382 2076 4437 Deus
2100 4391 2155 4436 et

2273 545 2326 581 σι
2341 529 2401 581 τὸ
2424 530 2735 599 πρόσωπον,
2758 532 2865 582 τῶν
2893 530 2952 584 δὲ
2977 532 3339 586 συνελθόντων
3370 533 3431 586 οὐ
3450 534 3825 603 τρανολογοῦσι

2268 621 2329 675 τὸ
2351 621 2675 691 ἀσύγχυτον.
2704 623 2872 675 Πάλιν
2911 624 2960 676 οἰ
2989 624 3081 677 δύο
3105 624 3295 694 φύσεις
3328 626 3668 696 ἀδιαιρέτους
3683 626 3828 693 δοξά-

2271 713 2529 776 ζοντεςτὸ
2554 712 2653 782 μὲν
2686 714 2989 784 ἁσύγχυτον
3030 715 3418 786 διετράνιισαν,
3477 716 3535 769 ἓν
3589 718 3645 770 δὲ
3692 711 3825 771 εἶναι

2268 803 2329 855 τὸ
2358 804 2648 875 πρόσωπον
2675 805 2792 876 ἦτοι
2818 806 2913 875 τήν
2933 806 3229 860 ὑπόστασιν
3251 809 3310 862 οὐ
3346 810 3823 876 συνδιετράνωσαν,

2268 895 2408 949 ὥστε
2443 897 2523 948 δεῖ
2552 896 2645 948 καὶ
2673 898 2800 958 τοὺς
2834 897 2926 949 δύο
2971 898 3159 966 φύσεις
3196 898 3535 969 ἁδιαιρέτους
3582 899 3830 969 λέγοντας

2268 987 2417 1057 ἢτὴν
2439 987 2561 1040 καθ’
2579 989 2871 1041 ὑπόστασιν
2897 991 3283 1044 ἐπισυνάπτειν
3301 992 3495 1044 ἕνωσιν
3525 992 3556 1061 ἢ
3580 992 3675 1061 τὴν
3710 992 3830 1060 μίαν

2269 1080 2430 1150 φύσιν
2462 1080 2556 1134 τοῦ
2580 1082 2753 1149 Λόγου
2796 1083 3223 1153 σεσαρκωμένην
3253 1084 3284 1153 ἢ
3312 1084 3405 1136 τὸν
3425 1085 3586 1137 αὑτὸν
3624 1085 3753 1138 Θεόν
3775 1104 3831 1137 τε

2268 1175 2362 1227 καὶ
2405 1174 2727 1245 ἀνθρωπον’
2756 1175 2882 1229 ἄνευ
2928 1175 3034 1246 γὰρ
3084 1176 3203 1239 ἐνὸς
3250 1177 3359 1227 τῶν
3424 1177 3730 1246 εἰρημένων
3777 1178 3835 1230 τὸ

2267 1265 2456 1329 ἀτελὲς
2486 1267 2519 1335 ή
2561 1267 2712 1337 φωνή
2770 1266 3189 1337 προϐαλλομένη
3240 1268 3464 1332 δικαίως
3504 1270 3570 1323 ἂν
3634 1271 3835 1339 διελέγ-

2266 1376 2431 1428 χοιτο.
2486 1358 2671 1412 Ταῦτα
2724 1358 2819 1413 καὶ
2866 1359 2935 1412 τὰ
2977 1359 3187 1423 τούτοις
3238 1361 3405 1431 ὃμοια
3455 1362 3831 1433 διεληλυθὼςὸ

2269 1453 2663 1522 συγγραφεὺς,
2705 1453 2799 1505 καὶ
2840 1452 3163 1523 παραίνεσιν
3223 1455 3654 1524 παρακαλοῦσαν
3702 1458 3833 1525 πρὸς

2265 1542 2519 1611 ὁμόνοιαν
2568 1541 2911 1609 καταϐαλὼν,
2968 1545 3066 1599 καὶ
3119 1544 3208 1599 τὸν
3235 1546 3476 1617 παρόντα
3519 1548 3830 1602 διαναπαύει

2266 1634 2441 1697 λόγον.

2353 1810 2483 1863 Ὁδὲ
2516 1811 2714 1879 ἐφεξῆς
2763 1810 2912 1880 αὐτῷ
2969 1810 3127 1879 λόγος
3188 1812 3326 1883 πρὸς
3383 1812 3508 1876 τοὺς
3560 1813 3829 1881 οἰομένους

2267 1902 2637 1971 ἀνθρωπίναις
2696 1902 2964 1964 ἐπινοίαις
3019 1901 3277 1954 δύνασθαι
3336 1901 3435 1971 τὴν
3492 1901 3669 1971 ἀληθῆ
3728 1902 3828 1953 τῶν

2267 1996 2613 2065 Χριστιανῶν
2648 1995 2970 2048 ὑποϐάλλειν
3007 1995 3288 2064 θεολογίαν
3346 1994 3654 2062 διαλέγεται
3679 2012 3691 2024 ·
3712 1997 3768 2047 ἐν
3791 1987 3831 2061 ᾧ

2270 2085 2504 2158 [45511]
2555 2086 2882 2157 θεολογήσας
2932 2086 3191 2149 εὐσεϐῶς,
3227 2087 3322 2139 καὶ
3375 2086 3607 2155 κρείττω
3659 2086 3831 2154 πάσης

2268 2178 2670 2246 ἐπιτεχνήσεως
2709 2178 2802 2229 καὶ
2853 2178 2951 2245 τῆς
2998 2178 3061 2229 ἐκ
3096 2177 3269 2245 λόγων
3318 2177 3509 2245 σοφίας
3568 2176 3666 2246 τὴν
3689 2178 3829 2246 παρὰ

2266 2270 2613 2340 Χριστιανοῖς
2647 2270 3072 2339 ἀποδειξάμενος
3096 2270 3395 2337 θεολογίαν,
3421 2272 3513 2323 καὶ
3545 2270 3605 2323 τὸ
3640 2270 3827 2340 ἐξῃρη-

2270 2362 2431 2425 μένον
2474 2362 2649 2431 αὐτῆς
2690 2364 3030 2433 ἀνυμνήσας,
3065 2362 3418 2432 διαλαμϐάνει
3453 2362 3527 2425 ὡς
3557 2362 3641 2430 ἐφ’
3674 2363 3828 2431 ἡμῶν

2271 2453 2369 2522 μὲν
2386 2454 2442 2505 αἱ
2473 2454 2579 2505 τῶν
2614 2454 2915 2523 ἰδιωμάτων
2944 2454 3198 2523 διαφοραὶ
3215 2453 3460 2525 φανερῶς
3490 2453 3823 2523 διεστήκασι,

2267 2546 2390 2599 καθ’
2416 2544 2481 2608 ἃς
2521 2547 2614 2597 ἀπ’
2638 2544 2882 2615 ἀλλήλων
2905 2545 3311 2615 διακρινόμεθα,
3343 2546 3435 2599 καὶ
3463 2544 3531 2597 τὰ
3556 2563 3831 2616 χαρακτη-

2272 2637 2493 2707 ριστικὰ
2518 2637 2617 2704 τῆς
2657 2655 2803 2700 τινος
2827 2638 3175 2701 ὑποστάσεως
3206 2637 3436 2707 θατέρας
3465 2640 3563 2690 οὐκ
3585 2635 3693 2690 οἶδε
3728 2657 3834 2692 κοι-

2267 2728 2501 2778 νοποιεῖν
2560 2725 2845 2795 ἰδιώματα,
2901 2726 2993 2778 ἐπὶ
3022 2726 3079 2778 δὲ
3114 2728 3213 2794 τῆς
3281 2728 3443 2795 ἁγίας
3494 2728 3724 2797 Τριάδος
3781 2729 3836 2780 αἰ

2271 2815 2528 2885 ἰδιότητες
2575 2816 2821 2886 ἀκίνητοι
2867 2814 2997 2887 [864
3028 2815 3122 2887 IL]
3179 2819 3432 2886 μένουσαι
3474 2818 3834 2871 συνάπτονταί

2268 2926 2403 2975 πως,
2426 2909 2514 2961 διὰ
2537 2909 2638 2978 τῆς
2666 2909 2974 2979 ἀδιαιρέτου
3004 2909 3248 2971 ἐνώσεως
3272 2909 3365 2960 καὶ
3382 2910 3427 2941 ’⁷⁸
3451 2908 3511 2960 τὸ
3545 2909 3673 2977 μίαν
3702 2905 3835 2962 εἶναι

2266 2999 2374 3053 τὼν
2419 3000 2770 3054 ὑποστάσεων
2816 3000 2913 3071 τήν
2992 3002 3273 3069 ἐνέργειαν
3315 3000 3569 3069 πλείστην
3619 3000 3836 3070 ἔχουσαι

2267 3093 2368 3144 κάν
2394 3096 2459 3161 τῇ
2494 3091 2765 3162 διακρίσει
2816 3091 2917 3163 τὴν
2971 3091 3160 3160 θεῖκήν
3212 3108 3271 3143 τε
3296 3091 3389 3143 καὶ
3438 3091 3679 3161 ἄρρητον
3706 3092 3835 3162 πρὸς

2266 3186 2502 3254 ἀλλήλας
2555 3185 2873 3253 συνάφειαν,
2917 3184 3041 3238 καθ’
3103 3186 3169 3256 ἦν
3203 3186 3248 3215 ⁷⁸
3284 3184 3411 3248 Υἱὸς
3441 3185 3499 3235 ἐν
3541 3185 3721 3255 Harp‘.
3750 3188 3839 3238 καὶ

2266 3277 2455 3349 Πατὴρ
2486 3279 2543 3329 ὲν
2580 3277 2695 3348 Υἱῷ
2752 3278 2848 3330 καὶ
2878 3278 3002 3340 Υίὸς
3028 3279 3086 3329 ἐν
3118 3278 3290 3346 Πατρί
3321 3278 3416 3330 καὶ
3446 3276 3730 3347 Πνεὺματι
3750 3280 3840 3331 καὶ

2264 3370 2487 3439 Πνεῦμα
2515 3372 2572 3422 ἐν
2595 3370 2709 3440 Υἱῷ
2740 3372 2835 3423 καὶ
2866 3371 3040 3441 Πατρὶ
3071 3369 3378 3441 θεωρεῖται,
3412 3371 3510 3439 τῆς
3543 3371 3839 3439 συναφείας

2265 3462 2598 3531 πανταχόθεν
2641 3461 3045 3534 ἐπικρατούσης
3079 3463 3173 3516 καὶ
3211 3462 3333 3532 μηδ’
3360 3464 3418 3514 ἐν
3439 3464 3550 3525 τοῖς
3582 3462 3838 3531 ἰδιώμασι

2264 3553 2695 3625 καινοτομούσης
2718 3555 2781 3607 τὸ
2809 3554 3136 3625 ἀδιαίρετον.
3190 3555 3299 3606 Καὶ
3370 3554 3431 3624 δὴ
3476 3555 3568 3607 καὶ
3608 3554 3669 3607 τὸ
3698 3551 3839 3609 εἶναι

2262 3644 2392 3698 ἄλλο
2413 3644 2465 3697 τί
2514 3645 2663 3698 ἐστιν
2710 3645 2805 3697 ἐπὶ
2824 3645 2923 3715 τῆς
2950 3642 3279 3715 ὑπεραρχίου
3326 3644 3558 3714 Τριάδος
3588 3646 3676 3698 καὶ
3708 3646 3840 3698 ἄλλο

2262 3737 2322 3788 ἐν
2349 3738 2514 3807 ήμῖνο
2552 3735 2667 3790 ἐκεῖ
2702 3737 2801 3808 μὲν
2829 3737 2937 3806 γὰρ
2965 3737 3025 3790 τὸ
3053 3736 3113 3789 ὂν
3144 3738 3287 3808 ὑπὲρ
3316 3738 3377 3791 τὸ
3412 3733 3576 3802 εἶναι,
3604 3736 3837 3790 ἐνταῦθα

2259 3829 2317 3882 δὲ
2346 3829 2465 3882 οὐδὲ
2492 3828 2697 3901 κυρίως
2734 3830 2815 3883 δν.
2845 3828 2970 3893 Πῶς
3001 3830 3109 3900 γὰρ
3140 3829 3206 3883 ἂν
3236 3831 3318 3900 εἴη
3370 3831 3575 3903 κυρίως
3599 3831 3660 3883 ὃν
3686 3831 3753 3884 τὸ
3778 3834 3839 3885 ἐκ

2264 3921 2339 3992 μὴ
2375 3921 2543 3974 ὅντων
2571 3921 2945 3993 παρηγμένον,
2961 3923 3058 3975 καὶ
3086 3923 3165 3986 εἰς
3196 3922 3257 3973 τὸ
3288 3922 3363 3992 μὴ
3388 3922 3445 3974 ὃν
3472 3925 3534 3994 τῇ
3566 3940 3633 3991 γε
3660 3923 3831 3991 οἰκείᾳ

2261 4010 2419 4078 φύσει
2442 4011 2730 4082 ὑπορρέον,
2764 4012 2813 4064 εἰ
2836 4013 2931 4065 καί
2959 4013 3129 4084 δῶρον
3179 4013 3539 4085 ἐφιλοτιμήθη
3599 4014 3701 4068 τοῦ
3738 4019 3830 4084 Δη.

2263 4101 2527 4172 μιουργοῦ
2577 4102 2656 4166 εἰς
2676 4102 2737 4155 τὸ
2760 4103 2847 4156 ἀεὶ
2901 4099 3158 4157 εἶναικαὶ
3199 4106 3279 4166 είς
3318 4104 3627 4175 ἀφθαρσίαν
3651 4107 3839 4160 ἀναϐι-

2260 4194 2556 4263 ϐάζεσθαι;
2597 4196 2729 4260 Θεὸς
2753 4192 2846 4250 οὖν
2875 4198 3007 4267 ήμίν
3038 4197 3191 4250 ἐστιν
3222 4192 3305 4260 εἷς
3326 4199 3372 4231 ἠ
3392 4199 3486 4251 καὶ
3507 4198 3683 4269 Τριάς
3706 4199 3839 4252 05w-

2262 4289 2544 4359 ρούμενος,
2576 4292 2728 4361 πηγὴ
2760 4292 3048 4362 τυγχάνων
3101 4292 3462 4363 ἀπερινοήτου
3511 4293 3712 4362 σοφίας
3752 4295 3844 4347 καὶ

2260 4383 2588 4452 ἀγιαστικῆς
2643 4383 2946 4453 δυνάμεως.
2997 4381 3161 4438 Ὅθεν
3213 4376 3293 4447 εἷς
3358 4383 3490 4447 Θεὸς
3511 4384 3607 4436 καὶ
3638 4385 3844 4455 Κύριος

578 4474 860 4537 Dominus,
894 4483 951 4528 et
982 4490 1092 4538 rex,
1139 4484 1194 4527 et
1241 4474 1355 4538 ipse
1381 4474 1546 4527 Pater
1577 4482 1685 4534 est,
1720 4482 1774 4527 et
1806 4474 2154 4543 perfectionis

2265 4476 2357 4529 καὶ
2405 4476 2676 4546 βασιλεὺς,
2702 4476 2865 4537 αὑτός
2888 4494 2946 4529 τε
2972 4477 3061 4529 ὁ⁷⁸
3098 4475 3287 4547 Πατήρ
3325 4478 3418 4529 καὶ
3453 4478 3486 4547 ή
3512 4476 3844 4538 τελειοποιὶς

578 4565 791 4619 anetrix
818 4565 1119 4633 Sapientia,
1151 4576 1206 4619 et
1248 4565 1429 4619 Virtus
1457 4566 1629 4620 sancti
1662 4565 1916 4637 Spiritus.
1949 4566 2152 4622 lndivi-

579 4672 672 4711 sus
697 4658 836 4710 enim
868 4657 1048 4719 Pater,
1087 4671 1117 4710 a
1156 4672 1250 4711 sua
1291 4657 1461 4726 ipsius
1503 4659 1773 4727 sapientia
1798 4697 1816 4723 ,
1867 4669 1923 4712 et
1954 4660 2155 4715 virtute

580 4748 970 4803 sanctiﬁcantis
1022 4748 1279 4815 Spiritus,
1330 4750 1384 4803 in
1428 4766 1533 4803 una
1580 4760 1770 4803 natura
1824 4750 2153 4817 adorandus,

581 4850 681 4889 nec
704 4836 755 4889 in
789 4851 953 4890 unum
983 4848 1143 4906 atque
1192 4854 1355 4891 unum
1407 4839 1571 4892 Deum
1599 4840 1942 4903 dividendus,
1967 4856 2157 4909 quem-

579 4926 864 4980 admodum
924 4927 976 4980 in
1035 4928 1209 4993 nobis,
1245 4928 1340 4995 qui
1377 4928 1871 4983 ineommunicabili
1910 4931 2158 5000 preprie-

582 5023 752 5067 talum
794 5016 1109 5071 discrimine
1145 5031 1197 5070 et
1229 5018 1531 5071 dill'crentia
1570 5020 1905 5087 operationis
1952 5022 2150 5073 distin-

578 5106 792 5174 guimur
828 5117 882 5161 et
915 5123 1251 5174 separamur,
1286 5118 1502 5177 totaque
1534 5110 1796 5163 divisione
1836 5112 1902 5163 ab
1926 5110 2158 5164 invicem

580 5213 675 5266 per
732 5198 1092 5254 diﬂ‘erentiam
1147 5200 1514 5255 subsistimus.
1562 5201 1902 5271 Quapropter
1936 5219 2039 5256 non
2076 5211 2161 5255 est

582 5292 634 5346 in
666 5291 777 5358 illa,
809 5302 865 5346 ut
896 5293 949 5346 in
975 5293 1127 5346 nobis
1161 5292 1473 5358 dicendum,
1526 5293 1628 5349 hoc
1688 5296 1845 5365 hujus
1877 5312 1995 5350 esse
2041 5297 2151 5363 pri-

582 5397 752 5451 mum,
785 5395 878 5438 aut
928 5383 1074 5437 aliud
1120 5383 1273 5452 huius
1303 5388 1593 5439 secundum
1621 5398 1715 5439 aut
1747 5389 1986 5441 tertium.
2022 5386 2151 5442 Uni-

2263 4569 2426 4639 σοφία
2479 4569 2643 4623 αὑτοῦ
2688 4570 2844 4639 καὶὴ
2885 4569 3179 4638 ἀγιαστική
3206 4569 3456 4638 δύναμις.
3506 4570 3842 4641 Ἀδιαὶρετος

2260 4663 2370 4731 γάρ
2401 4662 2640 4732 ὁΠατὴρ
2689 4661 2826 4732 πρός
2880 4678 2942 4714 τε
2989 4660 3088 4732 τὴν
3148 4661 3343 4715 ἑαυτοῦ
3390 4662 3586 4729 σοφίαν
3615 4664 3717 4715 καὶ
3752 4664 3846 4731 τὴν

2263 4754 2591 4824 ἁγιαστικὴν
2634 4753 2883 4819 δύναμιν,
2912 4755 2971 4805 ἐν
3002 4756 3099 4825 μιᾷ
3145 4754 3302 4824 φύσει
3338 4756 3844 4825 προσκυνούμενος,

2261 4847 2362 4899 οὐκ
2409 4846 2487 4907 εἰς
2512 4844 2608 4897 ἕνα
2659 4846 2754 4897 καί
2776 4846 2872 4899 ἕνα
2899 4845 3253 4915 μεριζόμενος
3282 4846 3433 4911 Θεὸν,
3464 4847 3726 4918 καθάπερ
3759 4848 3842 4914 ἐφ’

2257 4934 2432 5004 ήμῶν,
2467 4934 2515 4987 οἳ
2543 4934 2619 5005 τῷ
2648 4936 2998 5007 ἀκοινωνήτῳ
3023 4937 3132 4989 τῶν
3170 4938 3475 5008 ἰδιωμάτων
3493 4939 3591 4991 καὶ
3613 4939 3699 5008 τῷ
3721 4939 3843 4992 δια-

2258 5027 2408 5096 φόρῳ
2432 5025 2532 5094 τῆς
2557 5026 2836 5095 ἐνεργείας
2874 5028 3209 5099 μεριζόμεθά
3236 5046 3293 5080 τε
3320 5030 3412 5081 καὶ
3457 5028 3847 5099 διαιρούμεθα,

2257 5118 2347 5169 καὶ
2375 5120 2442 5187 τῇ
2478 5117 2545 5170 δι’
2566 5118 2687 5170 ὅλου
2703 5122 2841 5189 τομῇ
2867 5120 2963 5189 τὴν
2996 5122 3133 5192 πρὸς
3157 5122 3420 5191 ἀλλήλους
3447 5122 3725 5194 διαφορὰν
3747 5125 3850 5189 ὑφ-

2264 5209 2551 5278 ιστάμεθα.
2576 5212 2666 5262 Διὸ
2692 5212 2810 5264 οὐδὲ
2836 5214 2981 5264 ἐστιν
3004 5215 3199 5280 εἰπεῖν,
3224 5214 3411 5286 ὥσπερ
3432 5215 3519 5284 ἐφ’
3538 5217 3730 5284 ήμῶν,
3755 5214 3849 5268 οὖ-

2264 5318 2340 5353 τω
2367 5303 2460 5353 καὶ
2484 5302 2571 5353 ἐπ’
2590 5303 2783 5372 αὐτῆς,
2817 5306 2901 5357 ὃτι
2930 5307 3046 5359 τόδε
3064 5307 3214 5360 τοῦδε
3236 5310 3280 5340 ⁷9
3302 5309 3514 5379 πρῶτον
3533 5310 3580 5339 ⁸⁸
3608 5310 3640 5379 ἦ
3663 5311 3852 5361 ἐ,κεῖνο

2259 5393 2411 5445 τοῦδε
2432 5393 2685 5466 δεύτερον
2706 5394 2740 5464 ἦ
2764 5397 2965 5465 τρίτον.
2986 5398 3169 5463 Μονὰς
3200 5400 3306 5470 γὰρ
3336 5399 3551 5469 ἀληθῶς
3578 5402 3612 5470 ἡ
3642 5399 3849 5468 Τριάςν

1864 5605 2096 5661 νΑιιιΑῑ
2135 5607 2538 5663 LECTIONES.

652 5774 699 5807 "
726 5773 788 5827 rb
822 5774 1005 5829 malim
1035 5773 1131 5845 τῷ.
1209 5776 1253 5808 ⁷⁸
1282 5777 1347 5847 ἢν
1380 5778 1425 5831 Α
1452 5798 1466 5834 ;
1492 5779 1556 5849 ἢν
1578 5780 1605 5833 ὁ
1641 5797 1700 5842 ς.
1754 5782 1794 5813 ⁷⁷
1818 5780 1919 5851 είς]
1944 5781 2080 5851 πρός
2102 5782 2164 5837 Α.
2218 5784 2261 5816 ⁷⁸
2295 5784 2323 5836 ὁ
2353 5781 2476 5839 add.
2511 5786 2574 5837 A.
2653 5787 2698 5820 τ’
2726 5788 2912 5843 τούτου
2946 5808 3007 5854 ς.
3083 5792 3127 5825 ⁸ο
3159 5789 3392 5862 πρῶτον]
3414 5792 3520 5849 imo
3548 5791 3846 5861 πρότερον.
