4004 6436
235 363 372 431 1061

1308 365 1834 427 BIBLIOTHECA.
1865 364 2108 426 --COD.
2143 365 2417 428 CCXXX.

3378 361 3514 429 1062

231 482 337 536 καὶ
384 479 542 550 τριὰς
566 480 600 550 ή
634 478 840 541 Μονὰς,
888 477 1013 531 οὐτε
1064 476 1203 530 διότι
1255 477 1446 546 μονὰς,
1473 477 1573 546 τὴν
1603 476 1810 546 Τριάδα

1941 485 2023 530 tas
2056 476 2198 530 enim
2229 491 2358 530 vere
2389 483 2473 531 est
2500 475 2763 541 Trinitas,
2813 484 2870 531 et
2899 474 3140 530 Trinitas
3164 475 3375 532 Unitas.
3399 476 3513 532 Nec

233 572 628 635 συστέλλουσα,
645 570 770 624 οὐτε
799 570 934 624 διότι
954 570 1147 641 Τριὰς,
1175 569 1276 638 τὴν
1296 569 1517 622 Μονάδα
1533 567 1577 599 ⁸⁸
1606 569 1828 638 τέμνου·

235 683 345 720 σα·
398 663 523 718 οὐδὲ
574 663 681 734 γὰρ
707 662 770 714 τὸ
802 662 861 715 ἓν
898 662 992 715 ἐπὶ
1042 661 1146 730 τῆς
1194 661 1344 724 θείας
1395 660 1583 724 οὐσίας
1616 660 1692 722 ὡς
1728 661 1821 712 ἐπὶ

234 758 352 812 τῶν
380 756 699 826 κτισμάτων
723 754 972 824 νοοῦμεν,
1020 752 1152 825 παρ’
1183 747 1263 815 οἷς
1295 751 1418 804 οὐδὲ
1442 751 1503 804 τὸ
1529 751 1736 820 κυρίως
1763 750 1822 802 ἓν

234 852 356 906 ἔστι
375 851 670 920 θεωρῆσαι.
691 850 763 902 Οὐ
794 849 904 919 γὰρ
918 847 980 901 τὸ
998 845 1057 900 ἓν
1078 844 1298 917 ἀριθμῷ
1325 845 1408 913 ἐφ’
1428 841 1582 914 ἡμῶν
1608 844 1698 895 καὶ
1724 859 1821 894 κυ-

239 943 374 1012 ρίως
404 941 484 996 ἒν.
510 941 620 994 Καὶ
653 941 764 1010 γὰρ
816 939 880 992 τὺ
910 937 1158 1009 ἐφ’ὴμῶν
1190 937 1486 1007 λεγόμενον
1515 934 1574 988 ἒν
1595 934 1655 987 οὐ
1723 950 1823 986 κυ-

239 1035 374 1107 ρίως
411 1032 490 1095 ἓν,
521 1031 660 1086 ἀλλά
713 1049 766 1084 τι
795 1031 876 1086 ἓν.
919 1029 1089 1083 Τοῦτο
1117 1029 1175 1082 δὲ
1205 1029 1264 1084 ἐν
1309 1029 1370 1082 τέ
1409 1030 1528 1081 ἐστι
1567 1027 1662 1079 καὶ
1717 1025 1818 1094 οὐχ

240 1126 324 1189 ἓν,
364 1125 461 1179 ἆτε
518 1123 582 1194 δὴ
627 1124 724 1176 καὶ
770 1123 866 1176 τοῦ
926 1123 1044 1185 ἑνὸς
1102 1121 1268 1192 φέρον
1329 1120 1430 1191 τὴν
1483 1119 1678 1190 κλῆσιν
1728 1117 1825 1171 καὶ

247 1219 382 1290 πρὸς
419 1218 481 1270 τὸ
523 1216 694 1270 πολλὰ
728 1212 866 1270 εἶναι
885 1216 1267 1286 μεριζόμενος.

325 1405 384 1456 Εἰ
404 1403 456 1456 δὲ
483 1402 578 1455 καὶ
603 1401 679 1464 ὡς
725 1401 851 1456 νοῦν
884 1400 935 1452 oi.
985 1398 1227 1469 θεολόγοι
1255 1397 1319 1451 τὸ
1345 1398 1402 1450 ἓν
1423 1397 1516 1450 ἐπὶ
1545 1397 1643 1466 τῆς
1666 1394 1819 1456 θείας

249 1496 472 1566 ὑμνοῦσι
533 1493 770 1562 φύσεως,
811 1493 946 1547 ἀλλὰ
1008 1493 1098 1546 διὰ
1147 1492 1318 1562 μόνην
1369 1491 1468 1562 τὴν
1513 1490 1700 1558 ἀπαθῆ
1723 1487 1818 1541 τοῦ

241 1588 414 1655 Λόγου
469 1587 727 1656 γέννησιν
779 1587 940 1640 τοῦτο
1001 1586 1552 1656 παραλαμϐάνουσιν.
1600 1584 1664 1636 Ἡ
1711 1583 1817 1652 γὰρ

238 1677 468 1747 εὐσεϐὴς
514 1675 692 1730 ἔννοια
723 1681 816 1729 καὶ
838 1677 936 1746 τῆς
963 1677 1057 1730 τοῦ
1085 1676 1178 1729 νοῦ
1203 1676 1422 1745 φύσεως
1456 1674 1820 1745 ὑπεριδρυμέ-

1934 568 2060 636 quia
2096 568 2278 622 unitas
2305 578 2412 631 est,
2449 568 2652 621 ideirco
2699 567 2975 622 contrahit
3022 567 3381 634 Trinitatem;
3415 585 3515 624 nec

1940 661 2064 727 quia
2099 661 2362 726 Trinitas,
2388 660 2580 714 dividit
2629 659 2923 715 Unitatem.
2957 659 3146 729 Neque
3173 661 3317 716 enim
3350 678 3513 714 unum

1931 750 1986 804 in
2017 752 2197 806 divina
2234 755 2557 812 substantia,
2591 762 2651 808 ut
2674 753 2728 806 in
2764 755 2926 808 rebus
2967 755 3169 808 creatis
3195 754 3512 821 accipimus,

1930 844 1985 898 in
2021 845 2219 913 quibus
2272 861 2375 901 nec
2419 863 2580 899 unum
2627 847 2853 916 proprie
2900 855 2983 900 est
3033 846 3356 917 intelligere.
3404 846 3515 900 Nec

1927 938 2071 990 enim
2141 953 2303 992 unum
2355 954 2582 993 numero
2640 939 2693 992 in
2755 938 2910 992 nobis
2947 939 3110 993 etiam
3164 940 3380 1009 proprie
3429 947 3514 994 est

1928 1041 2129 1094 unum;
2184 1045 2304 1083 nam
2336 1031 2480 1100 quod
2523 1030 2575 1084 in
2611 1031 2768 1084 nobis
2800 1030 3000 1085 dicitur
3029 1047 3222 1094 unum,
3266 1047 3370 1084 non
3427 1039 3514 1085 est

1925 1119 2144 1188 proprie
2197 1136 2387 1186 unum,
2423 1124 2518 1178 sed
2549 1122 2754 1190 aliquid
2785 1138 2948 1176 unum
2976 1139 2992 1177 :
3017 1123 3120 1177 hoc
3143 1131 3322 1176 autem
3344 1139 3509 1176 unum

1923 1218 2030 1275 est,
2083 1221 2140 1268 et
2201 1229 2306 1269 non
2354 1232 2561 1281 unum,
2611 1217 2828 1286 2731:
2889 1227 3075 1287 utpote
3123 1218 3264 1286 quod
3315 1218 3515 1271 habent

1933 1315 2130 1359 nomen
2162 1322 2319 1372 unus,
2351 1317 2407 1364 et
2437 1308 2616 1378 reipsa
2645 1309 2698 1361 in
2737 1308 2903 1362 multa
2943 1309 3233 1364 dividatur.

1998 1397 2225 1465 Quando
2258 1411 2439 1455 autem
2493 1402 2724 1472 theologi
2759 1402 2995 1456 divinam
3044 1411 3294 1456 naturam
3335 1417 3505 1455 unum

1926 1492 2056 1560 quid
2093 1508 2214 1548 esse
2244 1495 2566 1561 praadicant,
2600 1505 2660 1547 ut
2688 1506 2951 1561 mentem,
2991 1495 3043 1547 id
3084 1504 3302 1564 pr0pter
3339 1494 3510 1549 solam

1925 1581 2164 1635 divinam
2200 1582 2360 1638 Verbi
2396 1600 2494 1638 seu
2552 1585 2906 1654 impatibilem
2963 1585 3370 1654 generationem
3423 1585 3504 1639 fa-

1926 1673 2096 1728 ciunt.
2127 1673 2258 1728 Nam
2289 1687 2436 1730 recta
2459 1675 2656 1745 piaque
2689 1677 2958 1731 sententia
2982 1678 3318 1732 divinitatem
3347 1692 3506 1746 supra

236 1782 335 1834 νην
359 1765 658 1831 θεολογεῑ³²
681 1766 781 1834 τὴν
813 1765 1065 1834 θεότητα.
1101 1766 1212 1818 Καὶ
1237 1766 1345 1837 γὰρ
1376 1764 1473 1818 καὶ
1527 1764 1670 1818 κατὰ
1725 1763 1816 1815 τὸν

1925 1775 2170 1821 naturam
2207 1767 2733 1840 mentis[hutnana:]
2771 1769 3094 1824 collocatam
3146 1771 3234 1839 pie
3287 1771 3503 1826 asserit.

232 1855 360 1910 -νοῦν
382 1857 650 1928 ταυτότης
695 1857 890 1927 ὁρᾶται
921 1858 1016 1910 καὶ
1054 1857 1334 1927 ἑτερότης,
1380 1856 1595 1927 κίνησίς
1626 1871 1684 1906 τε
1725 1857 1818 1909 καὶ

237 1951 453 2015 στάσις,
491 1951 584 2003 καὶ
622 1951 722 2021 τῆς
780 1950 1004 2020 διπλόης
1051 1949 1338 2012 παντελῶς.
1383 1948 1482 2000 οὐκ
1517 1947 1817 2012 ἐξίσταται,

237 2044 378 2099 ἀλλὰ
409 2043 596 2105 στάσις
629 2043 730 2110 μὲν
763 2043 911 2112 αὐτῷ
947 2041 1038 2094 διὰ
1065 2041 1162 2112 τὴν
1202 2042 1300 2112 τῆς
1331 2039 1520 2103 οὐσίας
1566 2040 1822 2110 ἐνορᾶται

237 2137 569 2207 ταυτότητά,
601 2137 855 2206 ἑτερότης
875 2135 933 2190 δὲ
963 2136 1058 2190 καὶ
1078 2136 1294 2206 κίνησις
1320 2135 1410 2189 διὰ
1435 2135 1533 2206 τὴν
1559 2134 1820 2200 αὐτεξού-

239 2246 355 2284 σιον
399 2228 574 2299 ὁρμὴν
634 2230 729 2282 καὶ
764 2229 1076 2300 ἑνέργειαψ
1117 2229 1178 2280 οὑ
1238 2229 1346 2298 γάρ
1384 2229 1499 2282 ἐστι
1543 2228 1740 2281 ταύτὸν
1763 2227 1822 2280 ἓν

240 2324 414 2376 είπείν
468 2323 564 2376 καὶ
610 2323 746 2393 μετὰ
795 2323 897 2392 τῆς
959 2323 1100 2394 πρὸς
1141 2322 1269 2394 [456
1305 2321 1599 2394 11.],⁹έτερα
1637 2339 1818 2392 παρα-

239 2416 442 2480 θέσεως
475 2417 554 2471 ἓν.
588 2415 752 2470 Ὅθεν
776 2418 826 2469 εἰ
849 2416 947 2470 καὶ
983 2411 1066 2478 είς
1091 2415 1170 2486 τῷ
1206 2413 1556 2485 ὑποκειμένῳ
1617 2415 1821 2484 τυγχά-

231 2525 334 2571 νει,
369 2508 507 2562 ἀλλὰ
535 2507 672 2561 νοῶν
699 2508 891 2561 ἑαυτὸν
931 2508 1024 2561 καὶ
1057 2507 1147 2576 ὑφ’
1189 2507 1383 2560 ἑαυτοῦ
1417 2505 1820 2576 γινωσκόμενος

220 2599 350 2653 ,ἀνθ’
404 2599 574 2653 ἁπλοῦ
612 2599 833 2663 διπλοῦς
868 2599 1275 2653 ἀποδείκνυται.
1333 2598 1533 2668 Ὅπερ,
1561 2599 1658 2650 καὶ
1691 2598 1742 2650 εί
1767 2615 1817 2651 τι

219 2690 450 2760 -ὅμοιον,
496 2689 591 2743 τοῦ
642 2689 849 2760 κυρίως
894 2689 1012 2752 ἑνὸς
1043 2689 1262 2759 καὶτῆς
1301 2689 1582 2759 μακαρίας
1604 2687 1818 2755 φύσεως

226 2789 524 2852 παντελῶς
546 2789 924 2860 ἠλλοτρίωται.
969 2790 1168 2858 Διόπερ
1232 2788 1332 2842 οὐκ
1385 2787 1532 2841 ἐστιν
1581 2787 1701 2840 οὐδὲ
1739 2785 1819 2856 τῷ

221 2878 462 2949 ἀριθμῷ
488 2877 606 2949 ἓνῆ
639 2878 715 2940 ὡς
751 2879 894 2949 ἁρχὴ
957 2878 1221 2949 ἀριθμοῦ,
1282 2877 1404 2931 οὐδὲ
1450 2877 1527 2941 ὡς
1590 2875 1820 2946 μέγεθος

227 2972 378 3042 ἢὼς
418 2971 559 3041 ἀρχὴ
616 2969 881 3038 μεγέθους
906 2986 920 3000 ·
958 2970 1139 3038 πάσης
1173 2971 1282 3040 γάρ
1309 2968 1624 3036 ποσότητος
1645 2967 1691 2997 ⁸³
1725 2966 1820 3020 καὶ

223 3065 442 3136 ¹μέρους
469 3064 564 3115 καὶ
587 3061 887 3125 συνθέσεως
914 3061 1290 3132 ὑπερίδρυται.
1325 3061 1462 3113 Ἀλλ’
1497 3062 1546 3113 εἱ
1569 3060 1649 3112 δεῖ
1681 3059 1819 3131 θαῤ-

231 3125 490 3228 ῥήξει-αντα
521 3156 716 3215 εἰπεῖν,
746 3155 804 3207 ἓν
842 3156 958 3207 ἐστι
999 3125 1062 3207 τὸ
1104 3125 1260 3207 ὸεῖον
1286 3155 1428 3208 κατὰ
1444 3154 1544 3224 τὴν
1584 3125 1820 3222 ἁπλότη-
1847 3125 1891 3184 c

222 3266 296 3303 τα
314 3249 423 3321 τῆς
448 3248 758 3319 ὑπάρξεως,
792 3248 890 3319 οὐχ
921 3247 998 3310 ὼς
1029 3247 1088 3301 ἓν
1122 3246 1424 3319 τριώνυμον
1448 3247 1820 3318 θεωρούμενον

223 3343 260 3414 ἢ
294 3343 390 3404 είς
417 3343 558 3412 μέρη
582 3342 960 3412 διαιρούμενον
991 3341 1024 3410 ἢ
1051 3333 1114 3392 ἐκ
1149 3340 1410 3394 πλειόνων
1444 3339 1818 3410 συγκείμενον·

227 3438 478 3508 ἄρρητον
501 3437 611 3504 γάρ
640 3437 758 3488 ἐστι
814 3435 910 3488 καὶ
964 3435 1406 3506 ἀκατονόμαστον
1463 3434 1622 3488 τοῦτο
1651 3433 1712 3486 τὸ
1741 3433 1820 3498 ἓν,

223 3528 374 3601 {865
399 3527 490 3599 3.]
523 3529 644 3580 ἐπεὶ
667 3528 762 3580 καὶ
785 3527 950 3581 αὐτοῦ
974 3528 1067 3581 τοῦ
1095 3529 1212 3592 ἑνός
1232 3531 1381 3582 ἐστιν
1409 3528 1603 3591 αἴτιον,
1642 3529 1824 3593 πάσης

228 3620 426 3682 ὲνὰδος
455 3619 698 3673 ἑνοποιὸν
727 3619 822 3672 καὶ
867 3620 1067 3684 παντὸς
1095 3621 1214 3683 ἑνὸς
1247 3621 1342 3674 καὶ
1370 3619 1610 3690 πλήθους
1647 3619 1820 3690 ὑπερ-

228 3713 604 3784 απλούμενον,
659 3711 746 3765 διά
771 3712 830 3764 τὸ
854 3711 1062 3784 κυρίως
1083 3712 1142 3765 ἓν
1183 3708 1325 3766 εἶναι
1387 3712 1484 3766 καὶ
1537 3713 1594 3765 ἐν
1655 3713 1823 3766 πᾶσιν

233 3803 382 3860 εἶναι
437 3806 532 3859 καὶ
585 3805 728 3874 ὑπὲρ
762 3803 939 3858 πάντα
958 3802 1350 3872 γινώσκεσθαι,
1382 3804 1689 3858 οὑσιοποιδν
1723 3803 1824 3874 μὲν

237 3900 504 3958 ἁπάντων
538 3897 646 3950 τῶν
689 3896 879 3960 ὅντων,
924 3895 1350 3969 ὑπεριδρυμένον
1381 3895 1440 3948 δὲ
1468 3897 1526 3948 ὲν
1553 3897 1620 3965 τῇ
1650 3895 1823 3966 ὑπερ-

238 3991 398 4062 ουσία
449 3991 544 4043 καὶ
599 3989 706 4060 ἰδίᾳ
771 3988 1024 4059 μονότητι
1051 4027 1069 4054 ,
1118 3989 1244 4050 ένὰς
1303 3987 1399 4041 καὶ
1477 3986 1645 4058 μονὰς
1711 3987 1825 4039 θεο-

235 4080 588 4150 λογούμενον,
623 4080 753 4141 Υἱὸς
791 4081 849 4131 έν
876 4079 1053 4150 Πατρ1¹
1085 4079 1182 4132 καὶ
1212 4077 1402 4148 Πατὴρ
1429 4076 1489 4128 ἐν
1515 4074 1628 4145 Υἱῷ
1654 4091 1822 4143 γινω-

231 4171 527 4241 σκόμενον,
575 4167 803 4240 Πνεῦμα
851 4169 1006 4238 ἅγιον
1028 4167 1461 4240 ἐκπορευόμενον
1495 4167 1559 4219 ὲκ
1588 4163 1820 4237 Πατρδς,

227 4263 415 4334 ἀρχὴν
447 4261 544 4333 μὲν
563 4261 685 4332 ἔχον
705 4261 796 4316 τὸν
821 4262 1061 4333 Πατέρα,
1083 4261 1152 4314 δι’
1177 4259 1311 4314 Υίοῦ
1343 4259 1398 4312 δὲ
1431 4261 1512 4323 εἰς
1533 4261 1711 4314 κτίσιν
1735 4257 1822 4311 ἐπ’

227 4355 530 4425 εὐεργεσίᾳ
542 4355 650 4406 τῶν
661 4353 1292 4425 δεχομένωνὲρχόμενον,
1312 4352 1370 4406 οὑ
1387 4351 1509 4404 καθ’
1528 4350 1720 4420 ὑφεσιν
1739 4368 1824 4420 γι-

1925 1857 2184 1913 ldentitas
2229 1861 2373 1914 enim
2399 1860 2564 1914 etiam
2613 1858 2666 1913 in
2699 1870 2877 1914 mente
2927 1869 3227 1929 spectatur,
3267 1860 3509 1928 itemque

1921 1948 2230 2014 diversitas,
2266 1961 2323 2006 et
2355 1963 2533 2008 motus
2559 1965 2612 2008 et
2647 1953 2822 2022 quies,
2855 1967 2953 2006 nec
2983 1954 3206 2006 omnino
3243 1961 3392 2005 caret
3415 1955 3508 2005 du-

1919 2041 2181 2111 plicitate.
2219 2043 2325 2098 Sed
2353 2045 2509 2114 quies
2534 2046 2751 2114 quidem
2780 2047 2832 2098 in
2855 2045 2968 2112 ipsa
3003 2055 3223 2114 propter
3252 2045 3508 2098 essentia:

1921 2133 2254 2190 identitatem
2296 2147 2571 2207 spectatur
2603 2157 2616 2193 :
2654 2138 2942 2193 diversitas
2975 2148 3152 2191 autem
3189 2145 3246 2191 et
3300 2147 3502 2198 motus,

1921 2237 2144 2296 prepter
2171 2230 2471 2284 naturalem
2501 2231 2606 2284 vim
2634 2241 2687 2286 et
2729 2232 3127 2300 operationem.
3147 2229 3331 2297 Neque
3359 2231 3504 2283 enim

1920 2327 2004 2372 est
2038 2319 2176 2374 idem
2209 2320 2393 2376 dicere
2420 2338 2588 2377 unum
2623 2321 2743 2394 [per
2771 2322 2853 2395 se]
2883 2333 2938 2378 et
2965 2338 3127 2376 unum
3153 2332 3400 2392 respectu
3427 2322 3508 2376 al-

1922 2409 2112 2464 terius.
2167 2411 2325 2468 Unde
2377 2415 2626 2484 quamvis
2681 2431 2822 2469 unns
2871 2417 2945 2470 sit
2995 2412 3261 2481 subjecto,
3320 2423 3504 2467 tamen

1920 2505 2135 2571 quando
2185 2505 2426 2576 seipsum
2473 2507 2807 2573 considerat,
2841 2517 2896 2562 et
2952 2507 3199 2560 noscitur
3245 2520 3275 2559 a
3323 2507 3505 2574 seipse

1922 2609 2019 2664 pro
2047 2610 2154 2650 uno
2179 2608 2234 2651 et
2273 2598 2504 2668 simplici
2531 2600 2728 2669 duplex
2756 2615 2879 2654 esse
2905 2598 3197 2669 probatur;
3231 2598 3370 2665 quod
3395 2595 3503 2652 etsi

1921 2689 2050 2755 quid
2082 2689 2260 2744 simile
2311 2692 2475 2747 habet
2523 2691 2691 2765 [uni,]
2758 2694 2976 2762 proprie
3011 2690 3240 2765 [tamen]
3276 2690 3342 2744 ab
3371 2704 3503 2753 uno,

1921 2790 1976 2834 et
2005 2796 2035 2833 a
2071 2783 2227 2834 beata
2261 2781 2403 2853 [Dei]
2441 2793 2636 2839 natura
2671 2800 2896 2854 prorsus
2947 2784 3185 2839 alienum
3221 2793 3324 2837 est.
3359 2781 3501 2836 llinc

1921 2885 2099 2941 neque
2152 2887 2378 2926 numero
2420 2889 2584 2928 unum
2639 2884 2743 2940 est,
2787 2883 2880 2929 aut
2916 2885 2974 2927 ut
3027 2873 3353 2942 principium
3398 2887 3504 2925 nu-

1921 2963 2095 3029 meri;
2151 2977 2324 3032 neque
2384 2973 2444 3018 ut
2502 2966 2839 3034 magnitudo,
2871 2965 2956 3019 vel
3037 2975 3097 3019 ut
3167 2963 3502 3034 principium

1925 3055 2331 3124 magnitudinis,
2348 3070 2564 3109 omnem
2581 3057 2724 3111 enim
2746 3057 3173 3128 magnitudinem
3197 3067 3253 3109 et
3268 3065 3504 3126 partem,

1925 3158 1979 3202 et
2013 3149 2460 3218 compositionem
2497 3151 2686 3204 vineit.
2735 3150 2801 3202 Et
2848 3151 2892 3204 si
2945 3150 3025 3204 fas
3067 3151 3287 3203 liberius
3335 3149 3506 3217 loqui,

1923 3255 2088 3294 unum
2120 3251 2203 3295 est
2230 3241 2487 3295 divinitas
2520 3245 2818 3296 secundum
2873 3242 3277 3310 simplicitatem
3317 3257 3507 3296 essen-

1925 3332 2032 3398 tim,
2065 3347 2170 3386 non
2211 3342 2270 3386 ut
2310 3347 2475 3385 unum
2515 3332 2615 3386 sub
2674 3332 2871 3401 triplici
2924 3334 3142 3388 nomine
3183 3334 3504 3388 considera~

1924 3434 2060 3487 tum,
2088 3433 2181 3480 aut
2206 3424 2256 3478 in
2287 3435 2469 3493 partes
2515 3424 2782 3490 divisum,
2817 3434 2908 3478 aut
2941 3441 3008 3479 ex
3064 3426 3309 3494 pluribus
3355 3442 3506 3480 com-

1923 3519 2189 3588 positum;
2231 3518 2609 3588 inexplicabile
2655 3519 2797 3571 enim
2832 3529 2936 3583 est,
2996 3532 3095 3572 nec
3139 3520 3248 3572 ullo
3287 3521 3507 3574 nomine

1924 3609 2028 3664 hoc
2060 3625 2223 3662 unum
2251 3609 2481 3679 exprimi
2514 3619 2689 3678 potest
2720 3629 2733 3664 :
2769 3611 2892 3678 quia
2922 3610 3088 3678 ipsius
3136 3611 3296 3666 unius
3336 3613 3505 3664 etiam

1921 3711 2008 3758 est
2039 3717 2225 3764 causa,
2255 3713 2311 3756 et
2345 3702 2568 3756 unitatis
2602 3703 2976 3771 cujuscunque
3015 3700 3207 3756 unicus
3246 3701 3506 3767 eﬂ'ector;

1921 3793 2176 3849 omnibus
2199 3808 2414 3864 quoque
2443 3802 2550 3847 tam
2594 3808 2725 3858 uno,
2773 3809 2936 3862 quam
2988 3794 3175 3849 multis
3218 3795 3332 3865 ipsa
3365 3797 3498 3850 sim-
3549 3773 3563 3788 ’

1920 3885 2162 3956 plicitate
2187 3887 2453 3956 superior,
2480 3901 2547 3942 eo
2580 3887 2724 3956 quod
2767 3888 2997 3956 proprie
3024 3903 3190 3941 unum
3226 3889 3320 3952 sit,
3347 3898 3403 3942 et
3450 3890 3502 3942 in

1920 3979 2173 4033 omnibus
2198 3988 2253 4032 et
2302 3993 2467 4047 super
2504 3980 2686 4033 omnia
2738 3978 3099 4049 intelligatur;
3137 3981 3276 4049 quod
3321 3982 3503 4034 omnia

1921 4069 2137 4138 quidem
2195 4085 2316 4140 quae
2365 4082 2514 4136 sunt,
2574 4072 2839 4136 condidit,
2882 4073 2932 4126 in
2986 4073 3502 4140 supersubstantiali

1923 4169 2104 4216 autem
2134 4169 2188 4217 et
2241 4162 2342 4217 sibi
2401 4163 2618 4233 propria
2665 4163 3048 4234 singularitate
3107 4162 3430 4229 fundatum,
3470 4181 3502 4220 a

1919 4250 2184 4323 theologis
2225 4254 2404 4308 unitas
2432 4263 2483 4309 et
2514 4255 2864 4325 singularitas
2891 4263 3157 4309 vocatur:
3221 4271 3320 4309 nec
3357 4257 3501 4310 aliud

1922 4358 2044 4399 esse
2091 4347 2460 4416 cognoscitur,
2485 4361 2648 4416 quam
2679 4345 2850 4400 Filius
2881 4345 2933 4399 in
2963 4346 3143 4409 Patre,
3174 4357 3226 4402 et
3257 4346 3417 4402 Pater
3447 4349 3498 4402 in

229 4446 589 4517 νωσκομένης
609 4446 708 4516 τῆς
727 4446 1053 4516 γεννήσεως,
1072 4446 1133 4499 οὐ
1163 4445 1302 4498 κατὰ
1318 4443 1488 4515 τομὴν
1511 4442 1616 4496 θεω
1625 4442 1819 4514 ρουμέ·

1923 4433 2060 4490 Filio
2089 4454 2103 4491 :
2144 4437 2379 4506 Spiritus
2406 4453 2620 4507 quoque
2648 4445 2872 4492 sanctus
2898 4438 3196 4506 procedens
3219 4452 3285 4492 ex
3315 4438 3498 4504 Patre,

234 4555 336 4609 νης
348 4539 447 4610 τῆς
466 4539 938 4611 ἐκπορεύσεως.Εἰ
953 4537 1061 4610 γάρ
1079 4556 1163 4602 τις
1185 4539 1304 4608 δοίη
1324 4535 1618 4602 ταῦτα,κα1.
1629 4535 1720 4588 ἐπὶ
1735 4552 1825 4588 τε-

239 4630 415 4700 τράδα
435 4630 480 4661 “
509 4631 604 4683 καὶ
650 4630 887 4683 πεντάδα
923 4631 1019 4682 καὶ
1061 4630 1149 4683 ἐπ’
1202 4629 1429 4700 ἄπειρον
1471 4627 1570 4697 τὴν
1599 4627 1824 4696 πρόοδον

241 4721 444 4792 ῥυῆναι
470 4723 607 4777 κατὰ
642 4724 768 4786 τοὺς
808 4722 1078 4793 Ἑλλήνων
1121 4721 1324 4791 μύθους
1372 4721 1822 4787 συγκατασκευά-

240 4829 409 4869 σειεν.
451 4815 540 4867 Ἓν
563 4811 658 4868 οὖν
686 4815 889 4888 κυρίως
909 4815 956 4845 ⁸⁵
989 4813 1050 4866 τὸ
1073 4813 1252 4878 Θεῖον,
1279 4814 1600 4885 πληθυσμὸν
1630 4813 1820 4867 οὐδένα

233 4906 701 4977 παραδεχόμενον,
713 4906 789 4970 ὡς
806 4903 1040 4977 ἀκριϐής
1051 4921 1110 4956 τε
1136 4906 1229 4957 καὶ
1248 4904 1452 4975 ἀληθὴς
1471 4905 1660 4974 ἑνότης
1677 4905 1817 4957 κατὰ

233 4997 334 5066 τὴν
381 4999 640 5070 φυσικὴν,
673 5001 719 5052 εἰ
745 4999 850 5070 χρὴ
871 4996 1058 5067 φάναι,
1083 4996 1459 5067 θεωρούμενον
1481 4998 1810 5069 ταυτότητά.

236 5088 400 5143 Ὅθεν
443 5090 493 5141 εἰ
528 5091 629 5142 καὶ
683 5089 1012 5150 ὑποστάσεις
1054 5088 1088 5159 ἢ
1134 5088 1405 5157 πρόσωπα
1456 5088 1489 5159 ἢ
1546 5088 1813 5158 ἰδιότητας

227 5180 596 5252 ὀνομάζομεν,
627 5182 662 5236 δι
684 5184 711 5235 ὁ
736 5181 860 5246 νοῦς
904 5180 1064 5250 ἔγνω,
1097 5179 1220 5233 καθ’
1246 5181 1370 5232 ὅσον
1398 5179 1619 5232 δυνατόν
1643 5181 1809 5241 ἐστιν,

225 5273 574 5343 ἑρμηνεῦσαι
609 5273 940 5344 βουλόμενοι,
974 5274 1034 5326 οὐ
1067 5271 1126 5324 τὸ
1156 5271 1212 5324 ἓν
1245 5269 1583 5340 διαιροῦμεν,
1621 5271 1682 5324 οὗ
1711 5269 1810 5339 τὴν

219 5363 442 5437 μονάδα
493 5363 804 5435 μερίζομεν,
840 5365 899 5417 οὑ
920 5363 1016 5434 τὴν
1055 5363 1214 5416 ὲνάδα
1264 5361 1604 5430 διασπῶμεν,
1673 5361 1807 5415 ἀλλὰ

219 5458 295 5524 τῇ
325 5455 484 5526 ἀϊδίῳ
541 5457 792 5526 μονότητι
842 5455 1218 5525 θεολογοῦντες
1282 5455 1484 5522 ταύτην
1542 5457 1600 5507 ὲν
1630 5456 1807 5526 τρισὶν

218 5546 412 5617 αὐτὴν
450 5547 909 5617 συνθεολογοῦμεν
970 5549 1349 5611 ὐποστάσεσιν,
1384 5547 1484 5599 οὐκ
1533 5547 1808 5617 ἀνθρωπί-

221 5653 345 5700 νοις
399 5636 680 5707 λογισμοῖς
735 5637 803 5690 τά
847 5639 986 5711 ὑπὲρ
1039 5638 1164 5692 νοῦν
1221 5635 1634 5698 ὑποϐάλλοντες,
1686 5635 1808 5688 οὐδὲ

1921 4537 1976 4582 et
2007 4529 2332 4598 principium
2374 4529 2590 4598 quidem
2643 4531 2848 4583 habens
2883 4529 3120 4593 Patrem,
3151 4531 3242 4583 sed
3281 4545 3376 4598 per
3413 4531 3501 4584 Fi-

1918 4618 2049 4673 lium
2080 4621 2132 4673 in
2164 4629 2468 4685 creaturas,
2499 4637 2598 4690 pro
2619 4637 2714 4676 sua
2754 4637 2881 4690 erga
2913 4621 3115 4674 electos
3142 4624 3496 4678 beneﬁcentia

1917 4712 2298 4767 descendens:
2330 4713 2409 4768 sic
2441 4725 2617 4768 tamen
2672 4723 2731 4766 ut
2777 4729 2876 4768 nec
2927 4717 3280 4784 generatione
3324 4715 3495 4788 [Filii]

1919 4805 2202 4858 imminuta
2255 4820 2510 4859 noscatur
2564 4807 2836 4871 essentia,
2902 4823 2999 4861 nec
3045 4808 3096 4861 iu
3155 4811 3499 4877 processioue

1919 4893 2175 4966 [Spiritus
2208 4895 2405 4968 sancti]
2437 4896 2674 4962 ejusdem
2707 4897 2900 4950 divisio
2935 4897 3072 4952 facta
3111 4899 3494 4953 existimetur:

1915 4988 2270 5056 generatione
2323 5003 2428 5041 non
2484 5005 2578 5058 per
2631 4989 2973 5042 imminutam
3043 4991 3336 5044 essentiam
3377 5007 3496 5060 spc-

1917 5088 2083 5144 etata,
2120 5094 2295 5148 neque
2336 5083 2680 5149 processioue
2711 5084 3006 5136 secundum
3054 5085 3370 5138 divisionem
3402 5102 3491 5138 cn-

1916 5171 2087 5239 gnita.
2147 5170 2205 5224 Si
2257 5173 2402 5226 enim
2458 5174 2572 5227 ham
2619 5174 2956 5228 concesserit
3008 5175 3314 5243 quispiam,
3381 5186 3492 5229 tum

1915 5266 2210 5319 secundum
2265 5263 2472 5317 fabulas
2519 5279 2850 5332 paganorum
2892 5280 3061 5333 usque
3103 5267 3168 5318 ad
3204 5275 3495 5332 quaterna-

1916 5374 2063 5424 rum,
2095 5359 2381 5427 quinarum
2412 5373 2476 5410 ac
2506 5358 2719 5410 tandem
2750 5373 3092 5427 pregressum
3138 5358 3188 5410 in
3222 5357 3492 5413 inﬁnitum

1915 5453 2215 5506 concedere
2274 5459 2581 5519 cogeretur.
2647 5448 2833 5518 Itaque
2896 5448 3154 5519 quidquid
3218 5449 3355 5503 Dens
3410 5459 3494 5504 est

1914 5543 2132 5612 proprie
2168 5557 2331 5595 unum
2371 5552 2474 5607 est,
2501 5541 2642 5608 quod
2692 5541 2888 5594 nullam
2921 5541 3158 5593 admittit
3194 5541 3490 5596 multitudi-

1918 5650 2066 5696 nent,
2110 5644 2364 5701 tanquam
2397 5632 2636 5702 perfecta
2681 5649 2914 5703 veraque
2943 5633 3240 5687 secundum
3273 5643 3492 5688 natura-

1510 5725 1748 5780 VARUE
1790 5723 2194 5780 LECTIUNES.

323 5813 371 5848 ⁸¹
405 5817 635 5891 μονάδα]
666 5818 827 5874 ἐνάδα
860 5817 924 5875 Α.
1001 5821 1046 5852 δ’
1074 5819 1403 5891 θεολογείται
1431 5820 1480 5876 θ.
1527 5837 1589 5884 ς.
1666 5819 1712 5851 ⁸³
1738 5818 2035 5890 μεσότητος
2062 5820 2126 5871 Λ.

2205 5815 2250 5852 ⁸⁸
2271 5816 2368 5872 καὶ
2403 5816 2496 5871 ἐπὶ
2528 5833 2682 5873 πεντ.
2705 5814 2766 5871 Β.
2845 5815 2889 5849 ⁸⁸
2913 5813 3119 5886 κυρίως
3153 5814 3247 5871 οῦν
3275 5831 3338 5884 ς.
