4004 6448
325 402 471 469 1065
1391 408 1912 468 BlBLIOTHECA.
1950 430 2018 442 ·-
2048 406 2210 468 COD.
2252 406 2523 467 CCXXX.
3422 402 3564 466 1966

304 516 391 578 είς
424 513 557 584 μίαν
583 512 746 584 φύσιν
780 514 1074 579 συνελθεῖν,
1126 515 1300 570 ταῦτα
1338 517 1518 571 πάντα
1551 518 1600 548 ³⁸
1637 518 1666 570 ὁ
1704 515 1890 577 καινὸς

2003 528 2111 583 quae
2140 512 2339 568 diversi
2382 510 2597 584 generis
2648 520 2777 566 sunt
2807 510 2907 584 (sie
2949 510 3310 581 quantitatem
3340 521 3393 565 et
3422 528 3561 581 qua-

306 605 611 677 νομοθέτης
663 599 819 669 οὗτος
877 608 925 638 ⁸³
971 606 1411 677 παρακελεύεται
1465 609 1606 661 νοεῖν
1670 624 1730 660 τε
1791 606 1887 661 καὶ

2003 608 2186 661 itatem
2234 615 2290 660 et
2335 619 2676 675 quaecunque
2708 603 2813 657 alia
2852 603 3015 657 simul
3042 602 3095 656 in
3116 616 3279 657 unam
3314 611 3564 657 naturam

302 695 489 765 λέγειν
511 696 726 767 ὁμοφυῆ
765 714 827 750 τε
859 698 969 751 ’καὶ
994 698 1256 767 ὁμοούσια
1288 714 1302 729 ’
1336 699 1394 751 ὲν
1414 698 1521 769 γάρ
1558 700 1621 769 τῇ
1644 699 1890 768 ἡμετέρᾳ

2003 700 2132 754 tullo
2157 698 2316 752 modo
2343 698 2634 752 convenire
2657 704 2903 764 possunt,
2935 694 3167 765 appello)
3195 738 3210 763 ,
3243 695 3358 749 hac
3394 708 3565 750 novus

303 788 471 854 οὐσίᾳ
501 790 751 860 φανερῶς
781 791 977 859 ὁρᾶται
1012 792 1107 844 καὶ⁵
1141 792 1365 859 ποιότης
1398 792 1495 843 καὶ
1528 790 1762 858 ποσότης
1797 789 1893 840 καὶ

2006 791 2075 843 lle
2109 791 2299 843 doctor
2326 805 2422 845 seu
2453 788 2733 860 legislator
2752 787 2831 842 sic
2853 785 3006 852 jubet
3036 801 3100 840 ac
3119 784 3164 839 si
3194 785 3304 839 sint
3322 784 3566 853 ejusdem

306 879 449 947 πρός
482 894 535 930 τι
564 878 658 931 καὶ
690 880 847 942 εἴτις
870 881 917 912 ³⁵
938 880 1155 943 τούτοις
1185 882 1264 944 είς
1293 881 1497 933 ἀκοινω
1514 882 1690 951 κήτους
1720 876 1893 949 ἀρχὰς

306 965 684 1039 συνδιῄρηται.
721 970 885 1024 Ἀλλὰ
913 970 1069 1024 τοῦτο
1116 971 1216 1042 μὲν
1260 972 1552 1042 αὐτάρκως
1599 970 1767 1023 ἔδωκε
1800 968 1891 1020 τὸν

307 1059 530 1129 ἔλεγχον
559 1060 619 1113 τὺ
640 1060 816 1130 ἀτόπη
826 1079 922 1132 μα.

1986 893 2200 937 natura:
2228 883 2471 952 ejusdem
2504 881 2667 936 simul
2701 879 3025 934 substantia)
3072 877 3285 944 concipi
3308 888 3359 931 et
3386 875 3571 946 appel-

1995 971 2116 1025 lari.
2149 971 2207 1027 In
2227 982 2411 1028 nostra
2432 974 2581 1028 enim
2604 970 2904 1027 substantia
2927 980 3117 1037 aperte
3131 968 3376 1023 cernitur
3390 983 3570 1036 quan-

1999 1062 2151 1128 titas,
2184 1073 2239 1118 et
2265 1064 2521 1134 qualitas,
2547 1072 2603 1118 et
2642 1062 2789 1131 quod
2821 1072 2905 1116 est
2939 1060 3005 1114 ad
3034 1058 3243 1129 aliquid
3283 1057 3513 1112 relatum
3551 1097 3567 1121 ,

309 1163 365 1207 et
394 1151 440 1205 si
470 1152 595 1219 quis
635 1168 733 1221 per
780 1154 896 1208 htec
934 1152 1205 1225 [naturam
1227 1153 1501 1226 nostram]
1536 1156 1593 1208 in
1631 1151 1894 1223 principia
1934 1150 2466 1211 incommunicabilia
2491 1154 2653 1210 simul
2682 1152 2948 1208 diviserit.
2972 1152 3149 1220 Atque
3197 1150 3304 1205 hoc
3351 1148 3573 1219 quidem

315 1242 605 1297 absurdum
634 1243 828 1313 dogma
857 1244 1131 1313 copiosam
1169 1246 1324 1299 nobis
1354 1246 1584 1315 praebuit
1603 1243 1889 1299 materiam
1928 1242 2224 1299 refutandi.

403 1333 678 1387 Ἀλλ’-οὐδ’
707 1334 849 1388 οῦτω
905 1338 1063 1407 σιγᾷν
1107 1331 1215 1390 οἶδε
1266 1338 1328 1389 τὸ
1369 1337 1573 1408 φίλερι.
1612 1336 1749 1390 Φασὶ
1793 1334 1897 1405 γάρ

316 1442 455 1489 τινες
488 1427 805 1497 συμπλοκὴν
831 1428 1021 1492 οὐσίας
1043 1430 1139 1483 καὶ
1178 1428 1463 1499 ἰδιώματος
1482 1424 1621 1482 εἶναι
1648 1428 1745 1499 τὴν
1761 1427 1897 1481 ὐπό-

313 1536 507 1571 στασιν
529 1535 543 1549 ·
584 1519 612 1571 ὃ
643 1521 958 1589 περιφανῶς
986 1522 1325 1589 συνεισάγειν
1354 1518 1462 1575 οἶδε
1490 1521 1589 1592 τὴν
1626 1520 1894 1609 σύνθεσιν.

315 1610 427 1663 Καὶ
453 1609 557 1662 ποῦ
587 1609 651 1662 ἂν
674 1610 759 1680 εἴη
795 1611 855 1664 τὸ
880 1611 1083 1665 ἁπλοῦν
1112 1614 1202 1666 καὶ
1232 1612 1523 1666 ἀσύνθετον
1544 1613 1645 1682 τῆς
1683 1613 1742 1665 ἐν
1769 1613 1834 1681 τῇ
1849 1612 1896 1642 ⁹⁵

2070 1334 2365 1391 Enimvero
2399 1351 2503 1392 nec
2532 1336 2605 1390 ita
2634 1335 2853 1405 quidem
2893 1332 3080 1389 didicit
3112 1341 3297 1387 tacere
3342 1342 3574 1388 conten-

1999 1428 2171 1482 tiosus
2196 1428 2453 1497 litigator.
2489 1427 2694 1483 Docent
2714 1427 2860 1480 enim
2887 1426 3134 1481 nonnulli
3156 1438 3222 1478 ex
3250 1424 3574 1479 substantia:

1999 1529 2055 1573 et
2114 1520 2465 1589 proprietatis
2526 1519 2873 1589 copulatione
2946 1527 3199 1572 constare
3262 1532 3571 1586 personam.

1996 1610 2129 1676 Quae
2160 1612 2433 1665 sententia
2471 1610 2759 1665 manifeste
2812 1610 3008 1665 asserit
3042 1607 3121 1680 [in
3170 1606 3305 1678 Deo]
3353 1623 3575 1676 compo—

310 1700 513 1771 Τριάδι
545 1700 830 1771 θεότητοςς
871 1704 921 1757 οἱ
957 1703 1014 1757 δὲ
1046 1704 1141 1758 καὶ
1176 1705 1456 1758 Βασίλειον
1486 1703 1783 1775 προῖστῶσι
1804 1703 1895 1755 τὸν

2003 1704 2287 1772 sitionem;
2318 1715 2375 1759 at
2404 1704 2494 1760 ubi
2522 1707 2627 1761 erit
2650 1704 2781 1759 illud
2837 1704 3064 1774 simplex
3088 1712 3144 1758 et
3176 1701 3244 1757 ab
3272 1702 3418 1756 omni
3441 1716 3576 1756 con-

308 1794 508 1861 Μέγαν
547 1796 645 1863 τῆς
681 1796 864 1865 φωνῆς
899 1796 1238 1862 διδάσκαλον,
1291 1799 1391 1852 οὐκ
1434 1798 1709 1861 ἐθέλοντες
1754 1799 1893 1851 νοεῖν

2003 1797 2242 1850 cretione
2278 1796 2517 1851 materiae
2561 1796 2789 1852 liberum
2814 1797 2871 1849 in
2904 1804 3107 1851 sancta:
3131 1794 3418 1849 Trinitatis
3454 1793 3574 1846 dei-

308 1883 391 1948 ὡς
418 1886 447 1938 ὁ
483 1887 643 1955 σοφὸς
674 1888 881 1951 ἐκεῖνος
914 1889 1052 1961 ἀνὴρ
1074 1888 1199 1941 οὐτε
1230 1891 1355 1960 ὅρον
1402 1888 1526 1943 οὐτε
1568 1890 1896 1960 ὑπογραφὴν

311 1975 603 2041 ἀποδιδοὺς
635 1979 1015 2043 ὑποστάσεως
1044 1980 1106 2034 τὺ
1146 1980 1247 2050 τῆς
1288 1982 1607 2052 συμπλοκῆς
1650 1981 1895 2053 παρέλα·

310 2068 411 2122 ϐεν
434 2070 625 2139 ὄνομα,
656 2071 791 2124 ἀλλὰ
836 2070 1544 2143 βουλόμενοςιὲπιστομίσαι
1604 2072 1696 2127 τὸν
1745 2073 1895 2126 Ἀνό-

316 2180 474 2233 μοιον
496 2164 541 2195 ³³
566 2163 665 2233 τὴν
704 2164 1034 2234 άγεννησίαν
1093 2166 1188 2217 καὶ
1211 2166 1309 2235 τὴν
1332 2166 1520 2219 οὐσίαν
1568 2168 1648 2230 εἰς
1699 2166 1897 2221 ταύτὸν

312 2254 547 2321 ἀγαγεῖν
572 2252 615 2283 ³⁷
650 2250 1124 2324 φιλονεικησαντα,
1157 2256 1249 2307 καὶ
1296 2254 1394 2325 τὴν
1438 2254 1576 2325 πρὸς
1613 2256 1675 2308 τὸ
1701 2270 1896 2324 γεννη-

318 2345 412 2397 τὸν
439 2345 487 2376 ⁸⁸
537 2344 630 2396 τοῦ
680 2345 983 2415 ἀγεννήτου
1021 2345 1284 2417 διαφορὰν
1320 2347 1404 2410 είς
1446 2347 1540 2400 τὸν
1574 2347 1674 2417 τῆς
1711 2347 1898 2411 οὐσίας

313 2438 477 2506 λόγον
523 2440 872 2509 μεταγαγεῖν,
902 2438 989 2491 ἵνα
1022 2439 1096 2509 μὴ
1134 2439 1292 2509 μόνον
1325 2440 1370 2471 ⁸³
1405 2439 1719 2509 διαφόρους,
1756 2438 1895 2493 ἀλλὰ

312 2531 417 2581 καὶ
439 2531 821 2600 ἀντικειμένας
850 2530 1038 2594 οὐσίας
1078 2531 1289 2599 είσάγοι
1315 2532 1331 2561 ¹
1362 2531 1455 2584 ὲπί
1477 2549 1539 2584 τε
1568 2531 1661 2585 τοῦ
1684 2531 1899 2601 Πατρὸς

311 2622 419 2673 καὶ
450 2620 543 2674 τοῦ
579 2622 732 2677 Υἱοῦ.
769 2624 867 2675 Διὰ
883 2621 1041 2675 τοῦτο
1067 2625 1095 2676 ό
1125 2624 1252 2685 τοὺς
1279 2623 1471 2692 λόγους
1498 2623 1801 2695 οἰκονομῶν
1839 2625 1899 2676 ὲν

313 2712 505 2782 κρίσει
551 2712 852 2776 Βατίλειος,
888 2716 947 2765 έν
980 2714 1058 2784 τῷ
1084 2715 1221 2782 πρὸς
1274 2714 1365 2767 τὸν
1394 2714 1671 2784 ’Λνὸμοιον
1700 2715 1894 2783 ἀγῶνι,

1997 1886 2145 1939 tate?
2178 1886 2322 1953 Quin
2369 1896 2424 1941 et
2475 1886 2735 1942 Basilium
2785 1886 3035 1957 Magnum
3082 1884 3245 1954 hujus
3291 1885 3576 1940 sententiae

1995 1984 2270 2034 auctorem
2327 1978 2591 2035 laudant:
2627 1996 2749 2035 cum
2792 1979 3055 2052 [interim]
3083 1978 3253 2034 nolint
3291 1992 3502 2048 capere,
3542 1994 3574 2032 a

1997 2073 2242 2140 sapiente
2270 2072 2359 2127 illo
2388 2073 2502 2128 viro
2551 2087 2727 2142 neque
2769 2071 3047 2126 delinitam
3090 2085 3211 2126 esse
3242 2085 3346 2126 nec
3374 2071 3576 2125 descri-

1997 2174 2145 2234 ptam
2176 2165 2517 2235 hypostasin,
2561 2165 2778 2234 quando
2800 2164 3165 2232 copulationis
3196 2178 3390 2217 nomen
3414 2179 3577 2217 usur-

2000 2259 2169 2329 pavit,
2193 2258 2288 2312 sed
2320 2273 2443 2312 cum
2473 2256 2639 2311 vellet
2689 2256 2990 2325 reprimere
3019 2254 3310 2308 Anontium
3343 2254 3456 2324 (qui
3489 2257 3575 2307 in-

1997 2352 2239 2424 genitum
2266 2362 2320 2405 et
2365 2350 2660 2405 essentiam
2700 2347 3057 2413 confundere,
3108 2356 3164 2401 et
3211 2346 3577 2402 differentiam

1998 2444 2143 2499 inter
2184 2445 2425 2515 genitum
2456 2453 2514 2498 et
2545 2442 2847 2512 ingenitum
2878 2442 2944 2496 ad
2966 2440 3231 2495 rationem
3260 2438 3578 2495 substantia:

1998 2537 2297 2593 transferre
2353 2536 2737 2600 contendebat,
2776 2544 2836 2588 ut
2869 2548 2974 2587 non
3020 2532 3195 2587 solum
3241 2531 3578 2597 differentes,

1998 2634 2093 2687 sed
2126 2633 2291 2687 etiam
2342 2631 2647 2688 contrarias
2695 2638 2859 2699 ponat
2911 2628 2970 2683 in
3008 2628 3169 2682 Patre
3196 2638 3253 2682 et
3284 2626 3423 2681 Filio
3448 2628 3579 2681 sub-

1999 2722 2249 2793 stantias)
2284 2734 2607 2794 :propterea
2653 2723 2947 2791 disponens
2996 2735 3295 2777 ssermones
3340 2733 3469 2774 suos
3522 2719 3580 2773 in

311 2804 400 2874 τῷ
446 2803 611 2874 κοινῷ
652 2804 955 2875 συμπλέκει
998 2806 1058 2858 τὸ
1105 2806 1256 2871 ἴδιον,
1298 2805 1603 2876 ἀσύγχυτον
1636 2808 1767 2877 ἡμῖν
1804 2808 1899 2860 καὶ

2003 2817 2199 2885 iudicio
2244 2818 2521 2880 Basilius,
2578 2815 2635 2870 in
2689 2812 3077 2883 disputationis
3127 2812 3421 2867 certamine
3453 2826 3580 2866 cum

312 2896 751 2967 διακεκριμένην
779 2896 1090 2967 μεθοδεύων
1118 2899 1217 2970 τὴν
1245 2899 1347 2968 τῆς
1374 2899 1629 2970 ἀληθείας
1658 2900 1896 2970 κατάλη-

310 2984 435 3056 ψιν.
480 2988 701 3056 Ἀπορεῖ
742 2988 841 3058 μὲν
878 2988 987 3057 γὰρ
1017 2988 1408 3059 ὁάνθρώπινος
1456 2990 1581 3053 νοῦς
1614 2992 1761 3063 άπλῇ
1804 2994 1899 3047 καὶ

1998 2909 2250 2974 Anomio,
2282 2909 2556 2977 proprium
2584 2907 2859 2976 componit
2898 2920 3022 2960 cum
3053 2903 3352 2966 communi,
3384 2903 3578 2957 incoa-

2000 2999 2120 3055 fusa
2150 3000 2307 3054 nobis
2343 3011 2399 3055 et
2426 3000 2685 3054 distincta
2709 2998 2798 3054 via
2834 3000 2899 3052 ad
2940 2996 3257 3066 capiendam
3292 2995 3581 3049 veritatem

316 3078 429 3148 μιᾷ
459 3077 732 3149 προσϐολῇ
773 3078 835 3130 τὸ
897 3081 1094 3132 ένιαῖον
1150 3080 1267 3151 ἅμα
1316 3082 1409 3134 καὶ
1449 3082 1655 3135 ἁπλοῦν
1714 3085 1809 3136 καὶ
1837 3084 1899 3137 τὸ

2005 3091 2397 3148 demonstrata.
2426 3092 2543 3145 Non
2575 3100 2758 3160 potest
2796 3090 2941 3144 enim
2978 3090 3214 3143 humana
3263 3103 3419 3143 mens
3447 3089 3585 3142 sim-

313 3170 542 3243 τρισσὸν
591 3170 919 3224 καταλαϐεῖν
977 3172 1084 3225 τῶν
1135 3173 1516 3227 ὐποστάσεων*
1559 3174 1639 3228 διὸ
1681 3178 1747 3248 τῇ
1782 3177 1905 3231 ,τῶν

319 3263 656 3333 ἰδιωμάτων,
716 3263 792 3326 ὡς
839 3265 868 3316 ὁ
916 3264 1235 3328 διδάσκαλος
1296 3265 1420 3337 ἔφη,
1466 3267 1753 3340 προσθήκῃ
1806 3270 1905 3341 τὴν

319 3355 636 3420 ἰδιάζουσαν
684 3358 935 3428 ἀφορίζει
982 3358 1090 3409 τῶν
1131 3360 1486 3413 ὐποστάσεων
1524 3360 1753 3416 ἔννοιαν.
1793 3364 1906 3417 Καὶ

315 3449 443 3501 ἐστι
495 3448 592 3518 μὲν
639 3452 671 3519 ἡ
731 3450 953 3520 μέθοδος
1001 3452 1286 3515 ἀσθενείας
1327 3455 1618 3525 ἐπίκουρος
1667 3458 1761 3509 καὶ
1805 3456 1905 3526 τῆς

316 3540 457 3608 περὶ
506 3540 567 3592 τὸ
614 3540 998 3608 ἀκατάληπτον
1067 3544 1325 3613 συνεργὸς
1385 3545 1786 3615 καταλήψεως,
1842 3548 1903 3600 οὐ

319 3632 439 3702 μήν
471 3648 533 3699 γε
580 3632 1074 3702 συμπεπλεγμένον
1111 3635 1171 3686 τὸ
1206 3635 1411 3689 ἁπλοῦν
1441 3640 1539 3707 τῆς
1574 3637 1826 3708 θεότητος
1868 3639 1904 3709 ἢ

313 3723 467 3786 ὅλως
494 3724 615 3776 τινὰ⁴
633 3724 742 3778 τῶν
769 3725 972 3793 ταύτης
999 3727 1347 3781 ὐποστὰσεων
1375 3728 1636 3799 οὐμενοῦν
1655 3730 1907 3799 οὐδαμῶς

315 3818 433 3869 ἀπε
440 3815 756 3884 ργάσαιτο².
774 3817 863 3869 Διὸ
882 3819 1265 3890 καὶὲπήγαγεν
1282 3820 1357 3881 ὡς
1370 3821 1651 3890 ἀμήχανον
1676 3820 1906 3886 ἰδιάζου-

330 3922 437 3958 σαν
462 3904 669 3960 έννοιαν
703 3908 917 3978 Πατρδς
946 3907 1131 3962 λαϐεῖν
1185 3908 1313 3981 [458
1354 3908 1445 3981 Ιί.]
1478 3910 1510 3980 ἢ
1538 3910 1690 3975 Υἱοῦ,
1724 3913 1800 3983 μὴ
1839 3915 1906 3983 τῇ

324 3997 439 4051 τῶν
473 3998 781 4068 ἰδιωμάτων
822 4000 1109 4072 προσθήκῃ
1146 4002 1245 4071 τῆς
1286 4000 1521 4066 διανοίας
1554 4004 1911 4075 διαρθρουμέ-

322 4109 450 4163 νης.
501 4093 613 4146 Καὶ
646 4094 784 4163 ὅπερ
815 4095 873 4146 ὲν
909 4096 1022 4158 τοῖς
1060 4093 1391 4164 προλαϐοῦσι
1437 4095 1755 4165 συμπλοκὴν
1779 4097 1909 4149 ἑκά-

2008 3184 2131 3252 plici
2157 3193 2210 3237 et
2240 3184 2400 3237 unico
2425 3192 2719 3251 conceptus
2752 3182 2979 3250 impetu.
3004 3181 3167 3235 simul
3199 3180 3332 3234 illud
3361 3180 3585 3235 unicum

2006 3287 2069 3326 ac
2106 3272 2333 3340 simplex
2372 3270 2451 3343 [in
2479 3268 2780 3341 divinitate]
2827 3282 2882 3325 et
2913 3270 3180 3338 triplicem
3227 3284 3586 3337 personarum

2005 3380 2297 3420 numerum
2349 3380 2577 3433 capere;
2625 3374 2934 3434 pr0pterea,
2978 3372 3039 3419 ut
3092 3365 3351 3432 magister
3402 3362 3585 3424 docet,

2006 3474 2104 3528 per
2159 3457 2551 3526 pr0prietatum
2613 3456 2972 3526 adiectionem
3019 3456 3337 3509 distinctum
3391 3455 3442 3508 in
3502 3454 3588 3507 liis

2007 3553 2207 3606 format
2237 3564 2590 3619 personarum
2630 3558 2971 3616 conceptum.
3004 3546 3289 3601 Methodus
3314 3560 3445 3600 sane
3469 3559 3589 3599 suc-

2009 3642 2180 3696 currit
2208 3641 2586 3705 imbecillitati,
2620 3641 2888 3708 eliicitque
2922 3648 2980 3692 ut
3013 3639 3158 3707 quod
3187 3636 3411 3707 intelligi
3439 3637 3589 3705 prius

2010 3750 2116 3788 non
2189 3742 2421 3801 poterat,
2513 3731 2672 3786 facile
2755 3730 3112 3801 intelligatur.
3190 3728 3349 3783 Nullo
3432 3729 3591 3782 modo

2008 3841 2137 3894 ergo
2190 3824 2371 3897 [divus
2428 3822 2681 3895 Basilius]
2740 3824 2968 3878 Deitatis
3015 3821 3445 3891 simplicitatem,
3494 3827 3592 3873 aut

2007 3932 2292 3987 personam
2323 3931 2707 3985 quamcunque
2744 3915 3053 3970 Divinitatis
3093 3914 3456 3983 compositam
3497 3928 3592 3965 vo-

2008 4012 2129 4065 luit.
2189 4008 2326 4063 llinc
2373 4008 2594 4078 adjecit,
2650 4007 2988 4077 impossibile
3034 4021 3157 4061 esse
3216 4005 3491 4075 proprium
3538 4014 3593 4059 ct

2009 4100 2342 4169 singularem
2375 4096 2445 4150 de
2485 4096 2647 4151 Patre
2671 4102 2766 4149 aut
2790 4093 2929 4149 Filio
2983 4094 3103 4148 sine
3165 4093 3589 4162 proprietatum.

321 4185 477 4247 λεσε,
515 4185 676 4237 τοῦτο
713 4184 808 4238 νῦν
833 4186 1155 4257 προσθήκην
1179 4185 1455 4256 ὠνόμασε,
1486 4188 1817 4258 σαφέστερον
1844 4188 1907 4259 δὴ

318 4275 387 4327 τὸ
419 4275 712 4344 εἰρημένον
735 4274 905 4327 ποιῶν
929 4288 943 4303 ⁶
970 4278 1051 4329 Οὐ
1085 4275 1193 4344 γὰρ
1221 4273 1274 4327 oi
1302 4275 1607 4339 δεικτικοί,
1626 4276 1781 4346 φησι,
1800 4275 1909 4345 τῆς

2008 4193 2207 4262 quibus
2232 4187 2563 4260 intelligendi
2595 4185 2825 4241 facultas
2857 4184 3248 4256 distinguatur,
3279 4182 3592 4251 adiectione

2009 4284 2245 4339 formare
2270 4291 2612 4351 conceptum.
2648 4279 2713 4333 Et
2749 4278 2889 4349 quod
2926 4287 3085 4332 antea
3108 4284 3334 4330 vocarat
3361 4290 3480 4329 com
3496 4290 3593 4341 po-

321 4366 518 4435 ιδιότη
528 4385 627 4434 τος
650 4368 833 4423 αὑτοῦ
852 4372 1057 4438 τρόποι
1086 4371 1193 4423 τὸν
1212 4368 1323 4435 τῆς
1347 4371 1687 4438 ἁπλότητος
1718 4370 1900 4425 αὑτοῦ

2009 4376 2283 4442 sitionem,
2317 4374 2368 4427 id
2394 4388 2535 4427 nunc
2562 4371 2853 4441 appellavit
2873 4369 3251 4437 adiectionem,
3284 4376 3343 4420 ut
3374 4365 3426 4419 id
3448 4365 3592 4435 quod

319 4462 518 4531 λόγον
535 4461 1112 4531 παραλυπήσουσιν·
1136 4461 1174 4531 ἢ
1200 4463 1353 4515 οὓτω
1375 4478 1442 4531 γε
1459 4460 1536 4515 ἂν
1556 4461 1772 4524 πάντα,
1791 4461 1900 4515 ὅσα

2015 4468 2267 4531 dixerat,
2308 4464 2482 4535 magis
2520 4464 2847 4519 declararet.
2893 4459 3041 4515 Medi
3088 4477 3209 4530 ergo
3260 4459 3459 4528 280a
3498 4475 3590 4510 seu

323 4553 461 4621 περὶ
498 4555 648 4609 Θεοῦ
669 4551 927 4625 λέγεται,
949 4554 1246 4609 σύνθετον
1282 4553 1427 4623 ἡμῖν
1465 4554 1572 4607 τὸν
1597 4553 1749 4608 Θεὸν
1767 4554 1900 4609 ἀνα-

2015 4559 2176 4626 πυρὶ,
2201 4556 2271 4609 ad
2298 4555 2638 4609 indicandam
2670 4557 3041 4622 proprietatem
3082 4555 3146 4606 ab
3191 4553 3282 4605 illo
3309 4551 3588 4622 (Basilius)

326 4644 500 4714 δείξῃ
522 4646 564 4698 ³-
2023 4649 2082 4702 in
2106 4648 2338 4700 docendo
2369 4645 2609 4706 adhibiti,
2638 4644 2989 4712 simplicitatis
3022 4644 3281 4696 rationem
3318 4660 3421 4696 non
3448 4656 3591 4695 ever-r

331 4743 683 4813 tunt.Atioqui
710 4746 887 4796 omnia
909 4759 1028 4812 qua:
1084 4741 1155 4817 με
1187 4742 1292 4795 Deo
1320 4742 1588 4807 dicuntur,
1630 4743 1799 4797 Deum
1838 4744 1986 4797 nobis
2019 4741 2364 4807 compositum
2394 4743 2703 4806 probabunt.

410 4832 595 4888 Ταῦτα
640 4832 867 4888 διελθὼν
900 4836 929 4887 ὁ
959 4833 1122 4896 καλὸς
1160 4833 1417 4901 Εὐλόγιος
1456 4833 1624 4903 ἄλλην
1678 4835 1900 4904 ἀπορίαι

2084 4830 2180 4885 His
2210 4830 2525 4899 explicatis,
2547 4831 2800 4898 egregius
2848 4829 3107 4896 Eulogius
3135 4831 3297 4886 aliam
3327 4832 3589 4902 quaestio-

321 4925 657 4996 κινουμένην
697 4919 1098 4996 ἴστησινῙΔρα
1131 4924 1261 4995 γὰρ⁹
1293 4926 1479 4994 φησιν,
1506 4925 1669 4997 ἡνίκα
1688 4926 1751 4979 τὸ
1783 4925 1900 4979 ἵδιοη

2013 4938 2140 4979 nem
2172 4922 2448 4992 pr0ponil.
2496 4922 2807 4989 Enimvero,
2862 4923 3057 4992 inquit,
3103 4923 3321 4994 quando
3368 4936 3593 4981 conten-

326 5016 735 5086 συμπλέκομεν
763 5016 785 5046 ⁵
814 5012 893 5084 τῷ
914 5013 1101 5082 κοινῷ,
1123 5006 1447 5084 ψὶυδόμενοι
1477 5015 1635 5068 τοῦτο
1654 5015 1808 5069 ποιοῦ
1817 5032 1900 5086 μει

2012 5019 2150 5073 dunt
2180 5015 2459 5086 proprium
2483 5030 2605 5069 cuin
2631 5016 2909 5070 communi
2942 5032 3063 5071 esse
3098 5016 3472 5084 coniunctum,
3496 5027 3593 5071 ant

323 5109 359 5179 ἢ
384 5107 786 5177 ἀληθεύοντεςς
831 5106 958 5179 [869
987 5104 1079 5177 R.]
1104 5105 1220 5158 ἀλλ’
1248 5107 1297 5158 εἰ
1330 5107 1427 5176 μὲν
1447 5108 1467 5138 ⁵
1495 5106 1837 5178 ψευδόμενοι,
1863 5124 1900 5161 τη

2013 5106 2372 5169 mentiuntur,
2404 5121 2529 5160 cum
2564 5106 2667 5162 hoc
2708 5107 2936 5171 faciunt,
2986 5118 3080 5162 ant
3121 5125 3249 5164 vere
3298 5108 3590 5165 afﬁrmant.

320 5203 424 5254 καὶ
459 5200 812 5270 προφέρομεν
846 5198 1019 5265 λέξεις
1058 5190 1135 5251 ὧν
1172 5197 1247 5268 μὴ
1282 5200 1303 5230 ⁵
1332 5198 1449 5251 ἐστι
1473 5199 1659 5252 λαϐεῖν
1686 5201 1900 5255 ὐποκεί-

2015 5200 2075 5255 Si
2109 5198 2466 5261 mentiuntur,
2493 5213 2754 5268 quorsum
2788 5201 2951 5254 verba
2984 5201 3329 5269 proferimus,
3358 5216 3589 5270 quorum

323 5307 527 5361 μενον;
566 5290 616 5342 εἰ
641 5290 687 5341 δ’
727 5288 1085 5359 ἀληθεύοντες
1105 5289 1147 5353 ⁷,
1189 5288 1681 5359 συμπεπλεγμένον
1723 5290 1789 5343 ἂν
1821 5290 1900 5359 εἴη

2017 5290 2322 5361 subjectum
2359 5300 2733 5360 argumentum
2762 5306 2867 5345 non
2894 5292 3121 5362 capias?
3175 5293 3231 5345 Si
3273 5309 3403 5347 vere
3446 5293 3593 5346 allii--

322 5385 427 5435 καὶ
486 5382 522 5452 ἡ
563 5380 585 5413 ⁸
622 5381 725 5451 τῆς
773 5380 1021 5450 Τριάδος,
1078 5379 1166 5448 ἐφ’
1192 5380 1257 5449 ἢν
1299 5380 1400 5447 τὴν
1444 5381 1625 5448 φωνὴν
1652 5381 1900 5451 φέρομεν,

2023 5392 2196 5449 mant,
2224 5390 2481 5450 sequetur
2507 5379 2791 5436 Trinitatis
2848 5398 3132 5452 personam
3170 5383 3237 5437 ad
3291 5400 3451 5451 quam
3500 5401 3592 5436 vo-

1609 5488 1842 5545 VARIIE
1879 5489 2279 5547 LECTIONES.

406 5610 457 5642 υ
490 5610 666 5662 πάντα
693 5607 819 5661 add.
848 5607 913 5663 Α.
989 5607 1037 5640 ’³
1075 5606 1221 5661 οὕτω
1243 5624 1306 5671 ς.
1381 5606 1427 5638 ’⁸
1452 5604 1769 5677 st;]nonne
1790 5606 1890 5658 τιῖ
1966 5607 2011 5677 ν
2035 5607 2109 5677 τῇ
2144 5606 2267 5659 add.
2302 5604 2369 5659 Α.
2442 5609 2490 5643 ’⁸
2525 5606 2801 5677 Ἀνόμοιον
2830 5603 2875 5660 Α
2918 5621 2933 5657 :
2964 5604 3253 5677 ἀνώνυμον
3274 5622 3335 5669 ς.
3410 5608 3457 5638 ”
3493 5623 3589 5661 συ-

330 5683 601 5750 ναγαγεῖν
632 5681 692 5750 Β.
768 5678 815 5710 ’⁸
841 5679 933 5731 τὸν
958 5694 1014 5746 γ.
1047 5696 1109 5750 ςῗ
1186 5680 1231 5710 θ’
1266 5678 1424 5747 μόνον
1452 5675 1834 5750 εἰςίδιαφκς-τ-
1932 5675 2125 5750 εἰσάγῃ
2166 5693 2224 5750 ς..
2304 5683 2324 5713 ³
2350 5675 2709 5750 ἀπηργάσατο
2735 5693 2796 5741 ς.
2897 5678 2917 5750 ξ
2943 5678 3008 5728 ἀν
3035 5676 3181 5750 δείξῃ
3217 5679 3300 5750 Α.Δ
3321 5677 3587 5750 ὁσαδείξιι

336 5755 380 5805 Β
411 5742 431 5803 ε’
454 5742 718 5817 ἀναδείξει
752 5763 813 5817 ςζ.
890 5751 911 5779 ⁸
944 5742 1334 5817 συμπλέκομεν
1361 5776 1429 5787 --
1463 5744 1747 5816 ποιοῦμεν]
1784 5745 1902 5817 libri
1931 5742 2383 5817 _oup7=7sxo'psvov
2414 5742 2483 5791 -αζ
2520 5742 2788 5807 ποιοῦσιν,
2898 5747 2919 5777 ⁵
2952 5764 3050 5816 μεν
3084 5749 3127 5798 Α
3156 5742 3180 5799 ἶ
3208 5747 3301 5799 καί
3335 5766 3395 5811 ς.
3470 5751 3491 5779 ⁶
3513 5742 3590 5806 ὧν

339 5820 441 5893 μὴ]
472 5811 515 5888 ᾧ
549 5821 624 5891 μή
652 5811 693 5872 Α
726 5840 739 5873 ;
767 5814 841 5871 ὧν
877 5811 1099 5888 μήτες.
1178 5820 1195 5847 ⁷
1234 5811 1587 5888 ἀληθεύοντες
1616 5811 1657 5868 Α
1700 5811 2084 5885 ε’ἀληθεύομεν
2107 5832 2166 5877 ς.
2223 5811 2267 5846 ’⁸
2296 5818 2328 5884 ἡ
2349 5818 2472 5872 add.
2506 5821 2567 5871 Α.

615 5915 885 5978 Panos.
934 5914 1050 5975 Gtt.
1093 5912 1257 5973 Clll.
3197 5911 3274 5973 3!;
