4004 6440
476 409 612 477 ποστ
1636 406 1899 468 PHOTII
1940 407 2049 468 PA'.

2156 405 2451 466 [ΑΒΟΗᾹΞ
2488 404 2598 466 CP.
3606 403 3747 474 1068

471 534 593 579 cem
644 520 975 588 referimus,
1025 534 1147 577 esse
1185 519 1390 591 aliquid
1437 520 1820 589 compositum.
1868 519 2047 589 Atque

2158 519 2475 582 ὑπόστασις.
2517 518 2583 572 Ἦ
2639 518 2740 590 μὲν
2794 515 2999 586 ἀπορία
3051 513 3322 587 τοιαύτηο
3377 515 3747 582 ἀνασκευάζει

466 615 587 669 hac
635 616 853 686 quidem
896 622 983 671 est
1039 614 1319 685 pr0posita
1349 613 1601 683 quaestio.
1636 610 1949 681 Respondet
1982 611 2052 666 ad

468 708 614 767 hanc
676 725 742 765 ex
801 710 1109 766 antedictis.
1167 710 1304 767 Cum
1345 709 1513 774 enim,
1549 708 1760 776 inquit,
1815 706 2055 761 humana

468 814 627 855 mens
679 801 750 855 ob
812 798 1075 873 [naturas]
1110 799 1557 865 imbecillitatem,
1596 798 1750 853 Entis
1781 799 2053 851 rationem

466 905 576 945 non
610 892 783 961 possit
831 892 1078 961 assequi,
1117 891 1302 946 verbis
1350 888 1534 957 aliquo
1558 892 1715 943 modo
1739 888 2056 956 compositis

465 982 568 1049 uti,
610 992 663 1037 et
702 983 977 1053 proprium
1010 998 1135 1038 cum
1189 982 1465 1037 communi
1523 980 1782 1049 copulare
1818 980 2053 1050 cogitur,

464 1090 531 1129 eo
580 1077 723 1144 quod
756 1073 902 1147 [esse
936 1073 1203 1147 divinum]
1236 1074 1559 1144 simpliciter
1586 1080 1641 1128 et
1670 1074 1969 1127 secundum
1996 1086 2057 1127 se

466 1164 653 1238 [prout
679 1182 710 1220 a
746 1175 903 1237 parte
932 1166 1013 1221 rei
1039 1165 1147 1236 est]
1188 1165 1462 1234 explicare
1519 1180 1626 1218 non
1678 1162 1867 1232 possit.
1902 1161 2057 1229 Quod

466 1257 515 1311 si
549 1257 665 1312 lieri
725 1267 927 1328 posset.
990 1258 1066 1311 uti
1115 1256 1345 1325 simplex
1408 1256 1574 1319 illud,
1614 1253 1849 1324 simplici
1898 1268 2056 1319 voce,

465 1363 576 1403 non
620 1351 798 1404 minus
820 1364 987 1418 quam
1018 1348 1416 1419 compositione
1451 1348 1763 1409 verborum,
1788 1344 2059 1401 sullicien-

465 1448 550 1495 ter
579 1440 1005 1510 exprimeretur,
1038 1439 1440 1513 mens[nostra]
1459 1453 1796 1510 nequaquam
1818 1436 2060 1510 [compo-

465 1531 611 1603 sitis]
668 1532 1010 1588 abuteretur.
1065 1531 1170 1587 Sed
1226 1547 1418 1586 vocnm
1466 1529 1806 1601 itnperlectio
1850 1530 2060 1583 incom-

465 1624 838 1693 prehensibile
886 1641 995 1681 non
1040 1624 1455 1695 comprehendit
1507 1622 1638 1696 [aut
1686 1619 2053 1693 assequitur].

466 1717 755 1772 Enimvero
790 1716 1052 1788 magister
1080 1717 1197 1786 ipse
1231 1718 1323 1786 qui
1360 1714 1666 1784 conjunctis
1713 1714 1895 1769 verbis
1928 1726 2059 1766 usus

466 1818 607 1873 erat,
649 1818 841 1878 postea
895 1809 1219 1879 frequenter
1250 1808 1375 1863 alibi
1409 1808 1578 1862 Deum
1617 1807 1763 1862 omni
1808 1820 1876 1861 ex
1908 1814 2061 1875 parte

2153 608 2212 663 δὲ
2261 610 2437 681 αὐτὴν
2484 609 2553 662 δι’
2590 601 2677 678 ¹ὧν
2728 604 2848 663 εἷπε
2905 608 3193 680 πρότερον.
3230 606 3570 673 Ἐξασθενῶν
3610 608 3744 679 γὰρ,

2155 702 2309 772 φησὶ,
2336 702 2465 772 περὶ
2489 700 2589 773 τὴν
2622 700 2717 755 τοῦ
2756 701 2911 765 ὄντος
2949 700 3119 764 ὅντως
3157 701 3179 733 ’
3211 700 3445 772 θεωρίαν
3492 701 3523 754 ὁ
3556 700 3683 764 νοῦς
3719 703 3750 754 ό

2155 794 2502 866 ἀνθρώπινος
2533 794 2787 866 βιάζεταί
2830 809 2949 857 πως
2975 792 3491 865 συμπεπλεγμέναις
3507 792 3746 863 χρῆσθαι

2158 890 2366 955 φωναῖς
2408 886 2505 941 καὶ
2535 886 2615 958 τῷ
2643 886 2809 958 κοινῷ
2840 886 3133 940 συνάπτειν
3173 885 3234 939 τὸ
3262 886 3418 955 ῐδιον,
3445 888 3507 941 τὸ
3538 884 3747 941 ἁπλοῦν

2156 978 2274 1050 ἅμα
2318 980 2411 1033 καὶ
2443 980 2864 1050 διακεκριμένον
2894 978 3003 1032 τῶν
3030 978 3405 1043 ὐποστάσεων,
3441 977 3628 1041 ἁπλῶς
3649 978 3748 1032 καὶ

2158 1069 2282 1124 καθ’
2318 1070 2454 1124 αὐτὸ
2506 1070 2551 1103 ¹⁰
2598 1068 2947 1139 ὑποδηλῶσαι
3005 1068 3082 1141 μὴ
3124 1069 3457 1140 δυνάμενος·
3489 1069 3565 1132 ὡς
3606 1069 3660 1121 εί
3680 1084 3747 1136 γε

2157 1157 2269 1217 οἷόν
2311 1180 2373 1216 τε
2426 1158 2497 1234 ἦν
2544 1162 2690 1233 ἁπλῇ
2736 1162 2807 1215 ’τὸ
2860 1161 3067 1216 ἁπλοῦν
3106 1161 3440 1230 ἀπαγγεῖλαι
3470 1163 3644 1233 φωνῇ,
3676 1162 3746 1232 τῇ

2160 1254 2449 1325 συμπλοκῇ
2496 1255 2605 1307 τῶν
2635 1254 2835 1321 λέξεων
2898 1255 3000 1308 οὐκ
3047 1253 3113 1308 ἂν
3151 1257 3180 1309 ό
3213 1254 3337 1319 νοῦς
3371 1256 3745 1327 ἀπεκέχρητο.

2171 1348 2313 1401 Ἀλλ’
2354 1348 2416 1401 οὐ
2449 1347 2791 1419 συμφέρεται
2822 1349 2888 1417 τῇ
2935 1345 3185 1419 εὐτελείᾳ
3213 1346 3325 1401 τῶν
3357 1348 3619 1420 ῥημάτων
3643 1348 3749 1416 τῆς

2160 1440 2314 1505 θείας
2349 1440 2538 1504 οὐσίας
2562 1440 2624 1495 τὸ
2652 1438 3068 1509 ἀκατάληπτον,
3100 1440 3227 1493 ἐπεὶ
3273 1441 3368 1493 καὶ
3407 1439 3569 1504 αὐτὸς
3602 1439 3632 1492 ό
3668 1438 3748 1492 δι-

2158 1531 2430 1595 δάσκαλος
2463 1531 2783 1604 συμπλοκὴν
2813 1532 2984 1586 είπὼν
3016 1531 3218 1602 ἐφεξῆς
3243 1531 3305 1585 τὺ
3334 1530 3489 1585 Θεῖον
3535 1529 3745 1585 ἁπλοῦν

2159 1624 2339 1695 πάντη
2363 1623 2457 1678 καὶ
2474 1623 2768 1678 ἀσύνθετον
2782 1626 2875 1678 καὶ
2896 1623 3132 1696 ἀλλαχοῦ
3161 1624 3419 1688 πολλάκις
3440 1622 3741 1694 ἀνύμνησε,

2163 1717 2323 1789 μόνον
2346 1718 2468 1789 οὐχὶ
2492 1717 2631 1787 βοῶν
2654 1717 2730 1782 ὼς
2755 1716 3043 1781 ἀσθενείας
3081 1717 3230 1770 ἐστὶν
3256 1718 3290 1788 ή
3324 1714 3613 1788 προσθήκη
3649 1718 3745 1769 καὶ

2160 1809 2195 1878 ἠ
2228 1808 2519 1879 συμπλοκὴ
2559 1808 2875 1881 πρόϐλημα,
2930 1808 3067 1880 πρὸς
3105 1806 3414 1878 κατάληψιν
3454 1809 3606 1878 ἡμᾶς
3643 1808 3742 1878 τῆς

465 1903 770 1973 simplicem
802 1912 857 1959 et
898 1902 1017 1958 sine
1045 1901 1151 1957 ulla
1190 1900 1585 1970 compositione
1628 1912 1751 1981 esse
1786 1896 2049 1968 pradica-

2156 1899 2411 1971 ἀληθείας
2428 1903 2872 1972 χειραγωγοῦσα,
2899 1902 2960 1955 οὐ
3000 1901 3189 1972 μέντοι
3215 1917 3279 1971 γε
3313 1901 3374 1955 τὸ
3401 1901 3606 1956 άπλούν
3643 1903 3741 1973 τῆς

464 2000 569 2065 vit,
598 1997 691 2068 qui
731 2006 942 2051 tantum
974 2010 1079 2050 non
1122 1993 1346 2058 clamat,
1375 1991 1816 2062 conjunctionem
1861 1990 2055 2044 verbo-

461 2106 584 2146 rum
620 2100 678 2145 et
702 2088 1153 2159 compositionem
1188 2088 1242 2141 in
1273 2084 1520 2141 defectus
1561 2083 1736 2142 locum
1782 2081 2052 2148 adhiberi,

462 2197 570 2252 qua
606 2182 673 2235 ad
697 2180 945 2234 veritatis
967 2178 1339 2246 cognitionem
1372 2174 1742 2237 deducamur;
1768 2186 2049 2240 nunquam

462 2284 647 2329 autem
673 2273 727 2328 id
768 2272 871 2327 sibi
916 2284 1159 2333 sumere,
1211 2279 1271 2323 ut
1305 2266 1714 2337 simplicitatem
1750 2273 1956 2319 natura:
1997 2272 2054 2317 et

460 2371 530 2422 ab
570 2366 718 2421 omni
758 2364 1109 2418 concretione
1161 2360 1386 2416 liberam
1418 2358 1627 2427 redigat
1671 2358 1737 2411 ad
1781 2355 2055 2426 composi-

460 2459 663 2511 tionem
703 2464 797 2509 aut
821 2453 1194 2522 duplicitatem
1228 2468 1241 2504 :
1290 2447 1656 2517 inexplicabili
1696 2446 1841 2499 enim
1869 2455 1924 2499 et
1965 2446 2048 2499 in-

458 2548 854 2618 eomprehensa
891 2546 1101 2600 ratione
1138 2540 1330 2615 [Deus]
1373 2556 1496 2595 cum
1540 2552 1682 2594 unus
1723 2537 1817 2604 sit,
1871 2538 2048 2594 trinus

2155 1991 2370 2063 φύσεως
2386 1994 2483 2047 καὶ
2497 1993 2792 2048 ἀσύνθετον
2809 1994 2889 2058 είς
2908 1988 3132 2067 διπλόην
3152 1994 3247 2048 καὶ
3283 1992 3535 2048 σύνθεσιν
3601 2011 3737 2049 κατ-

2154 2084 2384 2151 αγαγεῖν
2401 2083 2571 2139 ποθεν
2601 2084 2808 2155 τόλμαν
2839 2082 3082 2156 εἴληφεν.
3138 2086 3419 2158 Ἀῤῥήτως
3442 2087 3548 2158 γὰρ
3574 2087 3614 2118 ²¹
3646 2086 3741 2140 καὶ

2154 2176 2530 2249 ἀνεπινοήτως
2560 2177 2619 2232 ἓν
2647 2195 2707 2231 τε
2737 2178 2992 2250 ὑπάρχον
3033 2178 3127 2233 καὶ
3168 2180 3340 2251 Τριάς
3367 2177 3742 2252 θεωρούμενον

2153 2268 2217 2321 τὸ
2244 2268 2724 2342 προσκυνούμενον
2747 2271 2791 2303 ¹²
2808 2271 2868 2324 τὸ
2896 2271 2995 2342 μὲν
3019 2271 3161 2325 κατὰ
3191 2272 3289 2343 τὴν
3312 2272 3537 2343 ἄσχετόν
3561 2290 3623 2326 τε
3648 2272 3743 2326 καὶ

2154 2358 2297 2430 ὑπὲρ
2327 2362 2476 2431 ἡμᾶς
2522 2361 2803 2431 θεολογίαν
2851 2365 3218 2427 κατανοεῖται,
3264 2364 3325 2417 τὸ
3378 2362 3609 2417 δὲκατά
3643 2364 3742 2435 τὴν

2156 2451 2411 2521 σχετικὴν
2449 2468 2510 2505 τε
2567 2453 2662 2505 καὶ
2709 2452 2842 2524 περὶ
2886 2454 3055 2524 ἡμᾶς.
3102 2454 3215 2525 Τὴν
3250 2455 3349 2526 μὲν
3382 2451 3474 2508 οὖν
3506 2456 3741 2526 ἀπορίαν

2154 2540 2326 2607 οὕτως
2347 2542 2529 2610 ἔδοξεν
2555 2545 2898 2601 ἐπιλύεσθαι.

460 2656 645 2700 tamen
681 2642 955 2713 cognitus.
987 2639 1183 2709 partim
1234 2638 1453 2708 quidem
1502 2634 1800 2690 secundum
1856 2634 2365 2705 incomprehensam
2430 2651 2486 2698 et
2552 2658 2674 2713 quae
2737 2652 2980 2700 nostram
3021 2645 3333 2702 facultatem
3406 2646 3740 2715 intelligendi

456 2743 686 2803 superet
724 2733 998 2789 rationem
1044 2730 1444 2795 consideratur,
1480 2726 1679 2797 partim
1704 2740 1810 2795 qua
1860 2740 1892 2780 a
1955 2726 2115 2784 nobis
2185 2730 2409 2804 intelligi
2461 2744 2517 2792 et
2571 2738 2959 2807 comprehendi
3012 2750 3212 2799 potest.
3268 2744 3445 2810 Atque
3476 2740 3547 2794 ita
3604 2743 3740 2795 hanc

455 2828 825 2899 quaestionem
854 2826 1003 2880 visus
1025 2835 1111 2879 est
1143 2823 1475 2895 expediisse.

530 2923 682 2991 Quod
710 2923 756 2979 si
793 2922 879 2977 cui
917 2920 1273 2975 nihilominus
1307 2918 1600 2973 dicendum
1622 2916 1862 2983 videtur,
1897 2931 2047 2988 qua!-

470 3018 704 3071 stionem
750 3015 927 3069 adhuc
954 3014 1008 3067 in
1048 3012 1140 3078 iis,
1168 3028 1288 3082 qua:
1317 3026 1347 3066 a
1394 3010 1664 3082 principio
1708 3011 1855 3066 dicta
1895 3018 2047 3075 sunt,

455 3107 665 3162 haerere
684 3144 701 3171 ,
728 3105 893 3159 addat
918 3103 1008 3158 ille
1036 3103 1298 3172 superiori
1327 3117 1526 3169 causae,
1571 3102 1712 3171 quod
1742 3102 1906 3156 etiam
1933 3110 2049 3155 tum

454 3214 577 3253 cum
620 3197 788 3252 Deum
830 3195 1267 3267 inexplicabilem
1305 3193 1664 3258 aﬂlrmamus,
1711 3192 1763 3247 id
1796 3208 1903 3247 non
1940 3192 2049 3248 nisi

455 3290 639 3346 verbis
673 3291 1049 3355 enuntiemus,
1080 3290 1221 3344 sicut
1245 3298 1322 3351 et,
1355 3288 1498 3358 quod
1536 3302 1698 3357 supra
1730 3286 2044 3357 intelligen-

2196 2876 2283 2973 ,Εἰ
2312 2919 2371 2973 δέ
2402 2937 2488 2986 τις
2520 2922 2673 2978 οὐδὲν
2702 2898 2868 2996 ἧττον
2903 2924 3052 2995 ἐρεῖν
3077 2926 3247 2978 οἴεται
3286 2924 3347 2978 τὺ
3391 2925 3740 2995 ἠπορημένον

2146 3010 2260 3073 τοῖς
2294 3009 2393 3063 ἀπ’
2438 3010 2613 3083 ἀρχῆς
2656 3014 3057 3084 ὲπερείδεσοαι,
3088 3014 3443 3086 προσλαόέτω
3477 3015 3551 3084 τῷ
3596 3016 3738 3088 λόγῳ

2148 3102 2232 3156 ὅτι
2266 3103 2359 3156 καὶ
2405 3103 2543 3177 ὅπερ
2577 3106 2857 3178 ἄφραστον
2900 3107 3131 3179 λέγομεν
3166 3109 3407 3179 ῥήμασιν
3456 3109 3738 3177 ἀπαγγέλο

2149 3194 2336 3266 λομεν,
2375 3197 2469 3251 καὶ
2510 3198 2571 3251 τὸ
2616 3199 2982 3272 ἀπερινόητον
3004 3199 3486 3271 ίσκιαγραφοῦμεν
3530 3200 3621 3255 διὰ
3652 3219 3739 3254 νο-

2152 3287 2352 3356 ήσεως,
2369 3289 2465 3342 καὶ
2488 3288 2548 3342 τὸ
2574 3290 2804 3361 ἄχρονον
2833 3296 3113 3364 χρονικαῖς
3138 3293 3419 3358 ἐπιϐολαῖς
3453 3296 3548 3347 καὶ
3583 3299 3738 3366 κινή-

453 3387 586 3440 tiam
637 3393 722 3439 est
761 3394 1003 3439 nostram
1029 3423 1045 3449 ,
1087 3382 1475 3437 adumbratnus
1519 3395 1617 3451 per
1661 3378 2039 3445 intellectum;

2156 3394 2302 3431 σεσιν
2355 3378 2767 3453 ὐποδάλλομεν,
2802 3385 2898 3437 καὶ
2932 3384 2992 3437 τὸ
3028 3385 3353 3440 ἀδιάστατον
3408 3388 3501 3439 καὶ
3536 3388 3736 3457 ἀκίνη-

450 3476 597 3546 quod
644 3486 931 3544 aeternum,
980 3490 1077 3547 per
1110 3487 1414 3544 temporum
1472 3474 1713 3528 rationes
1762 3482 2049 3543 motusque

448 3566 794 3636 explicamus
822 3589 833 3631 ;
872 3567 1014 3635 quod
1050 3565 1367 3620 continuum
1395 3572 1450 3618 et
1483 3560 1789 3627 immobile,
1820 3576 1917 3631 per
1940 3577 2054 3619 mo-

455 3662 593 3715 Iiiles
630 3669 685 3716 et
744 3659 1013 3714 discretas
1054 3656 1319 3727 imagines
1350 3653 1520 3709 animi
1569 3664 2044 3724 repraesentamus.

455 3752 526 3807 Ut
558 3753 603 3807 si
636 3753 759 3824 quis
789 3766 857 3806 ea
882 3765 1002 3821 qua:
1026 3749 1183 3804 nobis
1236 3748 1291 3802 in
1332 3747 1516 3802 divina
1567 3755 1765 3801 natura
1796 3754 2046 3803 contem-

456 3844 652 3913 pianda
692 3840 975 3911 occupatis
1010 3837 1288 3901 accidunt,
1318 3851 1425 3890 una
1456 3850 1579 3889 cum
1626 3849 1687 3890 re
1723 3835 1842 3905 ipsa
1883 3848 2047 3903 coge-

2151 3485 2244 3523 τον
2288 3473 2640 3542 κινουμέναις
2669 3490 2731 3526 τε
2769 3476 2864 3529 καὶ
2892 3475 3268 3546 διισταμέναις
3289 3477 3733 3548 ἀνατυπούμεθα.

2152 3559 2318 3613 Ὥστε
2341 3563 2412 3628 εί,
2457 3562 2493 3617 ἀ
2544 3564 2830 3637 πάσχομεν
2875 3566 3007 3635 περὶ
3048 3568 3149 3636 τὴν
3176 3566 3272 3622 τοῦ
3321 3566 3478 3621 Θείου
3505 3567 3734 3640 θεωρίαν

2149 3654 2502 3726 ἀναγόμενοι,
2550 3658 2729 3713 ταῦτά
2760 3677 2845 3724 τις
2877 3662 3071 3732 ὲνορᾷν
3100 3662 3193 3715 καὶ
3223 3663 3353 3734 περὶ
3382 3662 3516 3715 αὐτὸ
3546 3663 3727 3717 ἐκϐιά-

2150 3760 2325 3812 σαιτο,
2368 3746 2437 3801 τά
2485 3749 2598 3803 άνω
2651 3751 2806 3805 κάτω
2840 3753 3081 3824 ποιήσει,
3127 3754 3221 3807 καὶ
3251 3753 3360 3826 πρὸ
3391 3754 3607 3809 πάντων
3631 3755 3727 3807 αὐ-

2148 3836 2241 3901 τὸς
2265 3838 2459 3893 ἑαυτὸν
2483 3841 2796 3913 ἀμηχανίας
2822 3842 2970 3914 βυθῷ
2997 3845 3379 3917 παραπέμψει.

450 3949 608 3995 retur
658 3938 854 3992 intueri
906 3936 1021 4006 (75)
1057 3932 1137 4007 [et
1180 3930 1477 4004 conferre],
1519 3946 1632 3986 rem
1661 3946 1756 3986 sus
1784 3931 1960 4001 deque
1981 3929 2053 3987 sit
2089 3940 2335 4000 acturus,
2366 3945 2422 3992 et
2445 3938 2587 4008 quod
2624 3947 2789 4009 caput
2819 3949 2923 4008 est,
2949 3939 3066 4011 ipse
3088 3940 3329 4011 seipsum
3396 3939 3449 3996 in
3509 3939 3742 3996 inextri-

447 4036 706 4092 raliilium
739 4031 1118 4088 dilﬁcultatum
1156 4028 1475 4084 barathrum
1506 4026 1968 4096 praecipitaturus.

518 4128 717 4200 28οῡ
748 4125 986 4180 Sanctus
1022 4122 1277 4191 Eulogius
1335 4134 1500 4191 porro
1532 4134 1601 4174 ex
1635 4119 1915 4189 proposita
1940 4118 2045 4174 du-

448 4226 733 4287 bitatione,
793 4219 955 4274 aliam
1001 4217 1358 4288 quaestionem
1415 4222 1730 4271 nascentem
1782 4214 2039 4284 explicat.

2242 4118 2300 4171 Ὀ
2324 4117 2381 4172 δὲ
2414 4116 2559 4189 ἱερὸς
2591 4116 2851 4188 Εὐλόγιος
2886 4118 2995 4172 ἀπὸ
3033 4119 3134 4190 τῆς
3164 4117 3566 4191 προσταθείσης
3600 4120 3740 4174 ἀπο-

2155 4210 2277 4281 ρίας
2324 4209 2523 4282 ἑτέραν
2583 4209 2970 4279 ἀναφυομένην
3026 4210 3305 4277 διέξεισιν.
3344 4210 3410 4264 Εί
3451 4208 3562 4282 γὰρ
3597 4211 3737 4282 μήτε

448 4318 506 4372 Si
557 4317 732 4378 enim,
774 4312 975 4381 inquit,
1001 4323 1177 4380 neque
1232 4307 1545 4379 proprietas
1595 4314 1682 4361 est
1729 4304 2041 4376 hypostasis

2156 4301 2370 4373 ἰδίωμα,
2407 4301 2596 4372 φησὶν,
2626 4304 2659 4372 ἡ
2684 4301 2984 4365 ὑπόστασις
3036 4303 3173 4374 μήτε
3213 4302 3501 4375 συμπλοκὴ
3549 4304 3739 4369 οὐσίας

450 4422 627 4477 neque
653 4405 908 4461 essentia;
950 4408 1004 4458 et
1030 4401 1379 4472 proprietatis
1429 4395 1759 4465 coniunctio,
1786 4396 1916 4466 quid
1943 4395 2049 4452 erit

2156 4392 2247 4447 καὶ
2274 4391 2589 4463 ίδιώματος,
2623 4392 2679 4446 τί
2714 4392 2781 4446 ἂν
2808 4392 2896 4463 εἴη
2926 4392 3113 4464 ἕτερον
3142 4411 3157 4462 ;
3200 4395 3295 4448 καὶ
3337 4395 3619 4450 έπιλύεται
3646 4398 3736 4451 λέ-

448 4494 638 4556 aliud?
666 4497 735 4552 Et
785 4496 1017 4554 soMtur
1060 4492 1291 4564 quaestio
1336 4505 1457 4545 cum
1491 4488 1623 4543 dicit
1661 4504 1676 4543 :
1710 4486 1821 4543 Nos
1857 4486 1926 4541 ab
1944 4485 2049 4541 Ec-

2156 4500 2288 4552 γων,
2314 4483 2391 4547 ὡς
2411 4484 2712 4538 ὑπόστασιν
2745 4484 2846 4555 μὲν
2874 4484 3062 4539 καλεῖν
3091 4485 3184 4540 τὸν
3228 4487 3327 4541 ἕνα
3374 4489 3473 4559 τῆς
3509 4489 3738 4560 Τριὰδος

447 4590 611 4645 clesia
627 4587 917 4643 didicimus
938 4594 999 4639 ut
1026 4598 1191 4639 unam
1220 4593 1510 4651 personam
1534 4593 1601 4633 ex
1620 4576 1891 4632 Trinitate
1921 4574 2036 4648 (76)

2156 4576 2309 4648 παρὰ
2361 4576 2462 4647 τῆς
2515 4574 2864 4647 Ἐκκλησίας
2926 4578 3349 4651 μεμαθήκαμεν.
3406 4582 3471 4635 Τί
3496 4582 3552 4635 δέ
3591 4586 3738 4636 ἐστιν

448 4680 785 4752 appellemus
826 4677 1173 4749 hypostasin.
1214 4672 1355 4740 Quid
1396 4684 1528 4725 vero
1570 4680 1657 4726 est
1686 4668 2044 4740 hypostasis?

2156 4668 2471 4736 ὑπόστασις
2501 4668 2563 4722 Et
2607 4668 2708 4739 μὲν
2745 4670 2841 4723 ἐπὶ
2874 4671 3192 4743 κτισμάτων
3222 4675 3256 4745 η
3283 4673 3329 4705 ¹³
3361 4673 3649 4746 ἐρώτησις,
3678 4677 3737 4728 οὐ

448 4775 505 4829 Si
549 4774 616 4829 de
656 4772 818 4827 rebus
852 4771 1053 4825 creatis
1087 4769 1160 4824 sit
1185 4764 1439 4836 quaestio,
1472 4762 1632 4818 facile
1672 4762 1777 4816 erit
1807 4775 2037 4831 respon-

2156 4764 2290 4818 πάνυ
2332 4762 2568 4833 χαλεπόν
2603 4764 2754 4817 ἐστιν
2795 4765 3195 4837 ἀποκρίνασθαι
3242 4764 3371 4839 [459
3409 4766 3501 4839 IL]
3545 4769 3632 4823 διὰ
3678 4769 3737 4822 τὸ

446 4866 599 4929 dere,
642 4877 710 4918 eo
755 4863 899 4933 quod
932 4861 987 4916 in
1018 4860 1103 4915 his
1138 4871 1349 4923 errare,
1381 4865 1436 4910 et
1475 4868 1700 4924 scopum
1730 4868 1837 4907 non
1875 4851 2040 4906 attin-

2156 4857 2246 4912 καὶ
2296 4857 2396 4926 τὴν
2440 4858 2570 4927 περὶ
2605 4856 2779 4910 ταῦτα
2832 4858 3107 4929 ἁμαρτίαν
3151 4876 3213 4911 τε
3288 4859 3384 4913 καὶ
3437 4861 3737 4931 ἀποτυχίαν

448 4971 577 5027 gere
609 4970 719 5010 non
748 4955 822 5011 sit
851 4952 991 5009 adeo
1018 4952 1200 5022 gravis
1224 4965 1387 5005 noxa.
1419 4948 1476 5003 Si
1507 4960 1686 5003 autem
1711 4944 1781 5000 de
1805 4943 2039 5014 simplici

2156 4948 2228 5019 μὴ
2261 4947 2383 5000 λίαν
2442 4943 2580 5001 εἶναι
2641 4948 2970 5002 ὑπεύθυνον·
3019 4951 3068 5002 εί
3114 4950 3170 5003 δὲ
3224 4951 3354 5021 περὶ
3412 4952 3510 5023 τῆς
3559 4954 3737 5023 ἁπλῆς

446 5060 504 5106 et
555 5048 715 5104 beata
772 5057 990 5111 natura,
1045 5044 1182 5100 nihil
1236 5052 1395 5097 extra
1459 5041 1770 5095 divinorum
1813 5035 2038 5091 Patrum

2156 5042 2243 5095 καὶ
2286 5040 2563 5111 μακαρίας
2610 5042 2848 5110 φύσεως,
2891 5042 3044 5095 οὐδὲν
3077 5045 3207 5114 παρ’
3253 5044 3282 5097 ὃ
3323 5045 3637 5116 παρέδοσαν
3686 5048 3733 5099 οἱ

456 5140 783 5198 traditiones
814 5150 869 5195 et
904 5140 1149 5202 decreta,
1189 5145 1306 5190 tuto
1346 5132 1664 5202 responderi
1705 5141 1905 5201 potest.
1935 5129 2042 5184 Fas

2156 5133 2395 5205 θεοφόροι
2458 5135 2701 5207 Πατέρες
2777 5136 3022 5204 ἀσφαλές
3084 5138 3234 5190 ἐστιν
3308 5138 3730 5209 ἀποκρίνασθαι.

452 5248 635 5291 tamen
679 5243 766 5290 est
813 5247 937 5289 cum
977 5231 1271 5300 Scriptura
1305 5226 1515 5291 dicere,
1544 5225 1687 5294 quod
1731 5223 2042 5296 hypostasis

2156 5227 2293 5297 Πλὴν
2323 5226 2475 5281 οὐδὲν
2523 5228 2725 5281 κωλύει
2765 5229 3054 5299 γραφικῶς
3097 5231 3263 5298 φάναι
3294 5231 3370 5295 ὡς
3403 5233 3435 5300 ἡ
3467 5231 3560 5284 τοῦ
3601 5230 3732 5285 Υίοῦ

449 5326 575 5383 Filii
606 5327 684 5383 sit
706 5328 886 5397 imago
920 5323 1016 5378 Dei
1050 5319 1366 5384 invisibilis,
1399 5333 1520 5387 quae
1553 5326 1725 5373 totum
1756 5316 1809 5370 in
1858 5315 2037 5385 seipsa

2156 5319 2445 5384 ὑπόστασις
2481 5320 2644 5373 εἰκών
2672 5322 2788 5374 ἐστι
2817 5321 2910 5374 τοῦ
2949 5320 3086 5375 Θεοῦ
3136 5323 3231 5375 τοῦ
3285 5324 3519 5394 ἀοράτου
3616 5327 3732 5378 ὅλον

1747 5428 1986 5485 VARUE
2023 5427 2437 5485 LECTIONES.

522 5538 544 5570 ⁸
573 5535 726 5598 ὄντος
749 5534 919 5596 ὅντως
975 5531 1041 5595 Α,
1076 5530 1228 5592 ὄντος
1258 5529 1333 5602 Br;
1360 5527 1528 5602 ὅντως
1559 5543 1624 5602 ς.
1698 5526 1747 5602 _“
1786 5525 1908 5602 καθ’
1940 5525 2074 5578 αὐτό
2100 5524 2161 5591 Β,
2202 5528 2326 5580 κατ’
2357 5528 2521 5582 αὐτόν
2548 5527 2593 5581 Α
2628 5543 2641 5580 :
2682 5527 2824 5582 κατά
2858 5527 3056 5583 ταύτόν
3089 5546 3150 5593 ς.
3234 5531 3276 5561 ¹¹
3310 5531 3420 5602 γάρ
3461 5533 3507 5585 Δ
3533 5550 3545 5586 :
3570 5549 3631 5587 τε
3669 5551 3729 5598 ς.

454 5606 498 5640 ¹¹
526 5608 587 5663 τὸ
616 5597 1094 5676 προσκυνούμενον
1125 5602 1250 5654 add.
1292 5601 1360 5654 Α.
1438 5597 1481 5629 ⁸³
1504 5597 1538 5667 ὴ
1571 5600 1617 5651 Δ
1649 5614 1663 5653 :
1694 5598 1845 5650 ἐστὶν
1874 5597 1908 5667 ή
1936 5613 1997 5661 ς.

1976 5685 2211 5744 NOTAE.

532 5790 650 5864 (ἒξ)
681 5787 741 5864 in
773 5789 891 5864 ip_so
918 5787 1184 5842 niteretur
1200 5781 1439 5864 intueri,
1467 5780 1573 5864 hoc
1597 5787 1682 5837 est
1710 5795 1725 5835 :
1758 5780 1826 5835 ad
1864 5779 2038 5850 ipsum
2062 5794 2185 5837 esse
2217 5794 2312 5837 seu
2347 5779 2589 5836 divinam
2615 5789 2868 5836 naturam
2897 5782 3161 5839 niteretur
3196 5789 3510 5840 transterre.

532 5852 647 5931 (76)
679 5852 1041 5931 Sett'Patrem,
1069 5870 1166 5913 seu
1198 5852 1397 5909 Filium
1431 5860 1536 5909 etc.
1728 5869 1745 5875 -·

3938 5086 3943 5177 l
