4004 6478
316 413 458 475 1069

1398 407 1926 469 BIBLIOTHECA.
1963 431 2029 442 -
2060 406 2223 467 COD.
2266 406 2537 468 CCXXX.

3434 381 3583 475 1070‘

314 529 378 579 ἐν
420 527 590 595 ἑαυτῇ
628 523 719 577 τὸν
771 522 990 587 Πατέρα
1020 523 1361 577 δεικνύουσα.
1401 524 1465 577 Εἰ
1490 524 1544 576 δὲ
1577 524 1671 576 καὶ
1706 520 1897 590 σοφίαν

2017 516 2216 573 Patrem
2260 518 2451 575 refert.
2494 516 2647 586 Quod
2677 516 2725 573 si
2766 518 2930 575 etiam
2961 520 3209 576 eamdem
3238 518 3419 575 Patris
3450 537 3575 578 esse

316 619 497 688 αὐτὴν
554 616 835 686 Πατρικὴν
891 611 1030 670 εἶναι
1076 617 1519 687 ἀποκριθήσομαι
1568 617 1601 685 ἢ
1656 612 1894 682 Λόγονῆ

304 710 547 778 δύναμιν
597 707 692 761 τοῦ
731 709 965 779 [ἰατρὸς.
1010 711 1077 780 τῇ
1134 707 1406 779 ίερολογίᾳ
1452 705 1893 778 συμφθὲγξομαι.

312 804 428 854 Καὶ
485 801 615 871 περὶ
662 802 758 871 τῆς
810 800 907 854 τοῦ
942 800 1155 872 Πατρὸς
1195 799 1254 852 δὲ
1291 799 1386 853 καὶ
1418 799 1737 868 Πνεύματος
1765 798 1897 852 baro-

314 896 564 955 uadoso);
584 892 807 945 τοιαῦτα
836 892 900 945 ἄν
932 908 1015 955 τις
1059 890 1249 946 ἐκτῶν
1282 891 1444 962 ἱερῶν
1478 890 1674 960 λογίων
1706 891 1897 945 ἀναλε-

311 985 586 1055 γόμενος,
633 985 727 1038 καὶ
772 984 948 1048 διδοὺς
998 986 1111 1047 τοῖς
1166 983 1517 1054 ἐπερωτῶσιν
1564 983 1894 1051 ἀπόκρισιν,

314 1076 560 1139 εὑσεὸῶς
581 1093 639 1130 τε
671 1076 765 1128 καὶ
790 1076 1217 1147 ἀνεπηρεάστως
1246 1058 1617 1144 ἀποκρίνοιτο.
1646 1072 1775 1145 [872
1801 1070 1896 1143 3.]

312 1168 390 1221 Σὺ
426 1165 472 1218 δ’
508 1165 582 1237 ἂν,
630 1165 835 1237 δυνήσῃ
865 1164 1091 1234 ⁸λέγειν.
1121 1165 1409 1229 ἀποδιδοὺς
1466 1163 1559 1219 τδν
1601 1164 1761 1232 λόγον
1796 1162 1900 1232 τῆς

320 1258 673 1320 ὑποστάσεως
705 1256 799 1310 τού
834 1252 989 1320 Υίοῦ,
1019 1257 1152 1311 Θεὸν
1176 1258 1241 1311 ὲκ
1269 1254 1406 1311 Θεοῦ
1442 1255 1688 1327 ἀχρόνως
1711 1272 1774 1309 τε
1804 1254 1901 1308 καὶ

324 1348 549 1413 ἀπαθῶς
571 1347 902 1419 γεννηθέντα
919 1365 933 1381 ·
965 1347 1169 1420 ὁμοίως
1215 1348 1276 1404 δὲ
1300 1350 1398 1404 καὶ
1423 1348 1521 1402 τοῦ
1558 1347 1897 1418 Πνεύματος,

320 1441 453 1494 Θεὸν
484 1441 549 1494 ὲκ
586 1439 721 1493 Θεοῦ
755 1438 941 1504 ἀϊδίως
982 1457 1043 1494 τε
1070 1440 1511 1512 ἐκπορευόμενον
1556 1439 1653 1494 καὶ
1694 1438 1900 1511 ἀρῤεύ-

317 1549 497 1597 στως·
530 1533 795 1597 ὡσαύτως
841 1532 899 1587 δὲ
928 1533 1026 1588 καὶ
1066 1532 1164 1587 τοῦ
1200 1534 1414 1605 Πατρὸς
1444 1536 1546 1606 τὴν
1598 1533 1900 1587 ὑπόστασιν

311 1623 466 1697 λόγῳ
492 1624 824 1697 παριστάναι
848 1626 1057 1699 μέλλων
1086 1629 1300 1700 φήσειςο
1331 1621 1502 1694 Ἑξόὗ
1530 1627 1853 1697 γεγέννηται
1874 1628 1903 1680 ὁ

315 1720 458 1783 Θεὸς
487 1720 678 1788 Λόγος,
715 1722 889 1791 τομῆς
917 1720 1138 1792 ἀπάσης
1167 1721 1261 1774 καὶ
1300 1720 1500 1785 παντὸς
1529 1720 1736 1784 πάθους
1770 1718 1904 1790 μηδὲ

315 1814 444 1867 κατ’
471 1812 712 1865 ἐπίνοιαν
752 1811 1137 1884 θεωρουμένης
1185 1814 1251 1880 τῇ
1301 1812 1510 1882 προόδῳ
1563 1812 1665 1882 τῆς
1710 1810 1904 1881 γεννή-

2002 611 2346 679 sapientiam,
2368 622 2464 666 aut
2483 609 2745 677 Verbum,
2768 619 2863 665 aut
2881 611 3141 667 virtutem
3162 610 3341 667 Patris
3364 606 3586 674 dixero.‘

2002 719 2034 759 a
2065 704 2264 760 divinis
2289 704 2513 759 Litteris
2540 718 2645 759 non
2679 703 3022 760 dissentiam.
3054 703 3121 759 Et
3159 704 3250 772 qui
3276 720 3342 758 ex
3378 704 3579 759 divinis

2003 797 2233 866 eloquiis
2280 797 2345 852 de
2379 797 2562 852 Patris
2585 804 2643 851 et
2680 796 2917 866 Spiritus
2947 796 3120 853 sancti
3159 797 3407 867 personis
3436 798 3583 859 simi-

2004 888 2074 943 lia
2122 889 2410 943 allirmabit
2452 890 2932 959 quaerentibusque
2978 888 3353 959 respondebit,
3400 889 3447 944 is
3498 891 3585 957 pie

2006 990 2265 1048 recteque
2287 980 2596 1035 alIirmabit.
2626 981 2707 1034 Tu
2734 995 2899 1049 porro
2931 980 3135 1034 inferre
3170 978 3391 1049 poteris,
3423 978 3588 1047 expli-

2005 1089 2139 1129 cans
2166 1072 2434 1127 rationem
2464 1073 2821 1144 hyposlaseos
2842 1072 2968 1126 Filii
2995 1090 3010 1126 :
3046 1071 3214 1127 Deum
3244 1072 3310 1125 de
3360 1072 3488 1137 Deo,
3517 1072 3586 1125 ab

2004 1174 2231 1230 aeterno,
2288 1166 2568 1234 impatibili
2623 1166 2783 1221 modo
2831 1166 3119 1233 genitum:
3162 1160 3588 1234 pariterquede

2008 1255 2211 1326 Spiritu
2260 1267 2475 1317 sancto,
2504 1259 2668 1312 Deum
2700 1258 2765 1313 de
2795 1256 2905 1313 Deo
2940 1257 3008 1312 ab
3034 1266 3239 1311 :eterno
3286 1256 3588 1325 proceden-

2011 1359 2118 1405 tem
2162 1361 2329 1420 atque
2355 1349 2709 1421 proﬂuentem
2740 1367 2755 1403 :
2786 1350 3057 1419 similique
3084 1350 3243 1404 modo
3278 1348 3458 1403 Patris
3485 1348 3587 1418 Ity-

2008 1445 2280 1511 postasin,
2310 1446 2477 1499 verbo
2521 1445 2911 1514 explicaturus,
2944 1444 3093 1499 dices
3122 1461 3137 1497 :
3170 1442 3250 1496 Ex
3285 1457 3395 1511 quo
3444 1440 3589 1495 Deus

2011 1536 2249 1590 Verbum
2296 1536 2539 1606 genitura
2593 1548 2700 1602 est,
2752 1536 2843 1590 tali
2884 1535 3257 1606 generationis
3307 1548 3586 1603 processu,

2009 1626 2065 1683 in
2095 1642 2205 1697 quo
2231 1643 2298 1683 ne
2326 1643 2424 1697 per
2447 1630 2835 1695 cogitationem
2858 1628 3076 1698 quidem
3104 1627 3210 1681 ulla
3240 1642 3336 1682 seu
3367 1627 3587 1692 divisio,

2009 1734 2104 1776 seu
2154 1722 2337 1789 passio
2385 1724 2613 1791 reperiri
2650 1722 2840 1791 possit.
2883 1721 2939 1777 Si
2974 1721 3058 1775 vis
3103 1730 3281 1774 autem
3324 1719 3587 1788 Spiritum

2012 1825 2258 1870 sanctum
2288 1813 2383 1886 [ad
2414 1813 2633 1870 Patrem
2663 1815 2845 1884 aliquo
2882 1816 3041 1869 modo
3077 1812 3465 1869 declarandum
3488 1811 3591 1866 ad.

320 1922 468 1969 σεως
494 1925 506 1937 ·
528 1906 576 1958 εἰ
604 1904 783 1975 βούλει
806 1881 888 1971 δὲ,
923 1881 1034 1960 Καὶ
1051 1881 1111 1969 ἐξ
1127 1898 1191 1958 οὑ
1215 1904 1277 1957 τὸ
1300 1902 1526 1974 Πνεῦμα
1546 1902 1590 1934 ¹⁵
1614 1903 1910 1973 ἀφράστως

2017 1905 2224 1973 bibere,
2247 1881 2395 1962 dices
2421 1905 2462 1979 :]
2498 1905 2577 1961 Ex
2601 1920 2728 1975 quo,
2755 1881 2768 1884 —
2791 1905 3140 1960 inenarrabili
3180 1914 3237 1960 et
3280 1905 3591 1973 incompre-

315 2013 380 2050 τε
431 1996 524 2050 καὶ
553 1997 925 2068 ἀνεπινοήτως
967 1996 1065 2051 καὶ
1091 1995 1319 2059 ἀπαθῶς
1354 1998 1449 2049 καὶ
1496 1994 1780 2057 συναῖδίως
1814 1994 1908 2047 ὲκ-

317 2086 639 2159 πορεύεται,
681 2089 777 2143 καὶ
799 2089 852 2143 εἰ
869 2107 923 2143 τι
954 2088 1083 2142 ἄλλο
1109 2088 1519 2160 τοιουτότροπον
1550 2086 1696 2141 ἐστιν
1712 2087 1909 2153 εἰπεῖν,

319 2181 427 2252 τῆς
463 2180 826 2235 θεοπνεύστου
888 2179 1115 2253 Γραφῆς
1149 2181 1249 2252 τὴν
1293 2180 1669 2251 πνευματικὴν
1719 2179 1911 2247 σοφίαν

321 2273 686 2345 πηγαςούσης
729 2272 860 2345 ἡμῖν
910 2276 1003 2328 καὶ
1048 2275 1418 2347 συνεργούσης
1468 2274 1547 2344 τῷ
1582 2273 1907 2345 βουλήματι.

324 2366 522 2420 Καίτοι
579 2363 702 2420 οὑδὲ
752 2366 822 2419 τὰ
856 2367 1095 2437 ῥηθέντα
1136 2366 1416 2430 παντελῶς
1473 2366 1623 2419 ἐστιν
1652 2364 1912 2435 ἐλεύθερα

319 2460 629 2528 φαντασίας
658 2459 1109 2531 ἀνατυπουμένης
1143 2459 1244 2530 τὴν
1263 2458 1513 2513 σύνθεσιν
1530 2474 1544 2489 ’
1582 2457 1718 2511 ἀλλά
1739 2455 1820 2527 τῷ
1846 2473 1910 2525 γε

321 2554 405 2624 μὴ
464 2552 545 2625 τῷ
604 2554 811 2624 ῥήματι
843 2554 944 2625 τῆς
1000 2553 1276 2624 συνθήκης
1314 2552 1409 2607 καὶ
1437 2553 1537 2623 τῆς
1589 2550 1910 2622 συμπλοκῆς

318 2646 557 2699 καὶτῶν
588 2644 849 2700 τοιούτων
880 2645 1338 2717 προσχρήσασθαι
1374 2645 1433 2699 οὐ
1467 2642 1616 2698 δοκεῖ
1659 2643 1911 2714 θορυϐεῖν

317 2736 420 2789 τὸν
445 2736 723 2807 ἀκροατὴν
747 2735 870 2789 οὐδὲ
901 2736 1307 2808 προσίστασθαι
1340 2736 1404 2792 ¹⁸.
1444 2734 1585 2788 Ἀλλ’
1608 2734 1667 2789 ὲν
1698 2733 1913 2799 τούτοις

321 2828 432 2898 μὲν
457 2828 605 2898 αὑτῷ
636 2829 730 2882 καὶ
761 2830 791 2882 ὁ
819 2827 1011 2900 παρὼν
1045 2828 1409 2899 ἀπαρτίζεται
1449 2826 1627 2895 λόγος.

404 2920 681 2991 Γράφειδὲ
710 2924 739 2975 ὁ
769 2922 930 2984 αὐτὸς
969 2922 1110 2993 ἱερὸς
1139 2920 1276 2991 ἀνὴρ
1301 2920 1397 2974 καὶ
1430 2919 1567 2990 πρὸς
1588 2918 1913 2989 Δομετιανὸν

324 3012 669 3085 (Μελιτηνῆς
719 3012 775 3067 δὲ
824 3004 980 3076 οὗτος
1034 3012 1385 3080 ἐπίσκοπος),
1422 3011 1522 3066 οὐκ
1568 3010 1913 3082 ἀπρόσφορον

320 3099 470 3157 εἶναι
500 3105 779 3175 παριστῶν
797 3106 857 3159 τὸ
885 3105 1013 3174 μίαν
1043 3105 1223 3173 λέγειν
1258 3103 1418 3174 φύσιν
1451 3102 1546 3157 τοῦ
1578 3102 1714 3156 Θεοῦ
1736 3104 1779 3134 ¹⁶
1812 3103 1915 3156 Λό-

2010 1999 2184 2055 henso
2222 2000 2618 2069 impatibilique
2667 2001 2865 2062 modo,
2914 2008 3183 2053 coaeterne
3224 1996 3491 2066 procedit,
3537 2005 3594 2049 et

2012 2094 2057 2147 si
2090 2093 2218 2160 quid
2256 2092 2399 2145 aliud
2442 2090 2816 2160 hujuscemodi
2845 2089 3026 2144 dicere
3056 2087 3141 2144 fas
3178 2098 3283 2152 est,
3310 2087 3592 2156 Scriptura

2012 2186 2273 2240 divinitus
2298 2186 2559 2252 in5pirata
2585 2184 2922 2252 spiritualem
2947 2183 3104 2237 nobis
3121 2181 3444 2249 sapientiam
3471 2195 3597 2249 pro-

2014 2280 2237 2349 pinante
2258 2287 2313 2330 ct
2334 2278 2573 2331 studium
2602 2283 2800 2331 nostra:
2829 2274 3119 2329 voluntatis
3138 2274 3382 2343 juvante.
3414 2274 3595 2340 Atquc

2014 2387 2084 2426 ne
2118 2372 2199 2425 sic
2233 2370 2451 2439 quidem
2493 2368 2763 2439 explicata
2812 2384 2906 2421 seu
2937 2367 3104 2431 dicta,
3139 2368 3288 2421 omni
3325 2366 3592 2433 imagina.

2016 2470 2160 2523 tione
2192 2468 2450 2531 humana,
2475 2482 2594 2535 qua:
2621 2464 2777 2519 nobis
2808 2462 3115 2537 [perpetuo]
3148 2463 3589 2531 coniunctionem

2013 2559 2281 2624 obtrudit,
2312 2559 2597 2613 carebunt.
2628 2555 2733 2611 Sed
2780 2571 2885 2610 non
2920 2556 3124 2610 utendo
3153 2569 3287 2609 voce
3317 2552 3593 2620 composi-

2016 2654 2178 2708 tionis
2212 2663 2267 2708 et
2291 2652 2713 2719 coniunctionis,
2747 2665 2856 2704 non
2887 2649 3113 2703 videtur
3143 2648 3441 2702 auditorem
3470 2660 3595 2714 per-

2016 2745 2240 2800 turbare
2262 2753 2355 2799 aut
2377 2742 2675 2799 oﬂ‘endere.
2706 2743 2884 2812 Atque
2905 2741 2958 2795 in
2990 2741 3073 2795 his
3097 2741 3167 2794 ab
3197 2755 3262 2795 eo
3288 2740 3452 2794 etiam
3484 2741 3599 2793 haec

2015 2853 2255 2909 praesens
2289 2838 2465 2891 oratio
2498 2836 2818 2891 absolvitur.

2088 2931 2292 2986 Scribit
2307 2945 2436 2985 vero
2456 2929 2944 2994 idem'virsanctus
2965 2927 3032 2981 ad
3054 2925 3423 2981 Domitianum
3438 2925 3599 2979 Meli-

2018 3033 2223 3079 tensem
2253 3023 2586 3093 episcopum,
2605 3020 2912 3089 asseritque
2930 3018 3074 3073 haud
3101 3021 3195 3073 abs
3216 3033 3273 3072 re
3290 3033 3414 3073 esse
3433 3034 3597 3071 unam

2017 3115 2113 3171 Dei
2134 3125 2383 3169 naturam
2411 3111 2577 3167 Verbi
2595 3122 2845 3166 naturam
2865 3110 3112 3181 proﬁteri
3134 3110 3490 3164 incarnatam.
3510 3111 3600 3164 Ille

320 3214 430 3267 γου
466 3197 914 3269 σεσαρκωμένην.
947 3198 1006 3250 '0
1036 3196 1135 3268 μὲν
1162 3196 1272 3267 γὰρ
1308 3196 1409 3251 οὑκ
1433 3195 1726 3250 ἀνεύθυνον
1748 3193 1910 3247 ἐτίθει

2017 3209 2162 3263 enim
2186 3218 2435 3262 sanctum
2466 3204 2757 3272 Eulogium
2788 3217 2894 3256 non
2928 3212 3081 3257 extra
3111 3202 3327 3270 culpam
3362 3200 3601 3255 afﬁrma-

320 3292 423 3346 τὸν
459 3291 603 3362 ἱερὸν
656 3289 915 3359 Εὑλόγιον
968 3289 1313 3360 κεχρημένον
1360 3287 1438 3359 τῷ
1491 3289 1728 3358 ῥήματι·
1780 3288 1810 3338 ὁ
1856 3286 1910 3340 δὲ

2021 3300 2136 3362 bat,
2183 3298 2328 3367 quod
2380 3296 2525 3350 illam
2571 3309 2762 3349 vocem
2814 3302 3153 3362 usurpasset.
3186 3292 3292 3348 Sed
3342 3292 3600 3363 Eulogius

318 3379 414 3448 οἷς
447 3382 710 3445 πολλάκις
760 3382 818 3434 ἐν
859 3384 973 3443 τοῖς
1006 3379 1341 3451 προλαϐοῦσι
1379 3379 1559 3448 λόγοις
1601 3379 1700 3448 τὴν
1730 3376 1910 3448 φωνὴν

2017 3407 2141 3448 cum
2172 3406 2237 3447 ex
2295 3389 2585 3461 praeteritis
2606 3403 2750 3457 saepe
2767 3388 3129 3452 orationibus,
3149 3388 3348 3458 281a
3370 3396 3426 3441 et
3453 3397 3602 3441 recte

321 3475 725 3547 ἐπικουρήσας,
761 3474 854 3527 καί⁵
890 3475 1003 3535 τοῖς
1043 3471 1220 3543 ὀρθῶς
1269 3471 1441 3543 αὐτὴν
1479 3470 1910 3540 ὲκλαμϐάνουσιν

2018 3496 2205 3536 vocem
2234 3479 2658 3550 intelligentibus
2680 3478 2815 3532 nihil
2861 3477 3156 3548 impietatis
3180 3478 3407 3533 subesse
3424 3487 3602 3532 osten-

319 3568 571 3632 εὐσεϐῶς
594 3568 823 3639 ἔχουσαν
851 3564 1173 3637 παρασχὼν,
1206 3565 1301 3619 καὶ
1328 3565 1400 3629 ὼς
1433 3566 1481 3617 οἱ
1505 3564 1754 3633 λέγοντες
1784 3563 1910 3633 μίαν

2017 3573 2209 3637 disset,
2243 3575 2398 3627 docet
2444 3588 2538 3626 eos
2574 3573 2667 3640 qui
2703 3571 2891 3626 dicunt
2938 3586 3101 3625 unam
3136 3570 3296 3625 Verbi
3350 3582 3601 3624 naturam

320 3662 496 3728 φύσιν
559 3657 652 3712 τοῦ
702 3658 876 3725 Λόγου
933 3656 1364 3729 σεσαρκωμένην
1430 3658 1490 3710 οὑ
1568 3657 1699 3727 μίαν
1752 3656 1910 3725 φύσιν

2018 3663 2362 3717 incarnatam
2414 3676 2557 3727 esse,
2616 3676 2723 3714 non
2782 3660 3054 3716 afﬁrmare
3116 3676 3281 3715 unam
3349 3671 3601 3715 naturam

317 3754 521 3817 ἁπλῶς
555 3769 721 3823 φασιν
756 3750 819 3816 ἐξ
847 3750 1174 3823 ἀμφοτέρων
1220 3751 1507 3819 γεγονέναι
1539 3751 1647 3803 τῶν
1676 3750 1910 3819 φύσεων,

2018 3754 2337 3824 simpliciter
2363 3769 2430 3808 es
2461 3753 2722 3808 ambabus
2762 3752 2964 3808 factam
2996 3754 3229 3818 naturis,
3263 3755 3335 3809 ita
3378 3764 3439 3807 ut
3466 3770 3603 3810 con-

316 3847 475 3900 ὥστε
501 3844 596 3898 καὶ
623 3842 884 3913 συγχύσει
909 3842 978 3895 τὰ
1005 3841 1337 3895 συνελθόντα
1362 3843 1704 3912 περιπεσεῖν,
1739 3843 1910 3894 ἐκεῖνο

2017 3849 2221 3918 junctae
2245 3849 2388 3902 inter
2415 3862 2475 3902 se
2497 3847 2931 3912 confundantur,
2959 3847 3051 3901 sed
3081 3846 3209 3901 illud
3234 3847 3411 3915 potius
3440 3847 3601 3912 velle,

326 3940 393 3993 δὲ
425 3937 625 4009 μᾶλλον
676 3935 983 4008 βούλεσθαι,
1022 3933 1099 3998 ὡς
1149 3935 1178 3986 ὁ
1224 3934 1519 4005 μονογενὴς
1563 3932 1657 3986 τοῦ
1704 3933 1917 4003 Πατρὸς

324 4029 460 4093 Υἱὸς
480 4027 668 4100 ήνὼθη
706 4029 871 4099 σαρκὶ⁴
907 4022 1030 4081 καθ’
1058 4025 1377 4090 ὑπόστασιν,
1409 4025 1437 4077 ὁ
1472 4023 1632 4088 αὐτὸς
1664 4024 1760 4077 καὶ
1785 4023 1918 4088 Θεὸς

317 4126 425 4180 καὶ
440 4122 538 4177 ἀνθ
546 4138 728 4194 ρωπος
746 4120 842 4187 ὢν,
864 4121 940 4184 ὡς
968 4121 1062 4173 καὶ
1082 4117 1160 4189 τῷ
1177 4117 1424 4190 Θεολόγῳ
1439 4118 1587 4173 δοκεῖ
1609 4123 1625 4190 (
1644 4116 1706 4171 '0
1728 4119 1920 4188 Λόγος

316 4216 462 4290 γὰρ,
490 4216 645 4288 φησὶ,
682 4214 842 4284 σὰρξ
856 4212 1233 4284 ἐγένετο,καὶ
1249 4211 1608 4279 ἐσκήνωσεν
1628 4211 1698 4265 ἐν
1726 4210 1916 4281 ἡμῖν),

315 4310 501 4365 ταῦτα
524 4308 614 4362 διὰ
660 4307 896 4370 πλάτους
933 4305 1106 4360 εἰπὼν
1140 4306 1237 4361 καὶ
1271 4304 1750 4376 ἀπολογησάμενος
1776 4303 1920 4357 οὕτω

315 4400 577 4466 δοξάζειν
602 4400 698 4452 καὶ
730 4397 998 4469 Κύριλλον
1024 4396 1445 4465 ἐπαγγέλλεται,
1480 4397 1537 4448 ὲν
1568 4390 1649 4459 οἷς
1683 4395 1921 4465 μάλιστα

317 4493 501 4561 λέγειν
527 4492 597 4546 Et
617 4490 739 4563 μὲν
759 4492 869 4560 γὰρ
894 4491 1043 4559 μίαν
1071 4489 1338 4555 εἰπόντες
1369 4487 1475 4542 τοῦ
1498 4489 1693 4557 Λόγου
1726 4488 1917 4556 φύσιν

2019 3940 2357 4010 unigenitum
2434 3937 2613 3992 Patris
2668 3937 2867 3992 Filium
2926 3940 3227 3994 secundum
3284 3941 3603 4009 hyposlasiu

2020 4034 2173 4088 carni
2208 4032 2441 4097 unitum,
2468 4030 2562 4100 qui
2593 4031 2734 4084 idem
2762 4029 2906 4085 Deus
2935 4040 2990 4083 et
3016 4030 3180 4085 homo
3203 4040 3311 4097 est,
3344 4034 3608 4100 quemad-
3662 4084 3667 4096 ,

2023 4126 2241 4181 modum
2269 4134 2325 4179 et
2361 4123 2640 4193 Tlteologo
2685 4121 2886 4190 placet.
2930 4120 3185 4187 Verbum,
3233 4124 3430 4193 inquit,
3478 4140 3606 4177 caro
3658 4132 3665 4146 ‘

2020 4219 2221 4285 factum
2246 4226 2347 4279 est,
2388 4225 2438 4269 et
2472 4213 2731 4268 habitavit
2783 4213 2841 4266 in
2892 4213 3039 4267 nobis
3056 4212 3269 4269 inﬂare
3317 4230 3443 4270 cum
3486 4214 3608 4270 fuse
3664 4214 3671 4263 ἱ

2021 4309 2369 4367 disseruisset
2400 4316 2459 4361 et
2510 4302 3094 4369 defendisset,eadem
3140 4306 3305 4365 etiam
3344 4305 3607 4377 Cyrillum
3668 4294 3673 4299 ’

2021 4402 2217 4455 docere
2272 4397 2559 4460 allirntat,“
2586 4396 2638 4448 in
2695 4394 2891 4464 quibus
2944 4393 3285 4461 potissimum
3328 4393 3506 4449 dicit:
3544 4392 3607 4450 Si

2027 4510 2120 4548 nos
2153 4508 2259 4545 una
2308 4488 2462 4543 Verbi
2496 4500 2694 4541 natura
2718 4488 2886 4555 posita
2910 4487 3286 4548 tacuissemus,
3325 4502 3420 4540 nec
3452 4487 3610 4540 addi-

321 4585 746 4656 σεσιγήκαμεν
769 4622 785 4649 ,
833 4585 946 4638 οὐκ
993 4583 1425 4651 ἐπενεγκόντες
1487 4580 1555 4635 τὸ
1606 4594 1910 4650 σεσαρκω-

2020 4589 2301 4647 dissemus,
2333 4600 2352 4633 ι
2388 4580 2757 4633 incarnatann
2791 4576 2925 4649 [eant
2980 4577 3282 4649 naturam],
3317 4580 3407 4632 sed
3450 4579 3606 4648 quasi

327 4673 549 4743 μένην,
585 4675 725 4729 ἀλλ’
749 4670 880 4728 οἷον
905 4672 1022 4738 ἔξω
1063 4672 1327 4738 τιθέντες
1384 4672 1499 4741 τὴν
1549 4673 1916 4742 οἰκονομίαν,

334 4766 425 4836 ἦν
447 4766 645 4833 αὐτοῖς
677 4766 831 4836 τάχα
879 4783 998 4821 που
1047 4765 1146 4819 καὶ
1177 4768 1289 4820 οὐκ
1332 4766 1625 4833 ἀπίθανος
1662 4770 1695 4821 ό
1733 4767 1920 4837 λόγος

325 4858 883 4928 προσποιουμένοις
928 4856 1155 4927 ἐρωτᾷν
1197 4858 1316 4912 ποῦ
1355 4861 1420 4912 τὸ
1456 4859 1691 4914 τέλειον
1716 4859 1787 4912 ἐν
1812 4859 1919 4912 ἀν-

319 4950 686 5016 θρωπότητι,
712 4948 750 5017 ἣ
782 4946 909 5013 πῶς
934 4947 1284 5017 ὑφέστηκεν
1309 4948 1348 5015 ἡ
1373 4949 1502 5001 καθ’
1524 4946 1683 5019 ἡμᾶς
1700 4949 1884 5002 οὐσία
1902 4963 1916 4978 ⁸

316 5040 538 5110 ἐπειδὴ
578 5040 649 5093 δὲ
672 5040 769 5094 καὶ
801 5041 872 5094 ἐν
909 5040 1323 5108 ἀνθρωπότητι
1357 5042 1662 5108 τελειότης
1690 5041 1923 5109 καὶτῆς

317 5134 458 5188 καθ’
494 5131 657 5202 ἡμᾶς
690 5134 908 5198 οὐσίας
948 5132 986 5199 ἡ
1023 5130 1293 5200 δήλωσις
1339 5132 1788 5201 είσκεκόμισται
1824 5133 1923 5189 διὰ

316 5223 437 5278 τοῦ
495 5222 703 5294 λέγειν
746 5224 1198 5297 σεσαρκωμὲνην,
1254 5225 1714 5280 παυσάσθωσαν
1738 5227 1779 5257 ¹⁷
1820 5244 1923 5281 κα-

315 5315 600 5383 λαμίνην
625 5304 753 5389 [460
788 5317 880 5390 Η.]
907 5317 1135 5386 ῥάϐδον
1170 5319 1405 5385 ἑαυτοῖς
1432 5320 1919 5387 ὑποστήσαντες.

320 5406 551 5461 Οὐκοῦν
572 5409 672 5472 τάς
703 5409 796 5463 δύο
822 5410 1013 5479 φύσεις
1052 5412 1085 5481 ἡ
1124 5410 1375 5482 παροῦσα
1423 5413 1574 5483 φωνὴ
1620 5414 1698 5483 τῷ
1744 5413 1921 5466 ἀδιαι-

323 5498 479 5571 ρέτῳ
508 5502 827 5573 εἰσήνεγκεν
875 5502 1300 5573 ὲπισφίγγουσα,
1332 5505 1409 5567 ὡς
1450 5504 1612 5567 αὐτὸς
1658 5505 1923 5573 ἐμϐοᾶται

406 5613 435 5653 Ι»
456 5610 614 5670 Joan.
640 5632 681 5680 ι,
700 5616 789 5671 14.

2024 4678 2375 4735 extrinsecam
2404 4686 2713 4741 poneremus
2759 4670 3102 4723 oeconomiam
3138 4685 3229 4723 seu
3255 4670 3612 4738 dispensatio-

2027 4786 2182 4833 nem;
2224 4775 2360 4822 esset
2391 4764 2500 4818 illis
2530 4762 2822 4831 probabilis
2853 4778 3015 4815 causa
3042 4763 3087 4816 si
3126 4762 3309 4817 vellent
3347 4779 3607 4834 quwrere,

2027 4868 2117 4922 ubi
2175 4874 2308 4918 esset
2377 4860 2436 4914 in
2496 4859 2834 4913 humanitate
2895 4858 3173 4928 perfectio,
3204 4871 3297 4913 aut
3346 4863 3610 4931 quomodo

2026 4968 2213 5012 nostra
2253 4954 2562 5009 subsisteret
2601 4951 2871 5004 essentia?
2898 4948 3001 5006 Sed
3031 4954 3288 5020 quoniam
3326 4953 3382 5007 in
3421 4954 3612 5006 Imma-

2025 5052 2190 5102 nitate
2213 5047 2490 5117 perfectio,
2523 5052 2573 5099 et
2596 5052 2796 5098 nostrae
2834 5043 3151 5097 substantiae
3193 5044 3490 5098 declaratio
3518 5059 3613 5112 per

2020 5144 2257 5206 verbum,
2292 5139 2660 5199 incarnstam,
2694 5136 2866 5191 allata
2916 5145 3019 5202 est,
3062 5135 3307 5191 desinant
3350 5137 3613 5190 arundine

2020 5248 2076 5287 se
2106 5232 2315 5301 fulcire.
2352 5228 2516 5286 .Duas
2560 5242 2690 5297 ergo
2741 5236 2966 5282 naturas
3008 5226 3273 5293 haecevox.
3304 5228 3610 5288 incuruata,

2031 5325 2265 5379 indivise
2297 5322 2625 5377 constrictas
2658 5320 2865 5391 posuit.
2892 5327 2952 5372 ut
2982 5318 3122 5373 idem
3153 5317 3400 5371 clamitat
3433 5314 3613 5389 Cyril-

2030 5417 2135 5471 lus.
2163 5415 2303 5470 llinc
2330 5428 2473 5483 sirpe
2503 5428 2667 5467 unam
2700 5410 2863 5468 Verbi
2898 5420 3150 5466 naturam
3183 5408 3399 5463 videtur
3432 5409 3616 5464 dicere

2041 5510 2402 5563 incarnatam.
2434 5504 2587 5573 Quod
2620 5504 2665 5559 si
2698 5519 2863 5559 unam
2893 5504 3159 5558 duntaxat
3200 5500 3402 5556 Christi
3458 5511 3617 5555 natu-

1674 5708 1908 5765 νΑῑιιΑῑ
1956 5708 2357 5765 LECTIONES.

414 5797 461 5874 ξι
489 5795 585 5874 καὶ
606 5796 667 5861 ἐξ
693 5792 755 5853 οὑ
780 5797 839 5852 τὸ
866 5797 1082 5872 πνεῦμα
1114 5798 1160 5855 Α
1188 5817 1203 5856 :
1231 5799 1292 5857 τὸ
1323 5801 1541 5874 πνεῦμα
1574 5803 1629 5869 ἐξ
1667 5799 1729 5857 οὗ
1762 5822 1821 5867 ς.
1905 5804 1945 5835 ’⁸
1981 5803 2343 5874 προΐστασθαι
2382 5821 2441 5867 ς.
2489 5803 2531 5833 ¹⁶
2563 5802 2655 5856 τοῦ
2686 5801 2822 5855 Θεοῦ
2854 5801 2894 5853 Λ
2932 5818 2943 5854 :
2973 5798 3109 5851 Θεοῦ
3132 5798 3225 5853 τοῦ
3264 5817 3323 5864 ς.
3372 5802 3413 5834 ’⁷
3445 5818 3614 5857 state.

326 5868 433 5924 καὶ
479 5868 608 5924 καλ.
634 5885 694 5934 ς.
