4004 6456
438 436 572 502 1071

1615 439 1879 500 PHOTII
1918 436 2428 499 PATRIARCH/E
2463 441 2574 502 CP.

3568 436 3711 500 1072

435 569 554 610 ram
601 551 926 622 simpliciter
968 550 1337 621 proﬁteretur,
1402 566 1580 606 nonne
1629 552 2022 606 damnaretur?

2141 551 2156 602 5
2191 551 2482 623 Κύριλλος.
2508 553 2599 606 Διὸ
2629 551 2721 606 καὶ
2756 551 2885 623 μίαν
2916 552 3078 622 φύσιν
3108 550 3200 604 τοῦ
3227 551 3397 621 Λόγου
3422 569 3712 623 σεσαρκω-

435 645 572 712 Quid
623 656 803 699 autem
855 644 926 697 sit
975 653 1164 697 natura
1198 644 1428 698 humana
1459 653 1552 698 aut
1590 643 1673 714 (ut
1717 644 1857 699 idem
1889 642 2016 697 alibi

433 738 661 807 docuit),
714 751 840 791 caro
887 737 1204 807 intelligenti
1244 737 1423 791 anima
1477 737 1767 792 informata
1793 781 1808 806 ,
1840 748 1900 792 ut
1934 737 2019 792 vel

433 839 721 903 propterea
752 844 974 883 rursum
1011 839 1305 899 utrumque
1335 831 1387 883 in
1417 831 1667 884 unionem
1699 831 2022 885 convenien-

443 925 574 976 lium
624 921 1032 976 indirisibiliter
1095 923 1496 976 conservetur?
1541 923 1693 977 Patet
1759 937 1888 992 ergo
1950 937 2017 975 ex

437 1015 618 1076 dictis,
648 1027 742 1066 cos
773 1013 865 1082 qni
897 1014 1194 1068 secundum
1241 1013 1507 1084 Cyrillum
1554 1015 1860 1068 orthodoxe
1902 1011 2017 1084 [seu

436 1105 726 1178 catholico]
757 1108 956 1161 docent
988 1122 1151 1160 unam
1185 1118 1434 1160 natnram
1462 1107 1625 1160 Verbi
1659 1109 2016 1169 incarnatam,

439 1215 547 1253 non
587 1201 654 1252 ad
691 1199 856 1252 alintn
899 1199 1058 1252 ﬁnem
1096 1199 1392 1265 respicere,
1435 1215 1596 1267 quam
1643 1213 2022 1267 quemcunque

439 1291 628 1355 alium,
658 1295 750 1358 qui
777 1289 936 1345 talem
975 1303 1160 1344 vocem
1191 1289 1308 1360 [seu
1336 1292 1552 1345 modum
1583 1290 1861 1361 loquendi]
1891 1291 2021 1361 ipsis

441 1382 712 1450 proponit,
773 1396 894 1448 qua:
953 1381 1089 1434 duas
1143 1380 1382 1452 [nempe]
1420 1382 1470 1434 in
1528 1380 1748 1436 Christo
1792 1381 2022 1436 Domino

442 1485 663 1526 naturas
694 1475 908 1538 penitus
936 1474 1162 1542 junctas
1195 1475 1429 1529 indivise
1460 1476 1675 1529 asserit.
1705 1475 1840 1529 Dum
1871 1475 2018 1530 enim

441 1565 631 1620 beatus
681 1564 918 1634 Cyrillus
985 1566 1144 1620 docet
1211 1581 1304 1636 per
1357 1567 1532 1636 ipsam
1587 1566 2019 1622 incarnationem

445 1669 733 1725 utrumque
757 1655 808 1708 in
841 1657 1094 1712 unionem
1122 1659 1438 1712 coeuntium
1466 1657 1874 1712 indivisiblliter
1894 1671 2023 1712 con-

440 1747 670 1810 servari,
707 1746 831 1815 quis
867 1747 1009 1802 alius
1041 1761 1239 1816 sc0pns
1273 1763 1368 1801 seu
1404 1747 1526 1802 ﬁnis
1553 1747 1620 1800 ab
1645 1763 1710 1802 eo
1742 1759 2020 1817 spectare-

443 1851 552 1901 tnr,
583 1854 743 1908 quam
785 1840 876 1908 qui
914 1841 1049 1894 duas
1099 1841 1150 1893 in
1201 1840 1484 1894 Salvatore
1534 1840 1750 1894 Christo
1804 1849 2024 1895 naturas

447 1932 682 1986 indivise
710 1937 994 1999 copulatas
1016 1933 1278 2002 praedicat
1316 1932 1664 2000 recipitque?
1697 1932 1762 1986 Et
1789 1933 1890 1987 hoc
1920 1933 2030 1986 cla-
2059 1917 2104 1977 Β

447 2024 564 2080 rius
595 2024 648 2076 in
678 2022 910 2092 epistola
939 2023 1110 2078 altera
1153 2023 1220 2077 ad
1254 2022 1589 2078 Succensum
1617 2023 1858 2093 exponit.
1892 2023 2028 2078 Cum

449 2118 598 2173 enim
625 2117 959 2186 explicasset
1014 2117 1066 2169 in
1119 2117 1230 2183 illa,
1262 2117 1394 2187 quid
1432 2117 1505 2171 sit
1544 2117 1648 2171 hoc
1683 2118 1855 2186 ipsum
1887 2118 2029 2187 quod

444 2211 688 2266 declarat
733 2226 896 2264 unam
967 2219 1215 2264 naturam
1251 2208 1410 2263 Verbi
1460 2211 1826 2270 incarnatam,
1856 2220 1910 2264 et
1938 2211 2032 2263 do-

451 2303 679 2368 cuisset,
740 2316 926 2356 verum
976 2313 1033 2356 et
1089 2300 1390 2356 naturalem
1446 2314 1565 2355 esse
1611 2299 1755 2372 [Dei]
1811 2300 2030 2368 Filium,

451 2394 707 2465 quamvis
748 2393 1048 2448 secundum
1103 2403 1436 2462 assumptam
1469 2393 1688 2447 carnem
1718 2408 1822 2448 non
1854 2393 2029 2448 inani-

449 2501 622 2550 tnam,
661 2484 757 2539 sed
789 2483 1132 2554 intelligenti;
1167 2486 1345 2538 anima
1394 2483 1771 2550 informatam,
1802 2501 1872 2540 ex
1911 2501 2032 2539 mu-

449 2579 586 2632 liere
633 2579 899 2648 prodierit
954 2579 1138 2642 homo,
1190 2577 1392 2646 2810
1455 2592 1691 2646 cumque
1764 2579 2035 2634 intulisset

452 2687 564 2727 non
601 2682 892 2742 propterea
917 2671 1153 2726 divisum
1200 2671 1266 2724 iri
1309 2669 1636 2741 [Christum]
1667 2672 1720 2724 in
1743 2673 1876 2725 duas
1908 2687 2035 2740 per-

454 2779 619 2818 sonas
662 2773 757 2818 aut
795 2762 956 2827 ﬁlios,
995 2762 1088 2817 sed
1121 2762 1195 2815 ita
1241 2775 1462 2830 quoque
1505 2777 1816 2815 mansurum
1845 2777 2032 2822 unum.

456 2856 704 2924 adjungit
723 2855 994 2924 quomodo
1018 2869 1124 2908 non
1151 2853 1271 2908 sine
1296 2867 1488 2918 carne,
1516 2868 1614 2907 nec
1635 2863 1789 2907 extra
1818 2869 2035 2922 corpus,

457 2951 554 3003 scd
601 2961 757 3000 suum
803 2961 868 2999 ac
898 2945 1177 3014 propriqu
1226 2944 1427 2999 habeat
1477 2959 1695 3012 corpus,
1740 2945 2039 2998 secundum

455 3039 717 3102 unionem
751 3051 948 3106 nempe
987 3034 1342 3093 indivulsum.
1399 3036 1463 3089 Et
1503 3037 1554 3089 in
1598 3035 1823 3105 epistola
1855 3038 1921 3090 ad
1967 3047 2036 3103 te,

457 3133 688 3201 aliisque
718 3130 856 3186 locis
887 3128 1094 3194 multis,
1133 3128 1322 3184 eadem
1351 3129 1552 3184 docere
1585 3127 1803 3199 legitur.
1833 3128 1905 3182 At
1935 3127 2036 3182 Se-

460 3225 674 3279 \eriani
699 3221 1062 3278 diﬁerentiam
1090 3232 1212 3290 post
1242 3221 1682 3276 concurrentium
1723 3230 2036 3274 naturarum

460 3315 720 3369 unionem
752 3312 985 3366 aversati
1016 3310 1290 3366 malitiose
1310 3320 1368 3365 et
1390 3311 1551 3378 impie
1571 3310 1808 3380 primum
1825 3312 2040 3379 quidem

458 3415 672 3474 ponunt
701 3419 883 3472 voces,
919 3417 1041 3470 qua).
1089 3401 1449 3457 diﬂerelititirn
1494 3413 1811 3456 naturarum
1861 3402 2044 3456 decla-

457 3507 616 3564 rant;
651 3496 846 3551 deinde
889 3510 1018 3550 vero
1079 3509 1204 3550 cum
1261 3493 1380 3548 illas
1417 3495 1562 3563 ipsas
1620 3493 1824 3548 scilicet
1863 3493 2045 3548 inver-

455 3600 600 3654 tunt,
647 3605 811 3643 unam
841 3588 1004 3644 Verbi
1061 3597 1312 3642 naturam
1366 3588 1520 3642 aiunt
1574 3587 1940 3640 incarnatam.
1973 3587 2045 3642 At

458 3697 566 3735 non
599 3685 672 3734 ita
700 3680 892 3750 religio
921 3679 1224 3742 catholica,
1251 3680 1344 3733 sed
1372 3678 1558 3732 addita
1591 3679 1693 3733 hac
1717 3693 1872 3742 voce,
1900 3677 2044 3732 illico

457 3771 716 3840 deinceps
749 3769 996 3825 ostendit
1049 3785 1150 3840 per
1184 3770 1327 3824 hanc
1367 3785 1555 3824 rursus
1586 3769 1784 3825 salvari
1817 3785 1882 3825 ex
1909 3785 2044 3825 con-

454 3861 680 3931 junctisl
725 3861 955 3915 alteram
1019 3859 1330 3914 indivisihili
1411 3861 1621 3914 ratione
1676 3861 1878 3926 unitis,
1925 3876 2048 3930 quae

459 3950 661 4028 [pietas
711 3950 1006 4022 catholica]
1052 3954 1301 4020 coarguit
1357 3953 1571 4019 impios,
1637 3955 1762 4006 dum
1811 3952 2049 4007 ostendit

465 4060 631 4098 unam
679 4043 844 4100 Verbi
889 4053 1139 4099 naturam
1193 4045 1536 4098 incarnatam
1573 4043 1706 4099 nihil
1739 4044 1884 4098 aliud
1926 4059 2050 4100 esse

461 4152 627 4206 qnam
677 4136 1009 4190 indivulsam
1059 4137 1361 4190 secundum
1395 4137 1728 4207 hypostasim
1771 4137 2046 4202 unionem,

464 4240 662 4283 natura
689 4226 979 4300 [utraque].
1002 4229 1212 4297 integra
1240 4241 1305 4283 .et
1348 4228 1635 4284 iuconfusa
1669 4245 1888 4299 semper
1917 4245 2049 4284 con-

468 4334 704 4378 servata.
733 4322 878 4377 Duas
896 4324 1045 4376 enim
1077 4322 1342 4376 indivisas
1369 4333 1594 4376 naturas
1624 4325 1862 4389 asserit,
1897 4323 2050 4392 quasi

471 4413 702 4468 duarum
736 4413 1190 4467 convenientium
1224 4423 1540 4467 naturarum
1577 4413 1931 4468 differentiam
1971 4417 2053 4468 in-

475 4506 666 4560 dicans
697 4523 710 4557 :
761 4515 814 4558 et
841 4521 1000 4559 unam
1044 4504 1205 4557 \‘erhi
1233 4515 1481 4559 naturam
1511 4504 1870 4570 incarnatam,
1895 4506 2051 4574 quasi

2129 643 2298 715 μένην
2345 645 2611 708 πολλάκις
2667 645 2918 714 φαίνεται
2962 645 3223 715 φάμενος,
3285 645 3412 715 μίαν
3443 645 3501 698 δὲ
3543 645 3711 714 φύσιν

2127 734 2366 806 Χριστοῦ
2409 735 2596 795 ἁπλῶς
2648 734 2820 787 εἰπὼν
2857 735 2958 787 οὐκ
3003 735 3070 787 ἂν
3103 733 3279 806 ἁλοίη.
3327 735 3391 787 Τί
3432 735 3478 788 δ’
3510 737 3578 788 ἂν
3618 736 3706 806 εἴη

2128 823 2290 892 φύσις
2333 824 2750 894 ἀνθρωπότητος
2789 823 2844 893 ἢ,
2893 823 2968 886 ὼς
3006 825 3168 887 αὐτὸς
3220 827 3378 877 πάλιν
3414 827 3470 877 ἐν
3522 825 3708 890 ἄλλοις

2129 917 2354 984 ἐδίδαξε,
2388 917 2524 988 σὰρξ
2560 917 2888 987 ἐψυχωμένη
2928 916 3160 986 νοερῶςς
3193 918 3268 980 ὡς
3305 919 3400 970 καὶ
3428 919 3515 971 διΞι
3548 921 3712 971 τοῦτο

2127 1009 2290 1062 πάλιν
2371 1007 2642 1072 σώζεσθαι
2721 1008 2830 1061 τῶν
2889 1008 3309 1078 συνδραμόντων
3377 1011 3454 1073 εἰς
3513 1011 3712 1062 ἕνωσιν

2127 1103 2453 1172 ἀδιαιρέτως
2507 1103 2791 1171 ἑκάτερον.
2825 1100 2996 1172 Δῆλον
3030 1099 3122 1156 οὖν
3168 1103 3231 1154 ὲκ
3258 1102 3366 1174 τῶν
3401 1103 3714 1174 εἰρημένων

2127 1193 2204 1256 ὡς
2233 1194 2282 1246 οἱ
2315 1189 2620 1264 όρθοδόξως·
2653 1192 2904 1262 λέγοντες
2947 1193 3039 1248 καὶ
3082 1193 3226 1247 κατὰ
3271 1192 3540 1262 Κύριλλον
3583 1194 3716 1263 μίαν

2129 1287 2293 1356 φύσιν
2349 1285 2441 1339 τοῦ
2507 1286 2684 1353 Λόγου
2755 1286 3224 1356 σεσαρκωμένην,
3263 1285 3324 1338 οὺ
3375 1285 3512 1357 πρὸς
3554 1285 3718 1338 ἄλλον

2127 1381 2372 1451 ἀφορῶσι
2404 1379 2680 1449 σκοπὸν,ἦ
2716 1379 2864 1441 ὅστις
2892 1379 3073 1442 αὐτοῖς
3105 1379 3205 1446 τὴν
3243 1378 3499 1449 τοιαύτην
3526 1381 3717 1450 φωνὴν

2127 1471 2458 1524 ἐπιδείκνυσι
2479 1469 2578 1532 τὰς
2598 1468 2692 1522 δύο
2711 1469 2900 1536 φύσεις
2921 1469 3015 1521 ἐπὶ
3038 1468 3132 1522 τοῦ
3161 1469 3438 1522 Δεσπότου
3472 1469 3716 1540 Χριστοῦ

2127 1561 2206 1631 τῷ
2250 1561 2540 1633 ἀδιαιρέτῳ
2595 1561 2814 1624 πάντως
2862 1561 3310 1629 συνεισάγουσαν.
3349 1562 3437 1614 Ἐν
3472 1561 3551 1632 τῷ
3604 1560 3717 1633 γὰρ

2129 1658 2304 1709 εἰπεῖν
2343 1655 2434 1708 τὸν
2486 1657 2755 1726 μακάριον
2798 1655 3066 1727 Κύριλλον
3117 1654 3385 1720 σώζεσθαι
3423 1655 3490 1708 δι’
3544 1655 3718 1726 αὐτῆς

2129 1749 2239 1803 τῶν
2266 1749 2683 1820 συνδραμόντων
2731 1749 2811 1812 εἰς
2838 1748 3034 1801 ἕνωσιν
3072 1748 3394 1820 ἀδιαιρέτως
3428 1747 3715 1820 έκατέρον,

2132 1842 2261 1915 [875
2289 1840 2384 1914 Κ]
2408 1845 2557 1904 ποῖος
2583 1842 2649 1895 ἂν
2670 1841 2826 1903 ἄλλος
2845 1839 3242 1912 παρεισαχθείη
3264 1840 3466 1903 σκοπὸς
3497 1840 3530 1911 ἢ
3565 1843 3593 1894 ὀ
3616 1843 3718 1904 τὰς

2131 1935 2224 1991 δύο
2270 1935 2464 2005 φύσεις
2521 1935 2616 1987 ἐπὶ
2666 1933 2760 1986 τού
2809 1933 3070 2004 Σωτῆρος
3122 1933 3360 2004 Χριστοῦ
3389 1933 3718 2005 ξσωζομένας

2132 2025 2418 2097 κηρύττων
2467 2024 2810 2095 ἁδιαιρέτους
2861 2023 2905 2054 ¹⁸
2960 2025 3053 2076 καὶ
3128 2023 3557 2096 ἀποδεχόμενος;
3623 2027 3719 2079 καὶ

2129 2119 2290 2171 τοῦτο
2315 2116 2694 2188 φανερώτερον
2724 2117 2819 2169 καὶ
2837 2117 2893 2168 ὲν
2922 2118 2988 2187 τῇ
3012 2116 3151 2187 πρὸς
3180 2115 3479 2171 Σούκενσον
3509 2119 3538 2172 ό
3555 2118 3720 2182 αὐτὸς

2132 2211 2363 2282 δευτέρᾳ
2400 2213 2633 2264 ποιεῖται
2663 2210 2940 2280 ἐπιστολῇ.
2986 2209 3336 2282 Ἐρμηνεύων
3358 2211 3466 2282 γάρ
3491 2213 3550 2265 ἐν
3577 2214 3716 2284 αὐτῇ

2131 2303 2184 2356 τί
2213 2304 2344 2355 ποτέ
2368 2304 2515 2356 ἐστιν
2543 2301 2691 2372 αὐτῷ
2720 2303 2760 2334 ¹⁹
2795 2300 3033 2371 δηλοῦσα
3076 2304 3110 2374 ἡ
3155 2302 3254 2372 μία
3294 2303 3455 2372 φύσις
3490 2303 3582 2357 τοῦ
3617 2306 3722 2358 Λό-

2132 2413 2229 2465 γου
2254 2395 2676 2466 σεσαρκωμένη,
2730 2394 2824 2447 καὶ
2847 2393 3020 2446 εἰπὼν
3051 2394 3128 2457 ὼς
3158 2393 3304 2447 ἐστιν
3344 2395 3471 2458 Υἱὸς
3505 2397 3533 2448 ὁ
3559 2395 3723 2464 φύσει

2134 2489 2229 2541 καὶ⁷
2279 2487 2518 2558 ἀληθῶς,
2570 2489 2619 2540 εἰ
2669 2490 2762 2541 καὶ
2815 2487 2958 2540 κατὰ
2998 2487 3307 2557 πρόσληψιν
3363 2488 3566 2558 σαρκὸς
3620 2491 3723 2542 οὐκ

2135 2580 2344 2651 ἀψύχου
2359 2621 2371 2643 ,
2394 2580 2506 2634 ἀλλ’
2526 2579 2888 2651 ὲψυχωμένης
2905 2581 3107 2651 νοερῶς
3132 2580 3405 2650 προῆλθεν
3433 2581 3723 2652 ἄνθρωπος

2136 2676 2201 2727 ὲκ
2237 2672 2520 2741 γυναικὸς,
2561 2673 2657 2726 καὶ
2711 2670 3028 2742 ἐπενεγκὼν
3062 2672 3134 2734 ὡς
3170 2672 3229 2724 οὐ
3283 2671 3376 2724 διὰ
3417 2673 3580 2725 τοῦτο
3625 2693 3722 2743 με·

2139 2763 2561 2834 ρισθήσεταιεῐς
2593 2762 2687 2815 δύο
2719 2760 3005 2834 πρὼσωπα
3034 2761 3065 2833 ἢ
3097 2762 3269 2826 υἱοὺς,
3293 2761 3426 2815 ἀλλὰ
3465 2765 3561 2816 καὶ
3584 2763 3725 2816 οὕτω

2137 2855 2382 2926 διαμενεῖ
2431 2851 2535 2917 εἷς,
2597 2853 2924 2924 προστίθησι
2977 2853 3096 2918 πῶς
3145 2854 3247 2906 οὐκ
3312 2855 3551 2923 ἄσαρκος
3605 2855 3725 2908 οὐδὲ

2139 2945 2244 3011 ἔξω
2321 2946 2593 3017 σώματος,
2641 2947 2757 2999 ἀλλ’
2797 2946 2927 2998 ἴδιον
2973 2946 3112 3016 ἔχων
3163 2945 3295 2998 αὐτὸ
3333 2947 3510 3017 (δῆλον
3551 2947 3632 3000 ὅτι
3668 2951 3728 3001 τὸ

2143 3037 2325 3108 σῶμα)
2366 3038 2487 3091 καθ’
2521 3038 2714 3093 ἕνωσιν
2735 3039 3124 3092 ἀδιάσπαστον.
3154 3039 3271 3090 Κάν
3316 3042 3380 3108 τῇ
3419 3038 3648 3107 πρὸς....
3683 3042 3726 3072 ²⁹

2145 3129 2202 3182 δὲ
2234 3130 2491 3202 ἐπιστολῇ
2519 3131 2611 3182 καὶ
2645 3131 2704 3182 ὲν
2734 3129 2914 3193 ἄλλοις
2953 3129 3166 3193 πολλοῖς
3196 3130 3265 3184 τὰ
3287 3131 3424 3184 αὑτὰ
3462 3132 3729 3185 διδάσκων

2097 3241 2114 3294 "
2154 3221 2493 3292 εὑρίσκεται.
2529 3222 2673 3274 Ἀλλ’
2700 3224 2750 3275 οἱ
2790 3223 2918 3294 περὶ
2949 3222 3187 3292 Σεϐἦρον
3210 3225 3309 3292 τὴν
3333 3223 3597 3294 διαφορὰν
3624 3225 3730 3277 τῶν

2150 3313 2512 3367 συνελθόντων
2541 3315 2680 3382 μετὰ
2707 3314 2807 3384 τὴν
2839 3315 3036 3369 ἕνωσιν
3080 3316 3362 3385 ὁμολογεῖν
3411 3319 3511 3371 οὐκ
3543 3319 3729 3388 ἀνεχό-

2148 3421 2322 3470 μενοι,
2377 3404 2702 3477 κακούργως
2745 3423 2805 3459 τε
2869 3409 2961 3460 καὶ
3008 3408 3288 3471 δυσσεϐῶς
3357 3409 3574 3481 πρῶτον
3629 3412 3728 3480 μὲν

2144 3498 2398 3551 τάττουσι
2425 3498 2526 3562 τὰς
2563 3498 2746 3567 φωνὰς
2780 3500 2836 3552 αἳ
2869 3500 2912 3532 ¹¹
2940 3499 3039 3571 τὴν
3076 3500 3344 3572 διαφορὰν
3373 3502 3594 3571 δηλοῦσι
3624 3504 3729 3557 τῶν

2147 3589 2385 3658 φύσεων,
2435 3590 2627 3645 ἔπειτα
2669 3590 2746 3656 δὲ,
2781 3591 2856 3655 ὡς
2907 3591 3066 3664 δῆθεν
3095 3594 3501 3665 ἀνατρέποντες
3538 3597 3723 3662 αὐτάς,

2147 3683 2246 3752 τὴν
2271 3683 2403 3752 μίαν
2429 3683 2592 3751 φύσιν
2628 3683 2722 3736 τοῦ
2751 3684 2925 3752 Λόγου
2952 3703 3205 3756 σεσαρκω
3216 3687 3386 3757 μένην
3410 3689 3714 3758 ἐπάγουσιν.

2148 3777 2260 3844 Οὐχ
2283 3775 2425 3829 οὕτω
2461 3776 2518 3830 δὲ
2561 3778 2709 3830 ποιεῖ
2747 3777 2779 3847 ή
2812 3777 3087 3841 εὐσέϐεια,
3129 3778 3267 3832 ἀλλὰ
3303 3779 3510 3850 ταύτην
3560 3798 3726 3852 προσ-

2149 3868 2304 3923 θεῖσα
2325 3870 2375 3900 ⁸³
2404 3869 2514 3940 ξτὴν
2549 3871 2754 3940 φωνὴν,
2813 3869 2978 3934 εὐθὺς
3029 3871 3225 3942 ἐφεξῆς
3247 3873 3486 3927 δείκνυσι
3526 3874 3623 3930 κού⁹
3649 3874 3738 3927 διὰ

2147 3959 2352 4028 ταύτης
2386 3959 2654 4024 σώζεσθαι
2686 3960 2846 4014 πάλιν
2883 3962 2994 4015 τῶν
3039 3963 3406 4017 συνελθόντων
3439 3966 3518 4028 εἰς
3540 3966 3739 4018 ἕνωσιν

2148 4049 2471 4118 ἁδιαιρέτως
2503 4050 3097 4123 έκάτερον,ὲλέγχουσα
3115 4056 3242 4119 τοὺς
3269 4055 3554 4120 δυσσεϐεῖς
3584 4058 3662 4120 ὠς
3709 4061 3741 4131 ἡ

2153 4141 2251 4212 μία
2295 4143 2390 4196 τοῦ
2418 4145 2594 4212 Λόγου
2636 4143 2799 4212 φύσις
2835 4146 2881 4177 ’³
2924 4148 3331 4218 σεσαρκωμένη
3365 4149 3517 4202 οὐδὲν
3548 4150 3739 4221 ἕτερον

2149 4233 2184 4303 ἢ
2213 4233 2311 4302 τὴν
2350 4234 2717 4287 ἀδιάσπαστον
2775 4235 2868 4288 καὶ
2911 4237 3034 4289 καθ’
3066 4238 3377 4292 ὑπόστασιν
3410 4240 3606 4294 ἕνωσιν
3645 4241 3739 4312 δη-

2152 4322 2252 4389 λοῖ,
2276 4324 2695 4394 φυλαττομένων
2721 4325 2863 4378 κατὰ
2891 4327 3070 4380 πάντα
3104 4329 3293 4399 καιρὸν
3324 4331 3381 4383 ἑν
3402 4329 3476 4400 τῷ
3499 4332 3741 4400 ἀσυγχύ-

2151 4431 2229 4485 τῳ
2267 4415 2374 4468 τῶν
2407 4416 2644 4484 φύσεων.
2685 4415 2790 4468 Δύο
2824 4417 2935 4487 γὰρ
2974 4417 3170 4487 φύσεις
3212 4419 3551 4492 ἀδιαιρέτους
3582 4422 3739 4486 δοξά-

2153 4507 2257 4572 ζει,
2294 4507 2371 4571 ὡς
2405 4509 2466 4561 τὸ
2503 4507 2760 4580 διάφορον
2812 4510 2922 4562 τῶν
2967 4511 3330 4566 συνελθόντων
3365 4514 3736 4583 κηρύττουσα,

471 4596 644 4664 ipsum
669 4593 847 4648 Patris
873 4603 1002 4648 ante
1031 4594 1227 4648 saecula
1253 4595 1492 4650 Verbum
1515 4594 1752 4648 humana
1771 4607 2038 4664 assumpta

2155 4601 2248 4653 καὶ
2267 4601 2398 4670 μίαν
2418 4601 2580 4670 φύσιν
2607 4601 2700 4655 τοῦ
2726 4601 2900 4671 Λόγου
2933 4606 3385 4678 σεσαρκωμένην,
3421 4609 3497 4671 ὡς
3517 4611 3609 4662 τὸν
3638 4611 3739 4663 αὺ-

469 4702 666 4745 natura
697 4690 1048 4743 incarnatum
1072 4689 1291 4742 docens.

545 4886 673 4943 llaec
697 4897 751 4942 et
777 4888 862 4943 his
889 4888 1113 4954 similia,
1138 4899 1426 4958 postquam
1468 4905 1567 4958 pro
1593 4891 1740 4946 vocis
1767 4893 2054 4962 propositae

453 4982 790 5036 defensione
855 4982 1032 5048 dixit,
1091 4984 1440 5052 ostenditque
1505 4986 1718 5038 eadem‘
1755 5000 1784 5037 a
1848 4985 2056 5054 synodo

465 5071 898 5128 Chalcedonensi
940 5074 1181 5142 iudicata
1226 5086 1280 5128 et
1305 5076 1620 5144 przedicata,
1658 5090 1782 5129 cum
1811 5091 1909 5145 per
1930 5075 2057 5142 alia,

478 5176 588 5218 tum
635 5181 701 5218 ex
755 5165 820 5218 iis
871 5167 1067 5234 quibus
1093 5169 1332 5238 synodus
1355 5168 1539 5221 sancti
1569 5165 1814 5221 Flaviani
1846 5169 2059 5239 proles-

476 5257 686 5311 sionem
719 5256 844 5312 ﬁdei
875 5258 1045 5328 ipsius
1069 5275 1228 5312 manu
1257 5261 1526 5329 seniptam
1547 5261 1911 5328 conﬁrmavit,
1938 5261 2058 5316 vin-

475 5351 631 5406 dicat,
678 5365 867 5404 vocem
928 5349 1050 5419 [seu
1103 5351 1390 5405 formulam
1443 5352 1588 5407 illam
1653 5352 1930 5425 Ecclesiae]
1989 5355 2057 5408 ab

474 5444 746 5499 hmreseos
817 5447 1160 5515 suspicione;
1193 5447 1539 5516 vindicatque
1590 5453 1826 5519 seipsnm
1862 5469 1891 5502 ιι
1951 5467 2058 5503 non

2157 4692 2246 4744 τὸν
2284 4691 2378 4744 τοῦ
2431 4692 2644 4763 Πατρὺς
2709 4695 3034 4764 προαιὼνιον
3091 4697 3262 4764 Λόγον
3315 4699 3739 4771 ένανθρωπῆσαι

2157 4783 2626 4855 καὶησαρκωθῆναι
2643 4784 2970 4856 δογματίζον
2978 4803 3066 4840 σα.

2231 4898 2416 4954 Ταῦτα
2446 4900 2539 4953 καὶ
2568 4901 2794 4954 τοιαῦτα
2823 4900 2868 4932 ³⁸
2901 4901 3002 4954 ύπὲ
3014 4919 3044 4972 ρ
3082 4903 3180 4972 τῆς
3212 4907 3583 4976 προκειμένης
3613 4909 3743 4962 ἀπο-

2159 4991 2530 5061 λογησάμενος
2578 4992 2795 5062 φωνῆς,
2835 4993 2927 5045 καὶ
2964 4993 3032 5046 τὰ
3081 4995 3219 5048 αὐτὰ
3262 4995 3360 5063 τὴν
3413 4998 3470 5050 ὲν
3524 4999 3743 5068 Καλχησ

2158 5085 2266 5138 δόνι
2295 5085 2338 5116 ”
2375 5084 2590 5138 σύνοδον
2628 5083 2936 5154 φρονοῦσάν
2967 5103 3027 5137 τε
3077 5085 3171 5138 καὶ
3207 5085 3580 5156 κηρύττουσαν
3621 5092 3742 5141 ἐπιο

2159 5175 2473 5246 δειξάμενος
2497 5176 2584 5229 διά
2633 5193 2692 5228 τε
2738 5174 2922 5229 ἄλλων
2959 5175 3054 5228 καὶ
3112 5176 3170 5242 ἐξ
3217 5169 3290 5230 ὧν
3325 5177 3417 5231 τοῦ
3461 5181 3518 5231 ἐν
3569 5181 3744 5247 ἁγίοις

2163 5268 2464 5321 Φλαϐιανοῦ
2499 5269 2781 5338 ἰδιόχειρον
2818 5267 3002 5322 πίστιν
3049 5267 3490 5336 ἀναγνωσθεῖσαν
3539 5272 3572 5341 ἡ
3621 5271 3746 5324 σύνο

2165 5359 2282 5420 οδος
2313 5357 2436 5429 [461
2477 5357 2567 5431 IL]
2597 5356 2972 5428 ἐπεκύρωσεν,
3007 5358 3342 5412 ἀπαλλάττει
3379 5360 3478 5428 μὲν
3515 5359 3612 5430 τὴν
3638 5379 3746 5430 φω-

2167 5452 2264 5521 νὴν
2289 5451 2570 5521 αἱρετικῆς
2601 5449 2946 5521 ὑπολήψεως,
2983 5450 3313 5506 ἀπαλλάττει
3335 5451 3392 5506 δὲ
3419 5451 3514 5505 καὶ
3549 5453 3737 5506 ἑαυτὸν

1757 5609 1992 5664 VARle
2040 5609 2445 5665 LECTIONES.

552 5741 594 5771 ’⁸
625 5741 944 5811 ἁδιαιρέτως
992 5760 1050 5805 ς.
1131 5748 1173 5775 ’³
1219 5744 1366 5812 αὐτῷ
1399 5761 1538 5801 corr.
1574 5745 1614 5798 A
1651 5763 1663 5798 :
1699 5747 1831 5798 αὑτό
1864 5764 1926 5810 ς.

466 5879 572 5957 ,τοῦ
599 5881 771 5947 Λόγου
812 5898 870 5944 ς.
986 5886 1030 5914 ³λ
1057 5887 1148 5937 καὶ
1182 5887 1249 5937 τὰ
1280 5903 1328 5937 τ.
1355 5902 1417 5949 ς.
1529 5888 1573 5916 ³⁸
1601 5885 1775 5939 Χαλκ.
1805 5887 1864 5938 Β.

903 5759 944 5822 ξς
992 5760 1050 5805 ς’.
1131 5748 1173 5775 ’³
1207 5747 1366 5822 αὐτῷ
1399 5761 1538 5801 corr.
1574 5747 1614 5798 A
1651 5763 1663 5798 :
1699 5747 1831 5822 αύτό
1864 5764 1926 5810 ς.
2003 5747 2169 5822 Ψ...]
2207 5749 2257 5800 in
2295 5764 2376 5814 pr.
2478 5747 2665 5822 lacuna
2703 5759 2804 5822 est.
2833 5764 3090 5822 qumrnon
3130 5759 3237 5822 tota
3262 5752 3516 5822 impletur
3548 5751 3742 5806 inscri-

476 5822 566 5881 pto
592 5822 774 5877 postea
817 5813 1114 5866 Σούκενσον
1151 5832 1163 5843 ·
1204 5813 1503 5869 Ξούκενσον
1542 5830 1704 5869 etiam
1735 5817 1773 5867 li
1803 5828 1860 5868 et
1883 5834 2025 5872 corr.
2055 5820 2095 5872 (ὲ
2135 5813 2232 5871 {ca

2402 5820 2443 5850 ²¹
2478 5819 2542 5870 αἴ
2567 5821 2610 5872 Δ
2645 5819 2777 5872 εκαί
2807 5838 2867 5882 ς.
2959 5821 3003 5850 ³³
3038 5821 3300 5889 προθεῖσα
3334 5821 3392 5875 Β.
3503 5823 3548 5852 ³³
3583 5825 3742 5892 φύσις
