4004 6456
371 351 508 426 1077

1286 431 1301 440 ,
1412 372 1941 439 BIBLIOTHECA.
1981 404 2049 415 -·
2076 381 2241 449 COD.
2280 387 2552 456 CCXXX.

3475 399 3614 465 1078

361 461 516 578 ὅπως
564 462 623 517 δὲ
672 465 812 578 πρὶς
841 466 989 578 [‘463'
1014 472 1113 544 IL]
1163 474 1434 578 ἀλλήλας,
1483 479 1578 532 καὶ
1624 481 1833 553 οὐδαμῆ
1882 481 1925 535 τί

2047 484 2177 556 ipsis
2205 497 2517 551 auctoribus
2540 506 2595 553 et
2619 513 2739 554 cum
2764 500 2886 558 aliis
2907 501 3142 570 ejusdem
3168 513 3328 561 sectae
3350 520 3610 578 pugnent.

366 553 635 625 στάσιμον
671 542 792 612 οὐδὲ
820 562 881 615 τὸ
918 542 1118 634 πάγιον
1167 542 1852 643 ἔχουσινξὰπογυμνώσας
1880 592 1944 629 τε

365 649 465 741 καὶ
495 649 987 726 ἀνακαλυψάμενος
1010 658 1073 722 ⁸⁸,
1099 660 1164 713 ὲκ
1189 664 1290 732 τῆς
1324 664 1534 717 ἐκεῖθεν
1563 667 1793 729 ἀτοπίας
1813 668 1945 741 ὀρᾷν

360 739 569 827 αὐτοὺς
596 745 733 813 πρὸς
763 747 861 817 τὴν
889 749 1087 805 ἕνωσιν
1110 754 1211 823 τῆς
1252 755 1577 827 Ἐκκλησίας
1608 759 1941 816 ὑποτίθεται.

362 822 507 891 Τοὺς
553 829 650 899 μὲν
680 832 788 903 γάρ
828 838 1066 907 παράγει
1099 822 1359 909 λέγοντας
1393 822 1661 911 σῶζεσθαι
1694 850 1791 915 τάς
1824 852 1939 905 δια-

360 920 541 1011 φοράς
573 924 715 992 μετά
764 928 863 997 τὴν
909 930 1124 996 ἕνωσιν,
1158 934 1347 1008 ὥσπερ
1397 940 1491 992 καὶ
1525 941 1781 1011 Σεϐἧρον,
1815 946 1945 1009 τοὺς

358 1009 417 1060 δὲ
443 1010 713 1079 σώζεσθαι
737 1019 1025 1089 μηδαμῶς,
1052 1022 1240 1096 ὥσπερ
1267 1028 1363 1081 καὶ
1391 1009 1733 1099 Τιμόθεονήέν
1762 1034 1943 1099 ἄλλοις

356 1108 422 1153 τε
460 1103 557 1156 καὶ
592 1106 650 1158 ὲν
683 1102 762 1171 οἷς
795 1111 937 1165 κατά
969 1111 1062 1165 τοῦ
1099 1114 1157 1167 ὲν
1197 1117 1373 1185 ἁγίοις
1407 1119 1735 1188 ἀγωνίζεται
1773 1125 1943 1178 Λέον-

357 1208 473 1255 τος.
506 1194 583 1247 Οὐ
628 1199 787 1265 μόνον
830 1200 887 1253 δὲ
918 1203 1081 1269 αὐτὸς
1119 1206 1219 1261 οὐκ
1273 1210 1525 1278 ἀνέχεται
1566 1213 1733 1283 φάναι
1773 1215 1943 1282 σώζε-

368 1284 513 1351 σθαι,
542 1286 677 1341 ἀλλά
717 1293 810 1344 καὶ
840 1293 1097 1360 ἀσεϐείας
1130 1299 1349 1370 ἐνόχους
1378 1303 1672 1373 ἀποφαίνει
1706 1307 1852 1373 τοὺς,
1885 1307 1942 1362 ετ

364 1393 511 1471 τινες
540 1379 812 1443 σώζεσθαι
846 1384 957 1438 τῶν
988 1388 1205 1456 φύσεων
1233 1392 1333 1461 τὴν
1373 1394 1641 1465 διαφορὰν
1670 1399 1808 1468 μετά
1839 1400 1941 1471 τὴν

360 1468 559 1559 ἕνωσιν
618 1472 1056 1542 δογματίζουσιν.
1113 1481 1275 1537 Ἀλλά
1321 1485 1416 1538 καὶ
1475 1486 1717 1559 Σεϐῆρος
1776 1468 1940 1546 πάλιν

358 1557 633 1650 σώζεσθαι
669 1562 842 1631 λέγων
877 1566 974 1629 τὰς
1006 1568 1290 1642 διαφοράς,
1325 1574 1395 1627 τὰ
1445 1557 1746 1645 πράγματα
1772 1576 1855 1644 οἷς
1899 1584 1934 1650 ή

353 1648 594 1721 διαφορά
616 1654 1003 1726 ἐπιθεωρεῖται
1028 1660 1090 1713 οὐ
1122 1662 1478 1734 συνομολογεῖ
1509 1666 1794 1732 σώζεσθαι.
1828 1648 1937 1726 Καί

350 1740 420 1837 οὐ
460 1745 737 1837 πανταχοῦ
791 1747 1110 1820 δογματίζει
1164 1753 1358 1810 τοῦτο’
1411 1756 1775 1832 παλίντροπος
1826 1764 1934 1837 γάρ

349 1831 477 1885 ἐστι
506 1832 602 1904 τὴν
634 1836 816 1891 πίστιν
847 1840 943 1893 καὶ
994 1843 1378 1917 πολύμορφος·
1425 1851 1521 1905 καὶ
1549 1831 1658 1923 γάρ
1695 1854 1753 1908 ἓν
1792 1831 1933 1911 τισιν
1964 1836 2006 1891 Β

350 1924 528 2017 αὐτοῦ
563 1924 611 1958 ⁸³
658 1926 840 1996 λόγοις
874 1932 970 1985 καὶ
1018 1935 1160 1989 αὐτά
1190 1937 1491 2009 διομολογεῖ
1518 1942 1589 1995 τά
1629 1946 1933 2017 πράγματα

348 2013 644 2079 σώζεσθαι.
680 2019 866 2084 Οὕτως
895 2025 955 2077 οὐ
989 2026 1125 2097 πρὸς
1155 2028 1421 2100 ἀλλήλους
1452 2033 1643 2103 μόνον,
1675 2013 1932 2093 *ἀλλάκαὶ

344 2108 493 2177 πρὸς
528 2110 757 2175 ἑαυτοὺς
808 2114 870 2168 τὸ
917 2116 1214 2187 ἀλλόφυλον
1244 2122 1346 2191 τῆς
1379 2125 1657 2188 εὐσεϐείας
1711 2131 1931 2186 στασιά-

344 2197 505 2262 ζουσι
538 2202 846 2275 σύνταγμα.
883 2207 976 2261 Ἐκ
1004 2210 1196 2264 τούτου
1229 2215 1516 2285 παραινῶν
1549 2219 1677 2283 τοὺς
1708 2222 1931 2276 στασιά-

344 2291 544 2357 ζοντας
571 2295 648 2366 τῷ
671 2302 979 2369 φρονήματι
1001 2304 1098 2373 τῆς
1121 2306 1404 2373 εὐσεϐείας
1433 2310 1783 2381 συνδραμεῖν,
1804 2318 1926 2370 κατ’

341 2384 654 2478 έπιδρὸμὴν
689 2391 892 2461 ἱστορεῖ
931 2396 1249 2467 Μαρκιανδν
1282 2401 1381 2469 μὲν
1413 2406 1788 2474 συγκροτῆσαι
1826 2409 1925 2478 τήν

344 2476 413 2529 ἐν
444 2479 750 2550 Καλχηδόνι
791 2484 1030 2550 σύνοδον,
1071 2492 1166 2543 καὶ
1190 2489 1267 2553 ὡς
1314 2492 1525 2547 ἐκείνου
1562 2496 1655 2549 τὸν
1701 2497 1815 2567 βίον
1846 2476 1925 2553 λὶ-

339 2567 543 2632 πόντος
582 2570 735 2626 Λέων
765 2576 868 2644 μὲν
898 2576 1137 2648 κατέστη
1171 2579 1278 2633 τῶν
1341 2585 1681 2654 πραγμάτων
1714 2587 1921 2657 κύριος,

337 2659 399 2712 οἳ
429 2658 485 2712 δὲ
522 2661 812 2729 Αἰγύπτιοι
840 2666 939 2735 τῆς
968 2668 1119 2739 ἱερᾶς
1158 2671 1669 2745 ἐπαναστρέψαντες
1702 2679 1920 2732 συνόδου

335 2752 595 2822 ταραχῆς
645 2755 973 2827 ἐπλήρωσαν
1032 2760 1132 2831 τὴν
1162 2764 1513 2835 οἰκουμένην,
1558 2767 1829 2833 δυσσεϐῶς
1863 2789 1921 2824 τε

336 2845 445 2896 atat
474 2846 874 2918 πεπλασμένως
897 2868 968 2922 φη
978 2852 1236 2922 μίσαντες
1259 2855 1335 2919 ὡς
1360 2859 1392 2927 ή
1418 2858 1633 2923 σύνοδος
1656 2863 1921 2934 Κύριλλον

337 2935 654 2992 ἀπεϐάλετο
674 2939 721 2971 ⁸⁸
751 2944 843 2994 καὶ
872 2943 1167 3017 Νεστόριον
1192 2949 1511 3015 ἀπεδέξατο.
1549 2946 1651 3006 ’Ὧν
1678 2955 1768 3011 τὸν
1797 2956 1920 3011 ἀλο-

337 3045 446 3096 γον
494 3031 522 3083 ό
564 3031 718 3085 Λέων
749 3036 1130 3091 καταστέλλων
1166 3037 1425 3111 θόρυϐον,
1461 3042 1531 3097 τὰ
1580 3046 1918 3115 ψηφισθέντα

340 3122 410 3173 ὲν
446 3122 748 3193 Καλχηδόνι
772 3126 816 3157 ⁸⁷
865 3129 960 3181 καὶ
999 3128 1067 3182 τά
1119 3131 1431 3202 πραχθέντα
1479 3138 1752 3206 πανταχοῦ
1804 3139 1919 3192 δια-

332 3209 567 3281 πέμψας
600 3212 701 3283 τῆς
757 3216 1081 3290 οἰκουμένης
1126 3222 1244 3290 μετ’
1290 3225 1589 3290 ἐγκυκλίων
1618 3229 1920 3286 κελεύσεων

329 3302 573 3359 ἕκαστον
624 3306 733 3359 τῶν
765 3309 1070 3380 ἀρχιερέων
1104 3312 1197 3372 καὶ
1226 3315 1437 3385 ἱερέων,
1478 3319 1614 3373 ἀλλὰ
1667 3322 1760 3374 καὶ
1793 3325 1920 3389 τοὺς

328 3395 458 3449 ὅσοι
491 3397 548 3449 ὲν
604 3397 682 3468 τῷ
713 3400 981 3471 μοναδικῷ
1026 3402 1327 3475 διέλαμπον
1358 3406 1493 3479 βίῳ,
1547 3411 1610 3464 τὸ
1665 3413 1918 3484 φρόνημα

329 3487 522 3542 αὐτῶν
540 3490 835 3561 ἐγγράφως
858 3493 1258 3565 ἀνομολογῆσαι
1288 3496 1586 3566 διετάξατο·
1609 3500 1637 3555 ὃ
1661 3505 1754 3556 καὶ
1781 3522 1918 3577 προσ

331 3579 532 3649 θύμως
566 3585 903 3654 πεπράχασι,
934 3586 1045 3639 τῶν
1084 3587 1387 3659 ἀρχιερέων
1416 3592 1511 3645 τοῦ
1557 3594 1792 3667 ἀριθμοῦ
1835 3599 1917 3663 είς

327 3669 660 3736 ἑξακοσίους,
684 3675 775 3727 καὶ
803 3675 1006 3745 χιλίους
1036 3674 1164 3749 [880
1198 3678 1289 3751 3.]
1318 3683 1913 3753 συγκεφαλαιωθέντος,

333 3763 575 3833 μηδενὸς
605 3765 1210 3839 ὲτερογνωμονήσαντος
1236 3771 1374 3844 πλὴν
1391 3774 1741 3846 Ἀμφιλοχίου
1758 3779 1852 3833 ¹ιῖοῦ
1871 3780 1915 3812 ⁸⁸

330 3852 601 3923 Σίδης,ὃς
634 3855 753 3925 μετ’
775 3857 1008 3940 οὐῄπολὺ
1042 3863 1137 3915 καὶ
1162 3862 1321 3929 αὐτὸς
1352 3866 1420 3919 δι’
1446 3867 1769 3940 ὑπογραφῆς
1798 3888 1918 3927 συν-

326 3941 607 4036 ιφῶνησε.
640 3944 775 3999 Μεθ’
832 3938 909 4001 ὧν
959 3951 1053 4003 καὶ
1096 3953 1124 4005 ὁ
1154 3953 1330 4023 μέγας
1378 3938 1626 4028 Συμεὼν,
1672 3938 1797 4018 ἀ-ὲν
1836 3964 1916 4036 τῷ

329 4034 520 4107 στύλῳ
551 4035 641 4090 τὸν
670 4038 961 4108 ἀγγελικὸν
995 4043 1205 4099 ἐκεῖνον
1233 4045 1349 4116 βίον
1383 4048 1794 4123 διανυσάμενος,
1819 4034 1915 4111 καὶ

322 4126 669 4198 Βαράδατος,
698 4131 792 4182 καὶ
813 4130 962 4187 άλλοι
991 4134 1083 4187 τὸν
1104 4135 1266 4190 αὐτὸν
1286 4138 1494 4210 βαθμὸν
1517 4142 1617 4213 τῆς
1640 4145 1914 4211 πολιτείας

2046 596 2145 636 nec
2184 600 2407 654 nsquam
2439 591 2738 661 quidquam
2774 595 2969 650 stabile
2998 606 3054 652 et
3084 596 3314 652 solidum
3356 599 3613 668 habeam,

2045 675 2291 741 aperiens
2336 680 2720 752 declaransque
2764 699 2831 741 ex
2888 687 3103 741 illorum
3159 690 3515 756 absurditate,
3567 694 3611 747 si

2045 764 2109 816 ad
2140 765 2391 822 Ecclesia:
2422 771 2676 826 unionem
2710 775 3005 844 respiciant
3034 778 3293 832 ostendit.
3328 777 3437 834 Hos
3468 782 3612 835 enim

2044 854 2310 921 producit,
2348 866 2408 910 ut
2463 870 2768 917 asserentes
2808 864 3140 921 differentias
3198 877 3316 935 post
3357 871 3611 924 unionem

2042 948 2269 1011 servari,
2326 947 2402 1002 uti
2460 949 2759 1020 Severum;
2820 955 2943 1012 illos
2998 970 3182 1012 autem
3242 968 3299 1012 ut
3357 970 3611 1029 negantes

2042 1039 2272 1103 servari,
2313 1042 2389 1094 uti
2414 1040 2777 1111 Timotheum,
2804 1062 2924 1102 cum
2951 1050 3003 1102 in
3030 1049 3153 1104 aliis
3178 1050 3346 1119 ipsius
3373 1053 3609 1121 scriptis,

2044 1138 2156 1182 tum
2188 1132 2240 1185 in
2270 1132 2337 1187 iis
2369 1134 2564 1205 quibus
2597 1146 2844 1192 sanetum
2887 1139 3120 1194 Leonem
3160 1152 3452 1210 oppugnat.
3496 1143 3612 1212 Ipse

2041 1235 2171 1275 vero
2205 1238 2309 1279 non
2344 1225 2514 1279 solum
2548 1227 2680 1282 dicit
2719 1243 2825 1282 non
2862 1231 3068 1285 servari
3117 1230 3471 1298 differentias,
3515 1235 3610 1287 sed

2041 1313 2203 1366 etiam
2240 1314 2532 1384 impietatis
2566 1333 2688 1373 reos
2723 1321 2932 1389 peragit
2963 1321 3083 1375 illos
3115 1322 3423 1391 quicunque
3455 1322 3606 1378 diﬂ‘e-

2040 1405 2243 1459 rentias
2280 1417 2400 1475 post
2431 1408 2683 1462 unionem
2724 1413 2931 1465 servari
2970 1413 3186 1467 docent.
3230 1414 3334 1468 Sed
3380 1412 3611 1471 Severus

2038 1509 2229 1551 rursus
2279 1498 2404 1551 dum
2453 1499 2609 1555 docet
2657 1501 2991 1556 diﬁcrentias
3022 1504 3253 1566 servari.
3290 1519 3379 1558 res
3427 1514 3607 1562 tamen

2040 1589 2236 1658 quibus
2280 1590 2581 1648 differentia
2620 1599 2989 1666 cognoscitur,
3025 1608 3185 1668 negat
3230 1600 3459 1655 servari.
3497 1599 3608 1656 Nec

2038 1689 2354 1737 constanter
2385 1682 2487 1738 hoc
2520 1685 2718 1754 ubique
2752 1685 2907 1742 docet
2941 1705 2955 1741 :
2992 1687 3307 1744 inconstans
3350 1690 3516 1756 enim,
3553 1700 3608 1746 et

2040 1771 2369 1830 Vertumnus
2400 1776 2597 1845 aliquis
2634 1787 2727 1832 aut
2761 1778 2985 1833 Proteus
3019 1786 3102 1833 est
3132 1780 3183 1833 in
3222 1779 3358 1845 ﬁde;
3403 1781 3604 1835 etenim

2035 1865 2089 1918 in
2121 1866 2437 1935 quibusdam
2481 1868 2636 1924 libris
2681 1870 2970 1925 confitetur
3000 1871 3144 1939 ipsas
3176 1872 3339 1925 etiam
3374 1886 3469 1927 res
3490 1887 3607 1926 ser-

2032 1956 2169 2008 vari.
2200 1959 2349 2011 Adeo
2380 1974 2486 2012 non
2522 1960 2693 2014 solum
2731 1961 2871 2015 inter
2904 1976 2961 2015 so
3001 1961 3126 2029 ipsi,
3163 1963 3255 2015 sed
3296 1976 3468 2031 neque
3502 1962 3605 2016 sibi

2032 2047 2144 2116 ipse
2168 2048 2448 2118 quisquam
2465 2061 2718 2106 constans
2745 2052 2933 2121 dogma
2962 2053 3376 2124 Babylonicum,
3411 2068 3604 2123 nempe

2029 2146 2085 2191 et
2127 2151 2158 2190 a
2206 2153 2335 2193 vera
2381 2139 2584 2208 pietate
2642 2140 2878 2194 alienum
2930 2142 3152 2196 cudunt.
3195 2141 3328 2196 Hinc
3369 2141 3603 2213 [sumpta

2027 2230 2335 2303 occasione]
2400 2232 2643 2287 hortatus
2702 2233 3065 2301 dissidentes,
3124 2242 3184 2288 ut
3238 2233 3291 2288 in
3349 2234 3607 2289 Ecclesia:

2026 2322 2345 2378 sententiam
2389 2324 2741 2389 descendant,
2777 2324 2980 2380 cursim
3032 2333 3219 2378 narrat
3260 2339 3289 2378 a
3326 2323 3602 2379 Marciano

2025 2413 2522 2470 Chalcedonensem
2556 2417 2819 2487 synodum
2853 2426 3136 2483 coactam;
3168 2415 3602 2481 LeonemLM'ar-

2025 2506 2182 2560 ciano
2213 2517 2446 2573 mortuo,
2476 2506 2758 2562 suﬂ‘ectnm
2795 2523 3019 2562 summa:
3054 2521 3235 2562 rerum
3272 2507 3596 2576 praefuisse:

2022 2596 2306 2669 Egyptios
2335 2597 2622 2653 concilium
2661 2608 2905 2654 evertere
2939 2609 3163 2654 conatos
3196 2600 3382 2653 orbem
3425 2601 3595 2653 totum

2025 2687 2340 2741 tumultibus
2378 2688 2652 2758 implesse,
2688 2688 2849 2758 impie
2883 2688 3111 2759 ticteqne
3155 2704 3411 2743 rumores
3441 2705 3598 2759 spar-

2022 2774 2178 2839 sisse,
2208 2774 2462 2844 Cyrillum
2493 2791 2521 2829 a
2551 2776 2754 2847 synodo
2780 2777 3114 2842 damnatum,
3146 2776 3455 2832 Nestorium
3508 2794 3595 2833 re-

2021 2879 2233 2934 ceptum
2274 2867 2459 2923 fuisse.
2495 2867 2733 2934 Quorum
2781 2867 3001 2941 [inquit]
3059 2870 3305 2925 insanum
3357 2872 3592 2926 furorem

2020 2957 2322 3025 reprimens
2388 2956 2499 3011 Leo
2570 2957 2785 3012 decreta
2851 2957 3065 3012 concilii
3134 2959 3596 3013 Chalcedonensis

2020 3056 2252 3116 actaque
2296 3062 2418 3102 cum
2462 3046 2754 3116 encyclicis
2804 3061 2899 3103 seu
2944 3047 3300 3104 circularibus
3332 3051 3597 3105 mandatis

2022 3154 2118 3208 per
2167 3147 2337 3192 totum
2384 3139 2572 3193 orbem
2623 3138 2794 3204 misit,
2842 3139 3179 3209 singulisque
3231 3140 3507 3208 episcopis.
3540 3151 3596 3196 et

2023 3230 2371 3301 presbyteris,
2409 3246 2508 3286 nec
2550 3245 2657 3286 non
2700 3231 2767 3286 iis
2803 3231 2893 3301 qui
2938 3233 2989 3285 in
3031 3232 3279 3300 religiosa
3317 3240 3371 3286 et
3412 3244 3596 3285 ιιοηα-

2022 3322 2156 3379 stica
2208 3323 2315 3376 vita
2362 3322 2603 3377 celebres
2653 3323 2995 3376 habebantur
3042 3324 3318 3392 praecepit,
3354 3324 3429 3376 uti
3471 3338 3595 3377 seu-

2022 3413 2245 3468 tentiam
2274 3427 2426 3468 suam
2470 3413 2672 3483 scripto
2705 3412 3115 3483 proﬁterentur.
3146 3414 3296 3480 Quod
3330 3416 3590 3481 episcopi,

2018 3519 2245 3560 numero
2274 3504 2421 3559 mille
2449 3505 2714 3572 sexcenti,
2739 3517 2984 3574 prompte
3011 3520 3145 3561 sane
3172 3506 3415 3561 exsecuti
3444 3516 3590 3567 sunt,

2018 3600 2236 3654 nemine
2269 3599 2359 3669 qui
2398 3598 2557 3654 aliter
2594 3600 2821 3655 sentiret
2860 3600 3198 3669 deprehenso
3231 3610 3428 3669 praeter
3458 3600 3592 3653 Ain-—

2017 3690 2348 3761 philochium
2401 3692 2545 3745 Sidae
2594 3691 2933 3758 pontiﬁcem,
2985 3691 3077 3761 qui
3137 3700 3317 3745 tamen
3374 3699 3430 3743 et
3482 3690 3594 3758 ipse

2016 3782 2175 3855 paulo
2223 3792 2344 3853 post
2388 3783 2607 3839 concilii
2659 3784 2941 3838 sententia:
2990 3782 3321 3852 subscripsit
3361 3796 3592 3836 consen-

2017 3878 2215 3944 sitque.
2247 3876 2290 3931 A
2338 3877 2537 3947 quibus
2569 3876 2719 3932 stetit
2751 3884 2807 3929 et
2843 3875 3066 3930 Simeon
3110 3876 3202 3944 qui
3248 3874 3299 3928 in
3341 3874 3593 3928 columna

2016 3970 2254 4025 caelitum
2318 3969 2480 4023 vitam
2536 3967 2892 4022 mmulabatur
2947 3966 3192 4039 [Simeon
3249 3962 3478 4036 styiita];
3537 3974 3593 4018 et

2014 4060 2333 4125 Baradatus,
2368 4058 2567 4129 aliique
2597 4062 2844 4113 eamdem
2874 4057 3089 4111 vivendi
3132 4055 3402 4110 rationem
3443 4070 3592 4109 secu-

2017 4153 2076 4208 ti.
2106 4152 2202 4206 His
2228 4149 2771 4214 orationedecursis,
2795 4162 2920 4205 cum
2948 4147 3145 4218 283b
3174 4146 3435 4202 Severum
3468 4162 3593 4200 ana-

2016 4247 2256 4301 themate
2304 4245 2674 4316 proscriptum
2712 4241 2961 4309 dixisset,
3006 4240 3431 4312 disputationem
3482 4222 3593 4294 ﬁne

2012 4337 2306 4397 concludit.

322 4219 662 4290 φθάσαντες.
693 4225 883 4279 Ταῦτα
921 4225 1234 4298 διαδραμὼν
1283 4232 1377 4283 καὶ
1409 4230 1633 4298 δικαίως
1672 4236 1913 4309 Σεϐῆρον

318 4310 412 4387 τῷ
464 4314 766 4386 άναθέματι
824 4320 1298 4393 παραπεμφθῆναι
1352 4330 1845 4399 ἰταραστησάμενος
1864 4330 1910 4365 ιν

318 4407 411 4469 είς
442 4405 595 4470 τέλος
622 4407 884 4463 διέστειλε
917 4412 1016 4482 τὴν
1048 4412 1305 4479 διάλεξιν.

401 4497 515 4550 Καὶ
549 4499 578 4552 ὁ
610 4499 810 4571 ἐφεξῆς
836 4501 895 4555 δὲ
937 4503 1091 4573 λόγος
1122 4507 1580 4577 προδιαϐάλλεται
1601 4512 1648 4546 ⁸ο
1680 4515 1780 4585 μὲν
1807 4516 1905 4587 τὴν

2081 4517 2326 4589 Sequens
2349 4513 2797 4572 oratioeamdem
2814 4510 3033 4583 praefert
3053 4507 3490 4579 inscriptionem,
3526 4513 3583 4561 et

325 4588 505 4661 αὐτὴν
524 4593 856 4665 ἐπιγραφὴν,
874 4598 1197 4668 παραίνεσιν
1219 4601 1276 4655 δὲ
1304 4604 1441 4675 πρὸς
1460 4607 1588 4673 τοὺς
1608 4608 1907 4677 διεστῶτας

2026 4588 2445 4669 adhortationem
2479 4608 2545 4662 ad
2564 4621 2659 4662 eos
2679 4605 2937 4665 continet,
2952 4601 3043 4673 qui
3068 4601 3137 4657 ab
3166 4599 3408 4656 Ecclesia
3425 4599 3587 4654 dissi-

326 4681 435 4751 τῆς
466 4680 788 4757 Ἐκκλησίας
813 4690 1136 4759 είσηγείται,
1152 4694 1217 4748 ὲκ
1231 4698 1331 4767 τῆς
1354 4698 1488 4768 πρὸς
1510 4699 1775 4772 ἀλλήλους
1794 4705 1905 4760 τῶν

2026 4706 2223 4768 lebant,
2259 4716 2363 4772 qua
2385 4709 2589 4765 mouet,
2619 4706 2677 4752 ut
2697 4711 2825 4752 suas
2844 4695 2984 4750 inter
3003 4709 3063 4750 se
3078 4707 3304 4763 pugnas,
3334 4706 3585 4745 suorum-

329 4775 718 4868 αἱρετιςόντων
747 4781 1028 4835 κάνταῦθα
1061 4785 1240 4857 μάχης
1270 4804 1329 4841 τε
1355 4790 1451 4842 καὶ
1482 4791 1748 4865 διαφορᾶς
1780 4812 1902 4851 συν-

2026 4812 2111 4868 ιυθ
2135 4793 2501 4851 dissensiones
2531 4788 2927 4853 hrcreticorum,
2962 4801 3084 4843 cum
3131 4784 3387 4840 Ecclesia:
3432 4792 3583 4838 recto

328 4863 465 4918 ιδείν
483 4865 543 4919 τὸ
571 4868 669 4938 τῆς
702 4868 1027 4941 Ἐκκλησίας
1052 4874 1211 4945 ὀρθὸν
1233 4878 1486 4951 φρόνημα
1539 4863 1897 4955 παρακαλῶν.
2006 4863 2270 4946 consensu
2285 4886 2575 4956 respiciant
2593 4878 3303 4951 componantqneﬂstendit
3322 4888 3585 4947 praeterea

317 4957 493 5025 Λέγει
519 4960 578 5012 δὲ
626 4962 722 5015 καὶ
751 4963 872 5018 ὅθεν
893 4968 1213 5040 κατετμήθη
1261 4972 1343 5035 εἰς
1374 4975 1575 5045 μυρίας
1607 4978 1900 5050 διαιρέσεις

2026 4980 2145 5035 Inde
2167 4976 2370 5033 factum
2386 4977 2460 5030 sit
2479 4984 2537 5028 ut
2555 4973 2800 5043 opinatio
2814 4971 3067 5026 hatretica
3090 4971 3140 5024 in
3166 4971 3407 5024 inlinitas
3429 4962 3582 5037 qna'si

320 5051 424 5142 καὶ
463 5054 705 5125 τομάςή
766 5058 1015 5129 αἱρετικὴ
1061 5059 1206 5125 δόξα.
1248 5062 1615 5136 Ἐπερωτῶσα
1669 5071 1779 5142 γὰρ
1828 5075 1897 5131 τὰ

317 5139 493 5231 τέκνα.
524 5143 625 5214 τῆς
681 5144 1030 5218 Ἐκκλησίας,
1063 5151 1131 5216 εί,
1164 5151 1414 5226 καθάπερ
1461 5156 1554 5210 δύο
1580 5159 1680 5224 τάς
1707 5139 1899 5231 φύσεις

315 5229 599 5300 λέγουσιν,
622 5234 765 5290 οὕτω
789 5239 885 5291 καὶ
911 5240 1012 5305 τὰς
1036 5242 1364 5309 ὑποστάσεις
1384 5246 1564 5316 λέγειν
1591 5229 1897 5323 ἀνέχονται,

315 5323 424 5415 καὶ
455 5324 576 5377 ἐπεὶ
616 5325 747 5395 μίαν
774 5328 1025 5398 λέγουσιν
1051 5334 1142 5386 ἐπὶ
1166 5336 1404 5406 Χριστοῦ
1446 5338 1545 5410 τὴν
1580 5342 1897 5415 ὑπόστασιν,

317 5407 439 5485 ἆρα
464 5416 559 5469 καὶ
591 5418 722 5488 μίαν
752 5420 917 5490 φύσιν
946 5423 1032 5477 ἐπ’
1070 5426 1235 5481 αὐτοῦ
1276 5407 1686 5502 δογματίζουσι,
1727 5407 1900 5491 ταῦτα

2007 5080 2184 5128 sectas
2210 5076 2265 5125 et
2294 5067 2592 5123 sententias
2620 5065 2881 5121 distracta
2926 5075 2981 5118 et
3022 5063 3228 5118 divulsa
3277 5065 3369 5118 sit.
3416 5063 3585 5117 Inter-

2007 5179 2204 5232 rogans
2239 5163 2383 5217 enim
2418 5156 2687 5232 [haeresis]
2721 5156 2985 5213 Ecclesiae
3020 5157 3161 5213 lllios
3197 5171 3289 5220 an,
3321 5155 3582 5223 quemad-

2008 5257 2225 5311 modum
2267 5256 2401 5309 duas
2448 5252 2525 5324 [in
2556 5249 2801 5321 Christo]
2852 5260 3076 5309 naturas
3127 5256 3399 5312 asserunt,
3433 5260 3582 5299 asse-

2007 5357 2133 5405 rant
2160 5347 2411 5403 similiter
2438 5354 2492 5399 et
2518 5345 2653 5399 duas
2692 5357 2984 5412 personas,
3014 5350 3071 5396 et
3101 5355 3223 5395 cum
3256 5337 3585 5408 respondent

2008 5452 2173 5494 unam
2199 5450 2320 5492 esse
2351 5435 2403 5489 in
2436 5432 2655 5489 Christo
2692 5431 3034 5502 hypostasin,
3087 5427 3283 5500 quaerit
3316 5442 3384 5481 an
3419 5427 3585 5479 cli-ad,

1630 5632 1863 5690 VARUE
1899 5632 2301 5692 LECT‘IONES.

401 5754 450 5833 ξ’*
468 5754 703 5833 ἀποκαλ.
746 5775 807 5823 ς.
883 5759 928 5791 ⁸³
962 5759 1110 5833 αὐτῷ
1140 5781 1200 5828 ς.

1278 5764 1323 5798 ⁸⁸
1358 5766 1695 5823 ἀπεϐἀλλετο
1726 5785 1786 5832 ς.
1865 5768 1909 5799 ⁸⁷
1950 5768 2126 5822 Χαλκ.
2157 5769 2221 5823 Α.

2325 5767 2371 5800 ⁸⁸
2403 5765 2497 5819 τοῦ
2533 5766 2577 5819 Α
2610 5781 2625 5819 :
2656 5766 2754 5837 τῆς
2779 5782 2844 5837 7g.
2921 5762 2968 5794 ⁸³
2998 5760 3578 5837 παραστησάμενος-ς-

327 5826 596 5880 mcum
629 5829 670 5882 Δ
699 5845 712 5882 :
747 5826 1245 5901 συστησάμενοςή-
1279 5834 1528 5907 διέστησε
1556 5855 1616 5902 ς.
1689 5826 2251 5912 ’ίπαραδιαϐάλλεται
2287 5855 2349 5906 ς,
2403 5837 2587 5892 malim
2615 5826 3006 5907 πρόϐάλλεται.
