4004 6440
270 357 413 424 1081

1326 364 1941 427 ΒΙΒΙᾹΟΤΗΕΟΛ.-
1982 369 2145 430 COD.
2186 371 2453 431 CCXXX.

3381 375 3519 444 1082

260 473 492 543 κινῆσαι
534 470 685 541 λέγει
711 472 773 527 τὺ
798 472 998 545 δόγμα,
1023 474 1076 529 οἳ
1104 475 1328 544 ἄγνοιαν
1351 476 1431 548 τῷ
1463 480 1654 563 κυρίῳ
1680 478 1839 547 ἡμῶν

1949 478 2152 535 laestiua
2198 484 2491 538 solitudine
2527 485 2794 541 excitasse
2835 486 3115 560 [pravum]
3158 489 3374 561 dogma,
3424 496 3518 563 qui

278 563 455 633 Ἰησοῦ
485 564 707 635 Χριστῷ
729 565 1053 636 περιάπτειν
1077 566 1402 639 ὑπήχθησαν
1427 566 1488 632 ἐξ
1510 562 1584 622 ὧν
1606 586 1667 622 τε
1688 565 1843 622 εἶπεν

260 657 466 720 αὐτός’
498 656 622 710 Ποῦ
655 658 956 712 τεθείκατε
988 658 1296 729 Αάζαρον;
1328 661 1420 713 καί
1439 676 1453 690 ·
1489 658 1699 726 Οὐδείς
1720 656 1844 713 οἵδε

261 750 385 816 τὴν
402 748 565 817 ὥραν
599 749 841 817 ἐκείνην
864 750 902 819 ἢ
938 751 1054 819 τὴν
1088 752 1315 821 ἡμέραν
1347 752 1490 806 οὐδὲ
1520 753 1564 784 ⁸⁸
1609 754 1644 806 ὁ
1682 754 1840 819 Υἱὸς,

261 842 372 894 xui-
384 840 442 905 ἐξ
456 841 627 894 ἀλλων
642 858 880 895 τοιουται
888 844 1087 914 ρόπων.
1104 843 1163 897 Ὀ
1179 845 1234 896 δὲ
1254 843 1398 916 ἰερὸς
1410 844 1669 912 Εὺλόγιος
1686 838 1841 908 οὗτος

245 934 403 998 ,Ι465
435 932 525 1005 Η.]
562 932 685 987 οὔτε
707 935 850 988 κατά
873 937 934 988 τὸ
960 932 1318 1007 ἀνθρώπινον,
1344 936 1523 1007 πολλῷ
1548 938 1605 991 δὲ
1640 937 1842 1008 μᾶλλον

263 1026 391 1079 οὐδὲ
420 1026 564 1078 κατά
590 1026 648 1078 τὺ
674 1025 817 1080 θεῖον
852 1028 1066 1095 ἀγνοεῖν
1087 1029 1177 1080 τὸν
1201 1029 1405 1098 Κύριον
1437 1029 1595 1099 ἡμῶν
1635 1030 1843 1098 Ἰησοῦν

262 1117 505 1186 Χριστὸν
534 1116 659 1170 οὔτε
687 1120 780 1171 τὸν
810 1118 980 1187 τάφον
1012 1119 1104 1172 τοῦ
1127 1120 1402 1190 Λαζάρου,
1441 1120 1564 1174 οὕτε
1606 1122 1705 1190 τὴν
1752 1121 1842 1174 τέ-

265 1209 412 1262 λειον
451 1212 665 1279 ἡμέραν
694 1211 1039 1265 διατείνεται.
1073 1212 1211 1266 Οὔτε
1248 1213 1357 1285 γάρ
1378 1213 1440 1267 τὸ
1478 1214 1840 1285 ἀνθρώπινον,

272 1304 355 1365 εἰς
387 1302 509 1371 μίαν
547 1303 846 1356 ὑπόστασιν
881 1303 1129 1357 συνελθὸν
1159 1306 1224 1375 τῇ
1281 1306 1569 1375 ἀπροσίτῳ
1614 1305 1709 1359 καὶ
1752 1305 1846 1359 οὐ·

275 1394 451 1446 σιώδει
483 1395 670 1463 σοφίᾳ,
699 1396 1047 1466 ἀγνοήσειάν
1070 1413 1144 1461 τι,
1178 1396 1367 1467 ὥσπερ
1387 1397 1538 1450 οὐδὲν
1562 1397 1671 1450 τῶν
1697 1414 1842 1468 παρ-

266 1484 457 1549 όντων,
525 1486 667 1539 οὕτω
689 1486 753 1557 δὴ
782 1487 902 1540 οὐδὲ
936 1487 1045 1541 τῶν
1094 1487 1393 1558 μελλόντων
1414 1530 1431 1554 ,
1462 1488 1586 1541 οὔτε
1616 1489 1842 1558 διαψευ-

261 1574 465 1642 σθῆναι
493 1574 716 1629 δύναται
743 1577 806 1630 τὸ
858 1579 1151 1649 εἰρημένον
1202 1581 1333 1649 παρ’
1378 1580 1581 1633 αὐτοῦ’
1631 1579 1840 1635 Πάντα

259 1665 386 1720 ὅσα
431 1667 558 1734 ἔχει
589 1669 622 1721 ὁ
668 1666 893 1735 Πατὴρ,
924 1667 1036 1737 ἐμά
1058 1668 1252 1732 ἐστιν,
1279 1672 1329 1723 εἰ
1374 1670 1449 1741 μὴ
1486 1672 1597 1740 ἄρα
1625 1672 1720 1724 καὶ
1746 1672 1841 1725 τὸν

257 1758 488 1828 Πατέρα
521 1759 655 1829 πρὸς
676 1758 771 1828 τὴν
804 1759 1027 1826 ἄγνοιαν
1055 1761 1107 1813 οἰ
1136 1760 1316 1814 πάντα
1347 1763 1656 1832 τολμῶντες
1697 1780 1840 1833 παρ-

257 1850 563 1905 ελκύσωσι.
601 1850 674 1903 Τὸ
722 1851 907 1920 μέντοι
948 1868 1013 1920 γε
1061 1853 1226 1919 φάναι
1251 1855 1345 1908 τὸν
1407 1855 1672 1925 Σωτῆραο
1715 1855 1839 1910 Ποῦ

257 1944 569 1995 τεθείκατε
625 1939 929 2008 Δάζαρον;
976 1943 1057 2001 εἰς
1123 1943 1407 1995 ἐπίστασιν
1470 1943 1565 1996 καὶ
1619 1944 1841 2013 μνήμην

258 2034 471 2100 ἄγοντα
503 2033 547 2064 ⁸⁸
582 2033 708 2095 τοὺς
739 2032 1013 2101 παρόντας
1041 2033 1149 2086 τῶν
1193 2033 1465 2088 Ἰουδαίων
1497 2036 1693 2090 εἰπεῖν.
1728 2036 1842 2088 Καὶ

258 2125 325 2177 ού
353 2124 513 2176 τοῦτο
541 2124 724 2193 μόνον,
752 2124 889 2177 ἀλλά
919 2124 1012 2177 καὶ
1061 2125 1146 2177 Ere
1158 2125 1225 2195 ρά
1265 2143 1386 2179 τινα
1415 2126 1840 2195 διαπράξασθαι,

264 2215 459 2286 ὥσπερ
486 2215 577 2268 τόο
609 2217 848 2269 Λύσατε
879 2217 1067 2269 αὐτὸν
1111 2215 1213 2269 καί
1249 2215 1431 2285 ἄφετε
1454 2215 1731 2285 ὑπάγειν,
1759 2217 1844 2270 ἵνα

261 2308 326 2373 ἐξ
353 2300 430 2361 ὧν
460 2324 519 2359 τε
557 2307 698 2360 κατὰ
742 2307 906 2377 μέρος
936 2306 1077 2360 εἶδον
1105 2309 1201 2360 xui
1244 2308 1303 2374 ἐξ
1339 2302 1415 2362 ὧν
1442 2309 1703 2378 ἥκουσαν,
1755 2325 1845 2361 πι-

264 2399 395 2452 στὸν
419 2400 520 2470 μὲν
556 2401 617 2453 τὸ
641 2400 869 2469 ὁρᾶσθαι
899 2401 992 2453 καὶ
1028 2401 1534 2473 ἀναμφισϐήτητον,
1562 2398 1843 2467 ἀνεξάλεισ

262 2510 404 2546 πτον
432 2492 490 2545 δὲ
523 2492 855 2563 παραδοθείη
898 2496 964 2563 τῇ
999 2494 1209 2564 μνήμῃ.
1236 2494 1399 2561 Λέγει
1443 2494 1500 2546 δὲ
1536 2495 1616 2547 ὅτι
1647 2495 1741 2546 καὶ
1775 2494 1843 2546 τὰ

262 2586 363 2638 ἐπὶ
386 2583 624 2655 Χριστοῦ
655 2585 923 2654 λεγόμενα
946 2585 1014 2637 τὰ
1045 2585 1145 2653 μὲν
1188 2586 1331 2638 κατά
1362 2585 1663 2657 ἀναφορὰν,
1686 2586 1754 2639 τὰ
1787 2587 1845 2640 δὲ

261 2677 410 2729 κατὰ
434 2677 692 2747 ἀλήθειαν
720 2676 962 2744 λέγεται·
982 2676 1123 2730 κατά
1153 2676 1431 2745 ἀναφορὰν
1456 2678 1556 2746 μὲν
1577 2677 1639 2730 τὸ
1661 2679 1845 2750 ἀμαρ-

262 2770 392 2823 τίαν
413 2771 575 2822 αὐτὸν
610 2770 705 2823 καὶ
732 2770 980 2841 κατάραν
1004 2769 1144 2840 ὑπὲρ
1172 2770 1328 2840 ἡμῶν
1355 2771 1610 2837 γενέσθαι
1634 2771 1714 2828 (οὐ
1736 2772 1845 2840 γὰρ

261 2863 460 2930 γέγονε
506 2861 701 2925 ταῦτα,
730 2861 845 2914 ἀλλ’
902 2855 987 2914 οἷα
1018 2862 1117 2931 τῆς
1170 2862 1418 2931 κεφαλῆς
1466 2864 1844 2934 οἰκειουμένης

263 2956 336 3007 τά
371 2953 465 3007 τοῦ
501 2953 631 3006 ἰδίου
665 2952 939 3023 σώματος,
972 2953 1133 3017 αὐτὸς
1164 2953 1235 3006 τά
1263 2954 1357 3007 τοῦ
1402 2954 1655 3025 σώματος
1706 2958 1842 3009 ἀνα-

261 3047 543 3115 δέχεται)·
598 3046 742 3100 κατά
774 3046 1035 3117 ἀλήθειαν
1077 3046 1133 3099 δὲ
1166 3047 1385 3115 λέγεται
1433 3048 1719 3118 ἅνθρωπός
1784 3065 1843 3101 τε

262 3142 552 3208 γεγονέναι
595 3140 692 3193 καὶ
719 3141 974 3209 πεινῆσαι
1005 3141 1101 3193 καὶ
1147 3139 1371 3211 διψῆσαι
1417 3142 1610 3195 καὶτὰ
1655 3143 1840 3212 ὅμοια.
1872 3157 1914 3213 (ζ

263 3234 433 3287 Ὥστε
462 3234 515 3287 εἰ
537 3251 622 3294 τις
658 3233 833 3286 ἐθέλοι
858 3234 1041 3301 λέγειν
1074 3234 1289 3301 ἀγνοεῖν
1338 3232 1500 3287 αὐτὸν
1537 3232 1677 3286 κατά
1708 3234 1844 3287 ἀνα-

261 3326 462 3397 φορὰν,
494 3325 569 3390 ὡς
608 3326 709 3379 οὐκ
738 3326 895 3390 ἐκτὸς
944 3324 1167 3394 ἀγνοίας
1214 3326 1368 3388 ὄντος
1408 3325 1573 3381 αὐτοῦ
1608 3325 1703 3378 τοῦ
1735 3325 1844 3379 σώ-

261 3434 440 3489 ματος
492 3417 611 3487 ἦτοι
664 3419 764 3487 τῆς
814 3415 1165 3486 ἀνθρωπίνης
1228 3415 1529 3484 φύσεωςθδ,
1564 3412 1634 3486 ἦς
1692 3418 1845 3470 ἐστιν

262 3506 433 3569 αὐτὸς
463 3506 675 3579 κεφαλὴ
703 3507 767 3571 ⁸⁸,
798 3498 898 3559 οὐκ
941 3505 1008 3559 ἂν
1056 3506 1155 3576 μὲν
1189 3506 1293 3571 ἔξω
1321 3505 1415 3559 τοῦ
1450 3506 1661 3570 εἰκότος
1689 3523 1846 3577 περιο

258 3598 535 3669 ενεχθείη,
560 3599 621 3652 οὐ
659 3597 767 3668 μὴν
810 3597 1112 3665 ἀγνοοῦντα
1144 3598 1241 3668 τὴν
1269 3596 1364 3650 τοῦ
1395 3599 1610 3668 Πατρὸς
1650 3601 1845 3667 σοφίαν

255 3690 559 3756 δοξάσειεν.
618 3690 757 3743 Ἀλλ’
812 3692 861 3743 εἰ
914 3690 1011 3743 τό·
1076 3690 1202 3745 Ποῦ
1255 3691 1554 3747 τεθείκατε
1607 3692 1840 3757 auctir;

258 3785 492 3851 ἄγνοιαν
518 3780 613 3835 τοῦ
669 3780 908 3852 Χριστοῦ
953 3784 1283 3853 κατηγορεῖν
1331 3784 1456 3847 τοὺς
1486 3781 1845 3847 ἀπαιδεύτους

260 3871 547 3947 ἀνέπεισε,
581 3870 697 3935 πῶς
722 3872 847 3941 οὐχὶ
872 3872 1068 3943 καὶτῷ
1097 3875 1273 3942 Πατρὶ
1308 3873 1407 3942 τὴν
1431 3874 1600 3945 αὐτὴν
1625 3874 1848 3942 ἄγνοιαν

260 3961 621 4033 ἑπιρῤίψουσι
669 3961 1151 4032 διαπυνθανομένῳ
1198 3961 1294 4014 καὶ
1336 3960 1547 4029 λέγοντι
1578 3962 1717 4032 πρὸς
1754 3962 1847 4015 τὸν

272 4053 477 4123 ’Δδάμ’
523 4053 648 4107 Ποῦ
670 4049 763 4116 εἷ;
796 4052 892 4105 καὶ
935 4051 1073 4123 πρὸς
1114 4053 1207 4104 τὸν
1264 4052 1653 4122 ἀδελφοκτόνον
1675 4068 1688 4082 °
1721 4052 1847 4106 Ποῦ

254 4146 435 4199 ἐστιν
464 4144 629 4198 Ἀϐἐλ
662 4148 696 4198 ὀ
730 4144 997 4213 ἀδελφός
1026 4158 1182 4207 σου;
1220 4144 1346 4197 καίο
1378 4143 1624 4214 Κραυγὴ
1662 4144 1847 4198 Σοδό-

234 4294 237 4297 _
250 4253 390 4307 μων
420 4235 523 4289 καὶ
543 4235 857 4304 Γομόῤῥας
886 4235 1324 4301 πεπλήθυγται,
1357 4238 1455 4288 καί
1488 4238 1547 4287 αἰ
1572 4236 1848 4304 ἁμαρτίαι

254 4326 462 4383 αὐτῶν
482 4327 739 4398 μεγάλαι
763 4328 1002 4397 σφόδρα
1020 4344 1035 4357 ο
1057 4329 1318 4392 καταϐὰς
1343 4328 1387 4360 ⁸⁸
1413 4322 1529 4382 οὖν
1547 4328 1770 4398 ὄψομαι
1795 4330 1849 4382 εἰ

254 4420 418 4476 κατὰ
471 4420 589 4488 τὴν
634 4421 907 4491 κραυγὴν
937 4421 1138 4475 αὐτῶν
1174 4420 1614 4474 συντελοῦνται
1635 4461 1651 4485 ,
1677 4424 1730 4474 εί
1780 4419 1849 4473 δὲ

250 4513 371 4585 μὴ,
400 4514 501 4567 ἵνα
553 4512 698 4583 γνῶ.
744 4513 955 4583 Ἐρωτᾷ
1002 4514 1058 4566 δὲ
1104 4514 1198 4566 καὶ
1232 4515 1260 4566 ὁ
1303 4511 1511 4585 Ἰησοῦς
1557 4512 1620 4565 τὸ
1664 4513 1849 4581 δαιμό-
1878 4497 1924 4551 D

259 4625 382 4661 νιον
400 4625 415 4637 ο
456 4609 517 4663 Τί
548 4607 740 4676 ὄνομά
769 4623 900 4670 σοι;
935 4607 1158 4660 κάκεῖνο
1190 4604 1547 4677 ἀποκρίνεται
1569 4620 1583 4634 ⁸
1611 4603 1848 4674 Λεγεὼν

262 4696 461 4765 ὄνομά
481 4717 603 4766 μοι,
634 4698 723 4751 ὅτι
767 4697 992 4751 πολλοί
1027 4697 1239 4763 ἐσμεν.
1279 4695 1440 4749 ’Λλλά
1477 4696 1573 4748 καὶ
1610 4696 1722 4758 τοῖς
1756 4711 1849 4748 τυ-

260 4791 425 4861 φλοῖς
455 4790 632 4860 λέγει·
672 4791 733 4847 Τί
756 4789 961 4845 θέλετε
981 4789 1215 4857 ποιήσω
1251 4787 1430 4857 ὐμῐν;
1470 4787 1567 4840 καὶ
1600 4787 1717 4847 πῶς
1746 4790 1850 4843 οὐκ

264 4887 395 4939 ἔστι
416 4886 586 4941 ταῦτα
611 4886 844 4957 φανερὸν
865 4884 941 4947 ὡς
965 4885 1067 4937 ούκ
1093 4881 1313 4950 ἀγνοίας
1338 4878 1427 4954 ἦν,
1446 4882 1583 4937 ἀλλά
1604 4883 1665 4937 τὸ
1689 4884 1787 4954 μὲν
1804 4885 1851 4916 ⁸⁸

257 4979 525 5048 ἐπερωτᾷ
553 4979 649 5033 ἀπ’
680 4978 844 5034 αὑτοῦ
870 4977 965 5030 τοῦ
993 4976 1268 5047 δαιμονίου
1298 4973 1429 5049 [884
1448 4974 1544 5049 3.]
1567 4977 1626 5030 τὸ
1649 4976 1853 5047 πλῆθος

259 5069 376 5123 τῶν
407 5072 814 5125 κατοικούντων
860 5072 972 5134 τοῖς
1029 5069 1297 5141 μαθηταῖς
1345 5069 1610 5133 ἐπιδεῖξαι
1662 5068 1852 5139 βουλό-

263 5178 457 5232 μενος,
493 5162 569 5224 ὼς
593 5164 635 5194 ⁸⁷
688 5163 754 5217 ἂν
791 5162 1016 5233 μάθοιεν
1059 5161 1135 5223 ὡς
1191 5161 1286 5214 καὶ
1338 5160 1450 5215 τῶν
1483 5160 1696 5214 πολλῶν
1748 5160 1851 5234 ἤδη

260 5254 650 5323 περιγέγονεν,
669 5257 854 5309 πίστιν
876 5255 1061 5318 αὐτοῖς
1083 5254 1128 5286 ⁸⁸
1151 5254 1246 5308 καὶ
1278 5252 1479 5327 θάρσος
1499 5253 1729 5316 ἐντιθεὶς
1744 5253 1852 5309 τοῦ

259 5346 490 5399 πατεῖν
506 5345 708 5401 ἐπάνω
724 5346 920 5416 ὄφεων
951 5347 1051 5400 καί
1087 5347 1397 5414 σκορπίων
1408 5345 1509 5400 καί
1527 5346 1627 5399 ἐπὶ
1644 5344 1846 5403 πᾶσαν

1964 5345 2332 5415 superiorem,
2382 5352 2437 5398 et
2492 5345 2651 5398 iidem
2712 5344 2895 5398 ﬁrmet
2945 5360 2960 5397 :

345 5464 375 5492 ιι
400 5455 557 5512 Joan.
591 5473 645 5513 xi
672 5499 688 5521 ,
717 5460 806 5514 '54.
849 5468 875 5496 ο
906 5460 1073 5515 Marc.
1109 5476 1230 5519 xm.
1260 5460 1353 5515 52.
1426 5474 1458 5512 P
1485 5457 1644 5514 Joan.
1690 5476 1803 5525 XVI,
1835 5460 1924 5515 15.
1958 5490 1963 5493 ς
2002 5470 2031 5510 q
2061 5459 2191 5514 ibid.
2221 5458 2311 5514 '55.

262 5541 433 5591 xvut,
473 5528 565 5584 9.0.
645 5537 673 5565 α
708 5529 876 5585 Marc.
911 5547 965 5597 v,
994 5530 1045 5586 9.
1126 5539 1146 5569 ν
1184 5530 1378 5585 Matth.
1414 5546 1505 5595 xx,
1537 5529 1628 5583 32.

1955 575 2181 629 Domino
2226 586 2413 631 nostro
2457 575 2582 631 Jesu
2636 577 2857 634 Christo
2911 581 3296 647 ignorantiam,
3342 600 3405 637 ex
3454 584 3522 639 iis
3585 644 3590 651 I

1951 682 2069 734 quae
2096 668 2209 735 ipse
2242 668 2397 734 dixit,
2426 671 2706 738 assignare
2730 673 2906 726 conati
2937 685 3065 727 sunt
3098 692 3113 728 :
3140 672 3243 727 Ubi
3271 677 3520 740 posuistis

1949 756 2289 812 Lazarum"?
2314 758 2515 830 [inquit
2536 761 2888 833 Dominus]~et
2917 783 2930 818 :
2965 764 3131 818 Nemo
3156 767 3295 818 novit
3318 768 3519 831 lteram,

1950 860 2039 900 aut
2065 848 2201 900 diem
2223 850 2371 901 illum
2401 890 2416 915 ,
2450 867 2610 919 neque
2645 850 2822 905 Filius
2845 854 3073 907 hominis
3105 862 3153 921 ο,
3189 867 3350 925 atque
3394 857 3520 909 item

1949 956 2015 995 ex
2044 941 2163 993 aliis
2199 943 2299 995 hoc
2330 958 2499 1008 genus
2531 946 2733 997 verbis.
2781 945 3016 1001 Sanctus
3046 957 3225 1001 autem
3271 948 3523 1019 Eulogius

1951 1032 2083 1098 iste,
2126 1032 2401 1086 Christum
2450 1033 2631 1088 Jesum
2686 1035 2970 1090 Dominum
3023 1049 3297 1103 nostrum,
3347 1056 3522 1108 neque

1948 1131 2244 1179 secundum
2282 1128 2675 1181 humanitatem
2708 1130 2948 1197 quidem,
2980 1132 3147 1183 multo
3182 1132 3362 1184 minus
3391 1147 3521 1186 vero

1949 1220 2244 1272 secundum
2277 1218 2615 1272 divinitatem
2649 1220 2931 1289 ignorasse
2965 1221 3270 1289 sepulcrum
3304 1220 3520 1287 Lazari,

1950 1330 2127 1384 neque
2158 1316 2320 1368 etiam
2362 1316 2509 1369 illum
2547 1317 2794 1370 ultimtun
2826 1319 2967 1371 diem
2999 1319 3299 1372 contendit.
3338 1318 3527 1387 Neque

1947 1407 2091 1460 enim
2158 1407 2466 1461 immanitas
2532 1407 2736 1463 Christi
2803 1408 2856 1462 in
2911 1425 3072 1462 unam
3117 1410 3520 1463 inaccessibilis

1947 1507 2000 1552 et
2062 1498 2435 1552 substantialis
2522 1499 2801 1567 sapientiae
2892 1499 3205 1567 hypostasin
3287 1500 3522 1553 admissa

1947 1588 2236 1659 quidquam
2278 1588 2426 1643 velut
2466 1604 2645 1642 rerum
2687 1589 3058 1656 praesentium,
3092 1589 3164 1642 ita
3214 1587 3519 1641 futurarum

1945 1682 2148 1753 poterit
2195 1681 2444 1751 ignorare
2480 1698 2494 1735 :
2535 1695 2710 1751 neque
2754 1680 2945 1734 falsum
2994 1695 3113 1734 esse
3162 1691 3337 1750 potest
3378 1681 3521 1748 quod

1947 1774 2083 1827 dixit
2115 1792 2129 1828 :
2163 1771 2355 1827 Omnia
2399 1788 2718 1843 qua’cunque
2760 1774 2914 1825 habet
2952 1771 3131 1837 Pater,
3164 1790 3277 1826 mea
3308 1782 3431 1825 sunt
3469 1782 3519 1836 Ρ,

1942 1866 2043 1921 uisi
2097 1874 2153 1920 et
2211 1864 2396 1928 Patri,
2457 1863 2588 1917 nihil
2639 1880 2743 1917 non
2789 1864 3093 1926 audentes,
3154 1864 3518 1931 ignorantiam

1943 1958 2239 2011 ascribent.
2274 1955 2564 2009 Enimvero
2596 1957 2698 2011 hoc
2728 1956 2871 2024 quod
2916 1956 3055 2009 dixit
3099 1953 3386 2009 Salvator:
3420 1954 3522 2009 Ubi

1941 2048 2190 2117 posuistis
2216 2046 2521 2100 Lazarum?
2554 2062 2620 2101 eo
2660 2046 2863 2101 dixisse
2901 2046 2999 2107 ait.
3036 2055 3093 2098 ut
3134 2047 3184 2098 id
3224 2054 3522 2115 praesentes

1941 2139 2110 2194 Judaei
2143 2141 2368 2203 scirent,
2404 2139 2727 2206 illorumun
2759 2139 3078 2193 memoriam
3110 2137 3373 2190 ﬁrmaret.
3408 2137 3523 2190 imo

1945 2248 2049 2285 non
2089 2233 2191 2285 hoc
2219 2230 2415 2292 solum,
2445 2230 2536 2283 sed
2586 2240 2640 2282 et
2691 2229 2797 2282 alia
2846 2231 3089 2296 qutedam
3130 2229 3180 2281 id
3228 2243 3398 2297 genus
3438 2228 3522 2281 fe-

1943 2327 2085 2376 cisse
2132 2320 2403 2380 allirmat,
2456 2332 2515 2373 nt
2564 2320 2695 2373 illud
2749 2338 2765 2375 :
2819 2320 3018 2373 Solvite
3065 2336 3220 2375 eum.
3267 2329 3312 2372 et
3365 2319 3524 2372 sinite

1944 2413 2088 2466 abire
2120 2422 2171 2471 ει,
2219 2422 2277 2464 ιιι
2314 2427 2381 2465 ex
2428 2411 2494 2464 iis
2528 2428 2647 2479 quae
2695 2411 2978 2479 speciatim
3015 2411 3279 2475 viderant,
3313 2420 3365 2464 et
3402 2426 3524 2480 quae

1945 2503 2248 2565 audierant,
2280 2501 2437 2554 ﬁdem
2469 2502 2749 2556 oculorum
2795 2512 3044 2556 testatam
3081 2510 3135 2554 et
3167 2503 3520 2553 indubitatam

1946 2590 2196 2663 [Judteis]
2246 2590 2488 2656 faceret;
2548 2592 2824 2645 memoriae
2872 2606 3001 2645 vero
3055 2591 3265 2644 illorum
3324 2590 3523 2644 factum

1946 2698 2218 2750 nunquam
2260 2683 2678 2737 oblitteranduni
2727 2682 3061 2753 inﬁgeretur.
3132 2681 3296 2736 Docet
3358 2684 3523 2734 etiam

1944 2774 2048 2826 alia
2084 2776 2149 2827 de
2189 2772 2411 2828 Christo
2464 2775 2605 2826 dicta
2660 2786 2756 2841 per
2792 2773 3042 2841 ﬁguram,
3074 2774 3179 2826 alia
3227 2773 3523 2827 secundum

1948 2864 2023 2916 rei
2092 2865 2396 2919 veritatem.
2458 2863 2714 2932 Figurate
2767 2864 2969 2917 dicitur
3023 2863 3171 2915 illum
3222 2879 3318 2931 pro
3370 2861 3528 2916 nobis

1946 2955 2141 3028 Qui:
2168 2967 2445 3026 peccatum
2481 2965 2537 3011 et
2564 2956 2909 3010 maledictum
2942 2954 3144 3010 factum
3176 2970 3322 3020 esse;
3357 2971 3529 3023 neque

1945 3051 2090 3103 enim
2136 3048 2239 3101 fuit
2281 3049 2578 3116 quidquam
2620 3048 2839 3103 horum.
2875 3046 2981 3102 Sed
3012 3048 3176 3101 veluti
3222 3049 3324 3101 sibi
3366 3056 3533 3116 caput

1947 3140 2187 3195 vindicat
2224 3155 2285 3192 ea
2323 3154 2444 3208 quae
2484 3150 2611 3193 sunt
2649 3137 2841 3209 reliqui
2876 3139 3142 3207 corporis,
3174 3140 3242 3191 ita
3276 3138 3528 3191 Christus

1946 3248 2008 3288 ea
2039 3248 2160 3301 quae
2196 3234 2443 3301 corporis
2481 3240 2608 3285 sunt
2655 3232 2757 3285 sibi
2803 3232 3064 3301 assignat.
3096 3230 3405 3285 Secundum
3453 3239 3531 3283 re;

1947 3328 2232 3381 veritatem
2263 3336 2444 3380 autem
2477 3325 2680 3379 dicitur
2713 3326 2877 3380 homo
2908 3324 3100 3387 lactus,
3146 3335 3202 3378 et
3244 3325 3528 3389 esuriisse,

1948 3427 2003 3471 et
2050 3417 2307 3484 sitivisse,
2346 3426 2401 3469 et
2454 3417 2555 3471 hoc
2609 3431 2782 3485 genus
2829 3416 3052 3470 similia.
3096 3415 3252 3481 Quod
3301 3416 3345 3477 si
3398 3430 3531 3483 ergo

1947 3511 2073 3581 quis
2119 3509 2250 3564 velit
2295 3509 2498 3573 dicere,
2537 3524 2659 3563 eum
2698 3508 2928 3579 ﬁgurate
2965 3518 3020 3562 et
3060 3508 3393 3576 anaphorice
3434 3508 3535 3559 ali-

1949 3604 2078 3672 quid
2114 3602 2381 3669 ignorare,
2417 3616 2482 3655 eo
2511 3602 2654 3669 quod
2692 3616 2892 3670 corpus
2932 3615 3039 3653 non
3076 3601 3146 3653 sit
3191 3609 3345 3652 extra
3383 3600 3535 3668 igno-

1953 3697 2207 3756 rantiam,
2240 3705 2331 3747 aut
2365 3696 2600 3748 humana
2631 3709 2733 3748 vox
2765 3694 2920 3763 cujus
2964 3694 3076 3763 ipse
3117 3704 3279 3762 caput
3316 3704 3421 3757 est,
3488 3693 3539 3747 is

1948 3804 2055 3843 non
2112 3788 2345 3841 absurde
2399 3788 2676 3856 loquetur,
2725 3800 2902 3854 neque
2941 3785 3160 3840 interim
3218 3785 3398 3839 Patris
3447 3802 3539 3840 sa-

1951 3879 2207 3946 pientiam
2272 3878 2555 3947 ignorasse
2613 3877 2814 3946 aliquid
2869 3877 3105 3931 docebit.
3168 3876 3274 3932 Sed
3337 3879 3381 3931 si
3444 3876 3534 3929 illa

1948 3969 2111 4023 verba
2145 3987 2159 4024 :
2191 3968 2290 4023 Ubi
2330 3970 2584 4039 posuistis
2604 3985 2722 4023 eum
2751 3970 2775 4023 ζ)
2810 3969 2876 4023 ad
2904 3969 3107 4022 Christi
3142 3971 3329 4036 ipsius,
3363 3970 3536 4036 impe-

1952 4064 2039 4116 riti
2091 4062 2371 4127 homines,
2416 4060 2659 4116 referunt
2705 4062 3091 4131 ignorantiam,
3124 4061 3397 4129 quomodo
3430 4077 3536 4113 non

1950 4151 2194 4207 eamdem
2215 4153 2571 4222 ignorantiam
2596 4154 2649 4206 in
2676 4152 2886 4206 Patrem
2910 4153 3175 4218 rejicicut,
3218 4155 3433 4217 quando
3458 4153 3528 4204 in-

1953 4255 2192 4316 terrogat
2239 4255 2295 4300 et
2339 4246 2469 4300 dicit
2491 4247 2557 4299 ad
2573 4247 2840 4299 Adamum
2879 4267 2893 4301 :
2929 4244 3027 4299 Ubi
3049 4264 3102 4300 es
3140 4248 3201 4299 r?
3230 4257 3282 4299 et
3331 4248 3394 4299 ad
3425 4246 3543 4298 fra-

1953 4340 2196 4391 tricidam
2221 4356 2234 4392 :
2279 4336 2381 4392 Ubi
2404 4349 2475 4391 est
2517 4338 2645 4391 Abel
2664 4338 2830 4406 frater
2853 4338 3052 4391 tuus“?
3081 4348 3136 4390 et
3166 4336 3414 4391 :Clamor
3443 4335 3532 4390 So-

1952 4436 2228 4483 domorum
2257 4441 2303 4485 et
2339 4428 2802 4483 Gomorrhworum
2821 4430 3200 4496 multiplicatus
3222 4442 3317 4491 est,
3348 4441 3393 4481 et
3417 4446 3541 4496 pce-

1954 4531 2076 4575 cata
2106 4537 2283 4574 eorum
2319 4537 2512 4589 magna
2543 4520 2695 4573 valde
2735 4535 2754 4572 :
2784 4520 3098 4572 descendam
3129 4534 3250 4586 ergo
3279 4528 3327 4570 et
3355 4519 3541 4571 ridebo

1956 4625 2132 4669 utrum
2149 4614 2432 4667 clamorem
2451 4629 2602 4667 suum
2622 4611 2736 4683 [qui
2764 4612 2908 4666 venit
2927 4612 2993 4664 ad
3017 4611 3122 4681 me]
3146 4626 3298 4677 opere
3313 4611 3538 4679 comple-

1956 4707 2115 4762 oerint
2134 4722 2311 4771 necne,
2329 4713 2383 4758 ut
2398 4688 2615 4758 sciam‘.
2630 4702 2937 4769 luterrogat
2951 4712 3005 4757 et
3021 4701 3177 4755 Jesns
3192 4702 3539 4756 danuonium:

1958 4799 2114 4867 Quod
2164 4797 2260 4851 tibi
2308 4812 2497 4850 nomen
2543 4794 2664 4848 est?
2701 4804 2756 4848 et
2818 4794 2947 4849 illud
3000 4793 3292 4862 rte-Spondet
3329 4812 3343 4846 :
3384 4792 3539 4862 Legio

1959 4891 2089 4945 mihi
2123 4906 2307 4942 nomen
2342 4898 2439 4953 est,
2479 4888 2603 4957 quia
2632 4888 2783 4940 multi
2806 4894 3065 4941 sumus“.
3102 4886 3241 4951 Quin
3277 4895 3332 4939 et
3371 4903 3542 4939 cteros

1959 4978 2263 5045 interregat
2292 4994 2307 5029 :
2334 4976 2475 5039 Quid
2503 4975 2660 5029 vultis
2690 4975 2890 5043 faciam
2916 4976 3059 5028 vobis
3084 4976 3148 5027 V?
3178 4976 3243 5030 Et
3275 4981 3543 5044 quomodo

1962 5087 2067 5125 non
2106 5079 2272 5137 patet,
2307 5070 2420 5122 hzec
2468 5084 2571 5122 non
2617 5083 2683 5122 ex
2731 5068 3040 5136 ignorantia
3078 5067 3348 5137 quaesita?
3379 5066 3482 5120 Sed
3519 5090 3540 5114 ι.

1965 5158 2301 5215 daemonibus
2339 5160 2554 5227 quidem
2589 5159 2804 5225 qumrit,
2834 5169 3034 5226 quanta
3071 5160 3143 5211 sit
3175 5158 3521 5210 obsidentium

1964 5253 2275 5316 multitudo,
2307 5251 2662 5321 utdiscipulis
2690 5252 2945 5306 ostendat
2976 5266 3037 5306 se
3062 5252 3172 5319 jam
3208 5250 3390 5303 multis
3422 5264 3540 5300 ess--

3015 5343 3340 5411 animosque
3398 5340 3540 5393 addit

2392 5466 2415 5494 τ
2446 5455 2584 5512 Gen.
2616 5471 2701 5522 tu,
2730 5457 2787 5512 9.
2885 5463 2909 5493 ⁸
2938 5453 3077 5511 Gen.
3108 5470 3183 5521 tv,
3213 5454 3268 5509 9.
3350 5455 3370 5490 ί
3401 5452 3539 5507 Gen.

1569 5620 1802 5676 VARIE
1833 5621 2242 5679 LECTIONES.

346 5714 391 5745 “
415 5714 517 5787 ἡμ.
548 5717 763 5786 ἐκείνην
792 5715 915 5771 ούδέ
949 5733 1008 5780 ς.

1086 5717 1132 5747 ⁸⁸
1160 5716 1422 5787 ὲνάγοντα
1452 5718 1515 5770 Α.

263 5788 524 5852 καταϐάς
554 5806 615 5852 ς.
693 5789 737 5819 ⁶⁶
767 5789 864 5859 μέν
886 5789 933 5845 Λ
965 5801 979 5839 :
1016 5787 1124 5857 μήν
1156 5805 1217 5851 ς.

1614 5716 1659 5746 ⁸³
1693 5713 1909 5781 φύσεως
1938 5715 1983 5767 Α
2020 5733 2036 5771 :
2078 5712 2261 5785 φωνῆς
2290 5732 2349 5777 ς.
2428 5715 2471 5745 ⁵⁸
2503 5713 2664 5776 αὐτὸς
2692 5714 2726 5785 ἡ
2760 5712 2971 5785 κεφαλή
3007 5731 3067 5781 ς.
3146 5712 3190 5746 ⁸⁵
3213 5712 3415 5784 σφόδρα
3444 5712 3537 5766 καὶ

1316 5789 1358 5819 ⁵⁷
1388 5788 1463 5853 ὼς
1499 5799 1623 5844 ante
1656 5786 1753 5839 καὶ
1801 5786 1927 5843 add.
1958 5788 2027 5845 Α.
2112 5786 2173 5853 ,⁸⁸
2202 5786 2389 5850 αὐτοῖς
2415 5786 2513 5840 πίσ
2529 5803 2616 5840 τιν
2644 5802 2706 5849 ς.
2964 5792 2965 5801 ‘

2112 5782 2173 5857 _°“
2202 5784 2389 5850 αὐτοῖς
2415 5786 2513 5840 πίσ
2529 5803 2616 5840 τιν
2644 5802 2706 5849 ς.
