3954 6430
487 382 626 449 1083

1590 377 1858 440 ΡΗΟΤΙΙ
1897 372 2405 438 PATRIARCHJE
2436 373 2547 435 ΕΡ.

3604 353 3742 420 1084

484 492 726 545 mirandi
776 506 933 560 super
990 499 1247 558 serpentes
1306 496 1357 543 et
1410 489 1728 556 scorpiones.
1778 497 1830 544 et
1900 502 2059 556 super

2163 483 2275 553 τὴν
2290 484 2551 553 δύναμιν
2564 478 2671 535 τοῦ
2692 475 2930 549 ἐχθροῦ.
2956 472 3094 538 Τοὺς
3120 469 3352 542 τυφλοὺς
3392 444 3461 523 δέ
3486 467 3742 538 ἐπερωτᾷ

485 601 687 637 omnem
722 586 966 637 virtutem
996 581 1200 635 inimici
1225 590 1273 634 ι.
1306 580 1492 637 Caacos
1534 592 1711 636 autem
1744 581 2062 651 interrogat,

484 686 546 728 ut
576 678 892 743 petitionem
924 676 991 729 ab
1024 675 1129 729 illis
1173 674 1378 728 eliciat.
1421 674 1687 741 Quantum
1720 674 1863 727 enim
1904 676 2065 727 bene-

490 770 668 821 licinm
704 785 766 820 ex
801 768 1062 836 petitione
1100 766 1427 835 accipimus,
1469 775 1681 820 tantum
1703 765 1967 821 aﬂicimur
1996 765 2062 818 ad

489 861 816 913 beneficium
872 860 1139 932 [agnitum
1197 858 1274 929 et]
1333 868 1639 929 acceptum.
1690 857 1821 912 lllud
1882 868 2061 912 autem

485 955 626 1019 quntl
684 952 747 1005 de
799 966 1047 1007 extremo
1096 950 1284 1018 judicii
1336 952 1423 1006 die
1480 951 1706 1013 dictum,
1753 951 1894 1019 quod
1934 952 2063 1007 illud

487 1059 649 1097 nemo
690 1044 858 1108 novit,
898 1060 1071 1112 neque
1106 1042 1305 1113 angeli,
1339 1058 1513 1111 neque
1554 1041 1745 1105 Filius,
1786 1045 1887 1099 nisi
1921 1046 2066 1102 solus

486 1134 668 1201 Pater,
712 1137 763 1190 id
797 1137 1014 1204 quidam
1056 1136 1125 1189 oh
1162 1149 1283 1189 eam
1334 1134 1598 1188 rationem
1638 1136 1839 1190 dictum
1874 1136 2065 1191 existi-

487 1238 657 1291 mant,
692 1239 746 1281 ut
776 1226 1025 1296 discipuli
1072 1225 1321 1279 arbitrati
1348 1225 1589 1293 quotidie
1628 1225 1769 1280 diem
1815 1225 2064 1281 ultimum

487 1318 771 1374 imminere
802 1333 1019 1387 semper
1058 1317 1371 1387 vigilarent.
1418 1314 1523 1371 Sed
1563 1316 1694 1371 nihil
1722 1316 1903 1371 obstat
1929 1332 2065 1387 quo-

487 1415 669 1468 minus
727 1424 783 1468 et
847 1416 951 1468 hoc
1012 1413 1245 1483 figurate
1323 1414 1527 1467 dictum
1593 1414 2061 1482 interpretemur,

485 1505 943 1574 quemadmodum
1015 1517 1071 1559 et
1146 1505 1272 1559 illud
1331 1524 1344 1559 :
1405 1503 1483 1558 Tu
1548 1506 1648 1558 scis
1710 1505 2069 1572 insipientiam

484 1606 744 1657 meumr,
779 1607 832 1650 et
879 1596 1029 1658 illud,
1093 1595 1254 1660 Deus,
1304 1594 1442 1650 Deus
1489 1612 1653 1657 meus,
1706 1604 1762 1648 ut
1815 1596 1941 1664 quid
1989 1610 2069 1649 me

484 1687 811 1757 dereliquisti
844 1689 907 1742 τί
939 1690 1079 1744 Sunt
1110 1688 1199 1756 qui
1231 1696 1489 1743 censeant
1519 1686 1669 1741 illum
1701 1687 1903 1741 dixisse
1925 1686 2067 1755 quod

487 1779 768 1849 ignoraret
794 1780 1041 1834 ultimum
1066 1782 1231 1844 diem,
1260 1790 1319 1834 ut
1344 1780 1594 1834 humanm
1622 1788 1829 1834 natura
1857 1780 2066 1848 signum

487 1842 764 1940 proprium
801 1870 947 1942 quod
986 1870 1063 1924 illi
1104 1842 1267 1934 inest,
1307 1870 1613 1925 declararet
1639 1879 1693 1924 et
1720 1842 2064 1937 ostenderet;
2102 1842 2143 1901 Β

486 1976 597 2015 tum
632 1962 781 2028 quod
817 1963 930 2030 ipse
971 1961 1245 2031 ignoraret
1282 1978 1296 2014 :
1335 1960 1512 2014 absit!
1551 1960 1717 2032 [quod
1762 1961 1875 2029 ipse
1917 1961 2069 2030 igno-

487 2051 678 2124 rarit].
723 2053 1047 2123 Quicunque
1085 2052 1229 2107 enim
1295 2052 1380 2106 vel
1425 2052 1691 2106 divinitati
1744 2052 1932 2121 ipsius,
1984 2051 2069 2106 vel

488 2142 815 2198 humanitati
854 2142 1218 2213 ignorantiam
1257 2141 1457 2211 285a
1498 2141 1759 2205 ascribet,
1793 2156 2068 2211 nunquam

489 2236 810 2290 certissima:
842 2236 1164 2291 temeritatis
1185 2236 1393 2289 crimen
1428 2232 1666 2303 eﬂ‘ugiet.
1704 2234 1811 2289 Sed
1841 2248 1987 2301 cum,
2012 2243 2070 2290 ut

488 2329 684 2381 beatus
726 2324 960 2396 Cyrillus
1012 2326 1190 2390 docet,
1228 2325 1412 2379 subtili
1470 2327 1666 2380 mentis
1716 2337 1977 2396 conceptu
2017 2335 2070 2382 et

488 2418 660 2471 animi
704 2418 1031 2486 imaginibus
1070 2433 1165 2487 per
1212 2416 1745 2487 contemplationem,
1789 2433 1904 2473 rem
1942 2434 1972 2472 a
2012 2433 2071 2473 re

490 2508 821 2571 dividimus,
877 2518 989 2563 tum
1040 2509 1287 2563 videmus
1346 2508 1593 2579 proprias
1634 2520 1840 2565 naturae
1870 2510 2071 2564 utrius-

489 2614 620 2671 que,
664 2611 723 2655 ut
762 2600 813 2654 in
863 2616 921 2655 se
968 2611 1071 2667 est,
1122 2610 1278 2656 notas
1329 2610 1383 2654 et
1424 2602 1802 2669 proprietates.
1850 2603 1977 2667 Aut,
2012 2611 2073 2657 ut

490 2690 785 2761 Gregorius
816 2691 1120 2763 Theologus
1155 2692 1342 2757 tradit,
1377 2692 1593 2761 quando
1627 2701 1831 2747 natura:
1863 2695 2071 2749 ratione

490 2785 925 2855 distinguuntur,
954 2788 1120 2841 etiam
1165 2786 1383 2839 nomina
1435 2796 1754 2839 naturarum
1788 2786 1948 2841 simul
1990 2787 2073 2841 di-

492 2877 775 2930 viduntur.
809 2875 915 2931 Sed
950 2876 1106 2930 nudae
1140 2890 1398 2944 purscque
1450 2874 1810 2929 humanitatis
1858 2876 2069 2945 signum

490 2970 773 3041 proprium
811 2978 897 3023 est
937 2967 1264 3037 ignorantia.
1313 2966 1425 3021 llac
1473 2968 1687 3021 ratione
1715 2982 1842 3037 ergo
1870 2966 2070 3024 Christi

492 3060 843 3127 humanitati,
871 3069 931 3113 ut
961 3058 1193 3128 simpiici
1222 3067 1275 3111 et
1306 3072 1454 3126 pune
1485 3057 1834 3112 humanitatis
1865 3067 2072 3112 natura:

2164 576 2470 647 οἰκονομῶν
2497 575 2556 641 ἐξ
2588 571 2772 627 αὐτῶν
2812 565 3191 639 προσαχθῆναι
3220 565 3319 635 τὴν
3345 564 3592 631 αἴτησινο
3620 561 3741 613 ὅσον

2163 669 2273 738 γάρ
2306 665 2585 729 αἰτοῦντες
2634 666 2735 733 τῆς
2768 658 3039 729 ὠφελείας
3082 655 3442 723 τυγχάνομεν,
3490 650 3742 704 τοσοῦτον

2164 761 2263 831 τὴν
2303 758 2562 826 αἴσθησιν
2594 755 2695 826 τῆς
2730 751 3058 823 εὐεργεσίας
3088 747 3375 819 δεχόμεθα.
3402 746 3477 799 Τὸ
3525 745 3583 799 δὲ
3616 745 3744 813 περὶ

2162 855 2262 923 τῆς
2289 853 2527 923 ἐσχάτης
2548 850 2763 921 ἡμέρας
2795 845 3107 916 εἰρημένον,
3133 844 3209 906 ὡς
3231 841 3407 903 οὐδεὶς
3425 835 3591 899 οἶδεν,
3623 837 3742 891 οὐδὲ

2161 947 2215 1000 οἰ
2245 945 2487 1015 ἄγγελοι,
2550 942 2669 996 οὐδὲ
2699 944 2728 995 6
2754 940 2903 1002 Υἱὸς,
2956 938 3004 990 εἰ
3037 935 3112 1007 μὴ
3142 936 3171 987 6
3220 933 3431 1002 Πατὴρ,
3468 929 3615 992 τινὲς
3648 930 3744 996 μὲν

2164 1034 2286 1090 κατ’
2346 1033 2663 1101 οἰκονομίαν
2717 1028 2967 1101 εἰρῆσθαί
2995 1042 3181 1096 φασιν,
3214 1025 3301 1078 ἵνα
3330 1023 3437 1076 τῶν
3488 1019 3744 1092 μαθητῶν

2165 1126 2309 1181 κατά
2352 1127 2536 1180 πᾶσαν
2588 1123 2805 1194 ἡμέραν
2852 1119 3179 1192 νομιζόντων
3209 1113 3600 1170 ἐπελεύσεσθαι
3649 1111 3746 1181 τὴν

2165 1219 2486 1273 τελευταίαν
2534 1217 2750 1287 ἡμέραν
2787 1214 2877 1269 ἀεὶ
2931 1210 3335 1284 γρηγοροῦντες
3387 1206 3746 1263 διατελῶσιν·

2170 1310 2297 1383 [ι66
2323 1309 2416 1382 Η.]
2447 1309 2599 1363 οὐδὲν
2622 1309 2679 1361 δὲ
2703 1306 2907 1361 κωλύει
2927 1306 3022 1358 καὶ
3046 1304 3206 1357 τοῦτο
3228 1300 3476 1355 ἐκλαϐεῖν
3503 1298 3581 1361 ὡς
3607 1295 3749 1349 κατὰ

2166 1403 2449 1474 ἀναφορὰν
2498 1401 2812 1473 εἰρημένον,
2843 1398 3094 1466 καθάπερ
3138 1396 3233 1449 καὶ
3272 1394 3370 1446 τό·
3432 1391 3516 1447 Σὺ
3558 1390 3749 1459 ἔγνως

2168 1494 2285 1563 τὴν
2298 1493 2803 1563 ἀφροσύνηνμου,
2829 1489 2923 1544 καί
2954 1487 3017 1541 τό
3036 1501 3052 1518 ⁸
3072 1484 3178 1540 Θεέ
3187 1502 3329 1554 μου,
3364 1481 3470 1537 Θεέ
3489 1498 3631 1552 μου,
3649 1479 3748 1531 ἵνα

2167 1587 2227 1641 τι
2252 1602 2328 1656 με
2351 1584 2787 1655 ἐγκατέλιπεςε
2825 1583 2999 1637 Ἔνιοι
3043 1579 3102 1634 δέ
3135 1594 3300 1647 φασιν
3325 1575 3489 1630 αὐτὸν
3534 1572 3749 1639 ἀγνοεῖν

2170 1680 2339 1750 φάναι
2361 1680 2462 1751 τὴν
2502 1678 2741 1749 ἐσχάτην
2774 1676 2988 1747 ἡμέραν
3014 1674 3076 1728 τὸ
3131 1672 3277 1735 ἰδίως
3320 1667 3525 1741 προσὸν
3556 1668 3629 1735 τῇ
3656 1664 3749 1717 ἀν-

2170 1772 2416 1844 θρωπίνῃ
2449 1770 2613 1840 φύσει
2644 1768 2936 1840 γνώρισμα
2978 1763 3296 1820 δεικνύοντά
3340 1778 3401 1815 τε
3432 1760 3530 1815 καὶ
3566 1760 3747 1829 turpa-

2169 1864 2407 1927 νίζοντα,
2433 1863 2532 1933 οὐχ
2564 1862 2641 1926 ὼς
2659 1860 2827 1916 αὐτοῦ
2861 1857 3190 1929 ἀγνοοῦντος
3210 1856 3412 1926 (ἄπαγε
3434 1870 3449 1885 ·
3481 1851 3609 1907 οὔτε
3639 1848 3748 1919 γὰρ

2172 1956 2312 2010 κατά
2340 1954 2438 2025 τὴν
2471 1954 2703 2025 θεότητα
2727 1950 2849 2006 οῦτε
2895 1949 3037 2005 κατά
3072 1950 3175 2020 τὴν
3217 1945 3615 2017 ἀνθρωπότητα
3651 1940 3746 2012 τὴν

2168 2046 2394 2115 ἄγνοιαν
2428 2045 2605 2114 λέγειν
2640 2044 2729 2098 ἐπ’
2751 2042 2918 2098 αὑτοῦ
2946 2042 3185 2113 θράσους
3210 2035 3545 2108 ἐπισφαλοῦς
3581 2034 3744 2104 ὴλευο

2171 2141 2454 2215 θέρωται),
2485 2141 2599 2195 ἀλλ’
2626 2141 2836 2212 ἐπειδὴ,
2865 2139 2941 2201 ὡς
2971 2141 3000 2193 6
3037 2138 3305 2209 μακάριος
3333 2132 3600 2206 Κύριλλός
3641 2149 3745 2201 φη·

2171 2251 2276 2300 σιν,
2309 2237 2366 2288 ἐν
2398 2236 2607 2305 ίσχναϊς
2628 2234 2971 2304 διαιροῦντες
3006 2229 3242 2290 ἐννοίαις
3267 2229 3386 2299 ἦτοι
3414 2224 3507 2279 νοῦ
3541 2242 3746 2289 φαντα-

2173 2327 2317 2392 σίαις
2365 2327 2443 2398 τῷ
2509 2328 2697 2399 τρόπῳ
2746 2327 2848 2396 τῆς
2896 2323 3139 2395 θεωρίας
3204 2320 3470 2391 ἑκατέρας
3532 2317 3748 2387 φύσεως

2169 2420 2385 2491 ὁρῶμεν
2418 2420 2523 2474 ῐδια
2545 2422 2590 2453 ⁸⁸
2636 2419 2730 2473 καὶ
2774 2418 2897 2473 καθ’
2938 2416 3106 2470 ἐαυτά
3140 2414 3519 2485 γνωρίσματα,
3568 2411 3602 2482 ἢ
3655 2409 3751 2462 καὶ

2169 2513 2247 2577 ὡς
2274 2518 2303 2568 6
2337 2513 2601 2581 Θεολὸγος
2632 2512 2957 2583 Γρηγόριος,
2974 2509 3139 2581 ἡνίκα
3157 2508 3213 2561 αί
3239 2506 3428 2576 φύσεις
3450 2503 3749 2557 διίστανται

2170 2607 2290 2669 ταῖς
2313 2604 2597 2669 ἐπινοίαις,
2634 2603 3020 2673 συνδιαιρεῖται
3056 2602 3150 2654 καὶ
3189 2599 3259 2653 τά
3302 2597 3541 2668 ὀνόματα
3565 2611 3579 2624 ο
3618 2594 3750 2647 ἴδιον

2170 2696 2228 2750 δὲ
2270 2694 2557 2766 γνώρισμα
2598 2696 2757 2765 ψιλῆς
2792 2695 3210 2763 άνθρωπότητος
3245 2693 3279 2763 ἡ
3329 2690 3519 2759 ἄγνοια
3553 2705 3567 2719 ο
3607 2686 3750 2741 κατά

2170 2790 2333 2844 τοῦτο
2371 2790 2562 2862 ῥηθείη
2591 2789 2658 2843 ἀν
2706 2791 2801 2843 ἐπὶ
2852 2792 2951 2860 τῆς
2998 2788 3140 2841 κατά
3178 2785 3415 2858 Χριστὸν
3463 2780 3749 2853 ἀνθρωπό-

2171 2898 2331 2951 τητος
2357 2920 2373 2945 ,
2416 2881 2492 2945 ὡς
2542 2880 2730 2944 ἁπλῶς
2787 2880 3235 2952 ἀνθρωπότητος,
3287 2875 3604 2949 θεωρεῖσθαι
3653 2872 3749 2944 τὴν

2172 2974 2416 3042 ἄγνοιαν.
2467 2972 2580 3027 Καὶ
2639 2972 2797 3026 τοῦτο
2854 2972 2952 3025 καὶ
3016 2973 3046 3024 6
3103 2968 3362 3036 Θεολόγος
3416 2966 3749 3037 ἐτράνωσεν,

2177 3066 2348 3121 εἰπών
2371 3084 2384 3097 ·
2439 3064 2737 3120 Γινώσκει
2813 3065 2931 3135 μὲν
3005 3064 3086 3130 ὡς
3166 3062 3309 3128 Θεὸς
3332 3104 3347 3126 ,
3412 3057 3620 3129 ἀγνοεῖ
3684 3057 3751 3110 δὲ

492 3154 850 3210 considerata:
885 3151 1136 3224 [praecise
1188 3150 1483 3205 secundum
1517 3164 1577 3203 ea
1629 3164 1747 3218 quae
1780 3166 1807 3202 a
1848 3165 1907 3205 se
1954 3150 2068 3220 ipsa

2174 3156 2254 3222 ὠς
2317 3155 2649 3223 ἅνθρωπος,
2693 3154 2772 3207 ἀγ
2828 3171 2920 3220 τις
2972 3152 3041 3207 τὸ
3090 3152 3459 3222 φαινόμενον
3518 3148 3749 3215 χωρίσῃ

492 3243 681 3316 habet]
709 3244 943 3299 adscribi
976 3243 1175 3311 poterit
1207 3241 1530 3313 ignorantia.
1567 3241 1631 3295 Et
1674 3243 1774 3296 hoc
1809 3253 1895 3297 est
1928 3245 2070 3313 quod

495 3342 810 3409 Theologus
850 3338 1162 3407 explicavit,
1210 3342 1428 3409 quando
1475 3340 1659 3394 dixit:
1704 3336 1816 3392 Scit
1866 3339 2075 3408 quidem

493 3446 552 3489 ut
592 3436 760 3498 Dens,
796 3434 958 3487 nescit
992 3448 1110 3486 vero
1143 3441 1198 3485 ut
1228 3432 1402 3489 homo.
1439 3430 1648 3498 Quibus
1697 3431 1855 3486 dictis
1905 3429 2073 3493 addit,

493 3528 640 3597 quod
681 3529 725 3582 si
773 3527 861 3596 qui
900 3542 965 3580 ex
1007 3525 1264 3580 Patribus
1316 3523 1675 3594 ignorantiam
1710 3524 1761 3577 in
1798 3521 2077 3577 Salvatore

494 3636 561 3675 ex
594 3630 747 3689 parte
778 3618 1133 3671 lmmanitatis
1177 3615 1535 3679 admiserunt,
1563 3616 1614 3670 id
1649 3625 1832 3670 tamen
1866 3630 1972 3668 non
2018 3622 2078 3668 ut

494 3713 689 3777 dogma
722 3719 1041 3775 sanxerunt,
1071 3709 1166 3763 sed
1202 3708 1527 3762 Arianorum
1568 3708 1833 3762 insaniam
1868 3721 2079 3776 repres-

493 3807 609 3858 suri
642 3803 755 3871 (qui
791 3801 969 3856 omnia
1004 3799 1147 3873 [qum
1190 3801 1242 3854 in
1275 3799 1495 3854 Christo
1538 3798 1714 3871 erant]
1741 3801 1977 3854 humana
2009 3799 2077 3855 ad

500 3890 771 3959 Uuigeniti
818 3889 1158 3943 divinitatem
1208 3888 1623 3953 transtulerunt,
1672 3899 1733 3943 ut
1772 3889 2074 3944 increatum

498 3980 595 4035 Dei
646 3981 880 4035 Verbum
936 3988 1243 4034 creaturam
1292 3980 1681 4049 ostenderent),
1718 3980 1919 4035 rectius
1962 3980 2081 4037 haec

499 4072 567 4127 de
602 4071 940 4126 lmmanitate
991 4071 1095 4124 diei
1141 4084 1300 4140 posse
1349 4071 1751 4136 exlstimarnnt,
1780 4087 1943 4140 quam
1987 4073 2083 4128 hu-

498 4178 660 4219 mana
700 4163 766 4215 ab
806 4163 911 4217 illis
951 4160 1218 4235 [Arianis]
1281 4163 1346 4216 ad
1381 4163 1723 4218 divinitatem
1764 4164 1930 4220 trahi.
1964 4165 2079 4221 Etsi

497 4254 643 4311 forte
684 4258 775 4324 qui
825 4255 1044 4319 dixerit,
1080 4255 1245 4309 etiam
1278 4253 1470 4309 Patres
1523 4254 1749 4323 ﬁgurate
1797 4272 1891 4311 seu
1946 4272 2081 4309 ana-

497 4348 722 4419 phorice
774 4347 979 4401 locutos
1032 4361 1185 4410 esse,
1244 4346 1553 4416 religiosius
1603 4346 1878 4401 videbitur
1928 4347 2080 4418 judi-

498 4456 675 4496 casse.
714 4438 805 4494 llis
839 4438 1126 4507 expositis,
1159 4438 1372 4493 dicendi
1406 4437 1567 4492 linem
1604 4438 1755 4493 facit.

2174 3249 2282 3303 τοῦ
2314 3248 2666 3315 νοουμένου.
2712 3246 2897 3301 Ταῦτα
2940 3245 3110 3299 εἰπὼν
3162 3244 3357 3313 ἐπάγει
3409 3242 3485 3305 ὡς
3545 3242 3601 3293 εἰ
3659 3238 3751 3293 καί

2174 3356 2320 3403 τινες
2392 3338 2501 3391 τῶν
2566 3338 2828 3408 Πατέρων
2868 3338 2969 3408 τὴν
3028 3336 3251 3405 ἀγνοιαν
3304 3336 3397 3388 ἐπὶ
3458 3335 3566 3405 τῆς·
3612 3332 3753 3386 κατά

2175 3429 2267 3484 τόν
2347 3430 2581 3501 Σωτῆρα
2658 3428 3031 3498 παρεδέξαντο
3104 3426 3521 3499 ἀνθρωπότητος
3552 3463 3567 3488 ,
3655 3425 3750 3492 οὺχ

2176 3523 2251 3587 ὡς
2299 3522 2476 3592 δόγμα
2523 3521 2682 3575 τοῦτο
2731 3522 3109 3592 προήνεγκαν,
3161 3520 3295 3574 ἀλλὰ
3348 3518 3485 3589 πρὸς
3525 3518 3619 3585 τὴν
3644 3515 3750 3569 τῶν

2188 3613 2484 3686 Ἀρειανῶν
2517 3614 2717 3685 μανίαν
2744 3614 3185 3684 ἀντιφερόμενοι,
3219 3613 3268 3666 οἳ
3318 3613 3417 3666 καὶ
3452 3612 3523 3665 τὰ
3548 3610 3747 3681 ἀνθρώ·

2177 3722 2311 3760 πινα
2342 3706 2521 3760 πάντα
2557 3706 2651 3758 ἐπὶ
2690 3705 2788 3775 τὴν
2824 3705 3058 3775 θεότητα
3105 3705 3201 3759 τοῦ
3238 3703 3575 3772 Μονογενοῦς
3616 3718 3741 3772 μετ-

2178 3799 2394 3871 έφερον,
2423 3798 2497 3861 ὡς
2526 3797 2592 3852 ἂν
2620 3784 2827 3869 κτίσμα
2855 3798 2948 3851 τὸν
2979 3798 3236 3853 ἀκτιστον
3288 3796 3460 3865 Λόγον
3489 3795 3583 3850 τοῦ
3616 3792 3751 3847 Θεοῦ

2179 3891 2631 3962 παραστήσωσιν,
2660 3888 3151 3960 οἰκονομικώτερον
3179 3890 3513 3961 ἐδοκίμασαν
3539 3888 3635 3941 ἐπὶ
3660 3888 3757 3957 τῆς

2178 3979 2599 4052 ἀνθρωπότητος
2631 3978 2813 4035 ταῦτα
2835 3980 3024 4049 φέρειν
3051 3981 3085 4053 ἢ
3119 3982 3469 4050 παραχωρεῖν
3514 3979 3755 4039 ἐκείνους

2184 4071 2467 4144 μεθέλκειν
2492 4070 2666 4125 ταῦτα
2687 4071 2833 4125 κατά
2854 4072 2955 4142 τῆς
2982 4071 3254 4142 θεότητος.
3289 4072 3353 4125 Ei
3380 4071 3436 4124 δέ
3458 4071 3756 4125 κατὰ-άναο

2182 4168 2355 4238 φορὰν
2384 4167 2671 4231 κάκείνους
2705 4167 2821 4239 δοίη
2851 4166 3025 4220 ταῦτά
3055 4182 3138 4229 τις
3168 4166 3364 4227 εἰπεῖν,
3407 4165 3499 4217 τὸν
3533 4161 3756 4215 εὐσεϐέ-

2181 4279 2373 4333 στερον
2415 4261 2574 4331 λόγον
2612 4259 2959 4325 ἀποδέξεται.
3014 4256 3204 4314 Ταῦτα
3237 4253 3460 4311 διελθὼν
3480 4256 3541 4287 τι
3560 4254 3760 4325 πέρατι

2180 4352 2498 4425 περιϐάλλει
2524 4353 2617 4407 τὸν
2645 4352 2822 4421 λόγον.

569 4551 730 4606 Liber
782 4560 1089 4619 postremus
1138 4549 1440 4603 orationem
1494 4550 1756 4613 continet,
1807 4551 1894 4606 cui
1950 4552 2072 4607 titu-

2254 4552 2577 4607 Τελευταϊον
2604 4551 2661 4605 δὲ
2686 4553 2932 4622 περιεῖχε
2976 4549 3039 4604 τὸ
3081 4548 3284 4620 βιϐλίον
3337 4546 3495 4616 λόγον
3534 4547 3763 4617 ἐπιγραρ

496 4647 583 4700 ius
622 4661 635 4697 :
685 4642 957 4699 Decretum
989 4642 1045 4694 in
1084 4639 1450 4695 Snmaritanos
1493 4642 1715 4696 editum.
1768 4645 2077 4710 Argumen-

496 4747 611 4792 tum
676 4736 939 4790 orationis
1004 4734 1309 4805 hujnsmodi
1344 4754 1358 4789 :
1398 4732 1557 4789 Plebs
1618 4734 1966 4790 Samaritana
2022 4737 2075 4792 in

498 4827 800 4883 contrarias
842 4826 1048 4879 divulsa
1095 4825 1561 4889 factiones,‘inter
1595 4840 1651 4879 se
1683 4826 1999 4889 dissidebat,
2027 4836 2083 4881 et

502 4915 808 4990 peregrinis
853 4930 913 4969 se
959 4913 1305 4984 opinionibus
1351 4915 1746 4983 propugnabat.
1787 4914 1891 4968 Alii
1934 4915 2079 4969 enim

497 5007 678 5067 Iesum
716 5007 861 5062 Nave
899 5024 1019 5061 eum
1060 5021 1182 5062 esse
1229 5019 1578 5066 censuerunt,
1627 5007 1693 5061 de
1724 5022 1831 5075 quo
1866 5006 2080 5077 Moyses

499 5104 637 5158 dixit
671 5120 685 5156 :
719 5100 1037 5169 Prophetam
1078 5098 1221 5153 vobis
1267 5098 1515 5152 excitabit
1562 5097 1816 5152 Dominus
1853 5097 1991 5153 Deus
2016 5116 2080 5153 ex

499 5195 757 5266 fratribus
794 5195 999 5257 vestris,
1038 5202 1095 5245 ut
1135 5207 1216 5245 me
1251 5202 1300 5244 ³.
1332 5190 1436 5244 Alii
1486 5189 1685 5259 reiecta
1726 5192 1825 5245 hac
1858 5204 2082 5246 senten-

501 5290 596 5353 tia,
657 5287 893 5341 Dosthen
941 5285 1231 5354 quemdam
1298 5283 1534 5345 nomine,
1591 5282 1707 5336 sive
1764 5282 2078 5338 Dositheum

501 5379 869 5449 prtedicarnnt
924 5374 1334 5428 Samaritanum
1387 5374 1551 5427 etiam
1605 5383 1763 5443 gente
1815 5374 2080 5443 aqualem

503 5468 712 5526 Simoni
741 5470 933 5540 Mago.
979 5466 1048 5522 Et
1091 5466 1235 5521 hunc
1274 5465 1424 5520 illum
1461 5481 1583 5521 esse
1612 5481 1642 5519 a
1673 5466 1856 5537 Moyse
1891 5467 2085 5535 praedi-

576 5618 601 5648 ι
629 5605 763 5660 Luc.
791 5620 848 5672 κ,
878 5602 969 5659 i9.
1044 5610 1073 5650 1
1102 5599 1247 5658 Psal.
1276 5615 1469 5669 ωινιιι,
1503 5601 1557 5657 6.

2183 4645 2289 4715 φὴν
2309 4643 2568 4716 φέροντα,
2610 4645 2786 4711 Ὄρος
2810 4640 3180 4711 ἐκφωνηθεὶς
3198 4639 3323 4705 τοῖς
3353 4639 3760 4708 Σαμαρείταις.

2196 4732 2260 4789 Ἢ
2292 4734 2350 4788 δὲ
2380 4735 2635 4797 ὑπόθεσις
2663 4734 2949 4805 πρόκειται
2969 4731 3225 4804 τοιαύτη·
3254 4730 3378 4785 Τῶν
3405 4729 3763 4801 Σαμαρειτῶν

2180 4825 2243 4879 τὸ
2290 4824 2497 4896 πλῆθος
2543 4828 2624 4889 εἰς
2678 4824 3066 4895 ἀντικειμένας
3122 4823 3347 4895 μερίδας
3397 4822 3765 4893 διαιρεθέντες

2183 4917 2277 4972 καὶ
2330 4918 2726 4981 στασιάσαντες
2778 4917 2917 4988 πρὸς
2977 4916 3240 4985 ἀλλήλους
3300 4915 3393 4969 καὶ
3447 4914 3767 4982 ἀλλοφύλοις

2187 5008 2415 5070 ἐαυτοὺς
2470 5006 3008 5075 ἁποδιατειχίσαντες
3052 5005 3255 5069 δόξαις,
3294 5005 3344 5057 oi
3405 5004 3502 5075 μὲν
3553 5003 3767 5075 Ἰησοῦν

2185 5102 2277 5156 τὸν
2310 5100 2467 5171 Ναυῆ
2523 5098 2775 5163 ἐδόξαζον
2828 5093 2968 5150 εἶναι
3025 5097 3156 5168 περί
3207 5088 3268 5149 οὗ
3323 5096 3564 5165 Μωῡσῆς
3598 5090 3763 5148 eim-

2182 5191 2509 5262 Προφήτην
2559 5189 2705 5259 ὑμῖν
2756 5188 3094 5255 ἀναστήσει
3145 5190 3357 5257 Κύριος
3408 5190 3442 5241 ὀ
3506 5187 3648 5253 Θεὸς
3694 5187 3767 5241 ἐκ

2185 5284 2307 5340 τῶν
2354 5283 2635 5354 ἀδελφῶν
2665 5281 2836 5352 ὑμῶν
2860 5283 2941 5348 ὡς
2990 5282 3115 5353 ἐμὲ,
3149 5283 3200 5335 οἱ
3241 5282 3297 5335 δὲ
3335 5280 3523 5334 τοῦτον
3571 5282 3614 5313 ⁷¹
3665 5281 3767 5350 μὲν

2188 5374 2626 5448 παρεγράφοντο,
2669 5371 2877 5442 Δοσθην
2930 5371 2989 5425 δέ
3016 5387 3140 5426 τινα
3164 5370 3403 5441 τοῦνομα
3433 5373 3466 5444 ἢ
3520 5370 3771 5423 Δοσίθεον

2189 5467 2580 5538 ἀνεκήρυττον,
2627 5462 2975 5535 Σαμαρείτην
3025 5463 3123 5533 μὲν
3155 5465 3248 5516 καὶ
3282 5464 3443 5517 αὐτὸν
3485 5464 3547 5517 τὸ
3586 5461 3769 5531 γένος,

1640 5611 1663 5639 ι
1694 5601 1834 5657 Psal.
1874 5617 1989 5667 nt,
2027 5601 2095 5668 2;
2134 5600 2324 5658 Matth.
2358 5615 2509 5668 aut,
2544 5600 2635 5659 46.
2710 5610 2737 5640 ι
2774 5599 2931 5676 Deut.
2964 5612 3120 5666 xvm,
3153 5596 3239 5653 15.

1799 5715 2029 5771 VARUS
2068 5713 2465 5773 LECTIONES.

586 5809 631 5842 “
673 5809 777 5863 ἰδία
811 5808 877 5864 Α.
951 5808 999 5841 ⁷⁸
1028 5804 1253 5862 διελθὼν
1277 5806 1320 5861 Α
1350 5804 1457 5877 ger;
1481 5804 1780 5875 περιελθών
1807 5823 1865 5869 ς.
1946 5806 2159 5863 τιτοῦτο
2195 5825 2255 5875 ς.
