3954 6484
361 522 502 587 1085

1428 522 1950 586 BIBLIOTHECA.
1990 545 2061 557 -
2099 522 2264 582 COD.
2304 520 2571 583 CCXXX.

3474 523 3609 589 1086

359 634 795 706 συνακμάσαντα
824 634 881 689 δὲ
910 634 1056 690 κατά
1083 651 1146 703 γε
1191 636 1237 669 ’³
1283 636 1411 700 τοὺς
1459 638 1686 709 χρόνους
1729 638 1934 708 Σίμωνι

2041 648 2215 702 ctum,
2271 648 2585 706 portentose
2644 637 2972 702 commenti,
3031 636 3099 693 ab
3161 636 3331 705 ipsius
3390 639 3608 695 nomine

359 725 435 795 τῷ
467 726 644 795 Μάγῳ
676 741 691 755 ⁸
723 725 815 777 καὶ
842 725 1032 779 τοῦτον
1069 723 1206 780 εἶναι
1239 726 1331 780 τὸν
1374 728 1818 799 προφητευθέντα
1844 745 1936 780 τε-

358 815 719 886 ριτευόμενοι
750 816 809 881 ἐξ
853 817 1017 869 αὑτοῦ
1060 816 1159 887 τὴν
1206 817 1524 887 ἐπωνυμίαν
1575 819 1791 888 ἔφερον.
1840 824 1938 871 Δο-

256 976 261 981 1
359 907 552 983 σθηνοὶ
595 907 941 979 καλούμενοι.
999 904 1167 973 Οὗτος
1214 910 1270 962 δὲ
1324 908 1582 981 ὑϐριστὴς
1616 910 1715 980 μὲν
1746 911 1938 979 γέγονε

306 983 314 989 ³
358 1002 470 1054 τῶν
498 999 594 1054 τοῦ
625 1000 760 1054 Θεοῦ
796 1001 1115 1072 προφητῶν,
1146 1001 1403 1073 ὑϐριστὴς
1457 1001 1515 1055 δὲ
1565 1002 1801 1073 μάλιστα
1842 1000 1937 1054 τοῦ

367 1090 545 1143 Ἰούδα
572 1089 667 1142 τοῦ
702 1090 819 1153 ἐνὸς
858 1090 967 1143 τῶν
1005 1090 1213 1143 δώδεκα
1256 1091 1633 1161 πατριαρχῶν,
1671 1091 1798 1163 [885
1844 1090 1937 1163 1L]

361 1181 497 1250 μηδὲ
552 1181 676 1243 τοὺς
714 1182 841 1252 περὶ
884 1180 1049 1234 αὑτοῦ
1102 1183 1147 1213 ⁷³
1198 1182 1421 1253 μυρίους
1472 1182 1732 1247 ἐπαίνους
1785 1183 1939 1252 παρὰ

366 1275 463 1342 τῆς
500 1274 807 1344 Μωσαῖκῆς
851 1274 1076 1344 Γραφῆς
1108 1273 1441 1343 αἰσχυνθείς.
1482 1276 1619 1337 Τοὺς
1651 1274 1744 1327 οὖν
1781 1275 1937 1345 εἰρη-

369 1367 559 1441 μένους
608 1365 819 1429 πάντας
870 1366 1087 1421 πλύνων
1133 1371 1227 1420 καὶ
1278 1367 1564 1434 δια-γελῶν,
1614 1369 1696 1430 είς
1745 1367 1938 1422 ἑαυτὸν

364 1460 540 1511 πάντα
555 1459 649 1511 καὶ
665 1457 762 1527 τὴν
774 1459 1113 1529 προφητείαν
1130 1460 1226 1512 καὶ
1243 1459 1341 1529 τὴν
1357 1460 1523 1530 ἄλλην
1536 1459 1810 1529 περιέσπα
1823 1458 1937 1512 θει-

359 1548 550 1619 ότητα.
569 1550 811 1620 Μυρίαις
839 1549 897 1603 δὲ
930 1551 1025 1604 καὶ
1065 1550 1342 1614 ποικίλαις
1364 1551 1550 1615 ἄλλαις
1573 1550 1808 1614 νοθείαις
1838 1551 1939 1618 τὴν

356 1644 662 1713 Μωσαῐκὴν
696 1643 1024 1713 ὁκτάτευχον
1065 1643 1569 1715 κατακιϐδηλεύσας
1589 1684 1604 1708 ,
1636 1644 1733 1697 καὶ
1772 1642 1939 1713 ἐτερά

354 1751 482 1790 τινα
500 1735 909 1806 συγγράμματα
938 1736 1097 1806 μωρά
1110 1753 1169 1788 τε
1195 1737 1289 1789 καὶ
1315 1736 1577 1789 ἀλλόκοτα
1593 1736 1687 1789 καὶ
1706 1736 1939 1789 ἀπεναν-

352 1825 454 1880 τια
493 1826 540 1861 ⁷⁸
567 1828 947 1899 πνευματικῆς
987 1826 1117 1900 [467
1137 1828 1230 1901 Η.]
1252 1828 1571 1899 νομοθεσίας
1599 1829 1939 1900 συντεταχὼς

353 1921 477 1984 τοῖς
506 1919 849 1991 πειθομένοις
878 1922 1191 1975 κατέλιπεν.
1233 1922 1609 1993 Ἀπεκήρυττε
1633 1921 1688 1975 δέ
1707 1921 1800 1974 καὶ
1838 1920 1938 1992 τὴν

2039 730 2298 786 Dostheni
2352 732 2717 800 cognominati
2775 740 2919 787 sunt.
2979 729 3077 789 llic
3130 732 3183 784 in
3246 730 3460 789 divinos
3513 733 3607 787 Dei

2039 826 2332 893 prophetas
2379 824 2691 887 maledicus,
2742 824 3077 893 potissimum
3114 832 3292 878 tamen
3326 825 3378 876 in
3410 822 3604 878 ludam

2039 931 2205 969 unum
2236 918 2302 969 de
2328 915 2612 969 duodecim
2642 915 2972 983 patriarchis
2998 913 3442 974 contumeliosus.
3474 914 3609 968 nihil

2042 1007 2310 1061 reveritus
2339 1006 2632 1061 immensas
2661 1005 2728 1059 de
2756 1005 2847 1059 illo
2879 1006 2929 1058 in
2962 1004 3328 1065 voluminibus
3362 1004 3611 1059 Mosaicis

2038 1103 2368 1169 perscriptas
2426 1098 2631 1152 laudes.
2690 1097 2784 1154 llis
2834 1113 2964 1168 ergo
3023 1097 3303 1167 prephetis
3356 1098 3610 1152 omnibus

2038 1190 2277 1258 explosis
2314 1188 2726 1259 exsibilatisqne
2757 1191 2872 1258 ipse
2901 1190 3002 1244 sibi
3033 1190 3221 1245 omnia
3244 1200 3300 1243 et
3326 1188 3606 1254 vaticinia,

2038 1291 2092 1336 et
2119 1282 2314 1353 285b
2347 1283 2609 1353 reliquam
2642 1283 2979 1337 divinitatem
3015 1283 3315 1352 arrogavit.
3350 1282 3609 1337 Octateu—

2039 1378 2198 1431 chum
2251 1378 2451 1446 spuriis
2500 1376 2719 1444 scriptis
2758 1386 2814 1430 et
2844 1376 2991 1430 omni
3028 1391 3229 1445 genere
3270 1376 3445 1430 mistis
3488 1390 3614 1429 cor-

2039 1467 2264 1537 ruptelis
2294 1467 2640 1531 adulteravit,
2670 1466 2912 1536 aliosque
2941 1467 3107 1521 libros
3137 1466 3364 1521 stultitia
3396 1476 3451 1520 et
3480 1482 3611 1535 por-

2042 1559 2204 1612 tentis
2245 1558 2457 1628 plenos,
2509 1557 2815 1627 divinisque
2863 1557 3073 1627 legibus
3116 1558 3427 1613 contrarios
3477 1573 3610 1612 con-

2038 1652 2357 1715 sarcinavit,
2404 1651 2629 1722 suisque
2677 1652 2896 1705 asseclis
2942 1651 3183 1721 reliquit.
3235 1651 3614 1707 Resnrrectio-

2038 1757 2164 1797 nem
2197 1757 2412 1812 quoque
2438 1742 2677 1812 negavit:
2711 1740 2802 1797 lite
2831 1757 2962 1810 ergo
2992 1741 3256 1797 factiones
3298 1742 3370 1796 lta
3402 1742 3455 1797 in
3500 1742 3611 1797 dis~

2038 1833 2295 1899 sidentes,
2323 1832 2623 1889 contrarias
2666 1842 2721 1887 et
2769 1834 2963 1903 impias
3006 1845 3183 1889 sectas
3230 1841 3285 1889 et
3330 1835 3611 1903 opiniones

2038 1922 2290 1978 dissecttz
2346 1921 2584 1978 fuerant.
2644 1920 2887 1993 Utraque
2946 1937 3109 1991 porro
3166 1921 3332 1977 factio
3395 1922 3610 1978 libellos

356 2012 682 2069 ἀνάστασιν.
719 2012 787 2065 Δί
818 2012 918 2083 μὲν
947 2012 1041 2066 οὖν
1081 2013 1295 2083 μερίδες
1334 2012 1477 2066 οὕτω
1500 2014 1579 2076 είς
1611 2013 1939 2075 ἀντιπάλους

2041 2027 2140 2082 pro
2180 2027 2277 2068 sua
2322 2014 2616 2079 sententia,
2654 2022 2710 2067 et
2751 2022 2942 2067 contra
2981 2012 3347 2067 adversariam
3378 2022 3608 2080 partem,

353 2104 460 2161 καὶ
506 2103 860 2175 βλασφήμους
889 2103 1044 2169 δόξας
1081 2105 1453 2175 διετέτμηντο.
1508 2104 1833 2160 Ἐπιδιδόασι
1878 2105 1937 2159 δὲ

353 2196 460 2253 καὶ
506 2195 783 2260 λιϐέλλους
840 2196 981 2267 ὑπέρ
1024 2214 1086 2249 τε
1130 2197 1174 2231 ⁷⁸
1222 2196 1315 2251 τοῦ
1361 2197 1561 2249 οἰκείου
1595 2198 1938 2267 φρονήματος

352 2287 458 2342 καὶ
486 2287 629 2342 κατά
658 2286 753 2340 τοῦ
778 2288 1183 2357 ἀντικειμένου,
1221 2286 1379 2359 μερὶς
1412 2287 1648 2357 ἑκατέρα
1678 2287 1770 2339 τὸν
1807 2287 1937 2357 παρ’

355 2382 549 2444 αὐτοῖς
595 2380 1033 2451 πρεσϐευόμενον
1065 2382 1351 2451 προφήτην
1400 2375 1542 2435 εἶναι
1588 2379 1936 2452 προτιμῶσα.

355 2472 595 2536 Καθίζει
624 2471 682 2524 δὲ
706 2472 911 2525 τούτων
954 2471 1213 2543 δικαστὴς
1241 2474 1269 2525 ὁ
1313 2472 1459 2542 ἱερὸς
1496 2471 1753 2539 Εύλὸγιος
1802 2471 1940 2541 μετὰ

353 2565 585 2618 συνόδου
618 2565 893 2633 ἀρχιερεῖς
944 2581 1002 2616 τε
1025 2563 1132 2616 τῶν
1162 2564 1447 2635 ἐπισήμων
1477 2564 1571 2616 καὶ
1622 2565 1748 2628 τοὺς
1800 2564 1941 2632 λαμ-

352 2655 538 2723 προὺς
573 2652 678 2705 τῶν
704 2653 761 2705 ἐν
784 2650 1059 2720 ἀξιώμασι
1084 2650 1358 2723 πλήρωμα
1391 2652 1721 2722 ποιουμένης
1743 2667 1757 2681 ·
1782 2653 1939 2722 Map-

357 2744 552 2808 κιανὸς
578 2745 620 2777 το
644 2743 701 2797 δὲ
740 2742 1061 2813 τηνικαῦτα,
1103 2742 1160 2805 ὃς
1182 2746 1292 2806 τοῖς
1325 2744 1653 2811 Ῥωμαϊκοῖς
1696 2743 1940 2815 ὲνίδρυτο

352 2835 685 2906 σκήπτροις,
733 2833 957 2903 ἕϐδομον
1001 2832 1120 2895 ἔτος
1153 2834 1280 2904 ἤνυε
1313 2832 1411 2901 τῆς
1446 2832 1742 2903 βασιλείας.
1787 2835 1937 2903 Γυμ-

353 2924 535 2988 νάσας
581 2924 639 2977 δὲ
686 2922 757 2975 τὰ
784 2922 915 2993 παρ’
961 2923 1235 2993 ἑκατέρων
1273 2921 1537 2991 λεγόμενα
1568 2926 1596 2975 ὁ
1643 2925 1785 2994 ἱερὸς
1831 2925 1937 2977 Εὐ-

350 3016 560 3085 λόγιος.
610 3016 705 3067 καὶ
743 3014 842 3085 τῆς
867 3014 1126 3085 ἀληθείας
1159 3014 1454 3085 ἑκατέρους
1500 3015 1779 3083 διελέγξας
1831 3035 1938 3086 μα·-

355 3108 506 3180 κράν
546 3106 975 3177 ἀφισταμένους,
1006 3105 1097 3158 τὸν
1149 3106 1248 3176 μὲν
1272 3107 1743 3177 προφητευόμενον
1804 3122 1939 3179 γρα-

353 3203 547 3269 φικοῖς
588 3199 902 3269 παρέστησε
952 3201 1137 3269 ῥητοῖς
1170 3198 1260 3252 τὸν
1294 3197 1497 3269 Κύριον
1528 3199 1687 3269 ἡμῶν
1731 3201 1939 3272 Ἰησοῦν

351 3292 599 3365 Χριστὸν
637 3292 731 3345 τὸν
780 3290 1033 3361 ἀληθινὸν
1062 3290 1195 3344 Θεὸν
1229 3286 1391 3355 εἶναι,
1438 3292 1565 3354 τοὺς
1612 3291 1669 3345 δέ
1721 3294 1938 3363 μακράν

350 3400 424 3457 τε
474 3384 568 3437 καὶ
611 3382 1001 3453 χαλεπωτάτην
1050 3380 1503 3453 ἀποπλανηθῆναι
1544 3383 1774 3454 πλάνην,
1810 3385 1934 3448 τοὺς

359 3476 469 3547 μὲν
538 3475 749 3546 Ἰησοῦν
801 3476 895 3529 τὸν
947 3475 1042 3529 τοῦ
1104 3476 1261 3544 Ναυῆ
1320 3477 1412 3529 τὸν
1466 3477 1940 3547 προφητευόμενον

352 3565 507 3639 εἶναι
557 3568 1004 3638 κεπλογοῦντας,
1063 3568 1192 3631 τοὺς
1239 3564 1297 3621 δὲ
1352 3567 1559 3638 Δόσθην
1606 3568 1639 3639 ἢ
1696 3569 1944 3623 Δοσίθεον

2037 2118 2197 2158 suum
2249 2117 2477 2173 quaeque
2528 2103 2848 2172 prophetam
2899 2102 3054 2157 alteri
3107 2101 3442 2172 praeferendo
3488 2117 3614 2172 por-

2036 2194 2200 2250 rexit.
2256 2192 2489 2249 Sanctus
2543 2192 2802 2264 Eulogius
2851 2208 2973 2248 cum
3023 2194 3229 2263 synodo
3288 2193 3613 2261 frequentis—

2038 2283 2201 2348 sima,
2231 2283 2582 2353 pontificibus
2626 2283 2787 2353 plena
2833 2283 3135 2354 insignibus
3181 2293 3343 2352 atque
3386 2282 3615 2337 illustri-

2037 2374 2141 2430 bus
2169 2375 2431 2445 dignitate
2472 2375 2627 2441 viris,
2660 2375 2826 2442 iudex
2874 2374 2957 2429 bis
3004 2374 3271 2443 praesedit.
3310 2371 3619 2428 Marcianus

2039 2480 2346 2534 susceptum
2420 2469 2703 2537 imperium
2776 2466 3079 2521 Romanum
3148 2468 3436 2538 septimmn
3500 2466 3617 2535 jam

2038 2575 2239 2614 annum
2270 2559 2920 2615 administrabat.Beatus
2946 2558 3203 2630 Eulogius
3221 2559 3618 2625 discussisquaa

2040 2653 2108 2706 ab
2148 2661 2377 2720 utraque
2423 2660 2578 2721 parte
2617 2650 3025 2715 asserebantur,
3058 2659 3114 2705 et
3152 2658 3381 2718 utraque
3410 2648 3617 2702 erroris

2040 2760 2069 2798 a
2110 2744 2341 2798 veritate
2384 2747 2573 2813 procul
2606 2743 2799 2797 remoti
2837 2742 3107 2805 convicta,
3144 2738 3291 2793 illum
3321 2753 3350 2792 a
3382 2739 3617 2808 prophe-

2044 2836 2112 2890 tis
2139 2836 2451 2906 prtedictum
2485 2834 2761 2899 Messiam,
2790 2849 2857 2888 ex
2892 2832 3190 2902 Scripturis
3224 2833 3399 2886 sacris
3433 2829 3617 2883 docuit

2039 2942 2161 2982 esse
2211 2926 2496 2982 Dominum
2552 2938 2797 2982 nostrum
2852 2926 3035 2982 Jesum
3087 2925 3363 2979 Christum
3426 2936 3614 2977 verum

2039 3019 2208 3074 Deum
2259 3037 2275 3073 :
2318 3020 2438 3075 illos
2492 3035 2620 3076 vero
2674 3020 2999 3091 gravissimo
3055 3032 3242 3074 errore
3297 3017 3616 3082 laborasse;

2039 3111 2139 3167 bos
2187 3112 2404 3183 quidem
2461 3114 2603 3182 quod
2657 3112 2845 3167 Jesum
2898 3110 3042 3166 Nave
3094 3110 3243 3165 illum
3297 3110 3615 3180 prophetam

2042 3206 2461 3272 praenuntiatum
2514 3203 2779 3273 ﬁngerent
2812 3220 2827 3258 :
2861 3203 2981 3258 illos
3013 3217 3144 3257 vero
3181 3202 3324 3271 quod
3377 3200 3614 3255 Dostlten

2043 3312 2139 3352 seu
2176 3298 2491 3353 Dositheum
2531 3297 2755 3367 impium
2796 3303 3110 3368 portentose
3142 3296 3621 3350 comminisceren-

2047 3398 2154 3445 tur.
2190 3391 2367 3460 Atque
2406 3390 2478 3444 ita
2530 3390 2816 3445 concilium
2866 3390 3043 3445 solvit.
3096 3389 3200 3445 Sed
3241 3399 3621 3459 argumentum

2046 3491 2103 3535 et
2137 3481 2416 3537 decretum
2461 3497 2584 3536 cum
2617 3480 2843 3552 Eulogio
2882 3483 3043 3551 periit
3074 3500 3088 3537 :
3125 3481 3319 3536 tertius
3355 3480 3491 3535 liber
3518 3494 3618 3533 su-

2051 3583 2259 3641 perstes
2289 3574 2342 3627 in
2375 3583 2586 3629 nostras
2626 3589 2817 3628 manus
2847 3575 3114 3643 pervenit.

354 3662 457 3717 τὸν
506 3660 740 3730 δυσσεϐῆ
793 3659 1309 3734 τερατολογοῦντας.
1377 3659 1489 3715 Καὶ
1531 3659 1672 3713 οὕτω
1749 3661 1840 3713 τὸν
1874 3654 2140 3731 σύλλογον
2215 3664 2441 3729 διαλύει,
2522 3662 2958 3733 συντελευτώσης
3001 3662 3151 3735 αύτῷ
3201 3661 3296 3716 καὶ
3339 3662 3438 3731 τῆς
3486 3661 3620 3714 ὑπο-

358 3755 566 3816 θέσεως
605 3752 702 3806 καὶ
739 3752 839 3822 τῆς
885 3752 1249 3821 ἐκφωνήσεως
1296 3752 1390 3804 καὶ
1423 3750 1517 3804 τοῦ
1564 3751 1938 3822 περιελθόντος
1976 3755 2057 3817 είς
2085 3754 2183 3818 τὰς
2209 3755 2484 3827 ἡμετέρας
2514 3757 2697 3827 χεῖρας
2723 3755 2907 3826 τρίτου
2927 3753 3177 3823 τεύχους.

445 3849 537 3902 Ἐν
584 3846 759 3917 τούτῳ
789 3845 868 3916 τῷ
906 3843 1096 3915 βιϐλίῳ
1134 3844 1234 3914 τὴν
1270 3844 1565 3898 ἀνάστασιν
1621 3846 1649 3898 ὁ
1700 3861 1944 3918 συγγρα-

357 3946 498 4015 φεὺς
558 3945 625 3999 ἐκ
681 3944 791 3997 τῶν
842 3940 1156 4004 Μωσαῐκῶν
1216 3940 1530 4012 μαρτυριῶν
1576 3942 1944 3997 ἐπιδεικνύναι

360 4037 611 4097 σπεύδων
642 4036 871 4099 τοιαῦτά
902 4053 977 4106 φη
995 4050 1113 4089 σιν·
1168 4033 1234 4088 Ei
1289 4033 1363 4104 μὴ
1418 4033 1726 4105 πανάληθες
1773 4031 1843 4107 ἦν
1882 4035 1943 4090 τὸ

353 4132 461 4200 τῆς
489 4129 840 4192 ἀναστάσεως
885 4127 1103 4200 χρῆμα,
1142 4125 1262 4190 πῶς
1298 4126 1453 4196 ἔλεγε
1496 4126 1633 4199 πρὸς
1694 4127 1944 4199 Ἀϐραὰμ

351 4224 382 4274 ὁ
410 4219 546 4282 Θεός
565 4236 581 4251 ·
621 4219 706 4273 Σὺ
743 4219 811 4283 δὲ
834 4219 1146 4286 ἀπελεύσῃ
1176 4218 1324 4287 πρὸς
1350 4219 1495 4287 τοὺς
1539 4220 1798 4287 πατέρας
1824 4236 1943 4274 σου

350 4312 487 4384 μετ’
530 4311 797 4381 εἰρήνης,
866 4310 1074 4380 ταφεὶς
1130 4310 1173 4343 ⁷⁷
1213 4311 1283 4365 ἐν
1326 4311 1494 4381 ¹γήρει
1558 4310 1761 4377 καλῷ;
1815 4310 1943 4374 Πῶς

348 4404 471 4474 γὰρ
516 4402 582 4456 ἂν
611 4399 778 4472 ἀπῄει
820 4403 915 4455 καί
952 4401 1090 4472 πρὸς
1116 4400 1324 4467 ποίους,
1367 4402 1417 4453 εί
1447 4399 1710 4471 μηδαμῶς
1744 4401 1942 4469 μηκέτι

355 4497 505 4567 μήτε
532 4494 692 4557 αὐτὸς
724 4494 769 4525 ⁷⁸
806 4490 1031 4571 ἔμελλεν
1064 4486 1224 4559 εἶναι,
1266 4493 1405 4563 μήτε
1438 4491 1577 4562 πρὸς
1608 4490 1703 4556 οὓς
1733 4491 1940 4563 ἀπῄεις

350 4587 487 4651 Πῶς
541 4587 600 4639 δέ
655 4586 818 4657 πάλιν
863 4584 982 4656 μετ’
1033 4584 1191 4653 ὀλίγα
1245 4583 1306 4636 τὸ
1363 4583 1507 4654 ἱερὸν
1562 4582 1744 4651 λόγιόν
1805 4600 1940 4654 φησι

357 4680 497 4748 περὶ
523 4677 717 4732 αὑτοῦ·
746 4677 857 4731 Καὶ
910 4675 1175 4730 ἐκλιπὼν
1221 4675 1523 4737 ἀπέθανεν
1570 4674 1818 4744 Ἀϐραὰμ
1861 4674 1935 4729 ἐν

2113 3851 2171 3903 in
2211 3851 2312 3905 hoc
2351 3857 2544 3905 auctor
2590 3851 3041 3905 resurrectionem
3078 3866 3145 3904 ex
3194 3847 3393 3920 Moysis
3424 3851 3621 3906 tabulis

2045 3951 2298 3997 testatam
2348 3941 2531 3998 facere
2554 3942 2816 3997 connixns
2856 3943 2970 3997 haec
3014 3941 3288 4011 disputat:
3330 3943 3481 4009 Quod
3516 3944 3620 3998 nisi

2046 4034 2326 4089 verissima
2348 4044 2492 4089 esset
2516 4034 2583 4088 de
2612 4034 3010 4089 resurrectione
3029 4034 3317 4093 sententia.
3347 4034 3621 4103 quomodo

2042 4123 2248 4179 diceret
2297 4125 2364 4178 ad
2413 4124 2777 4177 Abraltamum
2827 4122 2971 4178 Dens
3016 4141 3032 4179 :
3076 4122 3155 4177 Tu
3200 4137 3375 4178 autem
3420 4124 3517 4177 ibis
3552 4126 3621 4177 ad

2039 4225 2216 4284 patres
2266 4223 2382 4269 tuos
2425 4231 2544 4268 cum
2579 4230 2725 4283 pace,
2751 4216 2987 4283 sepultus
3017 4216 3073 4269 in
3113 4226 3374 4271 senectute
3398 4215 3533 4270 bona
3568 4216 3619 4271 δ.

2042 4308 2323 4375 Quomodo
2380 4306 2524 4362 enim
2575 4308 2769 4375 abiret,
2821 4318 2879 4363 et
2933 4308 3003 4363 ad
3033 4323 3174 4380 quos
3213 4308 3408 4374 abiret,
3436 4308 3483 4365 si
3529 4309 3623 4364 ille

2041 4400 2219 4456 nullus
2269 4400 2501 4471 amplius
2546 4399 2766 4457 futurus
2813 4409 2952 4466 erat,
2988 4408 3045 4456 et
3082 4414 3191 4455 non
3219 4410 3405 4455 essent
3432 4399 3471 4455 ii
3504 4416 3620 4454 am-

2040 4497 2180 4567 plius
2197 4496 2263 4551 ad
2283 4511 2418 4567 quos
2428 4496 2825 4553 abituruserat?
2851 4495 3200 4565 thuomodo
3220 4510 3433 4550 rursum
3463 4495 3622 4565 paulo

2040 4588 2181 4644 infra
2211 4589 2278 4644 de
2300 4588 2391 4644 illo
2417 4588 2655 4644 divinum
2678 4589 2753 4643 ait
2780 4588 3051 4656 eloquium
3075 4602 3091 4639 :
3118 4586 3187 4641 Et
3208 4586 3454 4655 deﬁciens
3479 4605 3623 4641 mor-

2038 4690 2161 4736 tuus
2224 4690 2299 4735 est
2347 4681 2614 4734 Abraham
2653 4680 2710 4735 in
2758 4688 3018 4734 senectute
3044 4679 3178 4734 bona
3203 4719 3221 4746 ,
3272 4690 3623 4750 provectceque

357 4770 530 4842 γήρει
592 4767 789 4835 καλῷ,
840 4768 1181 4837 πρεσϐύτης
1228 4767 1329 4821 καὶ
1379 4766 1619 4837 πλήρης
1659 4766 1931 4836 ἡμερῶν,

2041 4773 2231 4835 tetatis,
2275 4779 2325 4825 et
2356 4771 2540 4837 plenus
2568 4771 2795 4835 dierum,
2840 4780 3284 4841 congregatusque
3313 4779 3386 4825 est
3420 4773 3492 4824 ad
3526 4787 3623 4839 po-

353 4863 463 4918 καὶ
495 4862 824 4931 προσετέθη
858 4860 1011 4928 πρὸς
1052 4860 1161 4914 τὸν
1195 4859 1353 4913 λαὸν
1401 4860 1630 4927 αὑτοῦ;
1677 4859 1775 4923 Τίς
1828 4860 1940 4930 γὰρ

344 4954 456 5011 τοῦ
523 4956 598 5026 μὴ
650 4955 802 5017 ὄντος
872 4950 1201 5024 προσθήκη,
1258 4951 1353 5013 καὶ
1409 4952 1529 5016 πῶς
1589 4952 1939 5024 προστίθεται

341 5048 475 5110 τοῖς
529 5047 603 5119 μὴ
657 5046 777 5100 οὖσι
825 5044 887 5099 τὸ
940 5044 1000 5098 δν
1045 5044 1131 5111 ⁷⁹;
1165 5045 1229 5098 Τί
1259 5044 1315 5119 δὲ
1341 5044 1490 5113 λέγει
1530 5045 1785 5117 καὶπερὶ
1841 5044 1936 5099 τοῦ

357 5138 588 5205 Ἰακὼϐ,
610 5140 694 5192 ὅτι
717 5137 1124 5205 Συνήχθῃσαν
1146 5136 1372 5203 πάντες
1404 5139 1458 5191 οἱ
1482 5136 1599 5191 υἱοὶ
1625 5138 1811 5193 αὐτοῦ
1836 5138 1937 5191 καὶ

342 5228 550 5284 πᾶσαι
584 5232 651 5282 αἱ
703 5227 1043 5301 θυγατέρες,
1089 5227 1186 5279 καὶ
1214 5222 1405 5296 ἦλθον
1435 5227 1480 5258 ⁸⁰
1513 5226 1932 5294 παρακαλέσαι

340 5320 565 5390 αὐτὸν,
598 5320 695 5374 καί
726 5322 839 5375 οὐκ
865 5320 1047 5389 ἤθελε
1090 5317 1586 5388 παρακαλεῖσθαι,
1623 5317 1821 5386 λέγων
1843 5316 1935 5373 ὅτι

2039 4862 2223 4933 pulum
2248 4863 2489 4918 suumc?
2520 4862 2775 4930 Quaenam
2812 4862 3159 4933 congregatio
3187 4861 3247 4917 lit
3279 4862 3346 4917 ad
3378 4862 3453 4926 id,
3480 4863 3624 4933 quod

2040 4969 2146 5008 non
2193 4952 2322 5008 est?
2366 4952 2434 5007 Et
2461 4953 2731 5023 quomodo
2766 4952 2817 5004 id
2854 4952 2996 5021 quod
3037 4960 3142 5018 est,
3176 4951 3297 5005 addi
3339 4962 3517 5020 potest
3557 4952 3625 5007 iis

2039 5061 2161 5116 qua:
2192 5060 2298 5102 non
2334 5044 2497 5099 sunt?
2526 5042 2665 5111 Quid
2696 5058 2859 5113 porro
2899 5044 2966 5097 de
2997 5041 3322 5103 Jacob.dicit
3346 5044 3369 5097 ἲ
3390 5040 3623 5112 Congre-

2039 5135 2149 5206 gati
2176 5142 2299 5187 sunt
2325 5149 2502 5187 omnes
2526 5132 2627 5201 ﬁlii
2653 5142 2700 5186 et
2732 5131 2880 5201 ﬁlim,
2911 5143 2965 5185 ut
2986 5132 3210 5186 lenirent
3237 5132 3474 5186 dolorem
3526 5150 3620 5200 pa-

2041 5225 2158 5286 tris,
2179 5232 2228 5277 et
2252 5222 2416 5277 noluit
2444 5223 2852 5278 consolationem
2869 5224 3125 5292 accipere,
3155 5224 3245 5277 sed
3263 5225 3359 5277 ait:
3396 5223 3624 5276 Descen-

2040 5317 2164 5375 dam
2199 5315 2270 5368 ad
2304 5314 2475 5384 ﬁlium
2508 5333 2679 5370 meum
2706 5316 2905 5388 286a
2961 5320 3139 5388 lugens
3186 5318 3241 5368 in
3277 5314 3544 5383 infernum
3574 5314 3623 5366 ἀ.

342 5412 782 5481 Καταϐήσομαι
834 5411 987 5479 πρὸς
1048 5410 1159 5463 τὸν
1217 5411 1353 5463 υἱόν
1394 5426 1514 5478 μου
1564 5408 1799 5471 πενθῶν
1851 5410 1938 5474 είς

2046 5406 2328 5471 Quomodo
2348 5406 2665 5477 intelligitur
2683 5406 2975 5463 descensus
2991 5408 3110 5477 ejus
3135 5406 3226 5477 qui
3253 5421 3357 5459 non
3380 5405 3626 5460 essiStit?

338 5503 557 5573 ᾅδην;
606 5503 730 5568 Πῶς
788 5502 896 5574 γὰρ
939 5502 1006 5556 ἂν
1060 5499 1374 5571 ἐπινοηθείη
1426 5498 1649 5563 κάθοδος
1712 5498 1807 5552 τοῦ
1862 5500 1939 5570 μὴ

2047 5507 2103 5553 et
2132 5500 2401 5567 quomodo
2424 5498 2705 5554 descendit
2731 5500 2798 5554 ad
2823 5500 3009 5563 lilium,
3035 5500 3125 5568 qui
3178 5514 3246 5554 ex
3274 5497 3628 5555 deliramento

437 5659 463 5699 ι)
485 5658 621 5713 Gen.
657 5672 751 5721 xv,
772 5655 859 5710 l5.
939 5665 961 5696 ο
998 5654 1133 5709 Gen.
1165 5668 1289 5718 xxv,
1321 5653 1376 5707 5.
1451 5650 1478 5689 ά
1506 5650 1640 5707 Gen.
1666 5666 1872 5715 xxxvtt,
1895 5648 1984 5704 35.

1655 5762 1895 5830 vitam:
1928 5760 2330 5817 LEC'I‘IONES.

434 5863 480 5891 ⁷²
515 5878 577 5930 γε
612 5862 651 5914 Δ
691 5877 705 5912 :
738 5878 795 5913 τε
832 5879 892 5925 ς.
999 5860 1045 5891 ⁷³
1080 5858 1332 5930 αὑτόν-ς.
1392 5856 1479 5930 ⁵⁷⁸
1512 5857 1605 5930 ἀπ’
1651 5856 1898 5930 ἐναντίας
1920 5857 2011 5930 _A.
2091 5857 2161 5930 A75
2192 5873 2251 5930 τε
2300 5855 2425 5930 add:
2457 5855 2522 5908 A.
2549 5924 2566 5930 _
2627 5854 2674 5885 ⁷⁸
2704 5851 3061 5930 ιδίοιριιιιξινίες]⁸
3096 5854 3397 5930 Μαυρίκιος
3426 5854 3618 5913 Fabri-

354 5920 537 6006 9iu3.'
572 5933 618 5967 ⁷⁷
646 5920 872 6003 τραφείς
918 5932 982 5985 Α.
1060 5930 1106 5962 ⁷⁸
1138 5920 1327 5999 αὑτὸςι
1364 5922 1514 5993 οὗτος
1548 5929 1612 5984 Α.
1694 5928 1739 5962 ⁷⁸
1765 5927 1824 5999 το
1858 5924 1939 5997 ὃν]
1974 5927 2172 5984 rectius
2202 5926 2261 5980 τὸ
2298 5925 2372 5998 μὴ
2401 5926 2479 5984 δντ
2511 5924 2580 5981 cl.
2611 5939 2664 5996 p.
2700 5920 2825 5979 286⁷.
2902 5925 2947 5957 ⁸ο
2967 5920 3152 5997 ἦλθον]
3190 5920 3377 5995 ἤθελον
3416 5932 3480 5985 Δ.
