3954 6466
512 431 646 496 1087

1637 432 1900 494 ΡΗΟΤΠ
1930 434 2434 496 ΡΑΤΗΙΑΗΟΗἉΕ
2473 437 2580 496 CP.

3622 445 3638 506 1
3649 450 3730 507 est

501 545 767 601 exsecrati
831 543 1089 606 Dositltei,
1131 542 1329 598 'nullus
1381 555 1610 612 usquam
1659 558 1780 598 esse
1846 554 2022 613 potest
2069 543 2093 596 ?

2201 545 2387 612 5ντο;;
2434 547 2555 610 Πῶς
2611 546 2664 600 δὲ
2701 549 2793 600 καὶ
2832 548 3120 601 κατέϐαινε
3171 550 3267 602 καὶ
3322 549 3456 620 πρὸς
3516 553 3596 604 τὸν
3649 563 3738 613 ut)”

504 639 738 692 Rursum
790 635 958 690 Jacob
1000 636 1218 705 quando
1245 635 1527 704 jbenedicit
1592 635 1736 697 liliis,
1783 635 1857 688 ait
1917 654 1931 690 :
1982 634 2093 706 Ego

503 743 787 798 congrpgor
821 729 888 777 ad
943 726 1202 794 pmu'um
1242 741 1415 778 meum
1453 737 1498 778 ο.
1545 723 1600 778 Si
1667 735 1895 780 noverat
1941 741 2092 780 suam

504 833 754 876 naturam
809 817 943 890 [seu
974 817 1306 889 essentiam]
1353 833 1456 870 una
1511 832 1634 871 eum
1685 819 1939 885 praesenti
1987 818 2093 872 vita

509 915 721 968 ﬁnitum
775 912 880 977 iri,
923 912 1196 980 quomodo
1241 911 1376 964 dixit
1408 909 1498 976 qui
1531 920 1794 974 mortuus,
1823 925 2093 976 nusquam

439 1051 447 1057 .
504 1005 732 1074 amplius
780 1004 906 1069 fuit,
963 1018 1022 1058 se
1070 1005 1136 1056 ad
1190 1002 1443 1071 populum
1495 1016 1652 1054 suum
1685 1003 1775 1069 qui
1827 1017 2094 1071 nusquam

505 1103 648 1158 erat,
678 1096 992 1166 congregari
1028 1095 1052 1147 ?
1087 1094 1420 1157 Advertesis,
1451 1093 1577 1161 quid
1612 1095 1727 1161 ipse
1763 1093 2020 1145 Dominus
2042 1103 2097 1146 et

507 1187 650 1243 Deus
672 1187 1049 1242 universorum
1086 1185 1229 1239 dicat
1250 1185 1315 1238 ad
1344 1184 1582 1255 Moysen,
1608 1186 1827 1252 quando
1860 1183 2007 1237 illum
2041 1184 2094 1237 in
2143 1179 2150 1200 ⁴

504 1289 808 1334 extremum
871 1276 1020 1332 Ncbo
1057 1277 1299 1341 deduxit,
1368 1279 1423 1330 et
1469 1275 1707 1329 ostendit
1761 1275 1836 1329 illi
1898 1285 2096 1329 terram

507 1387 671 1441 quam
735 1371 959 1426 daturus
1017 1379 1134 1423 erat
1181 1369 1235 1422 in
1291 1368 1660 1422 haereditatem
1710 1364 1896 1422 Israel.
1937 1367 2100 1420 Addit

503 1465 647 1517 enim
677 1461 787 1516 :Et
825 1462 1023 1516 videbis
1071 1478 1232 1515 eam:
1277 1460 1476 1516 deinde
1524 1479 1537 1514 :
1583 1459 1650 1513 Et
1697 1460 1976 1526 apponeris
2029 1459 2098 1511 ad

502 1554 752 1621 populum
772 1562 918 1606 tuum
949 1563 1092 1618 ettu,
1127 1555 1263 1607 sicut
1294 1553 1565 1619 appositus
1596 1561 1670 1606 est
1703 1561 1751 1605 et
1773 1553 1952 1604 Aaron
1983 1551 2098 1619 fra-

502 1653 582 1697 ter
627 1653 749 1698 tuus
780 1643 826 1699 ί.
866 1644 993 1696 Illud
1037 1654 1215 1698 autem
1245 1659 1384 1714 quos
1416 1659 1519 1698 non
1562 1654 1800 1707 moveat,
1839 1642 1948 1698 Dco
1976 1644 2093 1711 ipso

502 1735 772 1790 clamante
802 1735 1216 1805 aliirmanteque
1256 1751 1271 1788 :
1303 1734 1414 1805 Ego
1453 1753 1569 1789 sunt
1619 1736 1759 1790 Deus
1809 1737 2098 1804 Abraham,

500 1838 549 1879 et
582 1826 720 1882 Deus
745 1827 928 1894 Isaac,
956 1838 1002 1881 et
1034 1828 1174 1881 Deus
1206 1827 1404 1884 Iacob?
1433 1829 1786 1897 Ecquomodo
1817 1827 2098 1891 eritDeus,

2199 635 2292 688 τὸν
2328 638 2555 710 μηδαμῆ
2605 638 2870 708 μηδαμῶς
2929 638 3072 692 κατὰ
3124 639 3214 692 τὸν
3276 641 3524 694 Δοσιθέου
3568 643 3743 717 δύσφη-

2205 744 2304 796 μον
2347 727 2514 797 λῆρον
2575 728 2872 797 δυνάμενον
2935 724 3117 796 εἷναις
3171 732 3342 784 Πάλιν
3390 731 3445 785 δὲ
3474 735 3594 800 τοὺς
3621 740 3743 806 υἱοὺς

2203 818 2499 890 εὐλογήσας
2534 821 2560 872 ὁ
2602 819 2794 872 Ἰακώϐ
2842 839 3011 892 φησιν
3045 838 3060 853 ·
3108 821 3264 891 Ἐγὼ
3309 822 3379 875 δὲ
3402 829 3746 898 προστίθεμαι

2203 909 2356 977 πρὸς
2409 911 2519 964 τὸν
2562 913 2718 965 λαόν
2762 929 2902 980 μου.
2962 913 3027 965 El
3083 913 3191 983 γὰρ
3229 918 3628 989 περατουμένην
3653 923 3746 994 ᾔδει

2201 1001 2300 1070 τὴν
2336 1000 2567 1072 ὕπαρξιν
2612 1001 2779 1056 αὐτοῦ
2827 1003 2905 1074 τῷ
2961 1005 3157 1075 πέρατι
3205 1006 3302 1059 τοῦ
3345 1009 3600 1078 παρόντος
3633 1014 3744 1081 βίον,

2203 1091 2322 1154 πῶς
2372 1091 2524 1161 ἔλεγε
2580 1093 2971 1164 προστίθεσθαι
3029 1095 3102 1167 μὴ
3142 1095 3220 1148 ὢν
3254 1097 3420 1161 αὐτὸς
3455 1100 3528 1170 τῷ
3561 1105 3746 1179 μηδαμῆ

2205 1179 2471 1249 μηδαμῶς
2527 1181 2641 1234 om
2696 1184 2861 1236 αὑτοῦ
2891 1184 3007 1255 λαῷ
3032 1200 3047 1249 ;
3077 1185 3244 1257 ;”ορα
3287 1186 3369 1252 δὲ,
3407 1190 3501 1241 καὶ
3547 1193 3690 1255 αὐτὸς
3727 1199 3750 1248 ὁ

2204 1274 2478 1344 Δεσπότης
2510 1272 2556 1304 ⁸¹
2591 1276 2684 1328 καὶ
2720 1275 2852 1340 Θεὸς
2896 1277 3004 1330 τῶν
3036 1277 3172 1330 ὅλων
3202 1277 3259 1330 τί
3311 1278 3461 1347 λέγει
3490 1281 3564 1350 τῷ
3604 1284 3744 1337 Matii-

2206 1365 2308 1424 σεϊ,
2355 1365 2443 1417 ὅτε
2500 1363 2663 1419 αὐτὸν
2715 1369 2794 1430 είς
2841 1367 2904 1420 τὸ
2959 1368 3089 1438 ὅρος
3126 1369 3450 1434 ἀναϐιϐάζει
3496 1372 3556 1424 τὸ
3607 1376 3747 1446 πέραν

2203 1453 2396 1508 Ναϐαὓ
2427 1456 2493 1520 θ’,
2523 1456 2618 1508 καὶ
2643 1455 2740 1526 τὴν
2770 1457 2876 1526 γῆν
2909 1457 3243 1511 ἐπιδεικνύει
3283 1459 3352 1529 ἥν
3394 1459 3581 1529 ἔμελλε
3618 1481 3749 1517 xam-

2204 1545 2542 1617 κληροδοτεῖν
2569 1546 2645 1618 τῷ
2714 1548 2968 1616 Ἰσραήλ;
3036 1549 3267 1618 Ἐπάγει
3318 1551 3463 1621 γὰρ,
3507 1554 3603 1606 Καὶ
3644 1554 3746 1623 ὄψει

2205 1639 2400 1708 αὐτήν
2425 1653 2440 1669 ⁸
2475 1634 2614 1703 εἷτα,
2672 1641 2780 1694 Kal
2833 1640 3229 1710 προστεθήσῃ
3282 1641 3436 1710 πρὸς
3483 1643 3584 1696 τόν
3628 1650 3745 1699 λαόν

2205 1744 2322 1784 σου
2348 1731 2447 1784 καὶ
2479 1731 2581 1794 σὺ,
2613 1731 2765 1784 καθὰ
2795 1732 3126 1800 προσετέθη
3160 1732 3263 1786 καὶ
3294 1732 3520 1802 Ἀαρὼν·
3552 1738 3582 1788 d
3610 1737 3746 1791 (idal-

2209 1822 2320 1890 φός
2349 1836 2486 1875 σου.
2535 1820 2663 1892 [883
2694 1821 2787 1894 IL]
2845 1823 3052 1876 Ἐκεῖνο
3096 1823 3155 1876 δὲ
3199 1824 3366 1887 τίνας
3410 1825 3510 1878 οὐκ
3554 1826 3613 1879 ἂν
3655 1829 3746 1881 δνσ-

507 1917 646 1970 Deus
676 1933 838 1972 verus
883 1933 1072 1971 eorum
1108 1918 1196 1986 qui
1235 1933 1500 1987 nusquam
1540 1918 1706 1973 futuri
1738 1929 1886 1982 sunt,
1921 1919 2013 1972 sed
2043 1919 2096 1971 in

2201 1916 2494 1984 ωπήσειεν,
2529 1913 2693 1966 αὑτοῦ
2727 1913 2863 1966 Θεοῦ
2899 1913 3026 1986 [468
3062 1913 3157 1986 IL]
3215 1915 3632 1987 δἸακεκραγότος
3675 1923 3743 1974 καὶ

502 2010 738 2063 nihilum
797 2010 1003 2064 redacti
1051 2009 1075 2062 ‘l
1123 2009 1296 2062 Eccur
1360 2010 1671 2078 paradisum
1723 2011 1790 2064 ad
1837 2010 2100 2064 orientem

502 2101 768 2170 plantavit
820 2103 871 2156 in
920 2113 1064 2156 terra
1111 2102 1299 2167 Edem,
1354 2098 1406 2156 in
1451 2118 1558 2172 quo
1604 2104 1901 2168 hominem,
1940 2119 2100 2172 quem

503 2192 791 2259 formarat,
819 2196 1015 2262 posuit,
1046 2195 1090 2249 si
1118 2195 1265 2247 illum
1295 2195 1480 2249 statim
1509 2196 1723 2265 quidem
1750 2206 2098 2264 peccaturum

501 2295 684 2351 norat,
714 2297 768 2340 et
795 2302 825 2341 e
859 2288 1110 2356 paradiso
1143 2287 1198 2341 in
1234 2288 1487 2342 exsilium
1524 2289 1757 2356 ejectum
1796 2289 1886 2353 iri,
1921 2291 2100 2344 nemi-

501 2390 626 2427 nem
652 2390 781 2429 vero
809 2384 998 2444 postea
1025 2391 1090 2430 ex
1117 2375 1426 2429 hominibus
1467 2376 1520 2429 in
1560 2376 1650 2430 illo
1677 2377 2046 2431 ltabitaturum
2078 2375 2104 2430 ?

505 2465 722 2519 Etenim
777 2465 821 2520 si
864 2481 1075 2530 omnes,
1110 2469 1225 2520 sive
1268 2468 1357 2536 qui
1391 2467 1533 2536 piam
1573 2467 1688 2521 sive
1713 2467 1934 2536 impiam
1961 2467 2102 2521 hanc

500 2558 666 2609 vitam
719 2565 1036 2624 exegerunt,
1082 2558 1312 2612 decurso
1359 2559 1482 2610 vitat.
1510 2558 1796 2627 prtesentis
1845 2557 2022 2611 stadio
2045 2557 2098 2611 in

506 2651 736 2705 nihilum
782 2651 1046 2717 recidunt,
1091 2665 1190 2706 nec
1234 2652 1523 2722 quisquam
1564 2659 1767 2715 manet,
1811 2650 1904 2720 qui
1944 2664 2102 2719 para-

499 2747 679 2801 disum
728 2756 788 2800 ut
827 2747 1000 2802 hmres
1033 2755 1282 2816 occupet,
1320 2747 1627 2816 divinisque
1667 2747 1882 2817 gaudiis
1916 2747 1969 2800 in
2009 2745 2101 2800 illo

501 2821 863 2903 perfruatur,
918 2837 1192 2904 quomodo
1240 2852 1343 2889 non
1391 2836 1505 2890 haec
1573 2837 1784 2904 ingrata
1836 2836 2101 2891 adversus

503 2925 692 2987 Deum.
733 2938 786 2980 et
811 2924 982 2994 impia
1029 2927 1232 2992 opinio,
1268 2926 1469 2981 frustra
1554 2936 1798 2979 creatum
1841 2926 2099 2991 ostendit,

500 3028 556 3072 et
593 3033 690 3088 per
714 3021 854 3074 hanc
907 3020 960 3074 in
1016 3020 1167 3073 illum
1203 3018 1475 3088 iniuriam,
1516 3019 1694 3088 ipsum
1752 3034 2098 3073 communem

501 3125 685 3165 rerum
739 3110 1050 3165 effectorem
1116 3110 1282 3165 Deum
1337 3111 1728 3164 contumeliose
1757 3111 2097 3180 perstringit,

2202 2005 2485 2071 λέγοντος·
2519 2005 2660 2074 Ἐγώ
2694 2007 2811 2074 εἰμι
2842 2008 2874 2059 ὁ
2921 2006 3065 2072 Θεὸς
3106 2005 3362 2076 Ἀϐραὰμ
3414 2009 3513 2061 καὶ
3565 2014 3594 2063 ὁ
3638 2014 3743 2078 Θεὲς

2202 2096 2412 2152 Ἰσαὰκ
2451 2097 2547 2152 καὶ
2598 2099 2630 2150 ὀ
2685 2097 2830 2162 Θεὸς
2875 2097 3109 2164 Ἰακώ6;
3149 2099 3274 2161 Πῶς
3310 2100 3417 2171 γὰρ
3454 2100 3517 2153 ἂν
3543 2102 3618 2172 είη
3647 2103 3742 2167 Θεὸς

2201 2188 2230 2239 ὁ
2262 2188 2510 2258 ἀληθινὸς
2543 2187 2678 2250 Θεὸς
2712 2189 2818 2241 τῶν
2856 2189 3054 2259 μηκέτι
3103 2192 3428 2259 ὲσωμένων,
3470 2193 3598 2245 ἀλλὰ
3643 2197 3742 2248 ἀπη-

2201 2283 2516 2354 φθαρέντων
2540 2285 2618 2347 εἰς
2635 2284 2696 2336 τὸ
2722 2285 2794 2354 μὴ
2813 2283 2870 2336 δν
2894 2303 2909 2352 ;
2948 2284 3012 2335 Τί
3035 2283 3092 2336 δὲ
3122 2285 3214 2336 καὶ
3238 2284 3331 2336 τὸν
3366 2285 3506 2337 κατά
3531 2286 3741 2350 ἀνατολὰς

2203 2376 2531 2446 παράδεισον
2580 2375 2868 2445 ἐφύτευσε,
2919 2377 3010 2428 τὸν
3046 2377 3103 2429 ὲν
3163 2375 3349 2446 Ἐδὲμ,
3394 2379 3451 2430 ὲν
3490 2371 3533 2444 ᾧ
3574 2378 3653 2430 τὸν
3679 2381 3743 2432 ἂν·

2203 2466 2424 2539 θρωπον
2482 2468 2543 2520 ὃν
2595 2467 2828 2522 ἔπλασεν
2882 2468 3054 2533 ἔθετο,
3108 2471 3156 2523 εἰ
3213 2470 3427 2523 ἐκεῖνον
3481 2470 3572 2538 μὲν
3621 2471 3741 2534 εὐθὺς

2204 2559 2626 2630 παραϐήσεσθαι
2678 2559 2793 2630 ᾔδει
2853 2562 2947 2613 καὶ
3009 2561 3103 2612 τοῦ
3162 2563 3370 2633 χωρίου
3435 2563 3741 2632 γενησόμενον

2203 2650 2517 2722 ὑπερόριον,
2555 2650 2760 2720 μηδένα
2799 2650 2857 2704 δὲ
2909 2652 3018 2704 τῶν
3075 2653 3218 2723 μετά
3267 2653 3442 2707 ταῦτα
3492 2653 3738 2723 ἀνθρώπων

2205 2739 2468 2809 μέλλοντα
2522 2740 2686 2793 πάλιν
2723 2741 2968 2811 οἰκήσειν
3019 2743 3226 2808 adadv;
3285 2743 3351 2794 Εί
3406 2742 3512 2813 γὰρ
3558 2743 3738 2804 ἕκαστος

2201 2829 2296 2882 καὶ
2325 2829 2434 2881 τῶν
2464 2829 2706 2891 εὐσεϐῶς
2733 2829 2781 2862 ⁸⁸
2833 2830 3179 2900 βεϐιωκότων
3229 2833 3323 2887 καὶ
3374 2832 3482 2884 τῶν
3517 2832 3737 2894 δυσσεϐῶς

2202 2919 2678 2990 πολιτευσαμένων
2732 2923 2871 2990 μετά
2901 2923 2962 2976 τὸ
2997 2923 3212 2978 στάδιον
3253 2922 3350 2977 τοῦ
3381 2924 3628 2995 παρόντες
3654 2922 3738 2992 βίον

2203 3012 2340 3082 πρὸς
2385 3011 2447 3064 τὸ
2497 3011 2571 3082 μὴ
2630 3011 2689 3064 ὃν
2743 3013 3036 3068 ἀναλύεται
3099 3015 3167 3080 ⁸⁸,
3228 3017 3325 3069 καὶ
3377 3015 3545 3079 οὐδεὶς
3598 3014 3737 3067 οὐκέτι

2161 3115 2165 3118 ·
2203 3098 2442 3173 διαμένει
2476 3104 2614 3157 ὥστε
2651 3107 2745 3158 καὶ
2783 3106 3110 3174 παράδεισον
3150 3109 3510 3177 κληρονομεῖν
3555 3107 3635 3159 καὶ
3667 3106 3736 3173 τῆς

501 3201 725 3269 quando
752 3201 902 3255 illum
947 3215 1011 3255 ea
1043 3199 1242 3255 fecisse
1270 3200 1569 3268 insimulat,
1602 3217 1724 3271 qua:
1759 3217 1856 3257 nec
1891 3203 2096 3256 medio-

2201 3201 2258 3252 ἐν
2315 3197 2466 3268 αύτῷ
2518 3198 2736 3268 τρυφῆς
2784 3199 3080 3252 ἀπολαύειν
3137 3202 3318 3271 ἱερᾶς,
3373 3201 3488 3263 πῶς
3523 3200 3576 3252 οὐ
3603 3198 3736 3268 μάτην

504 3294 675 3348 criter
707 3294 948 3364 prudens
982 3309 1219 3362 unquam
1249 3292 1503 3348 faceret?

2207 3290 2372 3343 αὐτὸν
2423 3291 2753 3361 γεγενῆσθαι
2807 3294 2840 3360 ἠ
2897 3292 3122 3364 τοιαύτη
3187 3293 3460 3363 ἀγνώμων
3519 3294 3601 3344 καὶ
3643 3292 3736 3343 δυσ.

507 3386 674 3457 σεϐὴς
717 3385 995 3456 ὑπόληψις
1051 3387 1325 3455 ἀποφανεί
1345 3382 1417 3447 ⁸⁸,
1450 3384 1543 3437 καὶ
1574 3384 1663 3438 διὰ
1714 3384 1812 3454 τῆς
1843 3385 1923 3447 είς
1968 3385 2176 3438 ἐκεῖνον
2240 3381 2454 3453 ὕϐρεως
2492 3382 2584 3435 τὸν
2649 3383 2826 3437 κοινὸν
2881 3383 3158 3456 ὲξυϐρίσει
3205 3385 3563 3457 Δημιουργδν,
3596 3385 3734 3436 ἐκεῖνα

500 3481 767 3552 πράττειν
817 3481 1164 3550 κατηγορῶν,
1212 3479 1248 3532 ἆ
1300 3479 1435 3551 μηδὲ
1481 3479 1703 3549 μέτριος
1733 3479 1799 3532 ἄν
1833 3497 1918 3542 τις
1955 3478 2317 3551 διαπράξαιτο
2349 3479 2530 3548 ἀνήρ;

574 3570 667 3626 Sic
702 3572 923 3641 impiam
993 3570 1232 3624 Dositltei
1293 3571 1358 3622 de
1425 3581 1826 3624 resurrectione
1878 3581 2100 3624 senten-

2274 3567 2431 3620 Οὕτω
2488 3568 2550 3618 τὸ
2607 3568 2868 3630 δυσσεϐὲς
2931 3570 3063 3640 περὶ
3132 3570 3486 3633 ἀναστάσεως
3542 3569 3616 3623 διὰ
3655 3567 3728 3621 τῶν

501 3663 632 3716 tiam
666 3675 732 3716 ex
759 3675 914 3715 sacra
942 3660 1226 3728 Scriptura
1259 3657 1526 3723 refutans,
1565 3659 1806 3712 ostendit
1840 3660 2096 3712 mundum

2203 3657 2516 3731 ἱερολογιῶν
2567 3659 2824 3713 Δοσιθέου
2873 3662 3140 3731 κήρυγμα
3196 3663 3534 3727 καταϐαλὼν,
3570 3661 3638 3714 καὶ
3666 3661 3723 3712 ὅτι

499 3750 804 3820 corrumpi,
848 3765 1008 3819 quem
1055 3749 1146 3802 ille
1180 3749 1670 3817 incorruptibilem,
1709 3751 2096 3803 animantveru

2201 3751 2440 3822 φθαρτὸς
2491 3752 2520 3803 ὁ
2573 3753 2776 3821 κόσμος
2830 3753 3058 3824 (ἐκεῖνος
3106 3755 3217 3825 γὰρ
3277 3754 3519 3826 φθαρτὴν
3574 3753 3649 3823 μὲν
3691 3750 3725 3781 ⁸⁵

501 3842 918 3912 corruptibilem
963 3851 1269 3895 monstrose
1319 3840 1558 3909 ﬁngebat
1592 3859 1606 3894 :
1642 3841 1957 3910 angelorum
2004 3859 2096 3896 na-

2203 3841 2302 3914 τὴν
2346 3841 2548 3914 ψυχὴν,
2581 3844 2861 3916 ἄφθαρτον
2895 3846 2954 3900 δὲ
2999 3846 3188 3900 τοῦτον
3231 3845 3632 3920 ὲτερατολόγει),
3665 3844 3734 3896 καὶ

499 3946 678 3988 turam
731 3949 761 3988 a
810 3933 921 3987 Deo
969 3933 1166 3986 factam
1203 3972 1218 3997 ,
1269 3947 1434 4001 quam
1476 3935 1698 3987 insanus
1731 3933 1818 3987 ille
1863 3935 2004 3988 inter
2027 3949 2093 3989 ea

2203 3933 2287 3987 ὅτι
2318 3934 2432 3988 τῶν
2466 3936 2776 4007 ἀγγέλωνὴ
2829 3937 2994 4006 φύσις
3024 3939 3176 4008 παρά
3207 3937 3348 3992 Θεοῦ
3407 3937 3600 4006 ὑπέστη
3641 3934 3735 4004 (τῶν

495 4041 620 4093 qua:
651 4040 918 4093 nusquam
974 4025 1267 4088 exsistunt,
1300 4024 1535 4092 ponebat
1562 4041 1577 4090 ;
1603 4027 1912 4080 daemonum
1950 4041 2089 4096 quo-

2201 4027 2310 4099 γάρ
2335 4028 2410 4097 μὴ
2429 4027 2598 4081 ὄντων
2626 4030 2721 4082 καὶ
2738 4030 2944 4083 τούτων
2964 4029 3064 4101 τὴν
3079 4030 3243 4100 φύσιν
3263 4033 3307 4067 ⁸⁷
3329 4031 3531 4092 ἐκεῖνος
3552 4029 3577 4081 ὁ
3598 4023 3735 4093 ληρώ-

496 4132 624 4186 que.
651 4133 821 4186 genus
854 4115 1053 4169 factum
1083 4129 1226 4176 esse,
1260 4125 1317 4168 et
1353 4129 1572 4169 manere
1601 4131 1616 4181 ;
1670 4117 1923 4171 Dostheni
1965 4131 2092 4170 vero

2201 4120 2296 4189 δης
2314 4120 2579 4192 ἐνόμιζε),
2606 4123 2694 4176 ναὶ
2717 4122 2782 4194 δὴ
2805 4123 2898 4176 καὶ
2919 4123 3000 4177 ὅτι
3029 4123 3090 4176 τὸ
3111 4125 3392 4196 δαιμόνιον
3415 4121 3593 4194 γέγονὲ
3606 4137 3654 4171 τε
3671 4116 3736 4169 καὶ

479 4207 640 4261 -ΜοΙιι
697 4222 792 4260 seu
853 4207 1186 4271 simulacra,
1233 4206 1510 4260 dannonas
1565 4221 1688 4262 esse
1749 4209 2088 4273 dictitabant,

501 4297 651 4348 aliud
707 4310 878 4364 genus
907 4295 1299 4350 daemoniorum
1345 4296 1555 4349 nullum
1591 4299 1959 4364 agnoscebant
1985 4315 2000 4366 ;
2029 4313 2094 4354 eo

497 4388 722 4443 insaniae
750 4387 908 4443 illum.
931 4401 1058 4441 esse
1087 4401 1436 4456 progressum
1466 4389 1733 4444 ostendit.

567 4480 764 4550 2860
816 4478 876 4532 lu
913 4481 1014 4532 hoc
1059 4476 1266 4550 [porro]
1301 4478 1440 4534 libro
1501 4482 1856 4550 quaestionem
1910 4481 2093 4548 addit,

477 4584 636 4630 cur.
685 4585 810 4625 cum
851 4571 1025 4624 multa
1071 4579 1258 4624 essent
1293 4571 1550 4624 animalia
1602 4573 1743 4627 inter
1779 4576 1976 4628 munda
2006 4588 2098 4627 nu-

497 4673 731 4728 merata,
775 4663 1019 4732 quinque
1068 4671 1277 4716 tantum
1324 4663 1630 4719 sacriﬁcate
1683 4665 1904 4731 fuerint,
1939 4677 1997 4721 et
2027 4667 2094 4720 ab

491 4754 740 4822 antiquis
772 4753 1022 4827 [Judteis]
1066 4755 1132 4810 ad
1165 4769 1279 4809 rem
1313 4755 1558 4810 divinant
1590 4759 1855 4824 adhibita,
1911 4759 2093 4813 hircus

497 4861 711 4913 nempe,
739 4857 793 4900 et
813 4847 978 4912 aries,
1003 4859 1059 4904 et
1092 4850 1208 4913 bos,
1239 4859 1419 4905 turtur
1439 4859 1496 4904 et
1517 4851 1762 4906 columba
1791 4851 1816 4904 ?
1842 4849 2095 4920 Respon-

492 4937 608 5003 det,
643 4939 866 5007 antiqua
895 4941 1126 5012 ﬁguram
1158 4961 1301 5007 esse,
1339 4954 1394 4998 e-t
1437 4944 1698 5014 pleraque
1743 4945 1809 4997 ad
1842 4945 2096 5014 mnigma-

500 5036 610 5080 tum
632 5029 1001 5097 cognitionem
1035 5033 1251 5090 referri.
1288 5036 1544 5103 Quinque
1565 5043 1746 5088 autem
1775 5049 1842 5088 ex
1875 5035 2094 5090 mundis

500 5119 795 5176 sacriﬁcari
826 5124 921 5190 ait,
955 5128 1101 5194 quod
1138 5143 1234 5198 per
1268 5129 1361 5181 illa
1389 5129 1626 5196 quinque
1656 5142 1845 5182 sensus
1873 5137 2093 5183 nostros

498 5211 612 5277 pari
640 5228 868 5270 numero
907 5217 1143 5272 voluerit
1177 5218 1454 5273 insinuare
1500 5239 1513 5273 :
1553 5218 1636 5273 his
1658 5219 1802 5273 enim
1829 5218 2088 5288 puriﬁca-

496 5312 585 5360 tos
619 5319 716 5362 seu
748 5312 980 5364 mundos
1013 5326 1113 5366 nos
1139 5311 1437 5382 adjungere
1461 5309 1643 5366 Verbo
1666 5311 1780 5365 vult
1811 5311 2088 5379 legislator

495 5402 554 5448 et
600 5396 868 5453 decernit.
928 5399 1108 5470 Atque
1154 5400 1268 5456 haec
1321 5402 1537 5472 quidem
1590 5403 1702 5475 [ex
1744 5403 2089 5459 orationibus

493 5481 1016 5562 Eulogiil'excerpta
1053 5502 1203 5549 sunt.

571 5593 598 5624 ο
634 5583 772 5641 Gen.
807 5602 953 5656 xux,
983 5588 1074 5643 29.
1165 5589 1184 5628 ί
1223 5589 1380 5647 Deut.
1404 5607 1578 5660 χχιιι,
1610 5592 1702 5658 49,
1738 5593 1828 5648 50.

2198 4215 2441 4286 διαμένει
2467 4216 2634 4286 φῦλον
2660 4217 2730 4281 (οἱ
2763 4220 2874 4289 γὰρ
2898 4219 3163 4290 Δοσθηνοὶ
3178 4222 3247 4275 τὰ
3271 4221 3368 4292 μὲν
3392 4219 3573 4274 εἴδωλα
3586 4214 3732 4283 δαίμο⁶

2206 4323 2304 4371 νας
2327 4307 2532 4378 ἔλεγον,
2546 4309 2674 4364 ἄλλο
2688 4310 2746 4365 δέ
2764 4330 2818 4366 τι
2840 4313 3118 4384 δαιμόνιον
3138 4313 3306 4383 φῦλον
3325 4316 3422 4367 οὐκ
3446 4305 3732 4382 ἐγίνωσκον),

2216 4401 2300 4465 εἰς
2353 4401 2556 4472 πολλὴν
2591 4402 2754 4458 αὐτὸν
2803 4403 2992 4459 ἐλάσαι
3029 4406 3456 4476 φρενοϐλάϐειαν
3483 4397 3732 4473 διήλεγξεν.

2286 4489 2375 4544 Ἐν
2421 4492 2598 4564 τούτῳ
2643 4494 2721 4565 τῷ
2783 4495 2975 4568 βιϐλίῳ
3021 4498 3260 4570 ἀπορίαν
3311 4497 3528 4566 προθεὶς
3579 4492 3636 4555 ⁸⁸,
3674 4489 3732 4539 ὅτι

2202 4581 2416 4637 πολλῶν
2472 4583 2642 4637 ὄντων
2696 4584 2851 4649 ζώων
2895 4587 2932 4641 ἀ
2983 4589 3085 4658 τῆς
3123 4588 3234 4642 τῶν
3288 4586 3535 4658 καθαρῶν
3573 4579 3733 4649 ἐτάχθη

2207 4673 2446 4743 μερίδος.
2492 4675 2580 4728 διὰ
2632 4675 2684 4728 τί
2734 4677 2896 4730 πέντε
2951 4679 3087 4749 μόνα
3135 4679 3480 4744 ὲθυσιάζοντο
3513 4676 3613 4736 τοῖς
3653 4685 3734 4722 πα-

2197 4765 2369 4829 λαιοῖς
2393 4768 2488 4820 καὶ
2531 4769 2931 4837 ίερουργοῦντο,
2976 4772 3181 4841 τράγος
3213 4774 3307 4826 καὶ
3334 4770 3483 4843 κριὸς
3509 4767 3595 4821 καὶ
3615 4759 3730 4834 βοῦς,

2196 4857 2417 4928 τρυγὼν
2451 4859 2546 4911 καὶ
2578 4863 2885 4931 περιστερά
2917 4878 2930 4927 ;
2979 4865 3086 4916 Καὶ
3142 4864 3440 4929 ὲπιλύεται,
3485 4859 3636 4912 τύπον
3656 4850 3731 4923 μὲν

2197 4946 2340 5002 εῖναι
2371 4949 2549 5018 λέγων
2585 4951 2657 5004 τὰ
2685 4952 2911 5020 παλαιὰ,
2951 4956 3044 5008 καὶ
3089 4955 3159 5009 τὰ
3190 4955 3358 5009 πλείω
3409 4955 3483 5016 είς
3520 4941 3729 5014 αἰνιγμὰ-

2193 5059 2302 5095 των
2347 5043 2722 5116 ἀναφέρεσθαι
2763 5047 3019 5120 θεωρίαν,
3086 5049 3248 5103 πέντε
3301 5050 3357 5102 δὲ
3408 5049 3470 5100 ἐκ
3518 5041 3615 5095 τῶν
3656 5051 3730 5089 κα·

2195 5133 2386 5206 ϐαρῶν
2461 5138 2903 5209 ἱερουργείσθαι,
2939 5141 3033 5193 ἆτε
3085 5141 3150 5212 δὴ
3207 5142 3301 5196 καὶ
3360 5140 3453 5201 τὰς
3499 5129 3726 5204 ἡμετέρας

2195 5227 2480 5298 αἰσθήσεις
2513 5228 2607 5282 τὸν
2635 5230 2750 5283 ἴσον
2789 5231 3023 5303 ἀριθμὺν
3055 5233 3483 5302 ὑποϐαλλόμενος
3517 5227 3558 5259 ⁸9
3583 5239 3595 5254 ·
3622 5215 3726 5272 ταὺ-

2195 5333 2296 5381 mc
2353 5320 2462 5390 γὰρ
2512 5323 2664 5392 ἡμᾶς
2710 5325 3127 5396 κεκαθαρμὲνας
3174 5315 3577 5397 «maxumo
3600 5309 3722 5374 Λόγῳ

2195 5411 2483 5481 νομοθετεῖ
2529 5433 2590 5468 τε
2619 5417 2712 5469 καὶ
2761 5417 3014 5487 βούλεται
3065 5422 3093 5474 ὁ
3137 5418 3446 5492 νομοθέτης.
3494 5404 3631 5463 Ἀλλά
3669 5397 3720 5451 τά

2201 5502 2302 5572 μὲν
2327 5506 2428 5577 τῆς
2461 5508 2696 5581 ἐκλογῆς
2724 5511 2782 5564 ἐν
2808 5511 3043 5576 τούτοις.

1770 5685 2038 5747 ινΑΒΙΑΞ
2081 5686 2496 5744 LECTIONES.

569 5766 613 5800 ⁸¹
637 5767 905 5839 δεσπότης
944 5789 1052 5828 om.
1087 5773 1146 5828 Β.
1226 5776 1269 5806 ⁸³
1305 5777 1494 5832 Ναϐἀτ
1523 5782 1582 5835 Β.

1696 5782 1743 5810 ⁸³
1767 5782 1886 5832 εύσε
1898 5780 2008 5842 ϐὡς
2037 5783 2103 5835 Λ.

504 5833 788 5925 ῗ-τῗύξων
815 5833 916 5925 τήν
947 5840 1114 5910 φύσιν
1143 5845 1204 5910 Β,
1246 5845 1434 5903 τοῦτον
1468 5849 1633 5919 φύσιν
1676 5851 1718 5907 (ἆ
1750 5862 1804 5905 et
1835 5866 1916 5920 pr.
1945 5833 2010 5903 Αἰ
2087 5852 2132 5884 ⁸⁸
2169 5853 2438 5925 προσθείς
2471 5872 2531 5918 ς·

506 5901 976 5979 ὑποϐαλλομέναςξ

2696 5785 2740 5817 ⁸⁵
2769 5786 3059 5854 ἀποφαίνει
3088 5789 3152 5843 Α.
3237 5788 3282 5820 ⁸⁸
3320 5783 3412 5854 μέν
3436 5779 3522 5854 Α]

2219 5784 2264 5814 8⁴δ
2294 5784 2509 5821 κνηλ-Ἰες-

2294 5784 2589 5839 διαλύεται.
2696 5785 2740 5817 ⁸⁵
2769 5786 3059 5854 ἀποφαίνει
3088 5789 3152 5843 Α.
3237 5788 3282 5820 ⁸⁸
3320 5784 3412 5854 μέν
3436 5784 3476 5836 Α
3510 5792 3522 5826 :
3559 5784 3636 5824 ἐπι
3662 5784 3703 5824 ςι

2294 5853 2438 5918 τθείς
2471 5872 2531 5918 ς.
2631 5855 2675 5888 ⁸⁹
2712 5856 3173 5933 ὑποϐαλλόμενος]
3213 5858 3432 5915 fortasse
3477 5837 3703 5915 legendum
