3954 6436
188 398 337 464 1089

905 504 1073 559 ΣΛΑ’.

220 597 574 666 Σωφρονίου
610 594 1045 664 Ἱεροσολύμων
1061 592 1356 660 ova-061x91
1398 592 1741 659 Ἐπιστολή.

262 686 618 756 ’Λνεγνώσθη
653 685 964 757 Σωφρονίου
1012 685 1405 755 Ἰεροσολύμων
1438 685 1777 755 πατριάρχου

193 779 548 846 Συνοδιχὴ,
602 780 636 849 ἢ
697 778 979 846 ἀπεστάλη
1037 781 1093 828 ὲν
1158 776 1347 847 Ῥώμῃ
1411 777 1650 846 Ὀνωρίῳ
1702 776 1780 846 τῷ

184 874 399 941 ταύτης
457 874 774 942 ὲπάρχοντι.
826 870 975 939 Αὕτη
1025 871 1067 938 ἡκ
1101 869 1356 938 ἐπιστολὴ
1413 870 1627 939 πλήρης
1682 870 1781 939 μέν

188 967 341 1017 ἐστιν
392 964 710 1025 εὐσεϐείας,
767 962 1136 1031 ἐννεωτερίζει
1182 962 1237 1015 δὲ
1282 960 1548 1030 πολλαχοῦ
1588 962 1633 993 ⁹⁰
1670 965 1783 1022 τοῖς

194 1059 429 1126 ῥήμασι,
480 1056 733 1127 καθάπερ
794 1074 877 1119 τις
927 1056 1104 1117 πῶλος
1141 1054 1612 1123 ὲπιγαυρούμενος
1669 1056 1782 1114 τοῖς

198 1148 565 1216 σκιρτήμασι.
621 1148 768 1215 Πλὴν
825 1149 927 1215 τήν
976 1163 1032 1198 τε
1091 1146 1370 1217 ὀρθόδοξον
1413 1147 1487 1208 ὡς
1548 1145 1782 1213 μάλιστα

201 1238 425 1306 γνώμην
481 1236 783 1303 ὲξακριϐοῖ,
844 1239 939 1291 καὶ
996 1238 1103 1290 τῶν
1158 1239 1318 1309 ἱερῶν
1374 1238 1659 1308 δογμάτων
1719 1237 1782 1289 οὐ

204 1328 308 1397 τὴν
336 1327 600 1396 τυχοῦσαν
648 1328 887 1397 μάθησιν
928 1330 1317 1381 ἐπιδείκνυται.
1372 1329 1462 1380 Ἐν
1497 1329 1670 1402 ταύτῃ
1713 1330 1787 1399 τῇ

206 1418 459 1487 ἐπιστολῇ
514 1419 769 1485 εὑρήσεις
826 1422 920 1472 καὶ
975 1421 1197 1488 Μάγνον
1258 1421 1363 1473 σὺν
1419 1420 1781 1491 Ἀπολιναρίῳ

203 1508 754 1578 άναθεματιζόμενον,
806 1511 902 1563 καὶ
929 1511 1277 1583 Θεοδώρητον
1304 1512 1404 1581 τῆς
1449 1511 1779 1578 Ἐκκλησίας

202 1602 310 1653 οὐκ
340 1602 880 1672 ὰποκηρυττόμενον,
920 1606 968 1656 εἰ
1007 1604 1100 1656 καὶ
1132 1606 1191 1657 ὲν
1222 1597 1304 1666 οἷς
1338 1604 1613 1673 Κυρίλλου
1645 1621 1781 1657 κατι

194 1694 503 1763 εψηφίσατο
560 1695 622 1747 τὸ
661 1696 924 1766 ἀδόκιμον
973 1697 1068 1750 καὶ
1123 1696 1371 1767 μεμπτὸν
1408 1698 1780 1765 ἀπηνέγκατο.

206 1782 378 1835 Ἀλλά
427 1784 521 1835 καὶ
556 1783 631 1846 ώς
685 1784 843 1847 ἄλλος
899 1787 998 1855 μέν
1056 1788 1203 1839 ἐστιν
1259 1787 1543 1856 Ὠριγένης
1589 1787 1617 1838 6
1674 1803 1782 1840 πα·

1184 396 1712 457 BIBLIOTHECA.
1741 417 1811 428 -
1831 391 1996 451 COD.
2034 390 2337 451 CCXXXI.

1803 510 1852 565 Δ

2510 494 2809 564 meum.

1998 588 2283 657 prhronii
2316 585 2743 657 Hierosolymita:
2780 587 3038 658 synodica
3071 587 3341 658 Epistula.

1954 679 2081 750 Legi
2119 678 2416 747 Epistolam
2460 679 2775 748 'synodicam
2802 680 3098 748 Sepltronii
3144 682 3472 750 patriarchas

1883 772 2380 841 llierosolymitani,
2427 770 2664 825 llonorio
2698 770 2945 825 Romano
2978 773 3291 841 imperatori
3333 776 3466 827 mis-

1879 884 2019 923 sam.
2068 866 2195 920 llaec
2235 866 2459 933 epistola
2491 867 2646 935 plena
2686 878 2768 919 est
2802 867 3023 935 pietate,
3072 869 3231 921 novis
3269 870 3469 937 passim

1882 957 2084 1022 verbis,
2137 966 2194 1009 ut
2232 958 2354 1025 equi
2400 957 2578 1026 pullus
2622 956 2848 1010 saltibus
2888 957 3149 1025 gaudens,
3186 958 3290 1011 nisi
3324 942 3469 1027 quod

1884 1058 2088 1104 rectam
2121 1049 2428 1117 opinionem
2454 1048 2743 1117 diligenter
2775 1051 3069 1112 examinet,
3103 1061 3158 1102 et
3187 1065 3470 1105 sacrorum

1883 1146 2195 1211 dogmatum
2227 1155 2330 1193 non
2354 1139 2634 1193 fortuitam
2663 1154 2783 1193 esse
2811 1140 3175 1208 cognitionem
3202 1142 3471 1199 ostendat.

1884 1232 1943 1287 ln
1977 1234 2077 1287 hac
2113 1229 2341 1298 epistola
2385 1231 2631 1284 imenias
2661 1229 2909 1299 Magnum
2964 1246 3085 1283 cum
3133 1230 3472 1298 Apollinario

1884 1322 2412 1379 excommunicatum
2458 1333 2512 1375 et
2564 1321 2605 1374 Τ
2613 1323 2961 1375 heodoretum
2995 1322 3063 1375 ab
3101 1322 3472 1377 Ecclesianon

1888 1416 2207 1476 abmissum,
2245 1414 2347 1467 etsi
2392 1412 2482 1466 ubi
2527 1412 2783 1482 Cyrillum
2824 1413 3122 1478 damnavit,
3167 1428 3390 1483 pravum
3419 1424 3477 1468 et

1887 1507 2083 1562 malum
2146 1506 2468 1562 asseruerit.
2525 1504 2629 1559 Sed
2661 1515 2715 1558 et
2748 1505 2888 1573 quod
2930 1505 3067 1558 alius
3102 1506 3171 1559 sit
3213 1505 3475 1575 Origenes

1888 1604 2170 1670 antiquus,
2204 1600 2344 1653 alius
2376 1599 2465 1668 qui
2502 1606 2619 1667 post
2651 1598 2801 1650 illum
2833 1608 3056 1652 vocatus
3090 1598 3472 1662 Adamantius,

1887 1693 2137 1761 quodque
2179 1706 2303 1745 cum
2352 1690 2472 1744 aliis
2501 1690 2771 1744 haereticis
2799 1690 3191 1744 condemnetur
3235 1688 3473 1745 Jacobns

1891 1784 2085 1855 Syrus,
2122 1798 2150 1837 a
2191 1799 2297 1851 quo
2328 1783 2707 1837 ltmreticoruttt
2747 1784 3146 1851 Acepltalorum
3187 1793 3334 1837 secta
3379 1800 3475 1837 no-

188 1871 373 1937 λαιὺς,
423 1875 611 1944 ἕτερος
654 1875 711 1927 δὲ
762 1878 789 1928 ὁ
847 1878 965 1946 μετ’
1014 1878 1244 1938 ἐκεῖνον,
1302 1879 1341 1930 ὁ·
1376 1877 1421 1909 θί
1466 1876 1782 1947 ἐπικληθεὶς

1891 1893 2008 1929 men
2058 1876 2241 1929 traxit.
2272 1875 2441 1943 Rogat
2472 1885 2650 1928 autem
2680 1877 2793 1928 haec
2816 1875 3065 1943 epistola,
3100 1876 3144 1929 si
3183 1875 3310 1943 quid
3339 1891 3477 1944 prae-

216 1967 582 2035 Ἀδαμάντιος
618 1985 629 1997 ·
676 1969 769 2022 καὶ
820 1968 895 2031 ὡς
937 1972 1049 2033 τοῖς
1106 1970 1287 2032 ἄλλοις
1333 1970 1627 2040 αἱρετικοῖς
1658 1986 1786 2021 συν-

189 2058 659 2126 αναθεματίζεται
706 2062 734 2112 6
776 2059 945 2130 Σύρος
1001 2060 1276 2123 Ἰάκωϐος,
1324 2060 1449 2132 [469
1488 2061 1582 2131 Η.]
1619 2060 1676 2125 te
1724 2051 1785 2111 οὗ

188 2150 299 2219 τὴν
356 2150 675 2217 ἐπωνυμίαν
732 2153 793 2203 τὸ
841 2151 949 2205 τῶν
997 2152 1307 2220 ’Λκεφάλων
1354 2152 1648 2223 αἰρετικῶν
1678 2152 1787 2204 εἴλ-

190 2258 337 2292 κυσε
377 2239 659 2311 σύστημα.
712 2244 958 2295 Αίτείται
991 2242 1049 2295 δὲ
1085 2244 1118 2313 ή
1154 2243 1436 2312 ἐπιστολὴ,
1488 2243 1583 2296 καὶ
1624 2244 1675 2296 εί
1733 2259 1788 2294 τι

190 2329 478 2401 παρώφθη
537 2332 644 2383 τῶν
700 2333 1025 2398 ὀφειλόντων
1082 2332 1347 2405 ῥηθῆναι,
1405 2333 1495 2385 τὸν
1568 2334 1788 2405 Ῥώμης

202 2421 472 2492 Ὀνώριον
529 2423 657 2496 [889
700 2423 793 2495 Κ]
832 2422 928 2477 οἷα
980 2425 1044 2496 δὴ
1094 2426 1190 2479 καὶ
1239 2426 1538 2497 δυνάμενον
1581 2427 1790 2497 ταύτης

1891 1969 2200 2023 termissum
2228 1968 2300 2020 sit
2324 1969 2647 2035 eorumlqute
2677 1966 2782 2021 dici
2808 1968 3131 2033 debuerant,
3172 1967 3469 2022 llonorimu

1888 2057 2194 2113 Romanum
2213 2057 2617 2126 imperatorem,
2646 2065 2703 2108 ut
2741 2058 2833 2125 qui
2852 2067 3052 2125 posset,
3074 2073 3133 2112 ea
3153 2068 3207 2112 et
3231 2058 3477 2127 impleret

1902 2158 1958 2203 et
1985 2146 2637 2219 corrigeretJlabiturum
2661 2155 2839 2200 autem
2871 2163 2928 2201 se
2950 2163 3197 2218 magnam
3220 2152 3473 2216 gratiam,

1891 2239 1940 2293 si
1966 2249 2093 2293 voto
2135 2254 2239 2292 non
2287 2238 2589 2292 frustratus
2622 2235 2809 2301 fuerit,
2838 2246 2891 2290 et
2915 2254 3187 2306 nunquam
3228 2240 3473 2292 beneﬁcii

1892 2335 2262 2389 immemorem
2286 2332 2419 2387 fore.
2453 2332 2577 2386 llaac
2606 2343 2789 2387 autem
2825 2334 2873 2386 in
2902 2334 3000 2387 hac
3029 2333 3291 2390 Oratione
3312 2350 3478 2405 syno-

1898 2429 2014 2482 dica
2045 2429 2216 2483 sancti
2255 2425 2547 2491 Sopltronii
2609 2425 2835 2495 epistola
2869 2428 3051 2480 tradit.

186 2520 535 2591 ποιήσασθαι
558 2521 655 2574 καὶ⁵
677 2521 776 2591 τὴν
802 2521 1087 2592 διόρθωσιν
1122 2523 1217 2575 καὶ
1250 2522 1347 2592 τὴν
1366 2524 1787 2595 ἀναπλήρωσιν·
1832 2524 2078 2595 μεγάλην
2148 2524 2195 2577 δ’
2248 2522 2314 2576 ἂν
2356 2522 2715 2592 ὁμολογήσειν
2762 2524 2861 2591 τὴν
2898 2521 3078 2592 χάριν,
3132 2525 3180 2574 εί
3244 2521 3318 2593 μὴ
3362 2522 3477 2575 δια-

187 2611 402 2681 μάρτοι
445 2610 545 2681 τῆς
598 2614 889 2681 αἰτήσεως,
934 2614 1027 2667 καὶ
1083 2614 1353 2683 μηδέποτε
1430 2615 1666 2683 φανῆναι
1715 2615 1817 2686 τῆς
1891 2618 2213 2688 εὐεργεσίας
2270 2613 2588 2685 ἀγνώμονα.

2672 2614 2834 2667 Ἀλλὰ
2882 2613 3059 2667 ταῦτα
3123 2614 3222 2685 μὲν
3284 2616 3343 2667 ὲν
3397 2614 3476 2685 τῷ

188 2704 398 2774 βιϐλίῳ
439 2704 620 2772 ἔλεγεν
651 2706 682 2775 ἡ
727 2705 977 2776 συνοδικὴ
1009 2706 1321 2778 Σωφρονίου
1344 2707 1438 2760 τοῦ
1472 2708 1781 2775 άγιωτάτου
1822 2709 2103 2779 ἐπιστολή.

272 2799 367 2851 Ἐν
404 2798 459 2851 δὲ
491 2799 569 2869 τῷ
599 2800 747 2869 αὐτῷ
779 2800 1117 2871 περιείχοντο
1146 2802 1327 2873 τεύχει
1357 2805 1583 2874 χρήσεις
1613 2806 1783 2873 ἁγίων

190 2890 299 2941 καὶ
334 2888 607 2959 διαφόρων
640 2891 922 2961 Πατέρων,
962 2890 1069 2943 τῶν
1107 2910 1167 2945 τε
1203 2896 1648 2965 προγενεστέρων
1685 2899 1785 2967 τῆς
1824 2927 1833 2937 -

190 2980 469 3050 τετάρτης
505 2982 722 3035 συνόδου
756 2985 849 3036 καὶ
890 2984 999 3036 τῶν
1045 2987 1164 3037 κατ’
1210 2986 1376 3058 αὐτὴν
1416 2988 1784 3059 ἀκμασάντων

196 3074 297 3124 καὶ
353 3072 459 3125 τῶν
508 3075 587 3128 ἔτι
647 3077 1147 3146 μεταγενεστέρων.
1189 3079 1253 3130 Ai
1302 3078 1357 3131 δὲ
1414 3081 1638 3150 χρήσεις
1687 3081 1785 3151 τὴν

193 3166 400 3237 διπλῆν
469 3168 754 3236 ἐνέργειαν
828 3172 920 3222 ἐπὶ
980 3171 1218 3241 Χριστοῦ
1280 3171 1377 3224 τοῦ
1430 3172 1567 3226 Θεοῦ
1623 3175 1783 3244 ἡμῶν

1956 2805 2012 2859 lu
2041 2805 2144 2860 ltoc
2175 2805 2450 2860 volumine
2473 2804 2889 2859 continebantur
2921 2804 3229 2859 testimonia
3256 2817 3477 2861 sancto-

1893 2914 2012 2951 rum
2034 2898 2304 2951 variorum
2332 2896 2575 2957 Patrum.
2629 2895 2721 2965 qui
2755 2906 2881 2951 ante
2936 2908 3185 2966 quartam
3210 2901 3474 2969 synodum

1885 2988 2126 3051 fuerunt,
2182 2998 2235 3042 et
2269 2989 2358 3057 qui
2391 2997 2512 3058 post
2559 2988 2702 3042 illam
2754 2987 3078 3054 ﬂoruerunt,
3131 3000 3325 3059 etpost
3361 2991 3474 3045 nati

1886 3089 2029 3136 sunt.
2048 3079 2176 3146 Quae
2205 3080 2515 3134 testimonia
2542 3079 2809 3148 duplicem
2847 3080 2898 3133 in
2924 3080 3138 3135 Christo
3162 3081 3270 3135 Deo
3290 3091 3477 3137 nostro

1889 3173 2255 3243 operationem
2286 3172 2667 3238 przedicarunt,
2696 3187 2928 3241 quarum
2961 3173 3231 3244 principes
3256 3184 3314 3229 et
3337 3190 3475 3241 pra:-

193 3259 612 3328 ὸ.νεκήρυττον,
677 3255 751 3314 ὧν
812 3262 1048 3332 πατέρες
1106 3266 1202 3317 καὶ
1256 3266 1583 3335 γεννήτορες
1640 3263 1782 3337 ἦσαν

1894 3266 2034 3331 cipui
2056 3274 2231 3329 erant,
2250 3263 2359 3318 Leo
2377 3264 2579 3317 veteris
2598 3263 2779 3319 Romae
2802 3264 3068 3333 pontifex,
3090 3276 3143 3319 et
3165 3274 3356 3335 quarta
3388 3267 3475 3321 illa

192 3350 358 3402 Λέων
407 3368 467 3402 τε
519 3352 547 3402 ὁ
596 3353 693 3421 τῆς
757 3354 1135 3424 πρεσϐυτέρας
1192 3354 1409 3425 Ῥώμης
1454 3358 1785 3427 ἀρχιερεὺς,

194 3442 303 3493 καὶ
318 3441 506 3511 αὐτὴή
529 3444 761 3513 τετάρτη
784 3446 876 3497 καὶ
892 3446 1246 3517 οἱκουμενικὴ
1272 3448 1404 3514 ἁγία
1427 3447 1661 3512 σύνοδος,
1682 3451 1788 3503 Πέ-

190 3551 225 3586 τ
236 3552 333 3604 ρος
364 3553 422 3587 τε
445 3536 473 3586 6
494 3538 696 3606 Μύρων
714 3538 1006 3602 ὁσιώτατος
1039 3540 1355 3604 ἐπίσκοπος,
1385 3542 1479 3593 καὶ
1509 3543 1787 3606 Γεννάδιος

191 3629 228 3679 6
251 3628 905 3694 Κωνσταντινουπόλεως,
934 3631 1028 3683 καὶ
1050 3634 1077 3685 6
1106 3632 1204 3701 τῆς
1221 3634 1468 3704 Φωτικῆς
1490 3636 1788 3697 ἐπίσκοπος

188 3718 375 3788 ὄνομα
410 3720 680 3789 Διάδοχος,
718 3721 815 3774 καὶ
848 3722 1167 3793 Ἐφραίμιος
1183 3724 1227 3754 "
1271 3727 1298 3777 6
1326 3724 1423 3793 τῆς
1459 3725 1788 3795 Ἀντιοχείας

192 3811 518 3880 ἀρχιερεὺς,
554 3810 611 3874 ὃς
658 3814 753 3866 καὶ
799 3816 938 3865 κατὰ
972 3814 1079 3867 τῶν
1114 3816 1423 3883 Ἀκεφάλων
1469 3817 1528 3869 ἐν
1573 3816 1787 3878 πολλοῖς

202 3903 554 3972 συντάγμασι
586 3906 850 3971 γενναίως
878 3905 1183 3975 ὴνδρίσατο,
1219 3908 1312 3958 καὶ
1333 3907 1606 3971 Διονύσιος
1629 3910 1657 3961 ό
1686 3925 1786 3960 πο-

196 3990 298 4052 λὺς
342 3991 443 4059 μὲν
490 3991 585 4061 τὴν
631 3992 904 4060 γλῶσσαν,
941 3994 1141 4048 πλείων
1170 3995 1228 4049 δὲ
1257 3997 1302 4028 ⁸³
1331 3999 1430 4064 τὴν
1479 3996 1731 4068 θεωρίαν,
1758 4000 1786 4051 ὁ

194 4081 456 4155 μαθητὴς
495 4082 709 4137 Παύλου
757 4086 851 4139 καὶ
895 4084 986 4138 τοῦ
1018 4086 1255 4156 Χριστοῦ
1286 4088 1494 4157 μάρτυς
1537 4089 1633 4141 καὶ
1675 4088 1785 4141 τῶν

201 4172 456 4243 Ἀθηνῶν
474 4174 520 4205 ³⁸
543 4174 863 4241 ἐπίσκοπος,
894 4178 986 4231 καὶ
1018 4176 1296 4241 Ἰουστῐνος
1346 4180 1376 4232 6
1429 4183 1787 4250 μαρτυρικοῖς

185 4266 399 4336 αἵμασι
448 4265 754 4334 βεϐαιώσας
796 4269 859 4322 τὸ
902 4269 1223 4340 φιλόσοφον,
1271 4271 1368 4324 καὶ
1411 4273 1440 4324 6
1488 4270 1787 4333 πολύαθλος

202 4358 619 4428 Ἀλεξανδρείας
655 4360 992 4427 Ἀθανάσιος,
1024 4364 1062 4415 Γ
1068 4363 1409 4434 ρηγόριόςτε
1432 4364 1579 4435 ὁτῆς
1602 4363 1784 4417 θεολο-

187 4448 327 4514 γίας
367 4450 749 4516 μυσταγωγὸς,
784 4452 878 4505 καὶ
911 4455 1008 4522 τῆς
1041 4453 1369 4522 Ἐκκλησίας
1400 4454 1430 4507 6
1454 4454 1657 4522 κόσμος
1679 4453 1785 4506 Βα-

192 4539 434 4602 σίλειος,
467 4540 561 4592 καὶ
586 4542 614 4591 ὁ
646 4542 888 4612 ποταμὸς
921 4544 1029 4596 τῶν
1060 4544 1233 4612 λόγων
1258 4544 1539 4614 όνΝύσσης
1577 4543 1786 4614 Γρηκγό-

1892 3357 2091 3426 287a
2110 3356 2445 3410 mcumenica
2471 3356 2729 3424 synodus,
2757 3354 2950 3409 Petrus
2968 3359 3343 3413 sanctissimus
3357 3358 3403 3411 Μ
3412 3374 3477 3429 y-

1901 3463 2081 3500 rorum
2141 3448 2453 3515 episcopus,
2517 3443 2827 3500 Gennadius
2865 3446 3378 3516 Constantinopolis,
3421 3461 3477 3505 et

1890 3539 2127 3593 Photicar
2140 3538 2427 3607 episcopus
2449 3536 2666 3592 nomine
2684 3537 3008 3604 Diadochus,
3031 3548 3084 3592 et
3101 3538 3475 3608 Euphraamins

1891 3631 2197 3687 Antiochiae
2246 3628 2464 3698 praesul,
2512 3627 2603 3696 qui
2655 3632 2816 3683 etiam
2857 3640 3046 3683 contra
3088 3632 3389 3700 Acepbalos
3418 3634 3471 3688 in

1892 3721 2073 3776 multis
2103 3721 2271 3786 libris
2301 3729 2521 3773 strenue
2566 3720 2811 3775 certavit.
2870 3719 2936 3773 Et
2981 3720 3265 3791 Dionysius
3289 3726 3476 3795 copio-

1893 3829 1985 3867 sus
2028 3813 2245 3881 quidem
2293 3811 2495 3873 Verbis,
2543 3812 2814 3879 copiosior
2860 3822 3038 3865 tamen
3083 3816 3472 3885 speculatione,

1893 3902 2192 3970 discipulus
2246 3900 2419 3954 sancti
2457 3899 2634 3965 Pauli,
2667 3900 2869 3955 Christi
2902 3914 3133 3973 martyr,
3170 3907 3472 3961 Athenien-

1890 3996 2029 4051 sium
2067 3993 2389 4062 episc0pus;
2422 4002 2478 4046 et
2507 3990 2753 4047 Justinus
2784 3994 3029 4064 martyrii
3056 3997 3319 4065 sanguine
3351 4000 3471 4067 phi-

1889 4086 2194 4157 losophiam
2264 4084 2599 4139 conﬁrmans
2652 4101 2667 4149 ;
2718 4094 2774 4137 et
2825 4093 3080 4140 strenuus
3140 4087 3473 4145 Athanasius

1888 4176 2227 4233 Alexandriae
2265 4174 2495 4245 prtesul;
2550 4186 2605 4229 et
2646 4173 2961 4243 Gregorius,
2988 4177 3266 4249 theologia!
3317 4196 3473 4235 arca-

1890 4288 2016 4327 num
2036 4286 2172 4335 vas;
2199 4281 2251 4325 et
2286 4271 2450 4323 decus
2490 4269 2766 4333 Ecclesiae,
2798 4270 3029 4326 Basilius
3062 4289 3077 4338 ;
3107 4283 3161 4325 et
3182 4274 3471 4329 verborum

1888 4361 2089 4417 ﬂumen
2141 4360 2418 4432 Nyssenus
2451 4377 2467 4427 ;
2495 4371 2550 4415 et
2582 4362 2737 4416 fortis
2764 4362 2962 4416 athleta
3011 4363 3244 4433 Cyrillus
3272 4381 3287 4429 ;
3324 4374 3378 4419 et
3416 4367 3469 4420 in

1891 4451 1989 4506 Dei
2014 4452 2283 4506 sententia
2306 4450 2478 4505 libere
2501 4451 2809 4507 conﬁtenda
2843 4453 3103 4508 infractus
3125 4457 3467 4524 Ambrosius,

1892 4542 2178 4598 Mediolani
2212 4542 2442 4598 antistes
2472 4560 2487 4608 ;
2519 4552 2574 4598 et
2600 4559 2793 4599 aureus
2815 4559 2910 4598 ore
2940 4555 2994 4598 et
3024 4546 3201 4616 lingua
3230 4547 3469 4605 Joannes

198 4648 343 4699 ριος,
377 4634 466 4684 καὶ
506 4636 535 4686 6
584 4636 879 4706 νικηφόρος
912 4636 1198 4706 Κύριλλος,
1235 4638 1329 4691 καὶ
1378 4640 1408 4691 6
1454 4638 1567 4707 τῆς,
1596 4637 1782 4691 ἐνθέου

1891 4634 2433 4702 ConstantinOpoleos
2483 4634 2767 4703 episcopus
2798 4651 2814 4702 ;
2846 4642 2903 4689 et
2926 4633 3254 4691 Severianus
3280 4638 3466 4693 Gaba-

196 4724 516 4793 παρρησίας
570 4725 805 4795 γνώμων
855 4727 1104 4798 ἀκίνητος
1130 4728 1232 4782 καὶ
1270 4731 1379 4798 τῆς,
1419 4729 1720 4792 εὐσεϐείας,
1750 4729 1780 4781 6

190 4814 543 4869 Μεδιολάνων
588 4817 931 4889 Ἀμϐρόσιος,
966 4822 1059 4873 καὶ
1087 4822 1115 4873 6
1144 4821 1381 4891 χρυσοῦς
1412 4821 1511 4891 τὴν
1532 4821 1780 4889 γλῶτταν

187 4907 293 4958 καὶ
324 4906 386 4957 τὸ
418 4908 597 4979 στόμα
631 4910 884 4980 Ἰωάννης
934 4912 963 4964 6
1011 4912 1637 4975 vao‘tavrtvouswlsw;
1661 4910 1781 4964 ἐπί-

189 5013 424 5061 σκοπος,
456 5000 549 5051 καὶ
579 4999 905 5070 Σεϐηριανδς
953 5003 981 5053 ὁ
1027 5001 1305 5064 Γαϐάλων,
1338 5002 1432 5055 καὶ
1461 5003 1489 5053 6
1519 5004 1577 5054 ἐν
1606 5001 1783 5068 ἁγίοις

185 5088 451 5150 Θεόδοτος
483 5090 788 5159 (Ἀγκύρας
820 5087 971 5154 οὗτος
1002 5094 1382 5162 ἐπεστάτησε),
1410 5093 1505 5145 καὶ
1529 5093 1783 5163 Ἰωάννης

181 5178 215 5228 6
250 5177 878 5243 Κωνσταντινουπόλεως
896 5221 912 5244 ,
939 5182 966 5233 6
1005 5182 1069 5233 ἐκ
1099 5182 1494 5245 Καππαδοκίας
1524 5182 1694 5236 ἓλκων
1719 5182 1781 5235 τὸ

182 5268 353 5336 γένος
378 5270 471 5321 καὶ
499 5269 559 5323 τὸ
592 5271 901 5341 ἐπώνυμον,
930 5271 1069 5343 ἀνὴρ
1100 5273 1301 5345 ἀρετῆς
1325 5274 1662 5344 οἰκητήριον,
1683 5276 1778 5327 καὶ
1828 5335 1839 5349 ι

179 5360 216 5412 6
278 5359 335 5410 ὲν
389 5360 874 5431 ἁγίοιςνΕὐλόγιος,
908 5363 936 5415 6
963 5364 1061 5433 τῆς
1096 5362 1498 5435 Ἀλεξανδρείας
1524 5365 1777 5435 άρχιεπί-

183 5472 424 5521 σκοπος,
454 5458 483 5510 ὁ
517 5457 731 5521 πολλοῖς
777 5461 956 5529 λόγοις
985 5460 1307 5515 καταϐαλὼν
1344 5460 1441 5531 τὴν
1484 5460 1591 5513 τῶν
1627 5462 1778 5514 Ἀκε-

182 5545 387 5618 φάλων
413 5548 753 5618 δυσσέϐειαν,
788 5552 880 5606 καὶ
914 5553 1164 5621 Ἰωάννης
1191 5553 1219 5603 6
1247 5554 1305 5605 ὲν
1341 5551 1517 5619 ἁγίοις
1557 5549 1782 5603 ἐπίσκο-

1884 4729 2058 4783 lorum
2100 4744 2116 4794 ;
2157 4736 2212 4781 et
2233 4735 2451 4783 sanctus
2471 4726 2802 4793 Theodotus,
2830 4728 2920 4795 qni
2953 4728 3178 4800 Ancyra:
3221 4732 3454 4801 praefuit;

1884 4828 1941 4873 et
1983 4815 2245 4879 Joannes,
2295 4815 2895 4884 Constantinopolitano
2935 4834 3134 4885 genere
3181 4828 3237 4875 et
3269 4837 3472 4893 cogno-
3558 4852 3563 4858 ι

1886 4907 2032 4962 mine
2057 4904 2365 4973 Cappadox,
2395 4904 2557 4959 homo
2584 4920 2713 4959 vere
2741 4907 2958 4961 virtutis
2998 4908 3330 4965 domicilium
3360 4930 3375 4977 ;
3414 4923 3471 4967 et

1887 5000 2082 5054 beatus
2113 4996 2393 5066 Eulogius,
2434 4997 2717 5066 episcOpus
2746 4998 3110 5065 Alexandriae,
3152 5002 3243 5069 qui
3283 5002 3471 5058 multis

1888 5091 2069 5145 verbis
2096 5088 2494 5155 Acephalorum
2523 5089 2848 5143 sententiam
2886 5090 3080 5146 refellit
3108 5110 3123 5159 ;
3155 5103 3211 5149 et
3230 5091 3469 5150 Joannes

1887 5179 2116 5235 antistes
2153 5176 2657 5247 Scythopolitanns,
2692 5178 2782 5247 qui
2823 5178 2981 5233 docte
3010 5191 3064 5234 et
3084 5181 3169 5251 pie
3191 5182 3258 5235 de
3299 5196 3469 5252 syno-

1883 5272 1953 5328 do
1981 5269 2408 5327 Chalcedonensi
2427 5272 2644 5341 scripsit
2672 5287 2691 5337 ;
2720 5284 2778 5327 et
2805 5271 3159 5328 lleraclianus
3179 5275 3469 5343 episcopus

1881 5363 2359 5428 Chalcedonensis,
2392 5364 2633 5432 quicum
2666 5365 2977 5421 Mauicbtcis
3022 5366 3314 5419 maximum
3342 5382 3466 5421 cer-

1887 5466 2068 5511 tamen
2126 5454 2291 5521 iniit;
2325 5463 2379 5511 et
2403 5453 2664 5511 Leontius
2701 5456 2999 5512 solitariam
3026 5467 3079 5512 et
3106 5460 3461 5513 monasticam

1891 5549 2056 5603 vitam
2088 5547 2333 5614 ducens;
2365 5555 2421 5602 et
2448 5546 2641 5603 beatus
2664 5548 2986 5605 Anastasius
3012 5546 3461 5617 TheOpolitanus,

1464 5668 1691 5724 vanus
1737 5664 2142 5739 LECTIONES.

269 5760 317 5836 ξο
351 5758 618 5834 πολλαχοῦ
673 5767 717 5820 A
748 5784 760 5821 ;
798 5766 1070 5836 πανταχοῦ
1116 5783 1175 5830 ς.
1250 5767 1293 5799 ³⁸
1325 5768 1353 5819 6
1380 5775 1507 5823 ante
1539 5765 1855 5836 ἐπικληθείς
1888 5778 1999 5821 om.
2034 5765 2101 5817 Α.
2178 5762 2223 5793 ’³
2255 5756 2593 5829 Εὐφραίμιος
2624 5774 2682 5822 ς.
2760 5757 2811 5791 ’³
2840 5755 3021 5810 πλεῖον
3053 5771 3113 5818 ς.

190 5828 369 5883 ναίων
405 5846 467 5896 ς.

3207 5754 3257 5790 οι
3294 5755 3460 5828 Ἀθη-
