3954 6428
482 359 502 420 l
515 358 619 423 θοι

1562 364 1792 426 ΡΗΟΤΙ
1802 365 1827 424 Ι
1867 365 2381 429 ΡΑΤΒΙΑΒΟΗιΕ
2408 365 2519 430 CP.

3626 371 3764 439 1092

476 482 533 525 et
567 470 894 541 Symeouius
923 473 1220 530 monachus
1250 485 1305 530 ct
1329 475 1635 548 presbyter.
1669 479 2061 535 Testimonium

2168 496 2269 546 πος
2292 481 2699 547 Σκυθοπόλεως,
2728 482 2787 547 ὃς
2808 483 2902 536 καὶ
2931 482 3074 556 ὑπὲρ
3090 483 3191 556 τῆς
3218 483 3278 541 ἐν
3307 485 3616 559 Καλχηδόνι
3640 505 3765 542 συν.

472 578 602 617 vero
652 565 797 634 quod
856 576 1105 621 sanctum
1160 570 1411 639 agnoscit
1442 586 1509 626 ex
1552 574 1785 640 epistola
1829 573 1946 641 ejus
1994 575 2064 629 ad

471 654 840 710 Iustinianum
869 658 1282 727 imperatorem,
1308 676 1428 730 quas
1458 662 1620 716 etiam
1638 672 1831 718 contra
1865 663 2060 720 Nesto-

476 749 660 801 rianos
692 759 749 802 et
774 748 1140 820 Eutychianos
1167 752 1516 823 digladiatur,
1550 754 1929 825 depromptum
1954 765 2060 811 est.

473 841 588 905 Ipse
624 853 751 892 vero
798 837 1142 898 Justinianus
1176 845 1299 913 pius
1346 844 1643 915 imperator
1673 847 1727 901 in
1762 848 1827 903 iis
1854 864 1972 918 qua}
1994 850 2062 903 ad

471 930 679 983 Zoilum
734 933 1104 1000 patriarcltam
1148 937 1580 992 Alexandrinum
1619 941 1863 1009 scripsit,
1924 941 2064 995 hanc

468 1023 753 1090 epistolam
815 1023 1143 1081 Thesaurum
1194 1029 1537 1095 nominavit,
1595 1033 1759 1086 etiam
1816 1032 2062 1103 profecto

466 1113 861 1170 Constantinus
888 1118 1109 1187 quidam
1140 1119 1405 1190 dignitate
1441 1123 1735 1191 qumstOi-ia
1760 1124 1908 1194 (nam
1947 1129 2064 1197 ipse

467 1222 688 1276 quoque
725 1219 917 1264 contra
961 1213 1185 1281 impium
1215 1214 1584 1271 Theodosium
1624 1220 1889 1291 scripsit),
1920 1222 2062 1288 unde

469 1300 781 1356 tesﬁmonia
817 1302 884 1357 de
930 1304 1142 1361 duabus
1182 1306 1233 1360 itt
1268 1306 1490 1363 Christo
1525 1313 1936 1380 operationibus
1961 1315 2060 1369 de-

466 1391 804 1447 scribuntur.
855 1394 936 1447 Atl
972 1395 1073 1450 hos
1096 1413 1286 1455 omnes
1313 1401 1521 1455 accedit
1554 1403 1885 1473 Theophilus
1923 1420 2061 1461 unus

464 1502 495 1537 ρ
553 1486 655 1554 piis
699 1496 755 1541 et
801 1488 997 1554 doctis,
1044 1492 1135 1561 qui
1206 1493 1510 1565 inscriptis
1547 1498 1664 1553 suis
1699 1513 1821 1552 cum
1857 1499 2061 1556 Severo

465 1575 760 1644 plurimum
820 1589 1047 1649 pugnat,
1092 1597 1258 1651 quem
1311 1585 1538 1641 odiosus
1588 1598 1646 1642 et
1686 1592 2060 1646 contentiosus

463 1669 733 1723 sectarius
797 1669 1079 1725 librarium
1140 1673 1258 1742 ipse
1328 1678 1598 1746 pessimus
1667 1681 1905 1752 scriptor
1964 1696 2060 1751 per

461 1758 847 1814 contumeliam
881 1762 1081 1833 2876
1140 1766 1409 1824 nominat.
1473 1768 1599 1826 Haec
1634 1774 1851 1843 quidem
1907 1775 2060 1830 testi-

2165 574 2287 627 όδου
2320 574 2501 643 σοφῶς
2534 592 2593 628 τε
2625 575 2721 629 καὶ
2753 574 3062 646 θεοφρόνως
3095 576 3419 646 ἐσπούδασε,
3459 579 3557 633 καὶ
3590 578 3765 651 Ἡρα-

2165 664 2473 728 κλειανὸς⁹⁵
2505 666 2534 718 6
2567 665 2913 735 Καλχηδόνος
2971 666 3291 732 ἐπίσκοπος,
3322 670 3351 722 6
3401 668 3571 722 πολὶν
3620 670 3765 723 κατὰ

2163 757 2274 810 τῶν
2324 756 2607 828 θεομάχων
2654 758 2977 829 Μανιχαίων
3018 760 3207 829 ἀγῶνα
3253 761 3552 832 βαλόμενος
3572 763 3641 827 ’⁸,
3672 765 3765 817 καὶ

2164 850 2411 915 Λεόντιος
2457 852 2486 904 6
2530 850 2629 921 τὴν
2674 851 2948 922 ἐρημικὴν
2995 852 3273 908 πολιτείαν
3303 856 3520 909 καὶτὸν
3558 856 3763 925 μονάδα

2166 942 2281 1012 βίον
2303 944 2580 1013 ἐλόμενος,
2599 944 2949 1010 Ἀναστάσιός
2976 963 3037 999 τε
3067 949 3095 1000 6
3121 950 3179 1002 ἐν
3207 949 3387 1017 ἁγίοις
3411 948 3766 1013 θεουπόλεως

2163 1037 2483 1101 ἐπίσκοπος,
2516 1040 2613 1091 καὶ
2658 1039 2971 1108 Συμεώνιος
3008 1041 3239 1112 μοναχδς
3267 1042 3362 1095 καὶ
3392 1044 3768 1113 πρεσϐύτερος

2164 1129 2221 1200 (ή
2250 1129 2307 1183 δὲ
2343 1128 2540 1200 χρῆσις
2564 1130 2598 1200 ή
2628 1129 2719 1182 τὸν
2742 1130 2887 1183 ὅσιον
2912 1130 3355 1199 ἐπιγινώσκουσα
3378 1133 3436 1198 ἐξ
3467 1134 3771 1202 ἐπιστολῆς

2164 1220 2316 1275 ἐστιν
2340 1221 2407 1291 ἢν
2439 1220 2577 1291 πρὸς
2612 1220 2705 1273 τὸν
2741 1220 3112 1275 Ἰουστινιανδν
3143 1221 3367 1292 βασιλέα
3393 1224 3765 1293 διεπέμψατο,

2161 1312 2196 1385 ἢ
2240 1314 2334 1367 καὶ
2379 1313 2522 1367 κατὰ
2552 1312 2935 1385 Νεστοριανῶν
2970 1330 3031 1367 τε
3065 1314 3163 1368 καὶ
3202 1312 3648 1385 Εὑτυχιανιστῶν
3677 1315 3769 1368 τὸν

2160 1406 2349 1474 ἀγῶνα
2405 1406 2553 1478 ἔχει*
2586 1406 2750 1470 αὐτός
2778 1424 2839 1459 τε
2874 1407 3250 1471 Ἰουστινιανὺς
3266 1406 3313 1440 ’⁷
3337 1410 3366 1461 6
3395 1407 3631 1479 εὐσεϐὴς
3665 1407 3763 1478 βα-

2163 1499 2365 1565 σιλεὺς,
2392 1501 2451 1553 ἐν
2473 1492 2557 1563 οἷς
2588 1499 2726 1571 πρὸς
2762 1500 2962 1554 Ζώῖλον
2993 1499 3200 1571 ἔγραψε
3230 1528 3299 1541 -
3324 1502 3679 1572 πατριάρχης
3711 1502 3766 1556 δ’

2173 1591 2587 1663 Ἀλεξανδρείας
2619 1586 2775 1657 οὗτος
2806 1588 2875 1665 ἦν
2892 1593 3077 1647 -καὶ
3102 1595 3203 1663 τὴν
3218 1592 3509 1665 ἐπιστολὴν
3538 1598 3766 1662 θησαυ-

2153 1682 2270 1752 ρὸν
2295 1683 2668 1754 ἐπωνόμασε),
2702 1684 2791 1737 ναὶ
2817 1683 2881 1754 δὴ
2908 1682 3004 1737 καὶ
3038 1684 3448 1747 Κωνσταντῖνός
3495 1702 3581 1749 τις
3601 1726 3621 1751 ,
3651 1686 3761 1738 τῶν

2161 1775 2521 1845 κυαιστὼρων
2547 1776 2730 1846 φέρων
2762 1775 2824 1828 τὸ
2858 1774 3111 1845 ἀξίωμα’
3140 1776 3237 1830 καὶ
3270 1775 3379 1845 γὰρ
3411 1771 3567 1840 οὗτος
3600 1776 3761 1845 λόγον

463 1858 644 1912 monia
676 1874 797 1929 qua:
831 1859 972 1916 liber
997 1864 1087 1918 hic
1116 1866 1434 1922 continebat
1458 1880 1488 1921 e
1516 1834 1722 1921 sanctis
1762 1866 1872 1921 illis
1905 1867 2057 1938 prius

2165 1865 2308 1920 κατὰ
2357 1834 2639 1920 Θέοδοσίού
2687 1866 2783 1920 τοῦ
2833 1834 3128 1932 δυσσεϐοῦς
3173 1868 3531 1935 ἐσπούδασεν,
3584 1870 3651 1935 ἐξ
3698 1866 3760 1926 οὗ

463 1952 759 2007 naminatis
778 1951 1034 2011 Patribus
1054 1958 1371 2028 deprompta
1388 1968 1534 2016 sunt.
1553 1959 1714 2015 Utilia
1731 1976 1860 2015 vero
1876 1968 2060 2015 essent

2165 1958 2389 2029 χρήσεις
2408 1960 2536 2030 περὶ
2562 1959 2670 2013 τῶν
2698 1959 2790 2013 δύο
2814 1960 3108 2032 ἐνεργειῶν
3136 1959 3265 2033 [470
3291 1961 3386 2035 Η.]
3416 1965 3761 2035 συναναγρά-

461 2043 529 2096 ad
563 2044 1068 2112 reprehendendum
1086 2062 1182 2103 eos
1204 2049 1295 2117 qui
1322 2064 1486 2104 unam
1517 2058 1725 2103 tantum
1756 2051 1808 2103 in
1838 2049 2057 2107 Christo

2165 2049 2519 2118 φονται.Ἒπὶ
2548 2052 2685 2103 πᾶσι
2718 2050 2812 2103 καὶ
2845 2050 3102 2120 Θεόφιλός
3132 2070 3217 2116 τις
3240 2054 3348 2106 τῶν
3377 2054 3646 2122 θεοφιλῶν
3669 2054 3761 2108 καὶ

460 2137 832 2203 operationem
886 2149 1160 2193 asserunt.
1198 2141 1592 2197 Continebatur
1623 2145 1784 2197 etiam
1811 2143 2059 2197 testimo-

2165 2139 2383 2207 λογίων,
2412 2140 2472 2204 ὃς
2499 2142 2641 2195 κατὰ
2671 2142 2914 2213 Σεϐήρου
2961 2143 3133 2198 πολὺν
3165 2145 3224 2200 ἐν
3243 2145 3429 2216 σλόγοις
3461 2148 3657 2216 ἀγῶνα
3685 2149 3759 2201 δι-

460 2227 609 2279 nium
667 2227 720 2281 in
761 2231 1088 2300 supradictis
1119 2234 1391 2301 quoddam
1421 2250 1451 2289 e
1497 2235 1634 2289 libro
1664 2237 1902 2305 quodam
1934 2236 2055 2291 sine

2165 2234 2426 2302 ήνεγκενο
2460 2233 2519 2286 ὃν
2552 2235 2646 2287 καὶ
2672 2235 3041 2306 δυσχεραίνων
3087 2238 3181 2293 καὶ
3229 2239 3758 2311 διαπληκτιζόμενος

460 2317 818 2386 inscriptione
848 2322 1106 2391 positum.
1156 2323 1318 2379 Liber
1348 2341 1478 2381 vero
1508 2328 1650 2382 unde
1680 2327 2049 2381 testimonium

2165 2322 2188 2375 6
2233 2322 2503 2395 δυσσεϐὴς
2546 2324 2977 2397 καλλιγράφον⁹⁸
3032 2329 3062 2381 6
3119 2332 3508 2403 κακογράφος,
3554 2325 3649 2388 οἵα
3697 2332 3759 2403 δὴ

457 2420 573 2462 erat
609 2410 834 2477 petitum
878 2412 1136 2466 Severum
1178 2412 1266 2467 his
1294 2414 1632 2469 orationibus
1658 2415 2051 2484 reprehensum

2165 2413 2480 2485 ἐνυϐρίζων,
2512 2415 2816 2487 ὠνόμασεν.
2855 2418 2922 2473 At
2955 2418 3056 2490 μὲν
3093 2419 3186 2475 οὖν
3218 2425 3481 2495 χρήσεις,
3506 2424 3573 2489 ἃς
3607 2427 3643 2495 ή
3677 2425 3759 2495 βί-

455 2501 604 2556 clare
634 2503 1262 2561 demonstrabat".......

2165 2506 2288 2570 ϐλος
2315 2510 2581 2579 περιεῖχε,
2616 2512 2744 2574 τοὺς
2775 2512 3101 2582 εἰρημένους
3134 2516 3311 2586 ἱεροὺς
3342 2516 3542 2588 ἄνδρας
3586 2519 3757 2571 πατέ-

460 2617 560 2672 ρας
593 2602 988 2670 ἐπεγράφοντο,
1026 2604 1286 2675 χρήσιμοι
1329 2603 1373 2657 δ’
1402 2605 1468 2658 ἂν
1512 2599 1624 2658 εἷεν
1663 2603 1800 2675 πρὸς
1832 2603 2055 2672 ἔλεγχον
2088 2603 2198 2656 τῶν
2232 2604 2575 2673 φρονούντων
2628 2607 2723 2659 ἐπὶ
2770 2608 3009 2679 Χριστοῦ
3060 2610 3339 2676 δυσσεϐῶς
3407 2612 3539 2684 μίαν
3606 2613 3759 2684 ἐνέρ-

454 2710 632 2762 γειαν.
665 2693 975 2761 Περιείχετο
1010 2695 1195 2763 μέντοι
1222 2699 1340 2760 ταῖς
1367 2698 1686 2768 εἰρημέναις
1715 2698 1810 2749 καὶ
1856 2696 1914 2762 ἐξ
1944 2695 2327 2768 ἁνεπιγράφου
2353 2697 2549 2768 χρῆσις
2569 2700 2615 2732 ⁹⁹
2634 2715 2648 2731 ο
2672 2700 2734 2753 τὸ
2754 2700 2812 2753 δὲ
2834 2700 3145 2775 σύνταγμα,
3203 2704 3265 2772 ἐξ
3320 2699 3383 2761 οὗ
3438 2706 3473 2777 ή
3535 2708 3755 2779 χρῆσις,

458 2783 695 2852 Σεϐἦρον
719 2782 1008 2835 ὑπεδείκνυ
1039 2786 1301 2853 γενναίως
1326 2790 1440 2851 τοῖς
1469 2787 1648 2855 λόγοις
1673 2786 2169 2857 καταϐαλλόμενον.

1096 2902 1407 2958 CCXXXII.

762 2996 1014 3066 Stephani
1053 2994 1250 3051 Caburi
1285 2996 1555 3052 Trithet’tw
1599 2998 1751 3054 liber.

2875 2910 3040 2963 ΣΛΒ’.

2192 3000 2506 3069 Στεφάνου
2545 3002 2975 3129 Τριθεττου
3007 3003 3272 3074 ἐπίκλην
3294 3006 3568 3078 Γοϐάρου
3615 3008 3719 3076 ,βι-

2951 3093 3041 3129 ον.

2951 3093 3041 3135 ον.

526 3151 652 3222 Legi
680 3153 876 3208 librum
898 3154 1158 3225 Stephani
1180 3154 1463 3210 Tritbeitre
1484 3157 1808 3222 cognomine
1824 3156 2049 3212 Gohari.

2230 3159 2360 3234 [892
2388 3161 2482 3236 B.]
2520 3164 2867 3237 ’Λνεγνώσθη
2906 3168 3109 3237 βιϐλίον
3138 3169 3414 3239 Στεφάνου
3456 3171 3603 3239 τινὸς
3636 3192 3753 3248 τρι-

454 3246 599 3310 Opus
660 3247 839 3315 magni
901 3246 1184 3299 videbatur
1229 3248 1453 3309 laboris,
1499 3248 1735 3301 fructum
1784 3266 1913 3303 vero
1943 3265 2049 3303 non

2165 3258 2338 3311 θείτου
2357 3299 2373 3324 ,
2402 3253 2446 3327 ᾧ
2476 3260 2708 3332 ἐπίκλην
2755 3264 2785 3316 6
2828 3264 2868 3315 Γ
2870 3264 3086 3333 όϐαρτις.
3120 3265 3196 3318 Τὸ
3233 3265 3291 3320 δέ
3339 3266 3545 3338 βιϐλίον
3572 3246 3752 3323 πόνων

452 3331 717 3399 aequalem
763 3349 943 3402 operae
986 3333 1127 3386 tulit.
1170 3332 1369 3388 Laudis
1399 3335 1543 3390 enim
1586 3338 1824 3391 stutlitttn
1877 3341 2049 3409 magis

2165 3352 2263 3422 μὲν
2305 3309 2480 3406 ὲδδιῖει
2513 3309 2765 3424 μακρὶῖιν,
2807 3309 3001 3425 κέρδος
3100 3355 3266 3429 ἔφερε
3290 3309 3391 3427 τής
3422 3360 3627 3431 πολλῆς
3654 3362 3751 3431 οὐχ

456 3442 621 3495 quam
680 3441 928 3494 magnam
974 3426 1263 3481 utilitatem
1308 3444 1418 3497 prae
1450 3444 1511 3483 se
1554 3429 1677 3484 fert.
1719 3430 1836 3500 Ipsa
1867 3433 2051 3501 capita

2165 3444 2338 3514 ὅμοιον
2382 3444 2656 3515 σπουδῆς·
2708 3446 3022 3517 φιλοτιμίαν
3070 3426 3431 3521 γάρ-μᾶλλον
3480 3452 3513 3523 ἦ
3560 3426 3752 3524 χρείαν

452 3535 576 3589 quae
607 3530 825 3584 tractat,
859 3534 1090 3589 quaeque
1131 3521 1183 3574 in
1221 3536 1542 3576 communes
1562 3532 1617 3577 et
1645 3524 2051 3579 ecclesiasticas

2165 3537 2504 3592 ἐπεδείκνυτο
2554 3540 3054 3611 περιττήν¹.Ἀλλὰ
3095 3542 3208 3615 γὰρ
3239 3543 3306 3597 τὰ
3350 3543 3452 3614 μὲν
3482 3521 3749 3613 κεφάλαια

454 3613 795 3682 quaestiones
866 3613 1083 3677 retulit,
1140 3613 1424 3668 minimum
1484 3617 1877 3687 quinquaginta
1943 3618 2051 3673 duo

2165 3629 2283 3701 περὶ
2308 3623 2383 3683 ὧν
2415 3634 2448 3701 ἡ
2478 3631 2706 3701 σπουδὴ,
2740 3632 2837 3686 καὶ
2868 3634 2970 3687 ὅσα
2999 3635 3080 3697 είς
3117 3613 3304 3698 κοινάς
3334 3613 3426 3688 καὶ
3452 3638 3743 3705 ἐκκλησια-

457 3714 637 3765 eraut,
693 3703 878 3773 paucis
922 3702 1005 3758 his
1058 3702 1288 3771 adjectis
1315 3705 1759 3774 particularihus.
1787 3706 1916 3764 Haec
1948 3712 2049 3764 du-

2165 3722 2347 3785 ςτικὰς
2374 3723 2671 3793 ἀνεφέρετο
2696 3722 2975 3793 ζητήσεις,
3008 3724 3206 3795 μικροῦ
3237 3724 3281 3795 β’
3309 3727 3405 3779 καὶ
3434 3733 3474 3779 ν’
3501 3720 3564 3797 ἦν
3584 3702 3613 3790 ,-
3646 3740 3744 3796 μεμ-

457 3796 626 3863 plices
664 3794 967 3851 sententias
1007 3795 1307 3861 includunt,
1340 3803 1527 3851 etnon
1558 3797 1733 3853 solum
1779 3799 2046 3867 duplices,

2165 3812 2469 3885 ρικωτέρων
2496 3814 2659 3867 τινῶν
2706 3816 2766 3868 οὐ
2805 3816 3016 3869 πολλῶν
3042 3817 3254 3880 τούτοις
3279 3817 3751 3889 παρεμϐεϐλημέ-

453 3889 549 3942 sed
627 3888 793 3942 etiam
878 3898 1258 3968 repugnantes.
1346 3889 1662 3945 Sententias
1744 3907 1875 3947 vero
1951 3893 2049 3949 has

2165 3923 2278 3959 mw.
2316 3906 2504 3960 Ταῦτα
2543 3906 2600 3959 δὲ
2630 3906 2808 3961 διτταὶ
2850 3907 3002 3974 δόξαι
3037 3888 3484 3981 κατεμερίζοντο,
3534 3888 3750 3967 καὶού

456 3996 564 4033 non
621 3978 1115 4047 argumentisfnec
1151 3980 1334 4034 verbis
1381 3996 1551 4036 sacra:
1586 3981 1885 4054 Scriptura:
1910 3999 2046 4040 cou-

2165 3994 2325 4047 ῑιτταὶ
2357 3995 2539 4065 μόνον,
2572 3995 2711 4049 ἀλλὰ
2737 3998 2832 4050 καὶ¹
2857 3978 3263 4069 ἀντικείμεναιξ
3282 4000 3393 4063 Τάς
3418 3999 3477 4054 δὲ
3504 4000 3667 4068 δόξας
3691 3999 3747 4056 οὐ

460 4073 718 4136 lirmavit,
753 4071 846 4125 sed
881 4070 1203 4126 testimoniis
1229 4081 1439 4128 tantum
1470 4110 1486 4137 ,
1525 4082 1584 4129 ut
1610 4077 1850 4147 scriptor
1883 4088 2046 4149 puta-

2165 4087 2397 4158 ιογισμοί
2423 4105 2569 4154 τινες
2601 4089 2720 4143 οὐδὲ
2754 4090 2910 4160 λόγια
2943 4092 3302 4165 συνεκρότουν
3327 4095 3448 4166 ίερὰ
3472 4135 3487 4157 ,
3522 4095 3751 4167 χρήσεις

458 4163 561 4226 vit,
619 4162 900 4217 variorum
955 4160 1223 4230 Patrum,
1279 4178 1515 4234 quorum
1573 4167 1677 4221 alia
1721 4170 2044 4225 sententiam

2165 4178 2206 4232 ῑὲ
2233 4179 2414 4249 μόνον,
2444 4179 2522 4245 ὡς
2551 4183 2579 4234 6
2601 4182 2834 4253 γράφων
2866 4160 3124 4255 ἐνόμιζε,⁷
3154 4160 3429 4257 διαφόρων
3457 4160 3749 4259 Πατάρων,

454 4253 734 4319 Ecclesiae,
778 4252 895 4321 alia}
925 4254 1256 4309 contrariam
1294 4256 1668 4312 continebant.
1703 4259 2045 4316 Contrariam

2165 4262 2225 4322 ὒν
2253 4269 2312 4323 αί
2345 4269 2445 4339 μὲν
2465 4270 2525 4323 τὸ
2550 4252 3005 4343 ἐκκλησιαστικδν
3032 4252 3307 4346 φρόνημα,
3320 4252 3392 4331 *αἱ
3417 4276 3476 4330 δὲ
3499 4252 3751 4350 συνέκρὸλ

454 4345 693 4414 quidem,
740 4348 962 4416 antiqua
1020 4346 1353 4413 testimonia,
1399 4358 1454 4404 et
1483 4352 1832 4421 antiquorum
1871 4354 2048 4409 homi-

2165 4377 2276 4414 τουν
2301 4361 2365 4415 τὸ
2396 4362 2728 4435 ἀπόϐλητον.
2746 4365 2909 4421 Ἀλλὰ
2955 4367 3017 4420 τὸ
3066 4345 3165 4438 μὲν
3188 4345 3495 4439 ἀπόϐλητον
3519 4345 3749 4423 παλαίαί

458 4450 588 4489 num
643 4450 748 4491 non
792 4437 1019 4492 multum
1068 4440 1134 4494 de
1166 4448 1316 4493 certa
1364 4441 1630 4495 sententia
1681 4442 2043 4501 laborantium

2165 4467 2208 4504 ιε
2239 4452 2465 4522 χρήσεις
2489 4454 2586 4505 καὶ
2618 4452 2868 4508 παλαιῶν
2893 4437 3201 4526 ἀνδρῶν,ού
3226 4437 3405 4512 πάντα
3430 4458 3569 4528 πρὸς
3592 4459 3748 4530 άκρί·

452 4535 828 4591 asseruerunt,
872 4542 1105 4597 quarum
1137 4527 1315 4598 aliqua
1369 4542 1475 4582 non
1505 4528 1739 4598 amplexi
1781 4538 1927 4597 sunt,
1949 4532 2047 4589 sed

2165 4540 2301 4595 5ειαν
2332 4539 2727 4608 ἐξετασάντων,
2763 4546 3129 4616 περιέθαλπον
3148 4586 3165 4613 ,
3200 4539 3274 4601 ὧν
3301 4548 3457 4601 ἐνίων
3481 4527 3605 4619 μὲν
3630 4527 3752 4605 ούδ’

456 4628 637 4672 tamen
666 4619 715 4673 ei
749 4619 839 4689 qui
866 4619 983 4673 haec
1005 4618 1224 4690 collegit
1249 4620 1500 4691 amplecti
1540 4623 1638 4677 visi
1670 4633 1799 4678 sunt
1826 4642 1840 4679 :
1869 4625 2045 4682 eccle-

2165 4632 2411 4701 Ξθαλπον,
2463 4635 2685 4691 ἐδόκουν
2724 4636 2783 4691 δὲ
2831 4638 3057 4693 θάλπειν
3106 4642 3257 4710 ὅμως
3308 4641 3389 4712 τῷ
3438 4618 3750 4713 συλλέγοντι

453 4709 736 4764 siasticam
801 4724 930 4764 vero
975 4711 1287 4780 Opinionem
1338 4711 1670 4767 conﬁrmant
1725 4714 2039 4772 testimonia

2165 4726 2387 4790 ταύτας’
2429 4728 2491 4780 τὸ
2538 4729 2596 4782 δὲ
2642 4730 2899 4802 φρόνημα
2930 4732 2993 4787 τδ
3032 4709 3489 4802 ἐκκλησιαστικὸν
3536 4709 3752 4791 αίντῶν

452 4802 692 4856 virorum
718 4803 811 4873 qui
843 4818 970 4859 vere
990 4813 1303 4859 senserunt.
1328 4801 1455 4858 Haec
1477 4815 1656 4859 autem
1684 4818 1812 4863 sunt
1838 4811 2039 4878 capita,

2165 4819 2393 4890 μάλιστα
2416 4820 2515 4892 τὴν
2545 4801 2811 4895 ἀλήθειαν
2826 4801 3323 4895 ἐξακριϐωσάντων
3354 4828 3517 4897 ίερῶν
3537 4829 3750 4899 ἀνδρῶν

450 4896 521 4948 de
552 4896 749 4965 quibus
782 4910 881 4966 per
926 4898 1235 4953 testimonia
1261 4897 1480 4968 duplex,
1515 4910 1570 4954 et
1612 4903 1889 4958 contraria
1922 4919 2044 4960 sen-

2165 4910 2435 4965 ὲϐεϐαίουν
2471 4916 2960 4986 μαρτυρίαι.Ἔστι
2990 4918 3049 4971 δὲ
3078 4920 3147 4972 τὰ
3176 4896 3471 4988 κεφάλαια,
3504 4896 3651 4993 περὶ-
3672 4916 3750 4972 ὧν

451 4990 620 5044 tentia
644 4991 966 5060 proponitur
990 5008 1005 5047 :

2165 5006 2182 5076 ή
2214 5004 2303 5058 διὰ
2327 5005 2437 5060 τῶν
2466 5009 2717 5078 χρήσεων
2744 5010 2905 5083 διπλῆ
2941 5013 3037 5066 καὶ⁵
3073 5015 3428 5087 ἀντικειμένη
3456 4990 3749 5081 σπουδάζει

2147 5096 2491 5168 κατασκευὴ,
2519 5099 2697 5155 ταῦτα
2722 5116 2736 5130 ·

521 5169 861 5242 Proprietas,
892 5180 947 5224 et
978 5168 1172 5237 ﬁgura,
1207 5179 1263 5223 et
1286 5168 1455 5223 forma
1488 5171 1796 5243 hypostasis
1820 5182 1921 5240 est,
1945 5174 2043 5230 sed

2224 5187 2347 5241 Ὅτι
2376 5191 2439 5243 τὸ
2468 5191 2664 5261 ίδίωμα
2693 5193 2787 5247 καὶ
2815 5194 2844 5247 6
2872 5195 3162 5267 χαρακτὴρ
3188 5197 3283 5250 καὶ
3316 5198 3350 5267 ή
3376 5196 3562 5269 μορφὴ
3608 5197 3743 5250 67:6-

452 5278 564 5319 nou
592 5263 911 5332 coniunctio
945 5262 1283 5328 substantiae,
1319 5270 1375 5317 et
1404 5264 1771 5333 proprietatis,
1815 5281 1915 5321 nec
1946 5281 2043 5337 per

2165 5282 2336 5344 ττασίς
2366 5283 2535 5350 ἐστιν,
2568 5284 2684 5338 ἀλλ’
2710 5286 2833 5358 οὐχὶ
2860 5262 3149 5359 συμπλοκή
3174 5288 3275 5360 τῆς
3307 5262 3623 5354 ὡὲπίυίςᾶσά
3650 5289 3744 5342 τοῦ

447 5371 508 5412 se
541 5357 869 5412 subsistens.
902 5384 974 5397 —
1004 5353 1116 5408 Hoc
1148 5355 1383 5424 primum
1426 5357 1680 5411 nonnulla
1732 5359 2038 5414 testimonia

2167 5372 2461 5443 διώματος,
2507 5377 2629 5431 ούδέ
2676 5379 2738 5431 τὸ
2779 5353 3312 5435 αύθυπόστατονίὲ-
3332 5353 3505 5435 Τοῦτο
3555 5382 3652 5451 μὲν
3682 5381 3745 5433 αἱ

447 5449 842 5505 conﬁrmarunt
892 5463 909 5512 ;
948 5446 1143 5502 deinde
1191 5462 1409 5502 rursum
1455 5458 1638 5516 postea
1692 5452 2031 5507 contrarium

2165 5464 2372 5535 [ρήσεις
2395 5469 2872 5535 κατασκευάζουσι
2892 5472 3180 5543 πρότερον,
3197 5465 3317 5525 εἶτα
3338 5471 3499 5526 πάλιν
3520 5446 3743 5540 ὕστερον

447 5539 574 5607 alia,
603 5540 706 5597 hoc
734 5549 843 5606 est,
869 5540 1097 5595 formam
1136 5550 1191 5595 et
1215 5540 1622 5610 proprietatem,
1652 5552 1709 5597 et
1744 5542 2035 5600 characte-

2165 5555 2203 5608 :6
2250 5558 2490 5612 ἐναντίον
2530 5559 2737 5632 ἕτεραι,
2767 5539 3176 5619 τουτέστιντὸτι
3220 5564 3285 5618 τὸ
3333 5563 3531 5637 ίδίωμα
3571 5539 3664 5618 καί
3712 5567 3744 5631 ἡ

1806 5658 2051 5719 γΑΒιΑς
2093 5664 2513 5726 LECTIONES.

454 5820 499 5877 Δ
520 5750 568 5783 ⁸⁸
1025 5748 1089 5802 Δ.
1166 5747 1212 5780 ⁸⁸
1242 5746 1540 5818 βαλόμενος
1576 5745 1615 5799 Β
1647 5765 1660 5801 :
1695 5749 2023 5824 βαλλόμενος
2054 5776 2115 5823 ς.
2194 5761 2238 5793 ⁸⁷
2273 5779 2332 5815 τε
2361 5764 2390 5815 6
2433 5764 2621 5823 Ἰουστ.
2652 5784 2711 5832 ς.
2790 5770 2837 5803 ’⁸
2876 5772 3264 5844 καλλιγράφων
3302 5786 3366 5835 ς.
3441 5770 3486 5806 ’⁸
3509 5774 3735 5845 χρήσεις
