3954 6442
230 347 379 416 1093

1231 352 1767 415 BIBLIOTHECA.
1797 374 1867 387 ·-
1900 350 2065 414 COD.
2094 353 2397 416 CCXXXI.

3361 354 3503 423 1094

224 465 417 537 μορφὴ
446 463 542 519 καὶ
563 465 593 520 ὁ
624 464 910 538 χαρακτὴρ
929 468 1030 521 οὐκ
1049 465 1196 521 ἐστιν
1218 469 1537 534 ὑπόστασις,
1564 468 1698 521 ἀλλὰ
1717 468 1809 537 τῆς

1919 480 2032 521 rem
2065 468 2381 539 hypostasin
2430 481 2537 522 non
2568 482 2708 537 esse,
2745 469 2842 523 sed
2869 469 3221 541 hypostaseos
3253 470 3501 541 ﬁguram.

218 556 587 620 ὑποστάσεως
602 558 908 630 χαρακτήρ.
924 559 1034 613 Καὶ
1050 559 1141 612 ἐπὶ
1158 558 1266 612 τῶν
1282 560 1457 614 ἄλλων
1478 560 1811 630 κεφαλαίων,

217 648 311 700 ἵνα
346 648 425 719 μὴ
448 648 520 704 τά
542 648 681 703 αὐτά
704 650 827 705 καθ’
848 650 1079 706 ἕκαστον
1103 651 1283 721 λέγειν
1313 655 1815 725 συναναγκασθείη-

220 756 349 809 μεν,
379 740 481 811 τὴν
502 740 774 795 ἀντίθεσιν
796 744 850 795 αί
871 742 1118 815 διάφοροι
1142 746 1371 815 χρήσεις
1400 746 1815 817 ἀπολαμϐάνου-

219 846 316 883 σαι
346 830 600 885 δοκοῦσιν
630 830 970 902 ἑκατέρωθεν
1005 836 1259 906 συνιστᾷν
1288 836 1348 889 τὸ
1373 837 1811 908 προτεινόμενον.

216 922 401 985 -Ὠς
446 924 476 976 ὁ
521 923 834 996 Βαπτιστὴς
867 924 1119 997 Ἰωάννης
1153 926 1467 1000 Ὀκτωὸρίῳ
1514 931 1643 1000 μηνὶ
1688 938 1814 982 συν-

220 1012 438 1083 ελήφθη
456 1030 472 1044 ⁶
509 1008 569 1069 οὗ
598 1014 658 1068 τὸ
680 1017 1169 1089 ἀντικείμενον,1ὡς
1196 1019 1297 1073 οὐκ
1326 1021 1384 1072 ἐν
1410 1019 1601 1089 τούτῳ,
1621 1022 1735 1075 ἀλλ’
1757 1024 1815 1078 ὲν

218 1105 303 1174 τῷ
320 1106 828 1177 Νοεμϐρίῳ-Ὧς
852 1111 885 1180 ή
918 1109 1179 1173 Θεοτόκος
1199 1109 1297 1182 τὴν
1330 1111 1659 1183 δεσποτικὴν
1686 1114 1814 1167 σύλα-

220 1195 391 1267 mpm
411 1198 472 1249 ὲν
495 1196 575 1268 τῷ
602 1198 732 1268 μηνὶ
757 1199 868 1253 τῶν
890 1200 1024 1255 νέων
1050 1202 1437 1273 εὐηγγελίσθη,
1455 1199 1567 1257 οἷον
1595 1196 1816 1277 Ἀπριλ-

228 1289 352 1361 λίῳ,
377 1288 724 1362 δνἘὸραίοι¹
754 1293 967 1346 Νισάν³
998 1294 1255 1349 καλοῦσι’
1290 1297 1477 1351 τέτοκε
1507 1298 1564 1352 δὲ
1593 1298 1685 1352 τὸν
1707 1300 1816 1353 Κύι

235 1398 352 1452 ριον
376 1383 532 1453 ήμῶν
548 1383 755 1454 Ἰησοῦν
771 1385 1005 1457 Χριστὸν
1021 1388 1209 1459 μηνῶν
1232 1392 1688 1449 συντελεσθέντων
1703 1394 1723 1426 ⁸
1745 1395 1812 1461 θ’,

229 1473 505 1527 τουτέστιν
521 1475 835 1548 Ἰανουαρίῳ
879 1484 942 1545 ε’,
991 1480 1131 1534 κατά
1172 1481 1234 1535 τὸ
1264 1482 1432 1554 μέσον
1477 1487 1576 1557 τῆς
1622 1486 1815 1552 νυκτὸς

224 1563 352 1634 ἥτις
392 1565 512 1618 ἐστὶ
560 1567 668 1638 πρὸ
715 1569 860 1623 ὀκτὼ
888 1570 1428 1646 είδῶνΊανουαρίωψ
1462 1578 1525 1631 τὸ
1542 1578 1598 1631 δὲ
1623 1572 1813 1632 τούτου

223 1656 631 1727 ἀντικείμενον,
659 1658 777 1730 [471
815 1661 907 1734 Η.]
944 1663 1020 1727 ὡς
1046 1665 1147 1719 οὐκ
1176 1668 1234 1719 ὲν
1259 1667 1627 1741 τῷἐίρημένῳ
1659 1671 1810 1742 μηνὶ,

219 1746 345 1801 ἀλλ’
373 1750 432 1801 ἐν
456 1750 686 1825 πέμπτῃ
718 1754 812 1806 καὶ
842 1756 1017 1809 εἰκάδι
1042 1757 1135 1812 τοῦ
1158 1760 1407 1832 Μαρτίου
1427 1762 1810 1835 εὐηγγελίσθη,

1919 556 1984 610 Ει
2028 558 2081 612 in
2113 559 2231 613 aliis
2254 558 2540 629 capitibus,
2578 574 2642 613 ne
2668 560 2719 614 in
2750 561 2975 626 singulis
3004 561 3195 616 eadem
3250 575 3505 639 repetere

1916 660 2192 721 cogamur,
2238 651 2546 706 testimonia
2581 652 2797 707 diversa
2846 652 3181 706 contrarium
3247 644 3510 709 asserenJ

1920 740 2027 804 tia,
2090 742 2344 797 videntur
2391 754 2678 812 utrumque
2725 743 2990 812 prolatum
3036 743 3388 798 conﬁrmare.
3431 774 3503 787 —-

1920 830 2159 887 Joannes
2191 830 2433 902 Baptista
2464 833 2681 888 Octobri
2715 847 2899 886 mense
2928 843 3219 900 conceptus
3263 844 3370 899 est,
3406 850 3503 888 cu-

1911 924 2001 993 jus
2030 926 2388 991 contrarium,
2432 942 2535 980 non
2567 926 2619 979 in
2651 926 2773 990 hoc,
2806 926 2899 979 sed
2941 923 3254 979 Novembri.
3283 955 3353 965 —
3377 926 3502 980 Dei-

1918 1030 2047 1085 para
2121 1017 2408 1071 Dominica:
2464 1018 2837 1086 conceptionis
2883 1018 2933 1069 in
2990 1031 3174 1071 mense
3229 1017 3500 1072 Novorum

1917 1110 2392 1164 annuntiationem
2443 1110 2670 1179 accepit,
2704 1110 2957 1163 nimirum
2983 1109 3173 1178 Aprili,
3204 1124 3363 1178 quem
3390 1109 3501 1166 He-

1919 1200 2045 1254 braei
2091 1200 2271 1255 Nisam
2336 1201 2535 1272 288a
2578 1202 2782 1268 dicunt,
2816 1203 3023 1271 peperit
3050 1216 3176 1255 vero
3210 1202 3498 1257 Dominum

1917 1302 2161 1347 nostrum
2192 1290 2374 1346 Jesum
2405 1293 2680 1346 Christum
2715 1293 2993 1347 mensibus
3018 1307 3212 1347 novem
3234 1292 3492 1358 evolutis,

1919 1384 2022 1439 hoc
2072 1396 2155 1440 est
2185 1387 2373 1455 quinto
2416 1383 2712 1451 Januario,
2771 1385 2949 1439 media
2995 1394 3169 1447 nocte,
3246 1401 3367 1455 quas
3414 1396 3501 1441 est

1919 1491 2109 1534 octavo
2138 1481 2258 1537 ldus
2294 1479 2586 1536 Januarias
2621 1498 2637 1547 ;
2682 1481 2809 1535 huic
2841 1482 3027 1550 opinio
3057 1483 3357 1546 contraria,
3388 1497 3497 1536 non

1920 1573 1973 1628 in
2030 1573 2119 1628 illo
2172 1590 2379 1639 mense,
2438 1589 2597 1644 quem
2660 1573 2920 1641 diximus,
2978 1574 3076 1628 sed
3116 1574 3202 1629 die
3239 1574 3498 1627 vicesimo

1919 1665 2107 1732 quinto
2126 1663 2302 1720 Martii
2325 1666 2796 1719 annuntiatinnem
2818 1666 3111 1734 accepisse,
3140 1675 3196 1721 et
3220 1665 3498 1736 peperisse

1920 1754 2253 1811 Salvatorem
2296 1773 2402 1811 non
2437 1758 2631 1827 quinto
2662 1755 2928 1824 Januarii,
2959 1759 3051 1811 sed
3071 1768 3264 1813 octavo
3294 1758 3496 1814 Kalen-

219 1839 424 1910 i'réxo'q
448 1840 503 1893 δὲ
524 1844 553 1895 ό
570 1842 761 1914 Σωτὴρ
782 1846 941 1915 ἡμῶν
964 1850 1064 1902 οὐκ
1082 1850 1394 1923 Ἰανουαρίῳ
1418 1855 1665 1929 πέμπτῃ,
1681 1856 1809 1910 ἀλλά

1919 1848 2108 1901 darum
2158 1847 2421 1902 Januarii.
2469 1878 2537 1889 —
2568 1848 2624 1901 In
2658 1851 3053 1904 resurrectione
3092 1850 3232 1905 idem
3272 1851 3498 1906 omnino

220 1930 338 2002 πρὸ
359 1930 504 1985 ὀκτὼ
522 1934 801 1991 καλανδῶν
816 1940 1384 2013 Ἰανουαρίων.-“Οτι
1408 1947 1466 1999 ὲν
1491 1951 1556 2018 τῇ
1579 1950 1815 2004 ἀναστά-

220 2038 315 2074 σει
353 2020 415 2075 τὸ
445 2024 614 2077 αὐτὸ⁸
645 2026 807 2099 σῶμα
840 2030 984 2085 κατὰ
1010 2032 1209 2101 πάντα,
1241 2035 1269 2087 ὃ
1301 2037 1396 2090 καὶ
1436 2038 1531 2092 νῦν
1572 2040 1815 2113 περικεί-

221 2112 824 2189 μεθα,ἀποληψόμεθα,
844 2122 1116 2194 μηδεμίαν
1133 2126 1398 2201 διαφορὰν
1418 2130 1511 2183 ἐπὶ
1523 2131 1584 2184 τὸ
1602 2112 1815 2205 ἄφθαρ-

217 2222 321 2258 τον
365 2209 829 2280 προσειληφότεςο
862 2215 958 2267 καὶ¹
1003 2216 1064 2269 τὸ
1109 2216 1503 2292 ἀντικείμενον,
1525 2222 1602 2287 ὠς
1650 2225 1712 2278 οὐ
1752 2225 1814 2280 τὸ

216 2294 363 2351 αὐτὸ
395 2298 555 2369 σῶμα
584 2302 663 2373 τῷ
695 2301 789 2356 νῦν
818 2304 1207 2379 ἀναληψόμεθα
1228 2311 1589 2387 φθειρομένῳ.
1616 2317 1811 2372 -Ὅτι

216 2391 285 2442 ὲν
313 2390 393 2462 τῷ
422 2391 571 2464 αὐτῷ
602 2396 841 2467 σχήματι
874 2400 1321 2473 ἀναστησόμεθα·
1352 2408 1449 2462 καὶ
1495 2409 1576 2463 ὃτι
1623 2415 1723 2465 οὐκ
1752 2413 1810 2469 ἐν

213 2480 305 2553 τῷ
335 2483 504 2554 αὐτῷ,
536 2484 651 2539 ἀλλ’
673 2489 732 2539 ὲν
765 2489 1158 2561 ὲτέρῳ.-”Οτι
1185 2495 1306 2549 καθ’
1333 2498 1400 2569 ἣν
1430 2499 1645 2569 ἠλικίαν
1682 2501 1812 2555 ἕκα-

216 2588 353 2636 στος
384 2572 481 2664 τὸν
500 2574 615 2644 βίον
644 2577 995 2650 μετήλλαξεν,
1028 2583 1169 2636 κατά
1198 2585 1402 2659 ταύτην
1435 2590 1524 2643 καὶ
1570 2591 1808 2664 ἀναστή-

215 2678 413 2717 σεται·
444 2662 505 2717 τὸ
529 2665 583 2719 δὲ
612 2666 1005 2740 ἀντικείμενον,
1025 2673 1105 2726 ὅτι
1132 2675 1230 2745 οὐχ
1257 2676 1449 2744 οὕτως,
1469 2680 1603 2735 ἀλλά
1629 2683 1719 2735 καὶ
1740 2662 1809 2736 τά

213 2755 418 2809 παιδία
461 2757 520 2811 ἐν
567 2758 757 2832 τελείῳ
805 2764 1044 2833 σχήματι
1102 2766 1519 2838 ἀναστήσονται,
1576 2774 1671 2826 καὶ
1709 2775 1809 2829 οὐκ

217 2847 424 2918 ἀθρόον
467 2851 688 2916 πάντες,
727 2853 864 2908 άλλά
892 2857 1043 2927 παρά
1074 2859 1461 2930 μέρος.-”Οτι
1492 2863 1685 2918 λεπτὸν
1714 2867 1809 2920 καὶ

217 2939 465 3009 ἀερῶδες
495 2943 591 2997 καὶ¹
618 2945 859 3016 αἰθέριον
885 2948 982 3001 κα)⁸
1008 2953 1377 3020 πνευματικὸν
1409 2956 1466 3007 ὲν
1511 2956 1591 3027 τῷ
1634 2957 1808 3030 καιρῷ

220 3036 325 3106 τῆς
353 3038 702 3103 ἀναστάσεως
732 3042 1125 3113 ἀποληψόμεθα
1162 3046 1225 3100 τὸ
1251 3047 1410 3119 σῶμα
1433 3065 1447 3080 ο
1485 3050 1580 3104 καὶ
1618 3052 1698 3106 ὅτι
1744 3054 1806 3107 οὐ

1919 1953 2110 2006 corpus
2159 1954 2265 2008 quo
2318 1954 2460 1993 nunc
2508 1938 2820 2004 induimur,
2874 1956 3246 2006 assumemus,
3291 1943 3494 1998 nullam

1918 2032 2270 2087 mutationem
2300 2033 2353 2087 in
2381 2032 2793 2101 incorruptibile
2813 2045 3189 2101 assumentes;
3217 2044 3270 2090 et
3301 2050 3331 2089 e
3357 2052 3494 2091 con-

1918 2124 2107 2189 trario,
2144 2140 2249 2179 non
2292 2124 2648 2195 corruptibile
2676 2124 2778 2180 hoc
2822 2124 2963 2180 idem
2992 2141 3091 2181 nos
3118 2141 3319 2196 corpus
3340 2142 3497 2181 assu-

1914 2231 2146 2272 memus.
2170 2246 2243 2256 —
2261 2216 2459 2272 Eadem
2487 2216 2661 2273 forma
2691 2233 3059 2289 resurgemus,
3081 2226 3136 2273 et
3152 2233 3257 2272 non
3282 2218 3494 2281 eadem,

1915 2308 2009 2361 sed
2060 2307 2282 2362 alia.—
2312 2305 2429 2373 Qua
2480 2316 2639 2362 astate
2690 2308 2815 2378 quis
2872 2315 3119 2361 mortuus
3149 2316 3251 2369 est,
3305 2308 3492 2361 eadem

1913 2407 2195 2469 resurget;
2226 2398 2584 2465 contrarium,
2613 2414 2717 2453 non
2746 2399 2841 2465 ita,
2875 2399 2967 2454 sed
3001 2399 3152 2467 pueri
3179 2400 3230 2453 in
3255 2400 3493 2469 perfecta

1913 2500 2123 2546 statura
2161 2501 2467 2562 resurgent,
2522 2500 2578 2545 et
2622 2491 2928 2545 nonvsimul
2975 2506 3184 2556 euntes,
3228 2493 3322 2546 sed
3350 2494 3493 2547 divi-

1911 2580 2034 2634 sim.
2069 2611 2139 2621 —
2168 2581 2369 2645 Tenue,
2416 2583 2663 2649 aerium,
2724 2582 3004 2636 :etherium
3036 2625 3051 2649 ,
3106 2595 3162 2638 et
3212 2585 3496 2652 spirituale

1912 2682 2156 2742 tempore
2225 2674 2643 2728 resurrectionis
2725 2689 2923 2742 corpus
2990 2689 3369 2743 assumemus;
3436 2688 3493 2731 et

1911 2780 2014 2818 non
2075 2764 2221 2829 hoc,
2288 2766 2381 2820 sed
2444 2774 2724 2830 terreum,
2793 2767 3060 2830 densum,
3110 2775 3163 2820 et
3229 2766 3488 2822 solidum.

1910 2854 2176 2911 Deitatcm
2231 2855 2467 2909 humana
2528 2870 2653 2910 esse
2700 2854 2898 2922 forma,
2956 2864 3010 2911 et
3063 2856 3401 2919 animatum;
3436 2866 3488 2911 et

1910 2948 2040 3004 illttd
2090 2949 2157 3002 ad
2209 2948 2498 3017 imaginem
2557 2961 2877 3015 corpoream
2914 2948 3143 3017 ﬁguram
3179 2950 3491 3013 ostendere,

1909 3057 2015 3111 qua
2044 3050 2098 3094 et
2138 3040 2301 3094 homo
2329 3040 2395 3092 ad
2421 3040 2777 3093 imitationem
2811 3038 3094 3109 archetypi
3114 3040 3361 3094 conditus
3389 3054 3489 3095 est.

222 3128 488 3196 τοιοῦτον,
512 3132 648 3187 ἀλλὰ
692 3134 879 3205 γήϊνον
924 3136 1021 3189 καὶ
1070 3140 1219 3208 παχὺ
1262 3141 1356 3195 καὶ
1405 3142 1808 3199 ἀντίτυπον.-

1914 3133 2149 3203 Angelos
2185 3132 2386 3186 habere
2428 3145 2659 3199 corpora
2700 3131 2940 3200 ejnsdem
2980 3131 3184 3200 ﬁgurae,
3218 3149 3322 3202 qua
3366 3146 3493 3187 sunt

224 3220 357 3293 [893
388 3224 433 3277 Β
462 3222 481 3295 ]
514 3226 634 3278 Ὀτι
673 3226 733 3279 τὸ
752 3203 900 3282 θεῖον
932 3203 1398 3304 ἀνθρωπόμορφον
1423 3236 1515 3287 καὶ
1540 3235 1804 3308 ἔμψυχον,

1913 3225 2213 3290 hominum,
2250 3234 2303 3277 et
2335 3238 2365 3277 e
2393 3223 2574 3277 divina
2593 3223 2891 3276 substantia
2930 3222 3163 3276 animam
3196 3223 3489 3278 humanam

220 3315 321 3367 καὶ
340 3317 423 3368 ὅτι
445 3317 507 3368 τὸ
528 3317 847 3372 κατέίκόνα
869 3320 931 3373 τὸ
954 3323 1261 3393 σωματικὸν
1281 3328 1465 3397 σχῆμα
1485 3327 1652 3398 δηλοῖ,
1675 3330 1779 3384 καθ
1796 3332 1811 3353 ’

216 3408 249 3460 ὃ
278 3408 377 3462 καὶ
402 3408 431 3458 ὁ
462 3410 749 3482 ἄνθρωπος
778 3412 917 3482 πρὸς
959 3418 1192 3487 μίμησιν
1222 3417 1315 3470 τοῦ
1351 3420 1661 3490 ἀρχετύπου
1691 3424 1809 3477 δια-

220 3502 557 3567 πέπλασται,
593 3505 687 3556 καί
729 3504 806 3568 ὠς
849 3507 896 3558 oi
950 3506 1174 3577 ἄγγελοι
1221 3510 1448 3581 σώματά
1491 3530 1552 3566 τε
1596 3514 1810 3583 ἔχουσιν

217 3594 570 3664 ὁμοιόσχημα
599 3595 707 3649 τῶν
733 3597 1090 3669 ἀνθρωπίνων
1115 3601 1402 3671 σωμάτων,
1420 3605 1513 3658 καὶ
1533 3605 1609 3669 ὡς
1625 3607 1691 3659 ὲκ
1707 3606 1809 3677 τῆς

216 3686 379 3750 θείας
405 3688 593 3752 οὐσίας
622 3689 656 3759 ή
687 3688 1001 3760 ἀνθρωπίνη
1046 3693 1380 3763 προελήλυθε
1405 3694 1551 3768 ψυχή
1569 3712 1583 3726 ⁵
1620 3699 1716 3751 καὶ
1740 3700 1811 3753 τὰ

215 3782 581 3851 ἀντικείμενα
613 3782 841 3847 τούτοις,
874 3783 948 3848 ὡς
977 3783 1101 3837 οὐτε
1146 3785 1205 3838 τὸ
1236 3787 1376 3842 θεῖον
1409 3790 1807 3863 ἀνθρωπόμορ-

218 3890 359 3941 φον,
393 3871 517 3925 οὐτε
566 3874 703 3937 ὅλως
733 3875 1237 3946 ἐσχηματισμένον,
1271 3876 1386 3931 ἀλλ’
1412 3878 1535 3932 οὐτε
1584 3879 1714 3934 ἄλλο
1755 3900 1808 3935 τι

221 3965 471 4031 πέφυκεν
499 3960 637 4018 εἶναι
682 3966 790 4019 τῶν
835 3965 1250 4038 προειρημένων
1269 3984 1282 3997 ·
1312 3969 1576 4035 ὡσαύτως
1602 3971 1659 4024 δὲ
1687 3972 1809 4027 οὐδ’

213 4054 270 4108 οξ
300 4054 522 4122 ἄγγελοι
554 4054 802 4126 σώματα,
823 4056 938 4109 ἀλλ’
961 4056 1266 4126 ἀσώματοι,
1294 4059 1390 4112 καὶ
1419 4059 1494 4123 ὡς
1519 4062 1552 4131 ή
1580 4062 1687 4114 τῶν
1711 4062 1807 4115 ἀν-

212 4147 458 4216 θρώπων
489 4147 636 4219 ψυχὴ
672 4149 772 4202 οὐκ
815 4151 879 4203 ὲκ
907 4149 1008 4218 τῆς
1040 4148 1435 4215 θείας,οὐσίας.
1455 4153 1651 4207 --¹⁷οτι
1680 4154 1807 4210 ἄλλο

204 4236 287 4311 ἦν
332 4242 394 4293 τὸ
444 4241 551 4312 πρὸ
593 4242 693 4308 τῆς
738 4242 1110 4313 παραϐάσεως
1154 4242 1250 4295 τοῦ
1300 4243 1590 4315 ἀνθρώπου
1622 4245 1802 4317 σῶμα,

205 4335 359 4401 ὅπερ
406 4334 503 4385 καὶ
549 4332 829 4400 αὐγοειδὲς
860 4333 1107 4397 καλοῦσι,
1134 4335 1229 4388 καὶ
1258 4335 1386 4389 ἄλλο
1428 4337 1490 4389 τὸ
1538 4338 1677 4407 μετά
1706 4338 1806 4410 τὴν

212 4426 555 4495 παράὅασιν,
585 4425 612 4477 ὅ
655 4425 775 4479 νυνὶ
816 4427 1183 4498 περικείμεθα
1215 4429 1490 4499 σάρκινον,
1521 4430 1616 4483 καὶ
1647 4430 1805 4485 τοῦτό

1910 3317 2201 3388 prodiisse.
2233 3316 2298 3370 Et
2354 3316 2438 3370 his
2497 3315 2817 3371 contraria:
2880 3315 3148 3369 Deitatem
3207 3332 3311 3369 non
3369 3333 3491 3371 esse

1913 3411 2147 3464 humana
2178 3407 2374 3471 forma,
2411 3422 2510 3462 nec
2563 3407 2791 3461 omnino
2856 3406 3167 3477 ﬁguratam,
3193 3410 3284 3462 sed
3314 3425 3492 3479 neque

1909 3500 2205 3571 quidquam
2234 3498 2379 3553 aliud
2413 3497 2798 3567 praedictorum
2827 3508 3019 3550 natura
3044 3512 3182 3552 esse.
3226 3498 3492 3556 Similiter

1910 3610 2011 3650 nec
2044 3593 2267 3663 angelos
2290 3607 2610 3663 corporeos,
2635 3592 2728 3647 sed
2756 3592 3103 3662 incorporeos
3128 3608 3267 3654 esse.
3298 3594 3489 3647 huma-

1911 3701 2147 3756 namque
2182 3687 2420 3741 animam
2469 3700 2576 3739 non
2624 3699 2745 3739 esse
2774 3698 2804 3738 θ
2830 3683 3012 3739 divina
3070 3686 3393 3741 substantia.
3417 3716 3491 3725 -—

1907 3780 2065 3835 Aliud
2090 3778 2260 3833 fuisse
2301 3777 2539 3832 hominis
2563 3791 2762 3846 corpus
2800 3784 2925 3832 ante
2962 3777 3487 3846 praevaricationem,

1907 3871 2049 3943 quod
2119 3869 2460 3941 splendidum
2524 3876 2741 3932 vocant,
2789 3877 2845 3924 et
2902 3868 3050 3923 aliud
3108 3879 3230 3939 post
3306 3879 3486 3925 trans-

1909 3964 2276 4035 gressionem,
2343 3975 2604 4016 carneum
2633 3959 2863 4024 scilicet,
2893 3969 2950 4014 ut
2976 3975 3119 4015 nunc
3146 3969 3230 4015 est
3272 3962 3351 4031 (et
3387 3965 3489 4017 hoc

1907 4066 2034 4113 sunt
2064 4055 2304 4126 pelliceaa
2331 4050 2576 4121 tunicae),
2602 4051 2746 4121 quod
2788 4051 2840 4106 in
2874 4050 3273 4107 resurrectione
3322 4052 3489 4122 depo-

1908 4165 2120 4205 nemus.
2182 4148 2250 4202 Et
2299 4163 2330 4203 e
2379 4146 2687 4211 contrario,
2742 4144 2953 4216 pellitas
3015 4145 3280 4216 (pellicem
3336 4157 3490 4203 vetus

1908 4241 2199 4312 interpres)
2237 4241 2447 4295 tunicas
2484 4253 2591 4293 non
2644 4252 2766 4293 esse
2794 4252 3036 4293 carnem.
3067 4268 3138 4279 —
3161 4237 3344 4292 Primo
3398 4255 3487 4294 re-

1905 4342 2129 4404 surgent
2161 4331 2320 4402 justi,
2357 4339 2561 4386 etcum
2598 4329 2664 4384 iis
2693 4328 3191 4394 omnia.animalia,
3232 4328 3313 4401 [et
3343 4328 3486 4404 post]

1907 4427 2055 4484 mille
2101 4440 2274 4481 annos
2336 4425 2541 4489 vivent,
2599 4421 2743 4475 laute
2792 4420 3158 4483 comedentes,
3216 4418 3487 4485 bibentes,

211 4517 371 4569 ἔστιν
403 4516 451 4567 οἱ
481 4515 792 4585 δερμάτινοι
826 4516 1072 4586 χιτῶνες,
1111 4517 1248 4589 ὅπερ
1295 4520 1390 4572 καὶ
1434 4520 1805 4590 ἀππιθέμεθα

1912 4529 2252 4593 generantes,
2278 4526 2334 4572 et
2358 4524 2481 4586 post
2508 4515 2622 4569 haec
2660 4510 2985 4566 universalis
3014 4510 3105 4564 ﬁet
3124 4511 3484 4576 resurrectio;

216 4609 279 4660 ὶν
303 4609 370 4676 τῇ
400 4608 736 4661 ἀναστάσει·
768 4609 861 4660 καὶ
889 4610 952 4661 ἐκ
976 4608 1070 4662 τοῦ
1094 4609 1361 4676 ἐναντίου,
1387 4612 1470 4664 ὅτι
1498 4612 1643 4681 οὐχή
1670 4612 1806 4683 σάρξ

220 4698 381 4768 ἡμῶν
427 4699 508 4750 ot“
559 4698 875 4768 δερμάτινοι
921 4699 1411 4770 χιτῶνες.-Ὂτι
1442 4703 1706 4773 πρότερον
1754 4704 1804 4756 οἱ

212 4791 418 4842 δίκαιοι
451 4791 868 4861 ἀναστήσονται,
902 4791 998 4844 καὶ
1025 4793 1121 4846 σὺν
1151 4792 1335 4856 αὐτοῖς
1366 4796 1548 4849 πάντα
1569 4795 1637 4847 τά
1664 4793 1802 4861 ζῶα,

209 4882 314 4933 καὶ
344 4884 437 4934 ἐπὶ
469 4884 618 4952 χίλια
645 4883 739 4953 ἐτη
766 4885 1137 4953 τρυφήσουσιν
1166 4885 1470 4950 ὲσθίοντες⁷
1505 4888 1598 4940 καὶ
1619 4888 1803 4941 πίνον·

204 4991 305 5034 τες
346 4975 440 5025 καὶ
463 4973 799 5039 τεκνοῦντες,
836 4977 930 5029 καὶ
968 4976 1110 5043 μετά
1136 4976 1295 5031 τοῦτο
1322 4980 1355 5049 ή
1387 4979 1647 5051 καθολικὴ
1677 4983 1803 5034 tm-

208 5067 475 5134 στήσεται
506 5067 823 5131 ἀνάστασις·
865 5069 959 5121 καὶ
1006 5069 1071 5121 ὲκ
1114 5070 1207 5123 τοῦ
1235 5072 1503 5139 ἐναντίου,
1538 5072 1659 5128 ὃτι⁸
1692 5073 1804 5127 τῶν

201 5150 439 5204 δικαίων
472 5156 877 5223 προανάστασις
901 5156 1000 5209 οὐκ
1027 5156 1194 5224 ἔστιν,
1226 5159 1344 5212 οὐδὲ
1375 5161 1408 5233 ή
1434 5162 1801 5235 χιλιονταετὴς

200 5243 417 5313 τρυφὴ,
452 5244 573 5298 οὐδὲ
599 5247 663 5299 δ’
691 5248 1090 5318 γάμος.-”Οτι
1124 5252 1262 5319 μετὰ
1287 5253 1385 5323 τὴν
1417 5255 1714 5311 ἀνάστασιν
1744 5259 1803 5312 ὲν

202 5336 535 5409 παραδείσῳ
550 5339 661 5393 τῶν
680 5340 905 5397 δικαίων
930 5342 1085 5397 ἔσται
1113 5347 1146 5415 ή
1168 5345 1438 5418 διατριϐὴ,
1474 5349 1569 5401 καὶ
1594 5350 1677 5403 ὅτι
1701 5350 1801 5404 οὐκ

202 5431 279 5485 ὲν
309 5430 646 5505 παραδείσῳ,
674 5433 791 5487 ἀλλ’
822 5438 881 5489 ὲν
907 5439 1019 5502 τοῖς
1042 5439 1313 5511 οὐρανοῖς,
1342 5440 1434 5493 καὶ
1455 5440 1532 5505 ὠς
1564 5443 1593 5495 ὁ
1625 5444 1837 5513 παράο,

1912 4624 1967 4668 et
1995 4628 2024 4667 e
2054 4611 2354 4673 contrario,
2403 4620 2579 4676 neque
2610 4605 2887 4674 justorum
2934 4601 3203 4673 praecedet
3238 4617 3489 4658 resurre-

1912 4708 2042 4771 ctio,
2060 4718 2233 4775 neque
2259 4712 2380 4772 post
2401 4700 2545 4755 mille
2569 4712 2740 4752 annos
2754 4697 2981 4762 deliciae,
3004 4710 3177 4765 neque
3208 4700 3489 4765 generatio

1909 4799 2031 4854 erit.
2071 4825 2142 4836 —
2200 4795 2329 4849 Post
2372 4792 2827 4849 resurrectionem
2880 4790 2933 4844 in
2991 4790 3244 4858 paradiso
3287 4791 3487 4863 2381;

1906 4892 2177 4963 justorum
2231 4893 2337 4943 erit
2395 4885 2776 4949 commoratio;
2840 4891 2897 4937 et
2956 4898 3060 4936 non
3125 4883 3176 4936 in
3234 4885 3489 4954 paradiso

1908 4983 2003 5037 sed
2028 4982 2076 5033 in
2111 4978 2289 5042 caelis,
2310 4988 2364 5031 et
2391 4975 2673 5046 paradisus
2702 4989 2809 5028 non
2845 4973 2898 5027 in
2934 4973 3209 5037 etelo,nec
3234 4974 3284 5028 in
3321 4984 3487 5041 terra,

1908 5074 2001 5129 sed
2035 5073 2085 5126 in
2120 5071 2185 5125 iis
2216 5084 2335 5138 quae
2370 5065 2650 5134 interjecta
2683 5064 3160 5134 sunt.—Superna
3180 5063 3485 5121 Jerusalem

1907 5174 1992 5221 est
2017 5161 2329 5233 paradisus,
2361 5168 2414 5212 et
2443 5158 2491 5212 in
2524 5157 2685 5211 tertio
2716 5155 2877 5221 coelo,
2927 5164 2983 5211 et
3037 5156 3264 5211 arbores
3313 5156 3365 5209 in
3397 5170 3485 5221 eo,

1908 5272 2069 5313 sensu
2108 5254 2346 5325 prmdita:
2378 5260 2530 5315 sunt,
2568 5262 2624 5305 et
2678 5249 3014 5305 intellectum
3051 5247 3253 5303 habent
3304 5257 3358 5303 et
3396 5263 3486 5304 ra-

1909 5350 2133 5410 tionem,
2169 5354 2223 5400 et
2248 5346 2411 5400 homo
2438 5352 2561 5413 post
2588 5341 3090 5410 prmvaricalionem
3124 5339 3248 5393 inde
3274 5338 3326 5392 in
3371 5346 3483 5392 ter-

1907 5457 2023 5499 ram
2060 5439 2271 5496 delatus
2316 5447 2420 5491 est.
2470 5434 2673 5489 Deinde
2695 5441 2749 5489 et
2778 5433 3133 5489 contrarium.
3163 5429 3480 5485 Paradisum

1498 5548 1739 5636 VAlllE
1783 5578 2197 5637 LECTIONES.

292 5683 313 5714 ’
335 5682 395 5738 ὃν
421 5686 471 5775 σί
775 5688 1012 5775 ξΝησᾶν
1045 5692 1109 5749 Α.
1187 5692 1208 5723 ⁸
1238 5692 1449 5749 τελεσθ.
1480 5711 1541 5758 ς.
1621 5695 1641 5726 ⁸
1676 5693 1809 5747 αὐτὸ
1830 5695 1954 5751 add.
1990 5694 2055 5748 A.
2130 5694 2150 5725 ⁸
2184 5691 2339 5761 ήμῶν
2362 5689 2506 5742 ἐστιν
2531 5688 2576 5741 οἱ
2615 5685 2675 5739 Β.
2749 5684 2768 5717 τ
2799 5682 3200 5754 τρυφοκαῖἒσθο
3234 5698 3293 5775 ςτ
3325 5682 3347 5715 ⁸
3372 5674 3482 5751 δτι]

203 5755 301 5811 δτι
324 5772 386 5810 τε
414 5760 481 5812 Α.
554 5761 575 5792 ⁹
606 5761 838 5815 bom..—\.
