3954 6446
496 392 634 460 1095

1559 389 1823 449 PHOTIl
1864 390 2377 452 PATRIARCIIE
2431 394 2538 456 CP.

3617 387 3751 456 1096

494 527 603 566 non
638 512 689 562 in
714 505 876 563 tertio
900 520 1022 561 esse
1052 503 1211 569 ctelo,
1241 502 1337 558 sed
1375 502 1427 557 in
1460 509 1628 557 terra.
1665 533 1735 543 —
1773 503 1919 558 Bona
1948 518 2076 573 qua:

2181 511 2352 576 δεισος
2384 510 2509 563 οὐτε
2544 510 2604 561 ὲν
2626 507 2705 577 τῷ
2744 504 2957 577 οὐρανῷ
2983 503 3107 558 οὐτε
3144 502 3241 557 ἐπὶ
3270 501 3371 572 τῆς
3386 502 3432 535 ¹⁶
3460 502 3591 573 γῆς,
3620 502 3755 556 ἀλλὰ

490 610 792 670 praeparata
822 598 1151 667 suntjustis,
1188 598 1379 651 oculus
1434 613 1540 651 non
1586 598 1753 663 vidit,
1790 612 1891 652 nec
1928 600 2078 653 auris

493 693 718 755 audivit,
745 705 843 743 nec
882 690 932 742 in
958 705 1053 742 cor
1076 688 1311 742 hominis
1340 692 1717 744 ascenderunt.
1750 689 2070 758 Quanquam

494 780 829 851 llegesippus
858 780 943 833 vir
971 779 1226 848 antiquus
1248 787 1301 831 et
1343 780 1691 848 apostolicus,
1726 781 1866 834 libro
1890 782 2081 850 quinto

495 874 1022 929 Commentariorum
1050 872 1188 925 haud
1216 873 1327 926 scio
1354 887 1420 924 an
1443 872 1680 928 oﬂ'ensus
1714 874 1845 926 dicit
1875 872 2076 927 frustra

496 962 609 1015 haec
641 963 776 1025 dici,
814 971 867 1015 et
890 977 982 1014 eos
1009 963 1096 1029 qui
1129 964 1241 1014 haec
1279 963 1464 1015 dicunt
1513 964 1565 1015 in
1596 978 1804 1015 sacram
1836 962 2083 1031 Scriptu-

496 1068 633 1115 ram,
670 1062 929 1106 etcontra
948 1053 1219 1106 Christum
1240 1051 1505 1105 dicentem
1546 1052 1893 1107 :Beatiocuti
1930 1053 2083 1107 vestri

495 1142 750 1206 videntes,
768 1151 816 1195 et
837 1159 990 1194 aures
1016 1152 1201 1195 vestra:
1222 1143 1333 1195 haec
1350 1144 1616 1197 audientes
1639 1146 1828 1207 5,elc.,
1847 1144 2080 1198 mentiri.

495 1264 567 1275 -——
607 1234 855 1289 Damnati
892 1245 1205 1302 peccatores
1240 1235 1293 1287 in
1330 1235 1610 1304 punitione
1655 1237 2007 1291 absolvuntur
2051 1251 2081 1289 a

496 1329 720 1393 malitia,
740 1338 793 1383 et
811 1340 928 1397 post
943 1328 1337 1383 absolutionem
1354 1329 1651 1385 liberantur
1666 1346 1693 1384 a
1713 1346 1887 1400 pretia.
1911 1332 2086 1398 Quan-

496 1436 658 1490 quam
690 1437 790 1473 non
815 1437 1004 1475 omnes
1046 1422 1331 1475 damnandi
1354 1422 1673 1488 liberantur,
1699 1431 1751 1478 et
1791 1423 2084 1477 absolvun-

498 1522 606 1576 tur,
636 1514 728 1566 sed
749 1513 1165 1581 aliquitantum,
1186 1523 1240 1567 et
1264 1518 1400 1567 hanc
1423 1530 1543 1568 esse
1578 1514 1827 1569 Ecclesim
1858 1527 2077 1569 senten-

497 1608 650 1668 tiam,
677 1604 945 1659 neminem
979 1621 1009 1658 e
1045 1620 1205 1673 poena
1239 1605 1570 1675 eripi.—Uri
1595 1617 1651 1662 et
1678 1624 1781 1661 non
1813 1608 2079 1672 comburi,

494 1703 581 1749 est
611 1695 1097 1764 incorruptibililer
1124 1697 1423 1765 corrumpi.
1459 1697 1614 1751 Titus
1639 1710 1841 1763 autem,
1870 1700 2082 1767 episco-

493 1800 595 1856 pus
614 1785 949 1851 Bostrorum,
976 1800 1161 1841 contra
1180 1788 1505 1843 Maniclneos
1523 1790 1788 1853 scribens,
1809 1790 1983 1860 primo
2013 1790 2079 1842 li-

496 1878 593 1933 bro
609 1879 687 1932 ait
708 1897 722 1932 :
742 1879 1015 1942 Quomodo
1042 1883 1305 1947 corruptio
1334 1883 1520 1935 suimet
1542 1884 1849 1949 corruptio?
1872 1881 2085 1949 Semper

487 1976 635 2029 enim
667 1975 816 2027 aliud
840 1974 964 2043 quid
995 1976 1305 2040 corrumpit,
1330 1992 1433 2029 non
1470 1979 1717 2045 seipsum.
1748 1976 1806 2030 Si
1853 1977 2080 2044 seipsum

469 2062 877 2133 corrumperet,
902 2066 1222 2132 principium
1252 2082 1352 2119 non
1387 2066 1651 2120 habuisset
1681 2082 1700 2121 :
1726 2079 2089 2129 corrumpetur

496 2157 637 2209 enim
659 2157 884 2219 seipsuut
934 2172 1294 2224 corrumpens.
1353 2156 1501 2211 Fieri
1569 2159 1707 2211 enim
1759 2176 1862 2211 non
1919 2167 2085 2226 potest

491 2246 945 2308 incorruptibilem
997 2249 1382 2313 corruptionem
1444 2250 1708 2302 communi
1758 2266 1911 2302 sensu
1966 2265 2084 2315 per-

490 2341 602 2409 cipi
627 2340 913 2410 aliquando
938 2356 1108 2409 posse.
1155 2339 1222 2394 Et
1263 2340 1467 2395 clarum
1526 2352 1607 2395 est
1648 2343 1787 2395 hunc
1834 2352 2085 2395 sanctum

497 2434 674 2486 virum
713 2434 764 2486 in
802 2433 972 2487 altero
1015 2448 1177 2487 sensu
1237 2434 1440 2487 dixisse
1505 2433 1893 2504 impossibilem
1968 2448 2086 2488 esse

502 2526 906 2593 corruptionem
974 2542 1076 2578 non
1142 2537 1488 2593 corruptam,
1522 2538 1577 2580 et
1628 2538 1875 2582 sanctum
1914 2525 2084 2581 Joan-

496 2631 621 2668 nem
680 2617 977 2669 secundum
1039 2617 1267 2671 alterum
1301 2633 1541 2672 sensum.
1594 2617 1694 2673 Hic
1749 2619 1963 2687 qu‘idem
2007 2620 2087 2672 in-

494 2706 900 2775 corruptibilem
957 2723 1079 2762 esse
1146 2711 1551 2778 corruptionem
1602 2710 1772 2773 dixit,
1826 2726 1922 2779 pro
1956 2726 2083 2780 per-

496 2807 656 2865 petuo
685 2797 972 2862 viventem,
1016 2808 1070 2851 et
1122 2814 1340 2868 semper
1390 2801 1777 2874 exsistentem;
1820 2801 1907 2856 ille
1958 2816 2085 2856 vero

500 2889 915 2956 corruptionem
950 2891 1420 2966 incorruptibilem
1470 2907 1576 2944 non
1628 2907 1775 2955 esse,
1823 2892 1926 2946 hoc
1976 2902 2081 2957 est,

499 2993 606 3030 non
646 2994 806 3047 posse
863 2982 1268 3049 corruptionem
1326 2980 1819 3049 impassibilitatem
1849 2998 1992 3046 esse,
2026 2994 2083 3036 et

500 3068 999 3139 incorruptionem,
1041 3082 1095 3125 et
1124 3072 1486 3126 accidentium
1548 3075 1898 3127 servatricem
1952 3074 2081 3145 [itu~

2180 606 2386 659 τούτων
2420 598 2822 672 μεταξύ.--⁹Ως
2850 598 2877 650 6
2903 596 3227 667 παράδεισος
3266 596 3300 667 ἡ
3331 595 3443 649 ἄνω
3472 594 3623 647 ἐστὶν
3657 593 3755 647 ἰε-

2185 694 2487 768 ρουσαλὴμ,
2525 692 2617 747 καὶ
2646 693 2704 743 ἐν
2741 689 2819 759 τῷ
2851 688 3017 759 τρίτῳ
3042 688 3188 740 ἐστὶν
3212 685 3447 757 οὐρανῷ,
3477 685 3575 739 καὶ
3605 684 3675 738 τά
3701 686 3758 738 ὲν

2182 788 2331 859 αὐτῷ
2367 788 2497 853 ξύλα
2530 785 2693 856 νοερά
2725 783 2784 836 τέ
2821 784 2925 834 εἰσι
2955 781 3047 833 καὶ
3076 779 3292 832 σύνεσιν
3327 777 3510 848 έχουσι
3540 778 3638 829 καὶ
3672 776 3757 828 λό-

2181 899 2299 951 γον,
2332 882 2424 934 καὶ
2451 879 2525 941 ὡς
2548 881 2574 931 6
2603 876 2698 931 ἄνθ
2711 892 2888 946 ρωπος
2914 873 3050 942 μετὰ
3077 872 3176 941 τὴν
3206 871 3517 940 παράϐασιν
3549 868 3760 922 ἐκεῖθεν

2182 975 2277 1028 ἐπὶ
2316 974 2415 1042 τὴν
2455 973 2559 1040 γῆν
2606 968 2936 1038 κατηνέχθη.
2975 961 3108 1018 Εἶτα
3142 964 3237 1017 καὶ¹
3268 962 3330 1016 τδ
3363 962 3759 1031 ἀντικείμενον,

2181 1068 2266 1121 ὅτι
2289 1066 2659 1137 ὁπαράδεισος
2687 1061 2787 1114 οὐκ
2815 1061 2962 1113 ἔστιν
2987 1061 3043 1111 ἐν
3062 1056 3141 1128 τῷ
3168 1057 3338 1126 τρίτῳ
3366 1053 3601 1125 οὐρανῷ,
3637 1053 3767 1105 ἀλλ’

2182 1162 2276 1214 ἐπὶ
2328 1159 2429 1229 τῆς
2454 1159 2601 1227 Ιγῆς.
2624 1183 2695 1195 -—
2723 1152 2849 1226 [472
2875 1150 3096 1223 ΙΙ.]Ὅτι
3129 1150 3199 1203 τὰ
3230 1146 3612 1219 ἡτοιμασμένα
3653 1146 3767 1205 τοῖς

2182 1252 2409 1315 δικαίοις
2426 1250 2605 1320 ἀγαθά
2621 1247 2742 1301 οὐτε
2770 1244 3044 1315 ὀφθαλμὸς
3066 1239 3224 1309 εἶδεν,
3246 1240 3369 1293 οὐτε
3392 1238 3483 1303 οὓς
3508 1240 3767 1309 ἤκουσεν,

2184 1344 2307 1398 οὐτε
2338 1346 2431 1397 ἐπὶ
2458 1342 2688 1414 καρδίαν
2719 1338 3010 1410 ἀνθρώπου
3040 1335 3231 1406 ἀνέϐη.
3270 1333 3615 1402 Ἡγήσιππος
3643 1330 3771 1400 μέν-

2182 1455 2286 1500 τοι,
2311 1436 2535 1505 ἀρχαῖός
2560 1452 2620 1486 τε
2653 1432 2790 1503 ἀνὴρ
2816 1432 2907 1484 καὶ
2932 1427 3308 1489 ἁποστολικὺς,
3335 1428 3392 1480 ἐν
3418 1424 3496 1495 τῷ
3525 1425 3768 1493 πέμπτῳ

2182 1527 2296 1580 τῶν
2325 1524 2788 1594 Ὑπομνημάτων,
2804 1522 2903 1573 οὐκ
2926 1514 3021 1571 οἷδ’
3046 1519 3073 1571 ὅ
3102 1535 3155 1570 τι
3180 1518 3274 1569 καὶ
3291 1516 3332 1546 ¹¹
3353 1511 3565 1573 παθὼν,
3589 1510 3769 1580 μάτην

2189 1619 2288 1689 μὲν
2336 1614 2587 1688 εἰρῆσθαι
2620 1614 2794 1667 ταῦτα
2829 1612 3013 1679 λέγει,
3050 1611 3144 1663 καὶ
3174 1605 3611 1675 καταψεύδεσθαι
3645 1605 3770 1664 τοίς

2186 1711 2359 1766 ταῦτα
2385 1711 2684 1779 φαμένους,
2714 1707 2820 1760 τῶν
2847 1724 2905 1758 τε
2939 1705 3101 1758 θείων
3129 1701 3362 1773 Γραφῶν
3390 1700 3484 1752 καὶ
3527 1698 3625 1750 τοῧ
3657 1699 3769 1749 Κυ-

2194 1804 2309 1875 ρίου
2356 1802 2638 1871 λέγοντος·
2688 1799 2979 1864 Μακάριοι
3031 1798 3084 1849 οἱ
3133 1793 3425 1863 ὀφθαλμοὶ
3488 1790 3659 1860 ὑμῶν
3715 1793 3769 1843 τι

2184 1895 2555 1962 βλέποντες,
2597 1892 2694 1945 καὶ
2735 1891 2806 1943 τὰ
2845 1886 2965 1943 ὦτα
3002 1887 3171 1956 ὑμῶν
3199 1888 3271 1939 τὰ
3307 1885 3628 1948 ἀκούοντα,
3675 1885 3768 1937 καὶ

2188 1984 2571 2055 ἑξῆς-Ὅτι
2622 1985 2670 2035 οἱ
2719 1984 2776 2033 ὲν
2815 1982 2884 2051 τῇ
2926 1978 3145 2031 κολάσει
3195 1976 3612 2045 παραδιδόμενα
3661 1975 3767 2027 τιτν

2186 2075 2528 2147 ἁμαρτωλῶν
2581 2073 2934 2142 καθαίρονται
2976 2072 3075 2141 τῆς
3128 2070 3327 2133 κακίας
3374 2069 3432 2120 ὲν
3471 2067 3644 2135 αὐτῇ,
3674 2067 3767 2119 κεὶ

2190 2168 2328 2240 μετὰ
2378 2167 2476 2240 τὴν
2519 2167 2786 2237 κάθαρσιν
2816 2164 3141 2220 ἀπολύονται
3168 2162 3269 2231 τῆς
3297 2159 3590 2221 κολάσεως.
3637 2154 3763 2210 Εἶτα

2186 2264 2282 2315 καὶ
2315 2261 2481 2329 ﬁci.”
2533 2261 2594 2314 οὐ
2650 2261 2852 2321 πάντες
2898 2258 2946 2310 oi
2992 2255 3386 2326 παραδοθέντες
3429 2254 3495 2323 τῇ
3549 2249 3766 2304 κολάσει

2188 2354 2540 2424 καθαίρονται
2593 2352 2689 2406 καί
2741 2350 3092 2407 ἀπολύονται,
3122 2346 3258 2400 ἀλλά
3304 2362 3476 2407 τινεςο
3518 2343 3615 2396 καὶ
3664 2343 3764 2403 δτι,

2185 2446 2322 2516 ὅπερ
2370 2446 2518 2498 ἐστὶν
2566 2444 2765 2514 ἀληθὲς
2794 2442 2896 2511 τῆς
2931 2439 3257 2509 Ἐκκλησίας
3291 2437 3564 2508 φρόνημα.
3593 2435 3767 2496 οὐδεὶς

2185 2537 2481 2591 ἀπολύεται
2512 2537 2611 2603 τῆς
2638 2534 2993 2596 κολάσεως.-
3010 2531 3133 2585 ’Ὁτι
3167 2530 3227 2583 τὸ
3262 2527 3509 2582 καίεσθαι
3549 2527 3648 2580 καὶ
3693 2528 3765 2596 μὴ

2186 2627 2580 2683 κατακαίεσθαι
2652 2625 2860 2696 φθοράν
2906 2625 3053 2676 ἐστιν
3100 2620 3372 2690 ἄφθαρτον
3420 2616 3759 2690 φθείρεσθαι.

2186 2721 2342 2783 Τίτος
2369 2720 2425 2772 δὲ
2447 2721 2474 2771 6
2500 2718 2797 2779 ἐπίσκοπος
2824 2715 3096 2787 Βόστρων,
3122 2712 3265 2767 κατὰ
3286 2699 3606 2781 Mevi-p.in
3627 2714 3762 2781 τρά-

2186 2829 2322 2880 φων,
2358 2813 2414 2862 ὲν
2442 2808 2519 2878 τῷ
2554 2806 2756 2877 πρώτῳ
2785 2805 2929 2875 λόγῳ
2983 2804 3149 2874 φησί·
3185 2800 3313 2867 Πῶς
3354 2799 3429 2853 ἂν
3452 2799 3544 2864 εἴη
3575 2800 3706 2866 ρθτέ
3728 2800 3761 2850 (ἰ

2184 2902 2405 2969 ἑαυτῆς
2433 2904 2471 2971 ἡ
2519 2899 2741 2970 φθοριὴ
2774 2898 3017 2961 Πάντως
3046 2897 3158 2965 γὰρ
3188 2895 3392 2961 ἕτερόν
3434 2910 3490 2945 τι
3515 2892 3760 2960 φθείρει,

2184 2998 2297 3064 οὐχ
2341 2993 2586 3061 ἑαυτήν.
2632 2995 2700 3047 El
2752 2989 2820 3043 δὲ
2866 2988 3094 3055 ἑαυτὴν
3138 2988 3429 3056 ἔφθειρεν,
3462 2984 3609 3038 οὐδὲ
3651 2984 3763 3046 τὴν

2183 3086 2382 3156 ἀρχὴν
2421 3084 2497 3139 ἂν
2518 3083 2754 3149 ὑπέστη
2775 3099 2787 3110 ·
2828 3078 3197 3149 φθαρήσεται
3227 3077 3335 3147 γὰρ
3358 3074 3586 3142 ἑαυτὴν
3607 3072 3762 3143 μᾶλ-

495 3161 958 3234 passibilitatem].
1008 3164 1111 3217 Sed
1154 3181 1276 3217 eum
1315 3175 1540 3234 utraque
1591 3166 1861 3219 sententia
1897 3169 1967 3220 ita
2024 3181 2078 3221 se

2185 3181 2301 3231 λον
2341 3176 2669 3245 φθείρουσα
2711 3170 2749 3239 ἢ
2799 3165 2983 3225 οὖσα·
3020 3168 3248 3237 φθορὰν
3293 3165 3405 3237 γὰρ
3462 3165 3763 3234 ἄφθαρτον

497 3257 717 3321 habeat,
754 3256 1001 3312 Gobarus
1034 3272 1224 3313 auctor
1262 3262 1444 3327 operis
1492 3258 1827 3312 diﬂ'erentem
1862 3269 2081 3310 senten-

496 3353 626 3403 tiam
660 3366 764 3403 non
799 3353 1127 3420 intelligens,
1179 3364 1481 3422 pugnantes
1514 3353 1913 3422 quodannion
1945 3351 2084 3403 inter

494 3458 557 3497 se
585 3444 807 3497 tradidit
830 3444 1229 3498 conclusiones.
1258 3474 1329 3483 -—
1364 3443 1628 3498 Futurum
1675 3444 1933 3498 saaculum
1985 3458 2082 3496 oc-

495 3547 680 3589 tavum
720 3546 806 3589 est
846 3554 860 3589 :
904 3547 957 3589 et
1012 3547 1204 3591 contra
1246 3552 1352 3590 non
1407 3548 1676 3598 octavum,
1734 3537 1826 3590 sed
1877 3548 2079 3588 n0num

500 3634 611 3680 est.
642 3653 709 3663 —
740 3624 1040 3679 Salvatoris
1092 3627 1263 3681 nostri
1299 3626 1425 3680 Jesu
1466 3625 1667 3679 Christi
1703 3624 1903 3695 289a
1956 3640 2082 3679 cor-

492 3731 597 3786 pus
632 3726 793 3769 leitue
827 3726 945 3769 erm
972 3726 1092 3785 post
1119 3718 1599 3781 resurrectionem,
1631 3725 1683 3769 et
1710 3718 1867 3785 agile,
1912 3715 2078 3769 caeleo

492 3818 601 3871 ste,
643 3809 779 3871 leve,
814 3823 985 3874 neque
1023 3809 1279 3877 tangihile
1318 3826 1333 3861 :
1377 3818 1427 3861 et
1471 3810 1594 3861 ideo
1624 3809 1844 3861 intravit
1880 3805 2081 3861 clausis

486 3900 670 3970 jauuis
705 3900 754 3953 ιι.
795 3898 861 3952 Ει
889 3900 1149 3969 tangibile
1180 3911 1233 3953 et
1281 3916 1522 3953 crassum
1579 3917 1775 3968 corpus
1802 3912 1883 3952 est
1935 3900 2080 3951 aliud

491 4008 525 4047 a
557 3992 706 4045 tenui
737 4009 750 4043 :
783 4002 837 4044 et
870 4008 934 4045 eo
966 3994 1108 4061 quod
1143 4003 1227 4045 est
1256 3993 1483 4046 diversa:
1527 3992 1712 4059 figura:
1742 4003 1797 4046 et
1854 3992 2079 4045 diversa:

496 4084 843 4137 substantite.
891 4082 1063 4153 Hujus
1107 4085 1442 4137 contrarium
1505 4096 1622 4136 est:
1662 4083 1942 4137 Domitium
1985 4100 2079 4135 no-

493 4173 885 4240 strum,Jesum
912 4174 1183 4229 Christum
1206 4187 1323 4243 post
1352 4178 1828 4239 resurrectionem,
1856 4191 1952 4229 nec
1980 4191 2078 4244 pu-

493 4283 640 4332 rum,
666 4283 765 4320 nec
786 4268 1004 4329 subtile,
1035 4284 1131 4321 nec
1155 4268 1294 4338 agile
1327 4284 1523 4337 corpus
1549 4268 1836 4322 habuisse:
1870 4269 2076 4336 magica

492 4374 625 4414 vero
679 4372 817 4424 arte,
876 4378 980 4413 non
1035 4354 1204 4430 ipsius
1296 4362 1540 4430 corporis
1623 4371 1839 4425 natura,
1892 4359 2077 4427 januis

491 4449 695 4506 clausis
742 4450 994 4506 intrasse.
1021 4480 1091 4492 —-
1117 4450 1366 4504 Christus
1406 4466 1511 4504 non
1548 4449 1796 4518 deposuit
1849 4464 2069 4503 carnem

2183 3266 2485 3320 ἀδύνατον
2521 3262 2673 3317 κατά
2705 3279 2770 3331 γε
2801 3262 2910 3327 τὰς
2941 3261 3148 3325 κοινὰς
3175 3259 3412 3323 ἐννοίας
3440 3254 3763 3321 ἐπινοηθῆ-

2182 3361 2282 3411 rat
2302 3372 2466 3411 ποτε.
2497 3356 2604 3408 Καὶ
2638 3355 2793 3425 δῆλον
2824 3354 2956 3407 ὅτιό
2983 3353 3079 3423 μὲν
3110 3350 3255 3423 ἱερὸς
3284 3343 3437 3412 οὗτος
3463 3347 3601 3418 ἀνὴρ
3632 3347 3764 3399 καθ’

2183 3448 2377 3518 ἑτέραν
2442 3446 2649 3498 ἔννοιαν
2699 3439 2853 3497 εἶπεν
2898 3443 3161 3496 ἀδύνατον
3222 3435 3357 3492 εἶναι
3408 3438 3506 3507 τὴν
3555 3436 3763 3507 φθοράν

2182 3540 2480 3609 ἄφθαρτον,
2520 3540 2547 3590 6
2579 3539 2635 3591 δὲ
2665 3538 2951 3597 θεσπέσιος
2989 3534 3245 3599 Ἰωάννης
3304 3531 3424 3584 καθ’
3463 3529 3688 3599 ἑτέραν·
3732 3528 3762 3579 6

2186 3630 2283 3701 μὲν
2318 3632 2424 3699 γάρ
2470 3628 2569 3699 τὴν
2602 3627 2807 3697 φθορὰν
2859 3625 3133 3695 ἄφθαρτον
3178 3617 3331 3675 εἶπεν
3374 3622 3497 3672 ἀντὶ
3537 3619 3626 3671 τοῦ
3672 3619 3757 3669 6:-

2182 3716 2542 3781 αιωνίζουσαν
2570 3717 2664 3768 καὶ
2686 3716 2776 3769 διὰ
2808 3716 3008 3777 παντὸς
3033 3714 3349 3783 γινομένην,
3380 3710 3506 3782 [896
3536 3707 3666 3779 li.]6
3694 3705 3751 3758 δὲ

2179 3811 2278 3880 τὴν
2307 3808 2514 3879 φθοράν
2540 3808 2819 3879 ἄφθαρτον
2848 3805 2922 3876 μὴ
2953 3800 3114 3869 εἶναι,
3146 3802 3395 3855 τουτέστι
3417 3801 3461 3831 ⁸⁸
3496 3800 3571 3869 μὴ
3600 3798 3758 3850 δύνα-

2182 3903 2304 3955 σθαι
2339 3901 2437 3972 τὴν
2476 3900 2682 3971 φθορὰν
2712 3898 2985 3952 ἀπάθειαν
3011 3891 3153 3948 εἶναι
3194 3895 3288 3948 καὶ
3328 3892 3636 3963 ἀφθαρσίαν
3666 3890 3762 3943 καὶ

2182 3995 2453 4065 σωστικὴν
2504 3993 2611 4045 τῶν
2662 3990 3036 4061 ὑποκειμένων
3055 3989 3119 4044 ίδ.
3148 3986 3287 4040 Ἀλλ’
3311 3986 3483 4048 οὕτως
3527 3984 3758 4055 ἐχούσης

2179 4088 2451 4158 ἑκατέρας
2481 4083 2740 4148 διανοίας,
2769 4086 2797 4137 6
2840 4080 3019 4152 nac’qp
3066 4080 3166 4151 τῆς
3214 4079 3494 4150 παρούσης
3518 4078 3757 4146 σπουδῆς

2177 4177 2441 4248 Γόσαρος,
2468 4175 2567 4244 τὴν
2586 4174 2843 4244 διάφορον
2866 4172 3071 4224 ἔννοιαν
3086 4172 3144 4223 οὐ
3163 4170 3390 4231 συνιεὶς,
3414 4168 3488 4229 ὡς
3513 4168 3753 4220 ἀντικειο

2180 4271 2347 4342 μένας
2364 4267 2622 4338 ἀλλήλαις
2644 4266 2927 4337 παρέθηκε
2948 4263 3049 4326 τὰς
3073 4261 3473 4331 φωνάς.--Ὀτι
3494 4262 3522 4312 6
3548 4260 3755 4330 μέλλων

2178 4358 2312 4415 αἰὼν
2335 4357 2521 4427 ὄγδοός
2535 4359 2676 4409 ἐστι·
2707 4356 2803 4407 καὶ
2818 4355 2879 4406 τὸ
2898 4351 3292 4420 ἀντικείμενον,
3320 4348 3395 4411 ὡς
3419 4348 3519 4400 οὐκ
3542 4347 3750 4415 ὄγδοος,

2176 4450 2291 4506 ἀλλ’
2326 4448 2734 4512 ἐνατος.-Ὅτι
2761 4445 2822 4498 τὸ
2843 4444 2935 4497 τοῦ
2960 4444 3211 4512 Σωτῆρος
3236 4440 3393 4510 ἡμῶν
3418 4438 3595 4509 Ἰησοῦ
3619 4440 3755 4509 Χρι-

491 4553 619 4614 post
650 4545 1133 4606 resurrectionem,
1172 4543 1265 4596 sed
1325 4558 1427 4595 una
1450 4558 1570 4594 cum
1601 4557 1762 4595 carne
1797 4542 1849 4594 in
1880 4542 2070 4595 dextra

2181 4542 2308 4599 στοῦ
2355 4541 2516 4611 σῶμα
2547 4538 2883 4609 λεπτομερὲς
2915 4536 3055 4606 μετά
3082 4538 3182 4605 τὴν
3219 4534 3513 4587 ἀνάστασιν
3560 4532 3754 4600 γέγονε

493 4635 646 4690 sedet
672 4634 853 4689 Patris
890 4651 907 4701 ;
939 4645 993 4689 et
1032 4650 1062 4689 e
1090 4634 1384 4698 contrario,
1425 4635 1602 4688 veniet
1627 4635 1873 4703 judicare
1920 4634 2071 4689 vivos

492 4736 548 4781 et
578 4740 838 4790 mortuos,
862 4742 966 4779 non
994 4741 1216 4782 carnem
1248 4726 1485 4789 indutus,
1544 4726 1637 4780 sed
1689 4725 1929 4779 divinum
1976 4727 2072 4780 ha-

492 4817 628 4873 bens
660 4833 877 4887 corpus.
913 4848 983 4858 —
1015 4817 1134 4872 Non
1165 4820 1346 4873 veniet
1408 4819 1667 4872 Dominus
1730 4820 1782 4871 in
1834 4820 2070 4873 secundo

489 4910 745 4974 adventu,
770 4910 865 4964 sed
926 4911 1071 4965 nuda
1121 4911 1422 4966 divinitate.
1461 4910 1575 4966 Hoc
1632 4927 1763 4967 vero
1823 4911 2069 4968 Gobarus

495 5010 664 5071 caput
713 5003 1086 5071 constituens,
1144 5013 1199 5058 et
1269 5006 1578 5059 testimonia
1636 5007 1907 5061 adducens
1959 5004 2068 5060 Titi

489 5093 731 5164 episcopi
777 5093 1123 5160 Bostrorum,
1155 5095 1410 5161 tuilleque
1439 5096 1542 5150 alia
1588 5097 1796 5151 habens
1825 5111 1943 5165 quae
1964 5098 2062 5150 ad-

486 5185 685 5240 ducere
707 5196 889 5255 posset
914 5187 1243 5253 testintonia,
1270 5188 1550 5241 Dominum
1582 5186 1765 5241 Jesum
1788 5186 2061 5242 Christum

486 5276 542 5332 in
571 5278 688 5333 sola
709 5279 995 5333 divinitate
1021 5290 1328 5344 venturum,
1350 5280 1753 5340 omnia'omisit.
1787 5292 1841 5333 et
1860 5280 2059 5335 nullius

483 5369 753 5435 meminit,
814 5371 1014 5440 ubique
1034 5370 1451 5440 'przesultantent
1500 5384 1653 5424 suam
1705 5372 2058 5439 impietatem,

554 5485 582 5525 ⁸
607 5482 801 5539 Matth.
826 5502 949 5551 xm,
991 5487 1077 5542 16.
1156 5482 1183 5523 ιι
1212 5484 1367 5539 Joan.
1402 5501 1493 5549 xx,
1516 5484 1605 5539 26.

2175 4636 2271 4691 καὶ
2301 4631 2666 4703 πνευματικὸν
2694 4630 2787 4683 καὶ
2815 4629 3063 4699 οὐράνιον
3094 4626 3189 4679 καὶ
3226 4623 3426 4692 κοῦφον
3471 4623 3568 4676 καὶ
3614 4623 3755 4691 μηδὲ

2177 4727 2484 4781 ὐποπίπτον
2512 4724 2645 4792 ἁφῇ,
2669 4722 2763 4773 καὶ
2789 4720 2877 4773 διὰ
2907 4717 3065 4771 τοῦτο
3103 4718 3197 4769 καὶ
3215 4718 3259 4748 ¹⁸
3287 4716 3397 4769 τῶν
3429 4714 3610 4785 θυρῶν
3635 4717 3754 4766 εἰσ-

2174 4818 2307 4890 ῆλθε
2331 4814 2766 4885 κεκλεισμένων·
2800 4810 2893 4865 καὶ
2922 4810 2997 4873 ὡς
3026 4807 3088 4861 τὸ
3116 4806 3286 4861 ἁπτὸν
3319 4807 3413 4858 καὶ
3434 4804 3758 4873 παχυμερὲς

2169 4910 2331 4981 σῶμα
2359 4907 2551 4978 ἕτερόν
2570 4908 2686 4957 ἐστι
2720 4902 2871 4973 παρά
2914 4900 2975 4954 τὸ
3022 4894 3381 4967 λεπτομερὲς,
3414 4894 3508 4947 καὶ
3540 4895 3758 4948 ἀντίτυ-

2168 5019 2291 5069 πον,
2321 5000 2417 5054 καὶ
2443 4999 2628 5060 οὐσίας
2648 4996 2937 5064 διαφόρου.
2984 4992 3093 5045 Καὶ
3118 4989 3215 5043 τοῦ
3241 4987 3536 5060 εἰρημένου
3566 4986 3624 5040 τὺ
3658 4988 3758 5039 άνο

2172 5093 2498 5163 τικείμενον,
2521 5092 2603 5143 ὅτι
2644 5090 2672 5142 6
2714 5087 2915 5156 Κύριος
2944 5084 3102 5155 ἡμῶν
3136 5080 3341 5151 Ἰησοῦς
3386 5079 3479 5132 6“
3517 5078 3757 5148 Χριστὸς

2176 5185 2315 5256 μετὰ
2344 5184 2443 5251 τὴν
2471 5170 2765 5234 ἀνάστασιν
2799 5176 2922 5229 οὐτε
2953 5174 3231 5241 ἀνέπαφον
3254 5168 3379 5222 οὐτε
3414 5168 3753 5236 λεπτομερὲς

2167 5275 2291 5331 οὔτε
2320 5272 2687 5344 πνευματικὸν
2711 5265 2825 5338 εἶχε
2856 5266 3036 5337 σῶμα,
3054 5263 3195 5318 κατὰ
3223 5258 3671 5331 θαυματουργία-θ
3695 5257 3751 5308 δὲ

2169 5370 2265 5423 καὶ
2292 5369 2351 5421 οὐ
2389 5370 2456 5438 τῇ
2481 5364 2573 5419 τοῦ
2604 5362 2855 5434 σώματος
2883 5359 3043 5429 φύσει
3069 5358 3179 5411 τῶν
3206 5352 3388 5427 θυρῶν
3415 5349 3630 5423 εἰσῆλθε
3661 5363 3747 5398 κ..

1759 5540 2003 5627 νΑιιιΑλ)
2058 5565 2462 5627 ιῑετιυιιεε.

585 5666 631 5698 ³⁸
662 5666 759 5735 τῆς
783 5682 893 5721 om.
919 5669 984 5721 A.
1061 5669 1102 5699 “
1135 5669 1229 5723 καὶ
1270 5682 1379 5721 om.
1411 5670 1474 5723 B.

1558 5669 1598 5701 "
1627 5666 1743 5722 εἶτα
1778 5670 1871 5719 καὶ
1903 5667 1984 5718 ὅτι
2022 5665 2066 5717 Α
2100 5681 2113 5717 :
2143 5662 2321 5715 καίτοι
2353 5678 2412 5723 ς.

2491 5654 2533 5685 ¹³
2566 5661 2690 5704 ante
2725 5649 2968 5701 τουτέστι
3002 5663 3121 5702 cum
3152 5646 3189 5699 Β
3218 5645 3375 5700 omisi
3406 5647 3519 5701 haec.
3552 5662 3754 5699 ετουτ-

490 5738 609 5810 ἐστι
630 5716 992 5810 μὴ’δύνασθαι
1024 5740 1122 5810 τὴν
1136 5716 1360 5809 ’φθοράν
1392 5716 1667 5809 ἄρ’θαρτον
1696 5743 1771 5807 μὴ
1802 5734 1965 5789 εἶναι.
2046 5734 2089 5765 ¹⁸
2116 5716 2492 5801 ὑποκειμένων
2521 5722 2811 5778 ἀπάθειαν.
2854 5718 2993 5771 Ἃλλ*
3029 5734 3089 5781 ς.
3168 5717 3210 5747 ¹⁵
3239 5718 3473 5770 xalante
3504 5716 3613 5767 τῶν
3634 5734 3750 5769 υιιι.

487 5804 553 5859 Β.
628 5806 673 5837 ¹⁶
696 5804 725 5857 6
754 5808 873 5861 add.
906 5809 971 5860 A.
