3954 6452
265 405 402 469 1097

1325 402 1852 469 BIBLIOTHECA.
1880 427 1949 438 ·-
1985 403 2150 465 COD.
2181 404 2515 467 CCXXXII.

3406 414 3543 482 1098

262 515 826 587 κλειομένων.-”Οτι
855 516 885 570 6
910 512 1148 585 Χριστὸς
1166 513 1267 568 οὐκ
1292 514 1527 568 ἀπέθετο
1548 514 1649 584 τὴν
1671 514 1851 583 σάρκα

1956 527 2073 582 quae
2092 512 2143 567 in
2176 513 2444 583 negando,
2469 513 2652 570 carnis
2678 529 2838 570 unam
2857 524 3104 575 naturam
3158 534 3300 583 esse.
3349 523 3419 579 im
3436 541 3540 596 pu-

266 609 409 679 μετά
434 608 536 678 τὴν
569 606 887 668 ἀνάστασιν,
921 605 1060 660 ἀλλά
1102 606 1239 675 μετά
1265 606 1365 674 τῆς
1397 606 1599 675 σαρκὸς
1626 606 1686 657 ὲν
1708 602 1860 677 δεξιᾷ

262 697 558 762 καθέζεται
587 696 685 750 τοῦ
722 696 936 768 Πατρός
956 712 983 743 ιι
1004 695 1100 748 καὶ
1126 696 1192 748 ὲκ
1218 694 1313 749 τοῦ
1341 694 1738 765 ἀντικειμένου,
1780 695 1861 760 ὡς

261 787 565 843 ἐλεύσεται⁸
597 786 723 859 [475
753 786 847 858 Η.]
880 788 979 857 μὲν
1012 789 1195 856 κρίναι
1235 788 1444 852 ζῶντας
1474 787 1570 841 καὶ
1603 788 1854 858 νεκροὺς,

262 879 446 933 οὐκέτι
475 877 533 931 δὲ
567 877 750 949 σάρκα
781 877 940 948 ἔχων,
973 877 1110 933 ἀλλά
1143 876 1536 950 θεοειδέστερον
1571 878 1754 949 σῶμα.
1787 907 1859 919 -—

265 968 464 1025 Ὀτιοὺ
492 969 630 1038 μετά
653 970 874 1039 σαρκὸς,
904 969 1040 1023 ἀλλὰ
1064 972 1244 1040 γυμνῇ
1265 972 1332 1040 τῇ
1360 968 1573 1039 θεότητι
1593 973 1735 1025 κατὰ
1757 970 1857 1042 τὴν

261 1061 526 1130 δευτέραν
556 1060 863 1130 παρουσίαν
891 1061 920 1112 6
946 1062 1225 1131 Δεσπότης
1255 1062 1637 1131 παραγίνεται.
1683 1062 1857 1116 Τοῦτο

261 1148 323 1205 δὲ
348 1148 577 1217 θέμενος
608 1149 635 1199 6
656 1147 896 1217 1‘66apo;
923 1148 1004 1211 είς
1035 1149 1351 1217 κεφάλαιον,
1373 1151 1468 1204 καὶ
1497 1150 1721 1219 χρήσεις
1749 1168 1856 1203 πα-

264 1238 527 1309 ραγαγὼν
574 1238 737 1291 Τίτου
787 1238 1091 1291 ἐπισκόπου
1143 1239 1428 1309 Βόστρων,
1467 1239 1668 1311 μυρίας
1714 1238 1854 1310 έχων

265 1331 461 1399 ἑτέρας
489 1331 819 1397 συναγαγεῖν
844 1330 900 1383 αἳ
925 1330 1396 1394 κατασκευάζουσι
1422 1330 1483 1382 τὸ
1506 1332 1583 1401 μὴ
1603 1332 1645 1362 ¹¹¹
1669 1333 1851 1401 γυμνῇ

265 1425 334 1493 τῇ
365 1422 581 1493 θεότητι
605 1420 1010 1491 παραγενέσθαι
1037 1422 1129 1476 τὸν
1150 1422 1427 1492 Δεσπότην
1456 1423 1708 1493 Χριστὸν,
1744 1423 1855 1477 πά-

267 1531 368 1575 σσις
412 1512 629 1581 παρῆκε
663 1513 757 1563 καὶ
785 1512 1042 1581 οὐδεμιᾶς
1091 1512 1362 1582 ἐμνήσθη,
1397 1512 1675 1582 πανταχοῦ
1718 1531 1855 1583 προ-

264 1604 527 1673 πηδῶσαν
552 1602 720 1655 αὑτοῦ
749 1603 845 1671 τῆς
877 1603 1057 1672 ψυχῆς
1094 1603 1403 1664 ἐπιδεικνὺς
1441 1605 1541 1672 τὴν
1573 1603 1851 1669 ἀσέϐειαν,

260 1696 393 1764 ἥτις
426 1696 482 1745 ὲν
511 1696 578 1764 τῇ
605 1694 913 1763 ἀπαρνήσει
941 1695 1041 1762 τῆς
1064 1693 1271 1763 σαρκὸς
1302 1694 1431 1762 μίαν
1454 1693 1617 1760 φύσιν
1647 1694 1852 1763 δογμα-

258 1788 434 1849 τίζειν
456 1784 1024 1839 ἀναιδεύεται.-Ὅτι
1043 1785 1105 1838 τὸ
1132 1784 1342 1847 ἀπαθὲς
1369 1784 1466 1838 καὶ
1492 1785 1736 1855 ἄτρωτον
1757 1786 1853 1839 καὶ

1976 604 2115 657 deus
2137 614 2241 669 est,
2276 605 2587 660 ostendens.
2623 635 2693 648 --
2715 605 2924 677 Corpus
2958 610 3313 680 impassibile,
3363 614 3542 671 invul-

1973 694 2238 749 nerabile.
2270 695 2685 765 et'immortale,
2737 698 2965 756 alterius
3008 711 3091 757 est
3118 703 3439 761 substantia:
3490 716 3545 763 et

1963 786 2326 854 generationis
2352 782 2513 856 quam
2550 802 2748 858 corpus
2774 799 3017 847 nostrum
3048 808 3064 845 :
3096 801 3153 848 et
3179 794 3427 848 mortalia
3487 796 3543 851 in

1964 877 2429 947 incorruptionem
2496 887 2553 935 et
2636 879 3097 937 immortalitatem
3182 884 3541 951 transeuntis,

1964 969 2319 1027 mutationem
2351 968 2671 1024 substantiae
2697 972 3005 1027 admittunt.
3028 973 3376 1031 —lDel‘mitio
3408 992 3542 1031 una-

1960 1075 2192 1129 quaeque
2247 1062 2484 1130 perfecta
2526 1077 2776 1129 manens,
2841 1064 3186 1121 deﬁnitorum
3257 1078 3545 1124 conservat

1962 1161 2253 1210 naturam:
2301 1154 2345 1209 si
2384 1155 2509 1224 quis
2548 1170 2678 1212 vero
2706 1156 2774 1211 ab
2811 1156 2903 1213 illo
2970 1158 3173 1227 aliquid
3234 1160 3541 1226 sustulerit,

1959 1245 2077 1300 eive
2101 1246 2387 1312 addiderit,
2411 1247 2690 1303 deﬁnitum
2710 1249 3044 1306 dissolvitur.
3073 1251 3197 1309 Haec
3225 1252 3333 1306 duo
3382 1253 3546 1321 igitur

1959 1336 2158 1403 capita,
2198 1338 2656 1405 quemadmodum
2680 1350 2735 1394 et
2759 1355 2925 1409 parva
2958 1341 3049 1394 illa
3083 1343 3239 1411 prius
3276 1342 3444 1409 dicta,
3474 1358 3544 1399 ex

1958 1441 2060 1480 una
2098 1436 2251 1493 parte
2278 1437 2528 1493 tantum,
2564 1438 2619 1482 et
2649 1446 2754 1485 non
2784 1447 2849 1485 ex
2892 1440 3121 1497 utraque
3168 1436 3543 1502 oppositurum

1957 1518 2283 1572 testimoniis
2342 1519 2686 1575 muniuntur.
2756 1521 2901 1577 Deus

1956 1610 2010 1663 in
2038 1611 2277 1675 omni,et
2316 1625 2481 1679 super
2510 1626 2694 1676 omne,
2715 1624 2768 1666 et
2818 1621 2961 1669 totus
3022 1624 3106 1669 est
3147 1629 3377 1683 corpore
3398 1616 3543 1684 quod

1955 1700 2055 1753 sibi
2095 1702 2433 1770 bypostatice
2503 1703 2773 1767 adunivit,
2796 1713 2850 1758 et
2879 1705 3201 1773 simpliciter
3242 1706 3544 1764 divinitatis

1958 1789 2267 1845 substantia
2314 1801 2425 1845 tum
2464 1802 2680 1857 natura,
2708 1808 2833 1847 cum
2874 1795 3075 1849 virtute
3120 1804 3175 1851 et
3201 1796 3543 1864 Operatione,

257 1877 530 1929 ἀθάνατον
560 1874 721 1943 σῶμα
748 1873 1088 1944 έτεροούσιόν
1112 1875 1157 1905 ¹⁸
1182 1876 1298 1928 ἐστι
1324 1875 1415 1929 καὶ
1440 1876 1750 1944 ἑτερογενὲς
1772 1875 1849 1945 τῷ

1956 1882 2133 1934 omnia
2153 1882 2409 1951 complet.
2432 1892 2486 1936 ct
2509 1897 2602 1950 per
2632 1884 2847 1953 singula
2866 1893 3045 1938 creata
3089 1885 3545 1941 communicando

258 1968 519 2037 ἡμετέρῳ
550 1965 764 2035 σώματι
790 1981 804 1996 ’
843 1967 937 2019 καὶ
979 1968 1063 2019 ὅτι
1114 1966 1183 2020 τά
1232 1967 1448 2036 φθαρτὰ
1473 1966 1512 1999 ¹⁹
1548 1968 1643 2021 καὶ
1687 1967 1856 2034 θνητά

258 2062 346 2120 είς
370 2058 681 2128 ἀφθαρσίαν
708 2058 803 2111 καὶ
835 2056 1135 2112 ἀθανασίαν
1168 2057 1570 2126 μεταϐάλλοντα
1592 2057 1692 2127 τὴν
1723 2073 1825 2110 κατ
1842 2060 1856 2078 ’

257 2153 453 2206 οὐσίαν
484 2150 694 2221 τροπὴν
719 2148 1253 2218 ὲπιδέχεται.-Ὂτι
1280 2147 1510 2210 ἕκαστος
1529 2148 1653 2217 ὅρος
1680 2148 1855 2216 μένων

257 2242 486 2308 ἐντελὴς
528 2241 629 2309 τὴν
672 2238 782 2291 τῶν
831 2237 1066 2308 ὁριστῶν
1096 2235 1351 2301 διασώζει
1381 2235 1542 2304 φύσιν
1563 2252 1578 2267 ο
1608 2237 1656 2288 εί
1687 2235 1743 2288 δέ
1770 2253 1856 2299 τις

256 2331 453 2385 τούτου
482 2331 670 2399 ἀφέλοι
698 2346 753 2381 τι
786 2329 819 2400 ἢ
852 2330 1175 2398 προσθήσει,
1208 2328 1268 2380 τὸ
1293 2327 1507 2398 ὁριστὸν
1544 2325 1841 2381 διαλύεται.

258 2425 451 2477 Ταῦτα
471 2425 653 2478 τοίνυν
672 2424 743 2477 τά
761 2423 857 2479 δύο
879 2423 1171 2491 κεφάλαια,
1188 2422 1378 2493 ὥσπερ
1402 2422 1496 2477 καὶ
1515 2422 1583 2476 τὰ
1607 2422 1847 2493 μικρῷ²⁰

256 2515 500 2586 πρόσθεν
528 2516 816 2587 εἰρημένα,
847 2514 1165 2585 μονομερῶς
1190 2515 1286 2568 καὶ
1335 2514 1436 2567 οὐκ
1487 2512 1548 2578 ἐξ
1585 2514 1851 2585 ἑκατέρου

255 2611 372 2664 τῶν
402 2608 795 2678 ἀντικειμένων
821 2607 922 2669 τὰς
950 2606 1176 2683 χρήσεις
1212 2604 1685 2670 ὲδέξαντο.-”Οτι
1706 2608 1735 2659 6
1756 2605 1851 2659 τοῦ

256 2701 401 2754 Θεοῦ
426 2701 599 2768 Λόγος
632 2700 752 2762 ὅλος
782 2698 933 2751 ἐστὶν
962 2698 1021 2750 ὲν
1046 2696 1124 2765 τῷ
1159 2696 1326 2749 παντὶ
1357 2697 1451 2750 καὶ
1473 2695 1615 2765 ὑπὲρ
1635 2696 1696 2749 τὸ
1718 2698 1850 2763 πᾶν,

1961 1984 2021 2024 se
2053 1972 2118 2025 ad
2154 1972 2467 2028 universum
2497 1975 2712 2029 transit.
2745 1972 2815 2027 Et
2847 1989 2955 2029 non
2999 1975 3094 2028 ita.
3124 1974 3267 2029 Deus
3292 1991 3389 2030 sua
3414 1978 3544 2031 sub-

1960 2062 2159 2115 stantia
2190 2070 2273 2115 est
2293 2074 2447 2117 extra
2487 2064 2825 2130 universum,
2857 2066 2910 2118 in
2965 2067 3220 2120 omnibus
3273 2082 3403 2121 vero
3430 2067 3545 2122 suis

1959 2164 2041 2206 cst
2074 2152 2385 2210 virtutibus.
2414 2182 2481 2196 -—
2500 2156 2641 2211 Ante
2694 2159 2880 2212 mutuli
2910 2160 3238 2212 creationem
3283 2157 3422 2214 Deus
3446 2175 3547 2214 an—

1959 2243 2105 2308 gelos
2138 2245 2362 2297 creavit.
2387 2242 2452 2298 Et
2472 2260 2575 2299 non
2596 2246 2807 2310 sic,sed
2830 2248 3005 2314 primo
3029 2249 3115 2301 die
3140 2262 3249 2317 quo
3276 2248 3536 2302 mundum

1952 2328 2175 2385 fecit.—
2197 2331 2393 2402 2896
2419 2333 2605 2402 Angeli
2630 2344 2686 2387 et
2712 2335 2982 2391 daemones
3008 2338 3324 2407 corporibus
3350 2338 3547 2392 uniun-

1960 2427 2074 2484 tur,
2105 2431 2163 2476 et
2192 2432 2405 2489 contra,
2431 2426 2607 2477 neutri
2628 2424 2819 2481 borum
2845 2428 3164 2496 corporibus
3189 2430 3545 2487 uniuntur.—

1958 2512 2150 2583 Angeli
2166 2521 2218 2568 et
2235 2514 2525 2569 rationales
2546 2518 2763 2583 animae,
2787 2526 2842 2573 et
2860 2532 3049 2577 omnes
3060 2530 3323 2574 creatura:
3344 2521 3546 2574 intelli-

1960 2604 2173 2674 gibiles,
2196 2612 2385 2659 natura
2412 2606 2551 2674 ipsa,
2570 2616 2626 2661 et
2648 2610 2941 2662 secundum
2958 2618 3207 2664 naturam
3228 2611 3547 2679 incorrupti-

1958 2694 2093 2750 biles
2121 2705 2176 2749 et
2206 2695 2539 2751 immortales
2552 2706 2696 2751 sunt.
2724 2698 2788 2753 Et
2811 2715 2842 2753 e
2868 2703 3163 2764 contrario,
3188 2715 3291 2755 non
3321 2709 3543 2767 natura,

2972 1521 3204 1577 Verbum
3262 1532 3404 1579 totus
3458 1534 3545 1579 est
3658 1548 3663 1553 ο

254 2791 359 2845 καὶ
381 2792 501 2854 ὅλος
528 2792 738 2855 ὲστὶνξί
775 2792 833 2847 έν
898 2789 978 2859 τῷ
1031 2788 1243 2857 σώματι
1294 2786 1323 2840 6
1383 2786 1507 2840 καθ’
1560 2787 1851 2841 ὑπόστασιν

1967 2788 2059 2843 sed
2078 2789 2251 2857 gratia
2271 2797 2398 2844 sunt
2426 2790 2789 2857 immortales;
2822 2802 3011 2846 natura
3041 2807 3171 2845 vero
3197 2791 3343 2846 solus
3379 2792 3543 2846 Deus.

250 2887 473 2956 ⁴ῐινωσι-ῖν
504 2884 684 2954 ἑαυτῷ
706 2897 722 2913 ⁸
771 2884 865 2937 καὶ
907 2882 1093 2943 ἁπλῶς
1136 2882 1172 2950 ἡ
1205 2880 1305 2948 τῆς
1331 2877 1584 2950 θεότητος
1626 2879 1783 2933 οὐσία
1817 2881 1909 2933 καὶ
1946 2880 2106 2948 φύσει
2133 2881 2229 2933 καὶ
2257 2882 2324 2951 τῇ
2350 2881 2581 2950 δυνάμει
2607 2882 2703 2936 καὶ
2722 2884 2790 2953 τῇ
2825 2882 3077 2953 ἐνεργείᾳ
3105 2883 3285 2937 πάντα
3323 2882 3544 2953 πληροῖ,

253 2978 357 3031 καὶ
374 2974 443 3031 δι’
463 2977 697 3029 ἑκάστου
724 2976 833 3029 τῶν
862 2975 1031 3029 ὄντων
1057 2975 1216 3029 δίεισι
1242 2977 1310 3045 τῇ
1339 2973 1476 3043 πρὸς
1495 2972 1555 3027 τὸ
1577 2974 1685 3027 πᾶν
1706 2972 2030 3042 ἀνακράσει.
2063 2971 2176 3026 Καὶ
2203 2972 2287 3026 ὅτι
2315 2971 2414 3041 οὐχ
2442 2970 2612 3034 οὕτως
2634 3011 2651 3035 ,
2681 2973 2797 3026 ἀλλ’
2861 2972 2891 3025 ὁ
2956 2973 3089 3037 Θεὸς
3146 2974 3306 3039 ὲκτός
3366 2978 3481 3030 ἐστι
3498 2979 3547 3011 ’ί

252 3068 357 3121 τοῦ
390 3068 591 3131 παντὸς
615 3067 737 3121 κατ’
770 3067 979 3132 οὐσίαν,
1011 3069 1069 3121 ἐν
1102 3069 1235 3121 πᾶσι
1266 3067 1323 3121 δέ
1354 3069 1471 3120 ἐστι
1498 3068 1619 3130 ταῖς
1655 3064 1848 3118 ἑαυτοῦ
1887 3064 2200 3133 δυνάμεσιν.
2223 3063 2420 3117 -Ὃτι
2450 3062 2560 3133 πρὸ
2586 3063 2687 3132 τῆς
2727 3063 2821 3116 τοῦ
2853 3064 3058 3134 κόσμου
3118 3064 3387 3132 γενέσεως
3452 3067 3549 3120 καὶ

255 3164 529 3235 ἀγγέλους
558 3168 585 3219 6
618 3164 753 3227 Θεὸς
782 3163 963 3217 ἔκτισε
990 3181 1003 3195 ·
1055 3164 1150 3217 καὶ
1180 3166 1261 3218 δτι
1290 3164 1388 3234 οὐχ
1416 3162 1618 3228 οὕτως,
1652 3163 1767 3217 ἀλλ’
1790 3164 1850 3215 ὲν
1884 3164 1951 3233 τῇ
1985 3160 2175 3232 πρώτῃ
2202 3160 2301 3230 τῆς
2322 3160 2713 3231 κοσμογενείας
2740 3160 3143 3231 ἡμέρᾳ.-Ὄτι
3204 3160 3257 3213 οἱ
3321 3159 3545 3230 ἄγγελοι

255 3262 358 3313 καὶ
380 3259 428 3311 oi
451 3256 704 3326 δαίμονες
738 3255 986 3325 σώμασιν
1014 3256 1251 3326 ἦνωνται
1272 3298 1286 3321 ,
1320 3258 1412 3309 καὶ
1444 3257 1525 3309 ὅτι
1566 3254 1837 3325 οὐδέτεροι
1876 3253 2054 3307 αὐτῶν
2086 3252 2300 3323 σώμασι
2329 3251 2789 3320 ἥνωνται.-Ὄτι
2811 3253 2861 3305 οί
2894 3252 3114 3320 ἄγγελοι
3145 3253 3240 3307 καὶ
3307 3253 3366 3306 αἱ
3458 3253 3548 3306 λο-

254 3351 421 3419 γικαὶ
444 3350 614 3419 ψυχαὶ
639 3350 733 3402 καὶ
766 3350 944 3404 πάντα
970 3351 1042 3403 τὰ
1070 3352 1235 3420 νοερά
1263 3352 1541 3421 κτίσματα
1565 3350 1723 3419 φύσει
1754 3351 1847 3402 καὶ
1884 3348 2026 3403 κατά
2053 3349 2215 3417 φύσιν
2245 3346 2381 3399 εἰσιν
2412 3344 2694 3415 ἄφθαρτα·
2723 3346 2818 3399 καὶ
2851 3346 2915 3399 ὲκ
2980 3345 3077 3399 τοῦ
3144 3345 3546 3416 ἀντικειμένου,

254 3444 345 3497 ὅτι
390 3442 454 3495 οὐ
498 3441 679 3509 φύσει,
707 3442 842 3495 ἀλλά
889 3443 1073 3513 χάριτί
1121 3447 1259 3498 εἰσιν
1306 3445 1584 3507 ἀθάνατοι,
1613 3444 1774 3513 φύσει
1799 3442 1855 3496 δὲ
1896 3443 2055 3512 μόνος
2092 3444 2120 3495 ὁ
2156 3440 2310 3503 Θεός.

334 3531 461 3603 [897
496 3529 589 3603 IL]
613 3532 737 3585 Ὅτι
772 3533 821 3585 οἱ
858 3531 1078 3601 ἄγγελοι
1131 3534 1488 3598 κατελθόντες
1518 3536 1583 3587 ὲκ
1610 3534 1720 3588 τῶν
1761 3534 1851 3586 οὒ-

2024 3530 2213 3599 Angeli
2242 3529 2633 3586 descendentes
2665 3530 2845 3585 ecmlo
2872 3529 2923 3583 in
2957 3538 3179 3595 terram,
3204 3542 3425 3583 carnem
3448 3527 3549 3581 ha-

259 3624 449 3698 ρανῶν
488 3624 571 3686 είς
623 3623 725 3691 τὴν
780 3623 883 3693 γῆν
940 3625 1120 3695 σάρκα
1136 3626 1183 3658 ³³
1207 3643 1267 3678 τε
1297 3626 1453 3696 ἔσχον
1506 3626 1600 3678 καὶ
1663 3625 1849 3679 παιδο-

1956 3623 2202 3689 buerunt,
2251 3630 2308 3678 et
2353 3622 2630 3690 genitalia,
2655 3631 2711 3675 et
2745 3636 2866 3675 cum
2899 3620 3216 3674 mulieribus
3265 3619 3541 3674 commisti

257 3715 396 3769 ποιὰ
435 3715 598 3785 μόρια
634 3754 650 3778 ,
704 3714 803 3767 καὶ
855 3717 973 3779 ταῖς
1012 3716 1262 3783 γυναιξὶν
1311 3716 1673 3786 ὁμιλήσαντες
1722 3716 1848 3778 τοὺς

1956 3714 2194 3785 gigantes
2224 3722 2584 3781 procrearunt
2619 3728 2634 3765 :
2678 3719 2734 3765 et
2780 3713 3080 3765 docuerunt
3120 3710 3243 3765 illos
3300 3718 3449 3764 artes
3488 3722 3545 3764 et

258 3807 531 3875 γίγαντας
583 3807 902 3877 ἐγέννησαν,
933 3808 1029 3858 καὶ
1071 3806 1317 3870 ἐδίδαξαν
1350 3808 1545 3871 αὐτοὺς
1572 3807 1764 3877 τέχνας
1786 3823 1848 3859 τε

258 3900 358 3953 καὶ
408 3898 763 3967 κακοτεχνίας
798 3912 814 3928 ’
851 3899 898 3950 οἱ
933 3898 990 3950 δὲ
1023 3896 1279 3965 γίγαντες
1342 3898 1557 3965 ἀλόγοις
1597 3897 1848 3967 μιγέντες

258 3990 564 4058 ἐγέννησαν
610 3989 935 4060 τερατώδεις
978 3989 1297 4060 ἀνθρώπους
1340 3990 1433 4043 καὶ
1467 3982 1719 4059 δαιμόνια
1747 3990 1849 4061 ἄῤ-

260 4081 396 4153 ρενά
425 4097 484 4133 τε
506 4083 599 4133 καὶ
657 4080 853 4150 θήλεασ
883 4080 1203 4143 κολάζονται
1240 4081 1297 4134 δὲ
1327 4082 1376 4134 οἱ
1406 4080 1628 4148 ἄγγελοι
1650 4083 1847 4133 ἐκεῖνοι

258 4172 393 4227 ἔνθα
443 4173 539 4241 τῆς
578 4172 682 4241 γῆς
715 4170 826 4243 πῦρ
858 4173 1167 4226 ἀναδίδοται
1197 4173 1293 4225 καὶ
1324 4174 1504 4245 θερμά
1523 4172 1723 4227 ῦδαταο
1753 4174 1847 4226 καὶ

257 4266 347 4318 ὃτι
386 4266 438 4317 αἱ
494 4263 665 4333 ψυχαὶ
717 4265 827 4317 τῶν
871 4264 1209 4335 ἁμαρτωλῶν
1266 4265 1519 4333 δαιμόνια
1564 4265 1844 4333 γίνονται.

257 4357 377 4409 Καὶ
404 4357 740 4420 τούναντίον,
763 4358 847 4409 ὅτι
872 4357 1102 4426 ἄσαρκοι
1120 4358 1274 4419 ὄντες
1299 4360 1347 4410 oi
1369 4358 1848 4430 ἀποστατήσαντες

254 4446 485 4516 ἄγγελοι
534 4449 595 4501 οὐ
627 4448 696 4501 δι’
726 4449 958 4516 ἑαυτῶν,
1004 4450 1141 4504 ἀλλά
1178 4451 1267 4503 διὰ
1330 4452 1513 4519 μέσων
1542 4452 1846 4522 ἀνθρώπων

256 4537 539 4608 ὲμίγησαν
588 4540 714 4602 ταῖς
764 4539 1002 4608 γυναιξὶ,
1069 4541 1272 4611 μᾶλλον
1296 4542 1353 4596 δὲ
1382 4541 1507 4595 οῦτε
1537 4543 1605 4595 δι’
1638 4544 1847 4597 ἑαυτῶν

257 4626 389 4682 αὔτε
411 4628 500 4681 διὰ
532 4628 712 4699 μέσων
763 4630 1068 4701 ἀνθρώπων
1089 4646 1104 4661 ·
1129 4633 1226 4686 καὶ
1277 4633 1360 4685 ὅτι
1382 4633 1445 4686 ού
1479 4632 1845 4704 μεταϐάλλου-

264 4719 418 4770 σινίδ
472 4721 527 4773 αἱ
576 4721 686 4775 τῶν
726 4722 1031 4792 ἀνθρώπων
1084 4723 1255 4794 ψυχαὶ
1323 4728 1403 4787 είς
1460 4726 1735 4796 δαιμόνια.
1778 4756 1848 4768 -

262 4808 399 4880 [674
430 4808 519 4881 IL]
568 4810 693 4863 Ὅτι
762 4812 791 4864 6
826 4811 1053 4883 οὐρανὸς
1111 4813 1403 4883 σφαιρικός
1460 4816 1574 4868 ἐστι
1611 4816 1704 4869 καὶ
1750 4815 1847 4868 κύ-

1949 3805 2118 3859 malas
2154 3815 2317 3858 artes.
2353 3802 2611 3873 Gigantes
2650 3816 2780 3857 vero
2823 3815 2943 3855 cum
2980 3801 3155 3856 brutis
3189 3801 3545 3871 congredien-

1951 3897 2052 3961 les,
2085 3896 2330 3951 homines
2375 3895 2710 3964 prodigiosos
2747 3908 3011 3963 genuere,
3040 3902 3091 3949 et
3130 3893 3404 3947 demones
3433 3902 3543 3947 tam

1948 3986 2090 4039 virili
2136 4001 2299 4053 quam
2352 3984 2599 4040 muliebri
2640 3985 2840 4054 specie.
2873 3983 2952 4038 llli
3011 3983 3186 4053 angeli
3229 3984 3543 4061 puniuntur.

1949 4075 2039 4128 ubi
2077 4084 2343 4129 terrarum
2371 4074 2512 4142 ignis
2533 4075 2713 4131 editur
2745 4085 2911 4143 atque
2954 4073 3214 4142 erumpit,
3255 4083 3311 4126 et
3368 4074 3541 4127 calida

1950 4182 2112 4238 aqua.
2144 4166 2353 4220 Animae
2380 4174 2726 4232 peccatorum
2779 4163 3047 4219 daemonia
3073 4172 3219 4218 sunt.
3254 4162 3325 4217 Et
3352 4174 3541 4218 contra

1948 4273 2137 4314 omnes
2162 4257 2335 4327 angeli
2361 4256 2612 4324 rebelles,
2632 4270 2755 4311 cum
2774 4256 2891 4309 sine
2907 4270 3067 4309 carne
3092 4254 3291 4308 fuerint
3314 4269 3420 4308 non
3448 4270 3542 4323 per

1948 4368 2026 4419 se,
2058 4354 2151 4409 sed
2184 4353 2265 4407 usi
2286 4351 2605 4406 -bominibus
2637 4352 2783 4404 velut
2828 4349 3219 4411 instrumentis,
3262 4349 3542 4417 congressi

1948 4455 2074 4501 sunt
2125 4459 2249 4500 cum
2300 4444 2537 4508 feminis;
2570 4452 2626 4497 at
2660 4443 2837 4512 potius
2873 4457 3047 4513 neque
3089 4456 3188 4512 per
3223 4456 3302 4505 se,
3360 4457 3535 4509 neque

1950 4537 2260 4592 hominibus
2318 4537 2402 4592 usi
2442 4535 2586 4589 velut
2629 4535 2839 4600 mediis,
2896 4544 3085 4588 etnon
3129 4542 3406 4587 mutantur
3437 4533 3539 4589 ho-

1949 4630 2155 4683 minum
2176 4630 2369 4684 anima:
2408 4629 2460 4682 in
2486 4628 2767 4682 daemonia.
2787 4656 2860 4667 ——
2881 4626 3091 4682 Caelum
3116 4625 3405 4681 rotundum
3432 4634 3539 4686 est,

1951 4736 2124 4790 neque
2152 4721 2206 4774 in
2231 4721 2420 4776 orbem
2452 4719 2701 4773 vertitur.
2727 4718 2794 4772 Et
2843 4732 2950 4773 non
2997 4726 3083 4774 est
3126 4717 3438 4783 rotundum,
3481 4728 3541 4772 et

1950 4817 2004 4869 in
2061 4815 2246 4869 orbem
2300 4812 2549 4866 vertitur.
2581 4840 2654 4851 —
2677 4810 2791 4865 Hoc
2842 4810 2986 4878 quod
3016 4810 3217 4866 dictum
3250 4827 3264 4863 :
3303 4807 3538 4871 Spiritus

262 4902 450 4970 κλῳ²⁸
508 4905 733 4955 κινεῖτσι
784 4918 800 4932 ο
838 4904 933 4956 κα)⁸
978 4904 1061 4956 ὅτι
1113 4903 1238 4956 οὔτε
1258 4904 1305 4936 ³⁵
1361 4907 1648 4977 σφαιρικός
1697 4909 1843 4961 ἔστιν

1956 4905 2161 4959 Domini
2203 4904 2471 4973 ferebatur
2507 4917 2664 4971 super
2687 4902 2908 4970 aquosi,
2932 4900 3019 4955 hic
3046 4899 3282 4968 Spiritus
3314 4908 3536 4954 sanctus

253 4990 455 5043 οὓτείτ
518 4991 704 5061 κύκλῳ
746 4995 998 5045 κινεῖται.
1069 5023 1141 5034 -
1206 4994 1333 5047 Ὅτι
1411 4996 1473 5048 τὸ
1532 4998 1845 5066 εἰρημένον,

1957 4995 2078 5059 fuit;
2111 5002 2164 5048 et
2186 5000 2372 5049 contra
2392 4991 2633 5061 Spiritus
2663 4999 2886 5044 sanctus
2911 4988 3161 5053 nonfuit,
3193 4992 3289 5044 sed
3312 5004 3480 5043 unum
3506 5005 3542 5043 θ

256 5080 513 5149 Πνεῦμα
558 5083 707 5137 Θεοῦ
757 5083 1081 5151 ἐπεφέρετο
1110 5084 1311 5139 ἐπάνω
1349 5086 1460 5141 τοῦ
1501 5087 1742 5154 ὕδατος,
1782 5088 1846 5141 τὸ

1956 5096 2187 5156 quatuor
2207 5085 2596 5140 elementis.-—
2625 5082 2749 5137 Dies
2790 5080 3100 5137 Dominicus
3145 5081 3286 5135 idem
3340 5090 3448 5141 est,
3485 5090 3542 5137 et

254 5171 493 5240 Πνεῦμα
538 5172 599 5224 τὸ
654 5173 809 5242 ἅγιον
852 5171 957 5245 ἦν·
1022 5176 1116 5228 καὶ
1189 5177 1272 5230 ὄτι
1320 5178 1384 5229 οὺ
1414 5178 1476 5230 τὸ
1510 5178 1735 5249 Πνεῦμα
1779 5179 1840 5232 τὸ

1956 5188 2171 5232 octavus
2195 5186 2250 5230 et
2276 5176 2480 5245 primus
2504 5190 2521 5239 ;
2549 5182 2604 5229 et
2654 5188 2758 5227 non
2809 5172 2906 5227 sic.
2931 5198 3003 5212 —
3024 5172 3231 5229 Animae
3262 5173 3538 5227 hominum

252 5262 420 5327 ἆγιον
441 5257 531 5331 ἦν,
556 5261 693 5315 ἀλλά
724 5263 783 5315 τὸ
809 5263 865 5315 ἒν
889 5264 996 5317 τῶν
1013 5266 1297 5335 τεσσάρων
1319 5268 1617 5337 στοιχείων.
1634 5297 1701 5307 -—
1724 5269 1846 5319 Ὀτι

1957 5278 2081 5324 sunt
2111 5282 2337 5336 corpora
2366 5265 2755 5334 intelligibilia,
2784 5274 2839 5319 et
2858 5264 3043 5319 eadem
3073 5262 3243 5331 ﬁgura
3270 5273 3538 5328 sunt,qua

248 5355 287 5422 ή
314 5352 557 5422 κυριακὴ
585 5354 767 5424 ἡμέρα
794 5357 827 5425 ἡ
849 5357 988 5427 αύτή
1021 5358 1171 5411 ἐστιν
1196 5360 1293 5428 ﬂ”
1314 5359 1473 5430 ὀγδόη
1505 5361 1600 5413 καὶ
1630 5358 1844 5429 πρώτη*

1956 5362 2127 5416 Forma
2143 5360 2381 5415 exterior
2410 5358 2674 5426 corporis;
2688 5366 2740 5411 et
2765 5371 2796 5411 e
2815 5357 3109 5421 contrario,
3127 5356 3438 5424 incorporea
3457 5364 3539 5410 est

430 5466 566 5521 Gen.
598 5484 635 5533 ”
660 5468 717 5534 ρ’
1559 5552 1795 5607 vanus
1827 5555 2233 5613 LECTIONES.
2296 5552 2303 5561 ‘

331 5654 373 5683 ¹⁷
408 5652 483 5721 μὴ
516 5650 637 5722 add.
667 5652 756 5722 A.__
813 5650 854 5679 ³⁸
887 5648 1193 5722 ἐτερούσιον
1222 5665 1281 5722 ς,
1362 5647 1402 5678 ¹⁹
1433 5645 1647 5722 φθαρτά
1693 5649 1791 5699 καὶ
1818 5649 1939 5703 add.
1967 5649 2031 5703 A.
2108 5650 2153 5722 _’°
2200 5650 2369 5722 μικρά
2394 5668 2454 5714 ς.
2524 5654 2571 5722 _"
2605 5654 2751 5706 ἐστὶν
2784 5654 2813 5705 ὁ
2836 5652 2893 5703 ὲν
2925 5668 2990 5722 ς·⁸
3037 5650 3261 5722 ¹¹έστὶν
3286 5644 3531 5722 ἐκτὸςις.

248 5729 301 5759 ³³
346 5715 554 5790 σάρκας
580 5721 643 5790 ΑΔ.
719 5719 765 5790 ’ξ
802 5717 1227 5790 μεταϐάλλουσιν
1251 5719 1334 5790 A_:
1370 5716 1798 5790 μεταϐάλλονται
1827 5737 1851 5790 Δς

1956 5721 2009 5773 :f.
2038 5720 2143 5775 col.
2184 5715 2323 5777 11οὉ
2354 5721 2395 5775 Β
2422 5730 2476 5776 et
2508 5720 2570 5777 C.
2648 5725 2691 5756 ³⁵
2725 5723 2819 5775 καὶ
2871 5719 3055 5790 κύκλῳ
3078 5721 3125 5774 Α
3158 5738 3170 5774 :
3200 5717 3321 5773 οὔτε
3354 5715 3537 5784 κύκλῳ

250 5815 326 5861 ς,
348 5792 361 5799 ”
407 5785 553 5844 “Em
575 5788 699 5842 οὕτε
730 5789 774 5840 Α
804 5785 815 5841 ἐ
844 5789 922 5841 ὅτι
948 5788 1011 5839 οὐ
1047 5804 1105 5850 ς.
1187 5788 1228 5817 ³⁷
1260 5785 1381 5841 οὔτε
1414 5786 1457 5838 Α
1491 5806 1502 5839 ;
1537 5786 1631 5839 καὶ
1662 5803 1723 5850 ς.
1799 5788 1843 5821 ³⁸
1879 5792 1912 5859 ἡ
1940 5790 2133 5845 om.A.

608 5884 879 5947 Ρηιιοι..
913 5880 1029 5939 Gn.
1064 5879 1224 5939 Clll.

3020 5880 3099 5939 35
