  <div class='ocr_page' id='page_1' title='image "/cluster/home/n/w/nwhite01/storage/ocr_20150623/103:no.3/coo.31924054870070/565.png"; bbox 0 0 3954 6498; ppageno 0'>
   <div class='ocr_carea' id='block_1_1' title="bbox 471 419 605 484">
    <p class='ocr_par' dir='ltr' id='par_1_1' title="bbox 471 419 605 484">
     <span class='ocr_line' id='line_1_1' title="bbox 471 419 605 484; baseline 0 -1"><span class='ocrx_word' id='word_1_1' title='bbox 471 419 605 484; x_wconf 79' lang='lat'><strong>1099</strong></span> 
     </span>
    </p>
   </div>
   <div class='ocr_carea' id='block_1_2' title="bbox 1608 411 2557 476">
    <p class='ocr_par' dir='ltr' id='par_1_2' title="bbox 1608 411 2557 476">
     <span class='ocr_line' id='line_1_2' title="bbox 1608 411 2557 476; baseline 0.001 -2"><span class='ocrx_word' id='word_1_2' title='bbox 1608 411 1870 474; x_wconf 78' lang='grc' dir='ltr'><strong>ΡΠΟΤῙῙ</strong></span> <span class='ocrx_word' id='word_1_3' title='bbox 1905 412 2409 474; x_wconf 73' lang='grc' dir='ltr'><strong>ΡΑΤΗΙΑΗΟΗΕ</strong></span> <span class='ocrx_word' id='word_1_4' title='bbox 2449 416 2557 476; x_wconf 83' lang='lat' dir='ltr'><strong>CP.</strong></span> 
     </span>
    </p>
   </div>
   <div class='ocr_carea' id='block_1_3' title="bbox 3548 432 3653 500">
    <p class='ocr_par' dir='ltr' id='par_1_3' title="bbox 3548 432 3653 500">
     <span class='ocr_line' id='line_1_3' title="bbox 3548 432 3653 500; baseline 0.057 -7"><span class='ocrx_word' id='word_1_5' title='bbox 3548 432 3653 500; x_wconf 77' lang='lat'><strong>1100</strong></span> 
     </span>
    </p>
   </div>
   <div class='ocr_carea' id='block_1_4' title="bbox 467 530 2052 609">
    <p class='ocr_par' dir='ltr' id='par_1_4' title="bbox 467 530 2052 603">
     <span class='ocr_line' id='line_1_4' title="bbox 467 530 2052 603; baseline -0.003 -16"><span class='ocrx_word' id='word_1_6' title='bbox 467 536 734 599; x_wconf 86' lang='lat' dir='ltr'><strong>anima,ct</strong></span> <span class='ocrx_word' id='word_1_7' title='bbox 748 532 1019 603; x_wconf 84' lang='lat' dir='ltr'><strong>corporeis</strong></span> <span class='ocrx_word' id='word_1_8' title='bbox 1032 546 1138 589; x_wconf 91' lang='lat' dir='ltr'><strong>non</strong></span> <span class='ocrx_word' id='word_1_9' title='bbox 1155 530 1434 602; x_wconf 79' lang='lat' dir='ltr'><strong>subjicitur</strong></span> <span class='ocrx_word' id='word_1_10' title='bbox 1450 530 1653 602; x_wconf 78' lang='lat' dir='ltr'><strong>ﬁguris.</strong></span> <span class='ocrx_word' id='word_1_11' title='bbox 1674 561 1736 571; x_wconf 90' lang='lat'><em>—</em></span> <span class='ocrx_word' id='word_1_12' title='bbox 1750 531 1955 584; x_wconf 80' lang='lat' dir='ltr'><strong>Animae</strong></span> <span class='ocrx_word' id='word_1_13' title='bbox 1971 531 2052 583; x_wconf 88' lang='lat' dir='ltr'><strong>ho-</strong></span> 
     </span>
    </p>
   </div>
   <div class='ocr_carea' id='block_1_5' title="bbox 2147 530 3658 609">
    <p class='ocr_par' dir='ltr' id='par_1_5' title="bbox 2168 530 3658 609">
     <span class='ocr_line' id='line_1_5' title="bbox 2168 530 3658 609; baseline 0.014 -27"><span class='ocrx_word' id='word_1_14' title='bbox 2168 530 2261 583; x_wconf 72' lang='grc' dir='ltr'>καὶ</span> <span class='ocrx_word' id='word_1_15' title='bbox 2289 533 2371 585; x_wconf 85' lang='grc' dir='ltr'>ὅτι</span> <span class='ocrx_word' id='word_1_16' title='bbox 2411 533 2552 602; x_wconf 85' lang='grc' dir='ltr'>οὐχί.</span> <span class='ocrx_word' id='word_1_17' title='bbox 2574 559 2644 571; x_wconf 84' lang='lat'><strong>-</strong></span> <span class='ocrx_word' id='word_1_18' title='bbox 2676 532 2794 586; x_wconf 86' lang='grc' dir='ltr'>Ὀτι</span> <span class='ocrx_word' id='word_1_19' title='bbox 2839 531 3067 605; x_wconf 87' lang='grc' dir='ltr'>σώματά</span> <span class='ocrx_word' id='word_1_20' title='bbox 3111 537 3218 589; x_wconf 88' lang='grc' dir='ltr'>εἰσι</span> <span class='ocrx_word' id='word_1_21' title='bbox 3241 539 3388 609; x_wconf 82' lang='grc' dir='ltr'>νοερά</span> <span class='ocrx_word' id='word_1_22' title='bbox 3413 543 3460 595; x_wconf 86' lang='grc' dir='ltr'>αι</span> <span class='ocrx_word' id='word_1_23' title='bbox 3482 546 3572 601; x_wconf 82' lang='grc' dir='ltr'><strong>τῶν</strong></span> <span class='ocrx_word' id='word_1_24' title='bbox 3588 553 3658 604; x_wconf 84' lang='grc' dir='ltr'><strong>ἀν-</strong></span> 
     </span>
    </p>
   </div>
   <div class='ocr_carea' id='block_1_6' title="bbox 471 619 2052 705">
    <p class='ocr_par' dir='ltr' id='par_1_6' title="bbox 471 619 2052 682">
     <span class='ocr_line' id='line_1_6' title="bbox 471 619 2052 682; baseline -0.006 0"><span class='ocrx_word' id='word_1_25' title='bbox 471 624 680 682; x_wconf 89' lang='lat' dir='ltr'><strong>minum</strong></span> <span class='ocrx_word' id='word_1_26' title='bbox 723 633 847 678; x_wconf 95' lang='lat' dir='ltr'><strong>ante</strong></span> <span class='ocrx_word' id='word_1_27' title='bbox 872 625 1052 679; x_wconf 92' lang='lat' dir='ltr'><strong>mundi</strong></span> <span class='ocrx_word' id='word_1_28' title='bbox 1082 623 1520 678; x_wconf 77' lang='lat' dir='ltr'><strong>constitutionem</strong></span> <span class='ocrx_word' id='word_1_29' title='bbox 1552 621 1790 682; x_wconf 83' lang='lat' dir='ltr'><strong>fuerunt,</strong></span> <span class='ocrx_word' id='word_1_30' title='bbox 1822 630 1875 673; x_wconf 90' lang='lat' dir='ltr'><strong>et</strong></span> <span class='ocrx_word' id='word_1_31' title='bbox 1910 619 2052 673; x_wconf 67' lang='lat' dir='ltr'><strong>caelis</strong></span> 
     </span>
    </p>
   </div>
   <div class='ocr_carea' id='block_1_7' title="bbox 2147 619 3663 705">
    <p class='ocr_par' dir='ltr' id='par_1_7' title="bbox 2165 621 3663 705">
     <span class='ocr_line' id='line_1_7' title="bbox 2165 621 3663 705; baseline 0.01 -30"><span class='ocrx_word' id='word_1_32' title='bbox 2165 621 2193 675; x_wconf 90' lang='grc' dir='ltr'><strong>θ</strong></span> <span class='ocrx_word' id='word_1_33' title='bbox 2201 623 2399 693; x_wconf 86' lang='grc' dir='ltr'>ρώπων</span> <span class='ocrx_word' id='word_1_34' title='bbox 2445 624 2636 694; x_wconf 62' lang='grc' dir='ltr'>ψυχαὶ,</span> <span class='ocrx_word' id='word_1_35' title='bbox 2688 626 2784 679; x_wconf 76' lang='grc' dir='ltr'><strong>καὶ</strong></span> <span class='ocrx_word' id='word_1_36' title='bbox 2803 625 3276 699; x_wconf 88' lang='grc' dir='ltr'>διατετυπωμέναι</span> <span class='ocrx_word' id='word_1_37' title='bbox 3299 634 3425 688; x_wconf 82' lang='grc' dir='ltr'>κατὰ</span> <span class='ocrx_word' id='word_1_38' title='bbox 3445 635 3498 688; x_wconf 80' lang='grc' dir='ltr'>τὺ</span> <span class='ocrx_word' id='word_1_39' title='bbox 3513 644 3663 705; x_wconf 57' lang='lat' dir='ltr'><strong>valva.</strong></span> 
     </span>
    </p>
   </div>
   <div class='ocr_carea' id='block_1_8' title="bbox 476 707 2062 783">
    <p class='ocr_par' dir='ltr' id='par_1_8' title="bbox 476 707 2062 783">
     <span class='ocr_line' id='line_1_8' title="bbox 476 707 2062 783; baseline -0.006 -13"><span class='ocrx_word' id='word_1_40' title='bbox 476 718 531 770; x_wconf 92' lang='lat' dir='ltr'><strong>in</strong></span> <span class='ocrx_word' id='word_1_41' title='bbox 554 728 783 783; x_wconf 88' lang='lat' dir='ltr'><strong>corpora</strong></span> <span class='ocrx_word' id='word_1_42' title='bbox 817 716 1165 781; x_wconf 87' lang='lat' dir='ltr'><strong>transierunt,</strong></span> <span class='ocrx_word' id='word_1_43' title='bbox 1198 724 1256 768; x_wconf 92' lang='lat' dir='ltr'><strong>ut</strong></span> <span class='ocrx_word' id='word_1_44' title='bbox 1279 713 1454 768; x_wconf 81' lang='lat' dir='ltr'><strong>Moses</strong></span> <span class='ocrx_word' id='word_1_45' title='bbox 1479 721 1534 767; x_wconf 91' lang='lat' dir='ltr'><strong>et</strong></span> <span class='ocrx_word' id='word_1_46' title='bbox 1553 711 1844 781; x_wconf 71' lang='lat' dir='ltr'><strong>pr0phetae,</strong></span> <span class='ocrx_word' id='word_1_47' title='bbox 1875 707 2062 764; x_wconf 82' lang='lat' dir='ltr'><strong>Socra-</strong></span> 
     </span>
    </p>
   </div>
   <div class='ocr_carea' id='block_1_9' title="bbox 472 804 2058 876">
    <p class='ocr_par' dir='ltr' id='par_1_9' title="bbox 472 804 2058 876">
     <span class='ocr_line' id='line_1_9' title="bbox 472 804 2058 876; baseline -0.004 -13"><span class='ocrx_word' id='word_1_48' title='bbox 472 818 574 873; x_wconf 83' lang='lat' dir='ltr'><strong>tes,</strong></span> <span class='ocrx_word' id='word_1_49' title='bbox 599 808 767 872; x_wconf 81' lang='lat' dir='ltr'><strong>Plato,</strong></span> <span class='ocrx_word' id='word_1_50' title='bbox 788 809 1021 863; x_wconf 86' lang='lat' dir='ltr'><strong>Joannes</strong></span> <span class='ocrx_word' id='word_1_51' title='bbox 1058 807 1318 876; x_wconf 78' lang='lat' dir='ltr'><strong>Baptista,</strong></span> <span class='ocrx_word' id='word_1_52' title='bbox 1350 805 1818 875; x_wconf 89' lang='lat' dir='ltr'><strong>apostolorumque</strong></span> <span class='ocrx_word' id='word_1_53' title='bbox 1844 804 2058 867; x_wconf 67' lang='lat' dir='ltr'><strong>animae,</strong></span> 
     </span>
    </p>
   </div>
   <div class='ocr_carea' id='block_1_10' title="bbox 473 897 2057 969">
    <p class='ocr_par' dir='ltr' id='par_1_10' title="bbox 473 897 2057 969">
     <span class='ocr_line' id='line_1_10' title="bbox 473 897 2057 969; baseline -0.004 -17"><span class='ocrx_word' id='word_1_54' title='bbox 473 911 527 953; x_wconf 85' lang='lat' dir='ltr'><strong>et</strong></span> <span class='ocrx_word' id='word_1_55' title='bbox 553 901 666 969; x_wconf 90' lang='lat' dir='ltr'><strong>ipsa</strong></span> <span class='ocrx_word' id='word_1_56' title='bbox 694 900 856 954; x_wconf 89' lang='lat' dir='ltr'><strong>etiam</strong></span> <span class='ocrx_word' id='word_1_57' title='bbox 875 899 1097 954; x_wconf 86' lang='lat' dir='ltr'><strong>Christi.</strong></span> <span class='ocrx_word' id='word_1_58' title='bbox 1123 897 1188 952; x_wconf 88' lang='lat' dir='ltr'><strong>Et</strong></span> <span class='ocrx_word' id='word_1_59' title='bbox 1210 898 1662 960; x_wconf 90' lang='lat' dir='ltr'><strong>econtrario,non</strong></span> <span class='ocrx_word' id='word_1_60' title='bbox 1685 904 1809 949; x_wconf 88' lang='lat' dir='ltr'><strong>ante</strong></span> <span class='ocrx_word' id='word_1_61' title='bbox 1835 908 2057 962; x_wconf 86' lang='lat' dir='ltr'><strong>corpora</strong></span> 
     </span>
    </p>
   </div>
   <div class='ocr_carea' id='block_1_11' title="bbox 475 986 2058 1056">
    <p class='ocr_par' dir='ltr' id='par_1_11' title="bbox 475 986 2058 1056">
     <span class='ocr_line' id='line_1_11' title="bbox 475 986 2058 1056; baseline -0.004 -12"><span class='ocrx_word' id='word_1_62' title='bbox 475 991 532 1044; x_wconf 85' lang='lat' dir='ltr'><strong>in</strong></span> <span class='ocrx_word' id='word_1_63' title='bbox 568 990 708 1044; x_wconf 77' lang='lat' dir='ltr'><strong>cmlo</strong></span> <span class='ocrx_word' id='word_1_64' title='bbox 737 996 894 1044; x_wconf 88' lang='lat' dir='ltr'><strong>erant</strong></span> <span class='ocrx_word' id='word_1_65' title='bbox 943 989 1218 1046; x_wconf 88' lang='lat' dir='ltr'><strong>hominum</strong></span> <span class='ocrx_word' id='word_1_66' title='bbox 1251 990 1464 1050; x_wconf 67' lang='lat' dir='ltr'><strong>animm,</strong></span> <span class='ocrx_word' id='word_1_67' title='bbox 1491 987 1582 1042; x_wconf 89' lang='lat' dir='ltr'><strong>sed</strong></span> <span class='ocrx_word' id='word_1_68' title='bbox 1603 987 1654 1040; x_wconf 93' lang='lat' dir='ltr'><strong>in</strong></span> <span class='ocrx_word' id='word_1_69' title='bbox 1679 986 1919 1056; x_wconf 82' lang='lat' dir='ltr'><strong>corporis</strong></span> <span class='ocrx_word' id='word_1_70' title='bbox 1935 993 2058 1039; x_wconf 89' lang='lat' dir='ltr'><strong>ortu</strong></span> 
     </span>
    </p>
   </div>
   <div class='ocr_carea' id='block_1_12' title="bbox 468 1075 2060 1149">
    <p class='ocr_par' dir='ltr' id='par_1_12' title="bbox 468 1075 2060 1149">
     <span class='ocr_line' id='line_1_12' title="bbox 468 1075 2060 1149; baseline -0.003 -14"><span class='ocrx_word' id='word_1_71' title='bbox 468 1081 846 1136; x_wconf 88' lang='lat' dir='ltr'><strong>substiterunt.</strong></span> <span class='ocrx_word' id='word_1_72' title='bbox 895 1082 1036 1136; x_wconf 86' lang='lat' dir='ltr'><strong>Ante</strong></span> <span class='ocrx_word' id='word_1_73' title='bbox 1057 1081 1382 1149; x_wconf 83' lang='lat' dir='ltr'><strong>fuitcorpus,</strong></span> <span class='ocrx_word' id='word_1_74' title='bbox 1405 1078 1596 1134; x_wconf 92' lang='lat' dir='ltr'><strong>deinde</strong></span> <span class='ocrx_word' id='word_1_75' title='bbox 1616 1077 1795 1132; x_wconf 88' lang='lat' dir='ltr'><strong>anima</strong></span> <span class='ocrx_word' id='word_1_76' title='bbox 1821 1094 1834 1131; x_wconf 91' lang='lat'><strong>:</strong></span> <span class='ocrx_word' id='word_1_77' title='bbox 1861 1075 1939 1131; x_wconf 85' lang='lat' dir='ltr'><strong>vel</strong></span> <span class='ocrx_word' id='word_1_78' title='bbox 1964 1091 2060 1147; x_wconf 80' lang='lat' dir='ltr'><strong>po-</strong></span> 
     </span>
    </p>
   </div>
   <div class='ocr_carea' id='block_1_13' title="bbox 477 1166 2059 1240">
    <p class='ocr_par' dir='ltr' id='par_1_13' title="bbox 477 1166 2059 1240">
     <span class='ocr_line' id='line_1_13' title="bbox 477 1166 2059 1240; baseline -0.003 -16"><span class='ocrx_word' id='word_1_79' title='bbox 477 1171 604 1237; x_wconf 87' lang='lat' dir='ltr'><strong>tius,</strong></span> <span class='ocrx_word' id='word_1_80' title='bbox 637 1185 732 1226; x_wconf 90' lang='lat' dir='ltr'><strong>nec</strong></span> <span class='ocrx_word' id='word_1_81' title='bbox 756 1171 905 1240; x_wconf 92' lang='lat' dir='ltr'><strong>prius</strong></span> <span class='ocrx_word' id='word_1_82' title='bbox 962 1180 1108 1236; x_wconf 88' lang='lat' dir='ltr'><strong>sunt,</strong></span> <span class='ocrx_word' id='word_1_83' title='bbox 1140 1185 1237 1225; x_wconf 89' lang='lat' dir='ltr'><strong>nec</strong></span> <span class='ocrx_word' id='word_1_84' title='bbox 1267 1177 1386 1240; x_wconf 88' lang='lat' dir='ltr'><strong>post</strong></span> <span class='ocrx_word' id='word_1_85' title='bbox 1412 1177 1555 1233; x_wconf 91' lang='lat' dir='ltr'><strong>sunt,</strong></span> <span class='ocrx_word' id='word_1_86' title='bbox 1589 1167 1685 1224; x_wconf 88' lang='lat' dir='ltr'><strong>sed</strong></span> <span class='ocrx_word' id='word_1_87' title='bbox 1713 1167 1874 1222; x_wconf 80' lang='lat' dir='ltr'><strong>simul</strong></span> <span class='ocrx_word' id='word_1_88' title='bbox 1924 1166 2059 1222; x_wconf 76' lang='lat' dir='ltr'><strong>exsi-</strong></span> 
     </span>
    </p>
   </div>
   <div class='ocr_carea' id='block_1_14' title="bbox 478 1260 2058 1331">
    <p class='ocr_par' dir='ltr' id='par_1_14' title="bbox 478 1260 2058 1331">
     <span class='ocr_line' id='line_1_14' title="bbox 478 1260 2058 1331; baseline -0.003 -15"><span class='ocrx_word' id='word_1_89' title='bbox 478 1269 653 1316; x_wconf 88' lang='lat' dir='ltr'><strong>stunt.</strong></span> <span class='ocrx_word' id='word_1_90' title='bbox 701 1260 911 1331; x_wconf 92' lang='lat' dir='ltr'><strong>Corpus</strong></span> <span class='ocrx_word' id='word_1_91' title='bbox 941 1262 1130 1315; x_wconf 84' lang='lat' dir='ltr'><strong>Adami</strong></span> <span class='ocrx_word' id='word_1_92' title='bbox 1169 1260 1293 1314; x_wconf 81' lang='lat' dir='ltr'><strong>fecit</strong></span> <span class='ocrx_word' id='word_1_93' title='bbox 1324 1261 1462 1314; x_wconf 90' lang='lat' dir='ltr'><strong>Deus</strong></span> <span class='ocrx_word' id='word_1_94' title='bbox 1502 1273 1534 1313; x_wconf 91' lang='lat' dir='ltr'><strong>e</strong></span> <span class='ocrx_word' id='word_1_95' title='bbox 1583 1265 1725 1313; x_wconf 79' lang='lat' dir='ltr'><strong>tenra</strong></span> <span class='ocrx_word' id='word_1_96' title='bbox 1755 1275 1770 1312; x_wconf 90' lang='lat'><strong>:</strong></span> <span class='ocrx_word' id='word_1_97' title='bbox 1799 1266 1856 1313; x_wconf 90' lang='lat' dir='ltr'><strong>et</strong></span> <span class='ocrx_word' id='word_1_98' title='bbox 1894 1272 1999 1312; x_wconf 89' lang='lat' dir='ltr'><strong>non</strong></span> <span class='ocrx_word' id='word_1_99' title='bbox 2027 1272 2058 1312; x_wconf 83' lang='grc' dir='ltr'><strong>ο</strong></span> 
     </span>
    </p>
   </div>
   <div class='ocr_carea' id='block_1_15' title="bbox 471 1345 2057 1420">
    <p class='ocr_par' dir='ltr' id='par_1_15' title="bbox 471 1345 2057 1420">
     <span class='ocr_line' id='line_1_15' title="bbox 471 1345 2057 1420; baseline -0.004 -14"><span class='ocrx_word' id='word_1_100' title='bbox 471 1361 636 1414; x_wconf 88' lang='lat' dir='ltr'><strong>terra,</strong></span> <span class='ocrx_word' id='word_1_101' title='bbox 666 1353 758 1407; x_wconf 91' lang='lat' dir='ltr'><strong>sed</strong></span> <span class='ocrx_word' id='word_1_102' title='bbox 785 1367 850 1406; x_wconf 79' lang='lat' dir='ltr'><strong>ex</strong></span> <span class='ocrx_word' id='word_1_103' title='bbox 886 1366 1022 1420; x_wconf 82' lang='lat' dir='ltr'><strong>aqua</strong></span> <span class='ocrx_word' id='word_1_104' title='bbox 1047 1359 1101 1404; x_wconf 90' lang='lat' dir='ltr'><strong>et</strong></span> <span class='ocrx_word' id='word_1_105' title='bbox 1130 1347 1723 1418; x_wconf 85' lang='lat' dir='ltr'><strong>vento.—-Spiraculum</strong></span> <span class='ocrx_word' id='word_1_106' title='bbox 1747 1347 1886 1415; x_wconf 90' lang='lat' dir='ltr'><strong>quod</strong></span> <span class='ocrx_word' id='word_1_107' title='bbox 1916 1345 2057 1401; x_wconf 84' lang='lat' dir='ltr'><strong>Deus</strong></span> 
     </span>
    </p>
   </div>
   <div class='ocr_carea' id='block_1_16' title="bbox 475 1439 2057 1510">
    <p class='ocr_par' dir='ltr' id='par_1_16' title="bbox 475 1439 2057 1510">
     <span class='ocr_line' id='line_1_16' title="bbox 475 1439 2057 1510; baseline -0.002 -14"><span class='ocrx_word' id='word_1_108' title='bbox 475 1443 759 1510; x_wconf 79' lang='lat' dir='ltr'><strong>inspiravit</strong></span> <span class='ocrx_word' id='word_1_109' title='bbox 785 1443 836 1496; x_wconf 94' lang='lat' dir='ltr'><strong>in</strong></span> <span class='ocrx_word' id='word_1_110' title='bbox 873 1442 1062 1496; x_wconf 79' lang='lat' dir='ltr'><strong>faciem</strong></span> <span class='ocrx_word' id='word_1_111' title='bbox 1086 1440 1276 1494; x_wconf 77' lang='lat' dir='ltr'><strong>Adami</strong></span> <span class='ocrx_word' id='word_1_112' title='bbox 1314 1440 1694 1510; x_wconf 91' lang='lat' dir='ltr'><strong>temporarium</strong></span> <span class='ocrx_word' id='word_1_113' title='bbox 1722 1439 1839 1503; x_wconf 84' lang='lat' dir='ltr'><strong>fuit,</strong></span> <span class='ocrx_word' id='word_1_114' title='bbox 1870 1453 1968 1492; x_wconf 90' lang='lat' dir='ltr'><strong>ncc</strong></span> <span class='ocrx_word' id='word_1_115' title='bbox 1999 1447 2057 1493; x_wconf 88' lang='lat' dir='ltr'><strong>ut</strong></span> 
     </span>
    </p>
   </div>
   <div class='ocr_carea' id='block_1_17' title="bbox 463 1529 2054 1600">
    <p class='ocr_par' dir='ltr' id='par_1_17' title="bbox 463 1529 2054 1600">
     <span class='ocr_line' id='line_1_17' title="bbox 463 1529 2054 1600; baseline -0.003 -16"><span class='ocrx_word' id='word_1_116' title='bbox 463 1544 698 1586; x_wconf 73' lang='lat' dir='ltr'><strong>aeternus</strong></span> <span class='ocrx_word' id='word_1_117' title='bbox 726 1531 980 1600; x_wconf 85' lang='lat' dir='ltr'><strong>Spiritus;</strong></span> <span class='ocrx_word' id='word_1_118' title='bbox 1008 1540 1062 1586; x_wconf 89' lang='lat' dir='ltr'><strong>et</strong></span> <span class='ocrx_word' id='word_1_119' title='bbox 1098 1546 1202 1586; x_wconf 91' lang='lat' dir='ltr'><strong>non</strong></span> <span class='ocrx_word' id='word_1_120' title='bbox 1232 1531 1615 1600; x_wconf 89' lang='lat' dir='ltr'><strong>temporarium</strong></span> <span class='ocrx_word' id='word_1_121' title='bbox 1645 1529 1763 1594; x_wconf 78' lang='lat' dir='ltr'><strong>fuit,</strong></span> <span class='ocrx_word' id='word_1_122' title='bbox 1820 1530 1912 1582; x_wconf 85' lang='lat' dir='ltr'><strong>sed</strong></span> <span class='ocrx_word' id='word_1_123' title='bbox 1935 1529 2054 1581; x_wconf 85' lang='lat' dir='ltr'><strong>ani-</strong></span> 
     </span>
    </p>
   </div>
   <div class='ocr_carea' id='block_1_18' title="bbox 467 1620 2052 1694">
    <p class='ocr_par' dir='ltr' id='par_1_18' title="bbox 467 1620 2052 1694">
     <span class='ocr_line' id='line_1_18' title="bbox 467 1620 2052 1694; baseline -0.004 -18"><span class='ocrx_word' id='word_1_124' title='bbox 467 1639 588 1677; x_wconf 83' lang='lat' dir='ltr'><strong>mus</strong></span> <span class='ocrx_word' id='word_1_125' title='bbox 619 1624 817 1694; x_wconf 76' lang='lat' dir='ltr'><strong>290a</strong></span> <span class='ocrx_word' id='word_1_126' title='bbox 844 1622 1263 1677; x_wconf 90' lang='lat' dir='ltr'><strong>immortalis.-—</strong></span> <span class='ocrx_word' id='word_1_127' title='bbox 1294 1621 1699 1685; x_wconf 86' lang='lat' dir='ltr'><strong>Temporarium</strong></span> <span class='ocrx_word' id='word_1_128' title='bbox 1729 1620 2052 1689; x_wconf 88' lang='lat' dir='ltr'><strong>spiraculum</strong></span> 
     </span>
    </p>
   </div>
   <div class='ocr_carea' id='block_1_19' title="bbox 474 1709 2048 1783">
    <p class='ocr_par' dir='ltr' id='par_1_19' title="bbox 474 1709 2048 1783">
     <span class='ocr_line' id='line_1_19' title="bbox 474 1709 2048 1783; baseline -0.005 -14"><span class='ocrx_word' id='word_1_129' title='bbox 474 1730 580 1768; x_wconf 88' lang='lat' dir='ltr'><strong>non</strong></span> <span class='ocrx_word' id='word_1_130' title='bbox 619 1716 736 1780; x_wconf 84' lang='lat' dir='ltr'><strong>fuit,</strong></span> <span class='ocrx_word' id='word_1_131' title='bbox 765 1729 938 1783; x_wconf 89' lang='lat' dir='ltr'><strong>neque</strong></span> <span class='ocrx_word' id='word_1_132' title='bbox 969 1714 1170 1776; x_wconf 88' lang='lat' dir='ltr'><strong>anima,</strong></span> <span class='ocrx_word' id='word_1_133' title='bbox 1202 1715 1296 1768; x_wconf 87' lang='lat' dir='ltr'><strong>sed</strong></span> <span class='ocrx_word' id='word_1_134' title='bbox 1326 1727 1502 1775; x_wconf 88' lang='lat' dir='ltr'><strong>mens,</strong></span> <span class='ocrx_word' id='word_1_135' title='bbox 1534 1719 1590 1763; x_wconf 88' lang='lat' dir='ltr'><strong>ut</strong></span> <span class='ocrx_word' id='word_1_136' title='bbox 1619 1728 1649 1764; x_wconf 90' lang='lat' dir='ltr'><strong>e</strong></span> <span class='ocrx_word' id='word_1_137' title='bbox 1677 1712 1849 1765; x_wconf 92' lang='lat' dir='ltr'><strong>tribus</strong></span> <span class='ocrx_word' id='word_1_138' title='bbox 1881 1709 2048 1780; x_wconf 88' lang='lat' dir='ltr'><strong>parti-</strong></span> 
     </span>
    </p>
   </div>
   <div class='ocr_carea' id='block_1_20' title="bbox 471 1802 2048 1870">
    <p class='ocr_par' dir='ltr' id='par_1_20' title="bbox 471 1802 2048 1870">
     <span class='ocr_line' id='line_1_20' title="bbox 471 1802 2048 1870; baseline -0.003 -11"><span class='ocrx_word' id='word_1_139' title='bbox 471 1806 573 1860; x_wconf 81' lang='lat' dir='ltr'><strong>bus</strong></span> <span class='ocrx_word' id='word_1_140' title='bbox 632 1805 794 1860; x_wconf 86' lang='lat' dir='ltr'><strong>homo</strong></span> <span class='ocrx_word' id='word_1_141' title='bbox 828 1805 1209 1869; x_wconf 87' lang='lat' dir='ltr'><strong>constituatur,</strong></span> <span class='ocrx_word' id='word_1_142' title='bbox 1245 1811 1441 1867; x_wconf 86' lang='lat' dir='ltr'><strong>mente,</strong></span> <span class='ocrx_word' id='word_1_143' title='bbox 1480 1802 1658 1855; x_wconf 87' lang='lat' dir='ltr'><strong>anima</strong></span> <span class='ocrx_word' id='word_1_144' title='bbox 1715 1810 1770 1856; x_wconf 92' lang='lat' dir='ltr'><strong>et</strong></span> <span class='ocrx_word' id='word_1_145' title='bbox 1807 1815 2048 1870; x_wconf 88' lang='lat' dir='ltr'><strong>corpore.</strong></span> 
     </span>
    </p>
   </div>
   <div class='ocr_carea' id='block_1_21' title="bbox 465 1891 2050 1963">
    <p class='ocr_par' dir='ltr' id='par_1_21' title="bbox 465 1891 2050 1963">
     <span class='ocr_line' id='line_1_21' title="bbox 465 1891 2050 1963; baseline -0.003 -14"><span class='ocrx_word' id='word_1_146' title='bbox 465 1897 533 1950; x_wconf 87' lang='lat' dir='ltr'><strong>Et</strong></span> <span class='ocrx_word' id='word_1_147' title='bbox 558 1896 690 1950; x_wconf 86' lang='lat' dir='ltr'><strong>nihil</strong></span> <span class='ocrx_word' id='word_1_148' title='bbox 728 1897 995 1952; x_wconf 89' lang='lat' dir='ltr'><strong>dictorum</strong></span> <span class='ocrx_word' id='word_1_149' title='bbox 1049 1896 1151 1949; x_wconf 84' lang='lat' dir='ltr'><strong>fuit</strong></span> <span class='ocrx_word' id='word_1_150' title='bbox 1183 1894 1501 1963; x_wconf 86' lang='lat' dir='ltr'><strong>inspiratum</strong></span> <span class='ocrx_word' id='word_1_151' title='bbox 1529 1891 1658 1947; x_wconf 85' lang='lat' dir='ltr'><strong>illud</strong></span> <span class='ocrx_word' id='word_1_152' title='bbox 1703 1892 2050 1962; x_wconf 89' lang='lat' dir='ltr'><strong>spiraculum,</strong></span> 
     </span>
    </p>
   </div>
   <div class='ocr_carea' id='block_1_22' title="bbox 463 1983 2054 2058">
    <p class='ocr_par' dir='ltr' id='par_1_22' title="bbox 463 1983 2054 2058">
     <span class='ocr_line' id='line_1_22' title="bbox 463 1983 2054 2058; baseline -0.001 -19"><span class='ocrx_word' id='word_1_153' title='bbox 463 1987 558 2040; x_wconf 90' lang='lat' dir='ltr'><strong>sed</strong></span> <span class='ocrx_word' id='word_1_154' title='bbox 587 1985 822 2058; x_wconf 86' lang='lat' dir='ltr'><strong>Spiritus</strong></span> <span class='ocrx_word' id='word_1_155' title='bbox 854 1995 1093 2042; x_wconf 90' lang='lat' dir='ltr'><strong>sanctus.</strong></span> <span class='ocrx_word' id='word_1_156' title='bbox 1131 1985 1197 2038; x_wconf 89' lang='lat' dir='ltr'><strong>Et</strong></span> <span class='ocrx_word' id='word_1_157' title='bbox 1238 1998 1345 2036; x_wconf 89' lang='lat' dir='ltr'><strong>non</strong></span> <span class='ocrx_word' id='word_1_158' title='bbox 1381 1983 1493 2050; x_wconf 88' lang='lat' dir='ltr'><strong>ipse</strong></span> <span class='ocrx_word' id='word_1_159' title='bbox 1521 1983 1815 2039; x_wconf 81' lang='lat' dir='ltr'><strong>fuitanima</strong></span> <span class='ocrx_word' id='word_1_160' title='bbox 1846 2022 1860 2046; x_wconf 93' lang='lat'><strong>,</strong></span> <span class='ocrx_word' id='word_1_161' title='bbox 1881 1995 2054 2050; x_wconf 86' lang='lat' dir='ltr'><strong>neque</strong></span> 
     </span>
    </p>
   </div>
   <div class='ocr_carea' id='block_1_23' title="bbox 471 2075 2051 2151">
    <p class='ocr_par' dir='ltr' id='par_1_23' title="bbox 471 2075 2051 2151">
     <span class='ocr_line' id='line_1_23' title="bbox 471 2075 2051 2151; baseline -0.008 -12"><span class='ocrx_word' id='word_1_162' title='bbox 471 2097 626 2139; x_wconf 87' lang='lat' dir='ltr'><strong>mens</strong></span> <span class='ocrx_word' id='word_1_163' title='bbox 652 2082 970 2151; x_wconf 87' lang='lat' dir='ltr'><strong>appellatus,</strong></span> <span class='ocrx_word' id='word_1_164' title='bbox 993 2083 1088 2135; x_wconf 89' lang='lat' dir='ltr'><strong>sed</strong></span> <span class='ocrx_word' id='word_1_165' title='bbox 1119 2095 1311 2136; x_wconf 89' lang='lat' dir='ltr'><strong>creans</strong></span> <span class='ocrx_word' id='word_1_166' title='bbox 1334 2075 1857 2139; x_wconf 70' lang='lat' dir='ltr'><strong>animam—Terra,</strong></span> <span class='ocrx_word' id='word_1_167' title='bbox 1891 2090 2051 2142; x_wconf 81' lang='lat' dir='ltr'><strong>aqua,</strong></span> 
     </span>
    </p>
   </div>
   <div class='ocr_carea' id='block_1_24' title="bbox 467 2168 2055 2241">
    <p class='ocr_par' dir='ltr' id='par_1_24' title="bbox 467 2168 2055 2241">
     <span class='ocr_line' id='line_1_24' title="bbox 467 2168 2055 2241; baseline -0.006 -13"><span class='ocrx_word' id='word_1_168' title='bbox 467 2183 523 2228; x_wconf 87' lang='lat' dir='ltr'><strong>et</strong></span> <span class='ocrx_word' id='word_1_169' title='bbox 575 2172 777 2241; x_wconf 86' lang='lat' dir='ltr'><strong>reliqua</strong></span> <span class='ocrx_word' id='word_1_170' title='bbox 834 2172 1102 2227; x_wconf 83' lang='lat' dir='ltr'><strong>elementa</strong></span> <span class='ocrx_word' id='word_1_171' title='bbox 1131 2181 1410 2226; x_wconf 88' lang='lat' dir='ltr'><strong>mutantur</strong></span> <span class='ocrx_word' id='word_1_172' title='bbox 1460 2172 1514 2225; x_wconf 93' lang='lat' dir='ltr'><strong>in</strong></span> <span class='ocrx_word' id='word_1_173' title='bbox 1557 2168 1780 2233; x_wconf 78' lang='lat' dir='ltr'><strong>fructus,</strong></span> <span class='ocrx_word' id='word_1_174' title='bbox 1816 2178 1869 2222; x_wconf 90' lang='lat' dir='ltr'><strong>et</strong></span> <span class='ocrx_word' id='word_1_175' title='bbox 1901 2168 2055 2236; x_wconf 88' lang='lat' dir='ltr'><strong>plau-</strong></span> 
     </span>
    </p>
   </div>
   <div class='ocr_carea' id='block_1_25' title="bbox 466 2257 2055 2332">
    <p class='ocr_par' dir='ltr' id='par_1_25' title="bbox 466 2257 2055 2332">
     <span class='ocr_line' id='line_1_25' title="bbox 466 2257 2055 2332; baseline -0.006 -13"><span class='ocrx_word' id='word_1_176' title='bbox 466 2275 572 2329; x_wconf 88' lang='lat' dir='ltr'><strong>tas,</strong></span> <span class='ocrx_word' id='word_1_177' title='bbox 620 2274 675 2318; x_wconf 91' lang='lat' dir='ltr'><strong>et</strong></span> <span class='ocrx_word' id='word_1_178' title='bbox 744 2264 898 2319; x_wconf 90' lang='lat' dir='ltr'><strong>cibus</strong></span> <span class='ocrx_word' id='word_1_179' title='bbox 953 2265 1007 2318; x_wconf 88' lang='lat' dir='ltr'><strong>in</strong></span> <span class='ocrx_word' id='word_1_180' title='bbox 1063 2278 1290 2332; x_wconf 91' lang='lat' dir='ltr'><strong>corpora</strong></span> <span class='ocrx_word' id='word_1_181' title='bbox 1358 2271 1414 2317; x_wconf 90' lang='lat' dir='ltr'><strong>et</strong></span> <span class='ocrx_word' id='word_1_182' title='bbox 1475 2273 1692 2324; x_wconf 86' lang='lat' dir='ltr'><strong>nervos,</strong></span> <span class='ocrx_word' id='word_1_183' title='bbox 1747 2269 1801 2313; x_wconf 91' lang='lat' dir='ltr'><strong>et</strong></span> <span class='ocrx_word' id='word_1_184' title='bbox 1852 2257 2055 2327; x_wconf 90' lang='lat' dir='ltr'><strong>reliqua</strong></span> 
     </span>
    </p>
   </div>
   <div class='ocr_carea' id='block_1_26' title="bbox 464 2351 2053 2422">
    <p class='ocr_par' dir='ltr' id='par_1_26' title="bbox 464 2351 2053 2422">
     <span class='ocr_line' id='line_1_26' title="bbox 464 2351 2053 2422; baseline -0.004 -15"><span class='ocrx_word' id='word_1_185' title='bbox 464 2356 709 2409; x_wconf 85' lang='lat' dir='ltr'><strong>membra</strong></span> <span class='ocrx_word' id='word_1_186' title='bbox 773 2353 1038 2422; x_wconf 87' lang='lat' dir='ltr'><strong>corporis.</strong></span> <span class='ocrx_word' id='word_1_187' title='bbox 1111 2352 1177 2408; x_wconf 85' lang='lat' dir='ltr'><strong>Et</strong></span> <span class='ocrx_word' id='word_1_188' title='bbox 1233 2368 1265 2408; x_wconf 93' lang='lat' dir='ltr'><strong>e</strong></span> <span class='ocrx_word' id='word_1_189' title='bbox 1339 2351 1616 2407; x_wconf 86' lang='lat' dir='ltr'><strong>contrario</strong></span> <span class='ocrx_word' id='word_1_190' title='bbox 1671 2365 1685 2403; x_wconf 90' lang='lat'><strong>:</strong></span> <span class='ocrx_word' id='word_1_191' title='bbox 1744 2357 1886 2404; x_wconf 89' lang='lat' dir='ltr'><strong>terra</strong></span> <span class='ocrx_word' id='word_1_192' title='bbox 1949 2362 2053 2401; x_wconf 95' lang='lat' dir='ltr'><strong>non</strong></span> 
     </span>
    </p>
   </div>
   <div class='ocr_carea' id='block_1_27' title="bbox 464 2441 2054 2515">
    <p class='ocr_par' dir='ltr' id='par_1_27' title="bbox 464 2441 2054 2515">
     <span class='ocr_line' id='line_1_27' title="bbox 464 2441 2054 2515; baseline -0.003 -17"><span class='ocrx_word' id='word_1_193' title='bbox 464 2445 797 2500; x_wconf 87' lang='lat' dir='ltr'><strong>convertitur</strong></span> <span class='ocrx_word' id='word_1_194' title='bbox 837 2445 890 2500; x_wconf 88' lang='lat' dir='ltr'><strong>in</strong></span> <span class='ocrx_word' id='word_1_195' title='bbox 944 2445 1175 2515; x_wconf 89' lang='lat' dir='ltr'><strong>plantas,</strong></span> <span class='ocrx_word' id='word_1_196' title='bbox 1229 2452 1283 2499; x_wconf 92' lang='lat' dir='ltr'><strong>et</strong></span> <span class='ocrx_word' id='word_1_197' title='bbox 1329 2442 1557 2507; x_wconf 78' lang='lat' dir='ltr'><strong>fructus,</strong></span> <span class='ocrx_word' id='word_1_198' title='bbox 1601 2456 1701 2497; x_wconf 90' lang='lat' dir='ltr'><strong>nec</strong></span> <span class='ocrx_word' id='word_1_199' title='bbox 1739 2441 2054 2495; x_wconf 88' lang='lat' dir='ltr'><strong>alimentum</strong></span> 
     </span>
    </p>
   </div>
   <div class='ocr_carea' id='block_1_28' title="bbox 461 2533 2048 2604">
    <p class='ocr_par' dir='ltr' id='par_1_28' title="bbox 461 2533 2048 2604">
     <span class='ocr_line' id='line_1_28' title="bbox 461 2533 2048 2604; baseline -0.003 -16"><span class='ocrx_word' id='word_1_200' title='bbox 461 2537 516 2588; x_wconf 91' lang='lat' dir='ltr'><strong>in</strong></span> <span class='ocrx_word' id='word_1_201' title='bbox 539 2548 735 2604; x_wconf 88' lang='lat' dir='ltr'><strong>corpus</strong></span> <span class='ocrx_word' id='word_1_202' title='bbox 760 2533 1230 2589; x_wconf 69' lang='lat' dir='ltr'><strong>nostrum—Post</strong></span> <span class='ocrx_word' id='word_1_203' title='bbox 1252 2543 1478 2587; x_wconf 85' lang='lat' dir='ltr'><strong>mortem</strong></span> <span class='ocrx_word' id='word_1_204' title='bbox 1506 2533 1684 2586; x_wconf 84' lang='lat' dir='ltr'><strong>anima</strong></span> <span class='ocrx_word' id='word_1_205' title='bbox 1727 2547 1900 2600; x_wconf 88' lang='lat' dir='ltr'><strong>neque</strong></span> <span class='ocrx_word' id='word_1_206' title='bbox 1928 2545 2048 2585; x_wconf 87' lang='lat' dir='ltr'><strong>cor-</strong></span> 
     </span>
    </p>
   </div>
   <div class='ocr_carea' id='block_1_29' title="bbox 462 2623 2052 2695">
    <p class='ocr_par' dir='ltr' id='par_1_29' title="bbox 462 2623 2052 2695">
     <span class='ocr_line' id='line_1_29' title="bbox 462 2623 2052 2695; baseline -0.001 -17"><span class='ocrx_word' id='word_1_207' title='bbox 462 2641 583 2695; x_wconf 82' lang='lat' dir='ltr'><strong>pus,</strong></span> <span class='ocrx_word' id='word_1_208' title='bbox 616 2638 787 2693; x_wconf 87' lang='lat' dir='ltr'><strong>neque</strong></span> <span class='ocrx_word' id='word_1_209' title='bbox 835 2624 1142 2694; x_wconf 89' lang='lat' dir='ltr'><strong>sepulcrum</strong></span> <span class='ocrx_word' id='word_1_210' title='bbox 1176 2625 1407 2678; x_wconf 80' lang='lat' dir='ltr'><strong>excedit.</strong></span> <span class='ocrx_word' id='word_1_211' title='bbox 1437 2623 1504 2678; x_wconf 86' lang='lat' dir='ltr'><strong>Et</strong></span> <span class='ocrx_word' id='word_1_212' title='bbox 1531 2638 1562 2678; x_wconf 92' lang='lat' dir='ltr'><strong>e</strong></span> <span class='ocrx_word' id='word_1_213' title='bbox 1589 2624 1866 2678; x_wconf 88' lang='lat' dir='ltr'><strong>contrario</strong></span> <span class='ocrx_word' id='word_1_214' title='bbox 1890 2660 1906 2686; x_wconf 93' lang='lat'><strong>,</strong></span> <span class='ocrx_word' id='word_1_215' title='bbox 1947 2637 2052 2676; x_wconf 89' lang='lat' dir='ltr'><strong>non</strong></span> 
     </span>
    </p>
   </div>
   <div class='ocr_carea' id='block_1_30' title="bbox 463 2712 2053 2784">
    <p class='ocr_par' dir='ltr' id='par_1_30' title="bbox 463 2712 2053 2784">
     <span class='ocr_line' id='line_1_30' title="bbox 463 2712 2053 2784; baseline -0.002 -14"><span class='ocrx_word' id='word_1_216' title='bbox 463 2725 646 2770; x_wconf 88' lang='lat' dir='ltr'><strong>manet</strong></span> <span class='ocrx_word' id='word_1_217' title='bbox 674 2729 798 2768; x_wconf 89' lang='lat' dir='ltr'><strong>cum</strong></span> <span class='ocrx_word' id='word_1_218' title='bbox 847 2728 1074 2783; x_wconf 89' lang='lat' dir='ltr'><strong>corpore</strong></span> <span class='ocrx_word' id='word_1_219' title='bbox 1127 2715 1332 2776; x_wconf 89' lang='lat' dir='ltr'><strong>anima,</strong></span> <span class='ocrx_word' id='word_1_220' title='bbox 1368 2728 1543 2784; x_wconf 87' lang='lat' dir='ltr'><strong>neque</strong></span> <span class='ocrx_word' id='word_1_221' title='bbox 1569 2713 1622 2767; x_wconf 91' lang='lat' dir='ltr'><strong>in</strong></span> <span class='ocrx_word' id='word_1_222' title='bbox 1656 2712 1923 2782; x_wconf 90' lang='lat' dir='ltr'><strong>sepulcro.</strong></span> <span class='ocrx_word' id='word_1_223' title='bbox 1953 2712 2053 2768; x_wconf 85' lang='lat' dir='ltr'><strong>Hic</strong></span> 
     </span>
    </p>
   </div>
   <div class='ocr_carea' id='block_1_31' title="bbox 461 2800 2048 2866">
    <p class='ocr_par' dir='ltr' id='par_1_31' title="bbox 461 2800 2048 2866">
     <span class='ocr_line' id='line_1_31' title="bbox 461 2800 2048 2866; baseline 0 -10"><span class='ocrx_word' id='word_1_224' title='bbox 461 2803 609 2857; x_wconf 86' lang='lat' dir='ltr'><strong>mille</strong></span> <span class='ocrx_word' id='word_1_225' title='bbox 637 2802 959 2857; x_wconf 87' lang='lat' dir='ltr'><strong>testimoniis</strong></span> <span class='ocrx_word' id='word_1_226' title='bbox 976 2802 1256 2856; x_wconf 88' lang='lat' dir='ltr'><strong>abundans</strong></span> <span class='ocrx_word' id='word_1_227' title='bbox 1277 2800 1545 2866; x_wconf 88' lang='lat' dir='ltr'><strong>Gobarus,</strong></span> <span class='ocrx_word' id='word_1_228' title='bbox 1571 2802 1846 2857; x_wconf 88' lang='lat' dir='ltr'><strong>Severiani</strong></span> <span class='ocrx_word' id='word_1_229' title='bbox 1876 2803 2048 2856; x_wconf 90' lang='lat' dir='ltr'><strong>solum</strong></span> 
     </span>
    </p>
   </div>
   <div class='ocr_carea' id='block_1_32' title="bbox 462 2893 2053 2963">
    <p class='ocr_par' dir='ltr' id='par_1_32' title="bbox 462 2893 2053 2963">
     <span class='ocr_line' id='line_1_32' title="bbox 462 2893 2053 2963; baseline -0.001 -15"><span class='ocrx_word' id='word_1_230' title='bbox 462 2893 787 2948; x_wconf 85' lang='lat' dir='ltr'><strong>Gabalorum</strong></span> <span class='ocrx_word' id='word_1_231' title='bbox 806 2893 1145 2958; x_wconf 87' lang='lat' dir='ltr'><strong>antistitis,et</strong></span> <span class='ocrx_word' id='word_1_232' title='bbox 1163 2893 1348 2948; x_wconf 70' lang='lat' dir='ltr'><strong>lrenaai</strong></span> <span class='ocrx_word' id='word_1_233' title='bbox 1367 2893 1874 2950; x_wconf 85' lang='lat' dir='ltr'><strong>adhibuit.——0mne</strong></span> <span class='ocrx_word' id='word_1_234' title='bbox 1890 2909 2053 2963; x_wconf 84' lang='lat' dir='ltr'><strong>gene-</strong></span> 
     </span>
    </p>
   </div>
   <div class='ocr_carea' id='block_1_33' title="bbox 465 2983 2049 3054">
    <p class='ocr_par' dir='ltr' id='par_1_33' title="bbox 465 2983 2049 3054">
     <span class='ocr_line' id='line_1_33' title="bbox 465 2983 2049 3054; baseline -0.003 -14"><span class='ocrx_word' id='word_1_235' title='bbox 465 2997 647 3040; x_wconf 84' lang='lat' dir='ltr'><strong>ratum</strong></span> <span class='ocrx_word' id='word_1_236' title='bbox 707 2984 1061 3054; x_wconf 86' lang='lat' dir='ltr'><strong>corruptibile</strong></span> <span class='ocrx_word' id='word_1_237' title='bbox 1116 2995 1198 3038; x_wconf 79' lang='lat' dir='ltr'><strong>est</strong></span> <span class='ocrx_word' id='word_1_238' title='bbox 1247 2996 1302 3038; x_wconf 92' lang='lat' dir='ltr'><strong>et</strong></span> <span class='ocrx_word' id='word_1_239' title='bbox 1355 2983 1598 3050; x_wconf 84' lang='lat' dir='ltr'><strong>mortale,</strong></span> <span class='ocrx_word' id='word_1_240' title='bbox 1656 2985 1928 3039; x_wconf 82' lang='lat' dir='ltr'><strong>voluntate</strong></span> <span class='ocrx_word' id='word_1_241' title='bbox 1960 2984 2049 3037; x_wconf 86' lang='lat' dir='ltr'><strong>Dei</strong></span> 
     </span>
    </p>
   </div>
   <div class='ocr_carea' id='block_1_34' title="bbox 463 3075 2044 3143">
    <p class='ocr_par' dir='ltr' id='par_1_34' title="bbox 463 3075 2044 3143">
     <span class='ocr_line' id='line_1_34' title="bbox 463 3075 2044 3143; baseline 0 -13"><span class='ocrx_word' id='word_1_242' title='bbox 463 3087 646 3130; x_wconf 77' lang='lat' dir='ltr'><strong>manet</strong></span> <span class='ocrx_word' id='word_1_243' title='bbox 680 3075 965 3131; x_wconf 85' lang='lat' dir='ltr'><strong>insolubile</strong></span> <span class='ocrx_word' id='word_1_244' title='bbox 1009 3084 1062 3130; x_wconf 89' lang='lat' dir='ltr'><strong>et</strong></span> <span class='ocrx_word' id='word_1_245' title='bbox 1095 3075 1523 3143; x_wconf 83' lang='lat' dir='ltr'><strong>incorruptibile.</strong></span> <span class='ocrx_word' id='word_1_246' title='bbox 1552 3076 1618 3130; x_wconf 88' lang='lat' dir='ltr'><strong>Et</strong></span> <span class='ocrx_word' id='word_1_247' title='bbox 1666 3090 1697 3130; x_wconf 88' lang='lat' dir='ltr'><strong>e</strong></span> <span class='ocrx_word' id='word_1_248' title='bbox 1741 3078 2044 3141; x_wconf 90' lang='lat' dir='ltr'><strong>contrario,</strong></span> 
     </span>
    </p>
   </div>
   <div class='ocr_carea' id='block_1_35' title="bbox 2166 714 3664 790">
    <p class='ocr_par' dir='ltr' id='par_1_35' title="bbox 2166 714 3664 790">
     <span class='ocr_line' id='line_1_35' title="bbox 2166 714 3664 790; baseline 0.014 -25"><span class='ocrx_word' id='word_1_249' title='bbox 2166 729 2328 782; x_wconf 85' lang='grc' dir='ltr'>μενον</span> <span class='ocrx_word' id='word_1_250' title='bbox 2376 714 2577 780; x_wconf 75' lang='grc' dir='ltr'>ἔξωθεν</span> <span class='ocrx_word' id='word_1_251' title='bbox 2617 715 2713 770; x_wconf 89' lang='grc' dir='ltr'><strong>τοῦ</strong></span> <span class='ocrx_word' id='word_1_252' title='bbox 2765 717 3018 786; x_wconf 84' lang='grc' dir='ltr'>σώματος</span> <span class='ocrx_word' id='word_1_253' title='bbox 3071 721 3256 790; x_wconf 85' lang='grc' dir='ltr'>σχῆμα</span> <span class='ocrx_word' id='word_1_254' title='bbox 3279 738 3293 754; x_wconf 78' lang='grc' dir='ltr'><strong>ο</strong></span> <span class='ocrx_word' id='word_1_255' title='bbox 3348 724 3433 776; x_wconf 79' lang='grc' dir='ltr'>καὶ</span> <span class='ocrx_word' id='word_1_256' title='bbox 3484 727 3538 781; x_wconf 82' lang='grc' dir='ltr'>ὲκ</span> <span class='ocrx_word' id='word_1_257' title='bbox 3589 735 3664 788; x_wconf 81' lang='grc' dir='ltr'><strong>τοῦ</strong></span> 
     </span>
    </p>
   </div>
   <div class='ocr_carea' id='block_1_36' title="bbox 2161 802 3670 890">
    <p class='ocr_par' dir='ltr' id='par_1_36' title="bbox 2161 802 3670 890">
     <span class='ocr_line' id='line_1_36' title="bbox 2161 802 3670 890; baseline 0.007 -36"><span class='ocrx_word' id='word_1_258' title='bbox 2161 802 2560 874; x_wconf 82' lang='grc' dir='ltr'><strong>ἀντικειμένου,</strong></span> <span class='ocrx_word' id='word_1_259' title='bbox 2598 806 2679 859; x_wconf 79' lang='grc' dir='ltr'>ὅτι</span> <span class='ocrx_word' id='word_1_260' title='bbox 2700 804 2992 877; x_wconf 74' lang='grc' dir='ltr'>ἀσώματος</span> <span class='ocrx_word' id='word_1_261' title='bbox 3012 809 3162 863; x_wconf 80' lang='grc' dir='ltr'>ἐστιν</span> <span class='ocrx_word' id='word_1_262' title='bbox 3189 811 3221 881; x_wconf 82' lang='grc' dir='ltr'>ὴ</span> <span class='ocrx_word' id='word_1_263' title='bbox 3249 811 3382 882; x_wconf 74' lang='grc' dir='ltr'>ψυχὴ</span> <span class='ocrx_word' id='word_1_264' title='bbox 3413 815 3494 868; x_wconf 79' lang='grc' dir='ltr'>καὶ</span> <span class='ocrx_word' id='word_1_265' title='bbox 3519 834 3670 890; x_wconf 78' lang='grc' dir='ltr'>σωμα.</span> 
     </span>
    </p>
   </div>
   <div class='ocr_carea' id='block_1_37' title="bbox 2160 895 3669 980">
    <p class='ocr_par' dir='ltr' id='par_1_37' title="bbox 2160 895 3669 980">
     <span class='ocr_line' id='line_1_37' title="bbox 2160 895 3669 980; baseline 0.011 -35"><span class='ocrx_word' id='word_1_266' title='bbox 2160 895 2334 956; x_wconf 89' lang='grc' dir='ltr'>τικοῖς</span> <span class='ocrx_word' id='word_1_267' title='bbox 2356 895 2456 965; x_wconf 81' lang='grc' dir='ltr'><strong>οὐχ</strong></span> <span class='ocrx_word' id='word_1_268' title='bbox 2506 895 2796 949; x_wconf 81' lang='grc' dir='ltr'>ὑπόκειται</span> <span class='ocrx_word' id='word_1_269' title='bbox 2847 897 3059 962; x_wconf 85' lang='grc' dir='ltr'><strong>τύποις.</strong></span> <span class='ocrx_word' id='word_1_270' title='bbox 3081 929 3152 938; x_wconf 90' lang='lat'><strong>—-</strong></span> <span class='ocrx_word' id='word_1_271' title='bbox 3177 900 3299 953; x_wconf 86' lang='grc' dir='ltr'>Ὅτι</span> <span class='ocrx_word' id='word_1_272' title='bbox 3327 904 3378 955; x_wconf 85' lang='grc' dir='ltr'><strong>αἰ</strong></span> <span class='ocrx_word' id='word_1_273' title='bbox 3396 903 3544 974; x_wconf 84' lang='grc' dir='ltr'><strong>ψυχαί</strong></span> <span class='ocrx_word' id='word_1_274' title='bbox 3583 913 3669 980; x_wconf 72' lang='grc' dir='ltr'>πρὸ</span> 
     </span>
    </p>
   </div>
   <div class='ocr_carea' id='block_1_38' title="bbox 2158 982 3674 1060">
    <p class='ocr_par' dir='ltr' id='par_1_38' title="bbox 2158 982 3674 1060">
     <span class='ocr_line' id='line_1_38' title="bbox 2158 982 3674 1060; baseline 0.013 -26"><span class='ocrx_word' id='word_1_275' title='bbox 2158 982 2260 1051; x_wconf 85' lang='grc' dir='ltr'>τῆς</span> <span class='ocrx_word' id='word_1_276' title='bbox 2319 983 2413 1036; x_wconf 92' lang='grc' dir='ltr'><strong>τοῦ</strong></span> <span class='ocrx_word' id='word_1_277' title='bbox 2461 983 2669 1053; x_wconf 82' lang='grc' dir='ltr'><strong>κόσμου</strong></span> <span class='ocrx_word' id='word_1_278' title='bbox 2731 986 3046 1057; x_wconf 83' lang='grc' dir='ltr'><strong>ὑπέστησαν</strong></span> <span class='ocrx_word' id='word_1_279' title='bbox 3071 989 3392 1060; x_wconf 81' lang='grc' dir='ltr'>καταϐολῆς,</span> <span class='ocrx_word' id='word_1_280' title='bbox 3419 995 3501 1048; x_wconf 77' lang='grc' dir='ltr'>καὶ</span> <span class='ocrx_word' id='word_1_281' title='bbox 3532 998 3600 1051; x_wconf 81' lang='grc' dir='ltr'>ὅτι</span> <span class='ocrx_word' id='word_1_282' title='bbox 3623 1003 3674 1054; x_wconf 81' lang='grc' dir='ltr'>ὲκ</span> 
     </span>
    </p>
   </div>
   <div class='ocr_carea' id='block_1_39' title="bbox 2157 1073 3678 1158">
    <p class='ocr_par' dir='ltr' id='par_1_39' title="bbox 2157 1073 3678 1158">
     <span class='ocr_line' id='line_1_39' title="bbox 2157 1073 3678 1158; baseline 0.012 -33"><span class='ocrx_word' id='word_1_283' title='bbox 2157 1073 2270 1127; x_wconf 85' lang='grc' dir='ltr'>τῶν</span> <span class='ocrx_word' id='word_1_284' title='bbox 2302 1074 2547 1144; x_wconf 86' lang='grc' dir='ltr'>οὐρανῶν</span> <span class='ocrx_word' id='word_1_285' title='bbox 2563 1078 2643 1140; x_wconf 88' lang='grc' dir='ltr'><strong>εἰς</strong></span> <span class='ocrx_word' id='word_1_286' title='bbox 2656 1077 2726 1131; x_wconf 92' lang='grc' dir='ltr'><strong>τά</strong></span> <span class='ocrx_word' id='word_1_287' title='bbox 2751 1079 2981 1148; x_wconf 87' lang='grc' dir='ltr'>σώματα</span> <span class='ocrx_word' id='word_1_288' title='bbox 3002 1081 3204 1150; x_wconf 85' lang='grc' dir='ltr'>κατέϐη</span> <span class='ocrx_word' id='word_1_289' title='bbox 3214 1084 3372 1147; x_wconf 84' lang='grc' dir='ltr'>σαν¹⁹,</span> <span class='ocrx_word' id='word_1_290' title='bbox 3393 1084 3558 1158; x_wconf 85' lang='grc' dir='ltr'>ὥσπερ</span> <span class='ocrx_word' id='word_1_291' title='bbox 3581 1075 3678 1143; x_wconf 75' lang='grc' dir='ltr'><strong>Μω-</strong></span> 
     </span>
    </p>
   </div>
   <div class='ocr_carea' id='block_1_40' title="bbox 2161 1160 3679 1241">
    <p class='ocr_par' dir='ltr' id='par_1_40' title="bbox 2161 1160 3679 1241">
     <span class='ocr_line' id='line_1_40' title="bbox 2161 1160 3679 1241; baseline 0.012 -24"><span class='ocrx_word' id='word_1_292' title='bbox 2161 1165 2260 1235; x_wconf 82' lang='grc' dir='ltr'><strong>σῆς</strong></span> <span class='ocrx_word' id='word_1_293' title='bbox 2314 1167 2408 1220; x_wconf 63' lang='grc' dir='ltr'><strong>καὶ¹</strong></span> <span class='ocrx_word' id='word_1_294' title='bbox 2431 1168 2481 1220; x_wconf 85' lang='grc' dir='ltr'><strong>οἰ</strong></span> <span class='ocrx_word' id='word_1_295' title='bbox 2513 1169 2788 1238; x_wconf 79' lang='grc' dir='ltr'>προφῆται</span> <span class='ocrx_word' id='word_1_296' title='bbox 2810 1172 2905 1223; x_wconf 74' lang='grc' dir='ltr'><strong>καὶ</strong></span> <span class='ocrx_word' id='word_1_297' title='bbox 2932 1160 3231 1241; x_wconf 77' lang='grc' dir='ltr'>Σωκράτης</span> <span class='ocrx_word' id='word_1_298' title='bbox 3252 1174 3340 1226; x_wconf 74' lang='grc' dir='ltr'><strong>καὶ</strong></span> <span class='ocrx_word' id='word_1_299' title='bbox 3374 1175 3574 1232; x_wconf 85' lang='grc' dir='ltr'><strong>Πλάτων</strong></span> <span class='ocrx_word' id='word_1_300' title='bbox 3601 1182 3679 1235; x_wconf 81' lang='grc' dir='ltr'><strong>καί</strong></span> 
     </span>
    </p>
   </div>
   <div class='ocr_carea' id='block_1_41' title="bbox 2157 1258 3682 1339">
    <p class='ocr_par' dir='ltr' id='par_1_41' title="bbox 2157 1258 3682 1339">
     <span class='ocr_line' id='line_1_41' title="bbox 2157 1258 3682 1339; baseline 0.009 -29"><span class='ocrx_word' id='word_1_301' title='bbox 2157 1259 2185 1311; x_wconf 99' lang='lat'><strong>6</strong></span> <span class='ocrx_word' id='word_1_302' title='bbox 2219 1258 2525 1329; x_wconf 76' lang='grc' dir='ltr'>βαπτιστὴς</span> <span class='ocrx_word' id='word_1_303' title='bbox 2585 1259 2838 1330; x_wconf 79' lang='grc' dir='ltr'><strong>Ἰωάννης</strong></span> <span class='ocrx_word' id='word_1_304' title='bbox 2868 1261 2961 1314; x_wconf 72' lang='grc' dir='ltr'><strong>καὶ</strong></span> <span class='ocrx_word' id='word_1_305' title='bbox 2990 1262 3098 1315; x_wconf 86' lang='grc' dir='ltr'><strong>τῶν</strong></span> <span class='ocrx_word' id='word_1_306' title='bbox 3124 1264 3430 1317; x_wconf 78' lang='grc' dir='ltr'>ἀποστόλων</span> <span class='ocrx_word' id='word_1_307' title='bbox 3457 1268 3682 1339; x_wconf 79' lang='grc' dir='ltr'>αἰψυχαί,</span> 
     </span>
    </p>
   </div>
   <div class='ocr_carea' id='block_1_42' title="bbox 2156 1349 3684 1422">
    <p class='ocr_par' dir='ltr' id='par_1_42' title="bbox 2156 1349 3684 1422">
     <span class='ocr_line' id='line_1_42' title="bbox 2156 1349 3684 1422; baseline 0.009 -20"><span class='ocrx_word' id='word_1_308' title='bbox 2156 1349 2293 1403; x_wconf 72' lang='grc' dir='ltr'><strong>ἀλλά</strong></span> <span class='ocrx_word' id='word_1_309' title='bbox 2319 1351 2415 1404; x_wconf 80' lang='grc' dir='ltr'>καὶ</span> <span class='ocrx_word' id='word_1_310' title='bbox 2442 1350 2579 1421; x_wconf 85' lang='grc' dir='ltr'>αὐτή</span> <span class='ocrx_word' id='word_1_311' title='bbox 2598 1367 2663 1419; x_wconf 87' lang='grc' dir='ltr'><strong>γε</strong></span> <span class='ocrx_word' id='word_1_312' title='bbox 2684 1353 2718 1422; x_wconf 81' lang='grc' dir='ltr'>ἡ</span> <span class='ocrx_word' id='word_1_313' title='bbox 2746 1352 2842 1406; x_wconf 89' lang='grc' dir='ltr'><strong>τοῦ</strong></span> <span class='ocrx_word' id='word_1_314' title='bbox 2869 1353 3108 1422; x_wconf 47' lang='grc' dir='ltr'>Κυρίου,</span> <span class='ocrx_word' id='word_1_315' title='bbox 3147 1354 3260 1409; x_wconf 77' lang='lat' dir='ltr'><strong>Kal</strong></span> <span class='ocrx_word' id='word_1_316' title='bbox 3284 1358 3345 1409; x_wconf 85' lang='grc' dir='ltr'>ὲκ</span> <span class='ocrx_word' id='word_1_317' title='bbox 3372 1357 3460 1410; x_wconf 89' lang='grc' dir='ltr'><strong>τοῦ</strong></span> <span class='ocrx_word' id='word_1_318' title='bbox 3484 1360 3684 1416; x_wconf 79' lang='grc' dir='ltr'>ἀντικειο</span> 
     </span>
    </p>
   </div>
   <div class='ocr_carea' id='block_1_43' title="bbox 2160 1438 3689 1521">
    <p class='ocr_par' dir='ltr' id='par_1_43' title="bbox 2160 1438 3689 1521">
     <span class='ocr_line' id='line_1_43' title="bbox 2160 1438 3689 1521; baseline 0.009 -30"><span class='ocrx_word' id='word_1_319' title='bbox 2160 1438 2344 1508; x_wconf 87' lang='grc' dir='ltr'>μένου,</span> <span class='ocrx_word' id='word_1_320' title='bbox 2391 1441 2475 1493; x_wconf 86' lang='grc' dir='ltr'><strong>ὅτι</strong></span> <span class='ocrx_word' id='word_1_321' title='bbox 2509 1441 2616 1512; x_wconf 84' lang='grc' dir='ltr'>πρὸ</span> <span class='ocrx_word' id='word_1_322' title='bbox 2668 1441 2778 1494; x_wconf 86' lang='grc' dir='ltr'>τῶν</span> <span class='ocrx_word' id='word_1_323' title='bbox 2811 1445 3080 1512; x_wconf 86' lang='grc' dir='ltr'>σωμάτων</span> <span class='ocrx_word' id='word_1_324' title='bbox 3110 1446 3211 1499; x_wconf 84' lang='grc' dir='ltr'><strong>οὐκ</strong></span> <span class='ocrx_word' id='word_1_325' title='bbox 3245 1441 3380 1516; x_wconf 77' lang='grc' dir='ltr'>ἦσαν</span> <span class='ocrx_word' id='word_1_326' title='bbox 3407 1449 3460 1501; x_wconf 87' lang='grc' dir='ltr'><strong>αἰ</strong></span> <span class='ocrx_word' id='word_1_327' title='bbox 3483 1449 3689 1521; x_wconf 72' lang='grc' dir='ltr'>ψυχαὶὲν</span> 
     </span>
    </p>
   </div>
   <div class='ocr_carea' id='block_1_44' title="bbox 2154 1530 3686 1612">
    <p class='ocr_par' dir='ltr' id='par_1_44' title="bbox 2154 1530 3686 1612">
     <span class='ocr_line' id='line_1_44' title="bbox 2154 1530 3686 1612; baseline 0.008 -29"><span class='ocrx_word' id='word_1_328' title='bbox 2154 1530 2394 1601; x_wconf 80' lang='grc' dir='ltr'>οὐρανῷ,</span> <span class='ocrx_word' id='word_1_329' title='bbox 2425 1532 2542 1585; x_wconf 87' lang='grc' dir='ltr'>ἀλλ’</span> <span class='ocrx_word' id='word_1_330' title='bbox 2564 1533 2624 1586; x_wconf 85' lang='grc' dir='ltr'>ὲν</span> <span class='ocrx_word' id='word_1_331' title='bbox 2648 1536 2717 1605; x_wconf 82' lang='grc' dir='ltr'>τῇ</span> <span class='ocrx_word' id='word_1_332' title='bbox 2740 1533 2834 1586; x_wconf 90' lang='grc' dir='ltr'><strong>τοῦ</strong></span> <span class='ocrx_word' id='word_1_333' title='bbox 2883 1534 3138 1605; x_wconf 85' lang='grc' dir='ltr'>σώματος</span> <span class='ocrx_word' id='word_1_334' title='bbox 3168 1539 3376 1602; x_wconf 83' lang='grc' dir='ltr'>γενέσει</span> <span class='ocrx_word' id='word_1_335' title='bbox 3397 1539 3686 1612; x_wconf 80' lang='grc' dir='ltr'>ὑπέστησαν,</span> 
     </span>
    </p>
   </div>
   <div class='ocr_carea' id='block_1_45' title="bbox 2156 1621 3689 1702">
    <p class='ocr_par' dir='ltr' id='par_1_45' title="bbox 2156 1621 3689 1702">
     <span class='ocr_line' id='line_1_45' title="bbox 2156 1621 3689 1702; baseline 0.011 -30"><span class='ocrx_word' id='word_1_336' title='bbox 2156 1622 2501 1691; x_wconf 84' lang='grc' dir='ltr'>προῦπάρχει</span> <span class='ocrx_word' id='word_1_337' title='bbox 2538 1622 2723 1692; x_wconf 86' lang='grc' dir='ltr'>μέντοι</span> <span class='ocrx_word' id='word_1_338' title='bbox 2746 1641 2810 1692; x_wconf 90' lang='grc' dir='ltr'><strong>γε</strong></span> <span class='ocrx_word' id='word_1_339' title='bbox 2842 1624 2889 1656; x_wconf 81' lang='grc'><em>³⁰</em></span> <span class='ocrx_word' id='word_1_340' title='bbox 2917 1625 2978 1678; x_wconf 80' lang='grc' dir='ltr'>τὸ</span> <span class='ocrx_word' id='word_1_341' title='bbox 3002 1625 3181 1695; x_wconf 85' lang='grc' dir='ltr'>σῶμα,</span> <span class='ocrx_word' id='word_1_342' title='bbox 3211 1621 3329 1682; x_wconf 73' lang='grc' dir='ltr'>εἶτα</span> <span class='ocrx_word' id='word_1_343' title='bbox 3365 1629 3397 1697; x_wconf 82' lang='grc' dir='ltr'><strong>ἡ</strong></span> <span class='ocrx_word' id='word_1_344' title='bbox 3425 1627 3587 1702; x_wconf 73' lang='grc' dir='ltr'>ψυχή·</span> <span class='ocrx_word' id='word_1_345' title='bbox 3610 1632 3689 1702; x_wconf 69' lang='grc' dir='ltr'><strong>ἧδ’</strong></span> 
     </span>
    </p>
   </div>
   <div class='ocr_carea' id='block_1_46' title="bbox 2160 1711 3689 1791">
    <p class='ocr_par' dir='ltr' id='par_1_46' title="bbox 2160 1711 3689 1791">
     <span class='ocr_line' id='line_1_46' title="bbox 2160 1711 3689 1791; baseline 0.006 -26"><span class='ocrx_word' id='word_1_346' title='bbox 2160 1711 2621 1780; x_wconf 80' lang='grc' dir='ltr'>μᾶλλον,ὄτιοῦτε</span> <span class='ocrx_word' id='word_1_347' title='bbox 2651 1715 3097 1786; x_wconf 84' lang='grc' dir='ltr'>προῦπάρχουσιν</span> <span class='ocrx_word' id='word_1_348' title='bbox 3116 1716 3239 1771; x_wconf 78' lang='grc' dir='ltr'>οὗτε</span> <span class='ocrx_word' id='word_1_349' title='bbox 3271 1720 3689 1791; x_wconf 85' lang='grc' dir='ltr'>μεθυπάρχουσιν,</span> 
     </span>
    </p>
   </div>
   <div class='ocr_carea' id='block_1_47' title="bbox 2157 1802 3694 1882">
    <p class='ocr_par' dir='ltr' id='par_1_47' title="bbox 2157 1802 3694 1882">
     <span class='ocr_line' id='line_1_47' title="bbox 2157 1802 3694 1882; baseline 0.007 -26"><span class='ocrx_word' id='word_1_350' title='bbox 2157 1802 2292 1856; x_wconf 83' lang='grc' dir='ltr'><strong>ἀλλά</strong></span> <span class='ocrx_word' id='word_1_351' title='bbox 2321 1805 2760 1876; x_wconf 86' lang='grc' dir='ltr'>συνυπάρχουσιν</span> <span class='ocrx_word' id='word_1_352' title='bbox 2816 1807 3096 1878; x_wconf 86' lang='grc' dir='ltr'>ἀλλήλαις.</span> <span class='ocrx_word' id='word_1_353' title='bbox 3115 1839 3187 1850; x_wconf 89' lang='grc'><strong><em>-</em></strong></span> <span class='ocrx_word' id='word_1_354' title='bbox 3226 1810 3348 1864; x_wconf 82' lang='grc' dir='ltr'>Ὀτι</span> <span class='ocrx_word' id='word_1_355' title='bbox 3373 1810 3432 1863; x_wconf 79' lang='grc' dir='ltr'>τὸ</span> <span class='ocrx_word' id='word_1_356' title='bbox 3454 1811 3599 1882; x_wconf 80' lang='grc' dir='ltr'>σῶμα</span> <span class='ocrx_word' id='word_1_357' title='bbox 3617 1814 3694 1869; x_wconf 73' lang='grc' dir='ltr'><strong>τοῦ</strong></span> 
     </span>
    </p>
   </div>
   <div class='ocr_carea' id='block_1_48' title="bbox 2168 1894 3692 1972">
    <p class='ocr_par' dir='ltr' id='par_1_48' title="bbox 2168 1894 3692 1972">
     <span class='ocr_line' id='line_1_48' title="bbox 2168 1894 3692 1972; baseline 0.035 -56"><span class='ocrx_word' id='word_1_358' title='bbox 2168 1894 2340 1965; x_wconf 65' lang='grc' dir='ltr'>,Αδὰμ</span> <span class='ocrx_word' id='word_1_359' title='bbox 2358 1897 2465 1951; x_wconf 67' lang='grc' dir='ltr'><strong>ἀπὸ</strong></span> <span class='ocrx_word' id='word_1_360' title='bbox 2499 1897 2603 1967; x_wconf 80' lang='grc' dir='ltr'>γῆς</span> <span class='ocrx_word' id='word_1_361' title='bbox 2642 1898 2876 1952; x_wconf 75' lang='grc' dir='ltr'>ἔπλασεν</span> <span class='ocrx_word' id='word_1_362' title='bbox 2901 1901 2928 1953; x_wconf 92' lang='lat'><strong>6</strong></span> <span class='ocrx_word' id='word_1_363' title='bbox 2949 1899 3104 1962; x_wconf 83' lang='grc' dir='ltr'>Θεός·</span> <span class='ocrx_word' id='word_1_364' title='bbox 3132 1901 3228 1955; x_wconf 80' lang='grc' dir='ltr'>καὶ</span> <span class='ocrx_word' id='word_1_365' title='bbox 3247 1903 3328 1955; x_wconf 83' lang='grc' dir='ltr'><strong>ὅτι</strong></span> <span class='ocrx_word' id='word_1_366' title='bbox 3348 1903 3446 1958; x_wconf 85' lang='grc' dir='ltr'><strong>οὐκ</strong></span> <span class='ocrx_word' id='word_1_367' title='bbox 3469 1903 3569 1957; x_wconf 81' lang='grc' dir='ltr'><strong>ἀπὸ</strong></span> <span class='ocrx_word' id='word_1_368' title='bbox 3593 1904 3692 1972; x_wconf 83' lang='grc' dir='ltr'><strong>γῆς.</strong></span> 
     </span>
    </p>
   </div>
   <div class='ocr_carea' id='block_1_49' title="bbox 2155 1984 3698 2066">
    <p class='ocr_par' dir='ltr' id='par_1_49' title="bbox 2155 1984 3698 2066">
     <span class='ocr_line' id='line_1_49' title="bbox 2155 1984 3698 2066; baseline 0.006 -29"><span class='ocrx_word' id='word_1_369' title='bbox 2155 1984 2270 2039; x_wconf 83' lang='grc' dir='ltr'>ἀλλ’</span> <span class='ocrx_word' id='word_1_370' title='bbox 2302 1985 2362 2050; x_wconf 75' lang='grc' dir='ltr'>ἐξ</span> <span class='ocrx_word' id='word_1_371' title='bbox 2425 1985 2618 2050; x_wconf 80' lang='grc' dir='ltr'>ὕδατος</span> <span class='ocrx_word' id='word_1_372' title='bbox 2653 1988 2750 2041; x_wconf 71' lang='grc' dir='ltr'><strong>καὶ</strong></span> <span class='ocrx_word' id='word_1_373' title='bbox 2791 1989 3212 2059; x_wconf 79' lang='grc' dir='ltr'>πνεύματος.-</span> <span class='ocrx_word' id='word_1_374' title='bbox 3233 1993 3358 2046; x_wconf 76' lang='grc' dir='ltr'>Ὀτι</span> <span class='ocrx_word' id='word_1_375' title='bbox 3391 1995 3424 2063; x_wconf 83' lang='grc' dir='ltr'><strong>ἡ</strong></span> <span class='ocrx_word' id='word_1_376' title='bbox 3453 1993 3600 2064; x_wconf 76' lang='grc' dir='ltr'>πνοὴ,</span> <span class='ocrx_word' id='word_1_377' title='bbox 3645 1997 3698 2066; x_wconf 67' lang='grc' dir='ltr'>ἢν</span> 
     </span>
    </p>
   </div>
   <div class='ocr_carea' id='block_1_50' title="bbox 2156 2076 3697 2156">
    <p class='ocr_par' dir='ltr' id='par_1_50' title="bbox 2156 2076 3697 2156">
     <span class='ocr_line' id='line_1_50' title="bbox 2156 2076 3697 2156; baseline 0.006 -28"><span class='ocrx_word' id='word_1_378' title='bbox 2156 2076 2487 2147; x_wconf 78' lang='grc' dir='ltr'>ἐνεφύσησεν</span> <span class='ocrx_word' id='word_1_379' title='bbox 2507 2080 2535 2131; x_wconf 92' lang='lat'><strong>6</strong></span> <span class='ocrx_word' id='word_1_380' title='bbox 2559 2078 2692 2142; x_wconf 83' lang='grc' dir='ltr'>Θεὸς</span> <span class='ocrx_word' id='word_1_381' title='bbox 2709 2081 2788 2142; x_wconf 86' lang='grc' dir='ltr'><strong>εἰς</strong></span> <span class='ocrx_word' id='word_1_382' title='bbox 2814 2080 2875 2132; x_wconf 84' lang='grc' dir='ltr'><strong>τὸ</strong></span> <span class='ocrx_word' id='word_1_383' title='bbox 2897 2081 3191 2150; x_wconf 87' lang='grc' dir='ltr'>πρόσωπον</span> <span class='ocrx_word' id='word_1_384' title='bbox 3220 2082 3315 2136; x_wconf 92' lang='grc' dir='ltr'><strong>τοῦ</strong></span> <span class='ocrx_word' id='word_1_385' title='bbox 3342 2083 3532 2154; x_wconf 71' lang='grc' dir='ltr'>Ἀδὰμ,</span> <span class='ocrx_word' id='word_1_386' title='bbox 3560 2085 3697 2156; x_wconf 82' lang='grc' dir='ltr'>πρόσ-</span> 
     </span>
    </p>
   </div>
   <div class='ocr_carea' id='block_1_51' title="bbox 2156 2163 3702 2242">
    <p class='ocr_par' dir='ltr' id='par_1_51' title="bbox 2156 2163 3702 2242">
     <span class='ocr_line' id='line_1_51' title="bbox 2156 2163 3702 2242; baseline 0.006 -23"><span class='ocrx_word' id='word_1_387' title='bbox 2156 2183 2345 2237; x_wconf 89' lang='grc' dir='ltr'>καιρος</span> <span class='ocrx_word' id='word_1_388' title='bbox 2365 2163 2433 2238; x_wconf 82' lang='grc' dir='ltr'>ἦν</span> <span class='ocrx_word' id='word_1_389' title='bbox 2462 2169 2557 2221; x_wconf 67' lang='grc' dir='ltr'><strong>καὶ¹</strong></span> <span class='ocrx_word' id='word_1_390' title='bbox 2604 2170 2702 2239; x_wconf 79' lang='grc' dir='ltr'><strong>οὐχ</strong></span> <span class='ocrx_word' id='word_1_391' title='bbox 2725 2169 2800 2233; x_wconf 87' lang='grc' dir='ltr'>ὼς</span> <span class='ocrx_word' id='word_1_392' title='bbox 2821 2170 2883 2223; x_wconf 84' lang='grc' dir='ltr'><strong>τὸ</strong></span> <span class='ocrx_word' id='word_1_393' title='bbox 2909 2170 3133 2242; x_wconf 87' lang='grc' dir='ltr'>Πνεῦμα</span> <span class='ocrx_word' id='word_1_394' title='bbox 3175 2172 3395 2226; x_wconf 86' lang='grc' dir='ltr'>αἰώνιον</span> <span class='ocrx_word' id='word_1_395' title='bbox 3422 2188 3438 2203; x_wconf 88' lang='grc'>⁶</span> <span class='ocrx_word' id='word_1_396' title='bbox 3499 2175 3590 2228; x_wconf 66' lang='grc' dir='ltr'>καὶ</span> <span class='ocrx_word' id='word_1_397' title='bbox 3636 2177 3702 2230; x_wconf 78' lang='grc' dir='ltr'>ὅτι</span> 
     </span>
    </p>
   </div>
   <div class='ocr_carea' id='block_1_52' title="bbox 2155 2257 3699 2336">
    <p class='ocr_par' dir='ltr' id='par_1_52' title="bbox 2155 2257 3699 2336">
     <span class='ocr_line' id='line_1_52' title="bbox 2155 2257 3699 2336; baseline 0.007 -25"><span class='ocrx_word' id='word_1_398' title='bbox 2155 2259 2217 2311; x_wconf 80' lang='grc' dir='ltr'>οὐ</span> <span class='ocrx_word' id='word_1_399' title='bbox 2247 2260 2585 2330; x_wconf 84' lang='grc' dir='ltr'>πρόσκαιρος</span> <span class='ocrx_word' id='word_1_400' title='bbox 2608 2257 2698 2332; x_wconf 81' lang='grc' dir='ltr'>ἦν,</span> <span class='ocrx_word' id='word_1_401' title='bbox 2732 2263 2870 2316; x_wconf 86' lang='grc' dir='ltr'>ἀλλὰ</span> <span class='ocrx_word' id='word_1_402' title='bbox 2891 2264 3038 2335; x_wconf 72' lang='grc' dir='ltr'>ψυχὴ</span> <span class='ocrx_word' id='word_1_403' title='bbox 3071 2264 3362 2328; x_wconf 84' lang='grc' dir='ltr'>ἀθάνατος.</span> <span class='ocrx_word' id='word_1_404' title='bbox 3390 2295 3457 2309; x_wconf 85' lang='grc'><strong>-</strong></span> <span class='ocrx_word' id='word_1_405' title='bbox 3481 2267 3594 2321; x_wconf 81' lang='grc' dir='ltr'><strong>Ὀτι</strong></span> <span class='ocrx_word' id='word_1_406' title='bbox 3633 2270 3699 2336; x_wconf 76' lang='grc' dir='ltr'>οὗ,</span> 
     </span>
    </p>
   </div>
   <div class='ocr_carea' id='block_1_53' title="bbox 2156 2347 3703 2428">
    <p class='ocr_par' dir='ltr' id='par_1_53' title="bbox 2156 2347 3703 2428">
     <span class='ocr_line' id='line_1_53' title="bbox 2156 2347 3703 2428; baseline 0.006 -27"><span class='ocrx_word' id='word_1_407' title='bbox 2156 2349 2493 2420; x_wconf 86' lang='grc' dir='ltr'>πρόσκαιρος</span> <span class='ocrx_word' id='word_1_408' title='bbox 2512 2347 2580 2421; x_wconf 77' lang='grc' dir='ltr'>ἦν</span> <span class='ocrx_word' id='word_1_409' title='bbox 2604 2351 2726 2406; x_wconf 75' lang='grc' dir='ltr'>οὔτε</span> <span class='ocrx_word' id='word_1_410' title='bbox 2767 2352 2936 2424; x_wconf 81' lang='grc' dir='ltr'>ψυχὴ,</span> <span class='ocrx_word' id='word_1_411' title='bbox 2997 2354 3132 2408; x_wconf 87' lang='grc' dir='ltr'><strong>άλλά</strong></span> <span class='ocrx_word' id='word_1_412' title='bbox 3193 2354 3342 2419; x_wconf 91' lang='grc' dir='ltr'>νοῦς,</span> <span class='ocrx_word' id='word_1_413' title='bbox 3369 2355 3445 2420; x_wconf 83' lang='grc' dir='ltr'><strong>ὡς</strong></span> <span class='ocrx_word' id='word_1_414' title='bbox 3475 2356 3538 2410; x_wconf 75' lang='grc' dir='ltr'>ἐκ</span> <span class='ocrx_word' id='word_1_415' title='bbox 3562 2359 3703 2428; x_wconf 78' lang='grc' dir='ltr'>τριῶν</span> 
     </span>
    </p>
   </div>
   <div class='ocr_carea' id='block_1_54' title="bbox 2156 2439 3703 2518">
    <p class='ocr_par' dir='ltr' id='par_1_54' title="bbox 2156 2439 3703 2518">
     <span class='ocr_line' id='line_1_54' title="bbox 2156 2439 3703 2518; baseline 0.008 -28"><span class='ocrx_word' id='word_1_416' title='bbox 2156 2439 2475 2506; x_wconf 83' lang='grc' dir='ltr'>συγκεῖσθαι</span> <span class='ocrx_word' id='word_1_417' title='bbox 2527 2442 2710 2511; x_wconf 84' lang='grc' dir='ltr'>μερῶν</span> <span class='ocrx_word' id='word_1_418' title='bbox 2756 2444 2846 2495; x_wconf 87' lang='grc' dir='ltr'><strong>τὸν</strong></span> <span class='ocrx_word' id='word_1_419' title='bbox 2895 2441 3204 2512; x_wconf 82' lang='grc' dir='ltr'>ἄνθρωπον,</span> <span class='ocrx_word' id='word_1_420' title='bbox 3235 2443 3330 2497; x_wconf 91' lang='grc' dir='ltr'><strong>νοῦ</strong></span> <span class='ocrx_word' id='word_1_421' title='bbox 3349 2462 3409 2498; x_wconf 89' lang='grc' dir='ltr'><strong>τε</strong></span> <span class='ocrx_word' id='word_1_422' title='bbox 3437 2445 3530 2500; x_wconf 80' lang='grc' dir='ltr'>καὶ</span> <span class='ocrx_word' id='word_1_423' title='bbox 3556 2447 3703 2518; x_wconf 74' lang='grc' dir='ltr'>ψυχῆς</span> 
     </span>
    </p>
   </div>
   <div class='ocr_carea' id='block_1_55' title="bbox 2157 2526 3710 2614">
    <p class='ocr_par' dir='ltr' id='par_1_55' title="bbox 2157 2526 3710 2614">
     <span class='ocr_line' id='line_1_55' title="bbox 2157 2526 3710 2614; baseline 0.008 -35"><span class='ocrx_word' id='word_1_424' title='bbox 2157 2527 2250 2580; x_wconf 73' lang='grc' dir='ltr'><strong>καὶ</strong></span> <span class='ocrx_word' id='word_1_425' title='bbox 2293 2526 2586 2598; x_wconf 77' lang='grc' dir='ltr'>σώματος’</span> <span class='ocrx_word' id='word_1_426' title='bbox 2644 2530 2737 2583; x_wconf 79' lang='grc' dir='ltr'>καὶ</span> <span class='ocrx_word' id='word_1_427' title='bbox 2786 2533 2868 2586; x_wconf 83' lang='grc' dir='ltr'>ὅτι</span> <span class='ocrx_word' id='word_1_428' title='bbox 2927 2533 3081 2586; x_wconf 73' lang='grc' dir='ltr'>οὐδὲν</span> <span class='ocrx_word' id='word_1_429' title='bbox 3108 2533 3218 2586; x_wconf 84' lang='grc' dir='ltr'>τῶν</span> <span class='ocrx_word' id='word_1_430' title='bbox 3265 2535 3573 2614; x_wconf 64' lang='grc' dir='ltr'>εἰρημένων</span> <span class='ocrx_word' id='word_1_431' title='bbox 3597 2533 3710 2608; x_wconf 78' lang='grc' dir='ltr'><strong>ἧνή</strong></span> 
     </span>
    </p>
   </div>
   <div class='ocr_carea' id='block_1_56' title="bbox 2154 2617 3711 2692">
    <p class='ocr_par' dir='ltr' id='par_1_56' title="bbox 2154 2617 3711 2692">
     <span class='ocr_line' id='line_1_56' title="bbox 2154 2617 3711 2692; baseline 0.006 -24"><span class='ocrx_word' id='word_1_432' title='bbox 2154 2617 2534 2689; x_wconf 79' lang='grc' dir='ltr'>ὲμφυσηθεῖσα</span> <span class='ocrx_word' id='word_1_433' title='bbox 2583 2618 2742 2690; x_wconf 82' lang='grc' dir='ltr'>πνοὴ,</span> <span class='ocrx_word' id='word_1_434' title='bbox 2793 2620 2932 2673; x_wconf 85' lang='grc' dir='ltr'><strong>ἀλλά</strong></span> <span class='ocrx_word' id='word_1_435' title='bbox 2960 2621 3021 2673; x_wconf 83' lang='grc' dir='ltr'>τὸ</span> <span class='ocrx_word' id='word_1_436' title='bbox 3045 2621 3272 2692; x_wconf 81' lang='grc' dir='ltr'>Πνεῦμα</span> <span class='ocrx_word' id='word_1_437' title='bbox 3311 2623 3375 2676; x_wconf 82' lang='grc' dir='ltr'><strong>τὸ</strong></span> <span class='ocrx_word' id='word_1_438' title='bbox 3422 2623 3591 2691; x_wconf 77' lang='grc' dir='ltr'>ἅγιον,</span> <span class='ocrx_word' id='word_1_439' title='bbox 3637 2626 3711 2677; x_wconf 83' lang='grc' dir='ltr'><strong>καί</strong></span> 
     </span>
    </p>
   </div>
   <div class='ocr_carea' id='block_1_57' title="bbox 2154 2704 3708 2784">
    <p class='ocr_par' dir='ltr' id='par_1_57' title="bbox 2154 2704 3708 2784">
     <span class='ocr_line' id='line_1_57' title="bbox 2154 2704 3708 2784; baseline 0.004 -25"><span class='ocrx_word' id='word_1_440' title='bbox 2154 2705 2254 2759; x_wconf 83' lang='grc' dir='ltr'><strong>οὐκ</strong></span> <span class='ocrx_word' id='word_1_441' title='bbox 2297 2705 2430 2758; x_wconf 77' lang='grc' dir='ltr'>αὐτὸ</span> <span class='ocrx_word' id='word_1_442' title='bbox 2486 2704 2633 2776; x_wconf 81' lang='grc' dir='ltr'>ψυχὴ</span> <span class='ocrx_word' id='word_1_443' title='bbox 2684 2706 2806 2759; x_wconf 82' lang='grc' dir='ltr'>οὐδὲ</span> <span class='ocrx_word' id='word_1_444' title='bbox 2844 2707 2970 2770; x_wconf 91' lang='grc' dir='ltr'>νοῦς</span> <span class='ocrx_word' id='word_1_445' title='bbox 3016 2710 3394 2778; x_wconf 81' lang='grc' dir='ltr'>χρηματίσαν,</span> <span class='ocrx_word' id='word_1_446' title='bbox 3425 2712 3560 2765; x_wconf 90' lang='grc' dir='ltr'><strong>ἀλλά</strong></span> <span class='ocrx_word' id='word_1_447' title='bbox 3582 2712 3708 2784; x_wconf 78' lang='grc' dir='ltr'>δεδη-</span> 
     </span>
    </p>
   </div>
   <div class='ocr_carea' id='block_1_58' title="bbox 2158 2796 3714 2875">
    <p class='ocr_par' dir='ltr' id='par_1_58' title="bbox 2158 2796 3714 2875">
     <span class='ocr_line' id='line_1_58' title="bbox 2158 2796 3714 2875; baseline 0.006 -27"><span class='ocrx_word' id='word_1_448' title='bbox 2158 2796 2497 2866; x_wconf 79' lang='grc' dir='ltr'>μιουργηκὺς</span> <span class='ocrx_word' id='word_1_449' title='bbox 2540 2798 2640 2867; x_wconf 81' lang='grc' dir='ltr'>τὴν</span> <span class='ocrx_word' id='word_1_450' title='bbox 2699 2797 3134 2869; x_wconf 79' lang='grc' dir='ltr'>ψυχήν.-Ὂτι</span> <span class='ocrx_word' id='word_1_451' title='bbox 3162 2801 3195 2870; x_wconf 79' lang='grc' dir='ltr'>ἡ</span> <span class='ocrx_word' id='word_1_452' title='bbox 3223 2804 3300 2871; x_wconf 80' lang='grc' dir='ltr'>γῆ</span> <span class='ocrx_word' id='word_1_453' title='bbox 3343 2805 3441 2855; x_wconf 75' lang='grc' dir='ltr'><strong>καὶ</strong></span> <span class='ocrx_word' id='word_1_454' title='bbox 3484 2803 3545 2857; x_wconf 79' lang='grc' dir='ltr'>τὸ</span> <span class='ocrx_word' id='word_1_455' title='bbox 3596 2803 3714 2875; x_wconf 81' lang='grc' dir='ltr'>ὕδωρ</span> 
     </span>
    </p>
   </div>
   <div class='ocr_carea' id='block_1_59' title="bbox 2155 2887 3713 2966">
    <p class='ocr_par' dir='ltr' id='par_1_59' title="bbox 2155 2887 3713 2966">
     <span class='ocr_line' id='line_1_59' title="bbox 2155 2887 3713 2966; baseline 0.006 -27"><span class='ocrx_word' id='word_1_456' title='bbox 2155 2889 2248 2941; x_wconf 73' lang='grc' dir='ltr'><strong>καὶ</strong></span> <span class='ocrx_word' id='word_1_457' title='bbox 2276 2889 2347 2940; x_wconf 83' lang='grc' dir='ltr'>τὰ</span> <span class='ocrx_word' id='word_1_458' title='bbox 2373 2887 2537 2941; x_wconf 88' lang='grc' dir='ltr'>λοιπά</span> <span class='ocrx_word' id='word_1_459' title='bbox 2573 2891 2816 2958; x_wconf 89' lang='grc' dir='ltr'>στοιχεῖα</span> <span class='ocrx_word' id='word_1_460' title='bbox 2869 2889 3196 2959; x_wconf 86' lang='grc' dir='ltr'>μεταϐάλλει</span> <span class='ocrx_word' id='word_1_461' title='bbox 3246 2893 3332 2955; x_wconf 86' lang='grc' dir='ltr'><strong>εἰς</strong></span> <span class='ocrx_word' id='word_1_462' title='bbox 3351 2895 3479 2956; x_wconf 85' lang='grc' dir='ltr'>τοὺς</span> <span class='ocrx_word' id='word_1_463' title='bbox 3501 2896 3713 2966; x_wconf 76' lang='grc' dir='ltr'>καρποὺς</span> 
     </span>
    </p>
   </div>
   <div class='ocr_carea' id='block_1_60' title="bbox 2154 2977 3718 3057">
    <p class='ocr_par' dir='ltr' id='par_1_60' title="bbox 2154 2977 3718 3057">
     <span class='ocr_line' id='line_1_60' title="bbox 2154 2977 3718 3057; baseline 0.007 -27"><span class='ocrx_word' id='word_1_464' title='bbox 2154 2978 2338 3031; x_wconf 75' lang='grc' dir='ltr'>καὶτὰ</span> <span class='ocrx_word' id='word_1_465' title='bbox 2363 2977 2525 3047; x_wconf 85' lang='grc' dir='ltr'>φυτὰ,</span> <span class='ocrx_word' id='word_1_466' title='bbox 2558 2979 2653 3032; x_wconf 67' lang='grc' dir='ltr'><strong>καί⁸</strong></span> <span class='ocrx_word' id='word_1_467' title='bbox 2685 2980 2720 3050; x_wconf 80' lang='grc' dir='ltr'>ἡ</span> <span class='ocrx_word' id='word_1_468' title='bbox 2747 2981 2924 3051; x_wconf 79' lang='grc' dir='ltr'>τροφὴ</span> <span class='ocrx_word' id='word_1_469' title='bbox 2980 2983 3062 3044; x_wconf 85' lang='grc' dir='ltr'><strong>εἰς</strong></span> <span class='ocrx_word' id='word_1_470' title='bbox 3092 2984 3276 3051; x_wconf 86' lang='grc' dir='ltr'>σάρκα</span> <span class='ocrx_word' id='word_1_471' title='bbox 3308 2985 3409 3038; x_wconf 79' lang='grc' dir='ltr'>καὶ</span> <span class='ocrx_word' id='word_1_472' title='bbox 3454 2986 3615 3057; x_wconf 87' lang='grc' dir='ltr'>νεῦρα</span> <span class='ocrx_word' id='word_1_473' title='bbox 3642 2988 3718 3041; x_wconf 84' lang='grc' dir='ltr'>καὶ</span> 
     </span>
    </p>
   </div>
   <div class='ocr_carea' id='block_1_61' title="bbox 2152 3068 3718 3149">
    <p class='ocr_par' dir='ltr' id='par_1_61' title="bbox 2152 3068 3718 3149">
     <span class='ocr_line' id='line_1_61' title="bbox 2152 3068 3718 3149; baseline 0.008 -29"><span class='ocrx_word' id='word_1_474' title='bbox 2152 3069 2222 3121; x_wconf 91' lang='grc' dir='ltr'><strong>τά</strong></span> <span class='ocrx_word' id='word_1_475' title='bbox 2242 3068 2405 3122; x_wconf 80' lang='grc' dir='ltr'>λοι.πὰ</span> <span class='ocrx_word' id='word_1_476' title='bbox 2443 3070 2582 3140; x_wconf 88' lang='grc' dir='ltr'>μέρη</span> <span class='ocrx_word' id='word_1_477' title='bbox 2605 3069 2699 3122; x_wconf 91' lang='grc' dir='ltr'><strong>τοῦ</strong></span> <span class='ocrx_word' id='word_1_478' title='bbox 2724 3070 2978 3141; x_wconf 87' lang='grc' dir='ltr'>σώματος</span> <span class='ocrx_word' id='word_1_479' title='bbox 3003 3089 3018 3104; x_wconf 80' lang='grc' dir='ltr'><strong>ο</strong></span> <span class='ocrx_word' id='word_1_480' title='bbox 3050 3074 3149 3127; x_wconf 76' lang='grc' dir='ltr'><strong>καὶ</strong></span> <span class='ocrx_word' id='word_1_481' title='bbox 3182 3076 3250 3129; x_wconf 81' lang='grc' dir='ltr'><strong>έκ</strong></span> <span class='ocrx_word' id='word_1_482' title='bbox 3277 3076 3382 3129; x_wconf 92' lang='grc' dir='ltr'><strong>τοῦ</strong></span> <span class='ocrx_word' id='word_1_483' title='bbox 3436 3078 3718 3149; x_wconf 79' lang='grc' dir='ltr'>ἀντικειμέ-</span> 
     </span>
    </p>
   </div>
   <div class='ocr_carea' id='block_1_62' title="bbox 465 3162 2052 3238">
    <p class='ocr_par' dir='ltr' id='par_1_62' title="bbox 465 3165 2045 3235">
     <span class='ocr_line' id='line_1_62' title="bbox 465 3165 2045 3235; baseline -0.001 -14"><span class='ocrx_word' id='word_1_484' title='bbox 465 3176 658 3221; x_wconf 88' lang='lat' dir='ltr'><strong>natura</strong></span> <span class='ocrx_word' id='word_1_485' title='bbox 689 3177 996 3234; x_wconf 89' lang='lat' dir='ltr'><strong>corruptum</strong></span> <span class='ocrx_word' id='word_1_486' title='bbox 1032 3181 1140 3220; x_wconf 88' lang='lat' dir='ltr'><strong>non</strong></span> <span class='ocrx_word' id='word_1_487' title='bbox 1175 3174 1351 3235; x_wconf 88' lang='lat' dir='ltr'><strong>potest</strong></span> <span class='ocrx_word' id='word_1_488' title='bbox 1374 3165 1781 3235; x_wconf 87' lang='lat' dir='ltr'><strong>incorruptibile</strong></span> <span class='ocrx_word' id='word_1_489' title='bbox 1803 3181 1925 3220; x_wconf 87' lang='lat' dir='ltr'><strong>esse</strong></span> <span class='ocrx_word' id='word_1_490' title='bbox 1949 3181 2045 3220; x_wconf 90' lang='lat' dir='ltr'><strong>vo-</strong></span> 
     </span>
    </p>
   </div>
   <div class='ocr_carea' id='block_1_63' title="bbox 2147 3162 3722 3238">
    <p class='ocr_par' dir='ltr' id='par_1_63' title="bbox 2154 3162 3722 3237">
     <span class='ocr_line' id='line_1_63' title="bbox 2154 3162 3722 3237; baseline 0.007 -26"><span class='ocrx_word' id='word_1_491' title='bbox 2154 3176 2266 3220; x_wconf 88' lang='grc' dir='ltr'>νου,</span> <span class='ocrx_word' id='word_1_492' title='bbox 2313 3162 2396 3214; x_wconf 86' lang='grc' dir='ltr'>ὅτι</span> <span class='ocrx_word' id='word_1_493' title='bbox 2426 3162 2488 3215; x_wconf 86' lang='grc' dir='ltr'><strong>οὐ</strong></span> <span class='ocrx_word' id='word_1_494' title='bbox 2523 3163 2848 3231; x_wconf 88' lang='grc' dir='ltr'>μεταϐάλλει</span> <span class='ocrx_word' id='word_1_495' title='bbox 2883 3165 2916 3233; x_wconf 79' lang='grc' dir='ltr'><strong>ἠ</strong></span> <span class='ocrx_word' id='word_1_496' title='bbox 2951 3164 3024 3235; x_wconf 81' lang='grc' dir='ltr'>γῆ</span> <span class='ocrx_word' id='word_1_497' title='bbox 3052 3168 3133 3229; x_wconf 87' lang='grc' dir='ltr'><strong>εἰς</strong></span> <span class='ocrx_word' id='word_1_498' title='bbox 3161 3167 3231 3222; x_wconf 88' lang='grc' dir='ltr'><strong>τά</strong></span> <span class='ocrx_word' id='word_1_499' title='bbox 3254 3168 3302 3199; x_wconf 79' lang='lat'><strong>&quot;</strong></span> <span class='ocrx_word' id='word_1_500' title='bbox 3329 3170 3482 3237; x_wconf 86' lang='grc' dir='ltr'><strong>φυτά</strong></span> <span class='ocrx_word' id='word_1_501' title='bbox 3505 3171 3595 3225; x_wconf 76' lang='grc' dir='ltr'><strong>καὶ</strong></span> <span class='ocrx_word' id='word_1_502' title='bbox 3620 3173 3722 3234; x_wconf 80' lang='grc' dir='ltr'>τοὺς</span> 
     </span>
    </p>
   </div>
   <div class='ocr_carea' id='block_1_64' title="bbox 466 3255 2049 3322">
    <p class='ocr_par' dir='ltr' id='par_1_64' title="bbox 466 3255 2049 3322">
     <span class='ocr_line' id='line_1_64' title="bbox 466 3255 2049 3322; baseline 0 -12"><span class='ocrx_word' id='word_1_503' title='bbox 466 3259 672 3310; x_wconf 84' lang='lat' dir='ltr'><strong>Iuntate</strong></span> <span class='ocrx_word' id='word_1_504' title='bbox 705 3255 820 3311; x_wconf 89' lang='lat' dir='ltr'><strong>Dei.</strong></span> <span class='ocrx_word' id='word_1_505' title='bbox 851 3255 1132 3310; x_wconf 90' lang='lat' dir='ltr'><strong>Contraria</strong></span> <span class='ocrx_word' id='word_1_506' title='bbox 1165 3257 1308 3310; x_wconf 88' lang='lat' dir='ltr'><strong>enim</strong></span> <span class='ocrx_word' id='word_1_507' title='bbox 1341 3256 1615 3310; x_wconf 83' lang='lat' dir='ltr'><strong>docetsibi</strong></span> <span class='ocrx_word' id='word_1_508' title='bbox 1649 3256 1751 3309; x_wconf 91' lang='lat' dir='ltr'><strong>hoc</strong></span> <span class='ocrx_word' id='word_1_509' title='bbox 1776 3270 2049 3322; x_wconf 80' lang='lat' dir='ltr'><strong>asserens,</strong></span> 
     </span>
    </p>
   </div>
   <div class='ocr_carea' id='block_1_65' title="bbox 462 3345 2056 3418">
    <p class='ocr_par' dir='ltr' id='par_1_65' title="bbox 462 3345 2056 3418">
     <span class='ocr_line' id='line_1_65' title="bbox 462 3345 2056 3418; baseline -0.002 -14"><span class='ocrx_word' id='word_1_510' title='bbox 462 3360 517 3405; x_wconf 86' lang='lat' dir='ltr'><strong>ct</strong></span> <span class='ocrx_word' id='word_1_511' title='bbox 543 3348 1030 3418; x_wconf 86' lang='lat' dir='ltr'><strong>impossibilitatem</strong></span> <span class='ocrx_word' id='word_1_512' title='bbox 1081 3345 1324 3402; x_wconf 87' lang='lat' dir='ltr'><strong>Creatori</strong></span> <span class='ocrx_word' id='word_1_513' title='bbox 1349 3347 1610 3416; x_wconf 78' lang='lat' dir='ltr'><strong>assignat.</strong></span> <span class='ocrx_word' id='word_1_514' title='bbox 1643 3347 1724 3401; x_wconf 91' lang='lat' dir='ltr'><strong>Ad</strong></span> <span class='ocrx_word' id='word_1_515' title='bbox 1765 3348 1905 3401; x_wconf 89' lang='lat' dir='ltr'><strong>hanc</strong></span> <span class='ocrx_word' id='word_1_516' title='bbox 1939 3349 2056 3415; x_wconf 90' lang='lat' dir='ltr'><strong>opi-</strong></span> 
     </span>
    </p>
   </div>
   <div class='ocr_carea' id='block_1_66' title="bbox 464 3436 2052 3494">
    <p class='ocr_par' dir='ltr' id='par_1_66' title="bbox 464 3436 2052 3494">
     <span class='ocr_line' id='line_1_66' title="bbox 464 3436 2052 3494; baseline -0.001 0"><span class='ocrx_word' id='word_1_517' title='bbox 464 3442 681 3494; x_wconf 84' lang='lat' dir='ltr'><strong>nionem</strong></span> <span class='ocrx_word' id='word_1_518' title='bbox 716 3437 1139 3492; x_wconf 80' lang='lat' dir='ltr'><strong>coufirmandam</strong></span> <span class='ocrx_word' id='word_1_519' title='bbox 1199 3438 1562 3491; x_wconf 90' lang='lat' dir='ltr'><strong>testimonium</strong></span> <span class='ocrx_word' id='word_1_520' title='bbox 1607 3437 1823 3491; x_wconf 81' lang='lat' dir='ltr'><strong>adducit</strong></span> <span class='ocrx_word' id='word_1_521' title='bbox 1859 3436 2052 3492; x_wconf 83' lang='lat' dir='ltr'><strong>Justiui</strong></span> 
     </span>
    </p>
   </div>
   <div class='ocr_carea' id='block_1_67' title="bbox 466 3526 2053 3600">
    <p class='ocr_par' dir='ltr' id='par_1_67' title="bbox 466 3526 2053 3600">
     <span class='ocr_line' id='line_1_67' title="bbox 466 3526 2053 3600; baseline -0.002 -14"><span class='ocrx_word' id='word_1_522' title='bbox 466 3531 739 3600; x_wconf 80' lang='lat' dir='ltr'><strong>Martyris,</strong></span> <span class='ocrx_word' id='word_1_523' title='bbox 765 3530 900 3584; x_wconf 90' lang='lat' dir='ltr'><strong>libro</strong></span> <span class='ocrx_word' id='word_1_524' title='bbox 929 3544 1038 3599; x_wconf 91' lang='lat' dir='ltr'><strong>quo</strong></span> <span class='ocrx_word' id='word_1_525' title='bbox 1069 3529 1305 3597; x_wconf 81' lang='lat' dir='ltr'><strong>gentium</strong></span> <span class='ocrx_word' id='word_1_526' title='bbox 1336 3543 1552 3583; x_wconf 90' lang='lat' dir='ltr'><strong>errores</strong></span> <span class='ocrx_word' id='word_1_527' title='bbox 1582 3526 1802 3593; x_wconf 79' lang='lat' dir='ltr'><strong>refutat,</strong></span> <span class='ocrx_word' id='word_1_528' title='bbox 1841 3537 1897 3583; x_wconf 89' lang='lat' dir='ltr'><strong>et</strong></span> <span class='ocrx_word' id='word_1_529' title='bbox 1923 3543 2053 3583; x_wconf 89' lang='lat' dir='ltr'><strong>con-</strong></span> 
     </span>
    </p>
   </div>
   <div class='ocr_carea' id='block_1_68' title="bbox 467 3618 2048 3691">
    <p class='ocr_par' dir='ltr' id='par_1_68' title="bbox 467 3618 2048 3691">
     <span class='ocr_line' id='line_1_68' title="bbox 467 3618 2048 3691; baseline -0.003 -15"><span class='ocrx_word' id='word_1_530' title='bbox 467 3633 550 3677; x_wconf 91' lang='lat' dir='ltr'><strong>tra</strong></span> <span class='ocrx_word' id='word_1_531' title='bbox 580 3621 822 3677; x_wconf 89' lang='lat' dir='ltr'><strong>Platonis</strong></span> <span class='ocrx_word' id='word_1_532' title='bbox 862 3630 1235 3691; x_wconf 76' lang='lat' dir='ltr'><strong>argumentum</strong></span> <span class='ocrx_word' id='word_1_533' title='bbox 1274 3620 1505 3675; x_wconf 88' lang='lat' dir='ltr'><strong>dicentis</strong></span> <span class='ocrx_word' id='word_1_534' title='bbox 1537 3618 1710 3675; x_wconf 89' lang='lat' dir='ltr'><strong>:Cum</strong></span> <span class='ocrx_word' id='word_1_535' title='bbox 1747 3620 1877 3689; x_wconf 79' lang='lat' dir='ltr'><strong>[acti</strong></span> <span class='ocrx_word' id='word_1_536' title='bbox 1905 3620 2048 3686; x_wconf 73' lang='lat' dir='ltr'><strong>estis,</strong></span> 
     </span>
    </p>
   </div>
   <div class='ocr_carea' id='block_1_69' title="bbox 471 3709 2050 3779">
    <p class='ocr_par' dir='ltr' id='par_1_69' title="bbox 471 3709 2050 3779">
     <span class='ocr_line' id='line_1_69' title="bbox 471 3709 2050 3779; baseline -0.004 -12"><span class='ocrx_word' id='word_1_537' title='bbox 471 3715 795 3767; x_wconf 76' lang='lat' dir='ltr'><strong>immortales</strong></span> <span class='ocrx_word' id='word_1_538' title='bbox 827 3729 929 3765; x_wconf 88' lang='lat' dir='ltr'><strong>non</strong></span> <span class='ocrx_word' id='word_1_539' title='bbox 987 3712 1136 3774; x_wconf 77' lang='lat' dir='ltr'><strong>estis,</strong></span> <span class='ocrx_word' id='word_1_540' title='bbox 1169 3727 1331 3779; x_wconf 84' lang='lat' dir='ltr'><strong>neque</strong></span> <span class='ocrx_word' id='word_1_541' title='bbox 1381 3710 1592 3764; x_wconf 86' lang='lat' dir='ltr'><strong>omnino</strong></span> <span class='ocrx_word' id='word_1_542' title='bbox 1629 3709 2050 3774; x_wconf 74' lang='lat' dir='ltr'><strong>indissolubiles;</strong></span> 
     </span>
    </p>
   </div>
   <div class='ocr_carea' id='block_1_70' title="bbox 463 3802 2048 3875">
    <p class='ocr_par' dir='ltr' id='par_1_70' title="bbox 463 3802 2048 3875">
     <span class='ocr_line' id='line_1_70' title="bbox 463 3802 2048 3875; baseline -0.004 -15"><span class='ocrx_word' id='word_1_543' title='bbox 463 3821 628 3875; x_wconf 84' lang='lat' dir='ltr'><strong>neque</strong></span> <span class='ocrx_word' id='word_1_544' title='bbox 657 3805 820 3874; x_wconf 79' lang='lat' dir='ltr'><strong>igitur</strong></span> <span class='ocrx_word' id='word_1_545' title='bbox 847 3802 1323 3866; x_wconf 73' lang='lat' dir='ltr'><strong>dissolvemini,nec</strong></span> <span class='ocrx_word' id='word_1_546' title='bbox 1353 3802 1648 3855; x_wconf 77' lang='lat' dir='ltr'><strong>moriemini</strong></span> <span class='ocrx_word' id='word_1_547' title='bbox 1687 3813 1870 3866; x_wconf 72' lang='lat' dir='ltr'><strong>morte,</strong></span> <span class='ocrx_word' id='word_1_548' title='bbox 1904 3802 2048 3854; x_wconf 85' lang='lat' dir='ltr'><strong>nacti</strong></span> 
     </span>
    </p>
   </div>
   <div class='ocr_carea' id='block_1_71' title="bbox 464 3893 2074 3966">
    <p class='ocr_par' dir='ltr' id='par_1_71' title="bbox 464 3893 2074 3966">
     <span class='ocr_line' id='line_1_71' title="bbox 464 3893 2074 3966; baseline -0.003 -15"><span class='ocrx_word' id='word_1_549' title='bbox 464 3899 648 3966; x_wconf 86' lang='lat' dir='ltr'><strong>legem,</strong></span> <span class='ocrx_word' id='word_1_550' title='bbox 675 3912 789 3964; x_wconf 69' lang='lat' dir='ltr'><strong>qua</strong></span> <span class='ocrx_word' id='word_1_551' title='bbox 815 3911 929 3949; x_wconf 81' lang='lat' dir='ltr'><strong>mea</strong></span> <span class='ocrx_word' id='word_1_552' title='bbox 985 3893 1253 3947; x_wconf 77' lang='lat' dir='ltr'><strong>uoluntate</strong></span> <span class='ocrx_word' id='word_1_553' title='bbox 1292 3893 1485 3961; x_wconf 78' lang='lat' dir='ltr'><strong>fortior</strong></span> <span class='ocrx_word' id='word_1_554' title='bbox 1525 3902 1624 3946; x_wconf 77' lang='lat' dir='ltr'><strong>est.</strong></span> <span class='ocrx_word' id='word_1_555' title='bbox 1654 3893 1774 3961; x_wconf 84' lang='lat' dir='ltr'><strong>Ipse</strong></span> <span class='ocrx_word' id='word_1_556' title='bbox 1830 3893 2074 3961; x_wconf 62' lang='lat' dir='ltr'><strong>quidem-</strong></span> 
     </span>
    </p>
   </div>
   <div class='ocr_carea' id='block_1_72' title="bbox 465 3981 2048 4056">
    <p class='ocr_par' dir='ltr' id='par_1_72' title="bbox 465 3981 2048 4056">
     <span class='ocr_line' id='line_1_72' title="bbox 465 3981 2048 4056; baseline -0.002 -18"><span class='ocrx_word' id='word_1_557' title='bbox 465 3988 668 4056; x_wconf 74' lang='lat' dir='ltr'><strong>liartyr</strong></span> <span class='ocrx_word' id='word_1_558' title='bbox 701 3984 1038 4038; x_wconf 84' lang='lat' dir='ltr'><strong>Platonicum</strong></span> <span class='ocrx_word' id='word_1_559' title='bbox 1077 3998 1308 4052; x_wconf 73' lang='lat' dir='ltr'><strong>arguens</strong></span> <span class='ocrx_word' id='word_1_560' title='bbox 1340 3982 1613 4049; x_wconf 82' lang='lat' dir='ltr'><strong>sophisma</strong></span> <span class='ocrx_word' id='word_1_561' title='bbox 1657 3983 1894 4038; x_wconf 83' lang='lat' dir='ltr'><strong>ostendit</strong></span> <span class='ocrx_word' id='word_1_562' title='bbox 1924 3981 2048 4036; x_wconf 86' lang='lat' dir='ltr'><strong>Pla-</strong></span> 
     </span>
    </p>
   </div>
   <div class='ocr_carea' id='block_1_73' title="bbox 467 4072 2045 4142">
    <p class='ocr_par' dir='ltr' id='par_1_73' title="bbox 467 4072 2045 4142">
     <span class='ocr_line' id='line_1_73' title="bbox 467 4072 2045 4142; baseline -0.002 -12"><span class='ocrx_word' id='word_1_563' title='bbox 467 4087 647 4130; x_wconf 86' lang='lat' dir='ltr'><strong>tonem</strong></span> <span class='ocrx_word' id='word_1_564' title='bbox 678 4073 992 4128; x_wconf 89' lang='lat' dir='ltr'><strong>Creatorem</strong></span> <span class='ocrx_word' id='word_1_565' title='bbox 1033 4073 1318 4134; x_wconf 89' lang='lat' dir='ltr'><strong>inducere,</strong></span> <span class='ocrx_word' id='word_1_566' title='bbox 1359 4072 1517 4142; x_wconf 91' lang='lat' dir='ltr'><strong>quasi</strong></span> <span class='ocrx_word' id='word_1_567' title='bbox 1552 4082 1740 4127; x_wconf 89' lang='lat' dir='ltr'><strong>contra</strong></span> <span class='ocrx_word' id='word_1_568' title='bbox 1775 4088 1833 4130; x_wconf 86' lang='lat' dir='ltr'><strong>se</strong></span> <span class='ocrx_word' id='word_1_569' title='bbox 1871 4074 2045 4141; x_wconf 92' lang='lat' dir='ltr'><strong>ipsum</strong></span> 
     </span>
    </p>
   </div>
   <div class='ocr_carea' id='block_1_74' title="bbox 469 4161 2041 4234">
    <p class='ocr_par' dir='ltr' id='par_1_74' title="bbox 469 4161 2041 4234">
     <span class='ocr_line' id='line_1_74' title="bbox 469 4161 2041 4234; baseline -0.003 -14"><span class='ocrx_word' id='word_1_570' title='bbox 469 4167 723 4234; x_wconf 87' lang='lat' dir='ltr'><strong>loquatur</strong></span> <span class='ocrx_word' id='word_1_571' title='bbox 743 4174 795 4219; x_wconf 92' lang='lat' dir='ltr'><strong>et</strong></span> <span class='ocrx_word' id='word_1_572' title='bbox 833 4163 1032 4217; x_wconf 89' lang='lat' dir='ltr'><strong>nullam</strong></span> <span class='ocrx_word' id='word_1_573' title='bbox 1065 4162 1505 4230; x_wconf 84' lang='lat' dir='ltr'><strong>consequentiam</strong></span> <span class='ocrx_word' id='word_1_574' title='bbox 1561 4161 1722 4216; x_wconf 91' lang='lat' dir='ltr'><strong>dictis</strong></span> <span class='ocrx_word' id='word_1_575' title='bbox 1749 4162 2041 4217; x_wconf 87' lang='lat' dir='ltr'><strong>adhibeat:</strong></span> 
     </span>
    </p>
   </div>
   <div class='ocr_carea' id='block_1_75' title="bbox 467 4254 2047 4324">
    <p class='ocr_par' dir='ltr' id='par_1_75' title="bbox 467 4254 2047 4324">
     <span class='ocr_line' id='line_1_75' title="bbox 467 4254 2047 4324; baseline -0.001 -14"><span class='ocrx_word' id='word_1_576' title='bbox 467 4258 550 4312; x_wconf 89' lang='lat' dir='ltr'><strong>vel</strong></span> <span class='ocrx_word' id='word_1_577' title='bbox 580 4257 724 4312; x_wconf 89' lang='lat' dir='ltr'><strong>enim</strong></span> <span class='ocrx_word' id='word_1_578' title='bbox 758 4270 980 4311; x_wconf 85' lang='lat' dir='ltr'><strong>necesse</strong></span> <span class='ocrx_word' id='word_1_579' title='bbox 1001 4264 1086 4310; x_wconf 84' lang='lat' dir='ltr'><strong>est</strong></span> <span class='ocrx_word' id='word_1_580' title='bbox 1136 4270 1296 4310; x_wconf 88' lang='lat' dir='ltr'><strong>omne</strong></span> <span class='ocrx_word' id='word_1_581' title='bbox 1344 4263 1656 4324; x_wconf 76' lang='lat' dir='ltr'><strong>generatum</strong></span> <span class='ocrx_word' id='word_1_582' title='bbox 1695 4254 2047 4323; x_wconf 89' lang='lat' dir='ltr'><strong>corruptibile</strong></span> 
     </span>
    </p>
   </div>
   <div class='ocr_carea' id='block_1_76' title="bbox 467 4339 2047 4412">
    <p class='ocr_par' dir='ltr' id='par_1_76' title="bbox 467 4339 2047 4412">
     <span class='ocr_line' id='line_1_76' title="bbox 467 4339 2047 4412; baseline -0.004 -12"><span class='ocrx_word' id='word_1_583' title='bbox 467 4360 588 4402; x_wconf 87' lang='lat' dir='ltr'><strong>esse</strong></span> <span class='ocrx_word' id='word_1_584' title='bbox 603 4345 894 4400; x_wconf 87' lang='lat' dir='ltr'><strong>secundum</strong></span> <span class='ocrx_word' id='word_1_585' title='bbox 915 4343 1150 4412; x_wconf 87' lang='lat' dir='ltr'><strong>priorem</strong></span> <span class='ocrx_word' id='word_1_586' title='bbox 1181 4341 1572 4404; x_wconf 84' lang='lat' dir='ltr'><strong>deﬁnitionem,</strong></span> <span class='ocrx_word' id='word_1_587' title='bbox 1597 4339 1677 4394; x_wconf 85' lang='lat' dir='ltr'><strong>vel</strong></span> <span class='ocrx_word' id='word_1_588' title='bbox 1709 4356 1830 4394; x_wconf 89' lang='lat' dir='ltr'><strong>eum</strong></span> <span class='ocrx_word' id='word_1_589' title='bbox 1864 4340 2047 4394; x_wconf 90' lang='lat' dir='ltr'><strong>dicen-</strong></span> 
     </span>
    </p>
   </div>
   <div class='ocr_carea' id='block_1_77' title="bbox 467 4430 2042 4506">
    <p class='ocr_par' dir='ltr' id='par_1_77' title="bbox 467 4430 2042 4506">
     <span class='ocr_line' id='line_1_77' title="bbox 467 4430 2042 4506; baseline -0.004 -15"><span class='ocrx_word' id='word_1_590' title='bbox 467 4437 535 4491; x_wconf 93' lang='lat' dir='ltr'><strong>do</strong></span> <span class='ocrx_word' id='word_1_591' title='bbox 567 4451 725 4491; x_wconf 87' lang='lat' dir='ltr'><strong>omne</strong></span> <span class='ocrx_word' id='word_1_592' title='bbox 751 4445 1065 4506; x_wconf 77' lang='lat' dir='ltr'><strong>generatum</strong></span> <span class='ocrx_word' id='word_1_593' title='bbox 1083 4432 1432 4503; x_wconf 89' lang='lat' dir='ltr'><strong>corruptibile</strong></span> <span class='ocrx_word' id='word_1_594' title='bbox 1457 4446 1579 4485; x_wconf 90' lang='lat' dir='ltr'><strong>esse</strong></span> <span class='ocrx_word' id='word_1_595' title='bbox 1601 4432 1835 4486; x_wconf 86' lang='lat' dir='ltr'><strong>mentiri.</strong></span> <span class='ocrx_word' id='word_1_596' title='bbox 1867 4430 2042 4486; x_wconf 83' lang='lat' dir='ltr'><strong>Goba-</strong></span> 
     </span>
    </p>
   </div>
   <div class='ocr_carea' id='block_1_78' title="bbox 2155 3252 3720 3332">
    <p class='ocr_par' dir='ltr' id='par_1_78' title="bbox 2155 3252 3720 3332">
     <span class='ocr_line' id='line_1_78' title="bbox 2155 3252 3720 3332; baseline 0.008 -28"><span class='ocrx_word' id='word_1_597' title='bbox 2155 3253 2422 3321; x_wconf 82' lang='grc' dir='ltr'>καρποὺς,</span> <span class='ocrx_word' id='word_1_598' title='bbox 2451 3252 2576 3306; x_wconf 73' lang='grc' dir='ltr'>οὔτε</span> <span class='ocrx_word' id='word_1_599' title='bbox 2609 3255 2643 3324; x_wconf 80' lang='grc' dir='ltr'><strong>η</strong></span> <span class='ocrx_word' id='word_1_600' title='bbox 2673 3256 2849 3326; x_wconf 83' lang='grc' dir='ltr'>τροφὴ</span> <span class='ocrx_word' id='word_1_601' title='bbox 2882 3257 2962 3320; x_wconf 88' lang='grc' dir='ltr'><strong>εἰς</strong></span> <span class='ocrx_word' id='word_1_602' title='bbox 2993 3258 3053 3309; x_wconf 81' lang='grc' dir='ltr'><strong>τὸ</strong></span> <span class='ocrx_word' id='word_1_603' title='bbox 3079 3258 3364 3330; x_wconf 80' lang='grc' dir='ltr'>ἡμέτερον</span> <span class='ocrx_word' id='word_1_604' title='bbox 3422 3262 3600 3332; x_wconf 84' lang='grc' dir='ltr'>σῶμα.</span> <span class='ocrx_word' id='word_1_605' title='bbox 3623 3264 3720 3315; x_wconf 80' lang='grc' dir='ltr'>Ὅτι</span> 
     </span>
    </p>
   </div>
   <div class='ocr_carea' id='block_1_79' title="bbox 2156 3344 3724 3423">
    <p class='ocr_par' dir='ltr' id='par_1_79' title="bbox 2156 3344 3724 3423">
     <span class='ocr_line' id='line_1_79' title="bbox 2156 3344 3724 3423; baseline 0.006 -27"><span class='ocrx_word' id='word_1_606' title='bbox 2156 3344 2299 3412; x_wconf 87' lang='grc' dir='ltr'><strong>μετά</strong></span> <span class='ocrx_word' id='word_1_607' title='bbox 2352 3345 2578 3398; x_wconf 84' lang='grc' dir='ltr'>θάνατον</span> <span class='ocrx_word' id='word_1_608' title='bbox 2607 3347 2812 3419; x_wconf 78' lang='grc' dir='ltr'>ἡψυχὴ</span> <span class='ocrx_word' id='word_1_609' title='bbox 2863 3347 2990 3401; x_wconf 77' lang='grc' dir='ltr'>οὔτε</span> <span class='ocrx_word' id='word_1_610' title='bbox 3037 3349 3133 3403; x_wconf 88' lang='grc' dir='ltr'><strong>τοῦ</strong></span> <span class='ocrx_word' id='word_1_611' title='bbox 3183 3351 3458 3423; x_wconf 83' lang='grc' dir='ltr'>σώματος</span> <span class='ocrx_word' id='word_1_612' title='bbox 3509 3355 3626 3408; x_wconf 76' lang='grc' dir='ltr'>οὔτε</span> <span class='ocrx_word' id='word_1_613' title='bbox 3648 3353 3724 3407; x_wconf 87' lang='grc' dir='ltr'><strong>τοῦ</strong></span> 
     </span>
    </p>
   </div>
   <div class='ocr_carea' id='block_1_80' title="bbox 2152 3438 3723 3516">
    <p class='ocr_par' dir='ltr' id='par_1_80' title="bbox 2152 3438 3723 3516">
     <span class='ocr_line' id='line_1_80' title="bbox 2152 3438 3723 3516; baseline 0.006 -26"><span class='ocrx_word' id='word_1_614' title='bbox 2152 3438 2323 3506; x_wconf 83' lang='grc' dir='ltr'>τάφου</span> <span class='ocrx_word' id='word_1_615' title='bbox 2376 3438 2666 3510; x_wconf 77' lang='grc' dir='ltr'>χωρίζεται</span> <span class='ocrx_word' id='word_1_616' title='bbox 2693 3456 2707 3470; x_wconf 89' lang='grc'><strong>·</strong></span> <span class='ocrx_word' id='word_1_617' title='bbox 2746 3443 2840 3495; x_wconf 79' lang='grc' dir='ltr'><strong>καὶ</strong></span> <span class='ocrx_word' id='word_1_618' title='bbox 2873 3444 2936 3495; x_wconf 83' lang='grc' dir='ltr'>ὲκ</span> <span class='ocrx_word' id='word_1_619' title='bbox 2961 3442 3056 3496; x_wconf 88' lang='grc' dir='ltr'><strong>τοῦ</strong></span> <span class='ocrx_word' id='word_1_620' title='bbox 3107 3445 3530 3516; x_wconf 85' lang='grc' dir='ltr'>ἀντικειμένου,</span> <span class='ocrx_word' id='word_1_621' title='bbox 3584 3447 3723 3502; x_wconf 83' lang='grc' dir='ltr'><strong>ὅτιού</strong></span> 
     </span>
    </p>
   </div>
   <div class='ocr_carea' id='block_1_81' title="bbox 2152 3529 3728 3610">
    <p class='ocr_par' dir='ltr' id='par_1_81' title="bbox 2152 3529 3728 3610">
     <span class='ocr_line' id='line_1_81' title="bbox 2152 3529 3728 3610; baseline 0.007 -28"><span class='ocrx_word' id='word_1_622' title='bbox 2152 3530 2460 3600; x_wconf 82' lang='grc' dir='ltr'>παραμένει</span> <span class='ocrx_word' id='word_1_623' title='bbox 2485 3529 2563 3600; x_wconf 81' lang='grc' dir='ltr'>τῷ</span> <span class='ocrx_word' id='word_1_624' title='bbox 2598 3529 2869 3604; x_wconf 81' lang='grc' dir='ltr'>σώματιή</span> <span class='ocrx_word' id='word_1_625' title='bbox 2898 3533 3045 3605; x_wconf 63' lang='grc' dir='ltr'>ιξυχὴ</span> <span class='ocrx_word' id='word_1_626' title='bbox 3106 3533 3232 3588; x_wconf 77' lang='grc' dir='ltr'>οὔτε</span> <span class='ocrx_word' id='word_1_627' title='bbox 3273 3538 3363 3607; x_wconf 86' lang='grc' dir='ltr'>τῷ</span> <span class='ocrx_word' id='word_1_628' title='bbox 3409 3539 3592 3610; x_wconf 85' lang='grc' dir='ltr'>τάφῳ.</span> <span class='ocrx_word' id='word_1_629' title='bbox 3631 3540 3728 3592; x_wconf 83' lang='grc' dir='ltr'><strong>Ἐν·</strong></span> 
     </span>
    </p>
   </div>
   <div class='ocr_carea' id='block_1_82' title="bbox 2151 3621 3728 3700">
    <p class='ocr_par' dir='ltr' id='par_1_82' title="bbox 2151 3621 3728 3700">
     <span class='ocr_line' id='line_1_82' title="bbox 2151 3621 3728 3700; baseline 0.004 -26"><span class='ocrx_word' id='word_1_630' title='bbox 2151 3621 2324 3675; x_wconf 90' lang='grc' dir='ltr'>ταῦθα</span> <span class='ocrx_word' id='word_1_631' title='bbox 2352 3623 2408 3675; x_wconf 86' lang='grc' dir='ltr'>δὲ</span> <span class='ocrx_word' id='word_1_632' title='bbox 2434 3623 2643 3694; x_wconf 85' lang='grc' dir='ltr'>μυρίων</span> <span class='ocrx_word' id='word_1_633' title='bbox 2676 3623 2928 3695; x_wconf 80' lang='grc' dir='ltr'>εὐπορῶν</span> <span class='ocrx_word' id='word_1_634' title='bbox 2950 3627 2978 3679; x_wconf 89' lang='grc' dir='ltr'>ὁ</span> <span class='ocrx_word' id='word_1_635' title='bbox 2997 3625 3238 3697; x_wconf 86' lang='grc' dir='ltr'>Γόϐαρος</span> <span class='ocrx_word' id='word_1_636' title='bbox 3273 3629 3564 3699; x_wconf 79' lang='grc' dir='ltr'>χρήσεων,</span> <span class='ocrx_word' id='word_1_637' title='bbox 3585 3629 3728 3700; x_wconf 84' lang='grc' dir='ltr'>Σεϐη-</span> 
     </span>
    </p>
   </div>
   <div class='ocr_carea' id='block_1_83' title="bbox 2152 3711 3733 3789">
    <p class='ocr_par' dir='ltr' id='par_1_83' title="bbox 2152 3711 3733 3789">
     <span class='ocr_line' id='line_1_83' title="bbox 2152 3711 3733 3789; baseline 0.004 -26"><span class='ocrx_word' id='word_1_638' title='bbox 2152 3711 2338 3783; x_wconf 90' lang='grc' dir='ltr'>ριανοῦ</span> <span class='ocrx_word' id='word_1_639' title='bbox 2375 3712 2536 3780; x_wconf 86' lang='grc' dir='ltr'>μόνον</span> <span class='ocrx_word' id='word_1_640' title='bbox 2561 3713 2655 3766; x_wconf 92' lang='grc' dir='ltr'><strong>τοῦ</strong></span> <span class='ocrx_word' id='word_1_641' title='bbox 2683 3713 2944 3767; x_wconf 84' lang='grc' dir='ltr'>Γαϐάλων</span> <span class='ocrx_word' id='word_1_642' title='bbox 2974 3715 3067 3767; x_wconf 81' lang='grc' dir='ltr'><strong>καὶ</strong></span> <span class='ocrx_word' id='word_1_643' title='bbox 3129 3716 3447 3788; x_wconf 83' lang='grc' dir='ltr'>Εἰρηναίου</span> <span class='ocrx_word' id='word_1_644' title='bbox 3482 3718 3733 3789; x_wconf 77' lang='grc' dir='ltr'>παρέθηκε</span> 
     </span>
    </p>
   </div>
   <div class='ocr_carea' id='block_1_84' title="bbox 2151 3802 3734 3878">
    <p class='ocr_par' dir='ltr' id='par_1_84' title="bbox 2151 3802 3734 3878">
     <span class='ocr_line' id='line_1_84' title="bbox 2151 3802 3734 3878; baseline 0.001 -24"><span class='ocrx_word' id='word_1_645' title='bbox 2151 3802 2491 3873; x_wconf 67' lang='grc' dir='ltr'>χρήσειςέ-</span> <span class='ocrx_word' id='word_1_646' title='bbox 2541 3803 2662 3856; x_wconf 87' lang='grc' dir='ltr'><strong>Ὅτι</strong></span> <span class='ocrx_word' id='word_1_647' title='bbox 2718 3806 2828 3856; x_wconf 79' lang='grc' dir='ltr'>πᾶν</span> <span class='ocrx_word' id='word_1_648' title='bbox 2890 3805 3116 3874; x_wconf 82' lang='grc' dir='ltr'>γενητὸν</span> <span class='ocrx_word' id='word_1_649' title='bbox 3168 3806 3432 3878; x_wconf 83' lang='grc' dir='ltr'>φθαρτόν</span> <span class='ocrx_word' id='word_1_650' title='bbox 3488 3810 3602 3861; x_wconf 81' lang='grc' dir='ltr'>ἐστι</span> <span class='ocrx_word' id='word_1_651' title='bbox 3656 3805 3734 3858; x_wconf 79' lang='grc' dir='ltr'><strong>καί</strong></span> 
     </span>
    </p>
   </div>
   <div class='ocr_carea' id='block_1_85' title="bbox 2153 3881 3738 3970">
    <p class='ocr_par' dir='ltr' id='par_1_85' title="bbox 2153 3881 3738 3970">
     <span class='ocr_line' id='line_1_85' title="bbox 2153 3881 3738 3970; baseline 0.003 -24"><span class='ocrx_word' id='word_1_652' title='bbox 2153 3894 2365 3962; x_wconf 81' lang='grc' dir='ltr'>θνητὸν,</span> <span class='ocrx_word' id='word_1_653' title='bbox 2391 3881 2645 3965; x_wconf 76' lang='grc' dir='ltr'>βουλῆσει</span> <span class='ocrx_word' id='word_1_654' title='bbox 2672 3895 2729 3948; x_wconf 87' lang='grc' dir='ltr'>δὲ</span> <span class='ocrx_word' id='word_1_655' title='bbox 2750 3894 2885 3948; x_wconf 86' lang='grc' dir='ltr'>Θεοῦ</span> <span class='ocrx_word' id='word_1_656' title='bbox 2914 3895 3164 3965; x_wconf 86' lang='grc' dir='ltr'>διαμένει</span> <span class='ocrx_word' id='word_1_657' title='bbox 3189 3896 3410 3953; x_wconf 83' lang='grc' dir='ltr'>ἄλυτον</span> <span class='ocrx_word' id='word_1_658' title='bbox 3437 3900 3539 3955; x_wconf 71' lang='grc' dir='ltr'>καὶ</span> <span class='ocrx_word' id='word_1_659' title='bbox 3554 3897 3738 3970; x_wconf 81' lang='grc' dir='ltr'>ἀφθαρ-</span> 
     </span>
    </p>
   </div>
   <div class='ocr_carea' id='block_1_86' title="bbox 2149 3985 3736 4062">
    <p class='ocr_par' dir='ltr' id='par_1_86' title="bbox 2149 3985 3736 4062">
     <span class='ocr_line' id='line_1_86' title="bbox 2149 3985 3736 4062; baseline 0.003 -25"><span class='ocrx_word' id='word_1_660' title='bbox 2149 4001 2260 4038; x_wconf 89' lang='grc' dir='ltr'>τον.</span> <span class='ocrx_word' id='word_1_661' title='bbox 2321 3986 2432 4039; x_wconf 82' lang='grc' dir='ltr'>Καὶ</span> <span class='ocrx_word' id='word_1_662' title='bbox 2460 3985 2525 4038; x_wconf 84' lang='grc' dir='ltr'>ὲκ</span> <span class='ocrx_word' id='word_1_663' title='bbox 2554 3985 2647 4038; x_wconf 91' lang='grc' dir='ltr'><strong>τοῦ</strong></span> <span class='ocrx_word' id='word_1_664' title='bbox 2690 3987 2958 4052; x_wconf 76' lang='grc' dir='ltr'>ἐναντίου,</span> <span class='ocrx_word' id='word_1_665' title='bbox 3016 3987 3100 4040; x_wconf 81' lang='grc' dir='ltr'><strong>ὅτι</strong></span> <span class='ocrx_word' id='word_1_666' title='bbox 3126 3988 3186 4041; x_wconf 80' lang='grc' dir='ltr'><strong>τὸ</strong></span> <span class='ocrx_word' id='word_1_667' title='bbox 3215 3988 3397 4057; x_wconf 85' lang='grc' dir='ltr'>φύσει</span> <span class='ocrx_word' id='word_1_668' title='bbox 3425 3991 3661 4062; x_wconf 83' lang='grc' dir='ltr'>φθαρτὸν</span> <span class='ocrx_word' id='word_1_669' title='bbox 3685 3991 3736 4041; x_wconf 82' lang='grc' dir='ltr'><strong>οὐ</strong></span> 
     </span>
    </p>
   </div>
   <div class='ocr_carea' id='block_1_87' title="bbox 2147 4069 3745 4147">
    <p class='ocr_par' dir='ltr' id='par_1_87' title="bbox 2147 4069 3745 4147">
     <span class='ocr_line' id='line_1_87' title="bbox 2147 4069 3745 4147; baseline 0.003 -21"><span class='ocrx_word' id='word_1_670' title='bbox 2147 4072 2371 4127; x_wconf 83' lang='grc' dir='ltr'>δύναται</span> <span class='ocrx_word' id='word_1_671' title='bbox 2447 4073 2727 4143; x_wconf 79' lang='grc' dir='ltr'>ἄφθαρτον</span> <span class='ocrx_word' id='word_1_672' title='bbox 2767 4069 2908 4129; x_wconf 74' lang='grc' dir='ltr'>εἶναι</span> <span class='ocrx_word' id='word_1_673' title='bbox 2961 4076 3214 4147; x_wconf 83' lang='grc' dir='ltr'>βουλήσει</span> <span class='ocrx_word' id='word_1_674' title='bbox 3269 4078 3450 4134; x_wconf 85' lang='grc' dir='ltr'>Θεοῦ.</span> <span class='ocrx_word' id='word_1_675' title='bbox 3515 4079 3745 4133; x_wconf 81' lang='grc' dir='ltr'>Ἑναντὶα</span> 
     </span>
    </p>
   </div>
   <div class='ocr_carea' id='block_1_88' title="bbox 2147 4165 3744 4238">
    <p class='ocr_par' dir='ltr' id='par_1_88' title="bbox 2147 4165 3744 4238">
     <span class='ocr_line' id='line_1_88' title="bbox 2147 4165 3744 4238; baseline 0.001 -20"><span class='ocrx_word' id='word_1_676' title='bbox 2147 4165 2256 4235; x_wconf 89' lang='grc' dir='ltr'><strong>γάρ</strong></span> <span class='ocrx_word' id='word_1_677' title='bbox 2305 4165 2431 4238; x_wconf 82' lang='lat'><strong>[900</strong></span> <span class='ocrx_word' id='word_1_678' title='bbox 2469 4165 2563 4237; x_wconf 66' lang='grc' dir='ltr'><strong>Β.)</strong></span> <span class='ocrx_word' id='word_1_679' title='bbox 2616 4166 2828 4233; x_wconf 76' lang='grc' dir='ltr'>δοξάζει</span> <span class='ocrx_word' id='word_1_680' title='bbox 2881 4167 3061 4238; x_wconf 83' lang='grc' dir='ltr'>ἑαυτῷ</span> <span class='ocrx_word' id='word_1_681' title='bbox 3103 4170 3132 4220; x_wconf 91' lang='lat'><strong>6</strong></span> <span class='ocrx_word' id='word_1_682' title='bbox 3179 4169 3354 4224; x_wconf 88' lang='grc' dir='ltr'>τοῦτο</span> <span class='ocrx_word' id='word_1_683' title='bbox 3409 4171 3614 4238; x_wconf 82' lang='grc' dir='ltr'>λέγων,</span> <span class='ocrx_word' id='word_1_684' title='bbox 3668 4168 3744 4221; x_wconf 76' lang='grc' dir='ltr'>καὶ</span> 
     </span>
    </p>
   </div>
   <div class='ocr_carea' id='block_1_89' title="bbox 2145 4254 3749 4330">
    <p class='ocr_par' dir='ltr' id='par_1_89' title="bbox 2145 4254 3749 4330">
     <span class='ocr_line' id='line_1_89' title="bbox 2145 4254 3749 4330; baseline 0.007 -24"><span class='ocrx_word' id='word_1_685' title='bbox 2145 4254 2384 4307; x_wconf 81' lang='grc' dir='ltr'>ἀδύνατα</span> <span class='ocrx_word' id='word_1_686' title='bbox 2439 4255 2725 4325; x_wconf 77' lang='grc' dir='ltr'>χαρίζεται</span> <span class='ocrx_word' id='word_1_687' title='bbox 2755 4257 2833 4326; x_wconf 86' lang='grc' dir='ltr'>τῷ</span> <span class='ocrx_word' id='word_1_688' title='bbox 2873 4257 3222 4328; x_wconf 85' lang='grc' dir='ltr'>Δημιουργῷ.</span> <span class='ocrx_word' id='word_1_689' title='bbox 3285 4260 3530 4330; x_wconf 78' lang='grc' dir='ltr'>Ταύτης</span> <span class='ocrx_word' id='word_1_690' title='bbox 3568 4260 3625 4314; x_wconf 74' lang='grc' dir='ltr'>δὲ</span> <span class='ocrx_word' id='word_1_691' title='bbox 3667 4258 3749 4327; x_wconf 75' lang='grc' dir='ltr'><strong>τῆς</strong></span> 
     </span>
    </p>
   </div>
   <div class='ocr_carea' id='block_1_90' title="bbox 2145 4343 3746 4421">
    <p class='ocr_par' dir='ltr' id='par_1_90' title="bbox 2145 4343 3746 4421">
     <span class='ocr_line' id='line_1_90' title="bbox 2145 4343 3746 4421; baseline 0.001 -25"><span class='ocrx_word' id='word_1_692' title='bbox 2145 4343 2303 4413; x_wconf 82' lang='grc' dir='ltr'>δόξης</span> <span class='ocrx_word' id='word_1_693' title='bbox 2335 4345 2532 4414; x_wconf 83' lang='grc' dir='ltr'>χρῆσιν</span> <span class='ocrx_word' id='word_1_694' title='bbox 2569 4345 2670 4415; x_wconf 80' lang='grc' dir='ltr'>μὲν</span> <span class='ocrx_word' id='word_1_695' title='bbox 2692 4346 3005 4416; x_wconf 84' lang='grc' dir='ltr'>παρέθηκεν</span> <span class='ocrx_word' id='word_1_696' title='bbox 3036 4346 3165 4416; x_wconf 73' lang='grc'><strong>[475</strong></span> <span class='ocrx_word' id='word_1_697' title='bbox 3186 4347 3287 4420; x_wconf 85' lang='grc' dir='ltr'><strong>Η.]</strong></span> <span class='ocrx_word' id='word_1_698' title='bbox 3317 4351 3391 4403; x_wconf 82' lang='grc' dir='ltr'>ὲκ</span> <span class='ocrx_word' id='word_1_699' title='bbox 3423 4351 3527 4405; x_wconf 89' lang='grc' dir='ltr'><strong>τοῦ</strong></span> <span class='ocrx_word' id='word_1_700' title='bbox 3559 4350 3746 4421; x_wconf 83' lang='grc' dir='ltr'>μάρτυ-</span> 
     </span>
    </p>
   </div>
   <div class='ocr_carea' id='block_1_91' title="bbox 2154 4435 3752 4512">
    <p class='ocr_par' dir='ltr' id='par_1_91' title="bbox 2154 4435 3752 4512">
     <span class='ocr_line' id='line_1_91' title="bbox 2154 4435 3752 4512; baseline 0.003 -26"><span class='ocrx_word' id='word_1_701' title='bbox 2154 4451 2244 4505; x_wconf 88' lang='grc' dir='ltr'><strong>ρος</strong></span> <span class='ocrx_word' id='word_1_702' title='bbox 2291 4436 2578 4489; x_wconf 83' lang='grc' dir='ltr'>Ἰουστίνου</span> <span class='ocrx_word' id='word_1_703' title='bbox 2612 4453 2625 4468; x_wconf 88' lang='grc'><strong>·</strong></span> <span class='ocrx_word' id='word_1_704' title='bbox 2669 4436 2748 4506; x_wconf 83' lang='grc' dir='ltr'><strong>τῷ</strong></span> <span class='ocrx_word' id='word_1_705' title='bbox 2810 4437 2866 4489; x_wconf 88' lang='grc' dir='ltr'>δὲ</span> <span class='ocrx_word' id='word_1_706' title='bbox 2922 4438 3056 4506; x_wconf 81' lang='grc' dir='ltr'>πρὸς</span> <span class='ocrx_word' id='word_1_707' title='bbox 3111 4439 3211 4510; x_wconf 83' lang='grc' dir='ltr'><strong>τὴν</strong></span> <span class='ocrx_word' id='word_1_708' title='bbox 3264 4441 3618 4512; x_wconf 78' lang='grc' dir='ltr'>Ἑλληνικὴν</span> <span class='ocrx_word' id='word_1_709' title='bbox 3671 4435 3752 4509; x_wconf 70' lang='grc' dir='ltr'>μὲν</span> 
     </span>
    </p>
   </div>
   <div class='ocr_carea' id='block_1_92' title="bbox 466 4502 2052 4598">
    <p class='ocr_par' dir='ltr' id='par_1_92' title="bbox 466 4502 2047 4598">
     <span class='ocr_line' id='line_1_92' title="bbox 466 4502 2047 4598; baseline -0.004 -15"><span class='ocrx_word' id='word_1_710' title='bbox 466 4534 585 4597; x_wconf 68' lang='lat' dir='ltr'><strong>rus,</strong></span> <span class='ocrx_word' id='word_1_711' title='bbox 612 4502 810 4598; x_wconf 77' lang='lat' dir='ltr'><strong>gentile</strong></span> <span class='ocrx_word' id='word_1_712' title='bbox 829 4534 1220 4596; x_wconf 67' lang='lat' dir='ltr'><strong>argumentum</strong></span> <span class='ocrx_word' id='word_1_713' title='bbox 1247 4502 1508 4580; x_wconf 81' lang='lat' dir='ltr'><strong>evertens</strong></span> <span class='ocrx_word' id='word_1_714' title='bbox 1543 4523 1734 4577; x_wconf 89' lang='lat' dir='ltr'><strong>nititur</strong></span> <span class='ocrx_word' id='word_1_715' title='bbox 1763 4523 1828 4576; x_wconf 91' lang='lat' dir='ltr'><strong>ad</strong></span> <span class='ocrx_word' id='word_1_716' title='bbox 1862 4521 2047 4578; x_wconf 87' lang='lat' dir='ltr'><strong>Eccle-</strong></span> 
     </span>
    </p>
   </div>
   <div class='ocr_carea' id='block_1_93' title="bbox 2147 4502 3755 4598">
    <p class='ocr_par' dir='ltr' id='par_1_93' title="bbox 2154 4502 3755 4598">
     <span class='ocr_line' id='line_1_93' title="bbox 2154 4502 3755 4598; baseline 0.006 -19"><span class='ocrx_word' id='word_1_717' title='bbox 2154 4502 2309 4591; x_wconf 81' lang='grc' dir='ltr'>δόξαν</span> <span class='ocrx_word' id='word_1_718' title='bbox 2345 4527 2701 4597; x_wconf 85' lang='grc' dir='ltr'>συνενήνεκτο</span> <span class='ocrx_word' id='word_1_719' title='bbox 2720 4502 2902 4598; x_wconf 77' lang='grc' dir='ltr'>μάχη,</span> <span class='ocrx_word' id='word_1_720' title='bbox 2935 4502 3029 4582; x_wconf 77' lang='grc' dir='ltr'><strong>καὶ</strong></span> <span class='ocrx_word' id='word_1_721' title='bbox 3061 4502 3518 4595; x_wconf 47' lang='grc' dir='ltr'>’ποῦ’ῐΙλάτωνος</span> <span class='ocrx_word' id='word_1_722' title='bbox 3555 4502 3755 4598; x_wconf 43' lang='grc' dir='ltr'>ἐλεγχος</span> 
     </span>
    </p>
   </div>
   <div class='ocr_carea' id='block_1_94' title="bbox 467 4619 1241 4687">
    <p class='ocr_par' dir='ltr' id='par_1_94' title="bbox 467 4619 1241 4687">
     <span class='ocr_line' id='line_1_94' title="bbox 467 4619 1241 4687; baseline -0.006 -13"><span class='ocrx_word' id='word_1_723' title='bbox 467 4619 561 4674; x_wconf 69' lang='lat' dir='ltr'><strong>sia:</strong></span> <span class='ocrx_word' id='word_1_724' title='bbox 593 4619 901 4687; x_wconf 88' lang='lat' dir='ltr'><strong>opinionem</strong></span> <span class='ocrx_word' id='word_1_725' title='bbox 938 4619 1241 4673; x_wconf 87' lang='lat' dir='ltr'><strong>traducere.</strong></span> 
     </span>
    </p>
   </div>
   <div class='ocr_carea' id='block_1_95' title="bbox 2158 4617 3757 4695">
    <p class='ocr_par' dir='ltr' id='par_1_95' title="bbox 2158 4617 3757 4695">
     <span class='ocr_line' id='line_1_95' title="bbox 2158 4617 3757 4695; baseline 0.003 -26"><span class='ocrx_word' id='word_1_726' title='bbox 2158 4617 2593 4681; x_wconf 79' lang='grc' dir='ltr'>κατεσκευάζετο</span> <span class='ocrx_word' id='word_1_727' title='bbox 2658 4617 2964 4686; x_wconf 82' lang='grc' dir='ltr'>εἰρηκότος,</span> <span class='ocrx_word' id='word_1_728' title='bbox 3006 4619 3291 4686; x_wconf 82' lang='grc' dir='ltr'>Ἐπείπερ</span> <span class='ocrx_word' id='word_1_729' title='bbox 3315 4624 3366 4654; x_wconf 84' lang='grc'><strong><em>³³</em></strong></span> <span class='ocrx_word' id='word_1_730' title='bbox 3437 4623 3719 4695; x_wconf 73' lang='grc' dir='ltr'>ἐγένεσθε</span> <span class='ocrx_word' id='word_1_731' title='bbox 3743 4656 3757 4681; x_wconf 83' lang='lat'><strong>,</strong></span> 
     </span>
    </p>
   </div>
   <div class='ocr_carea' id='block_1_96' title="bbox 468 4709 3760 4785">
    <p class='ocr_par' dir='ltr' id='par_1_96' title="bbox 468 4709 3760 4785">
     <span class='ocr_line' id='line_1_96' title="bbox 468 4709 3760 4785; baseline -0.001 -15"><span class='ocrx_word' id='word_1_732' title='bbox 468 4716 750 4772; x_wconf 79' lang='grc' dir='ltr'>ἀθάνατοι</span> <span class='ocrx_word' id='word_1_733' title='bbox 798 4716 917 4785; x_wconf 79' lang='grc' dir='ltr'><strong>μὲν</strong></span> <span class='ocrx_word' id='word_1_734' title='bbox 970 4716 1084 4768; x_wconf 81' lang='grc' dir='ltr'>οὐκ</span> <span class='ocrx_word' id='word_1_735' title='bbox 1149 4713 1291 4765; x_wconf 83' lang='grc' dir='ltr'>ἐστε</span> <span class='ocrx_word' id='word_1_736' title='bbox 1338 4709 1483 4766; x_wconf 84' lang='grc' dir='ltr'>οὐδὲ</span> <span class='ocrx_word' id='word_1_737' title='bbox 1513 4709 1727 4766; x_wconf 77' lang='grc' dir='ltr'>ἄλυτοι</span> <span class='ocrx_word' id='word_1_738' title='bbox 1780 4710 2050 4780; x_wconf 75' lang='grc' dir='ltr'>πάμπαν,</span> <span class='ocrx_word' id='word_1_739' title='bbox 2091 4712 2255 4767; x_wconf 81' lang='grc' dir='ltr'>οὗτοι</span> <span class='ocrx_word' id='word_1_740' title='bbox 2284 4713 2329 4744; x_wconf 71' lang='grc'>³⁸</span> <span class='ocrx_word' id='word_1_741' title='bbox 2357 4729 2424 4782; x_wconf 79' lang='grc' dir='ltr'>τε</span> <span class='ocrx_word' id='word_1_742' title='bbox 2437 4710 2566 4780; x_wconf 81' lang='grc' dir='ltr'><strong>μὴν</strong></span> <span class='ocrx_word' id='word_1_743' title='bbox 2586 4709 2938 4780; x_wconf 72' lang='grc' dir='ltr'>λυθήσεσθε</span> <span class='ocrx_word' id='word_1_744' title='bbox 2961 4713 3104 4767; x_wconf 79' lang='grc' dir='ltr'>οὐδὲ</span> <span class='ocrx_word' id='word_1_745' title='bbox 3130 4715 3447 4779; x_wconf 77' lang='grc' dir='ltr'>τεύξεσθε</span> <span class='ocrx_word' id='word_1_746' title='bbox 3515 4717 3760 4772; x_wconf 81' lang='grc' dir='ltr'>θανάτου</span> 
     </span>
    </p>
   </div>
   <div class='ocr_carea' id='block_1_97' title="bbox 468 4803 3763 4878">
    <p class='ocr_par' dir='ltr' id='par_1_97' title="bbox 468 4803 3763 4878">
     <span class='ocr_line' id='line_1_97' title="bbox 468 4803 3763 4878; baseline -0.002 -14"><span class='ocrx_word' id='word_1_747' title='bbox 468 4812 695 4878; x_wconf 74' lang='grc' dir='ltr'>μοίρης,</span> <span class='ocrx_word' id='word_1_748' title='bbox 730 4807 841 4876; x_wconf 83' lang='grc' dir='ltr'>τῆς</span> <span class='ocrx_word' id='word_1_749' title='bbox 873 4807 1024 4877; x_wconf 83' lang='grc' dir='ltr'>ἐμῆς</span> <span class='ocrx_word' id='word_1_750' title='bbox 1049 4803 1412 4872; x_wconf 73' lang='grc' dir='ltr'>βουλήσεως</span> <span class='ocrx_word' id='word_1_751' title='bbox 1445 4804 1840 4874; x_wconf 65' lang='grc' dir='ltr'>ἰσχυροτέρου</span> <span class='ocrx_word' id='word_1_752' title='bbox 1897 4803 2131 4875; x_wconf 82' lang='grc' dir='ltr'>δεσμοῦ</span> <span class='ocrx_word' id='word_1_753' title='bbox 2153 4805 2198 4836; x_wconf 84' lang='grc'><strong>³⁵</strong></span> <span class='ocrx_word' id='word_1_754' title='bbox 2232 4805 2549 4874; x_wconf 71' lang='grc' dir='ltr'>λαχόντες.</span> <span class='ocrx_word' id='word_1_755' title='bbox 2578 4803 2692 4856; x_wconf 81' lang='lat' dir='ltr'><strong>Kal.</strong></span> <span class='ocrx_word' id='word_1_756' title='bbox 2742 4805 2771 4856; x_wconf 89' lang='lat'><strong>6</strong></span> <span class='ocrx_word' id='word_1_757' title='bbox 2839 4803 2938 4874; x_wconf 83' lang='grc' dir='ltr'>μὲν</span> <span class='ocrx_word' id='word_1_758' title='bbox 3002 4805 3230 4876; x_wconf 87' lang='grc' dir='ltr'>μάρτυς,</span> <span class='ocrx_word' id='word_1_759' title='bbox 3296 4808 3368 4861; x_wconf 82' lang='grc' dir='ltr'><strong>τὸ</strong></span> <span class='ocrx_word' id='word_1_760' title='bbox 3423 4805 3763 4862; x_wconf 70' lang='grc' dir='ltr'>Πλατωνικὸν</span> 
     </span>
    </p>
   </div>
   <div class='ocr_carea' id='block_1_98' title="bbox 467 4895 3767 4973">
    <p class='ocr_par' dir='ltr' id='par_1_98' title="bbox 467 4895 3767 4973">
     <span class='ocr_line' id='line_1_98' title="bbox 467 4895 3767 4973; baseline -0.002 -17"><span class='ocrx_word' id='word_1_761' title='bbox 467 4902 754 4973; x_wconf 82' lang='grc' dir='ltr'>διελέγχων</span> <span class='ocrx_word' id='word_1_762' title='bbox 787 4901 1047 4970; x_wconf 87' lang='grc' dir='ltr'>σόφισμα,</span> <span class='ocrx_word' id='word_1_763' title='bbox 1072 4898 1406 4954; x_wconf 77' lang='grc' dir='ltr'>ἐπιδείκνυσι</span> <span class='ocrx_word' id='word_1_764' title='bbox 1429 4898 1519 4950; x_wconf 78' lang='grc' dir='ltr'><strong>τὸν</strong></span> <span class='ocrx_word' id='word_1_765' title='bbox 1559 4897 1821 4951; x_wconf 86' lang='grc' dir='ltr'>Πλάτωνα</span> <span class='ocrx_word' id='word_1_766' title='bbox 1858 4898 1949 4950; x_wconf 88' lang='grc' dir='ltr'>τόν</span> <span class='ocrx_word' id='word_1_767' title='bbox 1983 4915 2044 4952; x_wconf 89' lang='grc' dir='ltr'><strong>τε</strong></span> <span class='ocrx_word' id='word_1_768' title='bbox 2084 4896 2426 4970; x_wconf 81' lang='grc' dir='ltr'>Δημιουργδν</span> <span class='ocrx_word' id='word_1_769' title='bbox 2474 4896 2764 4965; x_wconf 83' lang='grc' dir='ltr'>εἰσάγοντα</span> <span class='ocrx_word' id='word_1_770' title='bbox 2789 4896 3052 4950; x_wconf 88' lang='grc' dir='ltr'>τάναντία</span> <span class='ocrx_word' id='word_1_771' title='bbox 3114 4896 3366 4966; x_wconf 88' lang='grc' dir='ltr'>λέγοντα</span> <span class='ocrx_word' id='word_1_772' title='bbox 3439 4899 3652 4970; x_wconf 79' lang='grc' dir='ltr'>ἐαυτῷ,</span> <span class='ocrx_word' id='word_1_773' title='bbox 3688 4895 3767 4949; x_wconf 78' lang='grc' dir='ltr'>καὶ</span> 
     </span>
    </p>
   </div>
   <div class='ocr_carea' id='block_1_99' title="bbox 468 4986 3768 5066">
    <p class='ocr_par' dir='ltr' id='par_1_99' title="bbox 468 4986 3768 5066">
     <span class='ocr_line' id='line_1_99' title="bbox 468 4986 3768 5066; baseline -0.003 -18"><span class='ocrx_word' id='word_1_774' title='bbox 468 4994 657 5066; x_wconf 80' lang='grc' dir='ltr'>εἱρμὸν</span> <span class='ocrx_word' id='word_1_775' title='bbox 673 4992 989 5055; x_wconf 85' lang='grc' dir='ltr'>ἀκολουθίας</span> <span class='ocrx_word' id='word_1_776' title='bbox 1012 4990 1201 5058; x_wconf 66' lang='grc' dir='ltr'>οῷδένα</span> <span class='ocrx_word' id='word_1_777' title='bbox 1230 4992 1342 5054; x_wconf 89' lang='grc' dir='ltr'>τοῖς</span> <span class='ocrx_word' id='word_1_778' title='bbox 1371 4990 1684 5060; x_wconf 79' lang='grc' dir='ltr'>εἰρημένοις</span> <span class='ocrx_word' id='word_1_779' title='bbox 1709 4987 2040 5061; x_wconf 78' lang='grc' dir='ltr'>ἁρμόζοντα·</span> <span class='ocrx_word' id='word_1_780' title='bbox 2082 4991 2117 5061; x_wconf 79' lang='grc' dir='ltr'><strong>ἢ</strong></span> <span class='ocrx_word' id='word_1_781' title='bbox 2151 4991 2260 5060; x_wconf 84' lang='grc' dir='ltr'>γὰρ</span> <span class='ocrx_word' id='word_1_782' title='bbox 2294 4988 2513 5059; x_wconf 83' lang='grc' dir='ltr'>ἀνάγκη</span> <span class='ocrx_word' id='word_1_783' title='bbox 2559 4989 2710 5042; x_wconf 81' lang='grc' dir='ltr'>πᾶσα</span> <span class='ocrx_word' id='word_1_784' title='bbox 2732 4987 2793 5040; x_wconf 85' lang='grc' dir='ltr'><strong>τὸ</strong></span> <span class='ocrx_word' id='word_1_785' title='bbox 2823 4988 3049 5059; x_wconf 79' lang='grc' dir='ltr'>γενητὸν</span> <span class='ocrx_word' id='word_1_786' title='bbox 3080 4986 3340 5057; x_wconf 79' lang='grc' dir='ltr'>φθαρτὸν</span> <span class='ocrx_word' id='word_1_787' title='bbox 3416 4987 3577 5044; x_wconf 76' lang='grc' dir='ltr'>εἶναι</span> <span class='ocrx_word' id='word_1_788' title='bbox 3639 4986 3768 5042; x_wconf 77' lang='grc' dir='ltr'><strong>κατᾶ</strong></span> 
     </span>
    </p>
   </div>
   <div class='ocr_carea' id='block_1_100' title="bbox 385 5076 3889 5174">
    <p class='ocr_par' dir='ltr' id='par_1_100' title="bbox 385 5076 3889 5174">
     <span class='ocr_line' id='line_1_100' title="bbox 385 5076 3889 5174; baseline -0.003 -30"><span class='ocrx_word' id='word_1_789' title='bbox 385 5107 387 5109; x_wconf 89' lang='grc'><strong>·</strong></span> <span class='ocrx_word' id='word_1_790' title='bbox 473 5091 558 5144; x_wconf 74' lang='grc' dir='ltr'><strong>τὸν</strong></span> <span class='ocrx_word' id='word_1_791' title='bbox 623 5089 888 5159; x_wconf 86' lang='grc' dir='ltr'>πρότερον</span> <span class='ocrx_word' id='word_1_792' title='bbox 945 5087 1090 5157; x_wconf 80' lang='grc' dir='ltr'>ὅρον,</span> <span class='ocrx_word' id='word_1_793' title='bbox 1141 5085 1506 5156; x_wconf 78' lang='grc' dir='ltr'>ἢψεύδεσθαι</span> <span class='ocrx_word' id='word_1_794' title='bbox 1554 5083 1782 5152; x_wconf 86' lang='grc' dir='ltr'>λέγοντα</span> <span class='ocrx_word' id='word_1_795' title='bbox 1843 5086 1951 5138; x_wconf 82' lang='grc' dir='ltr'>πᾶν</span> <span class='ocrx_word' id='word_1_796' title='bbox 2016 5085 2079 5138; x_wconf 84' lang='grc' dir='ltr'>τὺ</span> <span class='ocrx_word' id='word_1_797' title='bbox 2153 5084 2446 5155; x_wconf 88' lang='grc' dir='ltr'>γενόμενον</span> <span class='ocrx_word' id='word_1_798' title='bbox 2503 5081 2743 5154; x_wconf 75' lang='grc' dir='ltr'>φθαρτὸν</span> <span class='ocrx_word' id='word_1_799' title='bbox 2783 5076 2944 5137; x_wconf 77' lang='grc' dir='ltr'>εἶναι.</span> <span class='ocrx_word' id='word_1_800' title='bbox 2976 5081 3036 5134; x_wconf 85' lang='lat'><strong>&#39;0</strong></span> <span class='ocrx_word' id='word_1_801' title='bbox 3064 5082 3120 5134; x_wconf 82' lang='grc' dir='ltr'>δὲ</span> <span class='ocrx_word' id='word_1_802' title='bbox 3143 5081 3412 5153; x_wconf 83' lang='grc' dir='ltr'>Γόϐαρος</span> <span class='ocrx_word' id='word_1_803' title='bbox 3471 5085 3573 5138; x_wconf 78' lang='grc' dir='ltr'><strong>τὸν</strong></span> <span class='ocrx_word' id='word_1_804' title='bbox 3601 5081 3772 5150; x_wconf 80' lang='grc' dir='ltr'>Ἐλλη-</span> <span class='ocrx_word' id='word_1_805' title='bbox 3887 5157 3889 5174; x_wconf 51' lang='grc' dir='ltr'><strong>Ι</strong></span> 
     </span>
    </p>
   </div>
   <div class='ocr_carea' id='block_1_101' title="bbox 467 5177 3062 5254">
    <p class='ocr_par' dir='ltr' id='par_1_101' title="bbox 467 5177 3062 5254">
     <span class='ocr_line' id='line_1_101' title="bbox 467 5177 3062 5254; baseline -0.002 -18"><span class='ocrx_word' id='word_1_806' title='bbox 467 5185 614 5237; x_wconf 81' lang='grc' dir='ltr'>νικὸν</span> <span class='ocrx_word' id='word_1_807' title='bbox 637 5183 856 5252; x_wconf 78' lang='grc' dir='ltr'>ἔλεγχον</span> <span class='ocrx_word' id='word_1_808' title='bbox 889 5183 968 5245; x_wconf 87' lang='grc' dir='ltr'><strong>εἰς</strong></span> <span class='ocrx_word' id='word_1_809' title='bbox 1001 5183 1314 5253; x_wconf 83' lang='grc' dir='ltr'>ἀνατροπὴν</span> <span class='ocrx_word' id='word_1_810' title='bbox 1341 5179 1658 5243; x_wconf 73' lang='grc' dir='ltr'>ἐκϐιάζεται</span> <span class='ocrx_word' id='word_1_811' title='bbox 1681 5180 1916 5251; x_wconf 83' lang='grc' dir='ltr'>χρῆσθαι</span> <span class='ocrx_word' id='word_1_812' title='bbox 1945 5180 2040 5235; x_wconf 89' lang='grc' dir='ltr'><strong>τοῦ</strong></span> <span class='ocrx_word' id='word_1_813' title='bbox 2082 5184 2435 5254; x_wconf 88' lang='grc' dir='ltr'>φρονήματος</span> <span class='ocrx_word' id='word_1_814' title='bbox 2457 5179 2551 5232; x_wconf 91' lang='grc' dir='ltr'><strong>τοῦ</strong></span> <span class='ocrx_word' id='word_1_815' title='bbox 2582 5177 3062 5249; x_wconf 83' lang='grc' dir='ltr'>ὲκκλησιαστικοῦ.</span> 
     </span>
    </p>
   </div>
   <div class='ocr_carea' id='block_1_102' title="bbox 538 5269 2047 5343">
    <p class='ocr_par' dir='ltr' id='par_1_102' title="bbox 538 5269 2047 5343">
     <span class='ocr_line' id='line_1_102' title="bbox 538 5269 2047 5343; baseline -0.001 -16"><span class='ocrx_word' id='word_1_816' title='bbox 538 5273 663 5329; x_wconf 69' lang='lat' dir='ltr'><strong>llaec</strong></span> <span class='ocrx_word' id='word_1_817' title='bbox 718 5275 879 5343; x_wconf 79' lang='lat' dir='ltr'><strong>igitur</strong></span> <span class='ocrx_word' id='word_1_818' title='bbox 933 5273 1115 5342; x_wconf 91' lang='lat' dir='ltr'><strong>priora</strong></span> <span class='ocrx_word' id='word_1_819' title='bbox 1151 5272 1330 5340; x_wconf 88' lang='lat' dir='ltr'><strong>capita</strong></span> <span class='ocrx_word' id='word_1_820' title='bbox 1397 5269 1608 5325; x_wconf 89' lang='lat' dir='ltr'><strong>duobus</strong></span> <span class='ocrx_word' id='word_1_821' title='bbox 1667 5279 1722 5324; x_wconf 91' lang='lat' dir='ltr'><strong>et</strong></span> <span class='ocrx_word' id='word_1_822' title='bbox 1758 5271 2047 5326; x_wconf 84' lang='lat' dir='ltr'><strong>contrariis</strong></span> 
     </span>
    </p>
   </div>
   <div class='ocr_carea' id='block_1_103' title="bbox 469 5362 2049 5433">
    <p class='ocr_par' dir='ltr' id='par_1_103' title="bbox 469 5362 2049 5433">
     <span class='ocr_line' id='line_1_103' title="bbox 469 5362 2049 5433; baseline -0.002 -13"><span class='ocrx_word' id='word_1_823' title='bbox 469 5365 812 5429; x_wconf 88' lang='lat' dir='ltr'><strong>testimoniis,</strong></span> <span class='ocrx_word' id='word_1_824' title='bbox 854 5370 914 5417; x_wconf 89' lang='lat' dir='ltr'><strong>ut</strong></span> <span class='ocrx_word' id='word_1_825' title='bbox 943 5363 1174 5433; x_wconf 87' lang='lat' dir='ltr'><strong>putavit,</strong></span> <span class='ocrx_word' id='word_1_826' title='bbox 1223 5363 1514 5427; x_wconf 63' lang='lat' dir='ltr'><strong>adornant,</strong></span> <span class='ocrx_word' id='word_1_827' title='bbox 1549 5364 1616 5417; x_wconf 84' lang='lat' dir='ltr'><strong>ad</strong></span> <span class='ocrx_word' id='word_1_828' title='bbox 1643 5376 1706 5416; x_wconf 89' lang='lat' dir='ltr'><strong>ea</strong></span> <span class='ocrx_word' id='word_1_829' title='bbox 1735 5375 1854 5430; x_wconf 63' lang='lat' dir='ltr'><strong>qua:</strong></span> <span class='ocrx_word' id='word_1_830' title='bbox 1887 5362 2049 5417; x_wconf 90' lang='lat' dir='ltr'><strong>unius</strong></span> 
     </span>
    </p>
   </div>
   <div class='ocr_carea' id='block_1_104' title="bbox 470 5451 2048 5525">
    <p class='ocr_par' dir='ltr' id='par_1_104' title="bbox 470 5451 2048 5525">
     <span class='ocr_line' id='line_1_104' title="bbox 470 5451 2048 5525; baseline -0.003 -14"><span class='ocrx_word' id='word_1_831' title='bbox 470 5457 640 5525; x_wconf 89' lang='lat' dir='ltr'><strong>partis</strong></span> <span class='ocrx_word' id='word_1_832' title='bbox 672 5463 881 5510; x_wconf 77' lang='lat' dir='ltr'><strong>tantum</strong></span> <span class='ocrx_word' id='word_1_833' title='bbox 910 5461 1036 5508; x_wconf 90' lang='lat' dir='ltr'><strong>sunt</strong></span> <span class='ocrx_word' id='word_1_834' title='bbox 1055 5452 1351 5509; x_wconf 89' lang='lat' dir='ltr'><strong>descendit.</strong></span> <span class='ocrx_word' id='word_1_835' title='bbox 1369 5454 1433 5507; x_wconf 87' lang='lat' dir='ltr'><strong>Et</strong></span> <span class='ocrx_word' id='word_1_836' title='bbox 1463 5453 1638 5523; x_wconf 87' lang='lat' dir='ltr'><strong>primo</strong></span> <span class='ocrx_word' id='word_1_837' title='bbox 1663 5451 1879 5520; x_wconf 89' lang='lat' dir='ltr'><strong>quidem</strong></span> <span class='ocrx_word' id='word_1_838' title='bbox 1898 5452 2048 5520; x_wconf 83' lang='lat' dir='ltr'><strong>dicit,</strong></span> 
     </span>
    </p>
   </div>
   <div class='ocr_carea' id='block_1_105' title="bbox 2225 5265 3779 5338">
    <p class='ocr_par' dir='ltr' id='par_1_105' title="bbox 2225 5265 3779 5338">
     <span class='ocr_line' id='line_1_105' title="bbox 2225 5265 3779 5338; baseline -0.002 -16"><span class='ocrx_word' id='word_1_839' title='bbox 2225 5270 2307 5323; x_wconf 86' lang='grc' dir='ltr'>Τά</span> <span class='ocrx_word' id='word_1_840' title='bbox 2334 5268 2515 5323; x_wconf 87' lang='grc' dir='ltr'>τοίνυν</span> <span class='ocrx_word' id='word_1_841' title='bbox 2564 5268 2832 5338; x_wconf 85' lang='grc' dir='ltr'>εἰρημένα</span> <span class='ocrx_word' id='word_1_842' title='bbox 2868 5267 3141 5337; x_wconf 86' lang='grc' dir='ltr'>κεφάλαια</span> <span class='ocrx_word' id='word_1_843' title='bbox 3193 5265 3452 5334; x_wconf 82' lang='grc' dir='ltr'>διπλαῖς</span> <span class='ocrx_word' id='word_1_844' title='bbox 3503 5272 3606 5323; x_wconf 79' lang='grc' dir='ltr'>καὶ</span> <span class='ocrx_word' id='word_1_845' title='bbox 3648 5270 3779 5321; x_wconf 86' lang='grc' dir='ltr'>ἀντι-</span> 
     </span>
    </p>
   </div>
   <div class='ocr_carea' id='block_1_106' title="bbox 2157 5356 3782 5430">
    <p class='ocr_par' dir='ltr' id='par_1_106' title="bbox 2157 5356 3782 5430">
     <span class='ocr_line' id='line_1_106' title="bbox 2157 5356 3782 5430; baseline -0.005 -16"><span class='ocrx_word' id='word_1_846' title='bbox 2157 5359 2438 5430; x_wconf 88' lang='grc' dir='ltr'>κειμέναις</span> <span class='ocrx_word' id='word_1_847' title='bbox 2465 5359 2751 5430; x_wconf 80' lang='grc' dir='ltr'>χρήσεσιν,</span> <span class='ocrx_word' id='word_1_848' title='bbox 2802 5357 2876 5422; x_wconf 84' lang='grc' dir='ltr'>ὡς</span> <span class='ocrx_word' id='word_1_849' title='bbox 2900 5356 3135 5428; x_wconf 79' lang='grc' dir='ltr'>ἐνόμιζε,</span> <span class='ocrx_word' id='word_1_850' title='bbox 3157 5361 3664 5424; x_wconf 75' lang='grc' dir='ltr'>κατασκευάζων,</span> <span class='ocrx_word' id='word_1_851' title='bbox 3701 5356 3782 5411; x_wconf 67' lang='grc' dir='ltr'><strong>ἐπὶ</strong></span> 
     </span>
    </p>
   </div>
   <div class='ocr_carea' id='block_1_107' title="bbox 2156 5449 3786 5523">
    <p class='ocr_par' dir='ltr' id='par_1_107' title="bbox 2156 5449 3786 5523">
     <span class='ocr_line' id='line_1_107' title="bbox 2156 5449 3786 5523; baseline -0.004 -18"><span class='ocrx_word' id='word_1_852' title='bbox 2156 5454 2226 5505; x_wconf 84' lang='grc' dir='ltr'><strong>τὰ.</strong></span> <span class='ocrx_word' id='word_1_853' title='bbox 2251 5450 2533 5522; x_wconf 84' lang='grc' dir='ltr'>μονομερῆ</span> <span class='ocrx_word' id='word_1_854' title='bbox 2581 5449 2746 5505; x_wconf 85' lang='grc' dir='ltr'>πάλιν</span> <span class='ocrx_word' id='word_1_855' title='bbox 2802 5449 3140 5521; x_wconf 82' lang='grc' dir='ltr'>μεταϐαίνει.</span> <span class='ocrx_word' id='word_1_856' title='bbox 3198 5449 3332 5504; x_wconf 79' lang='lat' dir='ltr'><strong>Kal.</strong></span> <span class='ocrx_word' id='word_1_857' title='bbox 3391 5453 3635 5523; x_wconf 77' lang='grc' dir='ltr'>’πρῶτον</span> <span class='ocrx_word' id='word_1_858' title='bbox 3697 5450 3786 5519; x_wconf 81' lang='grc' dir='ltr'><strong>μέν</strong></span> 
     </span>
    </p>
   </div>
   <div class='ocr_carea' id='block_1_108' title="bbox 1767 5611 2434 5670">
    <p class='ocr_par' dir='ltr' id='par_1_108' title="bbox 1767 5611 2434 5670">
     <span class='ocr_line' id='line_1_108' title="bbox 1767 5611 2434 5670; baseline 0 -3"><span class='ocrx_word' id='word_1_859' title='bbox 1767 5611 2002 5668; x_wconf 74' lang='lat' dir='ltr'><strong>VARUE</strong></span> <span class='ocrx_word' id='word_1_860' title='bbox 2030 5613 2434 5670; x_wconf 75' lang='lat' dir='ltr'><strong>[.ECTIONES.</strong></span> 
     </span>
    </p>
   </div>
   <div class='ocr_carea' id='block_1_109' title="bbox 545 5729 1688 5810">
    <p class='ocr_par' dir='ltr' id='par_1_109' title="bbox 545 5729 1688 5810">
     <span class='ocr_line' id='line_1_109' title="bbox 545 5729 1688 5810; baseline 0.018 -30"><span class='ocrx_word' id='word_1_861' title='bbox 545 5731 589 5761; x_wconf 78' lang='lat'><strong>”</strong></span> <span class='ocrx_word' id='word_1_862' title='bbox 615 5733 921 5810; x_wconf 76' lang='grc' dir='ltr'>μετέϐησαν</span> <span class='ocrx_word' id='word_1_863' title='bbox 947 5751 1007 5798; x_wconf 82' lang='grc' dir='ltr'>ς.</span> <span class='ocrx_word' id='word_1_864' title='bbox 1035 5804 1064 5810; x_wconf 89' lang='lat'>__</span> <span class='ocrx_word' id='word_1_865' title='bbox 1110 5732 1498 5810; x_wconf 38' lang='lat' dir='ltr'><strong>’°_IE“0nl-__A-d</strong></span> <span class='ocrx_word' id='word_1_866' title='bbox 1558 5731 1598 5761; x_wconf 66' lang='grc'><strong>³³</strong></span> 
     </span>
    </p>
   </div>
   <div class='ocr_carea' id='block_1_110' title="bbox 481 5797 1292 5869">
    <p class='ocr_par' dir='ltr' id='par_1_110' title="bbox 481 5797 1292 5869">
     <span class='ocr_line' id='line_1_110' title="bbox 481 5797 1292 5869; baseline 0.006 -19"><span class='ocrx_word' id='word_1_867' title='bbox 481 5797 735 5869; x_wconf 62' lang='lat' dir='ltr'><strong>Timieip.</strong></span> <span class='ocrx_word' id='word_1_868' title='bbox 770 5797 967 5856; x_wconf 75' lang='lat' dir='ltr'><strong>nostrae</strong></span> <span class='ocrx_word' id='word_1_869' title='bbox 984 5804 1112 5858; x_wconf 83' lang='lat' dir='ltr'><strong>edit.</strong></span> <span class='ocrx_word' id='word_1_870' title='bbox 1147 5797 1292 5865; x_wconf 71' lang='lat'><strong>43,6.</strong></span> 
     </span>
    </p>
   </div>
   <div class='ocr_carea' id='block_1_111' title="bbox 1718 5731 3335 5805">
    <p class='ocr_par' dir='ltr' id='par_1_111' title="bbox 1718 5731 3335 5805">
     <span class='ocr_line' id='line_1_111' title="bbox 1718 5731 3335 5805; baseline 0.002 -21"><span class='ocrx_word' id='word_1_871' title='bbox 1718 5731 1813 5805; x_wconf 76' lang='grc' dir='ltr'><strong>καὶ</strong></span> <span class='ocrx_word' id='word_1_872' title='bbox 1973 5733 2127 5805; x_wconf 23' lang='grc' dir='ltr'>⁸²ᾳείς</span> <span class='ocrx_word' id='word_1_873' title='bbox 2148 5733 2216 5786; x_wconf 83' lang='grc' dir='ltr'>τὰ</span> <span class='ocrx_word' id='word_1_874' title='bbox 2245 5735 2285 5786; x_wconf 82' lang='grc' dir='ltr'>Α</span> <span class='ocrx_word' id='word_1_875' title='bbox 2319 5750 2335 5805; x_wconf 12' lang='grc' dir='ltr'><strong>γε</strong></span> <span class='ocrx_word' id='word_1_876' title='bbox 2364 5735 2446 5805; x_wconf 85' lang='grc' dir='ltr'><strong>εἰς</strong></span> <span class='ocrx_word' id='word_1_877' title='bbox 2479 5735 2659 5805; x_wconf 87' lang='grc' dir='ltr'>σάρκα</span> <span class='ocrx_word' id='word_1_878' title='bbox 2678 5736 2772 5790; x_wconf 70' lang='grc' dir='ltr'><strong>καὶ</strong></span> <span class='ocrx_word' id='word_1_879' title='bbox 2801 5735 2969 5804; x_wconf 79' lang='grc' dir='ltr'>νεῦρα</span> <span class='ocrx_word' id='word_1_880' title='bbox 2997 5733 3090 5787; x_wconf 76' lang='grc' dir='ltr'><strong>καὶ</strong></span> <span class='ocrx_word' id='word_1_881' title='bbox 3143 5731 3209 5784; x_wconf 81' lang='grc' dir='ltr'>τὰ</span> <span class='ocrx_word' id='word_1_882' title='bbox 3259 5748 3335 5794; x_wconf 75' lang='grc' dir='ltr'><strong>ς’.</strong></span> 
     </span>
    </p>
   </div>
   <div class='ocr_carea' id='block_1_112' title="bbox 1368 5799 2201 5866">
    <p class='ocr_par' dir='ltr' id='par_1_112' title="bbox 1368 5799 2201 5866">
     <span class='ocr_line' id='line_1_112' title="bbox 1368 5799 2201 5866; baseline 0.011 -15"><span class='ocrx_word' id='word_1_883' title='bbox 1368 5801 1412 5833; x_wconf 70' lang='grc'>³⁸</span> <span class='ocrx_word' id='word_1_884' title='bbox 1444 5799 1590 5854; x_wconf 72' lang='grc' dir='ltr'>οὗτοι</span> <span class='ocrx_word' id='word_1_885' title='bbox 1618 5799 1683 5866; x_wconf 75' lang='grc' dir='ltr'>Β,</span> <span class='ocrx_word' id='word_1_886' title='bbox 1708 5799 1826 5854; x_wconf 71' lang='grc' dir='ltr'>οὔτι</span> <span class='ocrx_word' id='word_1_887' title='bbox 1855 5804 1899 5854; x_wconf 82' lang='grc' dir='ltr'><strong>Δ</strong></span> <span class='ocrx_word' id='word_1_888' title='bbox 1936 5818 1950 5855; x_wconf 87' lang='lat'><strong>:</strong></span> <span class='ocrx_word' id='word_1_889' title='bbox 1985 5801 2107 5856; x_wconf 75' lang='grc' dir='ltr'>οὔτε</span> <span class='ocrx_word' id='word_1_890' title='bbox 2141 5821 2201 5866; x_wconf 74' lang='grc' dir='ltr'>ς.</span> 
     </span>
    </p>
   </div>
   <div class='ocr_carea' id='block_1_113' title="bbox 3459 5724 3789 5799">
    <p class='ocr_par' dir='ltr' id='par_1_113' title="bbox 3459 5724 3789 5799">
     <span class='ocr_line' id='line_1_113' title="bbox 3459 5724 3789 5799; baseline -0.012 -12"><span class='ocrx_word' id='word_1_891' title='bbox 3459 5734 3511 5765; x_wconf 83' lang='grc'><strong>³³</strong></span> <span class='ocrx_word' id='word_1_892' title='bbox 3538 5724 3789 5799; x_wconf 71' lang='grc' dir='ltr'>ἐπείπερ]</span> 
     </span>
    </p>
   </div>
   <div class='ocr_carea' id='block_1_114' title="bbox 2281 5804 2652 5873">
    <p class='ocr_par' dir='ltr' id='par_1_114' title="bbox 2281 5804 2652 5873">
     <span class='ocr_line' id='line_1_114' title="bbox 2281 5804 2652 5873; baseline 0.003 -17"><span class='ocrx_word' id='word_1_893' title='bbox 2281 5804 2326 5835; x_wconf 84' lang='grc'><strong><em>⁸⁵</em></strong></span> <span class='ocrx_word' id='word_1_894' title='bbox 2358 5804 2563 5873; x_wconf 80' lang='grc' dir='ltr'>θεσμοῦ</span> <span class='ocrx_word' id='word_1_895' title='bbox 2591 5822 2652 5868; x_wconf 81' lang='grc' dir='ltr'>ς.</span> 
     </span>
    </p>
   </div>
  </div>
