3954 6480
312 373 427 439 1101

1347 368 1873 431 BIBLIOTHECA.
1919 394 1983 405 -
2009 367 2175 429 COD.
2214 365 2551 428 CCXXXII;

3402 368 3542 431 1102

303 501 474 556 φησιν,
522 482 659 552 ὅπερ
687 481 804 535 ἐστὶ
827 481 926 551 τῆς
950 480 1078 551 ὅλης
1101 477 1406 543 συντάξεως
1432 478 1482 550 η’
1507 480 1603 533 καὶ
1622 480 1666 532 λ’
1682 481 1855 548 κεφά-

1966 478 2107 547 quod
2144 477 2307 530 totius
2341 472 2587 544 opusculi
2610 479 2873 541 caputest
2903 472 3233 528 tricesimum
3268 485 3545 531 octavum.

298 578 431 631 λαιον
447 573 514 637 ⁸⁸,
544 573 694 635 ὅπως
746 571 961 637 ὲδόξασε
984 572 1113 642 περὶ
1174 572 1273 641 τῆς
1302 571 1395 625 τοῦ
1440 571 1647 641 Κυρίου
1702 569 1861 640 ήμῶν

299 665 745 734 ἐνανθρωπήσεως
775 663 804 715 6
834 665 893 718 ὲν
913 665 1092 733 ἁγίοις
1122 664 1439 727 Εὑστάθιος,
1463 665 1492 716 6
1514 662 1618 732 τῆς
1655 662 1859 717 Ἀντιο-

297 757 439 825 χείας
485 754 896 827 ἀρχιερωσύνης
928 756 1317 826 προεδρεύσας,
1350 756 1554 826 ἐφεξῆς
1583 756 1640 809 δὲ
1662 757 1809 818 ὅπως
1832 756 1862 808 6

295 846 584 915 ἀγιὼτατος
618 846 906 917 Κύριλλος,
936 849 963 899 6
992 847 1089 916 τῆς
1105 846 1513 917 Ἀλεξανδρείας
1544 846 1855 918 ἀρχιερεύςο

293 940 379 991 καὶ
425 938 573 999 ὅπως
601 936 830 1004 ἐνόησαν
860 939 905 990 οί
930 940 1028 1008 τῆς
1061 938 1388 1006 Ἐκκλησίας
1435 938 1746 991 διδάσκαλοι
1775 938 1857 1002 τὸ,

292 1028 423 1095 Περὶ
454 1028 523 1080 δὲ
542 1027 654 1095 τῆς
682 1028 908 1095 ἡμέρας
932 1028 1168 1094 ἐκείνης
1191 1029 1290 1081 καὶ
1314 1027 1425 1095 τῆς
1448 1028 1606 1095 ὥρας
1661 1028 1861 1094 οὐδεὶς

288 1118 463 1183 οϊδεν,
491 1117 633 1173 οὐδὲ
654 1120 708 1171 οἱ
731 1119 994 1188 ἄγγελοι,
1017 1118 1158 1171 οὐδὲ
1175 1121 1208 1172 ὁ
1232 1120 1386 1185 Υἱὸς,
1404 1121 1456 1172 εί
1476 1118 1561 1189 μὴ
1586 1118 1857 1186 ὀΠατὴρ,

288 1210 380 1264 καὶ
404 1211 552 1273 ὅπως
585 1208 741 1262 τοῦτο
777 1208 1014 1279 Σεῦἧρος
1044 1209 1283 1280 ἐνόησεν.

354 1302 540 1355 Ταῦτα
600 1303 916 1373 μονομερῶς
938 1304 1161 1357 διελθὼν
1186 1306 1254 1359 τά
1288 1304 1561 1374 κεφάλαια
1597 1307 1859 1377 μεταϐαί-

287 1410 363 1445 νει
393 1392 556 1445 πάλιν
583 1393 676 1445 ἐπὶ
712 1394 810 1464 τὴν
839 1391 1035 1463 διπλῆν
1064 1395 1404 1466 προκομιδὴν
1434 1397 1542 1450 τῶν
1581 1400 1855 1469 χρήσεων,

284 1484 377 1537 καὶ
424 1485 658 1536 ποιεῖται
691 1484 986 1554 κεφάλαιον
1010 1484 1056 1556 β’
1076 1488 1170 1540 καὶ
1205 1486 1259 1557 μ’
1293 1488 1375 1541 ὅτι
1399 1489 1427 1541 6
1452 1489 1656 1559 Κύριος
1700 1490 1859 1559 ἡμῶν

296 1572 613 1643 Ἰησοῦςὸ³⁷
663 1575 899 1645 Χριστὸς
941 1576 1458 1649 ὲγαλακτοτροφήθη
1494 1579 1560 1632 ὲκ
1590 1578 1691 1649 τῆς
1728 1580 1857 1632 Θεο-

281 1662 442 1715 τόκου
469 1664 707 1734 Μαρίας,
735 1665 829 1718 καὶ
846 1664 927 1718 ὅτι
954 1665 1054 1718 οὐκ
1072 1666 1612 1737 ὲγαλακτοτροφήθη.
1630 1700 1697 1711 ·-
1733 1669 1856 1722 Ὀτι

281 1753 365 1817 16,
398 1753 461 1806 Ὀ
490 1753 560 1807 δὲ
581 1756 928 1824 μικρότερος
952 1755 1023 1808 ἐν
1040 1753 1117 1823 τῇ
1131 1757 1419 1825 βασιλείᾳ
1442 1756 1561 1811 τῶν
1582 1758 1855 1828 οὐρανῶν

1964 566 2234 635 quomodo
2257 566 2323 618 de
2341 562 2552 618 Domini
2589 562 2961 616 incarnatione
2994 563 3184 617 beatus
3233 562 3549 620 Eustathius

1959 657 2325 711 Antiochenus
2362 654 2631 709 antistites
2660 653 2922 720 docuerit,
2955 662 3010 707 et
3037 663 3092 707 ut
3142 655 3331 709 beatus
3354 654 3549 726 2906

1961 747 2198 817 Cyrillus
2232 747 2658 810 Alexandrinus,
2692 754 2745 800 et
2772 760 2876 814 qua
2917 746 3124 800 ratione
3143 744 3247 802 hoc
3299 747 3548 802 doctores

1967 838 2223 892 Ecclesiae
2277 836 2645 891 intellexerint
2696 835 2817 890 :De
2844 835 3066 899 dieillo,
3100 834 3177 889 vel
3218 835 3353 891 liora
3399 852 3550 890 nemo

1960 928 2077 993 scit,
2096 943 2255 997 neque
2271 927 2460 997 angeli,
2481 942 2641 996 neque
2666 924 2981 992 Filius,fnisi
2997 924 3154 980 Pater
3172 923 3218 993 i;
3244 934 3298 982 et
3319 940 3550 996 quomo-

1961 1019 2029 1073 do
2060 1019 2161 1074 hoc
2194 1018 2425 1074 Severus
2460 1018 2804 1075 intellexerit.

2031 1304 2157 1360 Haec
2180 1306 2356 1375 capita
2395 1305 2555 1361 unius
2596 1304 2864 1376 opinionis
2893 1318 3225 1375 prosequens
3274 1303 3553 1366 dcscendig

1962 1396 2154 1450 iterum
2185 1395 2251 1452 ad
2277 1409 2340 1450 ea
2370 1410 2489 1465 qua:
2528 1395 2769 1463 duplices
2825 1396 3112 1463 opiniones
3165 1395 3463 1462 continent,
3491 1404 3554 1450 et

1962 1494 2123 1554 caput
2143 1486 2439 1541 constituit.
2456 1485 2713 1541 Dominus
2728 1483 3079 1540 nosterlesus
3092 1485 3340 1541 Christus
3357 1485 3497 1542 lacte
3519 1500 3553 1540 ο

1959 1575 2112 1629 beata
2142 1575 2359 1645 Virgine
2379 1576 2614 1630 nutritus
2630 1584 2732 1641 est,
2755 1585 2810 1631 et
2831 1591 2936 1630 non
2957 1576 3094 1630 lacte
3110 1576 3345 1630 nutritus
3371 1583 3554 1631 est.—

1960 1663 2212 1719 Minimus
2239 1667 2293 1718 in
2337 1683 2493 1736 regno
2532 1666 2777 1721 calorum
2816 1665 2988 1735 major
3023 1675 3101 1720 est
3136 1665 3341 1720 Joanne
3367 1666 3553 1734 Bapti-

1960 1764 2043 1807 sla
2082 1755 2131 1818 ιι,
2164 1755 2229 1809 de
2258 1770 2317 1810 se
2357 1756 2472 1825 ipso
2502 1755 2637 1809 dixit
2662 1755 2947 1820 Salvator;
2975 1763 3029 1808 et
3054 1770 3157 1808 non
3190 1756 3257 1810 de
3320 1768 3379 1808 se
3408 1754 3550 1824 ipsm

277 1842 490 1914 μείζων
515 1845 687 1899 ἐστίν
714 1845 994 1901 Ἰωάννου
1021 1846 1128 1900 τοῦ
1159 1847 1528 1913 βαπτιστοῦ,
1560 1850 1689 1919 περὶ
1725 1850 1851 1903 ἐαυ-

1964 1844 2046 1899 sed
2096 1845 2163 1899 de
2194 1843 2399 1901 Joanne
2447 1845 3134 1916 evangelista.—Dominus
3172 1856 3359 1901 noster
3393 1844 3552 1901 Jesus

278 1932 378 1986 τοῦ
436 1929 591 1988 εἷπεν
615 1935 644 1989 6
675 1935 866 2005 Σωτήρ
897 1950 913 1965 ⁸
958 1935 1053 1990 καὶ
1107 1937 1273 1989 ὅτιού
1305 1938 1435 2007 περὶ
1486 1938 1704 2003 ἑαυτοῦ,
1730 1938 1865 1993 ἀλλὰ

279 2024 412 2094 περὶ
453 2025 698 2079 Ἰωάννου
756 2026 851 2080 τοῦ
899 2026 1311 2096 εὐαγγελιστοῦ.
1344 2059 1414 2070 —
1444 2029 1571 2083 Ὅτι
1595 2031 1627 2083 6
1660 2031 1867 2099 Κύριος

278 2113 440 2184 ἡμῶν
486 2114 688 2185 Ἰησοῦς
711 2118 738 2169 6
755 2116 988 2186 Χριστὸς
1016 2117 1061 2170 λ’
1091 2118 1354 2173 ἐνιαυτῶν
1377 2118 1638 2191 ὑπάρχων
1670 2121 1865 2174 ἐσταυ-

282 2203 468 2274 ρώθη·
508 2206 602 2260 καὶ
628 2207 709 2260 ὅτι
748 2208 808 2260 οὐ
839 2207 905 2273 λ’,
934 2208 1072 2264 ἀλλά
1127 2216 1179 2279 γ’
1204 2210 1300 2263 καὶ
1330 2208 1410 2262 λυ.
1454 2212 1551 2264 καὶ
1594 2211 1679 2264 ὅτι
1714 2212 1774 2264 οὐ
1815 2205 1865 2280 γρ

280 2294 381 2348 καὶ
400 2293 465 2360 λ’,
482 2294 619 2349 ἀλλά
647 2301 700 2366 μ’
720 2313 735 2330 ·
766 2296 861 2351 καὶ
883 2299 963 2352 ὅτι
982 2299 1109 2354 οὔτε
1133 2300 1179 2333 ³⁸
1193 2301 1259 2368 λ’,
1290 2300 1427 2355 ὲτῶν
1449 2300 1573 2355 οὕτε
1599 2308 1652 2372 μ’
1678 2304 1861 2373 μόνον,

279 2386 419 2440 ἀλλὰ
453 2385 546 2439 καὶ
578 2385 761 2453 πλέον,
794 2389 854 2441 ού
879 2388 1015 2442 πολὺ
1055 2391 1163 2444 τῶν
1196 2397 1239 2445 ν’
1270 2392 1616 2463 ἀφεστηκώς.
1648 2424 1715 2437 -ν
1739 2394 1864 2449 Ὅτι

280 2478 345 2531 ἑν
374 2469 417 2543 ᾧ
446 2476 624 2547 καιρῷ
675 2477 961 2546 παρέδωκε
1014 2482 1127 2542 τοῖς
1180 2480 1450 2551 μαθηταῖς
1487 2484 1516 2535 6
1545 2482 1748 2554 Κύριος
1803 2483 1865 2537 16

279 2567 384 2637 τῆς
408 2568 595 2637 καινῆς
639 2567 903 2639 διαθήκης
934 2571 1251 2641 μυστήριον,
1301 2572 1361 2625 16
1413 2573 1637 2643 νομικὸν
1689 2573 1861 2643 ἔφαγε

278 2660 491 2725 πάσχω
514 2661 605 2713 καὶ
623 2662 705 2714 ὅτι
722 2662 822 2714 οὐκ
839 2662 1010 2729 ἔφαγε
1030 2660 1329 2730 τηνικαῦτα
1340 2662 1400 2715 16
1412 2664 1632 2733 νομικὸν
1652 2665 1858 2736 πάσχα.

278 2769 356 2785 ο·-
384 2744 507 2799 Ὄτι
528 2749 557 2801 6
582 2746 817 2817 χαλκοῦς
861 2750 1005 2817 ὄφις,
1033 2748 1093 2803 ὃν
1123 2749 1336 2818 ὕψωσεν
1381 2752 1442 2804 ὲν
1492 2756 1559 2824 τῇ
1609 2755 1803 2826 ἐρήμῳ
1833 2758 1861 2809 6

277 2834 511 2905 Μωσῆς,
556 2837 726 2901 τύπος
755 2834 823 2909 ἦν
852 2838 945 2891 τοῦ
970 2840 1260 2892 Δεσπότου·
1288 2841 1381 2915 καὶ
1411 2843 1490 2896 ὅτι
1517 2845 1639 2914 οὐχὶ
1667 2846 1857 2912 τύπος,

276 2924 422 2980 ἀλλὰ
474 2927 786 2993 ἀντίτυπος.
812 2961 882 2973 -
913 2932 1035 2985 Ὅτι
1071 2934 1099 2985 6
1132 2932 1192 2984 16
1228 2932 1387 2986 ὠτίον
1441 2936 1715 3001 ἀπικόψας
1762 2939 1857 2993 τοῦ

277 3013 472 3070 δούλου
517 3016 612 3071 ¹τοῦ
656 3019 959 3091 ἀρχιερέως
983 3022 1183 3092 Θωμᾶς
1209 3018 1277 3094 ἦν
1304 3039 1319 3053 ·
1354 3024 1449 3077 καὶ
1476 3026 1559 3079 ὅτι
1580 3028 1702 3098 οὐχὶ
1736 3029 1855 3082 Θω-

280 3108 397 3177 μᾶς
423 3104 511 3179 ἦν,
544 3110 682 3165 ἀλλὰ
720 3112 948 3183 Πέτρος.
970 3143 1043 3159 -υ-
1074 3115 1354 3171 Ὅτικατὰ
1403 3117 1495 3171 τὸν
1542 3120 1729 3190 καιρὸν
1758 3121 1853 3174 τοῦ

274 3197 486 3263 πάθους
502 3201 535 3269 ή
554 3201 746 3272 θεότης
776 3202 1049 3275 ἐχωρίσθη
1077 3204 1169 3258 τοῦ
1195 3205 1446 3275 σώματος
1472 3208 1567 3263 τοῦ
1591 3211 1636 3264 Χ
1645 3213 1855 3282 ριστοῦο

276 3287 412 3361 [476
437 3290 529 3362 Η.]
564 3291 659 3344 καὶ⁵
685 3293 767 3346 ὅτι
792 3292 917 3346 οὔτε
947 3295 1047 3364 τῆς
1075 3294 1254 3365 ψυχῆς
1291 3294 1415 3350 οὔτε
1440 3297 1533 3351 τοῦ
1604 3299 1857 3371 σώματος

273 3381 313 3449 ἡ
368 3378 555 3448 θεότης
595 3380 888 3452 ἐχωρίσθη.
912 3410 984 3422 —-
1017 3381 1142 3435 Ὀτι
1189 3381 1384 3453 λύτρον
1435 3385 1557 3439 ἀντὶ
1592 3386 1689 3439 τοῦ
1722 3404 1855 3440 κατ-

272 3469 542 3539 εχομένου
589 3469 878 3542 ἀνθρώπου
942 3470 1022 3542 τῷ
1068 3472 1249 3544 ἐχθρῷ
1280 3473 1340 3526 16
1370 3476 1580 3543 οἰκεῖον,
1604 3478 1633 3530 6
1665 3477 1857 3549 Σωτὴρ

273 3558 483 3615 ἔδωκεν
514 3554 674 3631 αἷμα,
704 3561 799 3616 τοῦ
820 3562 1015 3634 ἐχθροῦ
1042 3564 1199 3618 τοῦτο
1225 3566 1604 3637 αίρησαμὲνου
1629 3585 1642 3599 ·
1674 3570 1768 3623 καὶ
1796 3570 1858 3624 16

271 3640 677 3722 ἀντικείμενον,
716 3651 792 3716 ὡς
840 3654 961 3724 οὐχὶ
1011 3652 1091 3725 τῷ
1118 3654 1320 3726 ἐχθρῷ,
1350 3656 1487 3710 ἀλλὰ
1509 3657 1588 3728 τῷ
1610 3657 1730 3729 Θεῷ
1763 3659 1859 3712 καὶ

1966 1932 2213 1989 Christus
2245 1935 2517 1989 tricesimo
2553 1935 2729 1988 aetatis
2751 1950 2890 1989 anno
2920 1934 3210 1994 cruciﬁxus
3230 1943 3335 2000 est,
3363 1945 3419 1989 et
3441 1948 3549 1990 non

1965 2020 2368 2089 tricesimo,sed
2384 2024 2658 2079 tricesimo
2680 2025 2860 2077 tertio.
2896 2025 2960 2078 Et
2999 2039 3103 2078 non
3136 2025 3408 2079 tricesimo
3451 2033 3554 2079 ter.

1969 2111 2063 2180 tio,
2096 2117 2191 2172 sed
2216 2115 2658 2184 quadragesimo;
2699 2124 2753 2169 et
2788 2130 2888 2170 nec
2916 2114 3190 2170 tricesimo
3220 2116 3379 2170 tertio
3400 2154 3417 2181 ,
3450 2129 3554 2169 nec

1963 2212 2125 2265 etiam
2162 2209 2334 2265 solum
2365 2208 2799 2278 quadragesimo,
2831 2208 2924 2261 sed
2955 2206 3209 2275 amplius,
3250 2222 3355 2260 non
3411 2207 3552 2261 mul-

1967 2310 2076 2355 tnm
2102 2316 2129 2354 a
2148 2300 2595 2370 quinquagesimo
2611 2299 2992 2354 distans.—Eo
3011 2308 3252 2367 tempore
3267 2314 3374 2368 quo
3394 2297 3553 2355 Jesus

1962 2391 2212 2446 Christus
2245 2391 2465 2446 tradidit
2508 2390 2783 2459 discipulis
2821 2391 2944 2445 novi
2986 2388 3314 2445 Testamenti
3348 2399 3551 2460 myste-

1964 2482 2126 2547 rium,
2155 2483 2350 2552 pascha
2372 2482 2665 2537 secundum
2699 2481 2870 2549 legem
2902 2482 3156 2547 comedit,
3177 2488 3230 2536 et
3255 2481 3398 2549 quod
3423 2491 3554 2535 tunc

1961 2588 2068 2625 non
2099 2572 2395 2627 comederit
2422 2572 2623 2640 pascha
2651 2569 3122 2640 legale.—}Eneus
3142 2585 3367 2638 serpens
3391 2586 3553 2639 quem

1961 2662 2140 2716 Moses
2183 2662 2235 2715 in
2266 2676 2449 2715 eremo
2472 2662 2667 2724 erexit,
2695 2671 2852 2730 typus
2885 2659 2985 2714 fuit
3000 2660 3222 2727 Christi,
3253 2672 3308 2715 et
3340 2677 3444 2715 non
3468 2669 3557 2732 ty-

1959 2768 2079 2822 pus,
2110 2753 2201 2807 sed
2224 2751 2717 2821 antitypus.—Fuit
2751 2751 3007 2817 Thomas,
3030 2752 3120 2821 qni
3155 2766 3314 2806 servo
3358 2750 3557 2806 summi

1958 2842 2565 2897 sacerdotisauriculam
2588 2842 2916 2911 amputavit;
2943 2853 3119 2895 etnon
3159 2841 3262 2896 fuit
3290 2842 3554 2907 Thomas,

1958 2934 2050 2985 sed
2067 2930 2623 3002 Petrus.—Tempore
2640 2932 2905 3001 passionis
2923 2931 3097 2987 deitas
3114 2948 3145 2988 e
3161 2948 3386 3002 corpore
3404 2933 3556 2989 Chri-

1958 3024 2023 3076 sti
2043 3022 2310 3088 discessit,
2326 3031 2502 3077 etnon
2521 3022 2769 3077 discessit
2784 3022 2854 3077 ab
2870 3024 3047 3077 anima
3070 3038 3169 3080 nec
3184 3038 3214 3077 a
3237 3038 3560 3094 corpore.—

1959 3111 2208 3166 Salvator
2246 3112 2445 3182 lytrum
2480 3127 2579 3181 pro
2610 3112 2847 3165 humano
2901 3127 3102 3182 genere
3141 3116 3555 3183 comprehenso,

1961 3205 2235 3273 proprium
2270 3204 2488 3259 inimico
2504 3203 2821 3273 sanguinem
2842 3203 3009 3270 dedit,
3034 3203 3258 3258 inimico
3286 3206 3428 3258 hunc
3456 3206 3557 3259 eli-

1961 3304 2141 3365 gente.
2165 3293 2232 3349 Et
2247 3308 2278 3350 e
2294 3294 2584 3358 contrario,
2603 3310 2711 3349 non
2743 3293 2984 3360 inimico,
3002 3295 3097 3349 sed
3120 3295 3229 3349 Deo
3250 3294 3395 3349 Patri
3414 3297 3559 3351 hunc

1961 3389 2177 3444 obtulit.
2198 3417 2270 3428 ——
2285 3387 2584 3443 Gloriosius
2599 3395 2653 3442 et
2668 3385 3042 3442 admirabilius
3080 3384 3327 3441 Christus
3375 3401 3561 3441 resur-

1963 3479 2104 3534 rexit
2141 3494 2304 3549 quam
2333 3480 2387 3533 in
2414 3487 2598 3534 monte
2633 3478 3049 3548 transﬁguratus
3068 3486 3169 3531 est.
3187 3477 3252 3532 Et
3274 3492 3562 3547 resurgens

1964 3586 2071 3626 non
2107 3571 2337 3625 mutavit
2376 3585 2575 3640 corpus
2603 3572 2655 3624 in
2678 3569 2900 3639 gloriam
2924 3568 3026 3623 sibi
3053 3566 3308 3635 debitam,
3334 3570 3427 3625 sed
3453 3568 3562 3623 tale

1963 3660 2450 3730 monstravitquale
2460 3670 2717 3716 eratante
2728 3668 2980 3714 mortem.
3006 3659 3072 3714 Et
3088 3659 3189 3714 hoc
3201 3659 3415 3727 quidem
3429 3660 3563 3715 dicit

273 3740 462 3811 na1pl.
508 3744 854 3814 προσήνεγκε
906 3744 1086 3799 τοῦτο.
1132 3773 1203 3785 —-
1251 3745 1374 3800 Ὅτι
1443 3750 1696 3818 κρεῖσσον
1764 3749 1859 3803 καὶ¹

1970 3750 2233 3820 Cyrillus,
2266 3751 2361 3805 sed
2394 3750 2724 3805 contrarium
2749 3747 3036 3818 Dionysius
3088 3746 3503 3802 Alexandrinus.

270 3834 729 3903 θαυμασιώτερον
774 3835 873 3905 τῆς
895 3837 952 3888 ὲν
973 3834 1051 3906 τῷ
1074 3835 1192 3907 ὄρει
1250 3853 1320 3907 με
1361 3839 1773 3909 ταμορφώσεως
1823 3840 2353 3913 ὰνέστηὸΧριστὸςο
2394 3843 2488 3896 καὶ
2551 3842 2634 3895 ὃτι
2698 3840 2760 3893 ού
2805 3837 3284 3909 μετεστοιχείωσεν
3317 3838 3565 3892 ἀναστάς

269 3927 531 3999 τδσῶμα
580 3929 720 4000 πρὸς
775 3928 935 3994 δόξαν
976 3930 1077 4001 τὴν
1125 3929 1275 4001 αύτῷ
1327 3934 1845 4005 κεχρεωστημένην,
1884 3935 2024 3989 ἀλλὰ
2072 3936 2315 3991 τοιοῦτον
2350 3937 2550 4002 ἔδειξεν
2591 3927 2702 3989 οἷον
2731 3928 2801 4004 ἢν
2832 3934 2926 3987 καὶ
2974 3932 3083 4004 πρὸ
3148 3931 3244 3986 τοῦ
3304 3933 3558 3992 θανάτου.

268 4021 396 4075 Καὶ
436 4006 596 4074 τοῦτο
642 4020 742 4092 μὲν
795 4020 942 4092 λέγει
992 4022 1283 4094 Κύριλλος,
1315 4024 1377 4078 16
1429 4025 1486 4077 δὲ
1538 4026 1865 4080 ἀντίθετονό
1916 4029 2324 4102 Ἀλεξανδρείας
2343 4030 2638 4092 Διονύσιος.

352 4111 477 4184 [901
504 4112 601 4185 8.]
632 4113 753 4165 Ὅτι
790 4113 848 4166 ὲν
874 4116 941 4184 τῇ
975 4113 1252 4187 δωδεκάτῃ
1308 4114 1405 4168 τοῦ
1450 4115 1670 4184 πρώτου
1699 4116 1859 4186 μηνὸς

2042 4119 2372 4173 Duodecimo
2394 4118 2553 4188 primi
2579 4115 2781 4172 mensis
2806 4112 3080 4168 Christum
3107 4112 3271 4167 Maria
3304 4113 3354 4167 in
3400 4114 3563 4169 domo

268 4202 476 4276 ἤλειφε
494 4203 588 4257 16v
618 4204 819 4276 Κύριον
837 4203 1075 4275 ἠΜαρία.
1091 4203 1135 4236 ³⁸
1170 4203 1327 4274 μύρῳ
1352 4204 1412 4257 ὲν
1445 4204 1593 4275 οἰκίᾳ
1622 4205 1859 4274 Σίμωνος

1974 4209 2213 4265 Simonis
2262 4208 2457 4278 leprosi
2507 4216 2784 4277 unguento
2827 4205 3018 4269 unxit,
3063 4213 3119 4262 et
3153 4203 3364 4259 decimo
3398 4205 3563 4259 tertio

266 4293 379 4347 τοῦ
436 4293 663 4364 λεπροῦ,
716 4294 775 4346 ὲν
832 4293 889 4346 δὲ
943 4295 1009 4364 τῇ
1072 4297 1140 4361 ιγ’
1184 4292 1246 4345 16
1301 4293 1564 4363 μυστικὸν
1600 4294 1859 4348 δεῖπνονέ

1974 4300 2235 4355 Christus
2289 4314 2500 4354 sacram
2538 4313 2750 4353 caenam
2792 4295 3071 4364 discipulis
3118 4294 3284 4348 dedit.
3338 4292 3563 4348 Decimo

262 4384 493 4457 Κύριος
549 4385 886 4456 παραδίδωσι
940 4385 1054 4448 τοῖς
1102 4382 1395 4455 μαθηταῖς,
1424 4386 1483 4437 ὲν
1540 4384 1597 4437 δὲ
1636 4388 1702 4456 τῇ
1728 4385 1785 4438 ιδ’
1812 4385 1859 4439 τί

1974 4401 2168 4463 quarto
2198 4391 2490 4447 salutarem
2532 4390 2839 4459 passionem
2881 4386 3067 4440 subiit.
3107 4383 3328 4438 Decimo
3358 4384 3553 4452 quinto

264 4478 556 4547 σωτήριον
618 4475 829 4545 ὑπέστη
864 4475 1057 4541 πάθος,
1110 4476 1168 4527 ὲν
1200 4474 1258 4528 δὲ
1308 4476 1375 4545 τῇ
1431 4472 1490 4527 ιε’
1545 4475 1610 4528 ὲκ
1660 4475 1859 4546 νεκρῶι

1976 4484 2278 4540 resurrexit
2326 4496 2358 4536 a
2396 4480 2645 4544 mortuis,
2697 4490 2749 4535 et
2797 4479 3006 4533 decimo
3061 4485 3226 4531 sexto
3254 4483 3564 4545 assumptus

258 4562 487 4635 ἀνέστη
511 4567 625 4632 ,καὶ
651 4569 717 4638 τῇ
741 4573 814 4632 ις’
840 4566 887 4598 δ’
913 4564 1213 4636 ἀνελήφθη·
1237 4564 1271 4635 ἢ
1302 4566 1401 4636 ούχ
1427 4563 1621 4630 οὕτως,
1650 4566 1787 4620 ἀλλὰ
1814 4570 1859 4637 1i

1990 4583 2091 4630 est.
2117 4572 2213 4627 Vel
2246 4587 2353 4627 non
2395 4571 2594 4641 291a
2628 4571 2695 4624 ita
2724 4586 2738 4621 :
2770 4570 2863 4622 sed
2898 4567 3111 4622 decimo
3131 4573 3325 4633 quarto
3350 4578 3563 4619 sacram

266 4658 389 4731 μὲν
420 4656 481 4711 ιδ’
513 4657 575 4710 16
603 4658 865 4725 μυστικὸν
908 4655 1080 4725 ἔφαγε
1122 4656 1358 4722 δεῖπνον,
1384 4658 1455 4727 ’τῇ
1491 4656 1549 4709 δὲ
1577 4663 1637 4709 ιε’
1667 4658 1859 4710 ἐσταυ-

1972 4680 2184 4722 coenam
2221 4638 2599 4723 manducavit,
2647 4659 2857 4713 decimo
2892 4657 3082 4727 quinto
3125 4655 3421 4711 cruciﬁxus
3449 4665 3562 4718 est.

262 4748 462 4823 ρώθη,
520 4748 718 4818 ἀνέστη
745 4748 802 4801 δὲ
824 4750 892 4819 τῇ
924 4753 999 4815 ις’
1020 4746 1096 4779 δί’
1133 4747 1168 4816 ἢ
1220 4748 1304 4799 ὅτι
1358 4746 1481 4799 οὐδὲ
1528 4745 1706 4811 τοῦτο,
1750 4747 1859 4800 ἀλλ¹

1978 4758 2193 4814 decimo
2240 4765 2395 4810 sexto
2436 4753 2752 4807 resurrexit.
2785 4750 2878 4805 Vel
2907 4762 3081 4812 neque
3135 4748 3259 4812 hoc,
3292 4746 3389 4802 sed
3440 4758 3566 4816 post

255 4842 365 4894 ὃτι
419 4843 720 4911 τριήμερος
786 4840 884 4910 μὲν
931 4838 1024 4891 καὶ
1051 4838 1110 4891 ὲν
1153 4840 1219 4908 τῇ
1279 4838 1534 4909 κυριακῇ
1584 4838 1859 4910 γέγονενή

1967 4848 2243 4909 triduum,
2278 4854 2333 4901 et
2362 4846 2415 4898 in
2461 4843 2739 4897 Dominica
2782 4840 2922 4895 facta
2967 4847 3049 4894 est
3098 4838 3451 4903 resurrectio,
3508 4846 3567 4893 et

250 4930 377 4984 τοῦ
434 4931 640 5003 Κυρίου
695 4931 1011 4994 ἀνάστασις,
1063 4928 1158 4981 καὶ
1214 4928 1353 4998 μετά
1399 4934 1453 4996 μ’
1509 4929 1727 5000 ἡμέρας
1774 4930 1859 4983 άν-

1970 4949 2093 5012 post
2129 4938 2488 5008 quadraginta
2513 4934 2632 4989 dies
2656 4943 2967 5002 assumptus
2990 4941 3098 4987 est.

254 5024 523 5095 ελήφθη.

432 5043 460 5077 υ
509 5065 523 5080 .

528 5115 638 5169 ἀπὸ
694 5116 797 5186 τῆς
850 5113 1088 5184 ἑσπέρας
1132 5111 1235 5182 τῆς
1283 5111 1347 5176 ε’,
1379 5111 1467 5165 ὅτε
1519 5113 1580 5164 τὸ
1611 5113 1859 5182 μυστικδι

2052 5117 2097 5171 Α
2123 5128 2349 5185 vespera
2374 5113 2566 5184 quinta
2590 5125 2712 5165 cum
2750 5108 3012 5163 Dominus
3041 5120 3254 5163 coenam
3284 5104 3563 5175 discipulis

244 5212 505 5265 δεῖπνον
528 5210 557 5262 6
586 5207 796 5277 Κύριος
826 5204 1119 5276 παρεδίδου
1173 5206 1288 5266 τοῖς
1327 5202 1616 5273 μαθηταῖς,
1650 5204 1773 5258 τότε
1811 5204 1859 5257 τί

1979 5204 2148 5272 dedit,
2180 5212 2309 5258 tunc
2349 5215 2550 5270 corpus
2570 5213 2726 5255 suum
2751 5197 3098 5261 sacriﬁcavit.

248 5300 452 5371 σῶμα
485 5298 651 5352 αὐτοῦ
685 5299 928 5353 ἐτέθυτο.

345 5470 364 5512 ι
406 5456 578 5513 Mare.
607 5472 731 5521 xm,
770 5455 862 5511 5‘2.
945 5454 973 5494 ιι
998 5450 1133 5507 Luc.
1162 5466 1260 5517 vn,
1285 5448 1375 5504 28.

1590 5576 1823 5632 ΥΑΚΙιΕ
1864 5573 2271 5633 LECTIONES.

605 5686 732 5740 λαια
756 5702 817 5750 ς.
922 5683 965 5717 ³⁷
1005 5682 1034 5734 6
1062 5689 1116 5736 et
1164 5679 1225 5750 16
1259 5687 1325 5750 et
1377 5675 1604 5750 alterum
1635 5672 1829 5750 6_add.
1860 5671 1923 5725 A.
2033 5671 2078 5704 ³⁸
2115 5667 2239 5724 οὔτε
2273 5671 2314 5721 Β
2345 5684 2360 5723 :
2388 5668 2449 5723 οὐ
2479 5684 2539 5732 ς.

382 5690 435 5722 ³⁸
461 5686 732 5741 κεφάλαια
756 5702 817 5741 ς.
922 5683 965 5717 ³⁷
1005 5682 1034 5734 6
1062 5689 1116 5736 et
1164 5679 1225 5732 16
1270 5687 1325 5732 et
1377 5675 1604 5730 alterum
1635 5674 1664 5725 6
1704 5672 1829 5728 add.
1860 5671 1923 5725 A.
2033 5671 2078 5704 ³⁸
2115 5667 2239 5724 οὔτε
2273 5671 2314 5721 Β
2345 5684 2360 5723 :
2388 5668 2449 5723 οὐ
2479 5684 2539 5732 ς.
2636 5668 2680 5702 ³⁹
2700 5662 3006 5725 cl'.Suicer.
3037 5662 3231 5719 Thess.
3264 5677 3306 5733 ι,
3338 5677 3389 5733 p.
3415 5659 3545 5717 586.

382 5705 435 5722 ὐ
461 5705 525 5741 κε
570 5705 732 5741 αΑαια
756 5705 817 5750 ς.
922 5705 960 5717 -σ
1005 5705 1034 5734 ο
1062 5705 1116 5736 et
1164 5705 1225 5732 τυ
1270 5705 1325 5732 et
1377 5705 1604 5730 auctum
1635 5705 1664 5725 υ
1704 5705 1739 5725 «η

227 5762 320 5797 δ’
362 5757 471 5829 ις’]
498 5705 897 5824 ἑξακαιδεκάτῃ
913 5753 975 5809 Β.
1050 5751 1094 5784 ⁸¹
1130 5747 1228 5821 ις’]
1252 5745 1646 5815 ὲξακαιδεκάτῃ
1678 5744 1739 5797 Β.
