3954 6490
454 408 595 473 1103

1634 407 1894 473 ΡΗΟΤΙῙ
1934 410 2443 472 PATRIARCHXE
2474 411 2582 480 (ΖΡ.

3573 420 3684 486 1104

521 521 802 578 Hactenus
847 519 1064 592 quidem
1104 521 1170 575 de
1209 519 1591 577 communibus
1624 521 1887 578 doctrinis
1931 524 2032 578 Ec-

2212 525 2389 596 Μέχρι
2427 526 2526 597 μὲν
2552 520 2646 580 οὖν
2684 526 2889 580 τούτων
2950 529 3077 598 περὶ
3103 528 3212 582 τῶν
3233 530 3430 585 κοινῶν
3454 532 3550 604 τῆς
3587 537 3686 590 Ἐκ·

451 614 636 669 clesiae
687 620 743 669 et
774 612 1163 681 quaestionibus
1192 626 1288 683 per
1336 614 1519 667 omnia
1557 612 1671 669 fere
1708 616 1884 685 capita
1926 615 2038 671 dis-

412 736 422 753 ,
454 705 650 769 seruit,
681 704 1000 774 plerumque
1030 718 1126 773 per
1156 704 1430 759 contraria
1462 706 1773 760 testimonia
1805 706 2035 762 alteram

452 795 903 853 contradictionis
925 805 1131 864 partem
1154 796 1507 861 conﬁrmans,
1531 811 1700 867 pauca
1722 812 1852 854 vero
1878 798 2037 853 unius

453 891 723 959 opinionis
755 890 1084 945 testimoniis
1113 889 1461 947 conﬁrmans.
1504 890 1642 946 Hinc
1668 902 1849 946 autent
1882 907 2033 961 qua:-

456 982 579 1035 dam
629 981 804 1049 capita
836 981 1184 1047 particularia
1218 996 1444 1045 numero
1480 982 1779 1037 octodecim
1811 990 2031 1046 tractat,

451 1082 551 1125 ut:
585 1069 782 1137 Quales
819 1072 1100 1140 opiniones
1145 1072 1395 1126 habuerit
1443 1071 1678 1126 Severus
1718 1071 1787 1128 de
1832 1072 2034 1128 sanctis

453 1166 710 1222 Ecclesize
748 1167 1162 1222 sacerdotibus?
1219 1174 1271 1221 et
1311 1168 1579 1235 quomodo
1615 1166 1817 1220 sentiat
1863 1162 1930 1217 de
1965 1162 2034 1217 iis

453 1272 574 1326 quae
613 1257 754 1311 dicta
789 1265 915 1311 sunt
946 1272 973 1308 a
1012 1255 1209 1326 Cyrillo
1242 1264 1295 1311 et
1354 1254 1562 1310 Joanne
1600 1256 1653 1309 in
1698 1252 1925 1323 epistola
1963 1251 2029 1305 ad

453 1341 717 1398 Thomam
742 1342 1113 1398 Germaniceae
1159 1343 1507 1414 episcopum?
1537 1353 1591 1398 et
1630 1343 1771 1412 quod
1818 1356 1879 1397 ea
1912 1355 2034 1412 quae

451 1433 594 1489 dicta
627 1442 754 1489 sunt
786 1433 852 1488 de
885 1435 1281 1489 restauratione
1328 1450 1509 1489 rerum
1542 1449 1571 1488 a
1603 1432 1862 1503 Gregorio
1894 1431 2032 1503 Nys-

450 1540 586 1580 scno
613 1542 716 1579 non
751 1526 962 1595 probet,
994 1539 1170 1594 neque
1193 1524 1414 1594 Papiam
1439 1528 1750 1594 epismpum
1782 1522 2034 1591 Hieropo-

451 1617 702 1680 litanum,
733 1624 789 1670 et
817 1624 1137 1687 martyrem,
1177 1631 1281 1671 nec
1315 1603 1560 1671 sanctum
1595 1615 1856 1669 Irenaeum
1926 1611 2033 1666 Lu-

452 1709 809 1777 gdunensem,
847 1705 938 1760 ubi
974 1708 1162 1761 dicunt
1185 1722 1412 1778 regnum
1452 1706 1711 1761 caelorum
1742 1718 1863 1759 esse
1894 1701 2031 1756 frui-

450 1798 652 1852 tionem
681 1798 973 1868 quamdam
998 1798 1246 1853 ciborum
1274 1797 1637 1854 sensibilium.

2138 617 2369 687 κλησίας
2411 618 2700 689 δογμάτων
2752 636 2812 671 τε
2854 619 2949 672 xui
2997 620 3328 692 ζητημάτων
3370 623 3567 694 μικροῦ
3616 626 3689 680 διὰ

2138 707 2358 761 πάντων
2386 709 2496 763 τῶν
2522 710 2835 777 κεφαλαίων
2875 711 3114 765 ἐποιεῖτο
3137 711 3229 766 τδν
3253 712 3433 781 λόγον,
3463 715 3530 767 τά
3558 715 3688 768 πλεῖ-

2138 815 2242 853 στα
2270 798 2370 869 μὲν
2418 798 2485 852 δι’
2535 800 2933 872 ἀντικειμένων
2972 804 3226 874 χρήσεων
3255 804 3518 877 ἑκάτερον
3547 807 3689 878 μέρος

2138 890 2239 960 τῆς
2266 891 2591 956 ἀντιθέσεως
2628 893 2959 966 ἐπικουρῶν,
2990 894 3147 963 ὀλίγα
3190 896 3247 949 δὲ
3273 898 3367 950 καὶ
3388 897 3689 968 μονομερέσι

2139 981 2472 1053 μαρτυρίαις
2508 984 2876 1057 έπιὸεὸαιῶν.
2938 984 3223 1041 Ἐντεῦθεν
3272 988 3330 1041 δὲ
3370 989 3500 1059 περί
3552 1006 3690 1043 τινων

2139 1072 2323 1127 ἰδικῶν
2346 1073 2657 1143 κεφαλαίων
2683 1075 2777 1129 τὸν
2818 1075 3052 1146 ἀριθμὸν
3081 1077 3457 1133 ὀκτωκαίδεκα
3483 1078 3691 1150 διαλαμ-

2136 1159 2311 1223 ϐάνει,
2342 1155 2452 1215 οἷον
2489 1163 2643 1227 τίνας
2669 1160 2817 1234 εἶχεν
2844 1165 3141 1236 ὑπολήψεις
3171 1168 3413 1239 ἃϐἧρος
3443 1171 3572 1241 περὶ
3598 1170 3693 1224 τῶν

2132 1254 2232 1322 τῆς
2268 1254 2599 1325 Ἐκκλησίας
2651 1257 2818 1310 ὁσίων
2865 1261 3278 1328 μυσταγωγῶν;
3321 1261 3417 1314 xui
3442 1261 3585 1325 ὅπως
3609 1264 3682 1315 δι-

2136 1341 2296 1413 ετέθη
2322 1343 2460 1412 πρὸς
2482 1344 2551 1398 τὰ
2580 1345 2847 1415 εἰρημένα
2870 1346 3021 1418 παρὰ
3045 1346 3315 1418 Κυρίλλου
3339 1351 3431 1403 xui
3465 1350 3692 1406 Ἰωάννου

2134 1433 2193 1484 ὲν
2220 1436 2285 1504 τῇ
2316 1434 2452 1502 πρὸς
2490 1435 2693 1506 Θωμᾶν
2715 1436 2808 1491 τὸν
2826 1438 3124 1493 ἐπίσκοπον
3149 1440 3581 1513 Γερμανικείας;
3609 1443 3695 1495 καὶ

2134 1524 2216 1578 ὅτι
2246 1525 2324 1596 τῷ
2370 1527 2428 1580 ὲν
2457 1528 2636 1597 ἁγίοις
2696 1529 3010 1603 Γρηγορίῳ,
3043 1532 3120 1603 τῷ
3150 1534 3436 1605 ἐπιδ-κόπῳ
3466 1536 3694 1606 Νύσσης,

2130 1612 2202 1666 τά
2227 1615 2496 1685 εἰρημένα
2517 1618 2647 1689 περὶ
2672 1618 3179 1685 ἀποκαταστάσεως
3216 1623 3317 1676 οὐκ
3358 1623 3693 1693 ἀποδέχεται,

2132 1704 2193 1757 οὐ
2229 1705 2335 1777 μὴν
2364 1706 2479 1760 ἀλλ’
2507 1709 2630 1762 οὐδὲ
2660 1710 2878 1765 Παπίαν
2908 1712 2999 1765 τὸν
3033 1711 3391 1784 Ἱεραπόλεως
3415 1715 3696 1767 ἐπίσκοπον

2135 1795 2229 1849 καὶ
2262 1797 2539 1871 μάρτυρα,
2594 1800 2716 1854 οὐδὲ
2760 1799 3051 1873 Είρηναῖον
3098 1803 3191 1858 τὸν
3239 1805 3385 1859 ὅσιον
3415 1806 3697 1859 ἐπίσκοπον

447 1891 835 1960 Λουγδούνων,
909 1892 969 1947 ὲν
1046 1886 1130 1955 οἷς
1199 1890 1451 1960 λέγουσιν
1528 1888 1804 1961 αἰσθητῶν
1863 1904 2027 1941 τινων
2066 1885 2376 1959 βρωμάτων
2420 1893 2724 1949 ἀπόλαυσιν
2774 1890 3037 1967 εἶναιτὴν
3065 1897 3175 1953 τῶν
3243 1898 3488 1969 οὐρανῶν
3554 1899 3697 1970 βασι-

447 1985 503 2038 λε
514 1985 618 2040 ίαν.

522 2079 688 2133 Divus
713 2079 945 2133 Basilius
971 2087 1223 2134 sanctum
1259 2078 1572 2149 Dionysium
1606 2075 2030 2132 Alexandrinum
2060 2075 2109 2134 B

453 2173 506 2225 in
540 2170 672 2224 locis
698 2170 882 2223 nmltis
905 2183 1009 2223 non
1041 2169 1300 2232 admittit,
1331 2169 1565 2222 maxime
1590 2167 1679 2222 ubi
1705 2165 2033 2221 Arianorum

450 2261 700 2315 haeresim
730 2258 1033 2313 conﬁrmat.
1061 2256 1309 2313 Defendit
1333 2257 1480 2311 illiilli
1519 2272 1626 2312 non
1645 2266 1704 2310 ut
1728 2255 1890 2324 impia
1914 2269 2035 2309 sen-

452 2354 697 2417 tientem,
732 2351 827 2405 sed
857 2350 998 2419 quod
1037 2350 1203 2405 nimio
1232 2348 1527 2403 Sabellium
1552 2347 1893 2418 oppugnandi
1919 2355 2033 2400 stu-

448 2444 539 2498 dio
569 2444 733 2497 verho
763 2451 920 2496 tenus
948 2442 998 2493 in
1027 2450 1219 2496 contra
1232 2442 1366 2494 riam
1398 2438 1677 2494 deﬂexerit
1699 2439 2029 2507 opinionem.

449 2534 589 2599 Quin
633 2544 687 2586 et
719 2534 784 2585 de
835 2531 1039 2600 Spiritu
1088 2542 1277 2586 sancto
1317 2530 1479 2599 impia
1527 2529 1673 2582 illum
1710 2528 1873 2581 verba
1913 2524 2034 2579 fun-

446 2624 601 2679 dere.
646 2620 965 2692 ——Magnus
1012 2622 1341 2676 Athanasius
1388 2622 1531 2674 hunc
1577 2617 1893 2688 Dionysium
1934 2617 2031 2673 de-

448 2715 621 2769 fendit
656 2731 672 2767 :
709 2712 1032 2782 Dionysius,
1101 2712 1307 2780 inquit,
1378 2724 1641 2780 nunquam
1696 2707 1853 2762 sensit
1914 2722 2033 2760 cum

448 2806 689 2871 Arianis,
733 2820 824 2857 nec
868 2804 1140 2856 veritatem
1169 2802 1453 2872 ignoravit,
1488 2816 1578 2854 nec
1625 2800 1690 2852 ab
1744 2799 1866 2852 aliis
1924 2798 2033 2865 epi-

449 2897 623 2964 scopis
647 2894 936 2963 intpietatis
959 2892 1247 2947 damnatus
1269 2900 1366 2957 est,
1396 2907 1487 2944 nec
1513 2891 1743 2944 Arianas
1775 2904 1920 2943 voces
1948 2888 2030 2940 lo-

448 2997 598 3040 cutus
629 2996 740 3048 est,
774 2993 1028 3053 tanquam
1066 2984 1325 3037 docendo.
1379 2980 1521 3048 Quin
1564 2989 1619 3036 et
1660 2980 2057 3036 Theodoretus

446 3076 635 3129 eadem
683 3074 750 3128 de
784 3074 887 3127 hoc
928 3070 1188 3141 Dionysio
1241 3070 1424 3123 habet.
1456 3097 1528 3109 ——
1554 3068 1787 3139 Apponit
1812 3069 1879 3123 ad
1916 3067 2032 3122 haec

449 3164 787 3227 testimonia,
832 3172 885 3216 et
912 3161 1183 3232 quomodo
1221 3160 1553 3227 Theophilus
1583 3167 1637 3214 et
1664 3174 1786 3214 cum
1825 3173 1890 3213 eo
1920 3166 2029 3213 tota

445 3256 682 3329 synodus
696 3270 823 3323 erga
846 3255 1060 3307 beatum
1086 3249 1350 3305 Joannem
1373 3250 1819 3321 Chrysostomum
1836 3246 2027 3302 affecta

2207 2072 2328 2125 Ὀτι
2357 2071 2641 2137 Βασίλειος
2666 2076 2695 2127 ό
2720 2076 2779 2127 ὲν
2806 2075 2982 2144 ἁγίοις
3005 2075 3097 2130 τὸν
3125 2077 3185 2129 ὲν
3223 2078 3402 2146 ἁγίοις
3434 2080 3699 2135 Διονύσιον

2149 2160 2559 2234 Ἀλεξανδρείας
2606 2164 2708 2217 οὐκ
2757 2165 2817 2216 ὲν
2846 2165 3058 2229 πολλοῖς
3092 2166 3449 2238 ἀποδέχεται,
3477 2170 3700 2240 μάλιστα

2131 2250 2189 2303 δὲ
2220 2252 2279 2304 ἐν
2308 2246 2389 2315 οἷς
2430 2252 2491 2305 τὸ
2555 2252 2850 2323 Ἀρειανῶν
2892 2254 3045 2319 ἔθνος
3089 2256 3448 2325 ἐπερείδεται.
3491 2260 3701 2313 Ἀπολο-

2133 2343 2311 2409 γεῖται
2342 2343 2398 2395 δὲ
2426 2343 2569 2413 ὑπὲρ
2601 2344 2768 2397 αὐτοῦ
2799 2345 2875 2408 ὡς
2900 2346 3000 2399 οὐκ
3025 2347 3212 2400 ἀσεϐεῖ
3232 2348 3451 2419 γνώμη,
3490 2351 3702 2421 μάχηδὲ

2132 2438 2200 2505 τῇ
2231 2434 2369 2503 πρὸς
2398 2433 2687 2490 Σαϐέλλιον
2731 2437 2813 2500 εἰς
2862 2436 2963 2507 τὴν
2996 2436 3276 2491 ἀντίθετον
3306 2440 3450 2492 κατά
3476 2441 3600 2503 τοὺς
3622 2440 3703 2494 λό-

2132 2543 2262 2594 γους
2290 2527 2699 2597 περιτραπῆναι
2755 2528 3093 2599 δυσφημίαν.
3153 2530 3228 2583 Οὑ
3290 2530 3398 2600 μὴν
3448 2530 3584 2583 ἀλλά
3615 2534 3705 2584 καὶ

2134 2619 2265 2687 περὶ
2293 2616 2388 2670 τοῦ
2428 2618 2567 2671 Πνεύ
2580 2637 2748 2689 ματος
2773 2620 2876 2673 οὐκ
2898 2622 3116 2689 εὐαγεῖς
3158 2621 3320 2676 αὑτὸν
3349 2623 3562 2692 ἀφεῖναι
3594 2643 3705 2694 φω-

2133 2708 2334 2772 νάς.-
2351 2709 2508 2764 Ἀλλὰ
2534 2712 2628 2765 xui
2648 2713 2676 2764 ό
2699 2712 2767 2780 μέ
2778 2731 2869 2780 γας
2885 2714 3201 2778 Ἀθανάσιος
3219 2714 3314 2769 τοῦ
3329 2718 3496 2771 αὑτοῦ
3519 2718 3706 2789 ἀνδρὸς

2131 2799 2411 2852 Διονυσίου
2443 2799 2939 2870 ὑπεραπολογεῖται
2962 2819 2976 2832 °
3023 2802 3105 2857 Τὰ
3129 2803 3241 2874 γὰρ
3274 2805 3522 2872 Ἀρείου,
3553 2808 3704 2875 φησι,

2132 2892 2443 2958 Διονύσιος
2484 2894 2624 2947 οὔτε
2671 2893 2976 2963 ἐφρόίεησέ
3029 2910 3198 2959 ποτε,
3252 2896 3390 2951 οὔτε
3443 2897 3709 2965 ἠγνόησε

2134 2980 2262 3053 [477
2301 2983 2392 3053 H.]
2421 2982 2538 3051 τὴν
2564 2982 2857 3049 ἀλήθειαν
2876 2999 2889 3014 ·
2920 2984 3059 3039 οὔτε
3078 2988 3189 3054 γὰρ
3216 2985 3317 3055 ὑφ’
3345 2986 3562 3055 ἐτέρων
3584 2988 3711 3041 ἐπι·

2130 3073 2378 3127 σκόπων
2404 3073 2496 3126 ἐπ’
2513 3074 2755 3142 ἀσεϐείᾳ
2787 3076 3193 3146 κατεγνώσθη,
3218 3077 3356 3132 οὔτε
3373 3080 3479 3144 τὰς
3494 3078 3711 3147 Ἀρεία-

2128 3162 2305 3230 νικὰς
2326 3164 2528 3233 φωνὰς
2552 3164 2873 3235 ἐφθέγγετο
2900 3169 2984 3232 ὡς
3004 3166 3389 3236 δογματίζων.
3421 3169 3581 3222 Ἀλλά
3615 3171 3710 3222 xui

2129 3255 2476 3327 Θεοδώρητος
2505 3258 2632 3320 τοὺς
2660 3258 2858 3319 αὐτοὺς
2886 3258 3026 3328 ὑπὲρ
3055 3258 3147 3311 τοῦ
3179 3260 3474 3330 εἰρημένου
3524 3263 3711 3313 Διονυ-

444 3347 715 3402 fuerit.-~
739 3342 966 3411 Qualem
1028 3341 1314 3397 habuerint
1381 3340 1688 3407 opinionem
1744 3338 1812 3393 de
1869 3339 2028 3393 beato

2134 3348 2246 3401 σίου
2276 3346 2570 3418 λογισμοὺς
2607 3349 2951 3403 ἀποδίδωσιν.
2977 3378 3048 3388 -
3081 3350 3201 3402 Ἔτι
3231 3350 3338 3421 μὴν
3376 3351 3713 3421 παρατίθησι

444 3437 657 3493 Joanne
698 3436 1088 3506 Chrysostomo
1123 3432 1377 3503 episcopo
1418 3428 2027 3499 Constantinopolitano

2136 3416 2464 3511 μαρτυρίας,
2501 3439 2594 3493 xui
2619 3441 2768 3502 ὅπως
2795 3432 2895 3510 μὲν
2912 3441 3121 3511 διετέθη
3139 3416 3395 3507 Θεόφίλος
3427 3416 3521 3494 καὶ
3552 3445 3588 3513 ή
3614 3416 3713 3495 σὺν

444 3529 682 3601 Cyrillus
712 3536 767 3581 et
794 3525 1030 3581 Atticus.
1056 3553 1126 3565 —
1160 3522 1301 3590 Quid
1330 3523 1567 3578 senserit
1596 3531 1819 3578 sanctus
1860 3519 2030 3577 Isido-

445 3637 542 3678 rus
586 3620 857 3676 Pelusiota
902 3617 971 3673 de
1012 3616 1314 3687 Theophilo
1355 3624 1409 3671 et
1449 3614 1650 3687 Cyrillo
1688 3613 2029 3668 Alexandriae

444 3713 737 3784 episcopis,
774 3717 947 3780 deque
974 3707 1183 3764 Joanne
1224 3708 1643 3778 Chrysostomo;
1685 3707 1802 3761 illos
1829 3704 2025 3775 291!)

443 3808 554 3862 odii
584 3819 712 3876 erga
747 3801 1011 3857 Joannem
1065 3800 1514 3871 Chrysostomum
1546 3800 1848 3863 accusavit,
1886 3800 2028 3852 hunc

442 3910 574 3950 vero
624 3892 867 3947 laudavit
920 3901 975 3945 et
1021 3890 1208 3943 coluit.
1236 3888 1606 3954 -—Severus,
1660 3886 1921 3957 impulsus
1968 3894 2028 3941 ut

448 3988 664 4041 beatum
698 3983 963 4038 lsidorum
1000 3980 1449 4049 reprehenderet,
1476 3996 1579 4035 non
1610 3980 1825 4035 inventa
1860 3994 2024 4035 causa

447 4078 649 4145 aliqua,
680 4073 881 4142 alliugit
918 4071 993 4125 illi
1026 4073 1170 4140 quod
1197 4086 1321 4125 cum
1354 4071 1586 4143 Origene
1629 4072 1886 4137 senserit,
1919 4070 2024 4127 etsi

446 4169 587 4222 idem
619 4166 812 4219 iterum
844 4177 939 4234 per
968 4176 1109 4229 sese,
1138 4176 1167 4214 a
1201 4162 1430 4216 veritate
1462 4173 1749 4231 superatus
1780 4163 1832 4216 id
1863 4176 2020 4217 revo-

444 4270 624 4314 ι·οι.-
644 4256 724 4309 Ad
756 4258 871 4310 haec
900 4253 1116 4324 qualem
1148 4254 1460 4323 opinionem
1484 4255 1734 4308 habuerit
1763 4253 2023 4325 Hippoly-

442 4365 529 4405 ωδ
552 4358 606 4403 et
626 4346 961 4417 Epiphanius
984 4345 1049 4399 de
1068 4344 1291 4400 Nicolao
1318 4360 1347 4398 e
1372 4353 1577 4413 septem
1602 4345 1844 4401 diaconis
1869 4361 1976 4399 uno
1999 4363 2014 4401 :

440 4455 496 4511 et
527 4442 672 4512 quod
705 4439 882 4493 valide
911 4437 1061 4491 illum
1093 4438 1477 4492 condenment.
1507 4467 1576 4477 —
1602 4437 1830 4493 Divinus
1864 4435 2021 4509 lgna-

443 4537 548 4589 tius
606 4543 659 4586 et
705 4529 958 4586 Clemens
1004 4528 1362 4594 Stromateus,
1412 4527 1672 4583 Eusebius
1728 4526 2018 4601 Pamphili,

2131 3529 2282 3601 αὐτῷ
2314 3529 2532 3594 σύνοδος
2561 3530 2695 3601 πρὸς
2728 3531 2823 3585 τὸν
2851 3534 2909 3584 ὲν
2933 3532 3109 3599 ἁγίοις
3160 3532 3412 3599 Ἰωάννην
3440 3533 3531 3585 τὸν
3564 3534 3714 3602 Χρυ-

2132 3622 2428 3692 σόστομον⁹
2474 3623 2572 3676 xui
2602 3622 2765 3685 ποίας
2816 3622 2948 3693 ἔσχε
2996 3623 3153 3687 δόξας
3205 3622 3446 3685 Ἀττικὸς
3471 3623 3565 3675 καὶ
3597 3623 3713 3677 Κύ-

2129 3713 2311 3784 ριλλος
2370 3714 2500 3784 περὶ
2557 3712 2652 3766 τοῦ
2704 3712 2874 3767 αὐτοῦ
2904 3712 3215 3781 ἀγιωτόιτου
3274 3712 3521 3766 Ἰωάννου
3556 3714 3719 3765 Κων-

2130 3806 2659 3869 σταντινουπόλεωςο
2691 3806 2787 3859 καὶ
2814 3805 2932 3869 οἵας
2964 3806 3123 3874 ἔσχεν
3162 3804 3462 3875 ὑπολήψεις
3490 3806 3517 3856 ό
3550 3804 3715 3857 εὐλα-

2129 3895 2389 3959 ϐέστατος
2442 3894 2711 3964 Ἰσίδωρος
2760 3895 2789 3947 ὁ
2820 3895 2915 3947 τοῦ
2955 3892 3257 3963 Πηλουσίου
3282 3893 3411 3965 περὶ
3445 3893 3713 3961 Θεοφίλου

2127 3984 2219 4037 καὶ
2245 3984 2518 4054 Κυρίλλου
2547 3984 2654 4036 τῶν
2696 3982 3103 4054 Ἀλεξανδρείας
3141 3983 3408 4054 ἰεραρχῶν
3443 3982 3539 4036 xui
3583 3984 3715 4053 περὶ

2125 4075 2218 4128 τοῦ
2253 4077 2311 4128 έν
2335 4073 2514 4143 ἁγίοις
2552 4074 2798 4129 Ἰωάννου
2859 4073 2955 4127 τοῦ
3011 4075 3425 4145 Χρυσοστόμου.
3478 4073 3558 4137 ὡς
3583 4074 3716 4134 τοὺς

2128 4167 2229 4237 μὲν
2280 4166 2444 4220 ἕνεκα
2485 4168 2585 4238 τῆς
2628 4165 2766 4237 πρὸς
2816 4164 2909 4218 τδν
2963 4166 3350 4236 Χρυσόστομον
3395 4162 3709 4234 ἀπεχθείας

2124 4258 2369 4323 ἐκάκιζε,
2419 4258 2513 4311 τὸν
2562 4256 2620 4312 δὲ
2669 4257 2861 4329 ἐπῄνει
2901 4274 2961 4311 τε
2991 4257 3083 4310 xui
3118 4254 3448 4326 ἐθαύμαζεν.
3475 4283 3548 4295 -
3583 4254 3716 4309 Ὀτι

2124 4350 2364 4421 Σεὸἦρος
2410 4350 2503 4403 τὸν
2563 4351 2622 4403 ὲν
2684 4349 2864 4417 ἀγίοις
2920 4347 3193 4418 Ἰσίδωρον
3252 4344 3573 4418 μέμψασθαι
3606 4343 3717 4414 μὲν

2127 4441 2420 4514 ὁρμηθεὶς,
2445 4442 2545 4495 οὐκ
2574 4440 2713 4511 έχων
2732 4440 2789 4494 δὲ
2810 4439 2956 4505 ὅθεν,
2996 4439 3186 4509 φήμην
3224 4437 3373 4507 αὑτῷ
3399 4436 3720 4507 περιπλάτ-

2120 4553 2203 4590 τει
2245 4531 2684 4607 Ὠριγενιασμοῦ,
2717 4533 2768 4585 εί
2812 4531 2909 4586 xui
2953 4531 3163 4601 ταύτην
3188 4530 3347 4593 αὐτὸς
3367 4528 3533 4582 πάλιν
3572 4529 3715 4582 ἀπο-

439 4625 820 4680 Theodoretus
855 4621 981 4691 Cyri
1022 4621 1307 4690 episcopus
1337 4617 1730 4675 Nicolaitarum
1762 4622 2019 4676 damnant

2134 4626 2457 4690 σκευάζεται
2486 4625 2554 4679 δι’
2581 4622 2802 4689 ἑαυτοῦ,
2832 4621 2940 4678 ὑπὸ
2973 4623 3073 4693 τῆς
3094 4622 3350 4695 ἀληθείας
3372 4621 3716 4691 νικώμενος.

441 4718 720 4781 haeresim,
743 4714 837 4769 sed
878 4715 1051 4783 ipsum
1086 4712 1365 4768 Nicolaum
1401 4712 1559 4768 talem
1598 4714 1766 4769 fuisse
1798 4724 2012 4784 negant.

2134 4745 2190 4757 —
2220 4717 2340 4770 Ἔτι
2388 4715 2444 4769 δὲ
2489 4715 2650 4778 ποίας
2691 4712 2990 4785 ὑπολήψεις
3032 4713 3190 4783 ἔσχεν
3244 4710 3559 4773 Ἱππόλυτος
3610 4712 3719 4763 καὶ

439 4841 510 4852 -
542 4807 862 4878 Hippolytus
916 4815 970 4857 et
1010 4805 1241 4858 Irenaeus
1279 4804 1563 4873 epistolam
1602 4804 1755 4859 Pauli
1807 4806 1873 4861 ad
1907 4805 2015 4859 He-

2134 4808 2446 4879 Ἐπιφάνιος
2483 4808 2528 4839 ἰ’
2577 4809 2706 4877 περὶ
2730 4807 3001 4862 Νικολάου
3036 4806 3128 4859 τοῦ
3156 4804 3274 4869 ἑνὸς
3297 4805 3407 4857 τῶν
3430 4803 3472 4868 ζ’
3511 4803 3718 4856 διακό-

437 4910 614 4965 hrmos
654 4907 839 4960 dicunt
886 4920 990 4958 non
1034 4916 1158 4957 esse
1199 4900 1363 4956 illius.
1406 4902 1659 4956 Clemens
1686 4898 1925 4967 quidem,
1960 4905 2015 4951 et

2134 4918 2241 4967 νων,
2278 4900 2374 4953 xui
2404 4900 2487 4952 ὅτι
2518 4900 2751 4969 ἰσχυρῶς
2774 4899 2940 4953 αὐτοῦ
2975 4896 3500 4965 καταγινώσκουσιν,
3527 4892 3719 4959 Ἰγνά-

437 5000 720 5061 Eusebius,
747 4997 1085 5065 aliorumque
1113 4992 1334 5048 Patrum
1366 5007 1655 5048 consessus
1682 4991 1821 5051 hanc
1847 4990 2013 5044 etiam

2134 5007 2227 5053 :tog
2269 4990 2496 5060 μέντοιό
2540 4989 2821 5059 θεοφόρος,
2854 4989 2949 5043 xui
2988 4988 3222 5058 Κλήμης
3248 4988 3276 5039 ὁ
3314 4985 3717 5056 στρωματεὺς,

437 5093 558 5146 aliis
601 5090 996 5154 adnumerant,
1045 5096 1102 5142 et
1140 5088 1291 5141 aiunt
1331 5086 1473 5139 hunc
1501 5083 1838 5139 Clementem
1874 5081 2015 5135 hanc

2134 5082 2208 5137 tui
2238 5080 2498 5144 Εὐσέϐιος
2531 5082 2558 5133 ὁ
2615 5081 2932 5152 Παμφίλου,
2973 5080 3067 5135 xui
3084 5077 3427 5148 Θεοδώρητος
3457 5074 3720 5147 [9041ι.]

434 5200 499 5237 ex
525 5182 751 5237 Hebraeo
774 5178 1498 5247 transtulisse.-—0rigenem
1528 5185 1582 5231 et
1604 5173 2009 5244 Theognostum

2134 5175 2352 5247 5Κύρου
2378 5173 2475 5244 τὴν
2503 5175 2602 5244 μὲν
2636 5173 2978 5227 Νικολαϊτῶν
3017 5170 3525 5241 καταγινώσκουσιν
3545 5168 3724 5238 αἳρε-

436 5290 663 5343 magnus
687 5273 773 5327 ille
798 5250 1549 5327 AthanasiusAlexandrinus
1573 5267 1623 5319 in
1651 5264 1835 5319 multis
1856 5263 2010 5317 libris

2134 5286 2224 5334 rw,
2254 5267 2343 5321 τὸν
2368 5267 2423 5321 δὲ
2458 5267 2722 5321 Νικόλαον
2751 5265 2826 5337 μὴ
2854 5264 3092 5319 τοιοῦτον
3120 5264 3165 5294 ⁸³
3194 5256 3337 5314 εἶναι
3364 5260 3723 5328 ἀποφαῖνον⁸

435 5364 691 5418 :ulmittit.
724 5362 788 5416 Et
817 5362 971 5415 Titus
995 5360 1330 5421 Bostrorum,
1361 5366 1414 5411 et
1447 5356 1743 5425 Gregorius
1770 5352 2004 5408 Theolo-

2134 5378 2318 5414 :ut.—-
2370 5361 2491 5412 Ὅτι
2519 5358 2836 5421 Ἱππόλυτος
2889 5356 2986 5409 xui
3054 5356 3345 5425 Εἰρηναῖος
3406 5352 3506 5423 τὴν
3554 5352 3723 5422 πρὸς

432 5468 533 5521 gus
566 5452 620 5505 in
659 5449 906 5519 epistolis
951 5448 1201 5504 eumdem
1251 5446 1588 5501 Philocalum
1635 5444 1903 5498 nominat.
1941 5442 2007 5497 Et

2134 5450 2408 5521 Ἐϐραίους
2436 5448 2723 5520 ἐπιστολὴν
2753 5447 2965 5501 Παύλου
2993 5447 3093 5501 οὐκ
3131 5445 3340 5500 ἐκείνου
3364 5440 3505 5499 εἷναί
3531 5459 3719 5511 φασι,

432 5543 709 5611 Nyssenus
764 5540 1112 5595 laudabiliter
1169 5539 1287 5607 ejus
1348 5538 1678 5592 mentionem
1730 5535 1895 5598 facit,
1950 5545 2006 5592 et

2134 5543 2348 5613 (λήμης
2379 5541 2563 5611 μέντοι
2613 5541 2708 5594 καὶ
2746 5538 3007 5603 Εὐσέϐιος
3046 5538 3142 5593 καὶ
3182 5537 3351 5600 πολὺς
3377 5535 3535 5598 ἀλλος
3580 5533 3719 5585 τῶν

1707 5669 1937 5724 ἻΑΒΙᾹΞ
1971 5670 2377 5731 LECTJONES.

504 5787 547 5815 δ’
592 5786 779 5852 Ἐπιφ.
803 5794 929 5839 ante
966 5786 1209 5839 lacunam
1239 5786 1307 5838 Α.
1332 5758 1347 5785 ρ
1379 5785 1426 5815 ⁵³
1457 5784 1531 5856 μὴ
1553 5785 1642 5837 τὸν
1672 5785 1911 5839 τοιοῦτον
1941 5804 2001 5849 ς.
