3954 6450
383 370 526 436 1109
1402 368 1932 430 BIBLIOTIIECA.
1960 392 1975 402 ·

2091 366 2230 424 10D.
2267 363 2619 424 CCXXXIV.
3504 356 3641 420 1110

1088 484 1246 537 ΣΛΔ’.

2695 466 3025 525 CCXXXIV.

379 576 498 632 Τοῦ
551 575 726 644 ἁγίου
781 573 1175 698 Μεθοδιουλὲκ
1217 575 1326 630 τοῦ
1381 575 1516 644 περὶ
1573 571 1964 636 ἀναστάσεως

1147 663 1280 713 you.

2091 556 2334 628 Excerpta
2357 574 2424 612 ex
2459 555 2712 612 Oratione
2744 557 2804 613 S.
2851 555 3104 612 Methodii
3128 555 3194 610 de
3225 554 3639 610 Resnrrectione.

453 734 582 803 [908
608 733 697 806 Κ]
731 731 1072 805 Ἀνεγνώσθη
1102 733 1198 786 τοῦ
1242 734 1397 802 ἀγίου
1425 732 1710 797 Μεθοδίου,
1742 729 1961 784 ἐιι-ιτιςικό⁹

380 843 493 878 που
525 827 620 880 καὶ
655 825 956 897 μάρτυρος,
997 827 1063 879 ἐκ
1091 825 1185 878 τοῦ
1219 826 1350 896 περ)⁸
1382 827 1733 889 ἀναστάσεως
1778 823 1965 892 λόγου,

376 909 448 970 o6
471 917 504 987 ἡ
527 919 569 949 ⁸⁷
593 915 790 986 ἐκλογὴ
817 915 886 969 τὰ
909 916 1244 987 ὑποκείμενα
1274 917 1425 984 λέγει
1450 932 1464 945 ·

466 1010 587 1061 Ὅτι
635 1009 696 1060 οὐ
727 1008 931 1076 δεσμόν
963 1025 1098 1078 φησι
1145 1009 1204 1061 τὸ
1250 1008 1410 1078 σῶμα
1449 1007 1551 1076 τῆς
1597 1006 1775 1077 ψυχῆς
1799 1003 1964 1070 εἶναι,

387 1098 470 1161 ὡς
511 1097 794 1168 Ὠριγένης
848 1097 1007 1168 ᾤετο,
1057 1098 1178 1151 ούδέ
1233 1099 1568 1169 δεσμώτιδας
1631 1098 1731 1160 τάς
1787 1097 1969 1167 ψυχὰς

389 1188 544 1258 παρά
585 1189 680 1242 τοῦ
702 1190 748 1222 ⁸⁸
764 1191 1048 1261 προφήτου
1083 1189 1346 1262 Ἱερεμίου
1401 1191 1684 1246 καλεῖσθαι
1710 1189 1798 1244 διὰ
1819 1193 1879 1244 τὸ
1908 1194 1968 1244 ἐν

387 1281 640 1351 σώμασιν
691 1281 860 1344 αὑτὰς
891 1283 1204 1352 τυγχάνειν.
1251 1284 1324 1338 Ού
1369 1284 1481 1354 γὰρ
1525 1283 1836 1355 ἐμποδίζειν
1870 1285 1969 1349 τὰς

382 1371 490 1438 τῆς
519 1370 700 1439 ψυχῆς
732 1371 1012 1442 ἐνεργείας
1066 1373 1129 1425 τὸ
1173 1372 1333 1443 σῶμα
1378 1373 1628 1439 τίθεται,
1699 1391 1971 1446 συμπερι-

387 1459 626 1528 άγεσθαι
648 1460 704 1513 δὲ
736 1461 939 1530 μᾶλλον
966 1462 1029 1514 τὸ
1061 1463 1220 1533 σῶμα
1258 1463 1352 1516 καὶ
1385 1467 1669 1535 συνεργεῖν
1708 1466 1842 1536 πρὸς
1867 1465 1903 1520 ἃ
1934 1467 1968 1538 ἡ

384 1550 535 1621 ψυχὴ
558 1553 866 1621 ἐπιτρέπει.
906 1551 1071 1605 Ἀλλά
1118 1554 1236 1616 πῶς
1275 1553 1404 1625 [48Ο
1437 1555 1531 1627 Η.]
1568 1556 1632 1609 τὸ
1662 1555 1754 1609 106
1790 1555 1971 1610 θεολό-

393 1659 496 1711 γου
523 1642 828 1713 Γρηγορίου
864 1643 1085 1714 νοητέον
1115 1645 1206 1698 καὶ
1236 1645 1412 1699 ἀλλων
1443 1647 1684 1714 πολλῶν;

463 1733 590 1787 Ὀτι
624 1733 907 1804 Ὠριγένης
935 1734 1132 1804 δεσμὸν
1157 1736 1220 1789 τὸ
1252 1736 1413 1807 σῶμα
1439 1738 1594 1806 ἔλεγε
1621 1739 1868 1793 δεδόσθαι
1897 1743 1965 1811 τῇ

2144 715 2343 788 293a
2372 717 2498 783 Legi
2557 717 2733 770 sancti
2793 715 3051 771 Methodii
3112 712 3349 783 episcopi
3385 723 3442 768 et
3495 727 3648 767 mar-

2069 809 2227 877 tyris,
2287 821 2353 861 ex
2386 805 2646 862 Oratione
2679 806 2745 860 de
2793 804 3198 860 resurrectione
3231 820 3248 869 ;
3281 804 3438 875 cujus
3488 817 3644 859 com-

2067 899 2247 966 pendii
2278 897 2381 953 hoc
2411 906 2495 953 est
2551 904 2928 967 argumentum
2980 913 2994 949 :

2139 988 2349 1058 Corpus
2405 1003 2513 1044 non
2548 1002 2670 1042 esse
2703 986 2977 1042 vinculum
3011 985 3226 1051 animae,
3271 993 3332 1040 ut
3384 983 3650 1054 Origenes

2068 1079 2436 1146 existimavit;
2480 1091 2657 1148 neque
2701 1079 2915 1132 animas
2964 1077 3279 1132 carceribus
3324 1076 3558 1146 illigatas
3619 1091 3650 1128 a

2069 1172 2303 1228 Jeremia
2329 1169 2590 1240 propheta
2615 1170 2717 1225 dici
2745 1167 2790 1236 ι,
2813 1184 2880 1226 eo
2907 1167 3050 1238 quod
3077 1167 3132 1223 in
3157 1166 3474 1236 corporibus
3501 1165 3610 1219 sint
3632 1183 3646 1219 :

2077 1275 2258 1331 neque
2281 1260 2425 1315 enim
2457 1259 2653 1315 animae
2701 1258 3046 1329 operationes
3083 1272 3113 1311 a
3143 1270 3370 1326 corpore
3400 1253 3649 1323 impediri

2070 1353 2321 1419 aliirmat,
2347 1354 2454 1406 imo
2477 1365 2675 1421 corpus
2701 1349 3039 1405 circumferri
3065 1349 3258 1419 potius,
3284 1356 3339 1403 et
3371 1345 3651 1415 cooperari

2069 1460 2135 1502 ea
2165 1446 2232 1500 ad
2272 1459 2393 1514 quae
2435 1444 2614 1498 anima
2651 1442 2863 1497 invitat.
2895 1441 3190 1496 Enimvero
3215 1439 3486 1509 quomodo
3521 1435 3652 1490 illud

2071 1534 2314 1604 Gregorii
2352 1532 2704 1596 Nazianzeni,
2738 1540 2794 1586 et
2823 1529 3122 1586 multorum
3167 1529 3400 1585 aliorum
3450 1526 3653 1582 intelli-

2071 1625 2304 1699 gendum
2331 1625 2355 1677 ?

2142 1715 2407 1786 Origenes
2434 1715 2671 1769 asseruit
2721 1729 2919 1783 corpus
2963 1722 3086 1782 post
3134 1709 3644 1781 praevaricationem

389 1824 539 1896 ψυχῇ
579 1800 718 1895 μετά
756 1800 872 1896 ἢν
925 1800 1262 1896 παράϐασιν,
1323 1800 1456 1899 πρὶν
1497 1800 1554 1882 δέ
1603 1829 1897 1900 ἀσώματον
1923 1800 1967 1866 ἑ

2091 1806 2252 1861 mimo
2281 1804 2484 1859 vinculi
2518 1803 2639 1858 loco
2673 1803 2992 1872 adiunctum
3032 1815 3175 1868 esse,
3199 1815 3322 1856 cum
3356 1801 3506 1869 prius
3525 1800 3646 1853 sine

391 1917 566 1986 αὐτὴν
601 1914 883 1985 βιοτεύειν.
925 1917 1085 1970 Ἀλλά
1122 1918 1217 1970 καὶ
1253 1917 1414 1971 τοῦτο
1445 1917 1508 1972 τὸ
1547 1919 1724 1991 σῶμα,
1756 1921 1784 1975 ὃ
1815 1939 1973 1993 περι-

394 2005 652 2075 κείμεθα,
683 2005 857 2059 αῐτιον
888 2003 1028 2059 εἶναι
1059 2008 1170 2061 τῶν
1198 2008 1485 2081 ἁμαρτιῶν
1506 2026 1520 2041 ·
1555 2011 1642 2064 διὰ
1677 2011 1835 2066 τοῦτο
1879 2015 1974 2067 καὶ

391 2095 590 2165 δεσμὸν
633 2096 839 2166 ἔλεγεν,
867 2097 941 2161 ὡς
973 2097 1083 2152 ἀπὸ
1129 2097 1241 2151 τῶν
1268 2099 1489 2169 ἀγαθῶν
1521 2101 1699 2176 ἐργων
1741 2105 1973 2159 κωλύειν

392 2185 692 2255 δυνάμενον
732 2185 833 2257 τὴν
867 2185 1065 2256 ψυχήν.

467 2277 592 2330 '01:
629 2278 679 2329 εί
705 2277 904 2348 δεσμὸς
943 2277 1106 2348 ἐδόθη
1137 2278 1198 2332 τὸ
1236 2279 1395 2351 σῶμα
1425 2282 1567 2351 μετά
1596 2284 1695 2356 τὴν
1717 2286 1971 2357 παράϐα-

392 2383 502 2431 σιν,
529 2365 564 2438 ﬁ
587 2366 696 2421 τῶν
717 2365 906 2420 κακῶν
929 2366 963 2437 ἢ
991 2368 1102 2420 τῶν
1133 2369 1357 2436 ἀγαθῶν
1379 2371 1535 2443 ἐδόθη
1567 2375 1632 2444 τῇ
1662 2374 1829 2445 ψυχῇ.
1852 2376 1973 2430 Τῶν

394 2458 495 2528 μέν
519 2456 612 2511 οὖν
657 2457 882 2526 ἀγαθῶν
911 2457 1175 2512 ἀδύνατον
1193 2475 1208 2489 ·
1237 2461 1358 2515 οὐδὲ
1388 2462 1497 2534 γὰρ
1527 2465 1710 2536 ἰατρὸς
1741 2468 1785 2498 ⁸ο
1816 2469 1848 2540 ἢ
1882 2486 1973 2523 τε-

389 2552 591 2622 χνιτῶν
614 2551 774 2614 ἄλλος
795 2551 873 2622 τῷ
901 2552 1284 2622 ἀμαρτήσαντι
1305 2552 1489 2608 δίδωσι
1518 2557 1809 2628 φάρμακον
1835 2562 1974 2616 ὥστε

389 2642 558 2696 πλέον
582 2642 985 2713 ἐξαμαρτῆσαι,
1014 2646 1089 2715 μὴ
1114 2645 1198 2698 ὃτι
1223 2661 1287 2713 γε
1317 2646 1470 2710 Θεός.
1492 2648 1755 2705 Λείπεται
1779 2652 1844 2723 δὴ
1865 2654 1975 2707 τῶν

389 2731 602 2786 κακῶν.
644 2733 807 2786 Ἀλλά
857 2735 965 2804 μὴν
1024 2735 1245 2806 ὁρῶμεν
1289 2736 1366 2799 ὡς
1417 2737 1539 2791 κατ’
1577 2741 1752 2810 ἀρχὰς
1789 2745 1818 2796 ό
1875 2746 1975 2815 μὲν

387 2821 534 2874 Κάῖν
572 2821 957 2894 περικείμενος
993 2824 1155 2878 τοῦτο
1189 2824 1250 2878 τὸ
1287 2826 1445 2897 σῶμα
1491 2829 1813 2897 ἐφόνευσεν·
1848 2835 1896 2887 οἱ
1929 2834 1975 2887 δ’

387 2911 592 2982 ἐφεξῆς
644 2913 783 2984 πρὸς
833 2913 901 2978 ἃς
931 2914 1361 2985 ἀθεμιτουργίας
1408 2918 1736 2989 ἐξώκειλαν,
1791 2923 1972 2994 δῆλον.

386 3004 526 3056 Οὐδὲ
558 3003 668 3058 τῶν
693 3007 878 3058 κακῶν
898 3007 1008 3077 ἀρα
1028 3005 1224 3076 δεσμὸς
1250 3007 1312 3060 τὸ
1345 3008 1523 3078 σῶμα.
1557 3011 1682 3064 Οὐδ’
1707 3013 1845 3078 ὅλως
1866 3016 1977 3087 ἄρα

386 3095 609 3166 δεσμὸς,
641 3098 750 3151 οὐδ⁹
777 3097 1007 3169 ὕστερον
1036 3099 1170 3154 αὐτὸ
1197 3101 1517 3170 ἡμφιάσατο
1545 3105 1684 3175 μετὰ
1724 3106 1824 3177 τὴν
1865 3125 1972 3161 πα-

389 3187 626 3257 ράόασιν
645 3189 679 3242 ὖ
713 3188 881 3262 ψυχή.

465 3365 588 3419 '01:
634 3366 944 3439 ἄνθρωπος,
996 3373 1152 3442 φησι,
1179 3373 1397 3443 λέγεται
1423 3375 1768 3448 ἀληθέστατα
1816 3379 1966 3434 κατά

388 3456 560 3525 φύσιν
579 3460 622 3491 ⁶¹
655 3459 778 3514 οὔτε
807 3461 954 3534 ψυχὴ
993 3467 1162 3536 χωρὶς
1211 3468 1486 3538 σώματος,
1518 3470 1643 3524 061s
1686 3471 1754 3525 αὗ
1805 3474 1971 3528 πάλιν

389 3549 558 3619 σῶμα
585 3553 755 3621 χωρὶς
800 3552 1002 3625 ψυχῆς.
1035 3557 1174 3610 ἀλλά
1225 3559 1285 3612 τδ
1337 3560 1402 3613 ἐκ
1431 3563 1746 3627 συστάσεως
1795 3563 1973 3636 ψυχῆς

388 3639 494 3695 καὶ
522 3642 768 3712 σώματος
801 3646 882 3708 είς
935 3645 1067 3715 μίαν
1105 3649 1206 3720 τὴν
1235 3649 1330 3702 106
1361 3651 1527 3706 καλοῦ
1585 3655 1802 3726 μορφὴν
1845 3673 1974 3710 συν-

385 3731 573 3785 τεθέν.
613 3731 670 3785 'O
698 3733 744 3786 δ’
785 3734 830 3764 ⁶²
865 3735 1145 3808 Ὠριγένης
1198 3739 1294 3812 τὴν
1326 3741 1508 3814 ψυχὴν
1566 3743 1737 3815 μόνην
1788 3746 1974 3816 ἔλεγεν

385 3819 705 3889 ἄνθρωπον,
734 3822 809 3886 ὡς
839 3826 868 3877 ὁ
897 3825 1147 3880 Πλάτων.

469 3912 593 3966 Ὅτι
647 3914 914 3984 διαφορὰν
961 3917 1253 3988 ἀνθρώπου
1301 3919 1399 3973 καὶ
1450 3920 1562 3976 τῶν
1591 3923 1770 3978 ἀλλων
1820 3924 1977 3989 ζώων

387 4002 564 4073 φησί·
594 4003 688 4056 καὶ
719 4007 830 4068 τοῖς
864 4005 965 4074 μὲν
984 4006 1217 4078 διάφορα
1242 4011 1503 4080 σχήματα
1529 4011 1746 4081 φύσεως
1766 4015 1978 4070 δέδοται

387 4094 496 4148 καὶ
534 4096 764 4164 μορφαὶ,
797 4095 1003 4159 ὁπόσας
1046 4099 1080 4166 ἡ
1116 4100 1434 4170 στερέμνιος
1467 4103 1563 4156 καὶ
1614 4105 1784 4176 ὁρατὴ
1816 4107 1980 4175 φύσις

389 4183 716 4250 κελεύοντος
763 4186 1025 4257 ἐγέννησε
1069 4189 1228 4254 Θεοῦ,
1279 4190 1358 4262 τῷ
1402 4191 1462 4245 δὲ
1494 4193 1556 4246 τὸ
1607 4195 1838 4261 θεοειδές
1884 4199 1982 4250 καὶ

389 4275 707 4331 θεοείκελον
739 4279 834 4333 καὶ
864 4279 1045 4335 πάντα
1089 4282 1227 4352 πρὸς
1254 4284 1471 4354 ἐκείνην
1516 4286 1981 4359 ἀπηκριϐωμένον

386 4369 500 4438 τὴν
534 4371 900 4441 πρωτότυπον
944 4375 1040 4426 τοῦ
1073 4374 1287 4444 Πατρὸς
1320 4377 1418 4428 καὶ
1467 4379 1737 4449 μονογενῆ
1773 4381 1981 4435 εἰκόνα.

391 4459 513 4515 Καὶ
543 4460 664 4524 πῶς
691 4461 853 4515 τοῦτο
886 4462 1036 4531 λέγει
1067 4467 1097 4519 ό
1125 4464 1301 4534 ἅγιος,
1333 4469 1718 4524 ἐπισκεπτέον.

473 4636 597 4690 '01:
629 4639 764 4709 φησι
804 4641 1019 4694 Φειδίαν
1049 4641 1141 4696 τὸν
1184 4643 1628 4714 ἀγαλματοποιὸν
1660 4646 1720 4700 τὺ
1761 4648 1990 4704 Πισαῖον

403 4728 622 4782 εἴδωλον
653 4733 954 4803 ποιήσαντα
983 4734 1043 4799 ἐξ
1080 4735 1372 4805 ἐλέφαντος
1397 4739 1442 4770 ⁸³
1468 4741 1774 4810 προστάξαι
1805 4742 1989 4797 ἔλαιον

405 4816 719 4889 ἔμπροσθεν
748 4822 845 4875 τοῦ
876 4823 1191 4894 ἀγάλματος
1214 4826 1262 4856 ⁸⁸
1286 4827 1522 4898 ἐκχέειν,
1544 4827 1688 4882 ὥστε
1717 4830 1988 4886 ἀθάνατον

398 4907 464 4971 ἐς
496 4909 727 4983 δύναμιν
755 4914 888 4967 αὐτὸ
927 4915 1298 4983 φυλάσσεσθαι
1321 4919 1392 4972 θ’.

477 4999 604 5055 '01:
635 5002 822 5073 φησιν,
864 5005 924 5057 Ὀ
971 5005 1218 5065 διάϐολός
1266 5008 1384 5060 ἐστι
1444 5007 1662 5079 πνεῦμα
1708 5011 1837 5082 περὶ
1888 5013 1988 5083 τὴν

403 5088 542 5160 ὓλην
569 5093 861 5164 γενόμενον
896 5095 1002 5148 ὑπὸ
1023 5096 1117 5149 106
1149 5097 1309 5161 Θεοῦ,
1340 5098 1592 5171 καθάπερ
1621 5103 1718 5155 καὶ
1761 5103 1987 5174 Ἀθηνα-

401 5182 548 5253 γόρᾳ
582 5185 798 5256 ἐλέχθη,
825 5187 1015 5259 ὥσπερ
1053 5189 1116 5258 δὴ
1162 5190 1258 5244 καλ⁹
1287 5191 1339 5244 οἱ
1365 5191 1541 5246 λοιποὶ
1568 5195 1858 5262 γεγόνασιν
1893 5196 1986 5249 ὑπ’

401 5274 573 5328 αὑτοῦ
602 5277 844 5346 ἄγγελοι,
872 5280 967 5334 καὶ
1010 5282 1110 5353 τὴν
1153 5283 1246 5337 ἐπὶ
1284 5287 1350 5355 τῇ
1379 5284 1477 5356 ὕλῃ
1512 5287 1608 5340 καὶ
1658 5291 1771 5352 τοῖς
1815 5290 1914 5360 τῆς
1939 5290 1984 5321 ⁸⁸

485 5409 503 5450 ι
541 5411 744 5469 Titren.
775 5430 856 5483 ill,
881 5415 972 5470 54.

2073 1910 2302 1966 corpore
2337 1896 2567 1950 viveret.
2600 1893 2740 1960 Quin
2763 1901 2817 1947 et
2853 1892 2955 1948 hoc
2982 1905 3182 1960 corpus
3207 1891 3350 1960 quod
3374 1899 3653 1960 gestamus

2073 2002 2293 2044 causam
2313 2001 2434 2041 esse
2458 1995 2836 2055 peccatorum;
2862 1993 3152 2053 pr0pterea
3185 1983 3351 2036 etiam
3378 1981 3653 2036 vinculum

2073 2079 2386 2150 appellavit,
2422 2087 2481 2132 ut
2507 2077 2652 2147 quod
2681 2076 2918 2132 animam
2952 2089 2983 2128 a
3003 2073 3159 2129 bonis
3182 2073 3445 2144 operibus
3467 2073 3655 2142 prohi-

2075 2172 2204 2226 bere
2229 2170 2419 2240 possit.

2143 2261 2297 2328 Quod
2335 2260 2379 2315 si
2413 2272 2612 2327 corpus
2641 2257 2835 2311 animae
2873 2264 2934 2311 ut
2986 2254 3266 2311 vinculum
3330 2253 3647 2322 copulatum

2076 2363 2160 2408 est
2194 2360 2314 2421 post
2336 2348 2859 2421 praevaricationem,
2898 2355 2991 2400 aut
3030 2346 3216 2400 datum
3272 2354 3359 2399 est
3386 2343 3654 2398 bonorum

2076 2456 2168 2498 ant
2213 2443 2479 2498 malorum
2533 2439 2750 2495 animae.
2805 2437 3149 2508 impossibile
3199 2447 3282 2493 est
3346 2437 3651 2499 bonorum;

2076 2535 2254 2590 nullus
2283 2534 2428 2588 enim
2456 2530 2789 2587 medicorum
2810 2539 2899 2584 aut
2923 2530 3196 2584 artiﬁcum
3214 2528 3443 2583 aliorum
3469 2527 3644 2596 porri-

2073 2626 2152 2696 git
2176 2624 2475 2680 remedium
2508 2623 2778 2694 peccanti,
2811 2630 2870 2675 ut
2895 2621 3017 2692 plus
3059 2629 3242 2691 peccet
3274 2637 3288 2674 :
3327 2619 3502 2673 multo
3557 2616 3656 2672 mi-

2075 2733 2182 2773 nus
2207 2719 2370 2772 Deus.
2399 2715 2660 2786 Sequitur
2678 2730 2828 2785 ergo,
2866 2714 3132 2769 malorum
3160 2727 3176 2766 :
3203 2713 3352 2781 atqui
3382 2713 3655 2774 videmus,

2075 2818 2134 2862 ut
2165 2809 2398 2879 primum
2427 2806 2559 2862 Cain
2606 2809 2708 2862 hoc
2753 2821 2982 2876 corpore
3020 2805 3251 2860 vestitus
3299 2802 3654 2858 homicidium

2076 2899 2309 2965 fecerit;
2340 2898 2545 2970 posteri
2590 2913 2722 2953 vero
2751 2898 2818 2952 ad
2858 2913 2979 2967 qua:
3007 2897 3211 2952 scelera
3242 2895 3482 2964 prolapsi
3515 2895 3646 2958 sint,

2076 2993 2423 3048 manifestum
2445 3001 2547 3047 est.
2580 2991 2722 3062 Ergo
2746 3005 2944 3061 corpus
2978 3006 3084 3046 non
3118 2998 3202 3044 est
3233 2988 3505 3042 vinculum
3535 3002 3654 3041 ma-

2077 3083 2273 3150 lorum,
2309 3098 2411 3139 nec
2462 3084 2629 3137 ullum
2685 3082 2898 3152 penitus
2940 3081 3213 3136 vinculum
3265 3079 3382 3154 [aut
3411 3078 3650 3152 carcer],

1996 3153 2041 3216 Ε
2074 3191 2174 3232 nec
2209 3176 2343 3232 illud
2382 3177 2566 3231 anima
2598 3184 2719 3246 post
2754 3153 3282 3246 praevaricationem,
3296 3175 3532 3244 primum
3569 3173 3652 3226 in-

2071 3269 2211 3324 duit.

2148 3355 2342 3421 Homo,
2375 3354 2572 3426 inquit,
2614 3354 2912 3410 secundum
2943 3362 3219 3418 naturam,
3251 3353 3451 3408 dicitur
3482 3353 3657 3408 veris-

2074 3448 2210 3503 sime
2233 3462 2408 3517 neque
2439 3449 2618 3502 anima
2648 3447 2767 3501 sine
2805 3461 3056 3514 corpore,
3102 3460 3278 3515 neque
3306 3461 3508 3516 corpus
3531 3447 3655 3501 sine

2077 3539 2275 3603 anima,
2307 3538 2400 3593 sed
2435 3537 2563 3592 illud
2597 3538 2738 3607 quod
2766 3553 2832 3592 ex
2850 3538 3028 3591 anima
3065 3547 3119 3591 et
3153 3553 3383 3607 corpore
3415 3539 3466 3592 in
3487 3553 3652 3591 unam

2075 3628 2495 3700 pulchritudinis
2525 3628 2757 3683 formam
2782 3628 3155 3697 componitur.
3192 3627 3461 3698 Origenes
3492 3643 3648 3692 vero,

2078 3730 2136 3775 ut
2161 3719 2334 3786 Plato,
2366 3719 2538 3776 solam
2567 3721 2804 3774 animam
2834 3719 2971 3774 dixit
3000 3719 3334 3776 constituere
3357 3719 3651 3774 hominem.

2149 3919 2524 3978 Dill’erentiam
2561 3919 2704 3975 inter
2738 3918 3013 3974 hominem
3065 3927 3123 3974 et
3169 3927 3366 3973 caetera
3396 3918 3650 3974 animalia

2078 4026 2202 4069 esse
2234 4011 2408 4067 dicit:
2473 4008 2802 4064 animalibus
2849 4009 3011 4064 varia:
3059 4010 3270 4079 species
3315 4019 3369 4064 et
3417 4009 3647 4064 diversa

2082 4103 2272 4158 forma:
2304 4103 2446 4155 datae.
2489 4108 2637 4165 sunt,
2669 4107 2907 4168 quantas
2939 4099 3194 4154 nimirum
3223 4099 3401 4154 valida
3442 4110 3498 4154 et
3522 4100 3654 4154 visi-

2083 4192 2207 4248 bilis
2243 4199 2442 4245 natura
2474 4188 2584 4242 Deo
2624 4187 2854 4255 iubente
2916 4187 3216 4257 produxit;
3274 4186 3477 4241 homini
3526 4199 3655 4239 vero

2083 4283 2271 4338 datum
2295 4290 2380 4337 est
2428 4288 2658 4336 utesse:
2710 4279 2907 4334 similis
2932 4278 3062 4344 Deo,
3113 4279 3316 4348 Deique
3350 4277 3556 4342 formae,
3598 4286 3652 4331 et

2084 4374 2265 4428 omnia
2295 4387 2414 4443 qua:
2439 4371 2505 4425 ad
2533 4370 2832 4442 perfectam
2860 4379 2915 4424 et
2964 4370 3338 4440 primigeniam
3397 4368 3574 4422 Patris
3603 4378 3658 4422 et

2013 4495 2059 4552 Β
2089 4465 2212 4520 Filii
2242 4462 2510 4532 unigeniti
2561 4461 2852 4528 imaginem
2885 4469 3153 4528 spectant.
3213 4459 3279 4513 Et
3315 4475 3418 4527 qua
3449 4459 3658 4513 ratione

2092 4558 2192 4612 hoc
2233 4554 2438 4627 [datum
2467 4550 2560 4624 sit]
2595 4563 2818 4608 sanctus
2851 4553 2928 4605 ait
2958 4552 3421 4618 investigandum.

2161 4646 2358 4717 293i:
2391 4645 2635 4701 Phidiam
2697 4643 3018 4698 statuarium
3045 4641 3142 4708 ait,
3170 4656 3292 4697 cum
3314 4641 3542 4696 Pisaeam
3567 4648 3670 4694 sta-

2087 4748 2232 4794 tuam
2266 4753 2332 4792 ex
2359 4736 2524 4792 ebore
2568 4736 2879 4801 formasset,
2926 4735 3228 4804 imperasse
3257 4747 3316 4787 ut
3353 4734 3532 4787 oleum
3585 4733 3668 4786 in-

2091 4830 2263 4885 terius
2316 4829 2554 4883 infusum
2609 4842 2826 4896 semper
2857 4842 2922 4882 ex
2976 4833 3154 4880 statua
3195 4835 3568 4895 promanarel,
3609 4835 3668 4878 ut

2093 4923 2165 4978 illi
2192 4921 2552 4976 immortalem
2595 4921 2703 4975 vim
2737 4921 2841 4974 hoc
2878 4917 3040 4973 modo
3067 4917 3405 4973 conciliaret.

2167 5012 2445 5077 Diabolus,
2479 5011 2676 5080 inquit,
2708 5019 2792 5064 est
2835 5010 3082 5079 spiritus,
3118 5008 3264 5063 circa
3293 5008 3596 5070 materiam,
3639 5022 3671 5060 a

2098 5107 2205 5160 Deo
2272 5104 2485 5166 factus,
2543 5112 2603 5156 ut
2651 5111 2706 5156 et
2747 5101 3116 5169 Athenagorae
3159 5100 3359 5169 placuit
3388 5097 3670 5168 (quemad-

2091 5197 2310 5252 modum
2333 5206 2388 5250 et
2419 5194 2610 5266 reliqui
2651 5193 2827 5264 angeli
2859 5194 2927 5248 ab
2951 5192 3144 5248 eodem
3180 5192 3292 5247 Deo
3335 5191 3462 5245 iacti
3498 5190 3670 5258 sunt),

2089 5287 2176 5342 cui
2215 5287 2437 5341 materia
2465 5294 2520 5342 et
2554 5301 2674 5356 qua:
2704 5287 2771 5342 ad
2825 5285 3068 5341 materiae
3122 5283 3326 5339 formas
3369 5282 3660 5352 pertinent,

1668 5535 1902 5590 VARUE
1939 5530 2344 5590 LECTIONES.

475 5618 587 5700 "Af;
650 5634 760 5674 om.
800 5622 1143 5700 A.”‘¢ux§z§
1198 5628 1586 5700 καὶγπαρὰίς.

402 5688 838 5830 ﬁngas?
942 5688 992 5728 ⁶¹’
1017 5688 1140 5769 ὅδ’]
1167 5697 1273 5751 οὐδ’
1299 5699 1363 5752 Α.
1427 5688 1438 5700 ’
1469 5699 1513 5731 ⁸³
1536 5688 1830 5767 ἐλεφάντου
1857 5688 1916 5762 <3.-

1693 5630 1737 5661 "
1770 5628 2062 5690 ἀσώματον
2116 5625 2204 5677 AB
2236 5641 2248 5675 :
2283 5621 2586 5690 ἀσωμάτως
2621 5638 2680 5683 ς.

1893 5680 1965 5752 ’,ᾧ
2013 5699 2059 5728 αἰ
2089 5695 2182 5750 106
2229 5680 2432 5762 ἀγάλμξ.
2501 5680 2712 5762 ἐκχέειν
2755 5690 2925 5760 εμπρ.
2958 5680 3035 5743 ’3.

2791 5621 2833 5650 ⁸⁰
2869 5620 3064 5688 ἰατρῶν
3115 5638 3171 5684 ς.
3253 5621 3296 5650 ⁶¹
3331 5619 3470 5673 κατὰ
3508 5620 3679 5685 φύσιν

3148 5691 3193 5721 ιι
3223 5689 3585 5760 φυλάττεσθαι
3616 5691 3676 5748 Β.
