3954 6428
438 346 571 414 1111

1538 333 1801 394 PHOTII
1840 327 2342 392 ΡΑΤΒΙΑΒΟΗᾹΞ
2378 327 2485 388 CP.

3543 314 3662 381 1119.

436 453 840 517 administratio
883 449 1174 507 commissa
1222 455 1327 504 est.
1365 444 1445 502 Ad
1495 445 1603 500 hoc
1648 444 1792 499 enim
1830 441 2009 511 angeli

2133 440 2240 509 ὶλης
2270 439 2434 490 εῐδεσι
2464 444 2892 500 πεπιστευμενον
2934 426 3218 497 διοίκησιν.
3244 424 3459 480 Τούτων
3481 424 3524 457 ⁸⁸⁸
3555 428 3660 497 γὰρ

437 551 607 609 creati
646 564 677 604 a
710 548 841 611 Deo,
870 554 927 599 ut
950 542 1109 598 rebus
1145 541 1211 596 ab
1248 540 1359 608 ipso
1404 536 1618 594 eﬂectis
1662 545 1964 605 praeessent
1995 548 2013 587 :

442 652 503 695 ut
533 642 670 693 Deus
693 634 913 705 quidem
945 642 1283 687 communem
1312 635 1368 682 et
1421 624 1729 697 generalem
1765 623 2012 677 omnium

445 728 841 802 providentiam
877 736 1093 792 gerens,
1121 734 1225 790 qua
1250 731 1430 774 rerum
1482 715 1730 769 omnium
1776 720 2015 782 potestas

450 828 505 876 et
557 817 842 887 imperium
875 816 943 869 ab
972 814 1089 883 ipso
1132 811 1352 881 pendet.
1413 807 1625 876 Reliqui
1672 819 1804 860 vero
1839 802 2015 874 angeli

453 907 507 962 in
538 908 604 963 iis
632 904 822 961 ofﬁciis
848 901 913 956 ad
970 916 1089 969 quae
1137 900 1261 955 illos
1287 900 1427 953 Deus
1455 896 1600 963 iecit,
1650 905 1709 951 et
1739 892 2011 965 prtefecit,

450 1010 729 1053 mansere:
763 993 1006 1049 diabolus
1028 1006 1157 1047 vero
1169 989 1477 1059 arrogantia
1494 988 1687 1052 elatus,
1707 985 1837 1041 etin
1855 984 2017 1039 rebus

445 1103 557 1144 sua:
584 1087 707 1142 ﬁdei
739 1084 1064 1148 commissis,
1096 1082 1294 1137 invidia
1330 1082 1591 1135 adversus
1616 1090 1713 1131 nos
1731 1083 2013 1144 concepta,

444 1177 683 1248 perﬁdus
713 1175 1006 1231 iactusest.
1041 1171 1502 1238 Quemadmodum
1532 1176 1586 1223 et
1614 1166 1672 1231 ii,
1701 1169 1793 1236 qui
1829 1174 2015 1236 postea

446 1282 734 1336 corporum
770 1279 953 1321 amore
978 1264 1147 1334 capti,
1182 1277 1305 1318 cum
1340 1261 1555 1317 ﬁliabus
1595 1261 1875 1314 hominum
1918 1271 2016 1328 per

446 1372 685 1412 amorem
713 1366 838 1411 sunt
890 1354 1189 1424 congressi.
1231 1352 1374 1407 Nam
1405 1363 1460 1407 et
1490 1352 1622 1420 ipsis
1654 1350 1820 1418 Deus,
1855 1353 1931 1403 uti
1961 1358 2019 1403 et

444 1446 777 1510 hominibus,
830 1445 1055 1500 liberum
1103 1444 1253 1499 dedit
1313 1441 1405 1514 [ad
1432 1441 1631 1497 bonum
1679 1440 2013 1511 eligendum,

444 1548 539 1592 aut
560 1536 784 1606 malum]
825 1535 1131 1590 arbitrium.

514 1800 579 1855 Et
608 1814 706 1872 per
728 1802 989 1872 pelliceas
1035 1803 1250 1860 tunicas
1294 1812 1524 1859 mortem
1565 1801 1847 1873 intelligit.
1881 1801 2017 1856 Nar—
2048 1791 2089 1846 Β

445 1904 531 1949 rat
557 1894 702 1951 enim
744 1896 812 1951 de
845 1897 1051 1950 Adam:
1088 1909 1247 1965 quem
1294 1895 1439 1951 Deus
1489 1896 1835 1964 omnipotens
1893 1908 2016 1948 cum

444 1984 806 2039 immortalem
840 1984 1084 2048 fecisset,
1134 1986 1310 2040 sciens
1339 1998 1464 2039 eum
1494 1999 1561 2039 ex
1602 1985 1814 2039 insidiis
1868 1982 2020 2055 [dia«

445 2068 598 2141 boli]
629 2071 826 2126 uialum
858 2072 1091 2139 factum,
1126 2073 1203 2127 uti
1230 2082 1284 2127 et
1313 2073 1404 2128 ille
1442 2082 1561 2126 erat
1618 2074 1709 2140 qui
1758 2086 1885 2126 eum
1922 2073 2018 2127 de-

448 2171 686 2228 ceperat,
756 2163 1027 2228 diabolus,
1076 2174 1359 2233 propterea
1422 2164 1497 2217 iili
1531 2164 1787 2231 pelliceas
1838 2173 2019 2218 vestes

449 2252 815 2319 concinnavit,
844 2255 996 2322 quasi
1018 2253 1166 2308 illum
1193 2255 1424 2310 induens
1456 2254 1809 2318 mortalitate,
1842 2263 1898 2306 ut
1925 2270 2021 2323 per

448 2342 691 2412 corporis
732 2343 1055 2399 solutionem
1102 2358 1264 2400 omne
1296 2344 1437 2415 quod
1466 2344 1520 2400 in
1546 2358 1612 2399 eo
1639 2343 1837 2398 malum
1865 2352 2019 2410 erat,

448 2444 767 2488 moreretur.

516 2524 722 2580 Sancto
752 2524 915 2582 Paulo
944 2526 1102 2584 binas
1126 2528 1486 2585 revelationes
1522 2530 1816 2600 contigisse
1848 2528 2019 2584 dicit:

448 2630 619 2684 neque
666 2617 814 2671 enim
847 2617 1161 2687 Apostolus,
1190 2619 1404 2689 inquit,
1431 2621 1746 2691 paradisum
1776 2622 1828 2675 in
1862 2622 2023 2677 tertio

449 2706 586 2762 caelo
605 2707 854 2772 collocat,
891 2709 979 2763 uti
1026 2719 1224 2764 norunt
1275 2712 1365 2780 qui
1414 2713 1636 2767 subtilia
1700 2712 1817 2781 ejus
1855 2712 2023 2766 verba

449 2799 903 2861 animadvertunt.
945 2801 1162 2869 quando
1196 2802 1359 2857 dicit:
1387 2802 1509 2857 Scio
1540 2804 1805 2857 hominem
1836 2804 2025 2875 hujus-

451 2892 589 2945 modi
643 2902 855 2960 raptum
909 2908 1071 2962 usque
1115 2894 1184 2946 ad
1222 2894 1432 2947 tertium
1463 2893 1734 2949 calum“.
1768 2895 1868 2949 Et:
1902 2892 2024 2949 Scio

450 2980 751 3048 hujusmodi
800 2982 1098 3049 hominem,
1142 2983 1247 3036 sive
1299 2983 1355 3036 in
1405 2999 1656 3052 corpore,
1714 2985 1820 3038 sive
1877 2996 2025 3037 castra

450 3072 804 3139 corpua,Dcus
818 3075 915 3128 scit
929 3090 951 3140 ;
968 3076 1219 3143 quoniam
1244 3084 1429 3144 raptus
1461 3086 1535 3131 est
1564 3076 1619 3129 in
1643 3077 1949 3144 paradisum
1974 3084 2023 3128 ιι.

2114 532 2149 598 ἠ
2180 528 2311 601 [τῶν
2344 522 2614 594 ἀγγέλων]
2652 522 2914 580 σύστασις
2937 516 3017 587 τῷ
3046 516 3165 586 Θεῷ
3204 516 3297 569 ἐπὶ
3333 514 3553 586 προνοίᾳ
3580 530 3664 582 γε-

2114 618 2328 687 γονέναι
2361 616 2405 648 ⁸⁸
2454 615 2568 676 τοῖς
2628 610 2720 664 ὑπ’
2776 606 2942 662 αὑτοῦ
2998 603 3539 675 διακεκοσμηυένοις,
3590 603 3667 655 ἵνα

2112 710 2211 778 τὴν
2262 708 2359 777 μὲν
2402 701 2732 771 παντελικὴν
2795 697 2892 752 καὶ
2938 695 3164 765 γενικὴν
3191 695 3235 727 ⁸⁹
3304 694 3334 747 6
3383 693 3512 755 Θεὸς
3546 691 3668 761 ἔχων

2114 799 2222 851 τῶν
2253 798 2389 851 ὅλων
2421 794 2673 864 πρόνοιαν
2761 788 2823 842 τὸ
2848 787 3018 856 κῦρος
3062 787 3158 837 καὶ
3182 780 3241 837 τὸ
3271 783 3473 854 κράτος
3510 783 3669 836 ἀπάν-

2115 907 2223 944 των
2256 888 2419 949 αὐτὸς
2448 881 2851 952 ἀνηρτημένος.
2889 878 3032 932 Ἀλλ’
3061 877 3113 928 oi
3145 875 3243 946 μὲν
3276 874 3474 939 λοιποὶ,
3505 873 3582 941 ἐφ’
3607 866 3672 926 ὧν

2116 978 2381 1041 αὐτοὺςἮ³
2430 974 2654 1044 ἐποίησε
2701 972 2798 1025 καὶ
2845 967 3127 1031 διετάξατο
3182 967 3210 1019 6
3251 964 3405 1028 Θεὸς,
3434 963 3670 1031 ἔμειναν·

2116 1069 2278 1133 αὐτὸς
2302 1067 2359 1120 δὲ
2392 1064 2645 1135 ἐνύϐρισε
2679 1062 2774 1115 καὶ
2810 1057 3047 1129 πονηρὸς
3086 1057 3218 1127 περὶ
3245 1055 3343 1126 τὴν
3376 1054 3486 1107 τῶν
3530 1071 3677 1107 πεπιο

2119 1160 2429 1231 στευμένων
2471 1156 2688 1225 ἐγένετο
2737 1151 3045 1222 διοίκησιν,
3102 1147 3298 1218 φθόνον
3361 1146 3679 1216 ἐγκισσὴσας

2116 1251 2239 1307 καθ’
2265 1249 2447 1321 ἡμῶν,
2470 1248 2661 1316 ὥσπερ
2692 1244 2789 1297 καὶ
2821 1242 2871 1295 οί
2901 1238 3044 1312 μετά
3092 1237 3265 1291 ταῦτα
3316 1235 3533 1306 σαρκῶν
3565 1235 3680 1305 ἐρα-

2119 1344 2335 1405 σθέντες
2367 1340 2494 1413 [909
2524 1335 2618 1409 11.]
2645 1335 2741 1390 καὶ
2781 1336 2902 1397 ταῖς
2932 1331 3043 1385 τῶν
3075 1327 3381 1399 ἀνθρώπων
3416 1326 3496 1389 είς
3546 1326 3682 1394 φιλο-

2115 1434 2313 1503 τησίαν
2346 1420 2707 1502 ὁμιλήσαντες
2729 1424 3089 1494 θυγατράσιν.
3113 1420 3446 1491 Αὐθαίρετον
3473 1417 3575 1486 γάρ
3599 1418 3683 1471 καὶ

2118 1528 2299 1589 αὐτοῖς
2352 1524 2496 1594 ἐχειν
2524 1514 2536 1526 ’
2558 1518 2696 1590 πρὸς
2734 1518 2975 1586 ἑκάτερα
3026 1512 3312 1577 διετάξατο
3378 1509 3626 1579 βούλησιν
3658 1510 3683 1562 6

2117 1618 2274 1680 Θεὸς,
2309 1612 2397 1669 οἷα
2429 1613 2525 1667 καὶ
2577 1610 2671 1663 ἐπὶ
2710 1608 2822 1662 τῶν
2851 1604 3181 1677 ἀνθρώπων.
3239 1602 3351 1655 Kal.
3381 1599 3498 1663 πῶς
3540 1596 3683 1652 τοῦτο

2119 1708 2351 1779 ληπτέον
2373 1722 2389 1771 ;

2191 1798 2313 1852 Ὅτι
2345 1793 2705 1866 δερματίνους
2736 1788 2972 1861 χιτῶνας
3011 1785 3102 1840 τὸν
3133 1782 3369 1839 θάνατόν
3405 1799 3556 1851 φησι.
3586 1780 3679 1832 Λέο

2118 1906 2207 1952 γει
2235 1887 2343 1960 γάρ
2374 1885 2506 1955 περὶ
2547 1882 2644 1937 τοῦ
2688 1880 2879 1950 Ἀδὰμ,
2908 1877 2967 1931 ὃν
2999 1878 3026 1930 6
3059 1876 3194 1938 Θεὸς
3223 1877 3250 1928 6
3305 1871 3684 1943 παντοκράτωρ

2122 1980 2385 2035 ἀθάνατον
2435 1975 2606 2029 κακὸν
2663 1972 2724 2039 ἐξ
2776 1969 3070 2038 ἐπιϐουλῆς
3128 1966 3251 2020 ἰδὼν
3301 1962 3681 2033 γεγενημένον,

2122 2070 2246 2144 [481
2281 2066 2374 2139 Η.]
2407 2064 2657 2134 καθάπερ
2704 2061 2801 2115 καὶ
2851 2061 2880 2113 6
2927 2058 3208 2127 πλανήσας
3256 2054 3419 2106 αὐτὸν
3461 2049 3684 2144 διάϐολος

2117 2140 2208 2233 ἦν,
2238 2160 2365 2223 τοὺς
2399 2157 2757 2227 δερματίνους
2774 2151 3010 2223 χιτῶνας
3047 2148 3136 2202 διὰ
3165 2147 3330 2200 τοῦτο
3366 2140 3684 2197 κατεσκεύα-

2123 2268 2235 2316 σεν,
2265 2248 2430 2304 οἱονεὶ
2454 2248 2741 2319 νεκρὸτητι
2764 2240 3078 2315 περιϐαλὼν
3106 2238 3293 2301 αὐτὸν,
3314 2237 3464 2298 ὅπως
3491 2233 3575 2286 διά
3602 2235 3685 2303 τῆς

2121 2344 2326 2405 λύσεως
2378 2338 2476 2393 τοῦ
2518 2336 2771 2407 σώματος
2803 2336 2914 2389 πᾶν
2960 2333 3023 2386 τὸ
3078 2331 3137 2383 ἐν
3167 2327 3320 2400 αὐτῷ
3368 2326 3621 2397 γεννηθὲν
3646 2328 3683 2358 τί

2123 2435 2293 2491 κακὸν
2318 2433 2363 2465 ⁷³
2389 2430 2663 2501 ἀποθάνῃ.

2196 2526 2321 2578 Ὅτι
2372 2522 2465 2576 δύο
2523 2517 2897 2587 ἀποκαλύψεις
2934 2516 3069 2586 φησὶ
3105 2514 3393 2583 γεγονέναι
3441 2513 3517 2583 τῷ
3566 2513 3688 2580 ἁγίῳ

2126 2616 2340 2685 Παύλῳ.
2370 2614 2534 2683 Λέγει
2569 2612 2701 2683 γὰρ,
2742 2608 2882 2664 Ἀλλ’
2913 2608 2960 2641 ⁷³
2991 2606 3112 2660 οὐδὲ
3154 2606 3183 2659 6
3216 2604 3546 2667 Ἀπόστολος
3572 2606 3686 2655 ὑποο

2122 2706 2331 2759 τίθεται
2361 2700 2502 2756 εἶναι
2530 2702 2621 2754 τὸν
2675 2697 3011 2769 παράδεισον
3048 2696 3107 2747 ἐν
3136 2693 3213 2765 τῷ
3268 2691 3440 2764 τρίτῳ
3497 2686 3701 2762 οὐρανῷ

2125 2800 2238 2860 τοῖς
2285 2794 2502 2849 λεπτῶν
2548 2792 2858 2863 ἀκροᾶσθαι
2890 2787 3067 2855 λόγων
3116 2785 3526 2851 ἐπισταμένοις.
3565 2777 3690 2835 Οἶδα

2125 2890 2235 2960 γὰρ
2269 2887 2379 2942 τὸν
2425 2884 2699 2941 τοιοῦτον
2735 2877 3080 2951 ἁρπαγέντα
3118 2876 3230 2942 ἕως
3295 2875 3499 2944 τρίτου
3535 2874 3691 2938 οὐρα-

2126 2982 2259 3044 νοῦ,
2287 2980 2459 3047 λέγων
2476 2994 2491 3009 ο
2516 2976 2614 3030 καί
2632 2971 2765 3029 οῖδα
2803 2973 2911 3026 τὸν
2928 2970 3204 3025 τοιοῦτον
3234 2967 3569 3035 ἄνθρωπον,
3588 2963 3691 3015 είτε

2128 3075 2198 3127 ἐν
2214 3072 2440 3141 σώματι
2458 3068 2504 3100 ’⁷⁸
2523 3068 2645 3121 εἴτε
2660 3065 2839 3135 χωρίς
2858 3063 2965 3117 τοῦ
2988 3062 3285 3132 σώματος,
3305 3062 3339 3114 ό
3371 3059 3514 3122 Θεὸς
3530 3052 3688 3116 οἶδεν,

451 3162 597 3218 Duas
666 3164 906 3222 illustres
954 3132 1319 3223 revelationes
1344 3182 1404 3221 se
1458 3132 1662 3223 vidisse
1711 3166 2023 3235 signiﬁcat:

2133 3162 2220 3215 ὅτι
2256 3132 2492 3229 ἡρπάγη
2524 3158 2613 3223 είς
2786 3151 3174 3221 παράδεισον,
3207 3150 3302 3203 δύο
3348 3145 3694 3214 ἀποκαλύψεις

450 3257 534 3311 bis
565 3257 851 3314 manifeste
882 3269 1104 3330 raptus;
1135 3261 1302 3315 semei
1335 3261 1552 3329 quidem
1605 3276 1776 3332 usque
1808 3263 1873 3318 ad
1912 3269 2028 3317 tero

451 3351 586 3403 tium
617 3349 811 3404 caelum
836 3347 1029 3420 [semel
1053 3360 1231 3404 autem
1253 3350 1306 3403 in
1330 3352 1667 3419 paradisum.
1705 3353 1834 3408 illud
1859 3354 2028 3409 enim:

450 3441 581 3496 Scio
627 3455 835 3508 raptum
881 3440 1189 3509 hujusmodi
1242 3456 1405 3512 usque
1456 3444 1524 3495 ad
1560 3446 1775 3499 tertium
1810 3444 2030 3517 caelum]

451 3528 669 3597 proprie
700 3526 969 3594 signiﬁcat
1000 3527 1073 3581 illi
1108 3530 1505 3597 apparitioneiu
1534 3529 1735 3585 iactant
1776 3533 1829 3585 in
1863 3532 2026 3587 tertio

452 3616 615 3671 caelo.
652 3615 787 3669 Illud
832 3631 999 3671 vero:
1054 3615 1177 3672 Scio
1222 3634 1433 3672 rursum
1461 3632 1671 3683 raptum
1731 3622 2036 3692 hujusmodi

453 3707 739 3771 hominem,
766 3707 963 3779 294a
991 3709 1097 3764 sive
1135 3710 1189 3762 in
1217 3724 1434 3779 corpore
1474 3714 1582 3766 sive
1621 3724 1775 3766 extra
1823 3730 2034 3783 corpus,

455 3799 601 3855 Deus
632 3800 752 3863 scit,
788 3801 1034 3868 quoniam
1077 3812 1259 3869 raptus
1303 3811 1380 3855 est
1440 3803 1493 3854 in
1523 3806 1833 3870 paradisum
1854 3821 1874 3860 .'
1900 3806 2037 3859 alte-

459 3905 581 3946 ram
638 3904 851 3944 rursum
887 3891 1282 3959 apparitionem
1326 3892 1430 3945 sibi
1473 3892 1669 3947 iactam
1710 3895 1762 3948 in
1788 3897 2039 3964 paradiso

461 3980 718 4036 ostendit.
752 3981 878 4035 Ha‘c
909 3991 1088 4034 autem
1119 3996 1184 4035 eo
1218 3981 1349 4035 dicit
1383 3983 1524 4049 quod
1547 3984 1882 4037 contrarium
1914 4000 2041 4039 sen-

463 4072 663 4125 tientes
690 4070 1000 4138 paradisum
1028 4079 1235 4125 tantum
1282 4072 1613 4139 spiritualem
1666 4086 1931 4143 ponerent
1973 4092 2037 4131 ex

461 4161 763 4232 apostolico
788 4161 958 4224 dicto,
987 4162 1134 4216 velut
1178 4163 1269 4231 qui
1298 4177 1460 4233 supra
1503 4164 1701 4219 omium
1748 4175 1936 4231 esset,
1985 4176 2044 4221 ut

460 4255 590 4309 inde
619 4252 1003 4309 concluderent
1034 4254 1155 4309 sine
1180 4269 1409 4325 corpore
1434 4256 1671 4310 futuram
1705 4256 1759 4311 in
1788 4257 2041 4327 paradiso

464 4349 657 4403 vitam.

537 4530 709 4587 Docet
750 4532 914 4586 etiam
960 4531 1161 4586 malum
1197 4531 1375 4586 facere
1417 4542 1510 4585 aut
1549 4548 1654 4586 non
1702 4532 1880 4587 facere
1917 4548 2040 4587 esse

464 4625 520 4679 in
553 4633 738 4680 nostra
789 4634 1085 4693 potestate,
1115 4625 1242 4694 quia
1277 4640 1383 4679 non
1444 4625 1807 4693 penderemus
1853 4640 2044 4694 pceuas

468 4718 535 4770 de
593 4716 751 4771 malis
812 4718 1043 4777 coactis,
1101 4726 1194 4769 aut
1246 4714 1466 4784 praemia
1524 4717 1893 4783 reciperemus
1945 4731 2043 4784 pro

467 4806 788 4861 benefactis.
823 4806 930 4861 Sed
974 4807 1214 4876 cogitare
1243 4806 1326 4862 vel
1359 4822 1467 4862 non
1503 4808 1741 4876 cogitare
1789 4807 1951 4873 mala,
1989 4809 2041 4863 in

466 4907 655 4950 nostra
729 4905 995 4967 potestate
1037 4913 1143 4950 non
1207 4908 1311 4950 est.
1382 4895 1520 4951 liinc
1589 4898 1771 4952 divum
1820 4896 2042 4951 Paulum

466 4990 545 5043 ait
590 4989 805 5044 dicere:
867 4986 992 5043 Non
1030 4990 1168 5059 quod
1214 4989 1329 5043 volo
1371 4988 1467 5041 hoc
1517 4989 1697 5059 facio;
1740 4989 1832 5041 sed
1905 4987 2045 5057 quod

468 5082 616 5144 nolo,
666 5080 763 5132 hoc
820 5080 959 5148 facio
988 5087 1037 5147 ο,
1082 5082 1183 5134 hoc
1225 5092 1328 5145 est,
1386 5078 1501 5134 Non
1541 5083 1684 5147 quod
1722 5079 1842 5133 volo
1891 5078 2046 5147 cogi-

470 5182 609 5235 tare,
671 5172 776 5228 hoc
834 5171 1050 5242 cogito;
1116 5172 1209 5227 sed
1246 5171 1392 5239 quod
1448 5170 1595 5225 nolo.
1656 5170 1826 5224 Porro
1878 5170 2050 5224 eradi-

470 5273 652 5315 catum
707 5276 829 5316 esse
885 5263 1077 5316 vitium
1128 5262 1268 5316 mala
1323 5262 1617 5332 cogitandi,
1670 5262 1901 5316 aiilrmat
1952 5276 2050 5331 per

541 5381 578 5404 ⁸³
615 5371 657 5427 ll
680 5372 807 5428 Cor.
841 5389 918 5427 xu
947 5412 963 5437 ,
989 5373 1047 5427 2.
1126 5382 1155 5410 ιι
1191 5372 1323 5427 ibid.
1347 5373 1401 5426 3.
1479 5381 1505 5408 ο
1540 5373 1695 5426 lion).
1729 5388 1825 5436 vn,
1857 5374 1942 5427 15.

2136 3253 2377 3327 μεγάλας
2410 3248 2719 3320 ἑωρακέναι
2759 3244 3067 3317 μηνύει,δὶς
3091 3241 3432 3312 ἀναληφθεὶς
3457 3236 3695 3308 ἐναργῶς,

2132 3344 2283 3410 ἅπαξ
2313 3343 2411 3413 μὲν
2432 3341 2538 3404 ἐως
2557 3339 2742 3411 τρίτου
2787 3335 3039 3408 οὐρανοῦ,
3061 3333 3209 3397 ἅπαξ
3234 3333 3277 3386 δ’
3306 3335 3394 3396 είς
3418 3331 3507 3385 τὸν
3542 3328 3698 3399 παρά-

2133 3439 2328 3492 δεισον.
2345 3435 2418 3488 Τὸ
2445 3433 2554 3503 γάρ
2575 3449 2586 3461 ’
2613 3427 2757 3485 Οἶδα
2790 3428 3132 3499 ἁρπαγέντα
3170 3426 3278 3480 τὸν
3308 3424 3580 3479 τοιοῦτον
3605 3421 3697 3485 ἕως

2134 3529 2337 3598 τρίτου
2382 3524 2666 3595 οὐρανοῦ,
2706 3524 2852 3586 ἰδίως
2881 3518 3224 3589 ἀποκάλυψιν
3270 3516 3427 3588 αὐτῷ
3456 3514 3590 3569 κατά
3620 3513 3695 3565 τὸν

2139 3619 2324 3688 τρίτον
2359 3616 2588 3687 οὐρανὸν
2615 3613 2919 3683 πεφηνέναι
2947 3613 2993 3644 ⁷⁵
3025 3610 3309 3681 συνίστησι
3337 3624 3353 3640 ο
3388 3607 3450 3661 τὸ
3484 3607 3571 3669 δὲ,
3603 3602 3693 3656 Καὶ

2138 3711 2292 3774 οῖδα,
2336 3709 2502 3763 πάλιν
2553 3704 2979 3775 ἐπιφερόμενον,
3034 3700 3145 3755 τὸν
3183 3699 3463 3754 τοιοῦτον
3507 3697 3698 3764 ἄνθρω-

2138 3818 2276 3865 πον,
2298 3800 2417 3854 εἶτε
2442 3799 2513 3853 ἐν
2541 3797 2769 3867 σώματι
2796 3794 2918 3849 εἴτε
2944 3792 3118 3860 ἐκτὸς
3136 3791 3417 3861 σώματος
3433 3791 3500 3854 ⁷⁸,
3523 3792 3554 3843 ό
3576 3788 3696 3852 Θεὸς

2139 3894 2322 3956 οἶδεν,
2372 3891 2461 3945 ὅτι
2505 3889 2747 3959 ’ἡρπάγη
2785 3890 2873 3954 είς
2926 3888 3033 3940 τὸν
3087 3883 3481 3953 παράδεισον,
3530 3881 3697 3949 ἑτέραν

2143 3983 2299 4045 αὖθις
2346 3980 2495 4050 αὐτῷ
2560 3975 2986 4048 πεφανερῶσθαι
3046 3974 3190 4027 κατά
3241 3972 3335 4025 τὸν
3395 3969 3697 4041 παράδεισον

2141 4072 2485 4142 ἀποκάλυψιν
2539 4070 2800 4125 δείκνυσι.
2835 4067 3025 4121 Ταῦτα
3055 4066 3114 4119 δὲ
3161 4065 3332 4133 λέγει,
3386 4062 3509 4116 ἐπεὶ
3557 4060 3603 4111 oi
3643 4055 3698 4109 δι’

2142 4166 2392 4228 ἐναντίας
2426 4164 2517 4218 τὸν
2569 4162 2901 4233 παράδεισον
2938 4158 3128 4226 νοητὸν
3179 4156 3422 4210 ἐτίθεντο
3449 4155 3493 4186 ⁷⁷
3525 4154 3586 4206 ἐκ
3621 4148 3698 4204 τοῦ

2143 4256 2507 4313 ἀποστολικοῦ
2550 4253 2753 4327 ῥητοῦ,
2788 4253 2862 4316 ὡς
2910 4252 3040 4305 ὄντα
3080 4250 3221 4321 ὑπὲρ
3267 4249 3361 4302 τὸν
3400 4244 3615 4316 οὐρανὸν
3641 4242 3699 4303 ⁷⁸,

2145 4353 2234 4403 ἵνα
2270 4350 2331 4403 τὸ
2371 4347 2682 4418 ἀσωμάτως
2706 4346 2962 4414 γενέσθαι
2995 4344 3093 4415 τὴν
3140 4345 3198 4397 ἐν
3231 4341 3309 4412 τῷ
3333 4343 3377 4374 ⁷⁸
3411 4335 3700 4410 παραδείσῳ

2069 4458 2123 4517 D
2149 4441 2424 4512 διαγωγὴν
2460 4436 2760 4501 συνάξωσιν
2788 4436 2855 4487 ⁸ο.

2216 4536 2339 4587 Ὅτι
2365 4532 2519 4601 φησι,
2558 4529 2633 4581 Τὸ
2677 4529 2774 4597 μὲν
2812 4525 3016 4597 πρᾶξαι
3045 4524 3078 4595 ἦ
3133 4525 3209 4595 μὴ
3239 4524 3446 4595 πρᾶξαι
3476 4521 3543 4575 τὰ
3573 4514 3700 4572 κακὰ

2141 4625 2225 4693 ἐφ’
2276 4624 2432 4693 ἡμῖν,
2465 4620 2588 4672 ἐπεὶ
2633 4619 2735 4670 οὐκ
2781 4615 2847 4670 ἂν
2895 4615 3051 4678 δίκας
3105 4614 3349 4685 ἐδίδομεν
3390 4613 3498 4666 τῶν
3536 4605 3701 4666 κακῶς

2140 4716 2436 4786 δρωμένων
2466 4713 2498 4780 ἢ
2536 4709 2773 4781 ἀμοιϐάς
2822 4708 3207 4778 ἐλαμϐάνομεν
3258 4706 3367 4759 τῶν
3415 4703 3589 4765 καλῶς
3611 4716 3624 4730 ο
3649 4696 3701 4748 τὸ

2142 4803 2201 4862 δ’
2219 4805 2592 4875 ἐνθυμηθῆναι
2614 4803 2684 4855 τὰ
2705 4800 2854 4854 κακά
2875 4799 2909 4870 ἢ
2934 4800 3011 4871 μὴ
3035 4801 3137 4852 οὐκ
3158 4799 3243 4868 ἐφ’
3270 4800 3426 4868 ἡμῖν.
3442 4795 3538 4849 Διά
3564 4790 3700 4845 τοῦτο

2144 4900 2240 4953 καί¹
2266 4899 2356 4951 τὸν
2383 4897 2528 4949 θεῖον
2552 4894 2764 4948 Παῦλόν
2792 4909 2928 4963 φησι
2964 4892 3145 4960 λέγειν
3163 4908 3177 4922 '
3215 4892 3297 4945 Οὺ
3333 4891 3445 4959 γὰρ
3482 4887 3511 4940 ὃ
3541 4882 3696 4943 θέλω,

2144 4991 2321 5045 τοῦτο
2387 4989 2666 5057 πράσσω,
2716 4988 2854 5043 ἀλλ’
2913 4986 2945 5040 ὃ
2996 4988 3069 5039 οὐ
3109 4985 3282 5046 θέλω,
3320 4982 3494 5037 τοῦτο
3549 4971 3697 5033 ποιῶ,

2154 5084 2457 5147 τουτέστιν,
2493 5084 2590 5152 οὐχ
2623 5082 2651 5135 6
2702 5082 2842 5135 θέλω
2873 5081 3097 5141 ἐννοεῖν,
3126 5077 3285 5130 τοῦτο
3335 5072 3517 5136 ἐννοῶ,
3550 5061 3699 5120 ἀλλ’ὅ

2150 5175 2224 5244 μὴ
2255 5174 2413 5227 θέλω.
2449 5173 2844 5244 Ἐκριζωθῆναι
2876 5171 2935 5224 δέ
2976 5186 3111 5238 φησι
3141 5168 3235 5221 καὶ
3271 5156 3332 5219 τὸ
3359 5166 3428 5218 τά
3456 5159 3592 5215 κακὰ
3622 5156 3696 5206 ἐν·

2150 5265 2442 5336 θυμείσθαι
2473 5264 2559 5318 διὰ
2590 5264 2692 5333 τῆς
2720 5262 2815 5317 τοῦ
2847 5259 3081 5333 φυσικοῦ
3116 5259 3348 5313 θανάτου
3399 5246 3694 5322 παρουσίας»

1761 5488 1996 5544 VARUE
2028 5488 2319 5544 LECTION
2326 5488 2431 5545 ES.

539 5590 583 5621 ⁸⁷
612 5589 769 5642 τοῦτο
798 5589 862 5643 A.

976 5588 1021 5619 ⁸⁸
1052 5584 1355 5656 γεγονέναι]
1389 5585 1504 5652 lege
1536 5585 1767 5656 ys'yova.
1825 5587 1869 5617 ⁶⁹
1897 5584 2149 5656 γεννικὴν
2177 5601 2238 5648 ς.

2316 5584 2361 5615 ’³ο
2389 5580 2588 5644 αὐτοὺς
2615 5579 2663 5633 Α
2688 5595 2701 5630 :
2727 5576 2888 5639 αὐτὸς
2916 5593 2977 5640 ς.
3089 5575 3133 5607 ⁷³
3162 5571 3383 5641 γενηθὲν
3416 5585 3475 5644 ς,
3544 5562 3696 5644 ἰ’-κῇ.

476 5660 574 5716 κὸν
882 5660 927 5692 ⁷³
956 5630 1883 5775 milhil;Eugé’rsc'ripid'mo;
1908 5630 2205 5708 lim'ﬁ'éd
2334 5630 2549 5722 calidi;
2736 5630 2784 5681 i5
2824 5630 3119 5717 ﬁstp'qvévat
3151 5630 3441 5697 ιιήιρίκατά
3489 5630 3697 5703 ροηίιΒ³

477 5727 525 5763 ’⁸⁸
552 5729 706 5775 ἐκτὸς
752 5728 846 5775 τοῦ
878 5727 1126 5775 σώματος
1151 5728 1211 5775 Β.
1288 5726 1332 5758 ⁷⁷
1364 5723 1388 5775 ἔ
1428 5742 1547 5775 εντο
1576 5742 1636 5775 ντ.
1716 5726 1757 5755 ⁷⁸
1786 5725 2036 5775 οὐρανὸν]
2065 5725 2352 5775 ἄνθρωπον
2390 5728 2456 5775 Α.
2556 5722 2601 5753 ⁷⁸
2628 5718 2706 5775 τῶ
2728 5732 2837 5773 om.
2865 5718 2929 5770 A.
3035 5716 3083 5750 ⁸⁸
3109 5712 3420 5775 συνάξουσιν
3450 5723 3506 5770 ς.

477 5727 525 5763 ’⁸⁸
552 5729 706 5791 ἐκτὸς
752 5728 846 5781 τοῦ
878 5723 1126 5789 σώματος
1151 5728 1211 5779 Β.
1288 5726 1332 5758 ⁷⁷
1364 5723 1388 5775 ἐ

1428 5742 1547 5778 εντο
1576 5742 1636 5789 ς.
1716 5726 1757 5755 ⁷⁸
1786 5725 2037 5795 οὐρανὸν]
2065 5725 2352 5794 ἄνθρωπον
2390 5728 2456 5778 A.

2556 5722 2601 5753 "
2628 5718 2706 5790 τῷ
2728 5732 2837 5773 om.
2865 5712 2929 5770 Δί.
2958 5712 2969 5717 ⁷
3035 5716 3083 5750 ⁸⁸
3109 5712 3420 5778 συνάξουσιν
3450 5723 3506 5770 ς.
