3954 6448
433 358 573 426 1113
1418 369 1942 433 BIBLIOTIIECA.
1981 399 1992 409 -

2097 375 2240 437 30D.
2263 378 2624 444 .CCXXXIV.
3556 397 3696 465 1114

432 476 558 530 ἐπεὶ
593 474 686 530 καὶ
722 473 809 529 διὰ
836 473 992 529 τοῦτο
1024 476 1252 541 θάνατος
1283 481 1439 553 ἐδόθη
1466 486 1616 556 παρὰ
1654 486 1790 539 Θεοῦ
1830 485 1906 556 τῷ
1933 487 1991 551 ἐξ

2124 499 2446 557 potestatem
2483 497 2676 552 mortis
2705 501 2990 556 naturalis.
3018 502 3310 573 Propterea
3335 508 3483 563 enim
3522 526 3551 565 a
3585 513 3695 569 Deo

438 567 804 638 ημαρτηκὸτι,
840 566 923 620 ἵνα
956 567 1324 639 μὴάθάνατον
1357 573 1512 643 μείνῃ
1538 575 1599 626 τὸ
1630 575 1819 632 κακόν.
1858 576 1992 627 Ἀλλι

2118 586 2389 648 peccatori
2429 602 2577 643 mors
2615 590 2865 661 infertur,
2896 610 2965 649 ne
2991 598 3191 652 malum
3231 609 3375 655 esset
3405 612 3692 658 aeternum.

430 659 552 720 πῶς
574 659 733 712 τοῦτο
772 659 1028 728 εῐρηται;
1062 662 1397 729 σημειωτέον
1426 664 1507 716 ὅτι
1531 665 1624 717 καὶ
1654 665 1833 728 ἄλλοις
1859 666 1992 735 ήμῶι

2120 669 2226 725 Sed
2256 689 2362 742 qua
2393 677 2602 732 ratione
2650 680 2754 736 hoc
2800 659 3214 757 intelligendum
3245 690 3367 745 est?
3399 690 3691 747 Sciendum

432 749 715 818 Πατράσιν
753 750 989 820 εἴρηται,
1021 750 1180 823 εἰπερ
1208 753 1234 804 ὁ
1264 753 1491 817 θάνατος
1520 758 1630 820 τοῖς
1670 755 1857 810 τοῦτον
1887 775 1992 826 μετι

2116 763 2219 818 hoc
2250 765 2415 820 etiam
2453 770 2523 823 ab
2552 771 2672 827 aliis
2713 776 2912 831 nostris
2943 777 3198 835 Patribus
3237 797 3357 839 esse
3400 786 3688 842 traditum:

428 839 753 909 ερχομένοις
784 840 924 894 κατά
963 842 1053 894 τὸν
1083 842 1276 914 καιρὸν
1317 846 1524 899 ἐκεῖνον
1557 844 1682 900 οὔτε
1727 849 1992 921 προσθήκι

2114 857 2472 915 morientibus
2517 877 2613 930 per
2656 875 2882 922 mortem
2923 884 3150 940 peccata
3198 890 3299 930 nec
3339 880 3530 949 augeri
3592 895 3693 937 nec

428 930 555 982 οὔτε
604 929 793 999 ὕφεσις
824 932 866 962 ⁸³
904 934 1319 1006 ἁμαρτημάτων
1352 939 1586 1005 γίνεται.
2113 947 2310 1000 minui.

435 1020 549 1074 Τοῦ
601 1022 787 1098 αὐτοῦ
843 1024 911 1098 ἐκ
959 1024 1076 1098 ’τοῦ
1122 1026 1309 1079 αὑτοῦ
1355 1030 1542 1098 λόγου
1585 1031 2013 1088 ἁποστολικῶν

711 1090 915 1159 ῥητῶν
946 1094 1227 1162 ἑρμηνεία
1249 1098 1399 1151 κατὰ
1431 1090 1720 1169 σύνοψιν.

514 1180 857 1252 Ἀνεγνὼσθη
893 1181 987 1235 τοῦ
1027 1184 1191 1236 αὑτοῦ
1216 1187 1279 1239 ἐκ
1321 1187 1414 1240 τοῦ
1459 1189 1625 1243 αὑτοῦ
1669 1192 1830 1261 λόγου
1875 1195 2010 1249 ἀπο-

426 1270 694 1323 στολικῶν
724 1273 902 1341 ῥητῶν
932 1275 1196 1345 ἑρμηνεία
1231 1279 1375 1331 κατὰ
1404 1280 1647 1353 σύνοψιν.

503 1362 731 1431 Ἰδωμεν
759 1363 817 1417 δὲ
852 1365 902 1416 τί
940 1360 1006 1436 ἦν
1032 1367 1169 1438 ὅπερ
1198 1370 1414 1439 πρῶτον
1454 1374 1534 1436 εἰς
1557 1374 1649 1427 τὸν
1683 1377 2006 1433 Ἀπόστολον

422 1454 786 1525 προήχθημεν
810 1457 1005 1512 εἰπεῖν.
1033 1459 1106 1511 Τὸ
1125 1460 1252 1529 γὰρ,
1296 1462 1443 1532 Ἐγὼ
1468 1464 1537 1518 δὲ
1552 1466 1596 1498 ⁸²
1626 1468 1788 1534 ἔζων,
1816 1470 2006 1541 λεχθὲν

420 1544 614 1614 αὐτῷ’,
670 1544 849 1613 χωρὶς
878 1548 1069 1616 νόμου
1106 1551 1274 1616 ποτὲ,
1301 1553 1413 1606 ἄνω
1447 1554 1546 1624 τὴν
1580 1557 1640 1610 ἐν
1693 1556 1771 1627 τῷ
1820 1575 2004 1631 παρα-

417 1635 607 1705 δείσῳ,
642 1635 898 1709 καθάπερ
933 1638 992 1702 ἐξ
1026 1640 1204 1711 ἀρχῆς
1236 1642 1572 1715 ὑπεθέμεθα,
1605 1649 1712 1719 πρὸ
1733 1650 1832 1719 τῆς
1862 1651 2004 1705 ἐντο-

415 1726 542 1796 λῆς,
570 1728 669 1780 οὑκ
694 1727 852 1793 ἐκτὸς
883 1729 1155 1800 σώματος,
1193 1735 1329 1788 ἁλλά
1378 1738 1517 1806 μετὰ
1553 1738 1806 1809 σώματος
1843 1745 2004 1813 ἡμῶν

2110 1035 2493 1129 Εοηιρςηξίὶοεα
2551 1048 2807 1129 expositio
2854 1049 3137 1129 dictorum_
3168 1060 3517 1129 quorumdam
3556 1078 3685 1129 apo-

2252 1111 2564 1165 stolicorum
2589 1131 2652 1166 ea:
2673 1118 2851 1170 eodem
2872 1123 3045 1173 sancti
3081 1111 3337 1178 Methodii
3367 1111 3525 1182 libro.

2178 1196 2307 1267 Legi
2355 1214 2421 1255 ex
2467 1204 2655 1257 eodem
2712 1206 2859 1262 illius
2920 1210 3060 1265 libro
3109 1216 3549 1284 compendiosam
3577 1220 3689 1276 dic-

2107 1296 2319 1342 ctorum
2355 1294 2710 1358 quorumdam
2769 1300 3185 1367 apostolicorum
3227 1306 3683 1376 explanationem.

2183 1379 2472 1436 Videamus
2512 1384 2639 1451 quid
2694 1388 2759 1440 ad
2795 1388 3116 1458 Apostolum
3162 1394 3458 1453 habeamus
3484 1400 3685 1457 dicere.

2106 1469 2240 1524 Illud
2295 1472 2466 1536 enim,
2529 1476 2670 1543 quod
2732 1478 2799 1532 ab
2849 1494 2914 1535 eo
2959 1481 3165 1537 dictum
3200 1495 3323 1541 est:
3384 1486 3497 1559 Ego
3548 1492 3687 1546 vive-

2105 1561 2224 1627 bam
2280 1564 2393 1618 sine
2447 1564 2555 1635 lege
2579 1577 2631 1631 P,
2672 1568 2968 1638 aliquando
3033 1572 3316 1650 [nempe]
3380 1596 3597 1637 sursum
3631 1583 3685 1638 in

2103 1655 2377 1724 paradiso,
2446 1667 2503 1711 ut
2572 1659 2640 1713 ab
2690 1662 2846 1717 initio
2887 1667 3212 1737 posuimus,
3282 1681 3409 1727 ante
3470 1674 3681 1744 legem,

2104 1761 2209 1799 non
2239 1756 2394 1801 extra
2424 1765 2658 1818 corpus,
2691 1754 2784 1807 sed
2831 1770 2952 1810 cum
2997 1773 3228 1828 corpore
3269 1773 3477 1828 nostro,
3514 1766 3681 1820 vitam

416 1820 484 1871 ἐν
513 1822 624 1882 τοῖς
672 1821 1121 1888 πρωτοπλάστοις
1156 1824 1433 1897 διαγωγὴν
1469 1835 1779 1904 παρεγγυᾷ.
1818 1834 1992 1899 Ἐκτὸς

2109 1838 2162 1892 in
2188 1841 2539 1909 protoplastis
2558 1853 2733 1898 actam
2771 1848 2979 1913 indicit,
3008 1862 3161 1906 extra
3186 1857 3681 1925 concupiscentiam

413 1908 468 1960 δ’
496 1908 789 1977 ἐπιθυμίας
818 1910 1100 1980 διήγομεν,
1135 1915 1196 1965 οὑ
1248 1916 1612 1983 γινώσκοντες
1642 1923 1779 1985 ὅλως
1812 1925 2005 1978 ἐπιθυ-

419 1999 558 2068 μίας
594 1999 921 2069 προσϐολάς.
968 2001 1097 2072 [912
1127 2004 1220 2077 R.]
1275 2008 1348 2061 Τὸ
1380 2010 1490 2081 γὰρ
1536 2012 1612 2082 μὴ
1651 2012 1795 2084 ἔχειν
1831 2016 2002 2087 διορι-

419 2088 561 2157 σμὸν
593 2089 713 2143 καθ’
735 2089 794 2143 ὃν
835 2089 917 2143 δεῖ
942 2094 1345 2163 πολιτεύεσθαι,
1375 2101 1510 2169 μηδὲ
1558 2103 1807 2168 ἐξουσίαν
1839 2108 2003 2160 αὑτο-

414 2182 691 2235 δὲσποτον
739 2183 922 2252 λογίου
971 2186 1108 2256 ποίῳ
1145 2186 1271 2259 [482
1313 2191 1408 2263 Η.]
1460 2194 1542 2245 δεῖ
1570 2196 1806 2265 χρῆσθαι
1848 2200 2002 2253 πολι-

412 2271 676 2342 τεύματι,
721 2274 805 2328 ἵνα
827 2277 1051 2340 δικαίως
1072 2279 1104 2348 ἢ
1129 2280 1331 2352 τιμηθῇ
1358 2283 1389 2353 ἢ
1411 2284 1604 2355 ψεχθῇ,
1628 2289 2001 2345 ἀνυπεύθυνον

416 2366 624 2427 παντὸς
654 2365 905 2420 λέλεκται
946 2371 1214 2441 ὑπάρχειν
1243 2373 1400 2426 τοῦτο
1420 2376 1785 2447 ἐγκλήματος,
1813 2381 1894 2433 ὅτι
1923 2382 1998 2454 μὴ

413 2454 643 2508 δύναται
684 2457 890 2511 τούτων
918 2478 1002 2524 τις
1028 2462 1388 2532 ἐπιθυμῆσαι,
1425 2458 1500 2518 ὧν
1543 2468 1618 2537 μὴ
1652 2469 1958 2527 κεκώλυται
1979 2490 1995 2506 ⁶

412 2546 525 2600 κᾶν
570 2546 889 2623 ἐπιθυμήσῃ
915 2552 991 2615 δὲ,
1038 2555 1138 2606 οὑκ
1173 2554 1569 2628 αἰτιαθήσεται.
1624 2559 1698 2612 Τὸ
1725 2562 1833 2631 γὰρ
1873 2566 1996 2619 ἐπι-

411 2639 661 2708 θυμῆσαι
694 2640 795 2693 οὑκ
824 2642 917 2695 ἐπὶ
945 2643 1053 2696 τῶν
1085 2646 1368 2713 παρόντων
1397 2650 1490 2702 καὶ
1524 2651 1898 2723 ὑποκειμένων
1938 2658 1997 2711 ἐν

410 2731 636 2802 ἐξουσίᾳ
658 2733 865 2799 πίπτει,
898 2734 1013 2788 ἀλλ’
1038 2736 1130 2789 ἐπὶ
1149 2738 1255 2790 τῶν
1278 2741 1561 2811 παρόντων
1582 2743 1701 2812 μὲν,
1730 2746 1804 2817 μὴ
1826 2747 1994 2801 ὄντων

406 2822 459 2876 δ’
494 2827 551 2875 ἐν
576 2823 829 2896 ἐξουσίαι⁶
864 2827 981 2891 πῶς
1014 2828 1146 2897 γάρ,
1174 2824 1234 2883 οὑ
1287 2831 1360 2902 μὴ
1410 2834 1715 2889 κεκώλυταί
1750 2856 1834 2902 τις
1869 2840 1993 2909 μηδ’

406 2914 597 2984 ἐνδεής
622 2917 757 2979 ἐστι,
789 2916 980 2969 τούτου
1019 2919 1156 2990 ἐρᾷς
1207 2922 1330 2974 ὅθεν
1390 2923 1479 2976 διὰ
1516 2926 1673 2979 τοῦτο
1710 2928 1831 2995 Τὴν
1866 2930 1992 2983 ἐπι-

404 3004 636 3070 θυμίαν
655 3006 767 3058 οὐκ
795 3005 984 3074 ῇδειν,
1003 3010 1055 3061 εί
1079 3009 1166 3078 μὴ
1194 3012 1227 3063 ό
1250 3012 1434 3079 νόμος
1452 3012 1684 3082 ἔλεγεν,
1712 3020 1833 3072 Οὐκ
1864 3020 1992 3073 ἐπι-

404 3090 722 3160 θυμήσεις.
770 3095 1128 3162 Ἀκούσαντες
1173 3100 1313 3171 γάρ’
1358 3102 1503 3157 Ἀπὸ
1540 3104 1608 3158 δὲ
1649 3106 1757 3161 τοῦ
1796 3107 1989 3172 ξύλου

402 3184 517 3238 τοῦ
547 3186 866 3254 γινώσκειν
914 3191 1107 3244 καλὸν
1137 3193 1234 3245 καὶ
1285 3196 1558 3264 πονηρὸν
1604 3202 1677 3253 οὐ
1721 3200 1987 3271 φάγεσθε

400 3277 509 3331 ἀπ’
531 3279 718 3333 αὐτοῦ
738 3298 751 3312 ·
784 3277 824 3353 ᾖ
849 3283 901 3335 δ’
934 3283 1011 3337 ἂν
1036 3287 1228 3356 ἡμέρᾳ
1260 3289 1491 3359 φάγητε
1521 3294 1623 3347 ἀπ’
1649 3296 1856 3361 αὑτοῦ,
1890 3302 1988 3351 θα-

400 3370 566 3434 νάτῳ
607 3373 1029 3442 ἀποθανεῖσθε,
1060 3378 1182 3432 τότε
1213 3381 1273 3433 τὸ
1310 3382 1651 3456 ἐπιθυμῆσαι
1696 3388 1987 3441 συνέλαϐον

403 3463 500 3516 καὶ
538 3465 858 3536 ἐκίσσησαν.
904 3472 995 3524 Διὸ
1033 3472 1096 3543 δὴ
1146 3474 1262 3542 τὴν
1294 3476 1619 3547 ἐπιθυμίαν
1660 3480 1842 3545 καλῶς
1874 3485 1987 3537 οὐκ

403 3554 581 3624 ᾔδειν
613 3557 829 3628 ἐλέχθη,
864 3560 1006 3630 εἰμὴ
1025 3565 1060 3615 ὁ
1074 3564 1259 3632 νόμος
1275 3566 1487 3635 ἔλεγεν
1503 3584 1520 3602 ο
1552 3571 1674 3623 Οὐκ
1698 3570 1987 3641 ἐπιθυμή-

400 3661 557 3711 σεις,
590 3647 708 3700 οὑδέ
755 3649 979 3716 ἐσθίειν,
1013 3654 1062 3705 εἰ
1107 3653 1181 3724 μὴ
1226 3656 1437 3725 εἴρητο⁹
1470 3660 1553 3711 Οὐ
1582 3657 1848 3728 φάγεσθε
1881 3660 1985 3713 ἀπ’

398 3734 612 3788 αὐτοῦ.
661 3737 942 3792 Ἐντεῦθεν
1004 3741 1113 3813 γὰρ
1157 3745 1430 3812 ἐκτήσατο
1485 3747 1743 3818 ἀφορμὴν
1786 3750 1867 3811 εἰς
1924 3749 1987 3802 τὺ

396 3826 684 3891 διαπαῖξαί
713 3846 780 3898 με
802 3832 834 3899 ή
859 3831 905 3863 ⁸³
931 3834 1203 3905 ἁμαρτία·
1232 3836 1480 3905 δοθείσης
1507 3840 1614 3910 γὰρ
1640 3841 1739 3911 τῆς
1765 3841 1985 3913 ἐντολῆς

396 3919 528 3987 ἔσχε
565 3920 735 3992 λαϐὴν
771 3926 799 3977 ὁ
830 3926 1078 3991 διάϐολος
1138 3932 1585 4000 κατεργάσασθαι
1622 3936 1682 3987 ἐν
1726 3934 1850 4005 ἐμοὶ
1885 3937 1985 4008 τὴν

397 4012 734 4080 ἐπιθυμίανο
787 4018 975 4085 Χωρίς
1000 4022 1108 4089 γὰρ
1154 4023 1344 4091 νόμου
1392 4024 1431 4092 ἠ
1481 4027 1737 4096 ἁμαρτία
1778 4029 1979 4097 νεκρὰ,
2014 4076 2029 4094 ,

392 4097 515 4156 οἷον
553 4106 613 4157 οὑ
648 4107 901 4180 δοθείσης
944 4112 1053 4183 γὰρ
1085 4113 1185 4182 τῆς
1228 4116 1451 4185 ἐντολῆς
1494 4118 1775 4189 ἄπρακτος
1825 4116 1894 4193 ἦν
1950 4124 1981 4193 ἡ

395 4197 664 4265 ἁμαρτία.
691 4198 842 4269 Ἐγὼ
860 4201 927 4253 δὲ
947 4202 1091 4263 ἔζων
1115 4206 1219 4275 πρὸ
1239 4206 1337 4275 τῆς
1357 4209 1574 4279 ἐντολῆς
1596 4211 1901 4282 ἀμέμπτως
1913 4212 1978 4271 ⁸⁸.

390 4290 501 4343 οὑκ
533 4288 674 4358 ἔχων
711 4293 982 4365 ἐπιταγὴν
1010 4296 1133 4349 καθ’
1167 4299 1234 4368 ἣν
1272 4298 1379 4353 ἔδει
1411 4301 1812 4358 πολιτεύεσθαι.
1852 4308 1983 4362 Ἐλ-

392 4383 633 4449 θούσης
654 4383 723 4435 δὲ
758 4384 867 4453 τῆς
899 4386 1155 4457 ἐντολῆς
1178 4391 1215 4459 ἠ
1249 4391 1503 4461 ἁμαρτία
1530 4394 1844 4463 ἀνὲζὴσεν,
1870 4400 1983 4469 ἐγὼ

2111 1939 2286 1983 tamen
2346 1933 2606 1999 viximus,
2662 1937 2832 2005 ignari
2885 1941 3101 2007 penitus
3142 1959 3261 2012 quae
3309 1946 3389 2002 vis
3424 1946 3541 2019 [aut
3575 1952 3678 2002 im-

2105 2020 2297 2093 petus]
2349 2034 2496 2077 esset
2529 2028 3004 2094 concupiscentiae.
3056 2032 3267 2088 Etenim
3319 2052 3423 2090 non
3477 2039 3681 2095 habere

2105 2113 2170 2164 ad
2201 2112 2351 2177 cujus
2379 2117 2751 2183 praescriptum
2785 2119 2955 2184 vivas,
2999 2136 3177 2190 neque
3207 2125 3511 2194 explicandi
3540 2128 3673 2194 iussi

2104 2202 2267 2256 divini
2306 2205 2433 2271 (quo
2465 2215 2620 2275 pacto
2646 2210 2934 2264 vivendum
2978 2212 3092 2275 sit,
3136 2224 3195 2267 ut
3223 2216 3305 2269 vel
3335 2218 3517 2272 debito
3548 2234 3684 2288 pra:-

2103 2294 2212 2348 mio
2242 2294 2512 2363 aﬂiciaris,
2566 2300 2647 2353 vel
2699 2302 2999 2373 damneris)
3042 2302 3271 2359 liberam
3324 2318 3681 2377 potestatem,

2102 2385 2204 2441 hoc
2240 2388 2308 2441 ab
2340 2391 2486 2442 omni
2547 2406 2731 2444 rerum
2786 2393 3019 2448 crimine
3055 2395 3317 2463 absolvit,
3348 2400 3476 2466 quia
3520 2414 3679 2452 nemo

2101 2481 2307 2547 appetit
2334 2496 2394 2534 ea
2425 2498 2545 2551 quae
2599 2500 2703 2537 non
2738 2487 3120 2554 prohibentur.
3167 2490 3231 2543 Et
3258 2491 3511 2559 quamvis
3546 2506 3679 2546 con-

2097 2569 2347 2637 cupierit,
2401 2588 2504 2627 non
2557 2583 2732 2627 tamen
2782 2578 3147 2632 accusabitur.
3201 2577 3472 2648 Appetere
3528 2581 3672 2635 enim

2098 2676 2203 2715 non
2228 2660 2373 2715 cadit
2401 2664 2453 2716 in
2492 2667 2803 2733 praesentia,
2836 2676 2891 2721 et
2923 2682 2986 2722 ea
3017 2684 3136 2738 quae
3159 2670 3215 2723 in
3254 2679 3522 2737 potestate
3555 2680 3680 2724 sunt

2095 2752 2266 2821 posita
2325 2751 2456 2825 [sed
2514 2756 2568 2809 in
2626 2759 2911 2825 praesentia
2953 2758 3208 2827 quidem,
3264 2776 3371 2813 non
3409 2769 3586 2813 tamen
3621 2762 3675 2813 in

2093 2854 2367 2913 potestate
2404 2856 2588 2900 nostra
2631 2848 2867 2920 posita].
2916 2849 3198 2913 Quomodo
3228 2850 3371 2904 enim
3401 2851 3500 2904 hoc
3525 2852 3677 2920 quis-

2094 2938 2237 3005 piam
2263 2947 2427 3004 amet,
2455 2954 2483 2992 a
2508 2955 2614 3007 quo
2641 2954 2747 2992 non
2772 2949 3009 3005 arcetur,
3034 2953 3087 2995 et
3119 2956 3226 3011 quo
3260 2959 3365 2995 non
3412 2943 3617 3012 indiget
3657 2944 3681 2996 ’ἔ

2092 3027 2230 3085 Hinc
2283 3031 2757 3098 concupiscentiam
2810 3032 3161 3097 nescivissem,
3216 3034 3320 3088 nisi
3370 3035 3455 3090 (ea:
3508 3037 3681 3091 dixis-

2094 3130 2167 3174 set
2196 3136 2216 3174 :
2248 3119 2373 3174 Non
2403 3122 2732 3187 concupisces
2764 3130 2813 3173 ει.
2856 3121 3154 3178 Audientes
3200 3125 3342 3178 enim
3371 3141 3387 3180 :
3416 3124 3489 3178 De
3539 3126 3679 3194 ligno

2091 3212 2322 3265 scientia:
2357 3212 2475 3265 boni
2500 3222 2547 3265 et
2594 3212 2721 3264 mali
2751 3228 2853 3265 non
2889 3212 3085 3284 2941)
3123 3215 3422 3267 comedetis.
3452 3213 3517 3268 In
3542 3232 3677 3286 quo-

2087 3319 2306 3371 cumque
2349 3303 2486 3356 enim
2537 3301 2622 3356 die
2675 3303 3008 3357 comederitis
3064 3320 3129 3357 ex
3202 3321 3287 3369 eo,
3336 3315 3502 3359 morte
3563 3323 3680 3359 mo-

2088 3396 2300 3449 riemini
2340 3406 2386 3460 τ,
2469 3405 2595 3449 tunc
2655 3397 3149 3466 concupiscentiam
3217 3398 3563 3468 arripuerunt
3623 3409 3680 3454 et

2086 3494 2467 3554 conceperunt.
2488 3485 2611 3539 Ideo
2631 3486 2767 3540 bene
2788 3485 2995 3541 dictum
3012 3497 3095 3541 est
3116 3506 3129 3542 :
3185 3486 3678 3556 Concupiscentiam

2086 3576 2404 3640 nesciebam,
2437 3576 2540 3629 nisi
2571 3574 2655 3628 (ea:
2694 3576 2950 3631 dixisset:
2982 3575 3107 3631 Non
3135 3580 3466 3645 concupisces
3488 3590 3535 3631 ³.
3568 3578 3679 3633 Nec

2086 3665 2370 3721 comedere
2396 3663 2861 3737 [appetivissem]
2904 3667 3007 3721 nisi
3055 3668 3261 3721 dictum
3287 3667 3473 3722 inisset
3505 3686 3520 3722 :
3553 3667 3677 3722 Non

2086 3755 2365 3809 comedetis
2409 3771 2474 3808 ex
2508 3754 2621 3808 illo.
2665 3755 2801 3810 Hinc
2842 3758 2988 3810 enim
3058 3766 3343 3822 peccatum
3395 3758 3527 3812 mihi
3552 3759 3676 3813 illu-

2087 3849 2247 3902 dendi
2303 3851 2648 3903 occasionem
2713 3850 2945 3917 accepit.
3003 3848 3142 3903 Dato
3193 3849 3337 3903 enim
3398 3850 3674 3916 mandato,

2085 3940 2331 3995 diabolus
2363 3942 2705 3995 occasionem
2740 3941 2929 3995 habuit
2958 3941 3233 3995 excitandi
3263 3941 3316 3995 in
3348 3956 3435 3996 me
3466 3956 3669 3994 concu-

2085 4031 2429 4101 piscentiam.
2459 4030 2590 4083 Nam
2624 4032 2739 4085 sine
2774 4031 2893 4101 lege
2924 4041 3207 4099 peccatum
3234 4041 3355 4086 erat
3380 4043 3673 4090 mortuum.

2084 4125 2202 4178 Non
2260 4125 2386 4179 data
2457 4124 2604 4178 enim
2678 4124 2826 4194 lege,
2883 4135 3167 4195 peccatum
3229 4126 3383 4193 quasi
3435 4124 3677 4180 ineﬂicax

2084 4227 2223 4274 erat.
2260 4219 2372 4287 Ego
2411 4228 2591 4272 autem
2635 4219 2879 4273 vivebam
2915 4229 3041 4273 ante
3069 4219 3242 4288 legem
3297 4220 3587 4288 inculpate,
3618 4229 3679 4273 ut

2085 4312 2175 4381 qui
2214 4326 2460 4364 normam
2516 4327 2620 4365 non
2670 4311 2927 4365 haberem
2992 4311 3290 4366 secundum
3330 4325 3493 4379 quam
3529 4310 3678 4365 vive-

2085 4416 2222 4455 rem.
2256 4400 2364 4456 Sed
2398 4418 2517 4456 cum
2543 4404 2766 4455 venisset
2802 4402 3138 4465 mandatum,
3168 4410 3441 4471 peccatum
3466 4402 3675 4454 revixit.

391 4475 471 4528 δὲ
494 4477 817 4542 ἀπέθανον,
846 4480 945 4534 καὶ
989 4484 1203 4553 εὑρέθη
1251 4505 1353 4555 μοι
1383 4488 1429 4520 ⁸⁸
1481 4490 1519 4558 ἠ
1553 4491 1773 4561 ἐντολὴ
1818 4497 1856 4563 ἡ
1898 4499 1985 4562 είς

2097 4492 2201 4562 Ego
2225 4502 2402 4545 autem
2433 4504 2666 4546 mortuus
2690 4508 2830 4555 sum,
2865 4492 2934 4559 ετξ
2952 4492 3223 4544 inventum
3250 4500 3327 4544 est
3366 4492 3497 4543 mihi
3532 4508 3677 4544 mau-

394 4566 574 4635 ᾅυὴν,
605 4570 759 4637 αὕτη
790 4572 835 4603 ⁸⁸
866 4575 954 4639 εἷς
992 4575 1275 4642 θάνατον,
1324 4578 1407 4633 ὅτι
1456 4582 1597 4650 μετά
1643 4585 1704 4637 τὸ
1754 4588 1982 4655 νομοθε-

394 4659 564 4727 τῆσαι
593 4662 685 4716 τὸν
730 4662 898 4729 Θεὸν,
942 4666 1038 4745 κα)τ
1082 4668 1489 4725 διαστείλασθαί
1524 4692 1614 4745 μοι
1652 4675 1687 4729 ἃ
1730 4679 1984 4749 ποιητέον

399 4752 500 4803 καὶ
528 4752 600 4824 μὴ
636 4757 888 4823 ποιητέον
909 4798 924 4820 ,
961 4762 1368 4831 κατειργάσατο
1408 4767 1467 4818 ἐν
1496 4767 1620 4837 ἐμοὶ
1663 4769 1761 4840 τήν
1795 4771 1984 4825 ἐπιθυ-

396 4841 587 4932 μίανό
618 4845 886 4911 διάϐολος,
930 4850 989 4902 Ἣ
1044 4852 1153 4922 γάρ
1191 4852 1498 4922 ἐπαγγελία
1527 4859 1620 4912 τοὺ
1648 4860 1782 4913 θεοῦ
1817 4863 1850 4932 ή
1897 4864 1983 4916 δο-

389 4931 556 4984 θεῖσά
588 4949 677 5003 μοι
710 4933 850 5005 αὕτη
884 4938 963 5000 εἰς
994 4938 1137 5009 ζωὴν
1177 4943 1271 4994 καὶ
1311 4943 1642 5015 ἀφθαρσίαν,
1677 4947 1764 5001 ἵνα
1800 4931 1985 5003 πειθό-

387 5040 562 5094 μενος
586 5027 723 5099 αὐτῇ
772 5028 861 5081 ἀεὶ
901 5028 1167 5085 θάλλοντα
1205 5034 1341 5104 πρὸς
1386 5037 1684 5092 ἀθανασίαν
1718 5041 1831 5111 βίον
1877 5041 1985 5112 ἔχω

384 5115 493 5168 καὶ
537 5116 734 5188 χαρὰν,
768 5118 1099 5191 ἀθετήσαντι
1150 5124 1320 5193 αὐτὴν
1368 5128 1449 5190 εἰς
1494 5129 1727 5184 θάνατον
1778 5132 1982 5202 ἀπέϐη,

383 5205 642 5278 ἐπειδὴὺ
683 5210 951 5285 διάϐολος,
992 5212 1051 5265 ὃν
1102 5214 1380 5285 ἁμαρτίαν
1418 5218 1513 5270 νῦν
1566 5212 1720 5284 οὗτος
1755 5222 1980 5275 ἐκάλεσε

381 5297 487 5351 διὰ
511 5298 572 5351 τὸ
590 5283 927 5374 δημιοιῖργὺν
959 5304 1120 5357 αὑτὸν
1143 5283 1420 5378 ἁμαρτίας
1450 5310 1739 5381 ὑπάρχειν,
1762 5313 1851 5366 διὰ
1880 5313 1981 5372 τῆς

378 5390 616 5463 ἐντολῆς
660 5394 919 5466 ἀφορμὴν
961 5395 1142 5450 λαϐὼν
1175 5400 1313 5470 πρὸς
1364 5405 1654 5474 παρακοήν
1698 5406 1983 5475 ἀπατῆσαί

467 5538 496 5579 Ρ
524 5526 680 5584 Rom.
701 5545 800 5595 vn,
826 5531 883 5586 9.
959 5542 988 5584 (ι
1019 5533 1193 5591 Exod.
1228 5553 1320 5606 xx,
1352 5539 1437 5594 l7.
1518 5551 1540 5578 τ
1571 5541 1706 5597 Gen.
1734 5559 1796 5607 ιι,
1819 5545 1904 5599 17.

2088 4585 2268 4636 datum
2299 4583 2439 4654 quod
2456 4580 2655 4635 eratad
2686 4582 2865 4647 vitam,
2887 4581 2983 4634 hoc
3004 4596 3114 4635 esse
3143 4580 3213 4633 ad
3244 4582 3516 4635 mortem‘.
3537 4580 3677 4634 Nam

2096 4686 2221 4745 post
2253 4675 2423 4743 legem
2467 4689 2497 4726 a
2526 4674 2638 4727 Deo
2673 4673 2859 4737 latam,
2895 4681 2950 4727 et
2976 4672 3292 4726 mandatum
3331 4672 3463 4726 mibi
3491 4673 3677 4727 datum

2088 4767 2216 4837 quid
2265 4766 2571 4820 faciendum
2600 4774 2770 4827 esset,
2824 4772 3081 4832 operatus
3124 4773 3206 4820 est
3246 4764 3299 4818 in
3348 4780 3435 4819 me
3474 4781 3675 4820 conen-

2096 4857 2421 4928 piscentiam
2445 4855 2714 4910 diabolus.
2768 4852 2904 4908 Nam
2949 4854 3238 4924 promissio
3269 4853 3678 4930 [praeceptum]

2091 4946 2185 5001 Dei
2238 4946 2371 5000 mihi
2428 4945 2552 4999 data
2619 4943 2684 4997 ad
2736 4943 2905 4997 vitam
2964 4954 3019 4998 et
3080 4944 3570 5011 immortalitatem,
3618 4958 3676 4999 nt

2088 5039 2348 5094 obediens
2413 5039 2521 5105 illi,
2576 5039 2741 5091 vitam
2804 5036 2874 5091 ad
2934 5038 3402 5093 immortalitatem
3460 5055 3679 5107 semper

2087 5132 2514 5188 etﬂorescentem
2553 5131 2809 5199 habeam,
2854 5140 2909 5187 et
2960 5132 3250 5202 gaudeam,
3306 5133 3669 5186 contemnenti

2086 5225 2231 5279 illam
2270 5223 2328 5278 in
2379 5233 2607 5278 mortem
2655 5224 2855 5279 vertit:
2918 5240 3040 5278 cum
3075 5223 3346 5288 diabolus,
3389 5237 3549 5290 quem
3585 5224 3673 5276 hic

2086 5323 2370 5384 peccatum
2402 5314 2722 5380 nominavit,
2756 5330 2822 5371 eo
2868 5316 3013 5385 qnod
3064 5315 3181 5386 ipse
3216 5315 3549 5369 architectus
3575 5328 3669 5365 seu

2099 5413 2289 5458 auctor
2321 5403 2391 5459 sit
2437 5405 2669 5473 peccati,
2708 5405 2800 5475 qui
2852 5413 3101 5475 accepta,
3162 5418 3259 5475 per
3320 5413 3672 5473 praeceptum,

1985 5557 2005 5584 ε
2033 5545 2193 5600 Rom.
2214 5560 2313 5612 vn,
2342 5543 2397 5597 7.
2481 5544 2502 5581 ί
2532 5544 2665 5601 ibid.
2688 5543 2856 5611 9,10.

1706 5638 1941 5694 VARI/tl
1984 5639 2391 5696 LECTIONES.

464 5716 510 5748 ⁸⁸
536 5715 727 5786 ὕφεσις
747 5718 791 5771 Α
828 5734 842 5772 :
870 5717 1154 5788 ὑφαίρεσις
1188 5739 1248 5786 ς.

376 5788 437 5824 ’³
465 5802 561 5859 μοι
586 5784 711 5847 add:
738 5789 804 5844 Α..
879 5784 928 5822 ⁸⁸
954 5784 1092 5860 αὑτὴ
1124 5808 1183 5855 ς.

1353 5726 1398 5758 ⁸²
1430 5727 1544 5801 ἐγὼ
1590 5729 1667 5802 δὲ]
1715 5731 1872 5789 Rom.
1918 5749 2016 5801 vn,
2043 5738 2100 5800 9.

2196 5732 2243 5766 ss
2276 5733 2311 5804 ἡ
2335 5731 2458 5789 ειμι,
2494 5731 2560 5787 Α,
2674 5729 2721 5763 δ”
2746 5722 3076 5800 ἀμέμπτως]
3110 5724 3225 5795 βίον
3256 5724 3546 5798 ἄμεμπτον
3605 5724 3665 5778 Β.
