3954 6434
480 363 615 431 1115

1602 374 1867 437 ΡΗΟΤΙΙ
1904 378 2409 442 ΡΑΤΗΙΛΗΕΗΕ
2443 382 2554 443 CP.

3575 388 3687 458 1116

477 475 764 532 occasione
803 489 891 530 me
937 491 1036 547 per
1073 476 1494 534 lnobedientiam
1527 482 1865 551 decipiendi,
1897 494 2090 552 nece:

2194 506 2252 555 Le,
2279 490 2568 560 ἀπατήσας
2603 486 2916 551 ἀπέκτεινε,
2944 487 3023 558 τῷ
3043 530 3057 553 ,
3092 481 3175 560 ’ῌ
3201 489 3256 543 δ’
3283 490 3357 546 ἂν
3392 493 3568 564 ἡμέρᾳ
3606 502 3693 568 φά.

480 578 632 638 ptum
661 568 883 634 occidit,
913 568 1026 623 haec
1052 569 1262 625 scilicet
1309 572 1675 630 damnationis
1753 578 2058 632 sententia:

482 658 827 728 Quacumque
889 660 974 713 die
1027 661 1361 716 comederitis
1413 679 1478 716 ea:
1544 664 1665 729 illo,
1720 667 2062 734 moriemini;

484 763 636 804 reum
660 750 854 820 pergit,
884 759 940 804 ut
965 751 1049 806 lea:
1075 753 1284 823 quidem
1307 764 1494 808 sancta
1514 794 1529 820 ,
1552 765 1601 810 et
1618 767 1934 826 praeceptum
1970 759 2066 813 Dei

486 857 750 909 sanctum,
773 849 976 917 justum
1013 859 1067 903 et
1103 851 1324 914 bonum,
1362 850 1430 904 ad
1459 850 1688 904 salutem
1725 866 1937 921 nempe,
1957 868 2065 907 non

485 941 551 994 ad
590 939 814 993 exitium
853 939 1080 995 datum:
1113 941 1242 994 nihil
1280 943 1424 996 enim
1477 941 1668 998 inutile
1715 943 1800 997 vel
1843 945 2067 998 noxium

486 1046 516 1085 a
550 1031 659 1085 Deo
686 1032 801 1085 ﬁeri
830 1033 1127 1087 credimus.
1167 1031 1306 1098 Quid
1332 1035 1498 1101 ergo?
1532 1032 1670 1087 Num
1707 1033 1905 1088 bonum
1936 1033 2068 1089 mihi

487 1135 721 1179 mortem
777 1125 1028 1189 creavit,
1093 1128 1238 1194 quod
1302 1126 1616 1179 mandatum
1686 1125 1820 1179 mihi
1882 1126 2068 1180 datum

489 1211 685 1266 summi
709 1213 834 1266 boni
863 1227 1026 1267 causa
1053 1213 1168 1268 ﬁeri
1194 1213 1460 1268 debebat?
1483 1214 1670 1280 Absit;
1703 1215 1829 1284 quia
1860 1213 1946 1269 lex
1977 1213 2071 1269 Dei

491 1303 623 1357 mihi
660 1317 999 1372 nequaquam
1047 1317 1210 1357 causa
1242 1302 1362 1368 fuit,
1400 1312 1460 1357 ut
1494 1303 1859 1372 corruptionis
1883 1302 2070 1373 jugum

491 1394 764 1460 subirem,
829 1394 924 1450 sed
973 1394 1254 1458 diabolus;
1304 1403 1366 1449 ut
1426 1408 1523 1464 per
1571 1394 1811 1461 bonum,
1871 1395 2073 1448 malum

492 1486 668 1557 palam
704 1487 877 1550 ﬁeret,
906 1487 997 1556 qui
1025 1484 1208 1541 effecit
1242 1486 1384 1556 apud
1417 1501 1504 1541 me
1521 1496 1581 1541 ut
1616 1488 1770 1542 lieret
1796 1496 1852 1543 et
1882 1490 2076 1558 depre-

495 1577 826 1631 henderetur
852 1591 1099 1632 summus
1126 1589 1382 1646 peccator
1411 1577 1619 1645 peccati
1648 1586 1702 1632 et
1735 1577 2072 1634 fabricator:

496 1666 708 1724 Scimus
747 1669 883 1722 enim
915 1670 1054 1739 quod
1078 1669 1162 1725 lea:
1203 1670 1496 1741 spiritualis
1535 1680 1680 1738 est“,
1723 1685 1898 1742 eoque
1945 1672 2076 1727 nulli

496 1756 660 1812 ullius
699 1758 879 1811 damni
906 1773 1072 1813 causa
1102 1777 1116 1814 :
1177 1759 1479 1828 spiritualia
1501 1761 1646 1816 enim
1677 1760 1746 1816 ab
1770 1761 2074 1817 irrationali

2164 597 2307 650 τητε
2328 581 2429 635 ἀπ’
2453 580 2661 645 αὐτοῦ,
2676 579 2911 646 θανάτῳ
2925 581 3344 647 ἀποθανεῖσθε,
3369 589 3695 659 κατακρίματι

2165 672 2470 726 ὑπεύθυνον
2496 671 2750 740 γενέσθαι
2780 671 3289 741 κατεργασάμενος.
3337 673 3510 728 Ὠστε
3541 679 3570 730 ό
3608 678 3699 745 μὲν

2167 766 2352 833 νόμος
2399 762 2590 831 ἅγιος,
2639 761 2740 816 καί
2773 762 2811 830 ἡ
2863 759 3085 828 ἐντολὴ
3130 761 3236 815 τοῦ
3273 761 3419 816 Θεοῦ
3455 765 3585 833 ἁγία
3625 769 3701 822 καί

2167 855 2368 909 δικαία
2403 855 2501 908 καί
2533 851 2745 923 ἀγαθὴ,
2787 843 2870 906 ὅτι
2902 851 2978 922 μὴ
3011 852 3104 905 ἐπὶ
3127 850 3205 922 τῷ
3250 850 3470 922 βλάψαι,
3501 855 3606 908 ἀλλ’
3633 859 3706 911 ἐπὶ

2169 945 2247 1017 τῷ
2267 948 2311 979 ⁸⁷
2349 947 2522 999 σῶσαι
2568 944 2759 1015 ἐδόθη·
2798 943 2873 1014 μὴ
2913 942 3023 1012 γὰρ
3051 942 3294 1013 οίώμεθα
3315 941 3361 975 ⁸⁸
3391 945 3644 1015 ἀνωφελές
3664 965 3706 1001 τι

2171 1037 2205 1107 ἢ
2247 1036 2511 1108 βλαϐερὸν
2551 1037 2726 1088 ποιεῖν
2783 1034 2876 1087 τὸν
2921 1033 3076 1087 Θεὸν.
3116 1034 3182 1086 Τί
3225 1034 3350 1100 οῦνς
3396 1033 3470 1089 Τὸ
3522 1039 3710 1106 ἀγαθὸν

2173 1125 2302 1194 ἐμοὶ
2347 1125 2586 1195 ἐγένετο
2635 1124 2914 1189 θάνατος,
2957 1122 2986 1175 ὃ
3025 1121 3119 1175 τοῦ
3176 1123 3434 1193 μεγίστου
3476 1142 3560 1194 μοι
3594 1125 3710 1190 ὼςιι

2175 1219 2348 1271 αίτιον
2382 1217 2643 1289 ἐσόμενον
2673 1214 2883 1284 ἀγαθοῦ
2915 1215 3266 1285 νομοθέτημα
3306 1215 3496 1286 ἐδόθη;
3528 1214 3613 1284 Μὴ
3640 1219 3732 1286 τέ-’

2175 1328 2359 1372 νοιτο,
2393 1309 2476 1363 ὅτι
2508 1308 2585 1379 μὴ
2609 1310 2644 1380 ή
2682 1307 2870 1378 ἐντολὴ
2908 1305 3002 1360 τοῦ
3034 1305 3169 1359 Θεοῦ
3212 1307 3293 1371 είς
3318 1305 3380 1359 τὸ
3424 1307 3716 1364 καταδουλω-

2177 1399 2340 1467 θῆναί
2375 1415 2441 1469 με
2467 1397 2683 1465 ἐγένετο
2703 1399 2772 1467 τῇ
2805 1396 2982 1465 φθορᾷ
3012 1394 3058 1427 ’°
3089 1394 3261 1461 αίτία,
3294 1393 3406 1448 ἀλλ’
3433 1397 3462 1448 ὁ
3487 1394 3716 1464 διάϐολος,

2179 1489 2266 1544 ἵνα
2298 1488 2587 1559 φανερωθῇ
2626 1486 2716 1540 διὰ
2749 1484 2843 1539 τοῦ
2881 1485 3090 1554 ἀγαθοῦ
3123 1484 3184 1538 τὸ
3225 1484 3394 1540 κακὸν
3435 1485 3555 1557 ἐμοὶ
3580 1505 3719 1544 κατα-

2180 1582 2473 1646 σκευάσας,
2501 1581 2589 1634 ἴνα
2607 1580 2829 1651 γένηται
2860 1579 2953 1633 καὶ
2986 1577 3216 1649 ἐλεγχθῇ
3258 1575 3381 1631 καθ’
3409 1577 3721 1650 ὑπερϐολὴνό

2179 1672 2406 1745 εὑρετὴς
2435 1673 2530 1743 τῆς
2571 1671 2846 1743 ἁμαρτίας
2874 1669 3215 1741 ἁμαρτωλός.
3241 1667 3372 1741 [485
3397 1666 3488 1739 Η.]
3506 1669 3722 1739 Οίὸαμεν

2180 1765 2271 1820 ὅτι
2299 1768 2331 1820 ὀ
2359 1767 2548 1833 νόμος
2565 1763 2698 1817 ἐστὶ
2727 1760 3154 1830 πνευματικὸς,
3177 1760 3258 1814 διὸ
3285 1759 3382 1814 καὶ
3413 1760 3560 1813 οὐδὲν
3583 1761 3724 1825 αίτιος

495 1850 937 1919 concupiscentia
996 1861 1052 1906 et
1106 1861 1331 1922 peccato
1378 1854 1566 1922 procul
1623 1854 1906 1909 habitant:
1965 1853 2079 1924 Ego

2194 1858 2292 1928 Γὰρ
2326 1857 2532 1928 βλάϐης
2553 1856 2754 1910 ούδενίο
2775 1856 2964 1927 πόρῤω
2996 1855 3105 1925 γὰρ
3141 1852 3433 1923 ἐπιθυμίας
3456 1851 3634 1920 ἀλόγου
3651 1855 3724 1906 καὶ

499 1954 676 1997 autem
704 1943 939 1998 carnalis
965 1961 1104 2009 sunt,
1138 1946 1468 2000 venundatus
1504 1948 1598 2000 sub
1617 1948 1899 2014 peccatis',
1929 1947 2082 2016 quasi

499 2035 738 2090 diceret:
771 2035 881 2106 Ego
916 2047 1099 2090 autem
1135 2037 1373 2092 carnalis
1405 2052 1552 2102 sum,
1579 2049 1633 2093 et
1660 2038 1712 2092 in
1744 2039 1924 2093 medio
1958 2039 2083 2094 boni

502 2133 561 2179 et
599 2124 724 2178 mali
762 2125 815 2179 in
863 2125 1038 2180 libero
1088 2126 1314 2180 arbitrio
1363 2128 1714 2194 constitutus,
1757 2138 1818 2183 ut
1869 2129 1921 2182 in
1968 2143 2086 2183 mea

503 2223 777 2284 potestate
799 2215 892 2280 sit,
922 2216 1049 2285 quid
1079 2216 1281 2286 295a
1307 2217 1464 2270 velim
1493 2216 1726 2288 eligere:
1754 2215 1920 2272 Posui
1946 2219 2087 2271 enim

504 2318 628 2361 ante
653 2306 841 2376 [aciem
888 2317 1056 2373 tuam,
1105 2308 1300 2376 inquit,
1350 2310 1513 2361 vitam
1564 2318 1614 2362 et
1663 2320 1947 2362 mortemx.
1974 2309 2086 2378 Ego

505 2414 712 2470 pronus
770 2399 836 2454 ad
885 2399 1193 2454 violandam
1236 2399 1405 2469 legem
1451 2401 1789 2470 spiritualem
1840 2401 2090 2457 videlicet

504 2489 800 2560 praecepti;
854 2498 909 2545 et
943 2488 1298 2562 [promptus]
1337 2491 1404 2544 ad
1441 2491 1775 2546 materialem
1804 2489 1936 2563 [seu
1968 2507 2090 2547 ear-

507 2581 724 2654 nalem]
770 2583 1042 2653 serpentis
1094 2583 1353 2638 videlicet
1405 2583 1832 2653 suggestionem,
1873 2594 2092 2655 prepter

509 2675 654 2731 banc
693 2676 1018 2730 electionem
1075 2675 1415 2729 venundatus
1465 2674 1634 2730 cecidi
1681 2675 1735 2730 in
1782 2686 2089 2745 peccatum,

505 2769 778 2823 obnoxius
808 2767 1044 2822 diabolo.
1073 2766 1209 2822 Hinc
1237 2782 1367 2836 ergo
1394 2767 1652 2822 obsidens
1703 2783 1788 2822 me
1812 2778 2090 2838 peccatum

510 2859 712 2921 lnsidet
744 2868 799 2912 et
867 2858 1058 2913 incolit
1098 2867 1263 2926 atque
1299 2858 1572 2912 inhabitat
1624 2857 1678 2912 in
1724 2873 1893 2914 carne
1949 2875 2090 2924 mea,

508 2963 672 3019 pana
709 2947 838 3002 mihi
868 2947 1042 3016 legem
1080 2946 1464 3014 przevarieanti
1500 2945 1771 3016 imposita,
1804 2957 1863 3001 ut
1893 2962 2097 3002 venun-

510 3042 673 3094 darer
695 3049 937 3108 peccato.
971 3037 1108 3092 Hine
1139 3037 1270 3090 illud
1299 3036 1502 3090 dictum
1530 3054 1545 3091 :
1579 3035 1734 3102 Quod
1770 3053 1959 3107 operor
1991 3054 2096 3092 non

509 3131 789 3202 intelligo;
831 3140 880 3186 et
907 3130 1046 3198 quod
1080 3130 1188 3194 odi,
1215 3131 1438 3201 facior;
1473 3143 1577 3183 non
1606 3137 1692 3184 est
1724 3131 1790 3184 de
1820 3129 1978 3186 factis
2011 3132 2097 3190 in,-

2183 1950 2460 2021 ἁμαρτίας
2486 1949 2823 2019 ἐσκήνηνται
2848 1947 2919 2000 τὰ
2945 1944 3318 2016 πνευματικά.
3352 1943 3502 2013 Ἐγὼ
3524 1944 3588 1996 δὲ
3612 1945 3726 2013 σάρ-

2185 2044 2355 2108 κινός
2392 2044 2531 2111 ειμι,
2574 2037 2956 2110 πεπραμένος
2992 2038 3111 2095 ὑπὸ
3159 2037 3277 2107 τὴν
3308 2037 3613 2106 ἁμαρτίαν,
3641 2032 3726 2090 οἷον

2186 2133 2297 2203 ἐγὼ
2328 2134 2384 2187 δέ
2411 2134 2669 2205 σάρκινος
2722 2131 2820 2197 ὢν,
2862 2131 2956 2184 καὶ
3003 2133 3061 2183 ἐν
3097 2130 3249 2200 μέσῳ
3293 2128 3390 2182 τοῦ
3420 2128 3616 2198 ἀγαθοῦ
3655 2129 3728 2182 καὶ

2188 2224 2430 2296 πονηροῦ
2474 2223 2840 2286 κατασταθεὶς
2877 2221 2952 2286 ὡς
2979 2220 3348 2287 αύτεξούσιος,
3391 2220 3481 2274 ἴνα
3527 2219 3607 2273 ἐπ’
3635 2219 3730 2289 ἐμοὶ

2188 2315 2405 2371 ἑλέσθαι
2457 2314 2486 2367 ὃ
2545 2312 2804 2383 βούλομαι
2855 2308 3202 2384 ᾗ(Τέθεικα
3256 2308 3403 2378 γὰρ,
3453 2309 3610 2377 φησὶ,
3642 2308 3730 2376 πρὸ

2190 2403 2520 2475 προσώπου
2552 2406 2593 2436 ⁹¹
2625 2417 2744 2458 σου
2770 2403 2814 2435 ⁹¹
2846 2400 2963 2469 τὴν
3000 2399 3153 2468 ζωὴν
3185 2399 3420 2454 καὶτὸν
3452 2398 3729 2468 θάνατον),

2190 2495 2392 2558 νεύσας
2427 2492 2564 2564 πρὸς
2607 2493 2668 2546 τὸ
2716 2490 3063 2563 παρακοῦσαι
3114 2489 3214 2560 μὲν
3255 2488 3350 2543 τοῦ
3397 2488 3730 2559 πνευματικοῦ

2189 2587 2382 2657 νόμου,
2411 2581 2523 2640 οἷον
2573 2585 2673 2655 τῆς
2722 2583 2968 2654 ἐντολῆς,
2997 2581 3302 2638 ἐπακοῦσαι
3330 2581 3388 2636 δὲ
3429 2581 3526 2635 τοῦ
3562 2579 3731 2644 ύλικοῦ,

2191 2677 2304 2734 οἷον
2337 2678 2432 2732 τοῦ
2469 2678 2648 2748 ὄφεως
2673 2676 2772 2747 τῆς
2819 2675 3173 2746 συμϐουλίας,
3208 2675 3507 2745 πέπραμαι
3550 2672 3629 2727 διά
3659 2672 3732 2744 τὴν

2192 2773 2454 2843 τοιαύτην
2506 2771 2742 2842 αἵρεσιν,
2785 2768 2913 2841 [915
2942 2767 3030 2838 IL]
3073 2767 3254 2821 πεσὼν
3304 2765 3412 2819 ύπὺ
3451 2765 3546 2834 τὴν
3587 2766 3733 2834 άμαρυ

2193 2865 2338 2928 τίαν,
2383 2863 2462 2934 τῷ
2507 2862 2764 2934 διαϐόλῳ.
2815 2861 2981 2915 Ὀθεν
3012 2859 3267 2913 ἐντεῦθεν
3299 2855 3657 2927 πολιορκῆσαι)
3684 2872 3733 2923 με

2194 2960 2257 3010 τὸ
2279 2956 2449 3012 κακὸν
2476 2955 2736 3021 ἐνιζάνει,
2786 2955 2882 3008 καὶ
2937 2950 3362 3024 ἐμπολιτεύεται
3398 2948 3736 3016 είσοικῆσανη

2198 3050 2255 3102 ἐν
2281 3050 2347 3120 τῇ
2376 3047 2542 3118 σαρκί
2575 3063 2698 3116 μου.
2725 3045 2883 3116 δίκης
2921 3043 3263 3113 ἐπιτεθείσης
3294 3057 3386 3112 μοι
3429 3039 3527 3110 τὴν
3562 3038 3736 3106 ἐντολὴν

2199 3140 2527 3209 ἀθετήσαντι
2558 3136 2832 3209 πραθῆναι
2863 3134 2940 3206 τῷ
2984 3132 3161 3204 κακῷ.
3198 3133 3288 3186 Διὸ
3332 3131 3433 3184 καὶ
3459 3130 3549 3187 τό⁶
3585 3131 3654 3183 Οὺ
3678 3147 3737 3197 γι-

512 3222 887 3292 telligendum,
914 3223 1010 3277 sed
1035 3223 1101 3276 de
1128 3221 1245 3276 solo
1266 3222 1526 3292 cogitatu.
1547 3219 1732 3291 Neque
1762 3224 1904 3278 enim
1929 3232 2012 3280 est
2038 3224 2090 3278 in

2198 3205 2412 3285 νώσθιω
2437 3228 2469 3282 ὃ
2497 3205 2948 3296 κατεργάζομαι,
2997 3224 3091 3278 καί
3111 3239 3125 3255 ο
3156 3222 3310 3277 Ποιῶ
3357 3222 3389 3275 ὃ
3415 3220 3590 3292 μισῶ,
3621 3219 3738 3286 λεγό-

509 3323 700 3371 nostra
733 3322 1000 3384 potestate
1022 3314 1262 3383 cogitare
1307 3322 1402 3367 aut
1428 3327 1533 3367 non
1566 3314 1808 3383 cogitare
1839 3315 2095 3370 absurda:

511 3405 611 3460 sed
645 3404 743 3468 uti,
781 3403 866 3458 vel
895 3419 1001 3458 non
1034 3403 1111 3457 uti
1140 3403 1570 3473 cogitationibus
1610 3405 1788 3476 rcipsa
1835 3404 1890 3459 in
1943 3405 2099 3461 nobis

511 3504 620 3550 est.
656 3492 789 3548 Nam
810 3509 1002 3548 arcere
1030 3494 1396 3564 cOgitationes
1415 3495 1490 3548 uti
1522 3494 1677 3548 nobis
1707 3509 1811 3549 non
1838 3495 2098 3563 incidant,

514 3601 626 3643 non
662 3599 972 3656 possumus,
1007 3599 1130 3640 eum
1161 3584 1383 3638 aliunde
1404 3593 1684 3656 suggestas
1708 3586 2057 3640 admittamus
2085 3603 2099 3640 :

513 3677 611 3734 sed
636 3678 971 3744 consentire,
1000 3685 1094 3730 aut
1119 3686 1340 3745 patrare
1367 3691 1478 3730 non
1526 3677 1789 3745 cogimur.
1807 3675 2101 3746 Propterea

523 3768 671 3824 Velle
699 3769 828 3823 mihi
862 3768 1073 3840 quidem
1109 3767 1340 3836 adjacet,
1368 3782 1434 3821 ne
1470 3767 1608 3822 mala
1638 3768 1906 3837 cogitem;
1939 3769 2102 3837 per/i-

514 3869 838 3924 cereautem,
870 3868 928 3913 ut
950 3857 1038 3913 illa
1070 3859 1438 3928 exstinguam,
1467 3873 1534 3912 ne
1561 3857 1795 3926 amplius
1821 3859 1987 3912 menti
2014 3874 2105 3913 oc-

516 3960 772 4017 currant,
805 3966 909 4004 non
943 3950 1108 4003 habeo
1133 3959 1180 4002 ι.
1214 3949 1351 4016 Quia
1377 3951 1500 4018 hoc,
1525 3960 1582 4003 ut
1611 3950 1857 4004 dicebam
1886 3965 1992 4004 non
2025 3960 2108 4004 est

516 4045 575 4098 in
625 4052 811 4097 nostra
850 4049 1142 4112 potestate,
1171 4050 1230 4095 ut
1254 4042 1326 4095 sit
1365 4055 1561 4096 sensus
1590 4042 1715 4098 talis
1748 4043 1908 4114 hujus
1940 4043 2104 4098 dicti:

524 4132 654 4188 Non
680 4134 840 4200 enim,
872 4133 1011 4202 quod
1065 4131 1181 4187 uolo
1233 4133 1426 4185 bonum
1485 4133 1649 4199 facio.
1683 4131 1816 4188 Volo
1862 4135 2004 4188 enim
2040 4149 2108 4188 ne

519 4228 762 4299 cogitare
788 4226 1030 4296 quidem,
1057 4240 1178 4295 quae
1221 4226 1352 4281 mihi
1403 4235 1663 4291 noceant;
1745 4225 1848 4281 hoc
1903 4226 2106 4281 etenim

520 4319 725 4374 bonum
769 4331 996 4387 prorsus
1046 4316 1380 4388 inculpatum
1430 4325 1536 4369 est.
1587 4314 1654 4370 Et
1694 4317 1794 4371 hoc
1854 4316 2105 4385 quidem,

521 4411 667 4480 quod
698 4410 820 4466 volo
854 4409 1054 4465 bonum
1078 4449 1094 4474 ,
1127 4425 1233 4464 non
1269 4406 1438 4475 iacio;
1474 4407 1616 4478 quod
1658 4423 1775 4462 vero
1801 4407 1938 4471 nolo,
1969 4408 2108 4478 facio

522 4503 722 4558 malum
743 4515 793 4561 ι.
831 4500 969 4556 Nolo
997 4502 1259 4569 cogitare,
1280 4501 1566 4570 cogitando
1587 4499 1805 4552 interim
1841 4514 1959 4567 qua:
1988 4499 2109 4552 nolo

519 4594 783 4664 cogitare.
840 4593 1020 4662 Atque
1094 4601 1314 4661 propter
1376 4591 1489 4645 haec
1559 4590 1673 4659 ipsa
1732 4589 1870 4643 forte
1938 4589 2106 4643 David
2143 4574 2184 4628 ί)

523 4680 1028 4755 Deum[supplex]
1077 4681 1249 4747 adiit,
1286 4681 1459 4734 iratus
1502 4680 1925 4749 cogitationibus
1971 4683 2104 4744 suis,

523 4790 663 4846 quas
692 4789 885 4844 passus
921 4782 1006 4828 est
1043 4774 1274 4828 invitus:
1326 4773 1404 4826 Ab
1464 4772 1686 4826 occultis
1738 4775 1866 4825 meis
1911 4773 2105 4824 munda

523 4884 630 4932 me,
656 4875 706 4920 et
741 4868 803 4919 ab
827 4865 1014 4919 alienis
1035 4883 1190 4933 parce
1247 4882 1395 4920 servo
1419 4877 1532 4918 tuo.
1566 4864 1625 4918 Si
1663 4863 1763 4917 mei
1789 4881 1890 4917 non
1911 4863 2108 4934 fuerint

520 4959 805 5023 dominati,
861 4967 984 5011 tunc
1039 4959 1412 5011 immaculatus
1464 4975 1572 5021 ero,
1618 4967 1666 5011 et
1709 4957 2031 5010 emundabor
2076 4973 2107 5008 a

521 5050 714 5104 delicto
765 5064 954 5118 magno
975 5047 1024 5100 ι).
1071 5049 1138 5102 Ει
1176 5048 1292 5117 ipse
1330 5048 1626 5116 Apostolus
1651 5045 1814 5100 alibi:
1867 5042 2107 5099 Consilia

519 5145 868 5206 destruentes,
913 5151 964 5196 et
1014 5159 1220 5196 omnem
1273 5141 1613 5194 altitudinem
1667 5138 1995 5192 extollentem
2057 5155 2110 5192 se

518 5236 775 5313 adversus
804 5236 1082 5289 scientiam
1109 5234 1296 5299 Dei,et
1337 5233 1390 5286 in
1436 5233 1794 5300 captivitatem
1826 5233 2112 5303 redigentes

520 5343 729 5382 onmem
761 5329 1084 5383 intellectum
1108 5329 1162 5381 in
1185 5327 1486 5392 obsequium
1512 5325 1710 5380 Christi
1742 5336 1790 5378 α.

595 5465 803 5520 “Rom.
838 5483 932 5531 vn,
997 5467 1083 5520 ll.
1160 5464 1346 5518 'ibiul.

526 5539 614 5604 15,
652 5535 740 5591 14.
819 5547 842 5574 ο
879 5535 921 5591 ll
958 5537 1086 5593 Cor.
1123 5552 1174 5600 ι,
1211 5535 1266 5599 4,
1291 5535 1344 5589 5.

1432 5477 1456 5505 ι
1487 5465 1643 5520 Deut.
1687 5464 1924 5530 xxx,l5.
2006 5472 2036 5511 1
2072 5462 2230 5519 Rom.
2269 5478 2369 5528 vn,
2413 5461 2500 5516 15.

2205 3339 2363 3394 μενον
2398 3321 2498 3374 ούκ
2528 3320 2624 3374 ἐπὶ
2655 3317 2751 3372 τοῦ
2796 3318 2992 3389 δρᾶσαι
3034 3316 3095 3368 τὸ
3125 3315 3330 3384 φαῦλον
3377 3312 3738 3384 παραληπτέον,

2203 3413 2321 3468 ἀλλ’
2351 3411 2447 3465 ἐπὶ
2469 3411 2564 3464 τοῦ
2598 3410 2760 3481 μόνον
2791 3408 3185 3479 ἐνθυμηθῆναι.
3216 3409 3292 3461 Οὐ
3321 3407 3434 3477 γὰρ
3465 3407 3548 3476 ἐφ’
3567 3403 3740 3476 ἡμῖντὸ

2203 3501 2555 3575 ἐνθυμεῖσθαι
2581 3501 2615 3572 ἢ
2647 3499 2723 3572 μὴ
2755 3498 3109 3568 ἐνθυμεῖσθαι
3142 3497 3414 3551 κεῖταιτά
3442 3496 3624 3556 ἄτοπα,
3641 3490 3740 3547 ἀλλὰ

2201 3595 2264 3650 τδ
2303 3592 2542 3666 χρῆσθαι
2572 3593 2606 3663 ἢ
2639 3592 2715 3662 μὴ
2745 3590 2985 3662 χρῆσθαι
3026 3590 3140 3651 τοῖς
3193 3586 3562 3658 ἐνθυμήμασι.
3593 3581 3739 3637 κωλῦ-

2205 3703 2297 3739 σαι
2334 3684 2434 3755 μὲν
2477 3686 2587 3755 γὰρ
2622 3682 2846 3736 πίπτειν
2899 3683 2982 3745 εἰς
3032 3681 3184 3751 ἡμᾶς
3227 3680 3355 3744 τοὺς
3387 3678 3662 3748 λογισμοὺς
3697 3674 3740 3726 οὐ

2205 3775 2506 3847 δυνάμεθα,
2545 3773 2996 3846 προσδεχομένων
3034 3772 3192 3843 ήμῶν
3233 3770 3437 3838 ἔξωθεν
3475 3765 3742 3837 εἰσπνεομὲ-

2207 3888 2331 3935 νους
2351 3886 2364 3900 ·
2398 3868 2472 3941 μὴ
2501 3867 2792 3938 πεισθῆναι
2829 3866 3016 3937 μέντοι
3043 3865 3075 3936 ἢ
3118 3866 3192 3936 μὴ
3224 3863 3466 3936 χρῆσθαι
3495 3859 3740 3930 δυνάμεθα.

2206 3964 2297 4018 Διὸ
2340 3963 2400 4016 τὸ
2434 3963 2534 4033 μὲν
2584 3960 2758 4015 θέλειν
2801 3959 2943 4014 αὐτὰ
2976 3960 3052 4032 μὴ
3102 3957 3477 4028 ἐνθυμηθῆναι
3527 3952 3742 4024 παρακεῖ-

2210 4055 2336 4110 σθαι
2361 4055 2431 4118 ⁹⁸,
2469 4053 2532 4108 τὸ
2581 4054 2640 4108 δὲ
2693 4051 3143 4125 κατεργάσασθαι
3169 4052 3248 4114 είς
3290 4049 3351 4102 τὸ
3382 4047 3651 4117 ἀφανίσαι,
3683 4042 3744 4094 ἶνα

2213 4149 2291 4220 μὴ
2326 4147 2372 4180 ’⁵
2425 4146 2582 4210 αὖθις
2622 4146 2753 4216 περὶ
2805 4144 2898 4199 τὸν
2933 4143 3195 4213 λογισμὸν
3238 4140 3552 4202 ἀνέλθωσιν,
3585 4135 3656 4200 οὓ,
3684 4134 3742 4186 ὅτι

2213 4241 2290 4311 μὴ
2346 4242 2526 4293 κεῖται
2573 4236 2732 4292 τοῦτο
2780 4236 2867 4307 ἐφ’
2894 4237 3049 4306 ἡμῖν,
3087 4234 3162 4298 ὡς
3190 4234 3348 4303 ἔφην.
3397 4225 3651 4295 ⁹Ως“εἷναι
3682 4225 3746 4277 τὸν

2213 4331 2340 4386 νοῦν
2370 4329 2614 4383 τοιοῦτον
2643 4327 2738 4382 τοῦ
2773 4327 2940 4399 ῥητοῦ
2961 4343 2974 4356 ·
2993 4328 3077 4381 Οὐ
3104 4326 3215 4395 τὰρ
3239 4326 3270 4378 ὃ
3296 4323 3452 4378 θέλω
3489 4319 3625 4376 ποιῶ
3646 4318 3748 4386 ἀτα-

2214 4424 2342 4478 θόν.
2363 4423 2514 4476 Θέλω
2544 4421 2650 4492 γὰρ
2676 4421 2752 4492 μὴ
2784 4419 3137 4490 ἐνθυμεῖσθαι
3170 4417 3207 4472 θ.
3233 4416 3460 4487 βλάπτει
3489 4432 3573 4487 με,
3599 4406 3748 4475 ἐπειδὴ

2214 4517 2370 4571 τοῦτο
2399 4517 2461 4570 τὸ
2494 4514 2700 4585 ἀγαθὸν
2735 4513 3100 4582 πανάμωμον.
3129 4510 3239 4564 Καὶ
3266 4509 3425 4563 τοῦτο
3457 4508 3572 4579 μὲν,
3600 4504 3625 4556 ὃ
3645 4500 3748 4554 θέλω

2214 4608 2440 4676 ἀγαθὸν,
2477 4607 2539 4660 ού
2570 4606 2740 4659 ποιῶσ
2772 4604 2801 4658 ὃ
2829 4604 2888 4657 δὲ
2931 4604 3008 4675 μὴ
3041 4603 3201 4667 θέλω,
3253 4601 3484 4672 πράσσω
3513 4596 3680 4656 κακὸν,
3703 4589 3746 4642 ού

2215 4697 2385 4750 θέλων
2415 4695 2736 4760 ἐννοεῖσθαι,
2779 4692 2876 4746 καὶ
2927 4691 3279 4762 ἐννοούμενος
3308 4689 3345 4743 ἃ.
3377 4689 3452 4760 μὴ
3484 4687 3631 4742 θέλω.
3667 4679 3748 4733 Καὶ

2214 4785 2587 4854 ἐπισκέψασθε
2644 4784 2694 4837 εί
2746 4783 2823 4854 μὴ
2877 4781 2968 4836 διὰ
3020 4780 3194 4836 ταῦτα
3243 4780 3382 4835 αὐτὰ
3427 4779 3520 4834 καὶ
3557 4779 3584 4831 ὁ
3622 4769 3748 4826 Δασιδ

2214 4875 2540 4945 ἐνετύγχανε
2568 4873 2646 4945 τῷ
2675 4873 2824 4944 Θεῷ,
2846 4872 3213 4943 δυσχεραίνων
3252 4869 3342 4924 ἐπὶ
3376 4869 3452 4940 τῷ
3485 4859 3748 4936 λογίζεσθαι

2213 4967 2310 5020 καὶ
2326 4967 2488 5018 αὐτὸν
2504 4965 2540 5018 ἃ.
2559 4966 2633 5035 μὴ
2655 4964 2867 5035 ἤθελεν·
2896 4963 3037 5017 Ἀπὸ
3061 4961 3179 5017 τῶν
3199 4961 3465 5031 κρυφίων
3476 4975 3589 5029 μου
3607 4949 3748 5007 καθά-

2215 5059 2402 5126 ρισόν
2425 5075 2522 5125 με,
2556 5057 2653 5110 καί
2685 5057 2805 5110 ἀπὸ
2833 5057 2881 5089 ⁹⁶
2908 5054 3246 5122 ἀλλοτρίων
3271 5052 3474 5122 φεῖσαι
3504 5048 3602 5103 τοῦ
3645 5040 3748 5096 δού-

2217 5149 2333 5198 λου
2385 5161 2523 5199 σου.
2582 5145 2725 5199 Ἐὰν
2768 5143 2852 5214 μή
2913 5161 3032 5214 μου
3093 5141 3618 5210 κατακυριεὺσωσι,
3646 5134 3746 5186 τότε

2219 5235 2457 5303 ἄμωμος
2492 5236 2708 5305 ἔσομαι
2756 5234 2856 5288 καί
2901 5233 3421 5302 καθαρισθήσομαι
3459 5226 3574 5284 ἀπὸ
3606 5224 3749 5290 ἀμαρ-

2223 5325 2354 5390 τίας
2371 5323 2525 5394 μεγά
2542 5328 2662 5391 1ης.
2695 5325 2804 5378 Καὶ
2827 5324 2990 5388 αὐτὸς
3024 5323 3081 5377 δὲ
3107 5324 3136 5377 ὁ
3170 5319 3492 5381 Ἀπὸστολος
3520 5318 3574 5369 ἐν
3619 5309 3750 5377 ἑτέρῳ

2579 5471 2602 5499 ι
2638 5460 2769 5516 ibid.
2812 5459 2899 5515 l8.
2976 5472 3002 5502 α
3040 5459 3171 5515 ibid.
3201 5456 3286 5513 19.
3395 5455 3422 5495 δ
3454 5450 3587 5507 Psal.
3624 5454 3748 5499 χνιιιν

1844 5645 2078 5702 VARIAE
2141 5645 2553 5704 LECTIONES.
2661 5669 2668 5678 '

598 5746 652 5816 °'_
679 5744 758 5813 τῷ
780 5745 822 5796 Β
854 5761 866 5796 :
897 5745 960 5796 τὸ
984 5761 1042 5808 ς.
1119 5744 1165 5776 ⁸⁸
1191 5744 1432 5816 οἰόμεθα
1462 5760 1521 5807 ς.
1569 5743 1645 5816 _”
1675 5742 1750 5804 ὼς
1797 5757 1906 5793 om.
1927 5742 2022 5816 ΫΒ.Δ
2073 5741 2119 5773 ὀ
2143 5743 2207 5816 τλῇ
2247 5739 2455 5816 φοορᾷΙ
2567 5737 2776 5816 φθῖρᾷς
2804 5739 2846 5790 Β
2875 5746 2930 5792 ει
2961 5750 3107 5816 ρειγν.
3145 5735 3207 5787 Α·
3283 5731 3325 5816 ’ξ
3352 5728 3481 5816 “EF”,

530 5813 668 5882 φησι
691 5831 754 5875 ς.
828 5816 874 5846 ’³
903 5831 996 5866 σου
1026 5830 1138 5867 om.
1173 5832 1235 5878 ς.

1312 5816 1359 5847 ³³
1391 5813 1708 5881 είσοικῆσαν
1734 5827 1877 5864 t-orr.
1912 5815 1976 5881 Α.
2009 5808 2312 5879 ἐνοικῆσαν
2336 5808 2374 5863 Β
2400 5808 2808 5881 ὶίείσοφιείσθαι
2834 5826 2898 5873 ς.

2993 5807 3040 5838 ⁸⁸
3075 5788 3481 5872 παρακεῖσθαι]
3513 5788 3740 5872 Ιὲβςιιάυιιι

1182 5861 1245 5919 D93
1287 5885 1372 5942 ἵνα
1392 5861 1981 5954 *μη-ζ’ἀνέλθωσινγῧ·
2004 5898 2016 5933 ;
2280 5861 2365 5921 ζ
2385 5861 2462 5953 μὴ
2480 5879 2776 5934 ἀνέλθωσιν
2816 5861 2878 5942 ξ.
2952 5879 2996 5911 ⁹⁶
3022 5861 3319 5947 uiror-Psal.
3349 5861 3508 5931 xvttt',
3550 5861 3623 5917 15.
