3954 6452
404 414 551 480 1117

1456 427 1985 489 BIBLIOTIIECA.
2002 453 2069 462 -
2088 428 2250 488 COD.
2286 431 2637 495 CCXXXIV.

3521 429 3664 499 1118

392 530 735 601 λογισμοὺς
767 533 811 565 ⁹⁷
854 536 1279 603 καθαιροῦντες
1343 541 1441 595 καὶ
1500 540 1625 595 πᾶν
1679 542 1896 611 ὕψωμα
1951 541 2343 610 ἐπαιρόμενον
2390 542 2542 598 κατὰ
2574 541 2683 611 τῆς
2713 542 2988 612 γνώσεως
3027 542 3133 597 τοῦ
3173 538 3343 608 Θεοῦ,
3378 542 3674 613 αῑχμαλω·

393 628 663 695 τίζσντες
692 627 818 683 πᾶν
836 631 1029 700 νόημα
1100 635 1186 699 είς
1224 635 1341 703 τὴν
1404 638 1683 703 ὑπακοὴν
1740 639 1846 692 τοῦ
1900 639 2184 704 Χριστοῦ.

480 718 542 773 Ei
573 720 628 773 δέ
650 737 736 784 τις
782 722 946 790 ὁμόσε
964 723 1011 754 ⁸⁸
1056 725 1135 795 τῷ
1173 726 1316 797 λόγῳ
1372 730 1509 782 ἱέναι
1571 730 1787 800 τολμῶν
1842 732 1977 784 ἀπο-

2155 730 2212 785 Si
2262 731 2387 799 quis
2428 739 2609 785 autem
2658 729 2712 784 in
2766 729 2957 784 eodem
3012 728 3224 801 [Pauli]
3275 729 3392 784 loco
3445 745 3679 799 progre—

394 812 645 879 κρίνοιτο
667 811 742 874 ὡς
763 811 873 881 ἄρα
931 813 1173 868 διδάσκοι
1202 819 1231 869 ὁ
1264 818 1584 878 Ἀπόστολος
1629 819 1705 882 ὡς
1736 821 1797 874 οὐ
1828 820 1987 888 μόνον

400 902 468 955 ὲν
490 901 568 972 τῷ
588 900 898 970 λογίζεσθαι
918 905 979 959 τὺ
1011 907 1179 961 κακὸν
1207 910 1473 979 μισοῦμεν
1501 912 1596 964 καὶ
1618 912 1645 963 δ
1671 913 1732 965 οὐ
1760 911 1987 981 θέλομεν

397 991 725 1061 πράσσομεν
741 993 809 1059 ’⁸,
857 995 994 1047 ἀλλὰ
1029 998 1123 1050 καὶ
1154 1000 1213 1051 ὲν
1242 998 1320 1067 τῷ
1352 1001 1788 1070 κατεργάζεσθαι
1831 1003 1985 1068 αὐτὸ,

398 1080 494 1134 διὰ
515 1081 595 1147 τὸ,
625 1084 709 1137 Οὐ
747 1083 860 1153 γὰρ
904 1085 936 1139 ὃ
971 1088 1043 1140 οὐ
1086 1086 1236 1142 θέλω
1265 1090 1413 1144 ποιῶ
1452 1091 1679 1161 ἀγαθὸν
1712 1092 1982 1163 λελέχθαι’

397 1170 593 1225 ἁλλ⁹ὃ
631 1174 704 1226 οὐ
733 1173 889 1227 θέλω
916 1175 1127 1243 κακὸν,
1157 1179 1335 1233 τοῦτο
1351 1181 1626 1252 πρᾴσσω,
1644 1181 1948 1252 ἀξιώσομέν
1967 1184 1984 1215 ¹

399 1279 535 1326 που,
561 1263 610 1316 εί
641 1263 818 1334 ἀληθῆ
872 1265 1019 1334 λέγει
1052 1270 1080 1321 ὁ
1115 1268 1289 1323 ταῦτα
1318 1250 1516 1339 λέγων,
1566 1250 1903 1343 διασαφῆσαι
1932 1273 1987 1327 τί

396 1347 474 1423 ἦν
489 1352 550 1406 τὸ
570 1356 738 1408 κακὸν
757 1355 785 1407 δ
810 1356 993 1425 ἐμίσει
1020 1358 1119 1429 μὲν
1145 1362 1172 1413 ὁ
1217 1360 1539 1426 ’Δ-ιτόστολος
1569 1364 1664 1416 καὶ
1699 1364 1800 1417 οὐκ
1828 1364 1984 1417 ἐδού-

398 1443 528 1496 λετο
579 1448 773 1511 ποιεῖν,
835 1446 1009 1500 ἐποίει
1038 1448 1115 1514 δὲ,
1170 1450 1357 1504 καὶτὸ
1400 1453 1635 1520 ἀγαθὸν²
1660 1454 1689 1506 δ
1731 1454 1982 1508 ἐϐούλετο

402 1539 510 1609 μὲν
539 1541 729 1605 ποιεῖν,
755 1541 855 1595 οὐκ
883 1542 1056 1597 ἐποίει
1086 1546 1107 1578 ³
1134 1545 1214 1611 δὲ,
1242 1546 1355 1599 ἀλλ’
1376 1547 1767 1620 ἀντιστρόφως,
1784 1550 1972 1613 ὁσάκις

400 1631 509 1699 μὲν
564 1631 725 1700 ἧθελε
789 1635 1014 1703 ποιῆσαι
1061 1636 1123 1689 τὺ
1175 1636 1402 1705 ἀγαθὸν,
1446 1641 1775 1703 τοσαυτάκις
1820 1640 1882 1693 οὐ
1925 1640 1986 1694 τὸ

396 1719 628 1788 ἀγαθὸν,
664 1720 693 1773 δ
730 1722 941 1791 ἢθελεν,
986 1725 1185 1787 ἐποίει,
1243 1726 1380 1780 ἀλλὰ
1425 1727 1487 1780 τὸ
1528 1730 1788 1799 πονηρὸν,
1835 1729 1863 1782 ὃ
1908 1729 1984 1801 μὴ

395 1809 613 1879 ἢθελεν,
662 1812 855 1864 ἐποίει.
903 1813 1026 1877 Πῶς
1059 1814 1116 1868 δὲ
1146 1816 1241 1869 καὶ
1264 1819 1411 1889 ἡμᾶς
1437 1820 1516 1881 εἰς
1538 1818 1600 1871 τὸ
1632 1819 1985 1874 παντάπασιν

395 1900 830 1966 ὰποτινάξασθαι
849 1903 911 1956 τὺ
940 1905 1279 1977 ἁμαρτάνειν
1323 1910 1768 1981 προτρεπόμενος
1794 1915 1985 1979 Μιμη-

397 2002 497 2106 ἱαι
518 1992 541 2024 δ
568 2010 688 2096 μου
702 1995 1173 2106 Ιἰίῃάιιιοφαίνεται,
1216 2001 1481 2069 γίνεσθε,
1517 2003 1538 2033 ⁸
1574 2001 1771 2069 καθὼς
1821 2005 1986 2072 κάγὼ
2019 2052 2062 2106 Β

394 2084 681 2153 Χριστοῦ;
707 2084 895 2150 Οὕτως
925 2087 987 2140 οὐ
1012 2089 1105 2141 τδτ
1137 2092 1314 2143 ποιεῖν
1343 2090 1379 2145 ἃ.
1410 2091 1485 2162 μὴ
1512 2092 1704 2162 ἤθελεν
1755 2092 1988 2148 ὑπέθετο

392 2173 467 2227 τὰ
505 2176 903 2246 προειρημένα,
948 2177 1085 2232 ἀλλὰ
1126 2179 1223 2232 τδ⁸
1254 2180 1416 2250 μόνον
1463 2182 1777 2251 λογίζεσθαι
1803 2200 1817 2215 ·
1868 2185 1992 2238 ἐπεὶ

394 2263 516 2326 πῶς
543 2262 610 2318 ἂν
637 2260 707 2337 ἦν
735 2267 979 2338 μιμητὴς
1011 2268 1249 2340 Χριστοῦ
1275 2271 1537 2342 ἀκριϐής;

466 2354 647 2409 Καλὸν
706 2357 807 2427 μὲν
865 2357 958 2411 οὖν
993 2398 1009 2424 ,
1059 2360 1110 2413 εί
1171 2359 1248 2432 μὴ
1312 2363 1531 2433 εἴχομεν
1561 2404 1578 2428 ,
1643 2359 1713 2434 ἦν
1770 2365 1836 2419 ἂν
1893 2367 1990 2421 καὶ

407 2446 820 2517 χαρμιώτατον,
879 2450 1008 2514 τοὺς
1062 2454 1526 2524 ἀντιπράσσοντας
1569 2458 1703 2526 ἡμῖν
1744 2459 1838 2512 καὶ
1882 2477 1989 2529 μα-

389 2537 660 2607 χομένους
698 2555 713 2569 ⁸
800 2541 923 2595 ἐπεὶ
974 2542 1032 2594 δὲ
1085 2542 1246 2598 τοῦτο
1333 2544 1488 2616 [484
1542 2547 1659 2620 Η.]
1722 2550 1987 2605 ἀδύνατον

388 2631 492 2683 καὶ
540 2630 570 2684 ὃ
633 2630 860 2702 θέλομεν
911 2634 972 2688 οὐ
1022 2634 1299 2705 δυνάμεθα
1363 2637 1640 2709 (θέλομεν
1718 2642 1828 2712 γὰρ
1907 2641 1981 2712 μὴ

389 2715 541 2787 ἔχειν
560 2720 688 2784 τοὺς
712 2720 1032 2786 ὲξέλκοντας
1063 2725 1146 2788 είς
1175 2725 1323 2795 πάθη
1342 2744 1354 2757 ·
1378 2722 1446 2795 ἦν
1470 2728 1579 2799 γὰρ
1597 2729 1664 2783 ἂν
1680 2732 1700 2763 ⁰
1730 2732 1986 2803 ἀνιδρωτὶ

388 2809 637 2878 σωθῆναι
661 2827 676 2843 '
711 2812 808 2866 καὶ
857 2813 887 2867 δ
938 2814 1165 2885 θέλομεν
1224 2818 1385 2872 τοῦτο
1426 2820 1489 2872 οὐ
1541 2822 1771 2889 γίνεται,
1824 2824 1986 2878 ἀλλ’δ

382 2899 451 2953 οὐ
482 2900 743 2971 θέλομενο
779 2904 863 2957 δεῖ
900 2904 1011 2976 γὰρ
1065 2908 1214 2977 ἡμᾶς
1241 2908 1638 2978 δοκιμάζεσθαι
1661 2913 1737 2976 ὡς
1767 2914 1983 2987 ὲχρῆν),

385 2988 470 3061 μὴ
492 2989 808 3061 ὲνδιδῶμεν,
832 2987 876 3047 ὧ
900 2994 1070 3066 ψυχὴ,
1102 2998 1177 3067 μὴ
1202 2999 1495 3069 ὲνδιδῶμεν
1519 3002 1562 3033 ¹⁰
1583 3001 1713 3071 τῷ¹¹
1739 3005 1983 3074 πονηρῷ,

395 3079 554 3135 Ἀλλ’
591 3083 1065 3154 ἁναλαόόντες¹²
1097 3088 1214 3157 τὴν
1268 3093 1622 3146 πανοπλίαν
1688 3096 1797 3149 τοῦ
1836 3097 1984 3151 Θεοῦ

380 3171 926 3239 ὐπερασπίζουσαν
974 3175 1166 3246 ἡμῶν,
1198 3179 1585 3249 ἐνδυσώμεθα
1606 3183 1715 3238 τὸν
1751 3185 1985 3255 θώρακα

376 3261 500 3333 τῆς
533 3265 948 3336 δικαιοσύνης,
1008 3270 1107 3323 καί
1134 3270 1576 3340 ὑποδησώμεθα
1600 3274 1644 3305 ¹³
1690 3274 1833 3340 τοὺς
1863 3276 1974 3329 πό-

2089 820 2256 875 dienti
2289 834 2463 875 ausus
2494 818 2717 882 dixerit,
2753 817 2910 886 quasi
2947 818 3139 872 doceat
3179 816 3493 885 Apostolus,
3528 814 3671 884 quod

2091 925 2198 965 non
2222 910 2395 965 solum
2418 907 2803 964 ratiocinando
2843 906 3044 962 malum
3096 908 3401 970 oderimus,
3440 915 3494 961 et
3524 906 3668 973 quod

2088 1002 2374 1066 nolumus,
2406 999 2702 1062 faciamus;
2740 997 2835 1053 sed
2884 998 3048 1052 etiam
3096 996 3147 1051 in
3185 997 3460 1065 operando
3505 995 3556 1049 id
3590 995 3674 1063 ip-

2088 1106 2231 1156 sum,
2253 1105 2320 1144 eo
2348 1090 2493 1158 quod
2526 1089 2671 1143 dicat
2703 1105 2717 1141 :
2771 1085 2895 1140 Non
2928 1086 3068 1155 quod
3113 1085 3229 1139 volo
3254 1083 3392 1154 facio
3423 1084 3615 1137 bonum
3647 1098 3667 1136 :

2088 1181 2178 1237 sed
2209 1180 2347 1249 quod
2382 1178 2501 1232 nolo
2526 1177 2744 1243 malum,
2777 1177 2873 1231 hoc
2903 1176 3041 1245 facio
3063 1173 3202 1241 d,ab
3236 1174 3359 1237 hoc,
3389 1174 3479 1240 qui
3515 1176 3665 1235 vere,

2089 1273 2159 1326 ita
2190 1268 2384 1340 295b
2415 1279 2475 1323 ut
2502 1267 2651 1331 dicit,
2699 1268 2887 1331 sentit,
2927 1267 3162 1335 petimus
3186 1263 3445 1335 explicari
3476 1300 3492 1327 ,
3535 1261 3667 1332 quid

2088 1362 2159 1417 sit
2186 1363 2313 1416 illud
2348 1361 2545 1414 malum
2580 1359 2723 1427 quod
2767 1358 3056 1426 Apostolus
3101 1358 3311 1419 oderat,
3352 1366 3408 1411 et
3451 1355 3672 1410 nolebat

2089 1453 2287 1507 facere.
2321 1450 2572 1505 Faciebat
2597 1461 2805 1513 autem,
2839 1459 2895 1502 et
2920 1450 3140 1512 bonum,
3174 1446 3319 1516 quod
3344 1445 3555 1501 volebat
3584 1444 3666 1498 fa-

2087 1559 2233 1608 cere,
2266 1554 2444 1597 tamen
2478 1557 2582 1596 non
2619 1539 2868 1604 faciebat;
2898 1541 2991 1594 sed
3019 1536 3206 1592 contra
3229 1538 3427 1606 potius,
3449 1537 3668 1605 quoties

2088 1634 2301 1690 volebat
2336 1635 2536 1690 bonum
2573 1633 2772 1697 facere,
2811 1631 2973 1685 toties
3006 1632 3231 1693 bonum,
3261 1629 3403 1699 quod
3434 1626 3666 1689 volebat,

2087 1740 2194 1778 non
2244 1723 2496 1789 faciebat,
2540 1721 2635 1776 sed
2680 1721 2903 1784 malum,
2948 1718 3093 1787 quod
3126 1716 3363 1783 nolebat,
3412 1712 3667 1769 faciebat.

2088 1813 2549 1882 Quemadmodum
2583 1826 2713 1867 vero
2745 1825 2843 1865 nos
2871 1824 3107 1879 quoque,
3159 1816 3218 1861 ut
3252 1814 3531 1878 peccatum
3569 1820 3665 1873 pe-

2088 1907 2233 1961 nitus
2284 1904 2604 1973 abjiciamus
2670 1901 2995 1956 adhortatur
3047 1917 3061 1953 :
3103 1900 3431 1960 Imitatores,
3472 1896 3668 1964 inquit,

2087 2000 2187 2053 mei
2217 2006 2400 2061 estote,
2422 1998 2557 2051 sicut
2587 2003 2637 2050 et
2664 2010 2756 2064 ego
2788 1991 2988 2048 Christi
3013 2003 3037 2031 °
3088 2009 3103 2046 :
3145 1990 3218 2044 ita
3266 2005 3370 2044 non
3416 1985 3670 2043 faciendo

2091 2104 2211 2160 qua!
2238 2089 2477 2151 nolebat,
2524 2085 2749 2154 subiicit
2796 2093 2923 2139 ante
2967 2083 3133 2138 dicta.
3172 2081 3279 2137 Sed
3306 2080 3481 2136 solum
3520 2077 3669 2149 cogi-

2094 2181 2258 2235 tando
2291 2179 2561 2249 quomodo
2588 2175 2791 2231 Christi
2822 2174 3044 2230 sedulus
3070 2175 3176 2229 erit
3219 2171 3493 2228 imitator?

2161 2354 2369 2409 Bonum
2402 2354 2588 2424 igitur,
2624 2352 2726 2408 nisi
2753 2353 3081 2409 haberemus
3112 2351 3295 2406 hostes
3323 2359 3379 2405 et
3414 2348 3673 2413 adversa-

2090 2446 2220 2507 rios,
2244 2454 2361 2499 erat
2383 2444 2864 2514 iucundissimum.
2899 2441 3007 2496 Sed
3040 2443 3165 2510 quia
3191 2441 3293 2496 hoc
3325 2448 3444 2495 erat
3464 2439 3671 2507 impos-

2088 2535 2263 2600 sihile,
2291 2544 2345 2589 et
2384 2550 2503 2603 qua:
2532 2534 2801 2597 volumus,
2836 2532 3131 2600 nequimus
3168 2549 3183 2586 :
3237 2530 3484 2585 nolumus
3523 2529 3669 2583 enim

2090 2626 2459 2689 adversarios,
2493 2625 2584 2694 qui
2633 2639 2735 2681 nos
2787 2625 2838 2679 in
2879 2623 3011 2677 vitia
3057 2622 3279 2676 trahant
3316 2620 3483 2692 (quod
3525 2630 3672 2676 esset

2087 2720 2206 2774 sine
2235 2721 2431 2774 sudore
2460 2716 2704 2788 salvari).
2742 2719 2807 2772 Et
2837 2717 2941 2771 hoc
2970 2717 3113 2785 quod
3143 2715 3415 2779 volumus,
3443 2728 3549 2768 non
3586 2712 3670 2776 lit,

2087 2812 2179 2864 sed
2210 2812 2350 2879 quod
2383 2811 2650 2865 nolumus.
2679 2808 2982 2878 Oportebat
3012 2809 3157 2864 enim
3198 2822 3298 2862 nos
3331 2806 3573 2877 probari;
3603 2818 3672 2859 ne

2087 2904 2369 2967 dedamus,
2417 2916 2450 2956 o
2487 2901 2693 2965 anima,
2729 2915 2797 2954 ne
2829 2901 3091 2954 dedamus
3129 2913 3228 2952 nos
3256 2898 3311 2952 in
3339 2896 3483 2952 malo
3513 2913 3526 2951 :
3564 2894 3671 2951 Sed

2086 2995 2394 3060 accipientes
2418 3004 2747 3046 armaturam
2774 2991 2873 3045 Dei
2909 3001 3261 3061 protegentem
3299 3005 3414 3053 nos,
3465 2987 3672 3042 indua-

2085 3100 2206 3136 mur
2238 3083 2456 3136 loricam
2486 3081 2739 3150 justitiaz,
2770 3088 2818 3133 et
2858 3078 3147 3133 calceemus
3186 3076 3341 3147 pedes
3368 3076 3425 3130 in
3454 3090 3671 3144 μητρα-

2087 3176 2349 3229 rationem
2399 3172 2693 3241 Evangelii,
2749 3171 2804 3224 in
2857 3170 3100 3224 omnibus
3150 3184 3421 3222 sumamus
3465 3176 3672 3220 scutum

2084 3267 2232 3334 fidei,
2271 3267 2325 3318 in
2357 3281 2458 3335 quo
2503 3264 2765 3333 possimus
2805 3261 2984 3315 omnia
3032 3259 3137 3314 tela
3182 3259 3484 3326 nequissimi
3518 3257 3671 3325 ignea

375 3353 500 3419 δας
524 3354 595 3407 ἐν
613 3355 924 3425 ἑτοιμασίᾳ
973 3357 1085 3412 τοῦ
1127 3361 1524 3429 Εὐαγγελιόυ,
1563 3363 1665 3416 ἐπὶ
1728 3365 1882 3419 πᾶσί
1918 3384 1979 3421 τε

2088 3357 2435 3425 exstinguere,
2469 3365 2515 3408 et
2549 3354 2753 3424 galeam
2800 3350 3015 3414 salutis,
3064 3359 3116 3404 et
3165 3350 3401 3419 gladium
3430 3349 3670 3416 spiritus,

375 3444 777 3515 ἀναλάϐωμεν
820 3449 927 3500 τὸν
969 3449 1187 3515 θυρεὸν
1226 3449 1339 3519 τῆς
1367 3452 1649 3519 πίστεως,
1697 3454 1769 3507 ἐν
1802 3450 1843 3526 ᾖ
1872 3457 1978 3511 δυ-

373 3536 694 3604 νησόμεθα
730 3537 930 3591 πάντα
958 3538 1032 3592 τὰ
1048 3541 1209 3609 ,βέλη
1250 3541 1361 3595 τοῦ
1387 3544 1660 3612 πονηροῦ
1695 3546 1767 3599 τὰ
1793 3560 1979 3601 πεπυ-

364 3624 618 3695 ρωμένα
678 3627 918 3695 σϐέσαι,
947 3629 1075 3702 [916
1104 3630 1198 3703 IL]
1229 3633 1326 3687 καί
1352 3635 1469 3702 τήν
1501 3640 1978 3705 περικεφαλαίαν

373 3715 493 3769 τοῦ
516 3719 816 3785 σωτηρίου
845 3721 945 3775 καὶ
970 3721 1086 3790 τὴν
1119 3723 1442 3791 μάχαιραν
1470 3724 1578 3779 τοῦ
1607 3728 1971 3796 πνεύματος,

373 3804 417 3861 ὅ
436 3806 567 3862 ἐστι
587 3808 753 3878 ῥῆμα
779 3812 948 3877 Θεοῦ,
973 3812 1124 3880 πρὸς
1164 3813 1231 3866 τὸ
1255 3813 1551 3870 δύνασθαι
1575 3817 1797 3885 στῆναι
1823 3818 1974 3886 πρὸς

2078 3454 2217 3523 quod
2246 3461 2322 3506 est
2354 3449 2564 3504 verbum
2590 3448 2717 3514 Dei,
2751 3455 2808 3500 ut
2837 3446 3049 3514 possitis
3079 3454 3223 3499 stare
3254 3445 3502 3497 adversus
3534 3441 3671 3493 insi-

2077 3546 2196 3599 dias
2233 3541 2454 3605 diaboli,
2489 3538 2716 3593 consilia
2751 3539 3023 3592 destruere
3056 3535 3107 3602 ί,
3159 3546 3207 3589 et
3240 3550 3445 3589 omnem
3480 3532 3668 3586 altitu-

2078 3636 2251 3689 dinem
2298 3632 2633 3686 extollentem
2680 3646 2735 3684 se
2778 3636 2962 3682 contra
3002 3626 3279 3679 scientiam
3316 3622 3515 3678 Christi
3544 3624 3593 3674 ε.
3621 3651 3670 3662 -

2084 3725 2349 3791 Quoniam
2383 3740 2486 3777 non
2515 3731 2592 3776 est
2642 3721 2786 3775 nobis
2827 3718 3140 3773 colluctatio
3183 3717 3434 3771 adversus
3457 3727 3671 3768 can-ent

2078 3830 2129 3875 et
2155 3820 2460 3888 sanguinem
2478 3818 2507 3857 ιι
2521 3856 2536 3871 .

370 3899 501 3969 τὴν
521 3901 839 3969 μεθοδείαν
876 3903 983 3958 τοῦ
1011 3903 1315 3971 διαϐόλου,
1340 3910 1673 3977 λογισμούς
1696 3926 1759 3963 τε
1787 3910 2064 3965 καθελεῖν
2122 3910 2222 3966 καὶ
2244 3909 2369 3964 πᾶν
2426 3909 2646 3977 ὕψωμα
2697 3907 3096 3976 ἐπαιρόμενον
3125 3904 3290 3958 ’κατὰ
3338 3899 3450 3971 τῆς
3517 3896 3669 3970 γνώ-

369 4008 537 4059 σεως
555 3994 661 4048 τοῦ
686 3995 1047 4060 Χριστοῦ.-
1080 3996 1210 4049 Ὅτι
1223 3998 1312 4066 μὴ
1341 3998 1516 4052 ἐστιν
1552 4000 1699 4069 ἡμῖν
1728 4002 1767 4069 ἠ
1791 4002 1958 4070 πάλη
1997 4001 2149 4072 πρὸς
2178 3997 2323 4070 αἷμα
2344 3999 2446 4055 καὶ
2477 3998 2677 4068 σάρκα
3040 4018 3045 4023 λ

457 4086 540 4139 Οὐ
573 4085 682 4153 γὰρ
704 4084 750 4116 ¹¹⁵
779 4084 811 4138 ὃ
840 4084 994 4139 θέλω
1032 4086 1309 4155 πράσσω,
1364 4089 1503 4143 ἀλλ’
1532 4090 1564 4144 ὃ
1584 4090 1767 4160 μισῶ,
1797 4093 1976 4148 τοῦτο

369 4176 547 4232 ποιῶ.
569 4181 637 4232 El
657 4177 726 4231 δὲ
739 4180 783 4212 ¹¹
801 4178 832 4233 ὃ
857 4179 1031 4244 θέλω,
1046 4180 1223 4235 τοῦτο
1237 4180 1406 4243 ποιῶ,
1425 4183 1700 4252 σύμφημι
1716 4183 1796 4250 τῷ
1814 4186 1977 4255 νόμῳ

368 4268 473 4324 ὅτι
523 4271 713 4334 καλός
741 4269 784 4301 ¹⁶
815 4285 831 4301 ⁸
866 4271 1006 4324 νυνὶ
1050 4271 1118 4324 δὲ
1146 4271 1346 4326 οὐκέτι
1394 4272 1510 4341 ἐγὼ
1549 4274 1974 4344 κατεργάζομαι

368 4361 549 4425 αὐτὸ,
608 4362 747 4416 ἀλλ’
780 4361 820 4429 ἡ
849 4360 1108 4415 οἰκοῦσα
1135 4363 1177 4395 ¹⁷
1210 4363 1281 4416 ἐν
1320 4362 1453 4432 ἐμοὶ
1500 4364 1778 4432 ἁμαρτία.
1829 4362 1975 4419 Οἶδα

369 4453 489 4521 γὰρ
518 4449 606 4505 ὅτι
636 4454 748 4505 οὐκ
774 4453 930 4506 οἰκεῖ
949 4453 1019 4506 ἐν
1051 4453 1204 4520 ἐμοὶ,
1245 4453 1564 4508 τουτέστιν
1581 4454 1653 4508 ἐν
1682 4454 1758 4524 τῇ
1780 4458 1966 4524 σαρκί

364 4559 516 4612 μου,
559 4542 626 4596 τὸ
672 4543 919 4612 ἀγαθὸν,
963 4544 1145 4607 ὁπθῶς
1185 4546 1383 4613 λέγων.
1423 4545 1722 4616 Μέμνησθε
1748 4546 1857 4617 γὰρ
1885 4547 1962 4610 ὡς

2156 4092 2281 4147 Νοη
2305 4094 2442 4147 enim
2474 4091 2615 4159 quod
2654 4090 2790 4155 uolo,
2810 4088 2906 4143 hoc
2952 4104 3091 4157 ago;
3120 4085 3212 4141 sed
3252 4084 3393 4155 quod
3436 4083 3544 4145 odi,
3573 4085 3671 4137 hoc

2079 4185 2245 4255 facio.
2272 4184 2333 4239 Si
2363 4193 2538 4237 autem
2565 4183 2702 4253 quod
2741 4182 2881 4240 nolo.
2907 4180 3043 4233 illud
3065 4178 3231 4247 facio,
3256 4177 3521 4230 consentio
3544 4174 3671 4245 legi,

2080 4277 2328 4347 quoniam
2372 4275 2507 4329 bona
2554 4284 2652 4327 est.
2712 4269 2870 4325 Nunc
2915 4280 3092 4324 autem
3139 4285 3243 4322 non
3292 4267 3521 4337 amplius
3575 4281 3670 4335 ego

2079 4382 2267 4434 oneror
2295 4365 2449 4429 illud,
2485 4365 2575 4418 sed
2604 4363 2741 4432 quod
2772 4362 2975 4416 habitat
3006 4362 3059 4415 in
3099 4376 3179 4413 me
3214 4367 3509 4428 peccatum.
3542 4356 3668 4412 Scio

2079 4460 2217 4512 enim
2249 4458 2377 4528 quia
2408 4473 2511 4511 non
2550 4455 2754 4509 habitat
2786 4455 2840 4507 in
2869 4469 2969 4516 me,
2999 4453 3097 4505 hoc
3124 4460 3201 4504 est
3243 4450 3297 4502 in
3334 4464 3491 4502 carne
3529 4463 3669 4511 mea,

2071 4548 2263 4601 bonum
2292 4548 2338 4611 ί,
2388 4554 2535 4602 recte
2571 4546 2760 4599 dicens
2810 4540 2992 4612 [divus
3048 4536 3291 4610 Paulus].
3345 4536 3669 4591 Meministis

374 4634 440 4685 ὲν
467 4635 580 4695 τοῖς
601 4632 916 4704 ἔμπροσθεν
943 4634 1329 4704 διωριζόμεθα,
1357 4627 1525 4704 ἀφ’οὗ
1556 4635 1648 4688 τὸν
1673 4635 1962 4705 ἄνθρωπον

2088 4639 2242 4703 :nim,
2271 4635 2726 4707 quemadmodum
2755 4640 2975 4719 διήθει-’ᾦ
3011 4628 3171 4685 nobis
3194 4630 3525 4700 explicatum
3557 4636 3663 4695 est,

376 4720 722 4793 πλανηθέντα
754 4725 853 4794 τὴν
890 4725 1113 4794 ἐντολὴν
1155 4725 1420 4796 ἀθετῆσαι
1450 4726 1676 4798 συνέὅη,
1716 4727 1967 4781 ἐντεῦθεν

2088 4740 2357 4799 )ostquam
2381 4728 2579 4783 accidit
2612 4737 2669 4781 ut
2702 4728 2863 4781 homo
2894 4716 3150 4795 deceptus
3170 4732 3498 4794 praeceptum
3525 4735 3659 4773 con-

369 4812 444 4867 ὲκ
472 4813 572 4883 τῆς
600 4815 888 4885 παρακοῆς
911 4816 1011 4885 τὴν
1045 4816 1321 4886 ἁμαρτίαν
1348 4817 1620 4870 λαϐοῦσαν
1654 4812 1868 4886 γένεσιν
1888 4822 1969 4884 εἰς

368 4903 537 4957 αὑτὸν
574 4906 960 4976 είσῳκηκέναι.
1004 4904 1161 4959 Οὕτω
1183 4908 1294 4977 γὰρ
1324 4908 1512 4971 στάσις
1546 4909 1796 4973 ἐνέπεσε,
1830 4926 1968 4976 σφα-

364 4995 599 5064 δασμῶν
631 4996 675 5029 ¹⁸
702 5014 759 5049 τε
788 4997 883 5050 καὶ
914 4996 1194 5065 λογισμῶν
1221 4998 1507 5051 ἀνοικείων
1539 4999 1963 5070 ἐπληρώθημεν,

364 5085 705 5150 κενωθέντες
735 5087 836 5157 μὲν
868 5087 962 5141 τοῦ
994 5088 1392 5158 ἐμφυσήματος
1445 5087 1537 5141 τοῦ
1606 5089 1765 5155 Θεοῦ,
1826 5091 1968 5161 πλη-

444 5195 473 5235 d
500 5195 657 5250 Rom.
692 5212 793 5265 vn,
835 5198 922 5266 19,
961 5200 1052 5256 20.

366 5281 475 5332 vn,
530 5267 597 5321 15
633 5266 722 5321 18.

1131 5211 1155 5239 θ
1189 5199 1203 5253 Ι
1234 5199 1361 5254 Cor.
1396 5215 1471 5264 ιι,
1499 5201 1549 5255 1.
1628 5200 1650 5242 ί
1681 5203 1882 5272 Ephes.
1913 5216 1979 5269 Vl,

2096 5205 2211 5260 ~17.
2292 5205 2383 5259 isll
2415 5204 2543 5260 Cor.
2576 5219 2634 5269 χ,
2688 5202 2743 5259 5.
2835 5202 2863 5244 ιι
2899 5201 3099 5272 Ephes.
3142 5216 3218 5267 vr,
3272 5197 3361 5251 12.

2077 4828 2369 4881 temnerel,
2417 4821 2484 4873 ab
2527 4819 2616 4872 illo
2649 4828 2892 4887 tempore
2959 4826 3261 4888 peccatum,
3312 4821 3535 4883 propter
3586 4811 3668 4865 in-

2074 4909 2469 4974 ohedientiam,
2494 4910 2759 4978 originem
2795 4908 3008 4978 accepit
3040 4908 3093 4962 in
3126 4906 3343 4961 homine
3367 4902 3665 4958 habitandi.

2077 4996 2134 5053 ιιι
2169 4998 2317 5052 hunc
2363 4997 2746 5053 enim.statum
2786 5011 2871 5050 res
2906 4995 3117 5051 incidit.
3167 4990 3448 5049 Erumnis
3490 4988 3668 5043 anxiis

2075 5099 2132 5145 et
2168 5090 2593 5161 cogitationibus
2636 5088 2969 5159 importunis
2997 5087 3271 5158 oppressi,
3326 5084 3418 5138 Dei
3466 5081 3663 5150 spiritu

3444 5195 3459 5235 ί
3502 5192 3663 5247 Rom-

1674 5390 1914 5447 VARUE
1988 5385 2395 5446 LECTIONES.

435 5520 485 5553 "
511 5520 627 5589 λογ.
688 5522 730 5577 11
762 5521 890 5578 Cor.
927 5539 982 5589 ι,
1004 5524 1058 5579 5.
1134 5524 1182 5557 ’⁸
1204 5525 1369 5594 ὁμόσε
1398 5540 1509 5580 om.
1535 5527 1644 5581 AB.
1721 5527 1767 5559 ”
1796 5528 2111 5598 πράττομεν
2136 5545 2196 5591 ς.

435 5591 597 5644 ἑποίει
630 5520 689 5644 δὲ
721 5608 832 5644 om.
862 5593 967 5644 AB.
1050 5594 1073 5625 ⁸
1108 5594 1301 5644 um.“
1336 5594 1465 5644 Cor.
1503 5612 1580 5644 ιι.
1618 5597 1669 5644 1.
1763 5597 1785 5629 ⁸
1817 5614 1917 5644 uou
1948 5614 2060 5644 nm-
2095 5615 2177 5644 nr-

366 5590 597 5666 ’ἐποίει
630 5590 689 5666 δε
721 5608 832 5666 om.
1050 5594 1073 5625 ⁸
1107 5590 1304 5666 μιμ.]1
1336 5594 1478 5666 Cor.
1503 5612 1581 5659 si,
1618 5597 1669 5649 1.

368 5660 452 5727 τῷ
491 5677 553 5725 ς.
665 5664 686 5694 ⁸
723 5662 789 5715 ἂν
818 5663 941 5716 add.
972 5664 1037 5717 A.

376 5731 419 5800 ’ξ
452 5730 846 5800 ὑποδυσιῖῳεθα
877 5749 935 5794 ς.

374 5799 417 5834 ⁸⁷
450 5799 1105 5872 οίκοῦσαΪὲνοικοῦσαἈ.
1180 5799 1223 5838 ⁸⁵
1256 5799 1611 5877 σφαδαῖσμῶν
1638 5806 1704 5862 Α.

1034 5704 1075 5765 ί,
1135 5665 1193 5750 ,ω
1225 5664 1563 5765 ἔνδᾏδβεξένίέ)
1588 5666 1737 5765 φὶ)χῆ
1765 5664 1866 5765 iiii-lt
1895 5668 2022 5765 ὲχδί)
2038 5664 2107 5723 Ai
2218 5669 2257 5700 “
2287 5671 2365 5740 τῷ
2415 5664 2467 5725 Ἀ
2510 5690 2524 5724 :
2552 5672 2611 5723 ἐν
2634 5670 2713 5740 τῷ
2732 5687 2792 5733 ς.
2880 5664 3181 5747 ¹¹.ἀναλα6.

1095 5751 1157 5765 Α..
1197 5750 1305 5765 wn.
1411 5750 1432 5765 ρ
1481 5751 1516 5765 υ
1562 5753 1588 5765 Α
1685 5754 1746 5765 λ..
1888 5754 1913 5765 ,-
2034 5755 2118 5765 Α...
2175 5755 2247 5765 ....
2299 5742 2364 5765 νι
2477 5742 2519 5765 ιιι
2563 5740 2605 5765 ,ι
2642 5740 2695 5765 n
2824 5750 3080 5765 -,...-.ω..
3144 5733 3173 5765 Α

1095 5734 1157 5787 οὐ
1184 5750 1305 5809 *γαρ
1326 5731 1389 5809 ὃ]⁸
1409 5731 1460 5785 ει
1481 5731 1746 5809 γάρὸ-οὖ
1766 5731 1831 5791 Β.
1886 5738 1956 5793 cf.
1983 5738 2141 5796 Rom.
2175 5755 2271 5809 VII,
2299 5731 2385 5798 13.
2477 5742 2519 5774 ¹⁸
2560 5740 2607 5794 εἰ
2640 5731 2696 5793 δέ
2724 5731 2793 5781 έ-
2824 5735 2967 5791 ποιῶ
2993 5750 3105 5791 0111.
3136 5733 3181 5788 Α

3171 5527 3193 5556 ¹
3226 5521 3319 5577 καὶ⁵
3356 5518 3418 5573 τὸ
3438 5518 3665 5587 ἀγαθόν.

3326 5588 3350 5602 α

2279 5528 2295 5559 ¹
2329 5528 2654 5599 ἀξιώσωμέν
2689 5547 2752 5594 ς.
2784 5525 3000 5599 άληθῶς
3035 5543 3095 5590 ς.

1763 5597 1785 5629 ⁸
1810 5590 1917 5670 μου
1948 5590 2061 5670 om.
2095 5590 2178 5668 pr.
2211 5598 2276 5670 Α.
2353 5590 2652 5670 (γίνεσθαι
2684 5590 2746 5664 ᾇ.
2821 5599 2841 5629 ⁷
2862 5590 2924 5670 “ib
2946 5611 3099 5670 mg._:
3139 5590 3385 5670 libi-isti».
3459 5590 3481 5620 ⁸
3514 5590 3664 5670 toﬁ.

2218 5669 2257 5700 “
2287 5671 2365 5740 τῷ
2418 5669 2467 5725 Α
2510 5690 2524 5724 :
2552 5672 2611 5723 ἐν
2634 5670 2713 5740 τῷ
2732 5687 2792 5733 ς.

2880 5668 2924 5698 ¹¹
2954 5658 3210 5730 ἀιῖαλαόλ
3239 5658 3435 5730 Ephes.
3465 5673 3538 5730 ιιι,
3574 5658 3661 5730 ίᾷ.

3185 5660 3435 5787 ἐεριέξε.
3465 5673 3538 5719 vt,
3574 5660 3661 5713 l3.

3228 5772 3246 5788 .
3398 5727 3563 5784 καλόν
3594 5727 3663 5783 Δ.
