3954 6436
454 354 588 422 1119

1606 358 1869 419 ΡΗΟΤΙΙ
1906 356 2411 418 PATRIARCHrE
2449 358 2556 419 ΟΡ.

3567 358 3681 427 11°20

452 465 597 519 exuti
647 478 855 528 sumus,
905 474 961 520 et
1011 464 1207 537 296a
1255 466 1523 535 corporali
1576 468 2033 535 concupiscientia

2160 466 2404 529 λυθέντες
2442 466 2499 519 δέ
2554 463 2849 535 ἐπιθυμίας
2912 466 3104 536 ὑλικῆς
3126 469 3253 539 ,-1ἢν
3309 469 3339 522 6
3383 468 3683 541 πολύτροπος

454 554 682 623 impleti,
716 569 877 623 quam
919 556 1149 610 callidus
1176 557 1332 611 nobis
1360 570 1585 625 serpens
1623 558 1867 610 immisit.
1898 556 2033 610 llinc

458 646 599 699 Deus
640 654 891 708 mortem,
927 661 1032 715 qua
1077 647 1285 699 deleret
1330 648 1380 699 in
1420 649 1574 701 nobis
1599 659 1901 715 peccatum,
1931 664 2033 702 ex-

454 735 736 803 cogitavit,
766 744 822 787 ut
866 750 932 789 ne
966 736 1017 788 in
1050 736 1224 799 nobis,
1268 737 1310 791 si
1358 737 1694 791 immortales
1740 739 2037 792 mansisse-

460 840 599 886 mns,
629 825 791 877 etiam
834 825 1274 893 concupiscentia
1320 841 1533 895 semper
1578 826 1904 893 repnllulans
1935 828 2035 879 im-

461 914 704 965 mortalis
737 923 901 968 esset.
956 914 1107 969 Unde
1147 915 1434 984 Apostolus
1474 932 1487 967 :
1543 913 1663 969 Scio
1708 916 1846 967 enim
1894 914 2033 983 quod

460 1021 562 1055 non
610 1006 806 1058 habitet
840 1006 893 1059 in
934 1021 1037 1069 me,
1085 1006 1181 1059 hoc
1229 1014 1327 1070 est,
1364 1005 1418 1058 in
1447 1021 1605 1058 carne
1641 1022 1778 1068 mea,
1814 1007 2036 1070 bonum;

462 1092 602 1157 quod
636 1109 755 1145 rum
783 1094 936 1158 dicit,
984 1092 1095 1145 vult
1133 1093 1411 1147 declarare
1451 1103 1730 1160 peccatum
1769 1093 1821 1146 in
1856 1094 2034 1157 nobis,

463 1194 581 1249 post
619 1185 1143 1252 praevaricationem,
1180 1200 1276 1253 per
1314 1185 1813 1253 concupiscentiam
1857 1185 2039 1238 niditi-

463 1292 634 1341 casse,
668 1278 821 1343 cujus
856 1277 1001 1330 velut
1045 1292 1181 1331 nova
1218 1278 1488 1346 germina,
1522 1277 1886 1343 cogitationes
1916 1292 2041 1329 car-

462 1384 587 1422 nem
643 1370 920 1424 titillantes
972 1369 1024 1424 in
1076 1370 1233 1423 nobis
1273 1384 1489 1438 semper
1550 1368 1878 1421 excitantur.
1927 1366 2042 1421 Duo

462 1457 608 1508 enim
640 1456 1026 1526 cogitationum
1049 1472 1246 1527 genera
1267 1456 1558 1520 exsistunt,
1587 1456 1815 1511 alterum
1844 1471 1872 1509 a
1908 1444 2042 1511 con-

464 1548 838 1616 cupiscientia,
871 1564 930 1603 se
979 1550 1028 1602 in
1062 1564 1260 1618 corpus
1291 1557 1540 1603 nostrum
1586 1549 1916 1609 insinuante.
1948 1564 2046 1602 na-

467 1647 598 1704 tum,
634 1640 773 1708 quod
818 1654 882 1694 ex
931 1656 1115 1703 sensu,
1142 1650 1199 1694 ut
1229 1640 1363 1705 dixi,
1396 1655 1489 1694 seu
1533 1641 1883 1710 cogitatione,
1917 1656 2041 1694 cor-

465 1729 665 1797 poralis
698 1731 921 1801 spiritus
946 1743 1179 1797 constat;
1208 1732 1437 1787 alterum
1464 1741 1647 1787 autem
1671 1749 1698 1786 a
1734 1734 1851 1803 lege
1880 1733 2043 1786 divini

2135 555 2465 625 ἐνεφύσησεν
2524 556 2603 618 είς
2661 555 2807 626 ἡμᾶς
2871 555 3019 624 ὄφις.
3056 556 3148 609 Διὸ
3180 558 3281 610 καὶ·
3303 557 3394 610 τὸν
3438 557 3686 614 θάνατονὸ

2134 648 2266 710 Θεὸς
2286 648 2422 717 πρὸς
2451 646 2729 717 ἀναίρεσιν
2754 644 2855 716 τῆς
2890 647 3165 716 ἁμαρτίας
3192 648 3331 716 ὑπὲρ
3363 647 3518 717 ἡμῶν
3554 650 3690 702 ἀνεύ-

2137 756 2291 811 ρατο,
2320 739 2407 792 ἵνα
2430 740 2506 809 μὴ
2534 740 2590 792 ἐν
2604 737 2892 801 ἀθανάτοις
2919 741 3053 808 ἡμῖν
3074 740 3425 803 ἀνατείλασα,
3455 739 3527 803 ὡς
3555 740 3687 810 ἔφην,

2136 828 2404 891 ἀθάνατος
2428 825 2488 899 ᾖ.
2512 827 2675 881 Ὅθεν
2702 829 2731 881 6
2772 827 3120 892 Ἀπόστολος,
3157 826 3301 882 Οἶδα
3329 830 3440 897 γὰρ
3489 828 3571 881 ὅτι
3599 831 3692 883 οὐκ

2138 918 2296 972 οἰκεῖ
2336 918 2407 971 ἐν
2444 918 2595 987 ἐμοὶ,
2654 917 2971 972 τουτέστιν
3022 918 3093 972 ἐν
3128 917 3201 986 τῇ
3252 919 3434 986 σαρκί
3473 937 3603 987 μου,
3639 920 3693 973 τὸ

2138 1009 2384 1077 ἀγαθὸν,
2420 1010 2598 1077 λέγων
2642 1007 2741 1079 τὴν
2800 1008 2909 1061 ἀπὸ
2955 1008 3053 1079 τῆς
3082 1008 3448 1077 παραϐάσεως
3488 1008 3569 1060 διὰ
3612 1008 3694 1077 τῆς

2138 1098 2429 1168 ἐπιθυμίας
2480 1096 2901 1151 είσοικισθεῖσαν
2966 1099 3046 1160 είς
3075 1097 3223 1166 ἡμᾶς
3282 1095 3550 1165 ἁμαρτίαν
3581 1094 3686 1161 βού-

2140 1190 2291 1243 λεται
2339 1188 2585 1260 μηνύειν,
2611 1183 2678 1259 ἦς
2719 1186 2784 1258 δὴ
2809 1186 3063 1257 καθάπερ
3092 1186 3454 1255 βλαστήματα
3478 1186 3517 1216 ¹⁹
3537 1188 3623 1237 νέα
3655 1188 3696 1241 al

2143 1278 2416 1348 φιλήδονοι
2452 1278 2579 1347 περὶ
2607 1278 2756 1347 ἡμᾶς
2786 1276 2875 1330 ἀεὶ⁸
2909 1275 3162 1346 λογισμοὶ
3189 1274 3553 1328 συνίστανται.
3594 1278 3701 1328 Δισ-

2146 1372 2213 1425 σά
2254 1370 2364 1441 γάρ
2406 1369 2464 1422 ἐν
2502 1370 2636 1438 ἡμῖν
2660 1367 2938 1439 λογισμῶν
2960 1368 3114 1438 γένη,
3146 1367 3206 1419 τὸ
3234 1366 3332 1436 μέν
3355 1365 3463 1418 ἀπὸ
3485 1368 3578 1433 τῆς
3602 1367 3701 1419 ἐπι-

2146 1462 2348 1534 θυμίας
2372 1463 2471 1532 τῆς
2492 1458 2922 1529 ἐμφωλευούσης
2956 1457 3113 1527 ἐντῷ
3145 1456 3359 1528 σώματι
3399 1455 3702 1526 συνιστάμεο

2146 1570 2257 1616 νον,
2275 1554 2400 1623 ἥτις
2420 1552 2479 1619 ἐξ
2505 1552 2747 1614 ἐπινοίας
2767 1552 2812 1583 ¹⁶
2847 1550 2943 1618 (ὡς
2975 1549 3133 1621 ἔφην)
3154 1548 3387 1619 συνέστη
3413 1545 3507 1600 τοῦ
3542 1547 3702 1601 ὑλικοῦ

2148 1642 2483 1713 πνεύματος,
2517 1642 2579 1695 τὸ
2614 1641 2671 1695 δέ
2697 1641 2806 1694 ἀπὸ
2858 1638 2953 1693 τοῦ
2984 1640 3151 1710 νόμου
3172 1638 3266 1692 τοῦ
3289 1639 3436 1692 κατὰ
3461 1636 3556 1706 τὴν
3580 1638 3705 1688 ἐντο-

2148 1733 2271 1804 λὴν,
2305 1733 2362 1786 δν
2387 1732 2626 1804 ἔμφυτον
2676 1730 2946 1801 ἐλάϐομεν
2978 1730 3126 1801 ἔχειν
3164 1728 3259 1782 καὶ
3286 1727 3519 1797 φυσικὸν
3545 1728 3705 1796 νόμον,

465 1800 739 1891 praecepti,
776 1822 1153 1896 [profectum],
1198 1841 1355 1892 quam
1406 1826 1481 1878 uti
1532 1800 1830 1878 naturalem
1874 1825 2045 1893 legem

2160 1800 2289 1897 πρὸς
2313 1826 2374 1880 τὸ
2404 1800 2567 1879 καλὸν
2599 1825 2757 1895 ἡμῶν
2784 1824 3131 1895 ἐξεγείροντα
3154 1821 3245 1875 τὸν
3266 1820 3544 1889 λογισμόν.
3569 1818 3707 1872 Ὅθεν

466 1928 495 1964 a
534 1912 641 1968 Deo
670 1915 886 1969 insitam
927 1917 1260 1983 accepimus,
1303 1930 1422 1983 quae
1444 1927 1678 1969 mentem
1718 1926 1956 1969 nostram
1982 1917 2049 1969 ad

464 2004 717 2057 virtutem
792 2005 1016 2060 excitat.
1074 2006 1228 2061 Unde
1290 2007 1732 2060 condelectamur
1792 2007 1935 2076 legi,
1996 2008 2049 2061 in

468 2096 673 2165 animo,
703 2097 803 2152 hoc
835 2099 979 2153 enim
1010 2099 1236 2153 interior
1274 2099 1436 2154 homo
1473 2110 1576 2155 est.
1608 2100 1733 2168 Legi
1771 2116 1901 2155 vero
1933 2101 2053 2154 dia-

467 2187 577 2241 boli
638 2186 1124 2262 [condeleetamur]
1170 2195 1479 2247 secundum
1537 2194 1927 2247 inhabitantem
1998 2193 2052 2247 in

470 2296 641 2335 carne
689 2284 1210 2351 concupiscentiam.
1263 2283 1519 2339 Diabolus
1562 2288 1730 2348 enim,
1766 2287 1857 2356 qui
1894 2301 2055 2357 repu-

470 2384 623 2438 gnat,
669 2384 723 2429 et
761 2383 1036 2444 oppugnat
1064 2375 1232 2445 legem
1274 2377 1366 2431 Dei
1398 2378 1549 2447 quasi
1577 2379 1837 2448 impetum
1873 2394 2057 2449 quem-

470 2466 593 2518 dam
627 2465 823 2520 mentis
857 2467 920 2519 ad
952 2466 1191 2532 bonum;
1231 2467 1318 2520 hic
1367 2478 1449 2521 est
1489 2467 1578 2536 qui
1615 2483 1809 2523 sensus
1838 2479 2055 2524 nostros

471 2556 786 2625 corporales
820 2566 874 2611 et
910 2558 1136 2611 vitiosos
1165 2573 1380 2627 semper
1424 2558 1653 2627 impellit
1684 2560 1750 2612 ad
1801 2559 2055 2629 impieta-

472 2657 603 2701 tem.
648 2645 783 2702 Tres
820 2648 962 2701 enim
998 2647 1200 2701 Paulus
1243 2647 1333 2701 hic
1387 2646 1677 2702 manifeste
1726 2648 1858 2702 mihi
1910 2648 2058 2718 ln-ges

471 2735 749 2806 explicare
788 2736 1043 2791 videtur:
1078 2752 1237 2789 unam
1274 2738 1569 2790 secundum
1609 2738 1830 2791 insitum
1871 2738 1923 2791 in
1959 2754 2059 2792 no-

472 2826 558 2881 bis
604 2828 828 2889 bonum,
861 2843 1021 2896 quam
1080 2839 1268 2896 aperte
1321 2827 1533 2881 vocavit
1583 2827 1753 2899 legem
1808 2829 2054 2883 mentis:

473 2917 723 2985 alteram,
762 2934 881 2986 qua:
921 2919 981 2972 lit
1022 2932 1090 2971 ex
1120 2916 1314 2971 diaboli
1362 2917 1562 2986 impetu
1607 2933 1699 2972 seu
1734 2921 2058 2985 tentatione,

472 3025 596 3067 cum
625 3025 767 3081 sa'pe
812 3012 877 3063 ad
913 3007 1189 3079 improbas
1230 3008 1466 3063 animam
1496 3008 1763 3079 pertrabit
1796 3008 2062 3080 itnagina-

2151 1921 2218 1990 τῇ
2249 1920 2348 1990 μὲν
2372 1916 2666 1989 νομοθεσίᾳ
2696 1914 2790 1968 τοῦ
2814 1913 2951 1969 Θεοῦ
2979 1913 3121 1967 κατά
3151 1912 3243 1966 τὸν
3276 1910 3404 1965 νοῦν
3441 1910 3707 1980 συνηδόμε-

2154 2010 2222 2064 θα
2253 2009 2433 2082 (τοῦτο
2485 2010 2594 2080 γάρ
2624 2009 2653 2060 6
2680 2006 2788 2059 ἐσω
2838 2004 3182 2076 ἄνθρωπος),
3239 2005 3307 2074 τῇ
3350 2002 3409 2055 δέ
3448 2000 3709 2071 νομοθεσίᾳ

2153 2104 2247 2157 τοῦ
2295 2101 2542 2156 διαϐόλου
2602 2100 2745 2154 κατά
2768 2097 2867 2166 τὴν
2900 2094 3220 2151 ἐνοικοῦσαν
3249 2092 3546 2162 ἐπιθυμίαν
3579 2093 3632 2144 ἐν
3655 2092 3707 2160 τῇ

2157 2194 2342 2267 σαρκί.
2398 2193 2458 2247 '0
2484 2191 2592 2261 γάρ
2624 2188 3182 2257 ἀντιστρατευόμενος
3220 2186 3317 2240 καὶ
3356 2184 3709 2253 ἀντιπράσσων

2155 2286 2233 2355 τῷ
2254 2285 2407 2355 νόμῳ
2436 2282 2528 2335 τοῦ
2570 2279 2729 2344 Θεοῦ,
2760 2274 2871 2334 οἷον
2898 2281 2963 2349 τῇ
2988 2278 3124 2348 πρὸς
3152 2276 3216 2329 τὸ
3244 2274 3453 2343 ἀγαθὸν
3474 2275 3606 2344 ὁρμῇ
3631 2270 3707 2325 τοῦ

2155 2377 2293 2440 νοὸς,
2325 2375 2487 2439 αὐτός
2521 2375 2667 2427 ἐστιν
2695 2374 2723 2426 6
2756 2375 2885 2435 τοὺς
2911 2369 3183 2440 ἐμπαθεῖς
3214 2365 3476 2435 ἀναφύων
3519 2364 3599 2417 ἀεὶ
3635 2363 3711 2416 καὶ

2158 2468 2378 2528 ὑλικοῦς
2413 2464 2546 2537 πρὸς
2590 2463 2821 2532 ἀνομίαν
2864 2458 3307 2532 περισπασμούς.
3341 2458 3511 2525 Τρεῖς
3538 2453 3713 2526 γὰρνό-

2162 2574 2296 2629 μους
2349 2552 2742 2623 ὑποτιθέμενος
2791 2552 2820 2604 6
2871 2551 3084 2614 Παῦλος
3136 2547 3443 2616 ἀναφανδὸν
3510 2544 3713 2598 ἐνταῦθά

2163 2667 2250 2720 μοι
2274 2645 2687 2713 καταφαίνεται,
2718 2644 2816 2698 ἕνα
2842 2643 2942 2713 μὲν
2979 2641 3073 2694 τὸν
3087 2642 3130 2673 ¹¹
3185 2639 3325 2693 κατά
3342 2637 3405 2691 τὸ
3424 2636 3646 2706 ἔμφυτον
3668 2639 3712 2687 ἐν

2160 2740 2290 2810 ἡμῖν
2322 2735 2547 2807 ἀγαθὸν,
2580 2734 2640 2787 ὃν
2668 2733 2767 2787 καὶ
2810 2732 2976 2802 νόμον
3010 2729 3199 2800 σαφῶς
3226 2729 3457 2783 ἐκάλεσε
3478 2726 3607 2792 νοὸς,
3636 2725 3714 2778 ἕνα

2158 2830 2215 2883 δέ
2229 2828 2319 2883 τὸν
2342 2831 2406 2881 ἐκ
2435 2826 2740 2898 προσϐολῆς
2770 2824 3161 2897 συνιστάμενον
3188 2824 3353 2894 νόμον
3388 2821 3484 2875 τοῦ
3512 2817 3714 2891 πονηροῦ

2161 2922 2258 2975 καὶ
2288 2921 2369 2985 είς
2406 2919 2506 2983 τὰς
2550 2918 2822 2990 ἐμπαθεῖς
2858 2917 2991 2989 [485
3020 2915 3114 2990 Η.]
3152 2916 3445 2981 ἐξέλκοντα
3492 2912 3717 2973 πολλάκις

2163 3016 2468 3087 φαντασίας
2491 3015 2592 3085 τὴν
2628 3013 2828 3085 ψυχὴν,
2858 3013 2916 3065 ὃν
2938 3007 3466 3082 ἀντιστρατεύεσθαι
3494 3006 3567 3077 τῷ
3595 3004 3717 3073 νόμῳ

475 3103 673 3169 tiones,
705 3119 866 3175 quam
921 3104 998 3156 ait
1043 3116 1343 3171 repugnare
1395 3102 1495 3171 legi
1545 3104 1762 3158 mentis.
1821 3102 2056 3159 Tertiam

2164 3109 2259 3163 τοῦ
2279 3109 2399 3172 νοὸς
2441 3107 2568 3178 ἐφη.
2607 3107 2703 3160 καὶ
2734 3106 2919 3177 τρίτον
2957 3104 3051 3157 τὸν
3094 3102 3234 3157 κατά
3261 3103 3363 3172 τὴν
3395 3098 3650 3172 ἁμαρτίαν
3668 3098 3716 3148 ἐκ

472 3197 769 3249 secundum
800 3205 1077 3263 peccatum
1101 3209 1168 3249 ex
1192 3192 1633 3262 concupiscentia
1662 3193 2057 3249 inveterascet:-

477 3297 585 3339 tem
622 3286 677 3340 in
721 3301 909 3349 carne,
957 3302 1119 3355 quam
1156 3286 1329 3356 legem
1376 3285 1582 3354 peccati
1630 3284 1964 3340 habitantem
2006 3286 2061 3340 in

478 3378 743 3433 membris
768 3377 1081 3448 appellavit,
1127 3394 1235 3448 qua
1281 3379 1535 3433 inductus
1574 3375 1787 3450 [homo]
1820 3393 1962 3448 saepe
1995 3378 2062 3433 ad

472 3476 759 3538 peccatum
805 3477 862 3523 et
898 3468 1174 3537 improbas
1209 3471 1449 3521 actiones
1491 3468 1782 3538 pellicitur.
1840 3468 2066 3523 Videtur

474 3560 620 3613 enim
649 3561 802 3629 quasi
835 3560 990 3614 nobis
1023 3559 1155 3629 ipsis
1186 3576 1329 3614 nunc
1361 3559 1463 3613 hoc
1508 3560 1723 3624 melius,
1760 3575 1902 3615 nunc
1935 3559 2063 3613 illud

475 3652 753 3719 deterius;
810 3663 865 3708 et
926 3668 1051 3708 cum
1116 3651 1192 3717 id,
1229 3655 1370 3722 quod
1409 3653 1565 3707 nubis
1608 3654 1821 3708 videtur
1872 3664 2064 3707 natura

480 3743 696 3811 melius,
737 3744 1011 3799 deteriore
1044 3744 1133 3800 illo
1174 3745 1448 3815 potentius
1488 3743 1678 3808 fuerit,
1706 3744 1918 3799 animus
1952 3755 2065 3799 toto

478 3836 684 3906 impetu
723 3836 894 3890 fertur
923 3837 977 3890 in
1004 3837 1239 3903 bonum;
1261 3837 1478 3906 quando
1516 3852 1642 3890 vero
1666 3836 1717 3891 id
1744 3837 1885 3903 quod
1917 3837 2068 3890 dete-

477 3928 596 3983 rius
625 3938 729 3992 est,
764 3944 989 4000 regnum
1023 3928 1319 3984 insolenter
1343 3927 1631 3994 allectat-it,
1663 3929 1825 3983 homo
1853 3944 2065 3983 rursum

480 4018 754 4071 contraria
807 4021 892 4071 via
939 4019 991 4071 in
1042 4018 1341 4073 deteriores
1386 4020 1747 4089 cogitationes
1794 4029 1851 4073 et
1888 4020 2069 4075 comi-

481 4114 552 4167 lia
586 4127 829 4181 praeceps
872 4111 1069 4182 agitur.
1102 4111 1401 4182 Eapropter
1434 4113 1720 4182 Apostolus
1747 4115 1815 4167 ab
1839 4128 1904 4168 eo
1926 4114 2072 4167 velut

484 4210 659 4256 morte
697 4211 751 4256 et
780 4203 948 4257 exitio
988 4203 1135 4272 cupit
1189 4204 1408 4257 liberari
1441 4202 1490 4269 i,
1526 4205 1983 4272 quemadmodum
2015 4213 2071 4258 et

482 4298 753 4369 Propheta
791 4318 805 4356 :
856 4300 936 4353 Ab
971 4300 1191 4354 occultis
1227 4301 1355 4354 meis
1414 4304 1612 4355 munda
1658 4318 1758 4364 me,
1824 4300 2067 4370 inquitk.

486 4392 603 4460 Ipsa
654 4404 784 4461 ergo
822 4391 990 4446 verba
1046 4390 1151 4445 boc
1197 4390 1479 4447 declarant
1516 4389 1766 4460 Apostoli
1808 4390 2069 4445 dicentis:

2164 3201 2265 3272 τῆς
2292 3200 2586 3271 ἐπιθυμίας
2613 3199 2659 3232 ²¹
2689 3195 3047 3269 σκιρώσαντα
3089 3197 3146 3248 ἐν
3177 3197 3242 3265 τῇ
3269 3193 3461 3265 σαρκὶ,
3487 3193 3543 3245 ὃν
3574 3191 3718 3260 ἀμαρ-

2163 3291 2285 3355 τίας
2331 3291 2496 3361 νόμον
2544 3289 2800 3343 οίκοῦντα
2859 3291 2918 3342 ἐν
2968 3290 3083 3351 τοῖς
3136 3286 3356 3357 μέλεσιν
3400 3272 3717 3346 ἐκάλεσεν,ᾧ

2166 3383 2536 3453 ἐποχούμενος
2567 3382 2830 3444 πολλάκις
2868 3378 2993 3434 καθ’
3027 3378 3185 3450 ἡμῶν
3219 3377 3588 3446 ἐγκελεύεται,
3612 3372 3719 3444 πρὸς

2167 3475 2381 3530 ἀδικίαν
2402 3474 2496 3528 καὶ
2518 3474 2747 3545 πράξεις
2772 3471 3112 3527 συνελαύνων
3134 3471 3333 3534 κακάς.
3368 3471 3610 3524 Φαίνεται
3635 3467 3717 3535 γὰρ

2165 3568 2243 3632 ὼς
2268 3569 2483 3631 ἑαυτοῖς
2503 3567 2711 3639 ἡμῖντὸ
2737 3567 2835 3638 μέν
2854 3567 2899 3598 ⁸³
2927 3566 3159 3636 βέλτιον,
3187 3564 3247 3619 τὸ
3270 3564 3324 3618 δέ
3350 3566 3534 3635 χεῖρον
3553 3561 3623 3623 ὃν,
3647 3558 3719 3611 καὶ

2168 3661 2294 3715 ὅταν
2332 3658 2502 3732 μέλλῃ
2524 3659 2585 3712 τὸ
2634 3658 2846 3729 βέλτιον
2913 3656 3075 3728 φύσει
3123 3656 3219 3710 τοῦ
3269 3655 3515 3727 χείρονος
3561 3657 3719 3720 ἐγκρα-

2169 3753 2430 3822 τέστερον
2479 3750 2796 3821 γενηθῆναι,
2831 3748 3057 3819 φέρεται
3082 3748 3203 3812 ὅλος
3234 3749 3375 3819 πρὸς
3403 3749 3464 3800 τὸ
3502 3741 3720 3812 ἀγαθὸνὸ

2170 3844 2318 3909 νοῦς,
2348 3845 2479 3897 ὅταν
2506 3843 2561 3895 δέ
2592 3843 2653 3895 τὸ
2681 3844 2864 3912 χεῖρον
2891 3840 3155 3914 ἐπιϐρίσῃ
3209 3840 3537 3902 πλεονάσαν,
3564 3836 3719 3901 ἄγεται

2171 3938 2333 3991 πάλιν
2395 3936 2771 4007 ἀντιστρόφως
2793 3934 2931 4005 πρὸς
2970 3934 3267 4001 λογισμοὺς
3292 3933 3510 4004 χείρους
3533 3928 3576 3960 ’⁸
3604 3926 3720 3979 66v-

2172 4029 2410 4099 θρωποςο
2470 4021 2533 4082 οῦ
2566 4028 2632 4098 δὴ
2656 4027 2754 4081 καὶ
2799 4027 2959 4098 χάριν
2982 4027 3009 4078 6
3044 4025 3371 4087 ’Λπόστολος
3418 4023 3622 4093 εὔχεται
3649 4019 3720 4087 ῥυ·

2176 4120 2391 4190 σθῆναι,
2434 4118 2666 4173 θάνατον
2688 4118 2943 4186 αὑτδικαὶ
2973 4115 3194 4187 ὀλεθρον
3220 4114 3547 4186 ἡγούμενος,
3570 4110 3721 4174 ὥσπερ

2172 4210 2235 4283 δὴ
2258 4212 2352 4264 καὶ
2381 4213 2410 4263 6
2441 4210 2758 4281 Προφήτης·
2796 4209 2939 4265 Ἀπὸ
2962 4207 3084 4263 τῶν
3108 4208 3382 4276 κρυφίων
3395 4222 3512 4276 μου
3532 4198 3721 4265 καθάρι-

2178 4305 2296 4356 σόν
2312 4301 2621 4371 με,λέγων.
2637 4300 2785 4355 Αὐτά
2801 4300 2893 4354 οῦν
2923 4299 2994 4354 τὰ
3017 4300 3242 4372 ῥήματα
3268 4297 3428 4350 τοῦτο
3452 4289 3721 4350 συνιστῶσι,

2177 4392 2300 4465 [917
2333 4391 2423 4465 8.]
2456 4391 2800 4462 Συνήδομαι
2837 4389 2949 4463 γάρ
2977 4389 3057 4456 τῷ
3081 4390 3245 4460 νόμῳ
3270 4388 3377 4442 τοῦ
3433 4384 3575 4440 Θεοῦ
3603 4378 3723 4434 κατὰ

482 4480 831 4536 Condelector
877 4482 1015 4535 enim
1048 4479 1150 4550 legi
1190 4480 1477 4535 secundum
1528 4478 1724 4551 29Gb
1762 4481 2056 4535 interiorem

2180 4485 2287 4539 τὸν
2318 4484 2461 4548 ἔσω,
2484 4484 2757 4553 λέγοντος,
2811 4482 3154 4552 ἄνθρωπον,
3194 4479 3411 4546 ,βλέπω
3452 4478 3502 4531 δ’
3554 4475 3724 4540 ἕτερον

481 4574 771 4640 hominem;
807 4574 954 4627 video
989 4581 1168 4627 autem
1206 4573 1370 4643 legem
1409 4574 1464 4627 in
1509 4575 1755 4627 membris
1790 4573 1919 4626 meis
1947 4588 2076 4626 con-

2174 4579 2365 4647 νόμον
2380 4575 3000 4646 ἀντιστρατευόμενον
3012 4573 3136 4640 τοῖς
3151 4574 3372 4643 μέλεσί
3380 4590 3497 4642 μου
3513 4567 3584 4633 τῷ
3596 4566 3724 4631 νόμφ

482 4667 826 4719 tradicentem
872 4664 974 4734 legi
1010 4665 1196 4719 mentis
1237 4680 1389 4729 mea},
1424 4672 1473 4717 et
1508 4664 1858 4733 captivantem
1899 4680 1979 4717 me
2017 4664 2056 4716 it

2175 4668 2283 4723 τοῦ
2310 4668 2599 4738 νοόςμου,
2618 4665 3242 4736 καὶαίχμαλωτίζοντὰ
3264 4682 3341 4735 με
3365 4665 3446 4730 τῷ
3471 4662 3620 4730 νόμῳ
3640 4652 3725 4719 τῆς

484 4756 596 4825 lege
623 4757 847 4824 peccati,
876 4772 996 4826 quia
1037 4765 1113 4809 est
1165 4755 1221 4807 in
1272 4755 1516 4808 membris
1552 4755 1705 4808 meis.
1746 4752 1954 4825 Infelix
1975 4769 2070 4823 ego

484 4847 662 4914 homo,
697 4848 815 4918 quis
859 4863 941 4901 me
986 4847 1227 4901 liberabit
1262 4846 1324 4899 de
1359 4863 1577 4917 corpore
1614 4848 1798 4901 mortis
1828 4847 1988 4916 hujus
2019 4844 2071 4898 1?

484 4935 605 4993 Non
635 4954 833 5009 corpus
878 4947 1106 4993 mortem
1162 4937 1469 5007 appellans,
1504 4939 1599 4992 sed
1638 4937 1813 5007 legem
1865 4937 2075 5006 peccati

487 5029 541 5083 iu
586 5029 851 5085 membris
879 5043 977 5099 per
1000 5028 1504 5096 praevaricationem
1558 5029 1611 5082 in
1664 5028 1824 5082 nobis
1855 5028 2074 5082 latitan-

490 5134 619 5191 tem,
651 5136 705 5179 et
733 5138 953 5194 semper
986 5123 1052 5177 ad
1086 5134 1312 5175 mortem
1346 5122 1552 5190 peccati
1584 5124 1819 5176 animam
1852 5122 2076 5176 trahen-

489 5224 621 5269 tem.
658 5214 857 5269 Statim
906 5228 1037 5283 ergo
1072 5212 1236 5267 inl‘ert
1278 5212 1489 5283 (utique
1533 5214 1815 5280 liberatus,
1849 5230 1879 5267 a
1925 5213 2072 5283 quali

491 5315 665 5360 morte
697 5307 914 5361 liberari
946 5307 1200 5377 cupiebat
1252 5324 1266 5360 :
1305 5308 1427 5375 quis
1468 5316 1648 5360 autem
1689 5305 1842 5362 illum
1874 5306 2074 5363 libera-

493 5398 622 5465 vit?)
659 5418 672 5453 :
707 5398 897 5454 Gratia
924 5397 1014 5452 Dei
1055 5413 1148 5466 per
1174 5396 1356 5451 Iesum
1402 5395 1672 5451 Christum
1703 5409 1765 5451 ιιι.
1802 5399 2012 5467 Itaque,
2046 5413 2080 5453 0

2178 4760 2473 4829 ἁμαρτίας
2496 4756 2576 4823 τῷ
2593 4757 2722 4811 ὄντι
2743 4757 2813 4811 ἐν
2831 4756 2955 4823 τοῖς
2976 4756 3196 4827 μέλεσί
3218 4773 3356 4823 μου.
3384 4750 3725 4810 Ταλαίπωρος

2177 4849 2292 4920 ἐγὼ
2328 4849 2664 4917 ἅνθρωπος,
2720 4848 2814 4914 τίς
2840 4864 2919 4918 με
2971 4848 3230 4916 ῥύσεται
3261 4845 3330 4899 ἐκ
3358 4844 3465 4898 τοῦ
3491 4840 3724 4907 σώματος

2180 4941 2289 4995 τοῦ
2324 4938 2585 4996 θανάτου
2604 4940 2858 5003 τούτου;
2900 4939 2963 4992 οὐ
2995 4939 3057 4992 τὸ
3088 4938 3253 5007 σῶμα
3283 4937 3510 4991 θάνατον
3529 4933 3724 4993 ἀποφαι-

2181 5030 2431 5099 νόμενος,
2487 5028 2625 5081 ἀλλά
2678 5031 2773 5082 τὸν
2811 5028 2976 5099 νόμον
3004 5029 3105 5098 τῆς
3156 5026 3428 5099 ἁμαρτίας
3452 5026 3539 5076 τὸν
3564 5023 3613 5072 ἐν
3638 5014 3725 5071 τοῖς

2185 5120 2374 5190 μέλεσι
2413 5119 2503 5173 διὰ
2522 5120 2617 5191 τῆς
2644 5120 3013 5190 παραϐάσεως
3035 5122 3092 5172 ἐν
3109 5122 3240 5190 ἡμῖν
3258 5115 3628 5189 ἐμφωλεύοντει
3652 5102 3724 5157 καὶ

2182 5213 2318 5284 πρὸς
2343 5213 2571 5267 θάνατον
2601 5214 2689 5266 ἀεὶ
2714 5213 2804 5267 τὸν
2819 5214 2864 5246 ³⁸
2890 5216 2987 5282 τῆς
3012 5213 3227 5273 ἀδικίας
3244 5213 3341 5282 τὴν
3356 5209 3527 5281 ψυχὴν
3558 5206 3725 5273 ἐμφαψ

2183 5304 2438 5369 τάξονταο
2472 5306 2757 5376 Ἐπιφέρει
2780 5305 2911 5373 γοῦν
2931 5304 3134 5367 εὐθέως
3165 5303 3382 5373 ἀμέλει,
3422 5295 3725 5361 διαλυόμενος

2184 5397 2370 5450 ὁποίου
2390 5396 2620 5451 θανάτου
2639 5398 2885 5468 ἐγλίχετο
2909 5397 3176 5469 ρυσθῆναι
3193 5396 3286 5448 καὶ
3301 5394 3384 5457 τίς
3416 5386 3603 5445 αύτὺνὸ
3631 5376 3726 5450 ῥυό-

594 5522 609 5560 ι
651 5510 913 5579 Βυιιι.νιι,
946 5512 1038 5568 24.
1115 5513 1144 5553 ¹ι
1178 5511 1321 5568 Psal.
1356 5529 1510 5577 xvm,
1551 5515 1639 5568 15.
1723 5514 1931 5569 1Rom.
1959 5531 2056 5581 vn,

2160 5516 2277 5570 34.
2359 5524 2397 5546 π’
2427 5514 2584 5583 ibid.,
2614 5515 2707 5570 25.

1749 5607 1984 5664 VA.le
2017 5606 2315 5665 LECTION
2323 5609 2424 5664 ES.

584 5697 626 5782 ξ’
650 5694 966 5782 fidem?
1010 5715 1073 5762 ς·

501 5762 614 5816 τόδε
648 5762 710 5821 Β.
786 5765 832 5798 ’⁸
857 5762 1105 5837 χείρονας
1136 5786 1197 5832 ς’.
1272 5772 1319 5803 ³⁵
1357 5773 1451 5824 τὸν
1474 5762 1597 5828 add.
1622 5774 1685 5826 Α.

1197 5698 1242 5732 ²⁰
1274 5699 1559 5764 ἐπιπνοίας
1596 5648 1867 5771 Scaliger:
2166 5648 2311 5761 add.
2518 5700 2563 5732 “
2594 5697 2914 5770 ἐπιθυμίας]
2949 5696 3222 5770 ἁμαρτίας
3253 5695 3361 5751 AB.
3453 5689 3495 5722 ’³
3530 5684 3583 5740 τδ
3625 5648 3721 5751 μὲν]
