3954 6454
450 381 586 446 1121

1442 371 1975 434 BIBLIOTHECA.
2012 392 2083 405 --
2120 368 2283 430 COD.
2325 369 2674 431 CCXXXIV.

3564 364 3701 430 1122

432 510 601 562 μενος
626 485 696 562 ἦν
725 490 794 552 ’⁸,
819 487 1003 556 Χάρις
1032 486 1100 540 δὲ
1121 485 1199 552 τῷ
1233 487 1358 553 Θεῷ
1373 486 1471 541 διὰ
1509 485 1713 553 Ἰησοῦ
1735 482 2014 554 Χριστοῦ.

2123 481 2458 552 Aglaophon,
2500 478 3058 544 animadvertendum,
3106 478 3149 532 si
3210 476 3313 532 hoc
3364 492 3584 548 corpus,
3642 486 3700 532 ut

427 580 776 653 Προσεκτέον
826 578 906 645 δὲ,
957 578 1078 631 εί¹⁷
1123 578 1186 631 τδ
1244 578 1403 648 σῶμα
1461 576 1693 630 θάνατον
1741 574 1918 637 τοῦτο,
1971 567 2017 627 ὦ

442 672 784 740 Ἀγλαοφῶν,
832 672 908 736 ὡς
964 669 1303 740 ὑπειλήφατε
1329 710 1344 735 ,
1390 668 1599 737 ἔλεγεν,
1649 668 1750 722 οὐκ
1811 666 1877 721 ἂν
1924 666 2017 720 τὸν

425 764 669 835 Χριστὸν
694 763 769 826 ὡς
801 763 1066 834 ῥυόμενον
1095 762 1257 817 αὑτὸν
1279 760 1506 832 ὕστερον
1545 762 1610 813 ἐκ
1632 759 1727 812 τοῦ
1770 757 2015 811 τοιούτου

424 851 606 906 κακοῦ
653 851 1100 923 παρελάμϐανεν,
1149 851 1274 905 ἐπεὶ
1308 851 1363 903 τί
1404 850 1711 921 παράδοξον
1754 849 1865 903 ἀπὸ
1918 848 2013 902 τοῦ

422 942 670 1015 Χριστοῦ
730 944 1032 1013 παρουσίας
1081 945 1431 1015 ἐσχήκαμεν;
1493 942 1560 996 Τί
1586 942 1644 996 δὲ
1670 942 1767 995 καὶ
1794 944 1823 995 ό
1853 941 2015 995 Ἀπό⁴

426 1038 624 1099 στολος
675 1035 833 1101 ὅλως,
874 1036 949 1098 ὡς
996 1036 1085 1089 διὰ
1130 1036 1228 1104 τῆς
1267 1035 1573 1105 παρουσίας
1624 1033 1722 1087 τοῦ
1775 1034 2012 1104 Χριστοῦ

423 1127 839 1197 δυναμούμενος
901 1128 997 1181 τοῦ
1050 1127 1281 1182 θανάτου
1334 1126 1441 1180 ὑπὸ
1503 1127 1598 1180 τοῦ
1653 1127 1790 1180 Θεοῦ
1859 1126 2013 1178 ἐλευ-

424 1219 739 1289 θερωθῆναι
774 1261 789 1286 ,
874 1220 1033 1273 τοῦτο
1104 1219 1403 1289 ἐφθέγγετο
1435 1261 1450 1283 ,
1520 1221 1682 1273 ὁπότε
1740 1221 1876 1272 πᾶσι
1922 1218 2017 1272 καὶ

422 1311 540 1379 πρὸ
579 1310 674 1363 τοῦ
710 1311 800 1364 τὸν
850 1311 1086 1381 Χριστὸν
1136 1312 1311 1365 ἐλθεῖν
1378 1313 1459 1375 εἰς
1512 1311 1606 1364 τὸν
1658 1311 1863 1380 κόσμον
1892 1327 2016 1363 συν-

2124 570 2475 634 existimatis,
2510 581 2740 624 mortem
2765 569 3073 638 appellavit,
3105 583 3211 621 non
3242 566 3519 623 Christum
3540 568 3702 638 quasi

2124 662 2474 717 liberatorem
2516 675 2670 714 suum
2718 675 2746 713 a
2780 661 2872 713 tali
2919 668 3105 728 postea
3156 659 3298 712 malo
3338 658 3697 713 nominasset.

2121 754 2262 822 Quid
2288 755 2483 811 deinde
2510 752 2711 810 Christi
2749 754 3010 807 adventus
3051 753 3328 824 singulare
3369 752 3524 805 nobis
3559 761 3703 805 attu-

2121 845 2298 911 lisset;
2333 845 2460 913 quid
2506 844 2729 898 omnino
2779 841 3092 911 Apostolus,
3146 841 3311 894 veluti
3356 854 3453 908 per
3498 839 3700 893 Christi

2121 936 2412 990 adventum
2444 935 2819 1001 conﬁrmatus,
2862 943 2919 987 ut
2970 949 2999 986 a
3046 942 3220 987 morte
3246 947 3343 1001 per
3368 932 3534 985 Deum
3565 932 3703 985 libe-

2124 1040 2355 1093 raretur,
2412 1028 2513 1082 hoc
2550 1027 2911 1096 praedicaret?
2957 1026 3177 1097 quando
3218 1025 3492 1091 omnibus,
3536 1025 3700 1079 etiam

2124 1131 2412 1190 antequam
2438 1119 2688 1174 Christus
2720 1121 2769 1172 in
2800 1119 3058 1173 mundum
3086 1118 3314 1182 veniret,
3344 1118 3479 1171 mori
3514 1117 3698 1170 datmn

2122 1222 2225 1275 est,
2264 1223 2321 1265 ut
2356 1226 2461 1264 non
2497 1211 2598 1265 hoc
2630 1227 2849 1281 corpus,
2886 1227 2918 1264 ο
2952 1209 3290 1280 Aglaophon,
3345 1218 3573 1262 mortem
3606 1223 3702 1275 ap-

2125 1304 2308 1372 pellet,
2338 1303 2430 1357 sed
2457 1312 2735 1372 peccatum
2769 1302 2912 1369 quod
2950 1317 3047 1369 per
3084 1299 3576 1367 concupiscentiam
3603 1299 3701 1351 ha-

422 1400 615 1452 έῦαινε
649 1399 939 1470 θνήσκειν;
971 1400 1111 1454 ὥστε
1136 1402 1198 1454 οὐ
1220 1403 1282 1454 τὺ
1306 1401 1465 1472 σῶμα
1501 1400 1685 1465 τοῦτο,
1708 1396 1753 1454 ὦ
1777 1401 2001 1468 Ἀγλαο-

2123 1397 2252 1450 bitat
2303 1395 2355 1448 in
2401 1409 2649 1463 corpore,
2686 1410 2716 1447 a
2767 1409 2869 1463 qua
2905 1393 3079 1462 ipsutn
3116 1392 3256 1446 Deus
3286 1407 3381 1462 per
3409 1390 3699 1445 adventum

423 1487 551 1552 φῶν
564 1488 633 1550 ¹⁸,
677 1489 924 1553 θάνατον,
950 1490 1085 1544 ἀλλὰ
1120 1490 1219 1561 τὴν
1245 1490 1520 1560 ἁμαρτίαν
1548 1490 1646 1560 τὴν
1673 1491 2006 1560 κατοικήσα-

2111 1486 2314 1543 Christi
2350 1486 2618 1542 liberavit.

423 1591 535 1628 σαν
565 1576 655 1629 διὰ
694 1576 795 1646 τῆς
829 1577 1129 1647 ἐπιθυμίας
1166 1580 1225 1633 ἐν
1264 1578 1343 1648 τῷ
1388 1579 1599 1650 σώματι
1650 1580 1887 1649 λέγει¹⁹,
1941 1573 2011 1652 ἧς
2051 1579 2079 1631 ὁ
2104 1577 2236 1641 Θεὸς
2264 1577 2426 1631 αὑτὸν
2448 1578 2536 1631 διὰ
2567 1577 2669 1645 τῆς
2730 1575 3031 1649 παρουσίας
3090 1574 3186 1629 τοῦ
3231 1573 3469 1647 Χριστοῦ
3539 1573 3702 1646 ἐρῥύ-

426 1682 588 1720 σατο.

527 1758 569 1807 0
592 1756 701 1822 τὰρ
716 1757 903 1824 νόμος
928 1755 1040 1825 τῆς
1082 1756 1233 1826 ζωῆς
1256 1757 1363 1811 τοῦ
1413 1762 1752 1829 πνεύματος
1790 1761 1859 1814 ἐν
1887 1762 2017 1827 Χρι-

2192 1754 2301 1809 Lex
2331 1754 2469 1807 enim
2496 1753 2627 1806 'viltv
2664 1752 2879 1818 spiritus
2918 1752 2972 1804 in
3026 1750 3232 1803 Christo
3282 1749 3408 1803 Jesu
3458 1748 3703 1802 liberavit

422 1845 557 1910 στῷ
597 1845 793 1912 Ἰησοῦ
810 1846 1218 1915 ἐλευθέρωσεν
1240 1849 1398 1919 ἡμᾶς
1413 1850 1533 1904 ἀπὸ
1560 1852 1668 1905 τοῦ
1686 1854 1876 1920 νόμου
1906 1849 2017 1916 τῆς

423 1935 723 2004 ἁμαρτίας
746 1935 855 1990 τοῦ
898 1938 1180 1993 θανάτου.
1213 1940 1401 2003 Ὅπως
1425 1944 1452 1993 ὁ
1474 1941 1693 2013 ἐγείρας
1708 1940 1914 2011 Ἰησοῦν
1945 1944 2010 1994 ἐκ

424 2028 644 2095 νεκρῶν
664 2028 708 2059 ³⁰
739 2027 827 2081 διὰ
850 2027 910 2082 τὸ
945 2029 1190 2085 ἐνοικοῦν
1216 2030 1380 2084 αὑτοῦ
1403 2031 1621 2103 πνεῦμα
1646 2035 1702 2085 ἐν
1722 2034 1854 2102 ἡμῖν
1884 2032 2019 2096 Cmo-

428 2121 637 2190 ποιήσῃ
680 2119 777 2172 καὶ
806 2119 873 2172 τὰ
897 2120 1070 2191 θνητὰ
1126 2122 1353 2191 σώματα
1378 2123 1538 2193 ἡμῶν
1591 2124 1691 2192 τῆς
1742 2124 2018 2193 ἁμαρτίας

428 2210 533 2282 τῆς
564 2212 621 2262 ἐν
663 2209 741 2279 τῷ
770 2209 984 2282 σώματι
1044 2211 1471 2282 κατακριθείσης
1515 2212 1651 2282 πρὸς
1718 2212 2016 2283 ἀναίρεσιν,

434 2302 524 2355 ἴνα
548 2302 608 2354 τὸ
643 2300 917 2372 δικαίωμα
940 2301 1034 2354 τοῦ
1061 2304 1201 2355 κατὰ
1228 2302 1327 2373 τὴν
1358 2303 1577 2371 ἐντολὴν
1622 2302 1759 2374 πρὸς
1790 2301 1852 2354 τδ
1881 2304 2020 2370 ἀγα-

434 2391 528 2443 θὸν
578 2393 728 2460 ἡμᾶς
798 2392 1161 2461 ἐφελκομένου
1211 2391 1443 2461 φυσικοῦ
1508 2392 1673 2462 νόμου
1726 2392 2018 2464 φανερωθῇ

433 2482 689 2551 ἐξαφθὲν.
723 2482 798 2535 To
830 2483 939 2551 γὰρ
969 2483 1230 2536 ἀδύνατον
1256 2484 1353 2537 τοῦ
1380 2486 1436 2536 ἐν
1470 2485 1601 2555 ἡμῖν
1624 2486 1854 2553 φυσικοῦ
1884 2488 2021 2553 ἀγαο

433 2571 554 2635 θοῦ,
587 2574 645 2625 ἐν
678 2564 723 2639 ᾧ
762 2572 984 2641 ἠσθένει
1042 2572 1148 2624 ὑπὸ
1205 2574 1306 2642 τῆς
1354 2570 1653 2641 ἐπιθυμίας
1714 2572 2021 2642 ἡττώμενον

430 2663 535 2732 τῆς
586 2662 912 2731 ἐγκειμένης
937 2664 995 2714 ἐν
1038 2661 1119 2732 τῷ
1154 2661 1389 2732 σώματι,
1421 2663 1449 2714 ὁ
1473 2661 1604 2726 Θεὸς
1644 2663 2017 2735 ἁνερῥώσατο,

434 2750 659 2820 πέμψας
716 2750 806 2804 τὸν
836 2751 965 2803 Υίὸν
990 2749 1155 2804 αὐτοῦ
1211 2751 1310 2820 τὴν
1334 2750 1527 2821 ὁμοίαν
1556 2750 1658 2821 τῆς
1699 2750 1899 2823 σαρκὸς
1924 2752 2021 2822 τῆς

434 2840 710 2911 ἁμαρτίας
770 2842 949 2911 σάρκα
1002 2842 1336 2912 ἀνειληφότα
1366 2880 1381 2905 ,
1440 2841 1530 2895 ἵνα
1584 2842 1685 2912 τῆς
1748 2843 2022 2913 ἁμαρτίας

433 2930 920 3001 κατακεκριμένης
974 2930 1113 3000 πρὸς
1189 2930 1469 3000 ἀναίρεσιν
1503 2968 1518 2993 ,
1570 2931 1650 2994 είς
1692 2932 1752 2984 τὸ
1824 2933 2022 3003 μηκέτι

432 3021 860 3092 καρποφορῆσαι
883 3021 943 3072 ἐν
974 3018 1103 3091 [486
1152 3018 1245 3091 R.]
1266 3022 1332 3089 τῇ
1360 3020 1543 3090 σαρκὶ,
1569 3020 1632 3073 τὺ
1682 3022 1880 3092 ἰδίωμα
1928 3022 2021 3075 τοῦ

2120 1861 2213 1897 nos
2246 1861 2277 1896 a
2301 1842 2410 1909 lege
2433 1840 2633 1909 percuti
2676 1849 2723 1891 et
2774 1839 2955 1891 mortis
2994 1847 3021 1874 ιι
3058 1857 3070 1891 :
3113 1848 3168 1890 ιιι
3212 1838 3257 1892 is
3292 1837 3382 1907 qui
3424 1836 3602 1891 Jesum
3633 1851 3699 1889 ex

2120 1934 2349 1989 mortuis
2380 1930 2664 1993 excitavit,
2704 1940 2923 1998 propter
2962 1928 3209 1996 spiritum
3243 1929 3363 1996 ejus
3394 1928 3703 1981 inhabitan-

2121 2035 2226 2080 tem
2254 2025 2306 2077 in
2342 2024 2518 2086 nobis,
2555 2022 2789 2075 viviﬁcct
2819 2020 3064 2073 mortalia
3094 2032 3321 2087 corpora
3349 2029 3556 2083 nostra,
3578 2033 3701 2085 pec-

2120 2126 2241 2171 cato
2266 2116 2316 2169 in
2353 2129 2581 2184 corpore
2615 2112 2683 2167 ad
2720 2112 3067 2165 abolitionem
3098 2110 3376 2172 damnato,
3411 2117 3470 2161 ut
3502 2108 3702 2177 justiti-

2122 2207 2262 2262 catio
2309 2206 2568 2259 naturalis
2610 2204 2747 2273 legis
2784 2204 3077 2257 secundum
3126 2209 3453 2269 praeceptum
3502 2216 3600 2254 nos
3636 2203 3701 2255 ad

2121 2296 2318 2348 bonum
2375 2292 2640 2346 trahentis
2689 2304 2915 2344 accensa
2951 2297 3230 2357 appareat.
3268 2285 3400 2340 Nam
3432 2280 3699 2340 inﬁrmam

2121 2397 2331 2456 partem
2374 2383 2639 2437 naturalis
2680 2382 2827 2444 boni,
2869 2397 2989 2449 qua:
3022 2382 3223 2439 victaa
3267 2379 3699 2448 concupiscentia

2125 2475 2175 2527 in
2232 2488 2457 2541 corpore
2491 2472 2718 2541 degente
2752 2471 3078 2539 aegrotabat,
3116 2471 3329 2523 sanavit
3370 2468 3530 2533 Deus,
3579 2470 3707 2521 mit-

2125 2576 2244 2621 tens
2270 2568 2467 2621 Filium
2497 2582 2680 2629 suum,
2706 2567 2799 2635 qui
2823 2565 3052 2620 similem
3078 2578 3293 2617 carnem
3320 2562 3468 2617 carni
3494 2562 3698 2631 peccati

2122 2659 2435 2727 assumpsit,
2478 2665 2537 2711 ut
2574 2667 2803 2725 peccato
2840 2658 2905 2710 ad
2941 2656 3361 2710 internecionem
3399 2653 3702 2725 proﬂigato,

2120 2764 2191 2804 ne
2236 2750 2587 2813 repullularet
2631 2750 2684 2803 in
2736 2763 2925 2814 carne,
2979 2759 3035 2803 et
3092 2749 3397 2819 proprietas
3444 2746 3706 2801 naturalis

2126 2844 2261 2914 legis
2295 2844 2608 2913 impleretur
2645 2844 2696 2898 in
2735 2843 2801 2897 iis
2836 2843 2923 2912 qui
2960 2858 3064 2897 non
3098 2843 3393 2897 secundum
3427 2840 3707 2908 concupiso

2124 2937 2357 2991 centiam
2410 2936 2612 2998 carnis,
2649 2936 2742 2989 sed
2790 2937 3086 2990 secundum
3131 2935 3460 2989 desiderium
3502 2944 3556 2988 et
3602 2934 3704 2986 du-

2126 3036 2273 3080 ctum
2325 3027 2547 3095 spiritus
2594 3026 2891 3081 ambulant.
2940 3026 3051 3081 Lex
3099 3027 3243 3082 enim
3287 3026 3511 3095 spiritus
3561 3026 3707 3090 vitae,

434 3109 674 3181 φυσικοῦ
702 3111 868 3179 νόμου
898 3110 1182 3181 πληρωθῇ,
1220 3109 1522 3164 πλεονάσαν
1550 3114 1617 3182 τῇ
1651 3111 1864 3184 ὑπακοῇ
1905 3116 2017 3177 τοῖς

2123 3117 2262 3187 quod
2290 3128 2375 3173 est
2405 3119 2752 3189 Evangelium
2779 3118 2797 3189 (
2821 3134 2941 3187 qua:
2970 3120 3073 3171 alia
3136 3128 3219 3172 est
3250 3119 3317 3172 ab
3353 3117 3552 3188 297a
3585 3125 3710 3172 ante

436 3200 519 3269 μὴ
548 3200 693 3254 κατὰ
720 3201 819 3271 τὴν
874 3200 1171 3270 ἐπιθυμίαν
1225 3201 1325 3269 τῆς
1365 3201 1566 3271 σαρκὸς
1599 3202 2017 3271 περιπατοῦσιν,

431 3291 574 3344 ἀλλὰ
624 3290 769 3344 κατὰ
812 3290 912 3359 τὴν
962 3290 1261 3358 ἐπιθυμίαν
1318 3291 1413 3344 τοῦ
1447 3291 1758 3363 πνεύματος
1808 3295 1902 3348 καὶ
1921 3296 2019 3365 τὴν

431 3382 733 3453 ὑφήγησιν.
751 3382 812 3434 ’0
840 3381 951 3453 γὰρ
970 3383 1132 3452 νόμος
1164 3382 1257 3435 τοῦ
1283 3383 1594 3453 πνεύματος
1626 3386 1725 3454 τῆς
1770 3386 1915 3457 ζωῆς
1950 3389 2016 3454 ³¹,

429 3472 463 3525 ὃ
495 3472 557 3541 δή
589 3472 705 3525 ἐστι
731 3474 794 3524 τὸ
819 3472 1159 3542 εὐαγγέλιον,
1184 3473 1373 3543 ἔτερος
1418 3472 1496 3527 ὢν
1526 3474 1636 3527 τῶν
1685 3479 2021 3547 προειρημέ-

2129 3209 2287 3262 dictis
2327 3209 2554 3278 legibus,
2600 3226 2696 3278 per
2744 3212 3178 3278 przedicationem
3230 3210 3295 3262 ad
3346 3210 3707 3263 obedientiam

2127 3309 2180 3352 et
2217 3301 2585 3355 remissionem
2650 3310 2996 3369 peccatorum
3051 3301 3257 3372 posita)
3301 3300 3548 3353 liberavit
3613 3315 3711 3353 nos

2128 3405 2161 3444 a
2195 3390 2310 3460 lege
2362 3393 2565 3459 peccati
2612 3402 2666 3446 et
2720 3396 2930 3457 mortis,
2977 3394 3187 3446 devicto
3228 3393 3441 3462 penitus
3485 3401 3711 3462 peccato

2129 3480 2270 3551 quod
2300 3484 2449 3536 carui
2475 3485 2872 3538 dominabatur.

428 3584 546 3620 νων
594 3567 798 3637 νόμων,
830 3567 919 3620 διὰ
975 3565 1070 3619 τοῦ
1099 3566 1454 3637 κηρύγματος
1485 3569 1620 3637 πρὸς
1661 3570 1908 3641 ὑπακοὴν
1970 3573 2147 3636 τεθεὶς
2193 3576 2288 3627 καὶ
2361 3579 2555 3646 ἄφεσιν
2614 3579 3047 3651 ἁμαρτημάτων,
3108 3580 3483 3650 ἠλευθέρωσεν
3561 3579 3711 3649 ἡμᾶς

426 3659 546 3712 ἀπὸ
603 3660 697 3713 τοῦ
753 3660 919 3731 νόμου
971 3659 1074 3728 τῆς
1133 3658 1406 3730 ἁμαρτίας
1460 3660 1553 3711 καὶ
1612 3658 1706 3712 τοῦ
1757 3660 2009 3728 θανάτου,
2046 3666 2354 3733 νικήσαςέκ
2382 3669 2581 3733 παντὸς
2615 3670 2714 3740 τὴν
2738 3668 3015 3740 ἁμαρτίαν
3076 3668 3469 3741 βασιλεύουσαν
3546 3671 3643 3740 τῆς
3664 3671 3709 3701 ³¹

429 3751 661 3823 σαρκός.

512 3845 633 3897 Ὅτι
689 3844 825 3914 φησὶ
885 3842 961 3914 μὴ
1015 3844 1313 3914 τρέφεσθαι
1363 3846 1397 3916 ἢ
1451 3846 1703 3913 αὐξάνειν
1763 3845 1870 3898 ἀπὸ
1920 3846 2021 3915 τῆς

426 3939 541 4009 γῆς
595 3939 665 3992 τὰ
715 3939 876 4008 φυτά.
927 3938 1092 4007 Λέγει
1139 3938 1268 4010 γὰρ,
1332 3941 1672 4011 Διαπορήσαι
1724 3939 1769 3993 δ’
1820 3938 1883 3991 ἄν
1934 3956 2018 4001 τις

430 4031 556 4094 πῶς
615 4031 693 4094 εἰς
748 4030 840 4084 τὸν
894 4031 1059 4099 ὄγκον
1113 4030 1592 4102 ἀναλαμϐάνεσθαι
1635 4031 1854 4084 δύναται
1907 4030 2017 4084 τῶν

432 4121 671 4191 δένδρων
723 4122 757 4191 ὴ
813 4124 883 4193 γῆ
944 4122 1448 4195 μεταλλοιουμένηο
1511 4124 1680 4196 ἐχρῆν
1739 4127 1868 4193 γὰρ,
1921 4123 2017 4177 ἅτε

432 4211 540 4279 τῆς
585 4212 954 4282 ὑποκειμένης
1000 4216 1104 4284 γῆς
1163 4214 1618 4287 ἀναρπαζομένης
1654 4216 1741 4267 ἀεὶ
1777 4215 1864 4269 διὰ
1909 4215 2018 4267 τῶν

436 4301 607 4373 ῥιζῶν
641 4304 722 4363 εἰς
751 4301 879 4373 ὅλην
908 4306 1008 4374 τὴν
1053 4304 1167 4369 ἕξιν
1204 4304 1299 4357 τοῦ
1350 4305 1532 4372 ξύλου,
1567 4306 1659 4359 τὸν
1682 4308 1865 4369 τόπον,
1897 4304 2018 4360 καθ’

431 4394 500 4446 δν
534 4393 596 4446 τὸ
628 4394 844 4465 δένδρον
877 4394 1246 4466 βεϐλάστηκε,
1289 4396 1651 4450 κοιλαίνεσθαι
1683 4412 1697 4426 ο
1730 4395 1870 4451 ὥστε
1913 4398 2020 4468 μά-

441 4496 595 4547 ταιος
626 4484 806 4539 αὐτῶν
829 4486 856 4538 ὁ
884 4486 1124 4550 τοιοῦτος
1161 4486 1259 4556 τῆς
1292 4486 1422 4558 περὶ
1454 4487 1523 4540 τὰ
1555 4485 1782 4559 σώματα
1813 4487 2020 4559 ῥύσεως

2189 3846 2410 3901 Plantas
2444 3849 2518 3901 ait
2572 3846 2922 3920 [Methodius]
2971 3864 3070 3903 nec
3110 3865 3138 3902 a
3181 3858 3325 3904 terra
3364 3850 3430 3903 ali
3472 3865 3573 3906 nec
3613 3867 3711 3904 an-

2117 3938 2252 4005 geri.
2305 3937 2565 4002 Dubitet,
2639 3939 2850 4008 inquit,
2914 3939 3184 4009 quispiam
3239 3944 3511 4011 quomodo
3568 3954 3711 4000 terra

2116 4035 2403 4089 immutata
2475 4033 2527 4085 in
2584 4014 2790 4087 taniam
2839 4034 3093 4087 arborum
3140 4035 3549 4104 amplitudinem
3618 4056 3710 4094 as-

2116 4127 2252 4181 sumi
2285 4128 2401 4197 (seu
2461 4124 2732 4194 crescere)
2770 4125 2965 4193 possit.
2995 4123 3291 4194 Oportebat
3345 4128 3487 4181 enim
3534 4127 3709 4183 locum

2117 4220 2169 4273 in
2203 4235 2309 4287 quo
2359 4219 2522 4271 arbor
2553 4217 2815 4280 excrevit,
2846 4228 2900 4269 et
2944 4217 3365 4285 circumjacente
3409 4228 3551 4275 terra
3580 4224 3712 4276 sub,-

2117 4311 2278 4365 ducta
2316 4310 2366 4362 in
2418 4310 2543 4376 ligni
2590 4320 2838 4362 naturam
2872 4310 3145 4363 excavari.
3198 4309 3380 4364 Inanis
3418 4327 3548 4380 ergo
3596 4314 3710 4366 illu-

2122 4416 2241 4454 rum
2277 4399 2398 4453 talis
2426 4400 2492 4453 de
2515 4414 2802 4469 corporum
2834 4399 2977 4453 ﬂuxu
3003 4400 3387 4455 consideratio.
3426 4402 3707 4467 Quomodo

2124 4487 2270 4541 enim
2309 4486 2412 4541 ulla
2448 4487 2656 4542 ratione
2694 4498 2838 4542 terra
2882 4503 2978 4557 per
3014 4488 3224 4543 radices
3277 4492 3327 4543 in
3365 4502 3581 4546 truncos
3626 4494 3709 4547 in-

437 4576 827 4648 ἀναλογισμός.
857 4577 984 4641 Πῶς
1023 4578 1131 4648 γὰρ
1172 4578 1310 4641 ὅλως
1353 4580 1387 4648 ἠ
1438 4579 1507 4648 γῆ
1560 4578 1648 4632 διὰ
1699 4577 1810 4631 τῶν
1857 4578 2017 4651 ῥιζῶν

2128 4593 2336 4650 gressa,
2369 4590 2418 4634 et
2444 4596 2541 4650 per
2569 4595 2733 4635 venas
2770 4580 2821 4634 in
2851 4596 3038 4636 omnes
3070 4597 3255 4637 earum
3285 4598 3464 4637 ramos
3488 4582 3702 4649 diffusa,

442 4670 524 4731 εἰς
561 4668 686 4732 τοὺς
728 4670 977 4740 κορμοὺς
1020 4669 1129 4723 τῶν
1181 4669 1365 4738 φυτῶν
1413 4669 1755 4740 εἰσδυομένη,
1803 4670 1898 4723 καὶ
1935 4668 2017 4722 διὰ

2126 4671 2179 4723 in
2221 4669 2343 4724 folia
2392 4680 2447 4724 et
2496 4670 2705 4725 fructus
2746 4672 3155 4725 commutatur?
3191 4672 3433 4729 Procerae
3482 4674 3701 4743 quidem

440 4758 553 4810 τῶν
589 4761 773 4830 πόρων
826 4761 907 4822 είς
937 4759 1148 4822 πάντας
1199 4760 1382 4813 αὐτῶν
1434 4757 2020 4831 κατακερματιζομένη

438 4852 569 4913 τοὺς
599 4851 846 4915 κλάδους,
882 4852 964 4914 εἰς
991 4850 1168 4920 φύλλα
1206 4853 1301 4905 καὶ
1334 4853 1548 4924 καρπὸν
1581 4852 2018 4923 μεταδάλλεται;

436 4941 674 5012 Εὑμήκη
702 4942 801 5013 μὲν
830 4939 924 4997 οὖν
947 4942 1164 5014 δένδρα,
1187 4944 1371 5014 κέδροι
1400 4943 1445 4974 ³³
1474 4942 1507 5013 ἢ
1533 4943 1722 5005 πίτυες
1746 4942 1779 5012 ἢ
1810 4941 2017 5007 ἐλάται,

2127 4759 2351 4813 arbores
2395 4760 2612 4823 cedrus,
2663 4760 2746 4816 vel
2785 4762 2964 4829 pinus,
2996 4764 3081 4818 vel
3131 4766 3376 4829 abietes,
3410 4774 3466 4818 et
3509 4766 3705 4820 multas

2126 4850 2343 4905 frondes
2373 4859 2427 4904 et
2460 4850 2668 4907 fructus
2696 4853 2983 4921 quotannis
3017 4852 3217 4910 lerunt.
3272 4855 3421 4909 Licet
3457 4855 3601 4909 enim
3628 4856 3705 4908 vi-

2124 4940 2275 5005 dere,
2309 4949 2367 4994 ut
2397 4940 2533 4996 nihil
2572 4942 2824 5011 subjecta:
2856 4954 3014 4999 terrae
3050 4946 3103 4998 in
3140 4947 3440 5001 vastitatem
3473 4962 3703 5016 quercus

438 5032 539 5084 καὶ
594 5033 793 5104 πολλὴν
842 5034 1075 5103 φέροντα
1136 5035 1257 5086 κατ’
1323 5033 1444 5097 ἐτος
1499 5034 1675 5105 κόμην
1739 5035 1834 5087 καὶ
1889 5050 2017 5103 καρ-

2129 5040 2430 5087 assumant.
2481 5030 2778 5103 Oportebat
2831 5034 2998 5100 enim,
3040 5036 3084 5090 si
3142 5052 3330 5090 verum
3380 5037 3472 5099 sit,
3504 5047 3701 5089 terram

438 5124 566 5188 πὺν,
604 5123 733 5195 [920
762 5126 858 5198 R.]
908 5127 1039 5180 ίδέϊν
1082 5126 1230 5180 ἐστιν
1258 5126 1303 5158 ³³
1342 5127 1416 5190 ὡς
1451 5126 1602 5180 οὐδὲν
1644 5127 1744 5196 τῆς
1803 5129 2023 5179 ὑποκει-

438 5215 615 5285 μένης
642 5220 747 5290 γῆς
777 5220 857 5283 είς
893 5218 984 5272 τὸν
1015 5218 1185 5290 αὐτῆς
1216 5219 1260 5251 ³⁸
1301 5216 1464 5287 ὄγκον
1490 5218 1586 5289 τῆς
1611 5216 1839 5289 δρυάδος
1888 5234 2022 5271 κατ-

515 5356 544 5382 ιι
571 5347 726 5405 Rom.
758 5366 877 5416 vm,
919 5352 966 5406 2.

2129 5138 2228 5195 per
2262 5124 2472 5180 radices
2503 5127 2880 5181 ascendentem
2903 5127 2955 5181 in
2988 5128 3187 5199 lignum
3216 5128 3433 5193 mutari,
3461 5143 3705 5181 omnem-

2102 5223 2236 5285 ‘que
2298 5215 2650 5273 circumcirca
2693 5218 2867 5272 locum
2923 5227 3080 5273 terrae
3128 5220 3356 5275 cavari:
3402 5218 3525 5289 quia
3562 5217 3703 5287 quod

1714 5482 1947 5537 VARl/E
1988 5482 2282 5539 LECTION
2291 5484 2393 5542 ES.

511 5592 1084 5675 ’Ῐῆχ1ἦιφησιιβι
1141 5591 2061 5675 favores-“vehendumavsi;
2194 5598 2544 5675 ’ᾼγλέκόφρων
2578 5620 2640 5675 ς·
2713 5606 2755 5635 η
2780 5604 2927 5675 λέγει
2966 5602 3255 5675 suam
3283 5619 3379 5675 ςη
3452 5602 3705 5675 “fem-

429 5650 827 5744 κρῶνξξιῆσοῦν
953 5667 996 5744 ξι
1023 5650 1123 5744 τῆς
1149 5650 1295 5744 {fuit}
1322 5673 1443 5744 post
1470 5661 1572 5744 τὴν
1593 5650 1995 5744 [ἶγᾳξρθόηρρηίι
2026 5665 2183 5722 Roth.
2214 5650 2281 5703 ᾐέί
2312 5650 2555 5741 βᾷἑῖαἷάι
2697 5691 2756 5737 ς’.
2780 5650 2864 5706 "3’.
3178 5650 3250 5704 vi;
3439 5650 3708 5743 γὰρ-ἐστιν

428 5730 502 5801 ς’.
585 5737 628 5767 ³³
665 5730 832 5807 αὐτῆς
859 5767 927 5782 -
948 5730 1195 5808 δρυάδος]
1226 5730 1422 5804 ἑαυτῆς
1449 5730 1775 5803 -θρυάδος
1808 5733 1913 5786 AB.
