3954 6432
474 327 611 394 119.3

1600 323 1863 386 ΡΗΟΤΙΙ
1890 321 2396 385 PATRIARCH/E
2447 323 2554 386 CP-

3531 325 3646 390 1m

435 440 648 494 aridum
674 443 758 492 est
788 449 894 492 non
924 434 997 490 ita
1019 443 1198 507 potest
1237 434 1459 491 afﬂuere
1483 443 1544 491 ut
1572 437 1766 492 humor
1791 449 2003 504 semper

2136 435 2505 489 ιναλίσκουσιν.
2579 434 2777 506 Ἐχρῆν
2843 433 2991 506 γὰρ,
3038 434 3087 488 εί
3140 433 3334 507 ἀληθὲς
3386 437 3428 469 ⁸⁸
3475 432 3538 510 ἦν
3580 442 3653 495 διὰ

433 525 629 589 afﬂuit,
663 541 783 579 cum
825 527 1107 596 proximus
1140 528 1512 580 submovetur.
1537 525 1656 579 Jam
1698 539 1826 578 vero
1855 534 1912 578 et.
1940 524 2010 576 Ii-

435 631 533 670 cus
555 617 864 684 similesque
896 619 1096 686 stirpes
1129 619 1182 671 in
1208 618 1401 672 aedium
1435 615 1736 671 recessibus
1760 614 2014 682 frequen-

438 719 519 761 tes
550 721 684 762 sata:
709 747 724 771 ,
757 709 889 762 nihil
939 711 1162 763 omnino
1199 725 1265 764 ex
1306 710 1535 764 aedilicio
1575 709 1626 762 in
1678 722 1736 761 se
1780 706 2013 760 vertisse

435 798 707 851 videntur.
763 798 900 868 Ergo
947 800 992 854 si
1039 800 1329 854 multorum
1383 813 1643 853 annorum
1700 797 1904 850 fructus
1948 811 2013 848 ex

439 885 544 938 illis
583 896 639 939 et
667 887 790 940 l‘olia
842 887 962 955 quis
1002 889 1300 955 colligeret,
1346 889 1614 956 ingentem
1649 887 1699 939 in
1734 888 2014 939 domorum

437 975 807 1042 penetralibus
852 985 1007 1029 terra:
1047 978 1256 1044 copiam
1301 993 1364 1030 ex
1406 977 1509 1030 illis
1545 975 1742 1028 factam
1787 975 2015 1027 videret.

438 1061 594 1117 Unde
629 1065 1074 1120 absurdissimum
1103 1077 1184 1120 est
1226 1068 1541 1120 existimare
1573 1076 1769 1118 terram
1807 1065 1857 1117 in
1907 1063 2009 1116 fru-

437 1163 621 1208 ctuum
656 1155 955 1209 ubertatem
981 1158 1200 1222 mutari,
1232 1168 1285 1210 et
1314 1156 1438 1210 l‘olia
1467 1155 1737 1220 consumi,
1766 1157 2014 1224 quamvis

437 1258 537 1312 per
587 1245 727 1300 hanc
776 1248 952 1300 omnia
1015 1249 1162 1312 ﬁant,
1236 1262 1356 1300 cum
1407 1254 1565 1299 terra:
1622 1247 1748 1298 sede
1788 1245 2010 1314 locoque

439 1344 685 1389 utuntur.
738 1335 921 1405 Neque
963 1338 1115 1405 panis
1147 1338 1263 1391 sine
1293 1334 1429 1389 mola
1451 1373 1466 1398 ,
1497 1335 1612 1389 loco
1634 1371 1650 1397 ,
1686 1342 1930 1402 tempore
1963 1345 2018 1390 et

439 1424 561 1493 igne
595 1426 673 1488 tit,
698 1437 749 1480 et
774 1435 948 1480 tamen
980 1427 1110 1480 nihil
1130 1427 1318 1480 horum
1353 1436 1435 1478 est
1471 1433 1564 1478 aut
1615 1424 1673 1477 llt
1707 1425 1859 1493 panis
1884 1466 1898 1488 ,
1936 1426 2012 1478 uti

437 1525 493 1568 et
520 1517 572 1569 in
605 1518 878 1572 sexcentis
900 1517 1040 1571 idem
1065 1527 1147 1570 est
1177 1517 1382 1571 videre.

2117 525 2228 579 τῶν
2293 527 2461 598 ῥιζῶν
2515 525 2892 598 ἀνερχομένην
2949 527 3346 591 ἀποξυλοῦσθαι
3396 529 3488 600 τὴν
3537 531 3653 601 γῆν,

2116 619 2336 672 ἅπαντα
2367 619 2458 671 τὸν
2489 621 2616 688 περὶ
2646 619 2788 671 αὐτά
2823 619 2985 672 τόπον
3021 618 3121 686 τῆς
3166 619 3270 687 γῆς
3297 619 3656 686 κοιλαίνεσθαι,

2119 709 2199 760 ὃτι
2229 707 2306 778 μὴ
2343 709 2621 779 ἐπιρρέειν
2664 709 2876 778 πέφυκε
2911 709 2972 761 τὸ
3005 709 3189 779 ξηρὸν,
3220 709 3466 778 καθάπερ
3492 710 3578 763 καὶ
3607 712 3660 766 τὸ

2123 799 2310 866 ὑγρὸν,
2350 800 2436 851 ἀεὶ
2471 801 2605 870 πρὸς
2643 800 2705 852 τὸ
2745 801 3081 869 κινούμενον.
3118 800 3254 870 Ἤδη
3287 800 3341 853 δὲ
3390 802 3480 853 καὶ
3525 806 3662 856 συκαῖ

2120 890 2216 940 καὶ
2242 889 2378 943 ἀλλα
2420 889 2648 942 τοιαῦτα
2683 891 2824 958 φυτά
2873 892 3156 960 μνημείων
3198 892 3256 943 ὲν
3301 893 3664 962 οἰκοδομήμασι

2122 980 2382 1042 πολλάκις
2417 981 2797 1050 βλαστήσαντα
2840 982 2994 1035 οὐδὲν
3023 985 3103 1045 εἰς
3137 981 3306 1034 ἑαυτά
3350 982 3449 1048 τῆς
3486 984 3664 1037 οἰκοδο⁴

2123 1070 2231 1138 μῆς
2261 1070 2396 1132 ὅλως
2432 1071 2772 1141 ἱστοροῦνται
2801 1071 3266 1124 καταναλωκέναι.
3302 1071 3366 1124 El
3398 1071 3525 1138 γοῦν
3547 1073 3666 1126 ἑτῶν

2123 1159 2335 1210 πολλῶν
2369 1159 2789 1227 συλλογίσασθαί
2818 1178 2903 1224 τις
2938 1162 3028 1214 τὸν
3056 1161 3268 1230 καρπὸν
3297 1160 3476 1213 αὐτῶν
3505 1162 3588 1213 καὶ
3614 1163 3671 1215 τὰ

2126 1247 2302 1316 φύλλα
2327 1249 2634 1322 βουληθείη,
2663 1253 2872 1306 κατίδοι
2912 1253 2978 1305 ἂν
3010 1251 3450 1306 πολλαπλασίονα
3473 1254 3566 1321 τῆς
3595 1252 3673 1304 ἐπὶ

2119 1337 2230 1390 τῶν
2271 1341 2560 1410 μνημείων
2600 1342 2702 1412 γῆς
2746 1345 2838 1396 τὸν
2875 1344 3038 1412 δγκον
3090 1343 3271 1398 αὐτῶν
3311 1343 3671 1413 γεγενημένον.

2117 1427 2288 1482 Ὀθεν
2333 1431 2683 1486 ἀτοπώτατον
2732 1435 2984 1503 ἡγεῖσθαι
3033 1435 3131 1503 τὴν
3185 1433 3292 1504 γῆν
3343 1436 3423 1496 είς
3466 1431 3672 1502 καρπῶν

2114 1519 2285 1588 φορὰν
2339 1523 2812 1594 μεταϐαλλομένην
2850 1527 2944 1579 καὶ
2982 1525 3154 1594 φύλλα
3185 1524 3674 1584 καταναλίσκεσθαι,

438 1605 546 1658 κᾶν
590 1605 657 1659 δι’
710 1607 879 1678 αὐτῆς
933 1608 1150 1662 ἅπαντα
1195 1610 1476 1676 γίνωνται,
1523 1606 1656 1678 ἕδρᾳ
1703 1606 1838 1676 αὐτῇ
1879 1605 2148 1698 χρώμενα
2171 1613 2212 1643 ³⁷
2244 1615 2536 1702 καὶπόπῳ.
2589 1617 2722 1670 Οὐδὲ
2755 1618 2864 1688 γὰρ
2931 1618 3096 1688 ἄρτος
3162 1618 3284 1687 δίχα
3365 1617 3529 1687 μύλου
3597 1615 3677 1668 καὶ

438 1701 606 1755 τόπου
629 1702 724 1756 καὶ
755 1705 951 1774 χρόνου
983 1705 1080 1759 καὶ
1103 1703 1274 1774 πυρὸς
1302 1702 1534 1772 γίνεται,
1567 1701 1664 1756 καὶ
1692 1700 1848 1754 οὐδὲν
1871 1701 2020 1755 ἔστιν
2057 1704 2090 1774 ἢ
2130 1700 2579 1774 γίνεται-τούτων
2651 1713 2680 1766 6
2715 1712 2899 1782 ἄρτος.
2976 1713 3090 1767 Καὶ
3137 1713 3232 1766 ἐπὶ
3277 1711 3451 1767 ἄλλων
3496 1711 3680 1781 μυρίων

437 1796 719 1858 ὡσαύτως.

514 1889 626 1943 Hoc
651 1887 804 1942 Pauli
854 1902 869 1939 :

439 1983 625 2034 domus
672 1989 853 2032 nostra
888 1980 1044 2048 hujus
1073 1977 1419 2030 habitationis
1459 1977 1782 2030 dissolvatur
1825 1985 1878 2040 ο,
1911 1987 2019 2032 etc.

441 2072 762 2136 Origenista:
796 2071 862 2123 ad
906 2070 1192 2122 tollendam
1238 2083 1524 2137 corporum
1563 2067 2022 2121 resurrectionem

441 2163 594 2217 aitmt
655 2157 1058 2214 tabernaculum
1109 2139 1278 2226 accipi
1325 2172 1422 2225 pro
1470 2171 1720 2224 corpore,
1775 2165 1829 2208 ct
1862 2154 2026 2209 caele-

442 2261 583 2307 stem
617 2250 832 2304 domum
862 2248 1002 2302 nulla
1041 2261 1200 2300 manu
1233 2246 1458 2310 factam,
1481 2261 1600 2315 qua!
1626 2246 1696 2299 illi
1728 2247 2026 2316 spiritualia

443 2343 758 2398 indumenta
841 2346 1060 2392 vocant.
1137 2336 1273 2391 Hinc
1337 2338 1467 2391 dicit
1535 2346 1757 2390 sanctus
1824 2336 2030 2392 Metho-

443 2434 588 2499 dius,
615 2429 819 2501 2976
871 2444 969 2498 per
999 2439 1311 2484 terrestrem
1342 2429 1584 2492 domum,
1638 2429 1854 2482 brevem
1883 2428 2024 2483 hanc

445 2527 613 2578 vitam
657 2522 879 2577 abusive
906 2521 1334 2590 intelligendam,
1371 2529 1428 2574 et
1466 2533 1571 2573 non
1607 2519 1709 2572 hoc
1747 2519 2030 2573 habitacu-

445 2616 580 2670 lum.
624 2614 682 2669 Si
714 2613 858 2668 enim
897 2627 993 2680 per
1031 2621 1344 2666 terrestrem
1373 2611 1590 2664 domum
1630 2609 2028 2665 dissolvendam

444 2721 644 2775 oorpus
674 2713 913 2758 nostrum
949 2704 1016 2757 ab
1037 2718 1101 2757 eo
1133 2701 1353 2772 intelligi
1385 2702 1628 2770 putatis:
1664 2703 1790 2770 quid
1824 2701 2032 2755 habita-

447 2797 628 2852 culum
675 2798 745 2850 sit
787 2795 1008 2858 docete,
1071 2792 1223 2860 eujus
1278 2793 1466 2846 domus
1531 2793 1603 2846 sit
1661 2791 2028 2846 dissolvenda.

447 2888 610 2943 Aliud
648 2887 791 2940 enim
836 2894 917 2940 est.
965 2883 1353 2950 habitaculum,
1397 2883 1544 2938 aliud
1591 2883 1883 2938 habitaculi
1934 2884 2033 2936 do~

450 2991 592 3040 mus,
653 2985 709 3029 et
752 2975 896 3027 aliud
946 2989 1065 3038 nos,
1109 2989 1341 3042 quarunt
1390 2983 1475 3027 est
1535 2974 1918 3027 habitaculum.
1973 2972 2031 3027 Si

451 3066 617 3129 enim,
661 3064 868 3134 inquit,
913 3065 1187 3118 terrestris
1233 3064 1424 3117 domus
1462 3074 1645 3117 nostra
1687 3064 2032 3119 habitationis

453 3156 804 3219 dissolvitur;
854 3155 1008 3223 quasi
1049 3153 1276 3223 ﬁgurate
1319 3170 1416 3209 nos
1449 3169 1570 3208 esse
1599 3156 1806 3210 animas
1851 3166 2033 3210 osten-

453 3253 629 3311 deret,
684 3249 1070 3302 habitationem
1130 3263 1259 3301 vero
1307 3261 1526 3316 corpus,
1583 3249 1801 3301 domum
1854 3235 2032 3301 autem

455 3341 808 3395 habitationis
835 3354 1055 3394 usuram
1082 3339 1262 3392 carnis
1293 3339 1346 3392 in
1373 3339 1624 3408 praesenti
1662 3339 1796 3393 vita.
1819 3338 1874 3392 Si
1906 3353 2037 3407 ergo

457 3431 574 3484 haec
597 3431 841 3499 corporis
864 3431 970 3482 vita
1014 3431 1185 3483 instar
1210 3429 1402 3482 domus
1427 3428 1774 3490 dissolvatur,
1818 3429 2041 3482 habebi-

457 3537 580 3576 mus
631 3521 687 3575 in
741 3521 881 3575 coelo
925 3536 1028 3574 non
1079 3521 1467 3585 ntanul‘actam,
1493 3520 1690 3587 inquit,
1736 3522 1880 3588 quod
1929 3520 2042 3574 haec

457 3611 571 3664 vita
618 3608 936 3664 diﬂeremize
966 3625 1126 3664 causa
1162 3611 1465 3663 manufacta
1501 3620 1781 3678 propterea
1813 3612 2041 3673 dicatur,

455 3715 525 3757 eo
552 3701 694 3770 quod
723 3702 902 3754 omnis
947 3700 1125 3753 cultus
1159 3709 1212 3753 et
1241 3701 1419 3754 studia
1445 3701 1567 3752 vitae
1604 3699 1762 3765 hujus
1795 3700 2042 3754 manibus

460 3792 912 3845 administrentur
958 3801 1011 3844 et
1046 3802 1327 3861 gerantur.
1355 3790 1569 3860 Corpus
1594 3790 1774 3855 enim,
1809 3804 1931 3843 cum
1970 3789 2043 3842 sit

459 3897 598 3953 opus
629 3883 746 3948 Dei,
776 3882 1146 3937 manufactum
1171 3899 1277 3937 non
1307 3885 1528 3950 dicitur,
1559 3898 1626 3938 eo
1653 3885 1798 3952 quod
1830 3899 1936 3938 non
1971 3884 2043 3938 sit

461 3984 579 4026 arte
602 3974 875 4027 hominum
903 3972 1177 4026 eﬂectnm.
1211 3973 1268 4026 Si
1310 3985 1489 4027 autem
1522 3990 1720 4043 corpus
1754 3984 2040 4043 propterea

461 4062 832 4119 manufactum
883 4063 1154 4127 dixerint,
1213 4065 1355 4132 quod
1410 4079 1439 4116 a
1495 4067 1603 4119 Deo
1651 4066 1719 4120 sit
1768 4065 2040 4128 eﬂectum,

465 4165 593 4209 tunc
613 4154 774 4208 etiam
807 4154 1023 4218 aninue,
1061 4163 1115 4207 et
1152 4154 1353 4222 angeli,
1382 4165 1436 4209 et
1465 4156 1578 4225 ipsa
1617 4156 1671 4208 in
1699 4155 1852 4210 cmlis
1886 4156 2044 4208 indu-

465 4255 648 4302 menta
676 4246 988 4299 manufacta
1043 4245 1314 4300 dicentur.
1347 4243 1542 4301 Omnia
1579 4246 1774 4313 quippe
1804 4247 1919 4299 haec
1953 4245 2045 4299 Dei

466 4345 595 4391 sunt
614 4350 797 4404 opera.
845 4336 976 4401 Quae
1005 4343 1089 4390 est
1119 4349 1251 4404 ergo
1292 4339 1483 4388 domus
1525 4334 1872 4388 manul‘acta?
1899 4336 2045 4398 Haec,

466 4431 729 4500 inquam,
764 4429 944 4483 brevis
985 4430 1123 4492 vita,
1164 4442 1266 4497 ope
1316 4429 1554 4482 humana
1599 4437 1902 4481 sustentata
1952 4441 2045 4482 seu

920 1885 1127 1940 Scimus
1177 1888 1340 1950 enim,
1388 1886 1635 1956 quoniam
1673 1886 1718 1938 si
1765 1886 2026 1940 terrestris
2062 1894 2104 1952 Β

2206 1888 2324 1942 Ὀτι
2354 1888 2435 1951 τὸ,
2466 1887 2727 1956 Οἴδαμεν
2743 1887 2787 1936 ³9
2806 1888 2917 1956 τὰρ
2944 1890 3025 1955 ὡς
3053 1889 3162 1942 ἐὰν
3189 1889 3228 1956 ἠ
3250 1891 3510 1960 ἐπίγειος
3535 1894 3680 1962 ήμῶν

2124 1979 2281 2032 οίκία
2299 1978 2404 2032 τοῦ
2431 1979 2706 2045 σκήνους
2729 1978 3060 2046 καταλυθῇ,
3092 1980 3186 2032 καὶ
3216 1979 3368 2049 ἑξῆς,
3401 1983 3452 2034 οἱ
3495 1984 3680 2054 Ὡριτι-

2124 2066 2343 2120 νιασταὶ
2373 2069 2452 2131 είς
2485 2069 2767 2138 ἀναίρεσιν
2795 2069 2894 2138 τῆς
2919 2067 3028 2120 τῶν
3061 2070 3326 2137 σωμάτων
3357 2072 3681 2136 ἀναστάσεως

2129 2157 2551 2228 προϐάλλονται,
2585 2159 2780 2227 σκῆνος
2808 2157 2869 2211 τὸ
2895 2158 3052 2226 σῶμα
3077 2158 3172 2211 καὶ
3198 2160 3602 2231 ἀχειροποίητον
3635 2166 3682 2216 ὲν

2127 2251 2376 2321 οὐρανοῖς
2423 2251 2601 2303 οίκίαν
2659 2249 2728 2303 τά
2771 2252 2899 2320 παρ’
2940 2249 3121 2304 αὐτῶν
3158 2253 3507 2320 πνευματικὰ
3556 2255 3682 2308 ἐνδύ-

2135 2359 2280 2412 ματα
2321 2341 2592 2409 λέγοντες.
2636 2342 2728 2394 Διό
2769 2359 2933 2412 φησιν
2971 2344 3000 2395 6
3045 2342 3198 2409 ἅγιος
3229 2344 3513 2407 Μεθόδιος·
3554 2346 3683 2398 Ἐπί-

2129 2447 2280 2498 γειον
2310 2431 2490 2483 οἰκίαν
2528 2431 2627 2498 τὴν
2668 2430 2713 2462 ³³
2747 2430 2980 2484 ἐνταῦθα
3011 2430 3302 2500 βραχύϐιον
3353 2432 3500 2503 ζωὴν
3533 2450 3682 2487 κατα-

2130 2522 2447 2592 χρηστικῶς
2480 2520 2737 2591 ληπτέον,
2771 2523 2866 2575 καὶ
2900 2522 2960 2575 οὐ
2989 2522 3048 2575 τὸ
3082 2523 3277 2591 σκῆνος
3303 2522 3485 2577 τοῦτο.
3517 2526 3572 2578 Ei
3594 2526 3684 2596 γὰρ

2130 2615 2377 2682 ἐπίγειον
2409 2612 2587 2666 οἰκίαν
2618 2613 3028 2684 καταλυομένην
3057 2613 3117 2666 τὸ
3159 2613 3318 2683 σῶμα
3347 2615 3588 2668 τίθεσθαι
3605 2616 3685 2669 αὺ-

2129 2705 2222 2758 τὸν
2249 2705 2518 2774 νομίζετε,
2545 2705 2790 2774 φράσατε
2820 2703 2879 2756 τὸ
2913 2703 3113 2772 σκῆνος
3138 2704 3188 2756 τί
3211 2706 3382 2768 ἐστιν,
3423 2699 3482 2758 οὐ
3509 2707 3541 2772 ἡ
3561 2706 3686 2758 οίκία

2133 2795 2506 2862 καταλύεται;
2545 2797 2772 2866 ’ξΕτερον
2809 2794 2919 2864 γὰρ
2948 2795 3009 2848 τὸ
3055 2797 3272 2864 σκῆνος,
3317 2797 3414 2850 καὶ
3447 2797 3567 2850 ἄλλο
3608 2797 3686 2850 τοῦ

2135 2889 2367 2956 σκήνους
2401 2889 2433 2956 ἡ
2480 2863 2649 2949 οἰκία,
2680 2863 2781 2939 καὶ
2812 2863 2999 2955 ἕτερον
3029 2863 3211 2955 ἡμεῖς,
3235 2879 3310 2939 ῶν
3341 2888 3462 2939 ἐστι
3490 2888 3546 2940 τὸ
3581 2887 3687 2956 σκῆ-

2132 2976 2396 3049 νος.[487
2447 2977 2540 3048 IL]
2595 2978 2733 3030 Ἐὰν
2776 2978 2884 3046 γὰρ
2945 2977 2984 3044 ἢ
3034 2977 3294 3044 ἐπίγειος
3341 2976 3511 3045 ἡμῶν
3535 2977 3686 3038 otzta,

2135 3071 2292 3140 φησὶ,
2321 3069 2428 3123 τοῦ
2483 3069 2756 3137 σκήνους
2791 3067 3123 3136 καταλυθῇ,
3159 3063 3272 3120 οἷον
3293 3069 3446 3138 ἡμᾶς
3483 3067 3577 3137 μὲν
3609 3067 3689 3128 τὰς

2139 3163 2319 3232 ψυχὰς
2350 3159 2488 3215 εἶναι
2514 3161 2784 3230 δηλώσας,
2809 3163 3007 3231 σκῆνος
3041 3159 3096 3212 δὲ
3126 3159 3186 3212 τὸ
3216 3158 3400 3230 σῶμα,
3443 3159 3609 3213 οἰκίαν
3645 3157 3690 3209 δὲ

2140 3251 2234 3306 τοῦ
2267 3253 2498 3322 σκήνους
2521 3250 2618 3321 τὴν
2645 3251 2787 3303 κατά
2814 3249 2913 3320 τὴν
2935 3249 3219 3320 παροῦσαν
3243 3248 3390 3319 ζωὴν
3423 3249 3690 3303 ἀπόλαυσιν

2138 3343 2240 3413 τῆς
2273 3343 2474 3412 σαρκὸς
2509 3341 2807 3413 τροπικῶς.
2857 3341 2984 3393 Ἐἀν
3020 3335 3113 3394 οὖν
3153 3342 3187 3409 ἡ
3221 3341 3266 3372 δ’
3310 3340 3407 3394 νῦν
3464 3341 3526 3408 δὴ
3576 3338 3691 3404 αὐτη

2141 3434 2174 3502 ὴ
2205 3431 2301 3485 τοῦ
2334 3430 2585 3500 σώματος
2626 3431 2738 3500 ζωὴ
2769 3431 2926 3502 δίκην
2963 3431 3140 3493 οἰκίας
3184 3430 3490 3499 καταλυθῇ,
3529 3428 3692 3496 ἕξομεν

2141 3522 2238 3592 τὴν
2278 3524 2336 3575 ὲν
2371 3524 2482 3584 τοῖς
2516 3522 2766 3590 οὐρανοῖς
2800 3522 3235 3592 ἀχειροποίητον.
3282 3517 3692 3590 Ἀχειροποίητόν

2143 3627 2276 3681 φησι
2302 3610 2390 3663 διὰ
2422 3610 2483 3662 τὸ
2518 3609 2895 3680 χειροποίητον
2924 3609 3130 3678 ταύτην
3162 3609 3424 3676 λέγεσθαι
3452 3608 3546 3678 τὴν
3570 3606 3690 3673 ζωὴν

2142 3703 2286 3756 κατὰ
2308 3702 2737 3770 ἁντιδιαστολὴν,
2761 3701 2913 3771 παρά
2944 3700 3004 3754 τὸ
3028 3701 3204 3754 πάντα
3233 3699 3395 3770 ἡμῶν
3422 3699 3490 3752 τὰ
3511 3697 3696 3765 κοσμή-

2147 3812 2293 3865 ματα
2328 3793 2423 3847 καὶ
2455 3792 2852 3861 σπουδάσματα
2886 3791 2979 3844 τοῦ
3012 3790 3128 3861 βίου
3171 3789 3330 3860 χερσὶ
3363 3786 3694 3858 παλαμᾶσθαι

2143 3886 2468 3956 ἀνθρώπων.
2527 3884 2599 3936 Τὸ
2656 3884 2765 3954 γὰρ
2824 3884 2982 3953 σῶμα
3030 3881 3426 3954 δημιούργημα
3477 3881 3694 3949 ὐπάρχον

2143 3975 2279 4028 Θεοῦ
2325 3974 2706 4046 χειροποίητον
2751 3976 2813 4027 οὐ
2854 3973 3093 4042 λέγεται,
3130 3973 3213 4026 ὅτι
3267 3971 3343 4042 μὴ
3395 3969 3697 4039 ὲπαλαμήθη

2144 4067 2366 4137 τέχναις
2396 4065 2724 4134 ἀνθρώπων.
2753 4065 2814 4116 Ei
2843 4065 2898 4117 δὲ
2927 4064 3062 4117 διότι
3110 4063 3217 4116 ὐπὸ
3253 4062 3392 4116 Θεοῦ
3436 4063 3696 4132 ἐδημιουρ-

2145 4157 2312 4227 γήθη,
2335 4155 2710 4228 χειροποίητον
2744 4155 2878 4209 αὐτὸ
2908 4154 3145 4220 λέξουσι,
3212 4153 3575 4224 χειροποίητοι
3611 4149 3699 4214 ἄρα

2146 4248 2243 4300 καὶ
2272 4247 2328 4298 αί
2357 4246 2528 4316 ψυχαὶ
2560 4249 2653 4298 καὶ
2688 4246 2737 4298 οἱ
2767 4245 2992 4314 ἄγγελοι
3023 4247 3118 4298 καὶ
3156 4244 3226 4297 τὰ
3274 4243 3543 4312 ἐνδύματα
3585 4238 3700 4293 αὐτά

2145 4337 2216 4390 τὰ
2260 4338 2318 4391 ὲν
2357 4339 2470 4400 τοῖς
2513 4337 2764 4408 οὐρανοῖς
2793 4351 2808 4367 ο
2849 4335 2982 4388 Θεοῦ
3013 4336 3123 4406 γὰρ
3161 4335 3586 4406 αὐτουργήματα
3622 4328 3700 4381 καὶ

2147 4427 2341 4483 ταῦτα.
2372 4429 2468 4493 Τίς
2501 4424 2596 4481 οὖν
2626 4432 2773 4482 ἐστιν
2813 4429 2846 4500 ή
2880 4427 3253 4498 χειροποίητος
3281 4427 3466 4490 οἰκία;
3505 4426 3565 4476 Ἢ
3593 4422 3701 4492 βρι-

465 4520 680 4577 cmtdita
711 4537 725 4573 :
761 4517 828 4573 In
858 4519 1070 4583 sudore,
1106 4518 1322 4586 inquit,
1344 4517 1517 4570 vultus
1549 4517 1627 4569 tui
1650 4517 1868 4570 vesceris
1917 4534 2032 4585 pani

2151 4520 2359 4590 χύδιος.
2398 4519 2474 4583 ὡς
2511 4519 2665 4590 ἔφην,
2700 4517 2837 4589 αὐτη
2873 4518 3009 4590 ζωὴ,
3039 4520 3073 4589 ἡ
3105 4518 3197 4571 ἀπ’
3228 4517 3580 4588 ἀνθρωπίνων
3605 4528 3700 4582 χειο

469 4622 558 4665 tuo
587 4622 650 4676 P;
687 4626 791 4680 qua
827 4610 1087 4665 dissoluta
1132 4609 1277 4662 illam
1322 4608 1679 4662 immortalem
1715 4625 1820 4661 non
1854 4626 2044 4661 manu-

469 4702 671 4756 factam
713 4714 1074 4770 occupamus,
1126 4698 1580 4767 quemadmodum
1627 4697 1888 4752 Dominus
1930 4700 2045 4768 ipse

470 4791 800 4852 declaravit,
869 4805 990 4844 cum
1049 4789 1185 4843 dixit
1235 4805 1250 4844 :
1303 4786 1494 4842 Facite
1542 4789 1680 4842 vobis
1731 4790 1925 4842 amicos
1986 4792 2049 4841 de

471 4899 775 4937 mammona
821 4883 1138 4951 iniquitatis,
1180 4893 1238 4935 ut
1277 4899 1393 4935 cum
1435 4882 1748 4950 defeceritis,
1796 4884 2045 4945 recipiant

475 4991 560 5028 vos
587 4975 639 5024 in
677 4984 870 5026 (eterna
893 4971 1230 5025 tabernacula
1257 4981 1305 5024 ιι.
1338 4971 1491 5038 Quod
1523 4974 1665 5028 enim
1700 4973 1768 5026 ibi
1795 4972 2049 5027 Dominus

475 5064 763 5134 appellavit
805 5062 1173 5128 tabernacula,
1225 5062 1315 5117 hic
1360 5063 1650 5131 Apostolus
1697 5071 1854 5117 vocat
1900 5063 2052 5117 indu—

475 5167 675 5210 menta.
715 5155 865 5222 Quod
910 5156 982 5209 ibi
1035 5157 1232 5209 amicos
1277 5156 1571 5223 iniquitatis
1597 5195 1612 5220 ,
1643 5155 1730 5209 hic
1763 5155 2051 5223 Apostolus

477 5251 662 5300 donius
735 5246 1106 5302 dissolvendas
1184 5246 1471 5301 diversorii
1535 5261 1628 5300 seu
1680 5245 2047 5299 habitationis.

479 5339 944 5406 Quemadmodum
989 5351 1143 5406 ergo,
1191 5351 1312 5390 cum
1361 5339 1475 5391 dies
1508 5337 1632 5390 vitae
1683 5346 1879 5389 nostra:
1911 5349 2052 5402 pra:-

556 5442 579 5468 υ
617 5435 658 5487 ll
683 5433 810 5488 Cor.
837 5449 889 5500 v,
918 5435 970 5488 1.
1070 5443 1098 5483 Ρ
1125 5432 1262 5488 Gen.
1296 5448 1377 5499 ιιι,
1414 5433 1500 5487 l9.
1576 5441 1604 5482 ιι
1630 5429 1762 5486 Luc.
1794 5445 1907 5494 xvi,
1931 5429 1982 5484 9.

2154 4610 2263 4679 ρῶν
2291 4609 2855 4680 δραματουργουμένη
2889 4626 2904 4641 ·
2951 4608 3116 4678 Φαγῇ
3159 4609 3202 4639 δ’
3238 4608 3368 4676 γὰρ,
3425 4607 3603 4676 φησιν,
3646 4601 3701 4653 ἐν

2154 4696 2346 4765 ἱδρῶτι
2370 4697 2474 4749 τοῦ
2499 4697 2824 4764 προσώπου
2854 4711 2970 4750 σου
3004 4697 3113 4750 τὸν
3147 4696 3330 4764 ἄρτον
3358 4709 3474 4748 σου
3495 4709 3508 4722 °
3542 4687 3602 4762 ἦς
3624 4705 3703 4741 κα-

2154 4788 2476 4857 ταλυθείσης
2508 4788 2725 4857 ἐκείνην
2754 4787 2854 4857 τὴν
2891 4788 3304 4857 ἀχειροποίητον
3343 4786 3487 4855 ζωὴν
3513 4785 3700 4854 ἔχομεν.

2157 4879 2423 4950 Καθάπερ
2454 4878 2547 4930 καὶ
2574 4878 2602 4928 6
2644 4879 2848 4949 Κύριος
2883 4879 3053 4932 εἰπὼν
3081 4879 3333 4948 ἐδήλωσε
3367 4877 3648 4942 Ποιήσατε
3666 4870 3702 4898 δ’

2155 4971 2375 5039 φίλους
2404 4971 2472 5024 ἐκ
2504 4969 2615 5039 τῆς
2652 4971 2889 5037 ἀδικίας
2918 4972 3024 5025 τοῦ
3052 4968 3305 5040 μαμωνᾶ
3342 4969 3406 5034 ⁸³,
3447 4968 3542 5020 ἵνα
3583 4964 3706 5016 ὅταν

2157 5063 2449 5116 ἑκλίπωσι
2504 5063 2573 5127 ⁸⁵,
2618 5063 2906 5128 δέξωνται
2964 5061 3121 5130 ὑμᾶς
3173 5063 3262 5124 είς
3304 5062 3410 5125 τὰς
3459 5055 3706 5116 αἰωνίους

2156 5153 2412 5219 σκηνάς.
2470 5154 2536 5206 "O
2581 5155 2689 5226 γὰρ
2738 5155 2856 5206 ἐκεῖ
2909 5153 3112 5223 σκηνὰς
3166 5155 3193 5204 6
3233 5149 3431 5221 Κύριος
3485 5146 3704 5202 ἐκάλεσε,

2160 5243 2320 5295 τοῦτο
2369 5243 2605 5297 ἐνταῦθα
2652 5247 2681 5298 ὁ
2725 5243 3048 5305 Ἀπόστολος
3084 5241 3359 5311 ἐνδύματα
3387 5254 3402 5269 ⁰
3453 5237 3479 5289 6
3515 5235 3567 5290 δὲ
3615 5231 3708 5284 ἐκεῖ

2160 5336 2348 5404 φίλους
2403 5339 2468 5390 ὲκ
2514 5340 2613 5408 τῆς
2661 5337 2902 5401 ἀδικίας,
2969 5333 3205 5388 ἐνταῦθα
3256 5328 3645 5399 καταλυομένας
3684 5321 3707 5371 6

1750 5524 1984 5578 VARI/[‘1
2035 5521 2439 5577 LEUTIONES.

573 5616 624 5688 "A
651 5615 1009 5688 dhﬁé‘nAB.
1067 5617 1129 5688 A"
1163 5617 1433 5688 χρώμενοι
1455 5635 1512 5681 ς.
1593 5618 1636 5650 ⁸⁸
1677 5616 1919 5688 οἴδαμεν]
1973 5616 2014 5671 ll
2047 5615 2171 5669 Cor.
2211 5617 2347 5688 v.1.

483 5683 536 5755 ⁸⁸,
560 5686 711 5757 φάγῃ
742 5683 803 5748 ς’.
880 5687 923 5719 ⁴²
956 5683 1241 5758 ποιήσατε]

2449 5614 2492 5645 ³³
2517 5612 2616 5682 τὴν
2646 5627 2758 5682 oin.
2798 5609 2885 5682 A._
2916 5679 2925 5682 _
2983 5610 3028 5641 ⁵ο
3052 5610 3085 5678 ὴ
3139 5617 3262 5663 ante
3291 5604 3384 5660 τοῦ
3417 5618 3521 5660 om.
3555 5614 3627 5669 pr.
3652 5595 3704 5646 Α.

1334 5704 1417 5743 uc.
1444 5679 1557 5754 iVI,
1593 5689 1646 5742 9.
1718 5687 1762 5718 "
1797 5679 2032 5758 μαμμων

2136 5705 2165 5741 '.
2241 5685 2287 5716 “
2319 5679 2616 5737 ἐκλίπωσιν
2648 5681 2735 5734 AD
2765 5700 2778 5735 :
2809 5679 3068 5748 ἐκλίπητε
3101 5695 3162 5741 ς.
