3954 6450
305 333 456 401 1125

1349 335 1882 397 BIBLIOTHECA.
1917 361 1987 374 --
2025 337 2192 401 COD.
2224 337 2582 399 CCXXXIV.

3440 333 3582 401 1126

314 453 650 518 Ἀπόστολος
679 451 878 520 οίκίας.
912 450 1185 522 Καθάπερ
1211 450 1345 520 γοῦν
1372 452 1467 506 ὲάν
1492 453 1817 521 ὲκλείψωσιν
1847 455 1904 506 αἱ

2037 456 2178 510 entis
2230 455 2550 520 defecerint,
2593 453 2732 508 bona
2780 466 2979 524 opera,
3012 451 3223 506 animas
3255 462 3471 508 nostras
3523 455 3592 507 ad

300 547 406 614 τῆς
435 545 726 616 παρούσης
754 545 900 614 ζωῆς
932 544 1093 615 ἡμῶν
1125 543 1355 614 ἡμέραι,
1391 543 1460 596 τά
1489 545 1625 615 πρὸς
1649 544 1898 598 εὐποιίαν

303 638 410 700 τὰς
442 637 626 706 ψυχὰς
669 635 826 706 ἡμῶν
858 636 904 669 ⁸⁸
953 635 1302 701 ὑποδέξονται
1340 635 1826 704 ἀγαθοεργήματα,
1866 633 1903 688 ἀ

305 728 422 782 ἀπὸ
458 728 558 797 τῆς
607 728 667 781 ὲν
706 729 772 798 τῇ
815 726 1000 797 ἀδικίᾳ
1040 725 1187 794 ζωῆς
1241 725 1596 796 ἐκτησάμεθα
1634 724 1757 797 [921
1802 724 1897 797 1L]

307 819 390 888 τῷ
435 820 529 872 τὸν
569 819 775 888 κόσμον
822 821 880 872 ὲν
928 817 1005 888 τῷ
1055 818 1280 889 πονηρῷ
1323 817 1563 886 κεῖσθαι,
1612 818 1756 872 οὕτω
1806 821 1905 890 τῆς

307 909 464 979 ζωῆς
503 910 910 978 καταλυθείσης
943 913 1041 980 τῆς
1068 909 1363 981 ὠκυμόρου
1383 911 1483 981 τὴν
1517 911 1627 981 πρὸ
1647 913 1746 981 τῆς
1775 913 1906 965 ἀνα-

308 1002 564 1064 στάσεως
605 1001 799 1071 ἒξομεν
840 1001 1056 1070 οἴκησιν
1103 1003 1158 1054 ai
1197 1001 1369 1071 ψυχαλ⁵
1396 1003 1441 1034 ⁸⁸
1475 1003 1628 1072 παρά
1659 1002 1737 1072 τῷ
1765 1002 1905 1073 Θεῷ,

306 1091 429 1144 ἐστ’
461 1091 528 1145 ἂν
563 1092 1149 1163 ἀνακαινοποιηθεῖσαν
1184 1094 1316 1162 ἡμῖν
1345 1093 1598 1147 ἄπτωτον
1625 1093 1908 1148 ἀναλάϐω-

311 1201 425 1254 μεν
460 1182 640 1237 οίκίαν
670 1184 737 1238 ν’.
767 1184 931 1238 Ὀθεν
959 1184 1056 1238 καὶ
1089 1185 1438 1255 στενάζομεν,
1478 1186 1553 1257 μὴ
1578 1186 1824 1251 θέλοντες
1849 1187 1909 1240 τὸ

313 1274 486 1344 σῶμα
519 1275 958 1339 ἀπεκδύσσσθαι,
995 1275 1113 1329 ἀλλ’
1148 1277 1236 1330 ἐπ’
1263 1278 1415 1350 αὐτῷ
1450 1278 1551 1349 τὴν
1585 1270 1782 1350 λοιπὴν
1813 1280 1911 1332 ὲπ-

315 1363 650 1419 ενδύσασθαι
683 1365 850 1438 ζωήν.
885 1365 960 1420 Τδ
992 1366 1103 1437 γὰρ
1130 1368 1444 1439 οἰκητήριον
1473 1369 1535 1422 τὸ
1562 1369 1621 1436 ἐξ
1655 1371 1910 1442 οὐρανοῦ,

313 1455 348 1507 ὃ
395 1455 774 1527 ἐπιθυμοῦμεν
812 1458 856 1489 ⁵⁸
891 1458 1315 1521 ἐπενδύσασθαι,
1347 1461 1380 1529 ή
1425 1460 1696 1514 ἀθανασία
1737 1463 1909 1518 ἐστίν.

319 1550 438 1602 Ἦν
475 1548 572 1604 ὲάν
610 1549 1036 1620 ὲπενδυσὼμεθα
1060 1591 1074 1616 ,
1114 1553 1557 1622 καταποθήσεται
1597 1556 1706 1608 πᾶν
1753 1556 1814 1609 τὸ
1855 1559 1913 1609 ὲν

313 1640 465 1711 αὐτῇ
489 1641 792 1712 ὁλοσχερῶς
819 1642 1043 1706 ἀσθενὲς
1073 1643 1179 1697 ὑπὸ
1206 1644 1305 1713 τῆς
1325 1645 1558 1716 ἀχρόνου
1592 1645 1738 1718 ζωῆς
1773 1666 1912 1703 κατ-

314 1732 606 1786 αναλωθὲν
633 1733 728 1786 καὶ
764 1733 977 1801 θνητόν.

2005 547 2410 614 compensanda
2456 544 2784 606 benefacta.
2839 558 2961 612 qua:
3013 542 3067 596 in
3122 542 3234 595 vita
3287 542 3594 612 iniquitatis

2006 633 2366 700 possedimus,
2417 633 2502 702 (eo
2533 632 2676 702 quod
2716 632 2948 686 mundus
2977 630 3046 684 sit
3083 629 3138 683 in
3171 628 3408 699 maligno
3445 630 3596 699 posi-

2007 723 2114 794 tus)
2165 723 2477 793 recipient!r
2507 737 2522 776 :
2554 723 2628 777 ita
2677 723 2826 777 brevi
2875 724 2977 777 hac
3003 722 3112 777 vita
3155 722 3353 786 soluta,
3400 723 3597 776 anima:

2009 825 2136 869 ante
2190 815 2658 870 resurrectionem
2704 814 3098 868 habitationem
3147 816 3422 869 habebunt
3454 814 3596 882 apud

2009 906 2202 971 Deum,
2234 906 2408 962 donec
2437 908 2797 962 instauratam
2829 913 2884 962 et
2922 921 3201 974 nunquam
3227 921 3477 961 casuram
3511 921 3598 959 re-

2009 999 2272 1068 cipiamus
2301 998 2545 1054 domum.
2586 995 2744 1052 Unde
2775 1005 2830 1052 et
2863 996 3296 1066 iugemiscimus,
3351 997 3597 1050 nolentes

2009 1105 2210 1161 corpus
2250 1091 2355 1144 hoc
2383 1105 2620 1155 exuere,
2653 1089 2750 1143 sed
2795 1103 2957 1157 super
2993 1089 3166 1156 ipsum
3215 1088 3477 1156 reliquam
3519 1090 3598 1138 vi-

2011 1193 2119 1237 tam
2182 1183 2410 1238 induere
2470 1194 2518 1235 ³.
2572 1180 2710 1236 illud
2768 1181 2915 1235 enim
2966 1180 3298 1235 domicilium
3351 1181 3598 1244 cmleste,

2011 1277 2212 1348 298a
2264 1277 2406 1347 quod
2437 1275 2830 1344 superinduere
2865 1275 3133 1344 cupimus,
3164 1280 3247 1329 est
3273 1272 3598 1328 immortali-

2013 1381 2096 1425 tas
2133 1384 2295 1440 quam
2345 1368 2436 1423 ubi
2470 1366 2844 1433 induerimus,
2879 1367 3264 1422 absorbebitur
3306 1367 3523 1436 penitus
3567 1379 3599 1418 a

2011 1464 2122 1516 vita
2148 1471 2349 1516 aeterna
2380 1468 2787 1530 consumptum,
2818 1458 3084 1530 quidquid
3114 1459 3170 1514 in
3204 1458 3296 1514 illa
3323 1457 3599 1512 infirmum

2012 1562 2069 1610 et
2091 1553 2340 1610 mortale.

401 1824 506 1878 Διὰ
537 1824 800 1891 πίστεως
826 1825 938 1894 γὰρ
967 1825 1432 1896 περιπατοῦμεν,
1455 1829 1528 1882 οὐ
1554 1827 1654 1882 διὰ
1692 1828 1914 1895 εἴδους,

2094 1833 2200 1890 Per
2227 1836 2384 1904 ﬁdem
2407 1835 2545 1890 enim
2583 1833 2942 1898 ambulamus,
2980 1845 3082 1884 non
3100 1845 3195 1899 per
3227 1827 3474 1896 speciem,
3499 1825 3606 1879 hoc

317 1917 580 1970 τουτέστι
609 1916 701 1970 διὰ
740 1917 978 1980 πίστεως
1017 1918 1126 1989 γὰρ
1165 1918 1522 1990 ὲπιϐαίνομεν
1567 1919 1923 1992 ἔτι,ἀτρανο-

320 2010 480 2080 τάτῳ
527 2009 779 2081 λογισμῷ
824 2010 896 2063 τὰ
947 2012 1065 2064 ἐκεῖ
1118 2011 1419 2083 πράγματα
1462 2013 1918 2080 κατοπτεύοντες,

324 2102 431 2155 καὶ
463 2101 525 2153 οὐ
567 2101 778 2171 σαφῶς,
817 2100 961 2155 ὥστε
999 2101 1094 2155 καὶ
1133 2104 1270 2174 ὁρᾷν
1299 2103 1396 2156 καὶ
1424 2103 1723 2160 ἀπολαύειν
1746 2104 1840 2160 καὶ
1865 2105 1923 2161 ὲν

327 2192 524 2254 αὐτοῖς
554 2187 717 2246 εἶναι.

412 2281 593 2336 Τοῦτο
615 2282 662 2314 δ’
693 2282 762 2337 δέ
811 2301 959 2353 φημι
985 2325 998 2348 ,
1022 2284 1296 2354 ἀδελφοὶ,
1343 2286 1434 2339 ὅτι
1479 2287 1636 2355 σὰρξ
1666 2288 1764 2341 καὶ
1783 2281 1926 2357 allia

333 2369 797 2439 κληρονομῆσαι
825 2373 1159 2435 ,βασιλείαν
1183 2374 1331 2427 Θεοῦ
1348 2376 1419 2427 οὐ
1443 2374 1754 2440 δύνανται,
1785 2377 1928 2430 οὐδὲ

332 2463 378 2529 ἡ
403 2462 593 2529 φθορὰ
612 2460 726 2528 τὴν
746 2461 1089 2531 ἀφθαρσίαν
1109 2465 1487 2535 κληρονομεῖ.
1508 2467 1718 2536 Σάρκα,
1739 2469 1923 2537 φησὶν,

335 2553 402 2605 οὐ
458 2553 558 2622 τὴν
613 2551 791 2622 σάρκα
842 2554 1014 2622 αὐτὴν
1061 2554 1350 2626 ἐδήλωσεν,
1412 2556 1547 2610 ἀλλὰ
1585 2559 1685 2630 τὴν
1732 2560 1928 2629 ἄλογον

336 2644 484 2715 πρὸς
540 2644 638 2708 τάς
685 2645 730 2676 ⁵ο
770 2646 1069 2715 μαχλώσας
1110 2650 1212 2718 τῆς
1259 2649 1441 2720 ψυχῆς
1488 2651 1664 2720 ὁρμὴν
1713 2652 1928 2722 ήδονάς.

348 2733 537 2787 Είπὼν
564 2734 657 2788 οὖν
685 2734 767 2787 ὅτι
806 2738 850 2769 ⁸⁸
914 2736 1075 2804 Σὰρξ
1104 2740 1205 2792 καὶ
1245 2734 1388 2808 αἷμα
1421 2740 1754 2804 ,βασιλείαν
1781 2743 1930 2797 Θεοῦ

340 2827 797 2897 κληρονομῆσαι
830 2830 902 2883 οὑ
924 2829 1232 2898 δύνανται,
1258 2834 1671 2903 ὲπαπεφήνατο·
1705 2836 1860 2889 Οὐδὲ
1891 2837 1930 2906 ἡ

340 2920 539 2988 φθορὰ
583 2920 700 2988 τὴν
740 2922 1088 2991 ἀφθαρσίαν
1125 2925 1505 2994 κληρονομεῖ.
1540 2927 1719 2997 Φθορὰ
1747 2928 1803 2981 δὲ
1834 2930 1934 2982 οὐκ

343 3011 479 3064 αὑτό
513 3012 632 3064 ἐστι
681 3012 743 3065 τὸ
787 3012 1173 3084 φθειρόμενον,
1215 3015 1354 3069 ἀλλά
1395 3017 1456 3069 τὸ
1496 3017 1739 3088 φθεῖρον.
1787 3020 1936 3072 Ἐπι-

344 3103 730 3196 κρατήσα-ντος
762 3103 861 3174 μὲν
888 3105 998 3175 γὰρ
1019 3105 1114 3158 τοῦ
1146 3105 1378 3160 θανάτου
1411 3107 1655 3178 κλίνεται
1681 3111 1741 3163 τὸ
1774 3111 1927 3181 σῶμα

2041 3113 2484 3185 prmdominante,
2512 3124 2711 3180 corpus
2740 3109 2791 3163 in
2827 3106 3234 3176 corruptionem
3270 3103 3464 3174 vergit.
3498 3101 3620 3156 Vita
3722 3147 3732 3156 .

346 3191 479 3263 H88
522 3191 615 3265 Ηο]
658 3194 737 3256 εἰς
777 3193 985 3266 φθοράν
1011 3211 1026 3227 ·
1061 3196 1429 3268 ἐπιμενούσης
1457 3197 1512 3251 δὲ
1562 3199 1799 3270 ἔμπαλιν
1831 3201 1932 3272 τῆς

345 3281 496 3351 ζωῆς
546 3284 604 3335 ὲν
653 3283 804 3353 αὐτῷ
849 3285 1052 3355 ἕστηκε
1110 3285 1187 3356 μὴ
1248 3286 1700 3358 καθαιρούμενον.
1751 3291 1842 3344 Διὸ
1887 3294 1932 3325 δ’

343 3373 542 3444 ἐπειδὴ
604 3375 857 3445 μεθόριον
914 3377 1014 3446 τῆς
1062 3378 1374 3449 ἀφθαρσίας
1417 3381 1650 3454 ἐγενήθη
1696 3386 1790 3436 καὶ
1837 3385 1935 3454 τῆς

345 3462 561 3534 φθορᾶς
595 3467 628 3536 ἠ
658 3466 817 3536 σὰρξ,
841 3467 942 3520 οὐκ
969 3465 1106 3521 οὖσα
1129 3468 1252 3521 οὐδὲ
1275 3469 1452 3541 φθορὰ
1481 3471 1605 3524 οὐδὲ
1631 3472 1934 3544 ἀφθαρσία,

348 3556 638 3627 ἐκρατήθη
670 3574 729 3609 τε
748 3558 838 3610 διὰ
863 3557 962 3628 τὴν
986 3559 1183 3629 ήδονὴν
1209 3560 1317 3614 ὑπὸ
1349 3562 1451 3632 τῆς
1474 3562 1699 3632 φθορᾶς,
1721 3565 1936 3635 ποίημα

349 3646 459 3714 τῆς
513 3646 824 3717 ἀφθαρσίας
875 3651 968 3701 καὶ
1009 3649 1197 3720 κτῆμα
1240 3651 1586 3722 ὑπάρχουσα,
1640 3653 1731 3706 διὰ
1777 3654 1936 3708 τοῦτο

347 3738 654 3810 γεγένηται
712 3740 793 3802 είς
835 3740 1064 3811 φθοράν.
1106 3743 1217 3796 Καὶ
1255 3744 1380 3796 ἐπεὶ
1419 3746 1791 3817 συνεκροτήθη
1832 3747 1940 3801 ὑπὸ

345 3830 454 3894 τῆς
485 3829 693 3901 φθορᾶς
734 3831 832 3884 καὶ
866 3831 1084 3902 θανάτῳ
1125 3833 1214 3887 διὰ
1245 3835 1494 3889 παιδείαν
1530 3837 1828 3907 παρεδόθη,
1859 3841 1940 3904 είς

347 3923 503 3984 νῖκος
524 3922 693 3992 αὐτὴν
715 3925 782 3993 τῇ
813 3923 990 3995 φθορᾷ
1023 3923 1276 3998 καθάπερ
1309 3927 1673 3999 κληρονομίαν
1707 3931 1769 3984 οὐ
1803 3948 1940 3986 κατ·

358 4014 571 4082 ἔλιπεν,
621 4015 757 4068 ἀλλά
815 4016 979 4068 πάλιν
1023 4016 1113 4070 διὰ
1174 4019 1270 4088 τῆ..
1319 4020 1670 4085 ἀναστάσεως
1710 4023 1941 4093 νικήσας

350 4106 452 4159 τὸν
479 4106 709 4161 θάνατον
741 4108 996 4161 ἀπέδωκε
1021 4111 1090 4180 τῇ
1115 4109 1416 4182 ἀφθαρσίᾳ,
1450 4112 1540 4166 ἴνα
1568 4112 1643 4185 μὴ
1684 4113 1942 4184 κληρονο-

357 4198 516 4270 μήσῃ
553 4199 585 4268 ή
625 4197 802 4268 φθορά
843 4199 942 4269 τὴν
973 4200 1306 4271 ἀφθαρσίαν,
1342 4202 1459 4254 ἀλλ’
1493 4206 1525 4271 ή
1564 4202 1846 4274 ἀφθαρσία
1882 4206 1945 4258 τὸ

351 4284 619 4354 φθαρτόν.
665 4287 1122 4358 Ἐπαποκρίνεται
1159 4289 1313 4358 γοῦν,
1335 4291 1434 4343 Δεῖ
1448 4291 1559 4360 γὰρ
1589 4292 1654 4345 τὸ
1679 4295 1947 4362 φθαρτὸν

350 4379 536 4434 ’τοῦτο
579 4381 958 4438 ἐνδύσασθαι
1000 4382 1117 4452 τὴν
1151 4384 1523 4453 ἀφθαρσίαν,
1558 4387 1657 4441 καὶ
1697 4387 1764 4441 τὸ
1799 4393 1944 4455 θνη-

2024 1939 2128 1995 est,
2160 1944 2257 1998 per
2286 1927 2445 1981 Iidem
2480 1927 2654 1980 adhuc
2685 1923 3088 1996 progredimur,
3124 1930 3322 1976 statum
3357 1918 3468 1973 illic
3504 1917 3605 1971 ob-

2024 2018 2340 2075 scurissima
2387 2016 2827 2070 consideratione
2877 2011 3348 2080 contemplantes,
3396 2016 3452 2062 et
3495 2021 3604 2060 non

2027 2119 2236 2182 aperte,
2258 2118 2318 2163 ut
2339 2108 2547 2174 videre,
2582 2115 2636 2160 et
2664 2104 2791 2160 frui.
2821 2113 2875 2159 et
2905 2117 3030 2159 esse
3063 2103 3118 2157 in
3154 2101 3244 2155 illo
3272 2099 3563 2170 possimus.

2099 2287 2216 2341 Hoc
2241 2295 2414 2339 autem
2435 2284 2575 2347 dico,
2610 2283 2831 2352 fratres,
2865 2282 3002 2350 quod
3040 2295 3164 2332 caro
3190 2286 3237 2332 et
3270 2277 3485 2347 sanguis
3523 2292 3610 2330 reo

2027 2397 2190 2452 gnum
2248 2378 2345 2432 Dei
2392 2380 2660 2446 possidere
2713 2392 2817 2429 non
2860 2375 3084 2443 possint,
3133 2387 3300 2440 neque
3343 2370 3612 2438 corruptio

2029 2471 2474 2536 incorruptionem
2518 2466 2849 2520 hwreditabit
2897 2465 2942 2518 ι.
2991 2462 3127 2518 Cum
3169 2476 3386 2517 carnem
3427 2471 3610 2526 vocat,

2033 2581 2137 2617 non
2171 2566 2306 2616 hanc
2336 2575 2556 2614 carnem
2597 2558 2878 2622 intellexnt,
2908 2556 3000 2610 sed
3031 2553 3399 2609 irrationalem
3441 2553 3630 2622 impe-'

2036 2667 2146 2709 tum
2190 2664 2377 2708 contra
2413 2653 2641 2706 lascivas
2688 2650 2886 2703 anima:
2931 2648 3255 2717 voluptates.
3301 2645 3435 2700 Cum
3483 2659 3616 2712 ergo

2033 2748 2163 2802 dicit
2191 2765 2204 2801 :
2241 2745 2392 2810 Quod
2418 2760 2542 2797 cara
2569 2752 2617 2796 et
2643 2742 2857 2811 sanguis
2895 2756 3110 2808 regnum
3140 2738 3234 2792 Dei
3257 2754 3359 2790 non
3383 2738 3617 2802 posside-

2035 2838 2184 2899 bunt,
2213 2835 2371 2891 simul
2414 2833 2727 2894 declaravit,
2772 2833 2914 2900 quod
2945 2845 3108 2899 neque
3143 2828 3414 2897 corruptio
3441 2831 3616 2880 turre-

2035 2930 2223 2985 ditabit
2256 2927 2724 2995 incorruptionem.
2759 2923 3052 2992 Corruptio
3094 2931 3278 2975 autem
3315 2934 3420 2972 non
3446 2927 3530 2972 est
3565 2915 3616 2972 id

2039 3023 2181 3092 quod
2215 3019 2603 3087 corrumpitur,
2629 3019 2724 3071 sed
2749 3014 2893 3086 quod
2925 3013 3245 3082 corrumpit.
3272 3011 3446 3066 Morte
3471 3011 3617 3065 enim

2037 3216 2220 3260 autem
2248 3205 2300 3259 in
2336 3218 2402 3257 eo
2430 3217 2646 3257 rursum
2689 3207 2966 3262 manente,
3001 3205 3185 3251 manet
3225 3195 3622 3264 incorruptum.

2036 3300 2216 3366 Quare
2256 3312 2378 3353 cum
2429 3297 2573 3351 inter
2623 3292 2859 3349 conﬁnia
2903 3289 3270 3359 corruptionis
3329 3296 3384 3342 et
3440 3287 3623 3340 incor-

2039 3389 2305 3459 ruptionis
2335 3401 2463 3441 caro
2487 3393 2614 3440 nata
2649 3385 2742 3450 sit,
2772 3396 2872 3437 nec
2913 3381 2984 3435 sit
3007 3379 3284 3449 corruptio
3313 3393 3415 3432 nec
3440 3378 3623 3431 incor-

2041 3483 2236 3550 ruptio,
2265 3481 2407 3535 victa
2445 3489 2528 3533 est
2563 3495 2592 3532 a
2631 3475 3006 3546 corruptione,
3039 3482 3260 3542 propter
3297 3471 3620 3527 delectatio-

2038 3588 2183 3638 nem,
2245 3569 2669 3640 iucorrnptionis
2733 3566 3036 3636 Opilicium,
3081 3563 3332 3634 quamvis
3375 3569 3519 3618 esset
3571 3562 3623 3615 in

2039 3663 2385 3734 possessione
2422 3656 2830 3732 [incorruptio].
2883 3657 3020 3711 Hinc
3073 3654 3250 3728 [caro]
3287 3665 3412 3709 nata
3447 3662 3533 3709 est
3569 3653 3624 3707 in

2040 3754 2468 3823 corruptionem.
2499 3750 2565 3804 Et
2595 3760 2880 3821 postquam
2903 3748 3045 3803 victa
3069 3756 3156 3802 est
3185 3761 3214 3799 a
3249 3745 3626 3815 corruptione,

2040 3859 2094 3904 et
2126 3847 2285 3901 morti
2323 3855 2546 3914 propter
2587 3842 2999 3910 castigationem
3049 3838 3284 3904 tradita,
3343 3853 3448 3891 non
3499 3835 3629 3890 reli-

2041 3941 2160 4010 quit
2187 3939 2333 3994 illam
2365 3935 2700 4007 corruptioni
2731 3934 2798 3988 ad
2832 3931 3118 3988 victoriam
3144 3932 3197 3985 in
3229 3930 3627 3993 hatreditatem,

2042 4030 2136 4086 sed
2173 4044 2387 4083 rursum
2421 4029 2562 4083 victa
2585 4041 2680 4096 per
2709 4023 3169 4080 resurrectionem
3223 4031 3402 4077 morte
3447 4021 3630 4076 reddi-

2043 4118 2564 4191 ditincorruptioni,
2614 4127 2671 4172 ut
2713 4133 2779 4172 ne
2822 4115 3103 4185 corruptio
3159 4115 3626 4180 incorruptionem

2044 4214 2098 4268 in
2149 4212 2523 4267 haereditatem
2577 4209 2868 4277 acciperet,
2916 4208 3009 4261 sed
3071 4205 3250 4274 potius
3295 4203 3632 4271 incorruptio

2045 4304 2398 4373 corruptibile
2431 4297 2816 4374 [absorberet].
2853 4299 2991 4353 Dicit
3019 4298 3161 4352 enim
3202 4299 3454 4363 :Oportet
3489 4295 3631 4346 enim

2048 4393 2386 4463 corruptibile
2415 4394 2512 4447 hoc
2553 4394 2768 4446 induere
2795 4390 3266 4458 incorruptionem,
3311 4397 3358 4440 et
3409 4386 3632 4439 mortale

355 4470 472 4525 τὸν
505 4471 619 4540 τὴν
649 4473 1011 4529 ἀθανασίαν.
1049 4475 1294 4546 Φθαρτδν
1321 4475 1378 4529 δὲ
1408 4477 1503 4530 κα)⁵
1536 4477 1730 4547 θνητὸν
1762 4480 1927 4533 ὲνόυό·

2048 4488 2497 4542 immortalitatem
2529 4493 2580 4539 ιι.
2638 4482 3006 4552 Corruptibile
3065 4491 3244 4534 autem
3293 4489 3348 4536 et
3404 4482 3632 4534 mortale

359 4563 529 4632 μενον
567 4563 868 4621 ἀθανασίαν
897 4568 991 4620 καὶ
1023 4566 1339 4638 ἀφθαρσίαν
1389 4569 1441 4620 τί
1466 4567 1532 4620 ἂν
1557 4570 1605 4602 ⁵³
1633 4569 1822 4640 ἓτερον
1853 4571 1939 4643 είη

359 4655 513 4725 παρά
554 4657 614 4709 τὸ
641 4658 999 4729 σπειρόμενον
1034 4660 1092 4713 ὲν
1134 4659 1311 4731 φθορᾷ
1357 4660 1449 4713 καὶ
1485 4661 1845 4732 ἀνιστάμενον
1885 4665 1943 4717 ὲν

361 4747 661 4821 ἀφθαρσίᾳ,
703 4750 811 4817 ἵνα,
837 4749 1045 4816 Καθὼς
1073 4751 1448 4822 ἐφορέσαμεν
1472 4753 1586 4825 τὴν
1603 4756 1808 4808 εἰκόνα
1837 4757 1943 4810 τοῦ

356 4841 591 4907 χοϊκοῦ,
638 4842 991 4911 φορέσωμεν
1027 4842 1126 4895 καὶ
1179 4842 1299 4910 τὴν
1349 4843 1397 4875 ⁵⁴
1444 4846 1649 4899 εἰκόνα
1694 4846 1802 4900 τοῦ
1839 4847 1946 4900 ἐπ-

354 4933 680 4999 ουρανίου;
722 4933 788 4986 Ἦ
823 4934 933 5004 γὰρ
963 4933 1127 4987 εἰκὼν
1172 4933 1268 4986 τοῦ
1305 4935 1516 5004 χοϊκοῦ,
1557 4937 1627 5008 ήν
1675 4938 1948 5011 ἐφορέσα-

360 5040 488 5093 μεν,
527 5025 588 5077 τὸ
606 5026 698 5094 Γῆ
721 5027 766 5059 ⁸⁵
805 5021 865 5080 εἷ
885 5026 983 5080 καὶ
1020 5028 1107 5092 είς
1128 5024 1247 5095 γῆν
1274 5027 1587 5097 ἀπελεύσῃ
1624 5030 1795 5097 ἐστὶν,
1830 5033 1864 5101 ἡ
1890 5032 1948 5085 δὲ

358 5117 528 5170 είκὼν
559 5118 653 5170 τοῦ
688 5119 1018 5189 ἐπουρανίου
1047 5121 1079 5189 ή
1109 5120 1175 5172 ἐκ
1205 5118 1417 5189 νεκρῶν
1448 5120 1746 5185 ἀνάστασις
1778 5125 1947 5195 καὶζή

358 5204 664 5276 ἀφθαρσία.

439 5351 461 5378 τ
493 5342 510 5397 Ι
539 5341 698 5400 Joan.
727 5359 781 5414 ν,
810 5344 898 5400 19.
976 5357 998 5385 ε
1030 5344 1072 5401 ll
1097 5343 1225 5400 Cor.
1255 5361 1306 5410 ν,
1328 5345 1382 5398 2.
1471 5347 1487 5382 ι
1516 5345 1535 5399 l
1563 5345 1691 5402 Cor.
1726 5365 1816 5416 xv,
1843 5350 1934 5406 50.

2051 4582 2278 4636 induere
2310 4578 2764 4633 immortalitatem
2790 4587 2843 4629 et
2870 4572 3326 4641 incorruptionem
3345 4572 3471 4644 quid
3489 4573 3632 4627 aliud

2049 4675 2141 4737 sit,
2176 4688 2337 4742 quam
2388 4671 2712 4727 seminatum
2746 4666 2799 4722 in
2843 4667 3211 4734 corruptione,
3256 4679 3544 4734 resurgens
3580 4666 3632 4718 in

2051 4761 2457 4833 incorruptione
2504 4777 2518 4813 :
2578 4757 2646 4813 Ut
2695 4757 2832 4810 sicut
2869 4755 3196 4826 portavimus
3231 4753 3509 4823 imaginem
3537 4762 3636 4807 ter-

2053 4855 2187 4920 reni,
2217 4864 2480 4923 portemus
2509 4861 2555 4905 et
2588 4849 2871 4918 imaginem
2920 4847 3145 4901 cazlestis
3174 4847 3243 4901 V?
3268 4848 3450 4918 Imago
3489 4849 3634 4903 enim

2054 4946 2278 5010 terreni,
2303 4960 2464 5015 quam
2485 4943 2844 5014 portavimus,
2876 4938 3008 4994 illud
3042 4949 3125 4995 est
3159 4953 3175 4993 :
3211 4938 3374 4994 Terra
3398 4955 3476 5006 es,
3501 4949 3552 4991 et
3574 4938 3630 4991 in

2053 5051 2246 5094 terram
2270 5037 2538 5092 reverteris
2560 5043 2608 5089 ι.
2656 5033 2837 5104 Imago
2866 5043 3047 5087 autem
3081 5032 3318 5089 cmlestis
3341 5040 3423 5087 est
3455 5043 3638 5084 resur-

2057 5131 2226 5187 rectio
2267 5143 2334 5184 ex
2364 5127 2592 5182 mortuis
2613 5135 2669 5180 et
2698 5124 3052 5192 incorruptio.

2013 5362 2039 5390 ιι
2069 5355 2201 5410 ibid.
2236 5355 2326 5411 55.
2409 5361 2432 5389 ν
2465 5351 2594 5407 Ibid.
2619 5350 2709 5406 49.
2789 5364 2814 5392 ι
2837 5349 2974 5406 Gen.
3015 5365 3098 5418 ιιι,
3155 5349 3243 5404 19.

1625 5482 1860 5542 VARUE
1892 5488 2303 5546 LECTIONES.

434 5595 479 5677 ξ’
506 5597 663 5669 ἡμῶν
676 5599 891 5681 ηοςιξεβο
986 5599 1044 5681 “ﬁ
1060 5600 1116 5653 αἱ
1144 5600 1341 5681 ﬂuxa-.1]
1371 5601 1655 5681 ᾁνσεψρχὴν
1683 5602 1960 5681 Scaliger.
2040 5611 2085 5642 ⁸⁷
2111 5610 2290 5663 οἰκίαν
2318 5609 2442 5666 AB:
2471 5612 2569 5680 τὴν
2592 5611 2792 5665 οίκίαν.
2828 5627 2887 5674 ς’.
2965 5609 3011 5640 ⁸⁸
3027 5604 3422 5681 ἐπενδύσασθαι
3444 5605 3638 5681 Egilio:

358 5667 597 5793 goﬁuev.
640 5667 712 5722 cf.
735 5669 908 5725 llCor.
937 5685 989 5734 ν,
1013 5671 1066 5725 2.
1141 5667 1186 5703 ιδ
1215 5667 1396 5743 τοῦτο]
1463 5667 1628 5726 ι’ρὸτ.
1651 5690 1738 5740 xv,
1767 5667 1854 5734 50‘:

395 5741 408 5756 ‘
434 5739 497 5792 ἄν
523 5740 587 5792 Α.
665 5738 709 5768 ⁸⁵
740 5739 839 5793 τὴν
862 5754 973 5793 om.
1005 5744 1071 5793 Α.
1146 5744 1190 5775 ⁵⁵
1220 5741 1312 5793 γῆ]
1343 5742 1478 5793 Gen.
1513 5758 1596 5793 ιιι.
1627 5742 1712 5793 19.

395 5741 408 5756 ‘
434 5739 497 5792 ἀν
523 5740 587 5792 Α.
665 5738 709 5768 ⁸⁵
740 5739 839 5809 τὴν
862 5754 973 5796 om.
1005 5744 1071 5795 Α.
1146 5744 1190 5775 ⁵⁵
1220 5741 1313 5814 γῆ]
1343 5738 1478 5798 (ἶέιι.
1513 5758 1596 5810 ιιι,
1627 5742 1712 5798 i9.

1952 5680 1998 5713 ⁸ο
2028 5681 2126 5745 τὰς
2158 5696 2268 5736 οιιι.
2306 5683 2374 5737 Α.
2459 5683 2502 5714 ⁸⁸
2527 5683 2608 5735 ὅτι
2638 5696 2750 5736 om.
2785 5681 2852 5735 Α.

2948 5681 2992 5712 ⁸³
3021 5679 3100 5730 διὸ
3136 5693 3246 5732 om.
3285 5675 3392 5730 AB.
3473 5677 3518 5708 ⁵³
3544 5674 3641 5748 ἂν]
