3954 6494
426 361 560 431 1127

491 475 741 533 Justinus
779 486 911 528 vero
957 469 1347 540 Neapolitanus
1400 470 1488 524 vir
1544 472 1687 526 hami
1744 473 1904 541 longe
1952 475 2019 526 ab
2049 479 2094 533 Α

424 567 795 640 apostolorum
851 564 1188 631 temporibus
1251 572 1308 617 et
1372 563 1668 618 virtutibus
1727 574 2007 631 remotus,

422 659 568 728 quod
594 655 822 711 mortale
851 665 933 709 est
965 654 1285 708 hmreditate
1311 654 1483 722 accipi
1518 654 1671 720 dicit,
1694 656 1858 708 vitam
1878 669 2012 709 vero

423 749 800 807 lnereditatem
839 746 1107 812 accipere.
1150 747 1217 799 Et
1244 760 1467 799 carnem
1494 747 1709 815 quidem
1738 747 1895 811 mori,
1927 747 2013 801 vi—

425 856 552 894 vere
600 854 726 893 vero
780 853 1003 905 regnum
1037 837 1323 890 caelorum.
1368 835 1594 902 Quando
1650 852 1779 891 vero
1808 836 2013 893 Paulus

425 930 621 1001 2986
656 945 685 983 a
709 930 969 996 sanguine
1001 945 1225 999 regnum
1265 928 1358 982 Dei
1420 927 1684 998 possideri
1720 944 1881 999 posse
1915 946 2015 985 ne-

425 1035 535 1094 gat,
572 1039 678 1078 non
714 1024 842 1075 dicit
870 1022 993 1085 huc,
1034 1034 1092 1074 ut
1120 1022 1301 1074 carnis
1328 1021 1793 1089 regenerationem
1825 1022 2011 1076 videa-

429 1130 515 1171 tur
546 1130 767 1184 negare,
811 1115 904 1167 sed
952 1122 1010 1166 ut
1045 1117 1257 1178 doceat,
1308 1129 1411 1167 non
1468 1114 1732 1180 possideri
1782 1130 2007 1185 regnum

426 1208 543 1270 Dei,
569 1207 713 1275 quod
742 1218 828 1259 est
856 1205 960 1257 vita
1004 1216 1227 1265 1111011111,
1270 1220 1297 1256 a
1328 1219 1577 1271 corpore,
1624 1206 1717 1258 sed
1747 1219 1946 1271 corpus
1980 1220 2009 1258 α

429 1299 560 1350 vita.
585 1297 641 1349 Si
677 1294 820 1347 enim
856 1308 1076 1361 regnmn
1108 1292 1219 1353 Dei,
1259 1292 1401 1360 quod
1431 1302 1519 1345 est
1549 1292 1679 1353 vita,
1714 1310 1742 1343 a
1777 1308 2011 1360 corpore

438 1387 831 1457 possideretur,
856 1384 1099 1436 eveniret
1131 1392 1189 1436 ut
1231 1384 1339 1435 vita
1372 1400 1399 1435 a
1439 1383 1789 1453 corruptione
1822 1384 2013 1438 absor-

441 1479 684 1531 beretur.
719 1473 871 1526 Nunc
897 1484 1084 1525 contra
1118 1474 1168 1527 id
1200 1475 1343 1542 quod
1378 1485 1650 1527 mortuum
1684 1486 1788 1539 est,
1826 1492 1855 1528 a
1902 1476 2009 1529 vita

430 1568 761 1637 possidetur,
812 1568 948 1620 111111
986 1567 1214 1619 victoria
1249 1582 1396 1620 mors
1420 1583 1447 1618 a
1482 1567 1585 1620 vita
1632 1568 2007 1630 absorbeatur,

426 1669 481 1716 et
512 1659 861 1727 corruptibile
893 1660 959 1711 nl)
988 1658 1386 1726 incorruptibili
1422 1659 1683 1727 possideri
1717 1658 1967 1711 videatur
1993 1675 2007 1724 ;

428 1752 654 1805 liberum
686 1761 861 1804 tamen
908 1765 935 1801 a
982 1759 1154 1804 morte
1188 1759 1243 1803 et
1290 1759 1513 1817 peccato
1558 1749 1795 1815 factum;
1832 1755 1922 1803 sed
1954 1760 2013 1803 ut

1522 359 1787 421 PHOTII
1824 360 2332 420 PATRIARCH/E
2364 360 2475 418 ΟΡ.

3570 355 3696 422 1128

2204 471 2492 532 Ἰοῦστῖνος
2517 468 2573 522 δὲ
2610 469 2639 522 6
2677 467 3043 538 Νεαπολίτης,
3075 468 3218 538 ἀνὴρ
3247 469 3372 523 οὔτε
3413 470 3494 541 τῷ
3525 474 3696 545 χρόνῳ

2116 565 2309 636 πόρρω
2338 563 2415 615 ὢν
2443 562 2555 615 τῶν
2594 560 2913 615 ἀποστόλων
2938 558 3065 613 οὔτε
3099 564 3167 633 τῇ
3209 562 3404 633 ἀρετῇ,
3438 563 3699 633 κληρονο-

2116 655 2340 726 μεῖσθαι
2396 653 2496 723 μὲν
2526 651 2587 705 τὸ
2656 652 3022 720 ἀποθνῆσκον,
3064 651 3425 722 κληρονομεῖν
3456 654 3504 686 ⁸⁸
3549 655 3606 707 δὲ
3642 656 3706 708 τὸ

2114 748 2225 813 ζῶν
2250 747 2435 814 λέγει,
2470 745 2565 799 καὶ
2589 744 2956 814 ἀποθνήσκειν
2987 744 3087 814 μὲν
3121 745 3169 779 ⁵⁷
3198 746 3396 815 σάρκα,
3428 744 3529 817 ζῇν
3564 748 3612 779 ⁸⁸
3645 747 3705 800 δὲ

2112 838 2214 907 τὴν
2251 834 2531 905 βασιλείαν
2561 835 2669 887 τῶν
2732 834 3009 903 οὐρανῶν.
3062 835 3299 889 Ὀπόταν
3342 837 3406 890 δὲ
3439 838 3617 906 σάρκα
3678 841 3709 891 6

2114 928 2327 992 Παῦλος
2351 929 2394 961 ⁵⁸
2422 928 2516 981 καὶ
2538 920 2678 995 αἷμα
2717 926 2792 997 μὴ
2834 925 3096 980 δύνασθαι
3144 927 3246 997 τήν
3283 927 3564 997 βασιλείαν
3605 930 3705 983 τοῦ

2112 1020 2248 1073 Θεοῦ
2287 1019 2700 1088 κληρονομῆσαι
2733 1018 2891 1089 λέγῃ,
2922 1019 3022 1088 οὐχ
3046 1019 3123 1082 ὡς
3147 1018 3512 1087 ἐκφαυλίζων,
3541 1022 3704 1089 φησι,

2112 1114 2214 1181 τῆς
2257 1112 2461 1182 σαρκὸς
2514 1111 2614 1181 τὴν
2656 1110 3082 1177 παλιγγενεσίαν
3138 1112 3519 1178 ἀποφαίνεται,
3561 1114 3705 1166 ἀλλά

2112 1206 2380 1259 διδάσκων
2421 1204 2485 1255 ού
2540 1201 2994 1272 κληρονομείσθαι
3040 1202 3318 1271 βασιλείαν
3366 1203 3526 1267 Θεοῦ,
3566 1205 3705 1257 αἰώ-

2111 1314 2223 1349 νιον
2257 1296 2612 1367 ὑπάρχουσαν
2662 1296 2829 1366 ζωὴν,
2880 1294 2987 1347 ὑπὸ
3016 1294 3110 1347 τοῦ
3147 1295 3419 1364 σώματος,
3463 1296 3601 1349 ἀλλά
3638 1297 3705 1348 τὸ

2116 1387 2277 1456 σῶμα
2305 1387 2411 1440 ὑπὸ
2436 1389 2534 1456 τῆς
2564 1388 2730 1455 ζωῆς.
2769 1388 2831 1439 Ei
2870 1388 2978 1456 γὰρ
3008 1387 3425 1458 ὲκληρονομεῖτο
3472 1389 3503 1457 ή
3545 1386 3707 1457 βασι-

2112 1480 2231 1532 λεία
2284 1479 2381 1532 τοῦ
2428 1479 2565 1532 Θεοῦ
2615 1479 2720 1531 ὑπὸ
2762 1478 2857 1531 τοῦ
2889 1478 3138 1547 σώματος
3184 1478 3296 1548 ζωὴ
3350 1480 3699 1549 ὑπάρχουσα,

2115 1568 2428 1620 συνέϐαινεν
2470 1569 2536 1621 ἂν
2591 1568 2688 1637 τὴν
2725 1566 2872 1637 ζωὴν
2896 1567 3001 1620 ὑπὸ
3042 1567 3143 1636 τῆς
3169 1568 3375 1637 φθορᾶς
3404 1569 3701 1621 καταπίνε-

2116 1662 2259 1716 σθαι.
2284 1660 2398 1714 Νῦν
2422 1661 2478 1714 δὲ
2513 1662 2574 1713 τὺ
2611 1661 2872 1726 τεθνηκὸς
2903 1664 2935 1731 ἡ
2973 1661 3084 1731 ζωὴ
3116 1662 3463 1730 κληρονομεῖ,
3494 1662 3579 1714 ἵνα
3613 1664 3701 1725 είς

2115 1758 2262 1816 νῖκος
2302 1752 2582 1821 καταποθῇ
2631 1755 2660 1805 6
2715 1753 2943 1814 θάνατος
2991 1752 3096 1804 ὑπὸ
3150 1752 3251 1820 τῆς
3291 1752 3455 1819 ζωῆς,
3505 1753 3599 1806 καὶ
3632 1755 3700 1807 τὸ

424 1843 623 1898 serviat
646 1851 700 1895 et
723 1841 1000 1894 ministret
1023 1840 1433 1903 immortalitati,
1456 1850 1514 1895 ut
1536 1856 1730 1907 corpus
1752 1841 1822 1893 sit
1844 1841 2012 1893 incor-

2122 1844 2362 1914 φθαρτὸν
2409 1843 2509 1913 τῆς
2537 1844 2847 1913 ἀφθαρσίας
2883 1845 3071 1913 κτῆμα
3111 1845 3381 1915 ἀναφανῇ,
3599 1845 3696 1917 R.]

426 1933 720 2002 ruptionis,
752 1949 858 1986 non
894 1931 1229 2000 incorruptio
1260 1932 1528 1999 corporis.
1558 1931 1709 1996 Quod
1736 1933 1929 1985 mortui
1957 1934 2011 1986 in

424 2024 637 2078 Christo
667 2032 935 2091 resurgant
962 2022 1213 2090 primum,
1237 2021 1422 2074 deinde
1446 2038 1539 2075 uos
1578 2021 1667 2090 qui
1702 2020 1922 2075 vivimus
1956 2030 2009 2074 1.

429 2116 503 2167 De
528 2116 630 2169 hoc
660 2114 731 2167 ita
758 2121 949 2169 censet
989 2124 1210 2167 sanctus
1241 2112 1547 2169 Methodius
1583 2130 1595 2165 :
1625 2112 1738 2169 Hoc
1778 2122 1861 2169 est
1903 2113 2014 2184 [in-

426 2201 568 2275 quit]
599 2220 611 2255 :
648 2201 764 2270 Ipsa
791 2210 976 2255 nostra
1003 2201 1119 2254 hzec
1147 2216 1398 2271 corpora.
1439 2200 1549 2255 Nos
1573 2203 1718 2256 enim
1753 2205 1843 2273 qui
1874 2204 2009 2256 vivi-

426 2308 567 2356 mus,
595 2293 789 2347 animae
840 2308 1049 2358 smnus,
1093 2293 1185 2363 qui
1234 2298 1471 2347 excitata
1514 2309 1545 2349 e
1596 2304 1739 2349 terra
1782 2309 2008 2361 corpora

428 2390 641 2438 mortua
691 2384 1010 2453 accipimus,
1047 2395 1106 2438 ut
1159 2384 1210 2437 in
1246 2398 1535 2439 occursum
1584 2385 1794 2440 Domini
1847 2387 2011 2442 simul

429 2489 551 2527 cum
597 2472 729 2542 ipsis
763 2472 902 2541 rapti
938 2472 1173 2542 gloriose
1211 2474 1546 2527 celebremus
1580 2474 1654 2526 illi
1688 2474 1884 2528 festum
1924 2490 2008 2529 re-

425 2564 799 2619 surrectionis.
854 2564 957 2619 Pro
1003 2566 1200 2633 quibus
1229 2576 1427 2618 :eterna
1460 2565 1618 2620 nobis
1662 2566 2006 2621 tabernacula

424 2672 532 2709 non
562 2655 846 2709 interitura
879 2666 971 2707 aut
998 2656 1250 2709 solvenda
1278 2656 1607 2722 accepimus.

2118 1933 2405 2002 ἐλεύθερον
2464 1932 2561 2001 μὲν
2611 1931 2842 1985 θανάτου
2872 1934 2968 1987 καὶ
2996 1934 3265 2003 ἁμαρτίας
3307 1936 3695 2005 γεγενημένον,

2116 2021 2298 2075 δοῦλον
2317 2022 2369 2073 δὲ
2391 2023 2483 2075 καὶ
2507 2022 2745 2091 ὑπήκοον
2767 2024 3084 2090 ἀθανασίας,
3100 2026 3245 2087 ὅπως
3263 2024 3364 2094 τῆς
3387 2026 3700 2096 ἀφθαρσίας

2116 2111 2175 2164 τὸ
2205 2112 2362 2180 σῶμα
2382 2106 2439 2182 ᾖ,
2472 2112 2565 2164 καὶ
2597 2114 2673 2182 μὴ
2708 2112 2801 2165 τοῦ
2846 2112 3098 2183 σώματος
3134 2117 3166 2185 ή
3222 2116 3518 2185 ἀφθαρσία.
3573 2118 3699 2169 Ὅτι

2118 2202 2224 2255 Καὶ
2250 2205 2305 2254 οὶ
2336 2203 2379 2233 ⁶⁰
2402 2204 2598 2268 νεκροὶ
2622 2204 2692 2256 ἐν
2713 2204 2943 2271 Χριστῷ
2963 2206 3415 2272 ἀναστήσονται
3439 2206 3697 2276 πρῶτον,

2117 2294 2325 2349 ἔπειτα
2356 2296 2530 2363 ἡμεῖς
2563 2298 2603 2327 ⁶¹
2651 2300 2707 2351 οἱ
2753 2297 2985 2363 ζῶντες,
3021 2302 3049 2353 6
3084 2300 3236 2368 ἅγιος
3268 2301 3526 2363 Μεθόδιος
3555 2300 3699 2354 οὕτω

2114 2386 2294 2454 φησί’
2363 2387 2655 2440 Τουτέστιν
2708 2388 2847 2440 αὐτὰ
2884 2388 3042 2457 ἡμῶν
3092 2388 3262 2442 ταῦτα
3304 2389 3373 2441 τά
3420 2390 3648 2459 σώματα
3676 2400 3697 2418 ’

2111 2478 2272 2547 ἡμεῖς
2297 2478 2406 2548 γὰρ
2440 2480 2488 2531 οἱ
2527 2478 2728 2543 ζῶντες
2764 2481 2821 2533 αί
2848 2481 3017 2550 ψυχαί
3060 2482 3250 2549 ἐσμεν,
3279 2482 3328 2533 οί
3373 2481 3692 2549 ἀποΜμὸά·

2113 2586 2298 2632 νοντες
2346 2571 2662 2640 ἐγερθέντες
2692 2572 2756 2625 ὲκ
2796 2573 2896 2640 τῆς
2925 2572 3028 2640 γῆς
3069 2573 3195 2634 τοὺς
3224 2574 3471 2642 νεκροὺς,
3502 2572 3588 2627 ἶνα
3614 2572 3700 2632 είς

2108 2660 2417 2731 ἀπάντησιν
2455 2663 2573 2732 ἃμα
2611 2664 2791 2725 αὐτοῖς
2831 2662 3201 2733 ἁρπασθέντες
3234 2662 3329 2716 τοῦ
3363 2663 3569 2733 Κυρίου
3606 2662 3696 2712 ἐν-

422 2746 593 2812 δόξως
633 2745 983 2815 ἐορτάσωμεν
1026 2745 1174 2816 αὐτῷ
1212 2746 1311 2815 τὴν
1352 2745 1584 2814 φαιδρὰν
1623 2749 1722 2816 τῆς
1774 2746 2126 2814 ἀναστάσεως
2189 2752 2405 2824 ἑορτὴν,
2455 2754 2575 2807 ἀνθ’
2649 2749 2726 2808 ὧν
2777 2755 3029 2819 αἰωνίους
3107 2754 3267 2825 ἡμῶν
3308 2756 3409 2817 τὰς
3473 2754 3695 2824 σκηνάς,

423 2840 608 2894 οὐκέτι
639 2839 1092 2909 τεθνηξομέναςῆ
1129 2840 1527 2925 λυθησομένας,
1555 2841 1966 2913 ἀπειλήφαμεν.

499 2930 642 2991 Vidi.
692 2932 887 2999 inquit,
933 2931 987 2985 in
1061 2928 1287 3001 Olympo
1345 2941 1528 2986 monte
1582 2931 1761 3002 Lycia:
1829 2935 2006 3001 ignem

425 3032 619 3090 sponte
643 3037 736 3076 sua
803 3022 857 3075 in
892 3023 1089 3075 montis
1130 3022 1412 3075 cacumine
1443 3039 1508 3076 ex
1538 3023 1649 3077 imo
1688 3033 1847 3078 terra:
1875 3040 2007 3078 enu-

303 3166 313 3175 ,
423 3113 853 3181 scentemjuxta
878 3128 1038 3181 quem
1080 3114 1266 3181 stirps,
1284 3128 1559 3183 pyragnus
1591 3115 1704 3185 (78)
1740 3114 2007 3186 [nomine]

2190 2936 2314 2989 Ὅτι
2351 2936 2538 3005 φησὶν,
2569 2936 2916 3009 Ἐθεασάμην
2944 2940 3002 2993 ὲν
3026 2937 3287 3011 Ὀλύμπῳ
3315 2940 3425 3008 ἐγὼ
3463 2942 3605 3012 (ὅρος
3635 2945 3700 3003 δέ

2114 3030 2263 3082 ἐστιν
2296 3031 2325 3083 6
2358 3030 2641 3098 Ὄλυμπος
2670 3032 2768 3099 τῆς
2794 3031 3021 3101 Λυκίας)
3062 3033 3176 3103 πῦρ
3206 3034 3529 3103 αὐτομάτως
3556 3038 3699 3090 κατὰ

2113 3120 2213 3190 τὴν
2235 3119 2545 3190 ἀκρώρειαν
2561 3121 2652 3174 τοῦ
2674 3122 2835 3191 ὅρους
2860 3123 3103 3176 κάτωθεν
3126 3125 3188 3179 ὲκ
3208 3125 3306 3195 τῆς
3326 3126 3430 3195 γῆς
3453 3125 3578 3197 [489
3601 3126 3695 3199 Η.]

422 3203 642 3259 exsistit
687 3206 821 3259 adeo
865 3204 1075 3270 ﬂorida,
1132 3206 1335 3271 virens,
1382 3216 1437 3261 et
1472 3222 1664 3276 Opaca,
1698 3217 1757 3261 ut
1785 3222 1817 3262 e
1861 3207 2009 3261 fonte

2120 3213 2499 3282 ἀναδιδόμενον
2530 3215 2599 3280 ⁸¹,
2632 3214 2761 3284 περ1⁸
2790 3214 2819 3267 6
2850 3215 2965 3286 πῦρ
2989 3218 3151 3285 ἄγνος
3182 3218 3227 3249 ⁸³
3256 3218 3422 3286 φυτόν
3455 3221 3600 3271 ἐστιν
3623 3218 3697 3280 ⁸⁸.

426 3298 605 3367 potius
687 3304 811 3350 nata
890 3298 1153 3351 videatur.
1203 3298 1375 3363 Quam
1436 3298 1601 3369 igitur
1658 3299 1727 3353 ob
1789 3315 2009 3353 causam

426 3403 547 3441 cum
576 3397 780 3442 natura:
822 3390 1206 3458 corruptibiles
1255 3391 1386 3454 sint,
1425 3399 1479 3444 et
1524 3406 1750 3460 corpora
1787 3394 1852 3445 ab
1887 3392 2010 3460 igne

425 3489 840 3544 consumantur,
884 3481 998 3534 haec
1048 3481 1159 3534 sola
1194 3481 1358 3548 stirps
1401 3494 1506 3534 non
1544 3482 1715 3535 solum
1747 3498 2014 3536 1101111111-

429 3570 593 3632 ritur,
618 3572 713 3623 sed
745 3571 918 3638 magis
958 3572 1123 3623 etiam
1169 3570 1483 3633 cillorescit,
1531 3575 1783 3639 quamvis
1822 3585 2013 3628 natura

429 3659 587 3713 facile
615 3661 766 3714 esuri
793 3663 986 3727 possit,
1017 3664 1318 3730 praesertim
1351 3664 1415 3716 ad
1443 3662 1613 3731 ipsius
1648 3664 1863 3718 radices
1892 3666 2016 3732 igne

426 3751 753 3805 eructaute?
790 3750 988 3804 Ramus
1015 3766 1144 3817 ergo
1171 3767 1236 3804 ex
1267 3752 1704 3817 circumjacentis
1734 3753 1883 3808 silva:
1928 3769 2015 3805 ar-

428 3843 671 3905 boribus,
694 3842 747 3895 in
776 3843 951 3910 ignem
980 3840 1089 3896 illic
1120 3855 1496 3911 erumpentem
1531 3844 1766 3912 conjeci,
1797 3845 1887 3911 qui
1921 3860 2015 3897 su-

430 3934 544 3985 11110
578 3932 809 3986 ﬂammis
835 3934 1072 4001 correpti
1100 3934 1150 3985 in
1178 3934 1414 3987 cinerem
1451 3937 1653 3989 redacti
1688 3946 1835 3989 sunt.
1869 3936 2011 4002 Quid

428 4039 560 4093 ergo
600 4025 702 4077 sibi
738 4023 847 4075 vnlt
880 4023 981 4078 hoc
1020 4025 1621 4095 miraculum?Signum
1668 4036 1723 4081 et
1758 4028 2013 4082 indicium

431 4116 596 4168 futuri
634 4116 738 4169 diei
773 4115 915 4170 Deus
945 4118 1045 4170 huc
1084 4117 1353 4185 exhibuit,
1388 4120 1460 4171 uti
1496 4123 1751 4181 sciamus,
1782 4120 2015 4195 llninmis

354 4192 355 4195 η
431 4209 560 4261 011111
597 4208 776 4261 omnia
815 4209 1188 4278 absumpturis
1216 4226 1447 4281 corpora
1479 4214 1669 4280 quzeiu
1692 4192 1929 4281 puritate
1962 4222 2017 4267 et

426 4299 638 4366 justitia
664 4300 828 4353 vitam
886 4309 1221 4370 transegere,
1258 4319 1353 4372 per
1385 4304 1562 4371 ignem
1609 4321 1717 4359 non
1766 4319 1923 4361 secus
1953 4319 2017 4361 ac

432 4387 682 4460 frigidam
711 4406 906 4461 aquam
940 4393 1269 4446 transitura.

500 4672 654 4739 Vide,
671 4674 865 4743 inquit,
886 4682 1065 4726 utrum
1081 4686 1189 4726 non
1205 4671 1393 4725 beatus
1406 4669 1605 4741 299a
1621 4671 1878 4738 Joannes,
1896 4689 2017 4729 cum

2114 3307 2258 3360 οῦτω
2291 3308 2389 3377 μὲν
2432 3309 2657 3372 εὐθαλὲς
2682 3311 2777 3362 καὶ
2820 3310 3063 3381 χλοερὸν,
3097 3311 3238 3365 οὕτω
3269 3311 3326 3364 δὲ
3355 3312 3591 3378 σύσκιον,
3618 3313 3697 3375 ὡς

2114 3400 2222 3452 ὑπὸ
2256 3401 2438 3470 πηγῆς
2473 3401 2673 3471 μᾶλλον
2702 3402 2835 3454 αὐτὸ
2856 3403 3034 3456 δοκεῖν
3062 3404 3108 3435 ⁸⁸
3135 3404 3583 3475 βεδλαστηκέναι.
3615 3405 3694 3457 Δι’

2115 3492 2305 3561 ἥντινα
2348 3487 2441 3544 οὖν
2484 3492 2685 3555 αἰτίαν,
2727 3493 2775 3543 εί
2814 3493 3005 3560 φύσεις
3029 3494 3138 3545 είσὶ
3168 3494 3424 3564 φθαρτῶν
3458 3494 3548 3546 καὶ
3590 3494 3695 3546 ὑπ’)

2118 3582 2291 3654 πυρὸς
2350 3583 2823 3651 καταναλωμένων
2878 3584 3166 3651 σωμάτων,
3204 3584 3265 3636 ού
3305 3585 3464 3654 μόνον
3500 3585 3560 3637 οὐ
3593 3603 3693 3638 καο

2113 3674 2442 3744 ταφλέγεται
2468 3674 2530 3727 τὸ
2558 3675 2725 3744 φυτὸν
2754 3673 2935 3738 τοῦτο,
2964 3675 3098 3729 ἀλλά
3141 3675 3236 3729 καὶ
3265 3676 3464 3745 μᾶλλον
3492 3678 3694 3746 ἀκμαι-

2116 3766 2303 3834 ότερον
2342 3765 2599 3834 ὑπάρχει,
2641 3766 2689 3817 εί
2760 3768 2826 3835 τῇ
2867 3765 3029 3832 φύσει
3059 3767 3206 3819 ἐστὶν
3249 3766 3564 3834 εὖκαυστον,
3600 3770 3694 3821 καὶ

2116 3856 2293 3909 ταῦτα
2329 3856 2461 3925 περὶ
2500 3856 2673 3919 αὐτὰς
2713 3857 2880 3909 αὐτοῦ
2906 3860 3002 3920 τὰς
3036 3858 3193 3927 ῥίζας
3218 3858 3313 3911 τοῦ
3345 3860 3510 3929 πυρὸς
3544 3862 3691 3912 ἐντυ-

2117 3949 2355 4018 φομένου
2387 3950 2469 4013 “;
2502 3949 2727 4011 κλάδους
2752 3948 2885 4016 γοῦν
2920 3947 3031 4016 ἐγὼ
3063 3949 3293 4017 δένδρων
3343 3952 3407 4003 ὲκ
3444 3951 3543 4020 τῆς
3590 3968 3691 4002 πα-

2119 4040 2457 4113 ρακειμένης
2493 4040 2627 4110 ῦλης
2664 4040 2959 4111 ὲπέῤῥιψα,
3000 4040 3124 4093 καθ’
3156 4042 3215 4094 ὃν
3254 4042 3605 4113 ἀνερεύγεται
3631 4042 3690 4093 τδ

2119 4133 2232 4203 πῦρ
2259 4133 2444 4195 τόπον,
2476 4132 2572 4185 καὶ
2611 4130 2815 4194 εὐθέως
2841 4133 2920 4192 είς
2951 4132 3127 4199 φλόγα
3162 4132 3418 4201 ἀρθέντες
3456 4132 3692 4203 saepe-

2118 4224 2309 4294 θησαν.
2338 4224 2403 4275 Τί
2425 4223 2520 4277 οῦν
2552 4222 2800 4293 βούλεται
2828 4223 2890 4275 τὸ
2926 4223 3267 4292 παράδοξονς
3298 4226 3504 4294 Δεῖγμα
3535 4223 3692 4277 τοῦτο

2116 4315 2216 4384 τῆς
2250 4314 2556 4384 μελλούσης
2597 4314 2627 4366 6
2674 4312 2808 4376 Θεὸς
2840 4313 3053 4382 ἡμέρας
3092 4315 3186 4366 καὶ
3210 4312 3493 4382 προοίμιον
3518 4311 3687 4373 ἔθετο,

2121 4406 2208 4459 ἵνα
2247 4406 2609 4475 γινώσκωμεν
2647 4405 2731 4459 ὅτι
2778 4404 2998 4457 πάντων
3029 4404 3165 4472 πυρὶ
3202 4403 3694 4473 κατομϐρουμένων

2117 4495 2186 4548 τά
2237 4497 2295 4547 ὲν
2341 4496 2539 4565 ἀγνείᾳ
2581 4493 2815 4561 σώματα
2847 4491 3204 4563 διατρίψαντα
3245 4494 3341 4545 καὶ
3364 4492 3692 4563 δικαιοσύνῃ,

2050 4590 2091 4645 D
2121 4589 2377 4659 καθάπερ
2401 4587 2595 4658 ψυχρῷ
2622 4585 2796 4651 ὕδατι,
2831 4584 2911 4655 τῷ
2942 4586 3077 4656 πυρὶ
3114 4585 3488 4655 ἑπισήσονται.

2198 4681 2321 4733 ’Ὁτι
2356 4680 2543 4748 φησιν,
2593 4676 2921 4748 Ἐπίστησον
2954 4676 3013 4729 δὲ
3046 4678 3118 4746 μή
3151 4692 3282 4729 ποτε
3311 4676 3405 4728 καὶ
3442 4674 3473 4726 6
3521 4674 3694 4745 μακά-

429 4765 599 4820 dicit:
635 4765 782 4818 Dedit
818 4780 964 4817 mure
996 4775 1231 4818 mortuos
1274 4780 1419 4829 suos,
1446 4765 1537 4834 qui
1574 4765 1630 4817 in
1657 4780 1716 4819 eo
1736 4775 1884 4818 erant
1916 4781 1935 4819 :
1969 4775 2012 4819 et

2122 4788 2239 4842 ριος
2292 4770 2550 4838 Ἰωάννης
2578 4810 2593 4833 ,
2647 4768 2913 4827 Ἔδωκεν
2963 4769 3051 4835 ⁶⁷ή
3102 4767 3387 4823 θάλασσα
3429 4764 3574 4829 τοὺς
3601 4780 3693 4818 rs-

429 4874 571 4912 mors
597 4868 645 4911 et
678 4858 918 4925 infernus
955 4857 1209 4910 dederunt
1232 4868 1468 4910 mortuos
1510 4874 1657 4921 suos,
1689 4859 1856 4927 quiin
1890 4859 2016 4925 ipsis

428 4960 665 5013 erautl;
698 4958 883 5018 partes
953 4948 1022 5001 ab
1081 4948 1365 5003 elementis
1412 4950 1653 5004 redditas
1706 4952 1774 5004 ad
1827 4952 2018 5006 unius—

2118 4861 2305 4927 κροὺς
2344 4859 2489 4924 τοὺς
2524 4859 2594 4911 ὲν
2635 4856 2811 4926 αὐτῇ,
2839 4858 3036 4924 λέγων,
3092 4856 3188 4910 καὶ
3245 4859 3278 4909 ό
3310 4854 3564 4919 θάνατος
3602 4852 3695 4905 καὶ

2124 4957 2157 5007 ό
2187 4954 2339 5020 ᾧδης
2376 4951 2609 5007 ἔδωκαν
2643 4951 2781 5017 τοὺς
2815 4950 3067 5017 νεκροὺς
3109 4949 3250 5013 τοὺς
3286 4949 3358 5001 ἐν
3388 4946 3591 5011 αὐτοῖς
3630 4945 3692 5007 ⁸⁸,

431 5042 693 5112 cujusque
740 5042 1179 5109 reparationem,
1215 5041 1549 5097 ostenderit?
1602 5040 1749 5097 Mare
1804 5044 2012 5112 quidem

2127 5045 2199 5097 τὰ
2231 5045 2339 5097 ἀπὸ
2370 5042 2480 5098 τῶν
2516 5041 2795 5113 στοιχείων
2841 5040 3199 5109 ἀναδιδόμενα
3239 5039 3372 5108 πρὸς
3418 5037 3692 5091 ἀποκατά-

500 5166 529 5205 y
560 5157 575 5210 l
606 5158 798 5211 Thess.
826 5172 899 5219 ιν,
938 5156 1024 5219 15,
1059 5155 1146 5209 16.
1225 5165 1247 5193 ι
1270 5161 1440 5225 Apoc.
1478 5172 1575 5222 xx,
1604 5157 1691 5211 15.

503 5342 547 5372 δῦ
580 5342 933 5411 κληρονομεῖν
970 5371 1041 5381 --
1071 5340 1459 5411 ἀποθνήσκειν]
1488 5340 1740 5410 θνήσκειν
1765 5342 1872 5411 AB.

431 5410 520 5463 50.
596 5412 639 5441 ⁰⁰
669 5406 758 5463 καὶ
787 5406 857 5481 oi]
889 5408 905 5461 l
936 5410 1126 5466 Thess.
1161 5427 1231 5463 tv.
1267 5406 1357 5474 15,
1390 5406 1477 5467 16.

431 5481 591 5550 ᾷγνος
656 5481 695 5533 Β
724 5491 776 5550 et
813 5497 888 5534 rc.
914 5483 997 5550 A:
1032 5481 1307 5550 πύραγνος
1343 5498 1402 5544 ς.

434 5546 595 5606 Roth.
673 5552 714 5580 ⁸⁷
743 5549 963 5622 ἔδωκεν]
1008 5546 1227 5620 Αρόυιιι.
1254 5566 1344 5617 xv,
1378 5551 1463 5605 l5.

1504 5482 1547 5513 “
1573 5483 1688 5534 ἐστι
1728 5482 1892 5550 φυτόν
1931 5483 1992 5535 Β.

1738 5246 1977 5302 unus
2022 5245 2437 5303 LECTIONES.

1974 5341 2019 5413 ετ
2041 5339 2169 5413 μὲν]
2190 5341 2253 5393 δὲ
2278 5341 2337 5395 B.

1556 5411 1597 5442 ἰ
1629 5410 1812 5482 ἡμεῖς]
1840 5410 1934 5464 καὶ
1967 5410 2127 5481 ἡμεῖς
2146 5410 2212 5465 Ἀ.
2297 5414 2341 5443 ⁶²
2366 5410 2597 5477 ἀναδιδόε

1573 5483 1688 5534 ἐστι
1728 5482 1892 5535 φυτόν
1931 5483 1992 5535 Β.
2102 5482 2145 5514 ⁸⁸
2167 5483 2348 5534 δοκεῖν
2404 5482 2527 5535 add.
2558 5478 2597 5530 Β

1540 5552 1584 5583 ⁸⁸
1609 5549 1749 5612 τοὺς
1799 5552 1857 5601 ὲν
1890 5549 2051 5622 αὐτῇ]
2079 5553 2248 5621 αὐτῆς
2300 5552 2361 5604 Β.

2437 5340 2484 5372 ιιι
2665 5336 2809 5406 ζωὴν
2829 5336 2888 5389 Β.
2973 5405 2981 5409 _
3018 5336 3116 5409 "ﬁ
3153 5332 3579 5409 HaﬁlongCOI.
3611 5347 3692 5407 Ἆρ’,

2297 5382 2341 5443 ⁶ί
2366 5380 2744 5477 ἀναδῖδέείεκῖον
2767 5380 2893 5459 ante
2922 5405 3163 5477 κάτωθεν
3200 5380 3440 5475 1101111ν
3524 5401 3566 5432 ⁶³
3590 5399 3691 5477 πῦρ

2700 5477 2744 5508 ⁸⁸
2768 5475 3147 5544 ὲντυφωμένου
3201 5470 3267 5541 λ,
3338 5470 3694 5541 ὲκτυφομένου

1962 5662 2195 5719 NCT/1‘3.

502 5756 613 5825 (78)
644 5753 866 5835 Salicem
908 5758 1149 5811 torrentis
1207 5756 1368 5811 vertit
1403 5754 1530 5809 [ιον.
1560 5771 1718 5821 xxm,
1765 5754 1885 5811 Job.
1923 5773 2009 5810 11..
