3954 6482
282 385 455 453 1129
1336 410 1852 472 BIBLIOTHECA.
1887 437 1957 449 -
1985 414 2147 473 COD.
2190 414 2542 476 CCXXXIV.
3423 422 3558 487 1130

276 531 500 568 στασιν
530 517 761 574 ἑκάστου
788 522 953 593 μόρια
979 524 1213 596 ἐδήλωσε
1238 544 1253 561 ο
1278 529 1374 597 τὴν
1406 530 1503 599 μὲν
1531 533 1642 602 γὰρ
1674 532 1878 587 θάλασ-

2010 534 2243 607 constat]
2285 550 2407 592 esse
2440 545 2688 592 naturam
2708 539 3005 605 humidam,
3046 540 3317 595 infernum
3353 556 3555 610 autem,

277 624 407 659 σαν
438 605 579 662 εἶναι
607 610 705 681 τὴν
740 612 916 683 ὑγρὰν
944 617 1153 680 οὐσίαν,
1182 619 1315 691 ᾅδην
1350 621 1407 674 δὲ
1435 622 1528 674 τὸν
1563 623 1701 695 ἀέρα
1735 624 1886 693 παρὰ

2002 636 2169 675 ierem
2202 605 2269 676 ab
2297 624 2649 690 obscuritate,
2684 629 2824 694 quod
2858 643 2961 682 non
3002 629 3272 695 videatur,
3304 634 3564 699 quemad-

274 699 359 751 τὸ
397 701 597 766 ἀειδὲς,
635 702 724 757 διὰ
759 705 821 758 τὸ
854 705 930 778 μὴ
970 710 1223 778 ὁρᾶσθαι,
1266 713 1517 784 καθάπερ
1552 714 1749 785 ὲλέχθη
1792 716 1887 768 καὶ

2002 714 2206 767 modum
2239 713 2504 786 Origenes
2533 718 2788 787 explicat,
2838 730 3066 775 mortem
3112 721 3239 777 item
3289 738 3411 777 esse
3454 731 3567 778 ter-

300 794 610 865 Ὦριγένει,
653 799 745 853 καὶ
788 799 1019 854 θάνατον
1062 804 1161 875 τὴν
1192 806 1295 874 γῆν
1344 808 1496 877 παρά
1542 808 1602 861 τὸ
1648 810 1706 862 ὲν
1751 810 1885 880 αὐτῇ

284 886 586 941 κλίνεσθαι
634 889 704 943 τὰ
741 890 785 923 ⁶⁹
829 890 1153 964 θνήσκοντα,
1205 895 1328 950 ὅθεν
1383 898 1479 950 καὶ
1513 898 1639 969 χοῦς
1682 900 1886 970 ἐκλήθη

289 978 541 1032 Θανάτου
556 980 601 1012 ⁷ο
640 983 698 1034 έν
744 983 1076 1053 Ψαλμοίςτί,
1114 989 1202 1053 εις
1250 989 1403 1058 χοῦν
1442 990 1703 1046 θανάτου
1749 1010 1888 1046 κατ·

296 1069 491 1139 ἦχθαι
519 1072 826 1141 εἰρηκότος
856 1078 1137 1144 Χριστοῦ.

380 1160 505 1213 Ὅτι
567 1163 723 1232 φησι,
773 1165 887 1218 Πᾶν
947 1165 1058 1236 γὰρ
1095 1168 1155 1221 τὸ
1179 1169 1243 1222 ὲκ
1283 1168 1524 1240 καθαροῦ
1585 1172 1749 1242 ἀέρος
1794 1172 1891 1225 καὶ

306 1252 558 1324 καθαροῦ
588 1255 761 1326 πυρὸς
826 1260 1220 1330 συνιστάμενον
1273 1262 1578 1333 σύγκριμα,
1635 1263 1732 1317 καὶ
1778 1266 1891 1327 τοῖς

308 1343 622 1412 ἁγγελικοίς
647 1349 929 1418 ὀμοούσιον
968 1352 1232 1424 ὑπάρχον,
1267 1355 1329 1407 οὐ
1360 1355 1581 1409 δύναται
1618 1357 1721 1425 γῆς
1748 1355 1891 1426 ἔχειν

307 1435 578 1507 ποιότητα
608 1441 701 1494 καὶ
731 1439 942 1509 ὓδατος,
974 1446 1096 1499 ἐπεὶ
1141 1446 1482 1516 συμϐήσεται
1511 1447 1728 1501 ἔσεσθαι
1759 1448 1892 1502 αὐτὸ

303 1525 537 1592 γεῶδες.
582 1529 837 1586 Τοιοῦτον
877 1534 974 1587 καὶ
1003 1535 1068 1588 ὲκ
1090 1537 1296 1589 τούτων
1320 1537 1382 1590 τὸ
1414 1538 1710 1608 ἀναστῆναι
1764 1538 1891 1608 μέλ-

302 1616 405 1671 λον
464 1620 624 1690 σῶμα
665 1622 953 1695 ἀνθρώπου
971 1626 1017 1658 ⁷³
1079 1628 1358 1700 Ὠριγένης
1381 1628 1427 1660 ⁷⁸
1470 1629 1824 1697 ὲφαντάζετο,
1855 1629 1885 1682 ὃ

302 1711 409 1763 καὶ
427 1710 477 1743 ⁷⁸⁵
510 1715 879 1784 πνευματικὸν
903 1716 1104 1789 ἔφησεν
1125 1722 1191 1772 ⁷⁵.

404 1801 529 1855 ’Ὁτι
590 1803 747 1874 φησι,
814 1806 1066 1862 Ποδαπὺν
1112 1809 1222 1880 ἄρα
1245 1811 1417 1864 Earl."
1475 1815 1570 1868 καὶ
1620 1813 1807 1883 σχῆμα
1827 1813 1891 1866 τὸ

306 1896 696 1965 ἀνιστάμενον,
727 1898 778 1950 εἰ
826 1899 964 1963 ὅλως
1008 1900 1072 1954 τὸ
1129 1904 1529 1973 ἀνθρωποειδὲς
1581 1906 1759 1971 τοῦτο,
1813 1908 1890 1970 ὡς

306 1988 584 2058 ἄχρηστον
612 1988 673 2043 ὃν
710 1992 833 2045 κατ’
887 1994 1074 2061 αὐτὸν,
1128 1995 1543 2064 ὲξαφανίξεται·
1594 2000 1623 2053 ὃ
1673 2001 1894 2054 πάντων

304 2081 433 2133 ἐστὶ
466 2082 571 2135 τῶν
620 2085 699 2147 εἰς
728 2083 846 2149 ζῶα
907 2091 1355 2160 συγκεκριμένων
1416 2094 1715 2162 σχημάτων
1760 2095 1894 2163 ἐρα-

306 2173 621 2247 σμιώτερον
652 2194 667 2209 ·
701 2170 746 2245 ᾧ
785 2180 879 2231 καὶ
910 2181 972 2233 τὺ
1008 2181 1162 2234 Θεῖον
1189 2183 1390 2255 χρῆται
1410 2184 1599 2250 εἰκόνι,
1640 2182 1893 2252 καθάπερ

303 2264 410 2318 καὶ
438 2267 466 2318 ὁ
494 2266 804 2337 σοφώτατος
819 2269 1026 2333 Παῦλος
1048 2270 1232 2342 δηλοῖ·
1268 2272 1439 2341 Ἀνὴρ
1452 2274 1494 2304 ’⁷⁷
1511 2274 1627 2342 μὲν
1647 2272 1758 2343 γὰρ
1781 2275 1894 2327 οὐκ

304 2357 543 2426 ὀφείλει
590 2362 1155 2417 κατακαλύπτεσθαι
1195 2363 1311 2431 τὴν
1353 2366 1630 2434 κεφαλὴν
1650 2406 1668 2431 ,
1718 2366 1896 2418 εἰκὼν

303 2449 416 2502 καὶ
446 2449 597 2516 δόξα
627 2452 777 2507 Θεοῦ
818 2453 1127 2525 ὑπάρχων.
1187 2455 1282 2522 Εἰς
1312 2456 1340 2509 ὃ
1377 2457 1565 2511 καὶτὰ
1596 2458 1761 2529 νοερά
1784 2457 1894 2510 τῶν

302 2540 565 2617 ἀγγέλων
610 2542 837 2615 σώματα
871 2546 1334 2619 διεκοσμήθησαν.
1369 2544 1518 2618 *Αρα
1564 2549 1894 2620 κυκλοτερὲς

304 2635 344 2705 ἢ
385 2636 721 2704 πολυγώνων
774 2640 807 2710 ἢ
842 2639 1133 2713 κυὸικὸνῆ
1178 2642 1586 2713 πυραμοειδές;
1643 2642 1896 2697 πλεῖσται

306 2728 427 2799 γάρ
492 2730 603 2783 τῶν
664 2732 961 2802 σχημάτων
984 2736 1040 2788 αἱ
1085 2734 1457 2807 παραλλαγαί.
1528 2735 1690 2790 Ἀλλὰ
1736 2736 1896 2789 τοῦτο

306 2822 620 2892 ἀμήχανον.
672 2825 882 2881 Οὐκοῦν
927 2828 1013 2893 τίς
1042 2830 1076 2900 ἡ
1128 2828 1535 2900 ἀποκλήρωσις,
1560 2831 1623 2883 τὸ
1651 2830 1750 2900 μὲν
1778 2829 1896 2883 θεο-

304 2912 527 2965 είκελον
584 2915 770 2985 σχῆμα
826 2916 1101 2987 (ὁμολογεῖ
1144 2918 1256 2990 γὰρ
1302 2918 1400 2973 καὶ
1451 2918 1614 2983 αὐτὸς
1671 2920 1895 2990 ὁμοειδῆ

304 2998 459 3056 εἶναι
514 3003 615 3077 τὴν
661 3005 841 3077 ψυχὴν
891 3006 970 3079 τῷ
1018 3007 1267 3080 σώματι)
1331 3009 1771 3082 ἀπαγορεύεσθαι
1820 3011 1897 3075 ὡς

306 3095 696 3166 ἀκλεέστερον,
733 3097 909 3153 άπουν
939 3099 997 3153 δὲ
1026 3102 1120 3154 καὶ
1142 3100 1360 3171 ἅχειρον
1379 3101 1734 3169 ἀνίστασθαι;

387 3186 520 3257 [925
550 3187 641 3260 3.]
703 3189 825 3243 Ὅτι
872 3192 1059 3262 φησὶν,
1101 3192 1161 3247 'O
1195 3193 1719 3265 μετασχηματισμὸς
1750 3195 1785 3265 ή
1815 3196 1897 3258 εἰς

1990 818 2129 868 ram,
2183 821 2249 861 eo
2286 809 2429 877 quod
2471 820 2716 866 mortuus
2767 812 2819 865 in
2864 826 2927 867 ea
2967 822 3282 881 reponatur.
3322 815 3477 871 Unde
3513 826 3569 870 et

1989 896 2162 962 pulvis
2212 908 2294 952 est
2339 900 2603 969 appellata
2651 917 2798 957 mors
2838 903 2892 957 in
2942 902 3188 969 Psalmis,
3221 906 3440 963 Christo
3479 906 3566 962 di-

1989 994 2145 1042 cente
2191 1004 2245 1043 se
2292 990 2347 1044 in
2384 991 2648 1055 pulverem
2670 993 2849 1047 mortis
2880 994 3161 1049 deductum
3190 1012 3301 1051 esse
3335 1006 3381 1049 ι.

2060 1163 2151 1217 Ait
2176 1160 2524 1237 [Methodius]
2558 1181 2573 1221 :
2607 1146 2876 1237 Quidquid
2911 1182 2978 1223 ex
3026 1184 3161 1237 puro
3192 1184 3321 1226 aere
3346 1179 3401 1227 et
3426 1186 3565 1241 puro

1992 1249 2115 1320 igne
2148 1253 2515 1321 componitur,
2555 1264 2610 1309 et
2659 1256 2919 1324 angelicis
2959 1259 3171 1313 naturis
3206 1258 3567 1315 consubSIan-

1993 1342 2120 1397 tiale
2141 1352 2243 1408 est,
2279 1344 2405 1399 illud
2432 1362 2536 1399 non
2570 1357 2747 1414 potest
2770 1348 2973 1403 habere
2996 1355 3156 1404 terra:
3181 1357 3236 1405 et
3258 1364 3411 1421 aquae
3433 1365 3570 1421 qua-

1992 1434 2365 1505 litatem,quia
2399 1440 2707 1493 necessario
2739 1440 2914 1509 ipsum
2948 1450 3095 1497 esset
3118 1449 3397 1498 terrestre.
3437 1442 3569 1499 Tale

1993 1538 2171 1582 autem
2194 1537 2248 1582 et
2279 1546 2340 1583 ex
2373 1530 2519 1585 hisce
2553 1530 2700 1603 [aere
2731 1542 2786 1587 et
2824 1533 2969 1607 igne]
2995 1546 3426 1590 resurrecturum
3450 1551 3574 1592 θοι-ι

1992 1634 2093 1688 pus
2126 1619 2278 1691 ﬁngit
2306 1620 2590 1693 Origenes,
2623 1626 2765 1693 quod
2799 1625 3078 1694 spirituale
3123 1626 3433 1697 appellavit.

2061 1798 2247 1865 Atqui,
2292 1799 2490 1869 inquit,
2541 1816 2660 1869 quae
2700 1809 2911 1869 spectes
2955 1805 3061 1858 erit
3114 1804 3473 1875 resurgentis,
3523 1806 3571 1861 si

1927 1925 1969 1980 Β
2001 1890 2171 1945 forma
2210 1894 2327 1948 haec
2354 1895 2611 1962 humana,
2646 1897 2791 1951 velut
2838 1898 3046 1954 inutilis
3089 1900 3210 1968 ipsi,
3255 1901 3571 1971 exstingua-

2001 1996 2107 2049 tnr,
2134 2001 2252 2054 quae
2280 2002 2347 2042 ex
2374 1990 2626 2043 omnibus
2658 1991 2710 2043 in
2754 1991 3008 2044 animalia
3035 1992 3357 2047 cadentibus
3384 1992 3573 2047 formis

1995 2088 2079 2131 est
2109 2078 2411 2143 amabilior,
2456 2094 2561 2148 qua
2606 2079 2815 2135 Numen
2870 2082 3045 2149 ipsum
3099 2082 3289 2148 utitur,
3316 2087 3574 2152 quemad-

1999 2170 2213 2222 modum
2242 2170 2673 2237 sapientissimus
2721 2171 2922 2228 Paulns
2973 2173 3272 2242 explanat:
3319 2175 3410 2229 Vir
3451 2178 3569 2245 qui-

1996 2263 2110 2317 dem
2132 2280 2235 2317 non
2265 2266 2415 2319 debet
2443 2266 2615 2319 velare
2653 2276 2807 2328 caput
2833 2282 3010 2333 suum,
3040 2268 3291 2338 quoniam
3324 2267 3497 2337 imago
3524 2277 3574 2322 et

1995 2358 2164 2426 gloria
2196 2356 2294 2410 Dei
2331 2366 2409 2411 est
2436 2369 2485 2420 ο,
2516 2358 2583 2412 ad
2614 2357 2755 2427 quod
2794 2358 3079 2413 rationalia
3104 2372 3319 2429 quoque
3359 2360 3577 2429 angelo-

1998 2465 2116 2502 rum
2150 2464 2379 2519 corpora
2423 2461 2550 2505 sunt
2580 2459 2865 2506 exornata.
2895 2451 3088 2508 Eritne
3123 2465 3253 2522 ergo
3303 2451 3575 2526 [corporis

1999 2543 2333 2613 resurgentis
2411 2542 2622 2617 forma]
2690 2545 3011 2609 circularis,
3088 2554 3181 2599 aut
3254 2547 3573 2616 angularis,

2004 2648 2099 2690 aut
2150 2637 2378 2701 cubica,
2434 2649 2526 2690 aut
2586 2637 2980 2707 pyramidalis?
3038 2637 3215 2694 Varia:
3258 2637 3402 2692 enim
3447 2646 3576 2691 sunt

1998 2728 2293 2793 ﬁgurarum
2345 2730 2591 2798 species;
2654 2731 2748 2784 sed
2806 2731 2909 2783 hoc
2951 2739 3035 2785 est
3075 2729 3430 2797 impossibile.
3470 2731 3572 2792 Ec-

2000 2837 2101 2891 qua
2133 2821 2249 2875 hazc
2282 2838 2401 2877 sors
2429 2832 2594 2885 esset,
2628 2823 2861 2877 formam
2899 2822 3010 2878 Deo
3038 2823 3270 2879 similem
3314 2823 3570 2894 (similem

1999 2914 2142 2967 enim
2171 2915 2404 2968 animam
2426 2930 2549 2969 esse
2571 2914 2787 2984 corpori
2818 2914 2934 2984 ipse
2961 2930 3178 2986 quoque
3207 2914 3436 2984 fatetur)
3461 2917 3575 2970 vel-

2002 3016 2060 3058 ut
2106 3006 2432 3062 deteriorem
2467 3006 2651 3075 abjici,
2687 3013 2741 3061 et
2785 3005 3028 3081 [corpus]
3061 3006 3179 3063 sine
3206 3006 3432 3077 pedibus
3465 3024 3577 3061 ma-

2003 3098 2272 3168 nibusque
2307 3100 2626 3170 resurgere)

2070 3189 2524 3259 Transformatio,
2555 3194 2754 3263 inquit,
2796 3202 2880 3250 est
2915 3195 2981 3249 ad
3023 3193 3487 3249 immortalitatem
3522 3203 3578 3246 et

306 3278 375 3331 τὸ
395 3278 606 3343 ἀπαθὲς
658 3281 753 3335 καὶ
794 3280 1008 3349 ἔνδοξόν
1064 3284 1214 3338 ἐστιν
1259 3285 1739 3349 ἀποκατάστασιςθ
1797 3284 1892 3340 νῦν

2002 3284 2222 3354 gloriam
2256 3285 2661 3340 transmutatio.
2692 3283 2848 3340 Nunc
2889 3286 3033 3341 enim
3069 3299 3264 3353 corpus
3287 3294 3369 3339 est
3396 3285 3451 3338 in
3482 3286 3578 3337 de.

308 3370 419 3438 μὲν
475 3370 586 3441 γὰρ
643 3372 803 3442 σῶμα
824 3373 869 3406 ⁷⁸
896 3373 1195 3445 ἐπιθυμίας
1246 3376 1365 3430 ἐστὶ
1389 3378 1486 3431 καὶ
1510 3378 1894 3440 ταπεινώσεως

308 3462 419 3531 (διὸ
450 3463 545 3516 καὶ
594 3464 850 3534 Δανιὴλ⁷⁹
887 3465 1044 3535 ἀνὴρ
1074 3467 1401 3537 ἐπιθυμιῶν
1432 3469 1621 3539 ήκουε)
1639 3508 1654 3534 ,
1683 3470 1805 3523 τότε
1836 3470 1894 3524 δὲ

313 3555 965 3626 μετασχηματισθήσεται
990 3558 1071 3621 εις
1104 3558 1264 3628 σῶμα
1300 3559 1528 3624 ἀπαθὲς,
1562 3561 1624 3612 οὐ
1646 3562 1712 3632 τῇ
1738 3560 1897 3626 ἐξαλ-

308 3648 456 3717 λαγῇ
489 3647 586 3717 τῆς
645 3648 1059 3721 διακοσμήσεως
1105 3652 1215 3705 τῶν
1272 3652 1475 3722 μελῶν,
1521 3654 1659 3708 ἀλλὰ
1693 3653 1774 3726 τῷ
1819 3656 1897 3728 μὴ

308 3740 607 3811 ἐπιθυμεῖν
634 3740 744 3795 τῶν
777 3741 977 3797 ὑλικῶν
1008 3742 1232 3815 ἡδονῶν.

387 3833 514 3885 ’Ότι
556 3835 723 3902 φησὶν
784 3834 913 3905 [490
956 3835 1049 3908 H.]
1105 3837 1407 3908 ἐξελέγχων
1448 3838 1541 3893 τὸν
1590 3838 1892 3910 Ὠριγένην·

310 3924 580 3978 Βούλει-αι
603 3925 834 3980 τοίνυνὸ
867 3926 1148 3999 Ὠριγένης
1194 3933 1295 4000 τὴν
1347 3930 1445 4000 μὲν
1498 3932 1670 4003 αὐτὴν
1716 3932 1895 4002 σάρκα

317 4015 397 4087 μὴ
416 4015 885 4071 ἀποκαθίστασθαι
914 4023 981 4090 τῇ
1007 4020 1174 4092 ψυχῇ,
1226 4021 1324 4093 τὴν
1349 4022 1407 4075 δὲ
1432 4022 1594 4075 ποιὰν
1660 4022 1895 4077 ἑκάστου

318 4108 555 4179 μορφὴν,
580 4109 720 4163 κατά
743 4110 805 4163 τὸ
828 4110 968 4175 εἶδος
986 4114 1046 4165 τὸ
1066 4113 1165 4183 τὴν
1184 4114 1362 4184 σάρκα
1384 4116 1478 4167 καὶ
1496 4115 1590 4169 νῦν
1618 4133 1896 4187 χαρακτη-

318 4198 488 4271 ρίζον,
521 4203 578 4254 ὲν
621 4201 795 4272 ἑτέρῳ
840 4204 1199 4275 πνευματικῷ
1248 4205 1703 4278 ἐντετυπωμένην
1758 4208 1893 4262 ἁνα-

317 4294 613 4364 στήσεσθαι
649 4294 883 4365 σώματι,
928 4298 1016 4352 ἵνα
1046 4299 1276 4363 ἕκαστος
1304 4301 1469 4355 πάλιν
1498 4304 1525 4355 ὁ
1555 4303 1719 4367 αὐτὸς
1746 4306 1890 4376 φανῇ

318 4388 459 4439 κατά
484 4388 585 4456 τὴν
612 4390 851 4459 μορφὴν,
873 4391 965 4443 καὶ
994 4391 1153 4446 τοῦτο
1182 4389 1321 4448 εἶναι
1344 4395 1446 4465 τὴν
1485 4397 1893 4468 ἐπαγγελλομέ-

317 4493 417 4544 νην
470 4479 786 4534 ἀνάστασιν.
839 4480 1091 4536 Ῥευστοῦ
1140 4483 1272 4556 γὰρ,
1312 4487 1500 4557 φησὶν,
1556 4488 1895 4560 ὑπάρχοντος

317 4568 410 4623 τοῦ
430 4569 615 4623 ὑλικοῦ
641 4571 894 4642 σώματος
929 4573 1023 4627 καὶ
1073 4576 1345 4647 μηδέποτε
1378 4578 1631 4647 μένοντος
1653 4581 1738 4648 ἐφ’
1763 4583 1891 4635 ἑαυ-

2001 3370 2205 3429 siderio
2227 3383 2284 3428 et
2313 3373 2619 3428 humilitate
2648 3392 2660 3427 :
2698 3374 2840 3428 unde
2867 3372 3055 3427 Daniel
3082 3375 3161 3427 vir
3190 3373 3576 3426 desideriorum

1997 3476 2080 3521 est
2123 3465 2423 3536 appellatus
2447 3467 2497 3521 ι’.
2550 3466 2704 3522 Tunc
2758 3475 2938 3522 autem
2990 3465 3467 3535 transligurabitur
3519 3464 3573 3517 in

1996 3572 2195 3629 corpus
2237 3560 2593 3628 impassibile,
2635 3575 2742 3614 non
2774 3568 2986 3614 mutato
3016 3559 3072 3613 in
3102 3557 3342 3613 deterius
3374 3567 3572 3611 ornatu

1996 3651 2388 3719 membrorum,
2457 3655 2550 3705 sed
2601 3653 2871 3707 exstincta
2920 3651 3280 3723 corporalium
3334 3650 3577 3718 volupta-

1996 3752 2110 3797 tum
2135 3744 2600 3814 concupiscentia.

2065 3832 2379 3904 Coarguens
2435 3836 2559 3890 dein
2607 3836 2895 3907 Origenem
2932 3836 3049 3893 ait:
3087 3837 3351 3908 Origenes
3410 3839 3574 3909 igitur

1995 3925 2110 3979 vult
2161 3941 2268 3981 non
2313 3927 2561 3982 eamdem
2591 3942 2815 3983 carnem
2854 3944 2975 4007 cum
3005 3930 3186 3985 anima
3219 3929 3570 3999 coniunctum

1996 4020 2084 4083 iri,
2163 4022 2256 4075 sed
2314 4021 2525 4090 qualem
2586 4038 2730 4078 nunc
2782 4024 3116 4096 singulorum
3178 4024 3428 4089 fortnam,
3486 4040 3574 4080 se-

1996 4111 2227 4164 cundum
2261 4113 2494 4181 speciem
2529 4127 2724 4183 corpus
2746 4115 2898 4168 carni
2926 4114 3205 4185 imprimit,
3233 4112 3418 4187 [talem
3452 4114 3573 4186 sed]

1997 4201 2050 4255 in
2084 4201 2190 4255 alio
2220 4216 2448 4272 corpore
2475 4205 2747 4275 spirituali
2770 4206 3091 4278 impressam
3118 4218 3573 4271 resurrecturam,

1996 4306 2055 4346 ut
2095 4296 2463 4365 unusquisque
2517 4314 2733 4354 rursum
2786 4300 2929 4355 idem
2989 4291 3235 4355 videatur
3278 4301 3574 4355 secundum

1996 4386 2223 4439 formam
2248 4404 2263 4451 ;
2293 4398 2348 4441 et
2379 4388 2517 4443 hanc
2564 4405 2685 4445 esse
2723 4390 2918 4462 299b
2948 4392 3270 4461 promissam
3299 4390 3455 4445 nobis
3486 4406 3575 4444 re-

1997 4481 2419 4536 surrectionem.
2458 4481 2594 4537 Cum
2626 4484 2792 4549 enim,
2837 4484 3027 4553 inquit,
3064 4496 3261 4551 corpus
3293 4482 3575 4536 materiale

1998 4567 2200 4622 ﬂuxum
2230 4572 2325 4639 sit,
2375 4582 2430 4627 et
2468 4574 2521 4626 in
2566 4575 2744 4642 seipse
2773 4589 3110 4645 nequaquam
3158 4575 3431 4643 persistat,
3479 4574 3574 4628 sed

316 4662 418 4731 τῷ,
459 4664 596 4717 ἀλλὰ
647 4629 1046 4735 ἀπογινομένου
1073 4629 1200 4722 ’καὶ
1265 4629 1645 4741 ἐπιγινομένου
1677 4629 1806 4744 περὶ
1831 4676 1892 4728 τὸ

2003 4662 2219 4717 deﬁciat
2239 4673 2292 4717 et
2323 4676 2536 4719 crescat
2579 4668 2876 4721 secundum
2922 4666 3172 4737 ﬁguram,
3196 4682 3317 4737 qua:
3345 4665 3576 4720 formam

322 4754 457 4818 εἶδος
489 4758 550 4809 τὺ
571 4760 975 4829 χαρακτηρίζΟν
1014 4760 1115 4830 τὴν
1146 4763 1363 4835 μορφὴν
1412 4765 1503 4832 ὑφ’
1541 4760 1601 4819 οῦ
1636 4767 1729 4819 καὶ
1760 4784 1893 4836 συγ-

322 4848 597 4916 κρατείται
630 4848 691 4900 τὸ
720 4850 927 4918 σχῆμα,
962 4849 1176 4920 ἀνάγκη
1204 4852 1272 4921 δὴ
1327 4854 1425 4923 τὴν
1456 4855 1750 4909 ἀνάστασιν
1803 4857 1896 4908 ἐπὶ

322 4939 479 5009 μόνου
501 4940 673 5003 εἴδους
689 4940 926 4994 ἔσεσθαι.
956 4936 1089 4996 Εἶτα
1115 4944 1233 5013 μετ’
1258 4944 1438 5013 ὀλίγον
1454 4947 1639 5015 φησὶν,
1664 4949 1891 5016 Οὐκοῦν,

317 5024 364 5081 ὦ
401 5030 689 5097 Ὠρίγενες,
718 5033 763 5083 εἰ
794 5030 886 5082 ἐπὶ
932 5030 1025 5084 τοῦ
1057 5031 1236 5095 εἴδους
1297 5034 1459 5103 μόνον
1489 5037 1895 5105 προσδοκᾶσθαι

316 5121 621 5193 διισχυρίζῃ
644 5122 742 5195 τὴν
773 5121 1071 5176 ἀνάστασιν
1100 5124 1157 5175 ὲν
1189 5126 1550 5195 πνευματικῷ
1586 5128 1894 5199 μεταθησο-

318 5211 480 5282 μένου
519 5213 752 5283 σώματι,
800 5213 1074 5280 ἀπόδειξίν
1094 5230 1153 5266 τε
1186 5213 1565 5286 δοκιμωτάτην
1606 5218 1705 5287 τὴν
1752 5219 1895 5273 κατὰ

313 5304 406 5355 τὸν
453 5302 639 5356 Ἠλίαν
668 5306 801 5374 ήμίν
848 5304 1117 5357 ὀπτασίαν
1158 5303 1255 5356 καὶ
1305 5304 1545 5357 Μωῦσέα
1609 5307 1890 5377 παρέχεις,

315 5396 543 5465 ’Ὠσπερ
590 5397 825 5465 ἐκεῖνοι,
853 5398 1114 5467 φάμενος,
1141 5396 1293 5466 μετὰ
1319 5396 1436 5463 τὴν
1461 5397 1579 5451 ἀπὸ
1620 5398 1728 5451 τοῦ
1743 5400 1888 5463 ,βίου

390 5561 410 5587 τι
437 5550 576 5606 Psal.
609 5566 722 5619 xxr,
746 5551 831 5605 16.
906 5563 933 5593 δ
964 5550 983 5605 1
1013 5550 1140 5606 Cor.
1172 5566 1254 5617 ιι,
1286 5552 1341 5605 7.
1418 5552 1446 5593 b
1486 5551 1617 5605 Dan.
1656 5568 1730 5619 nt,
1756 5552 1854 5607 '25.

1995 4755 2270 4822 exprimit,
2306 4758 2406 4810 sub
2441 4772 2544 4825 qua
2583 4755 2807 4831 [specie]
2840 4759 3150 4813 continetur
3175 4768 3230 4813 et
3260 4758 3450 4827 ﬁgura,
3483 4772 3579 4811 ne-

1996 4859 2148 4898 cesse
2176 4856 2260 4900 est
2313 4857 2365 4901 ut
2401 4851 2730 4903 resurrectio
2763 4851 2815 4903 in
2850 4851 2962 4905 sola
3004 4852 3184 4920 specie
3226 4852 3339 4905 ﬁat.
3378 4850 3579 4904 Deinde

1997 4946 2118 5004 post
2144 4952 2312 5005 pauca
2357 4940 2534 4996 dicit:
2576 4940 2632 4996 Si
2681 4944 2863 5014 igitur,
2901 4959 2934 4997 o
2969 4944 3264 5012 Origenes,
3329 4958 3576 4997 resurre-

1993 5030 2227 5083 cﬁonem
2264 5032 2314 5084 in
2363 5033 2478 5087 sola
2509 5036 2689 5103 specie
2722 5035 2775 5088 in
2806 5036 3088 5105 spirituale
3113 5050 3311 5103 corpus
3337 5043 3568 5098 mutata,

1993 5125 2414 5189 exspectandam
2456 5127 2763 5193 contendis,
2795 5138 2849 5182 et
2886 5130 3147 5183 visionem
3179 5128 3310 5183 Elia:
3340 5137 3393 5179 et
3422 5124 3574 5194 Moy-

1992 5216 2069 5268 sis
2097 5215 2250 5270 nobis
2294 5233 2392 5286 pro
2438 5220 2741 5274 certissima
2791 5221 3255 5276 demonstratione
3298 5217 3570 5272 exhibes:

1996 5309 2453 5375 Quemadmodum
2482 5312 2585 5376 illi,
2638 5313 2839 5381 inquis,
2881 5321 2993 5380 post
3045 5321 3263 5364 mortem
3302 5323 3405 5359 non
3440 5306 3570 5369 alia,

1997 5418 2154 5469 quam
2186 5404 2409 5457 viventes
2457 5404 2583 5455 olim
2635 5404 2920 5470 habebant,
2950 5403 3146 5471 species
3173 5406 3572 5471 apparuerunt:

1580 5666 1815 5723 VARle
1856 5664 2264 5722 LECTIONES;

391 5785 431 5818 ‘9
462 5784 528 5836 τά
551 5784 593 5834 Α
620 5802 633 5837 :
669 5782 762 5836 τόν
791 5797 873 5854 g_._
899 5782 973 5854 ατο
1007 5782 1263 5854 θανάτου]
1293 5784 1519 5854 θάνατος
1536 5781 1614 5854 ᾲΒ.
1690 5782 1735 5854 τί
1770 5779 2183 5854 ψαλμοῖςῚ-ικι,
2230 5780 2316 5854 16_.
2350 5781 2355 5785 ’
2387 5779 2743 5854 ⁷¹ᾼάνθρώπου
2773 5794 2884 5854 om.
2911 5780 2979 5854 Β.
3039 5781 3147 5854 βξξὸ
3192 5780 3471 5854 Ὠριγένης
3496 5780 3569 5840 Α.

312 5857 364 5889 ’⁷⁸⁸
396 5853 487 5907 καὶ
527 5854 650 5909 add.
690 5854 754 5907 Α.
829 5852 874 5882 ⁷⁸
896 5849 1000 5922 ἔφη
1027 5853 1086 5907 Β.
1178 5854 1223 5885 ⁷⁸
1250 5849 1392 5911 ἐστὶ]
1422 5871 1503 5907 σοι
1530 5852 1588 5908 Β.
1666 5853 1708 5885 ⁷⁷
1742 5849 1892 5924 (illiw:

2006 5850 2131 5907 Cor.
2172 5867 2248 5933 ιι,
2277 5852 2331 5904 7.

686 5948 957 6010 ΡΛΤιιοι.
1003 5947 1120 6009 Gn.
1166 5947 1320 6010 Clll.

2426 5852 2470 5883 ’⁸
2499 5851 2656 5920 σῶμα
2687 5868 2747 5915 ς.
2826 5851 2868 5882 ⁷⁸
2895 5851 3113 5922 Δανιήλῖ
3149 5866 3225 5916 tx,
3256 5852 3348 5907 25.

3142 5946 3214 6003 36
