3954 6418
505 360 636 424 1131

1697 351 1959 411 PIIOTlI
2002 350 2506 411 PATRIARCHXE
2549 351 2659 410 (ΣΡ.

3599 347 3711 413 1132

495 476 571 526 ita
608 482 656 527 et
690 486 781 524 nos
814 482 1145 539 resurgemus
1178 481 1195 519 :
1225 461 1434 534 Moyses
1476 471 1653 517 autem
1688 474 1743 517 et
1785 463 1931 517 Elias
1951 472 2079 517 ante

2181 463 2399 527 ἔξοδον
2460 462 2751 533 ὤφθησαν
2782 464 2895 530 οὐχ
2925 462 3130 529 ἕτερον
3170 463 3301 530 παρ’
3325 461 3353 516 ὃ
3380 459 3538 531 εἶχον
3578 465 3713 535 εἶδος

497 564 701 621 Christi
728 562 1035 634 passionem
1064 568 1117 613 et
1146 555 1633 621 resurrectionem,
1661 554 1889 609 formam
1916 555 2075 619 hanc,

497 674 658 725 quam
691 659 793 717 ais,
846 654 1106 708 habentes
1153 656 1570 705 resurrexernnt
1598 655 1653 701 et
1684 653 2075 715 apparuerunt.

497 749 777 813 Quomodo
805 760 934 816 ergo
956 743 1208 799 Christus
1253 740 1309 813 {o
1360 737 1642 811 Origenes]
1690 737 2079 807 primogenitus

438 852 443 857 '
498 855 834 894 mortuorum
870 854 899 891 a
936 835 1213 907 prophetis
1252 844 1306 889 et
1351 831 1606 902 apostolis
1637 828 1980 885 celebratur?
2020 827 2079 883 Si

494 936 640 989 enim
676 932 1069 1001 primogenitus
1102 937 1439 983 mortuorum
1468 923 1719 981 Christus
1749 936 1868 977 esse
1896 919 2081 975 credi-

501 1038 587 1081 lus
613 1039 715 1088 ρει,
750 1024 1139 1095 primogenitus
1162 1037 1288 1077 vero
1318 1020 1364 1075 is
1392 1028 1496 1084 est,
1521 1018 1613 1088 qui
1644 1024 1771 1069 ante
1792 1027 1983 1069 omnes
2010 1026 2078 1066 ex

499 1121 729 1176 mortuis
761 1118 1081 1173 resurrexit:
1104 1115 1314 1187 Moyses
1349 1122 1527 1167 autem
1558 1111 1668 1182 iam
1718 1118 1844 1163 ante
1871 1103 2079 1161 Christi

497 1211 803 1281 passionem
874 1208 1013 1261 hanc
1060 1203 1265 1258 habens
1314 1201 1547 1256 formam
1614 1196 1878 1269 apostolis
1913 1208 2080 1263 appa-

499 1303 629 1364 ruit,
668 1299 961 1355 secundum
1005 1310 1166 1366 quam
1212 1293 1424 1363 impleri
1464 1292 1546 1346 ais
1580 1286 2077 1350 resurrectionem;

498 1394 645 1463 atqui
698 1407 801 1446 non
853 1390 1041 1444 forma:
1092 1387 1212 1444 sine
1256 1400 1421 1441 carne
1462 1392 1547 1439 est
1592 1380 1951 1445 resurrectio,
1986 1385 2081 1432 aut

499 1488 644 1540 enim
690 1484 859 1539 solius
912 1482 1098 1536 fortine
1146 1488 1230 1535 est
1280 1476 1631 1541 resurrectio,
1668 1484 1728 1529 ut
1775 1473 1968 1536 doces;
2023 1479 2079 1525 et

498 1576 622 1649 [huc
654 1575 865 1629 ratione
890 1568 1168 1644 Christus]
1207 1586 1310 1625 non
1344 1577 1521 1640 pOtest
1545 1581 1667 1623 esse
1697 1565 1932 1635 amplius
1966 1564 2078 1635 pri-

496 1668 798 1738 mogenitus
833 1675 1191 1728 mortuorum,
1220 1678 1285 1717 eo
1303 1662 1443 1732 quod
1464 1660 1658 1715 animae
1692 1667 1815 1729 post
1848 1667 2075 1711 mortem

494 1759 796 1815 secundmu
830 1758 1059 1813 formam
1092 1765 1217 1809 ante
1248 1753 1523 1810 Christum
1561 1752 1664 1807 hoc
1696 1748 1985 1806 habuerint
2015 1757 2075 1802 ut

494 1861 826 1923 apparerent
859 1870 872 1905 :
904 1866 971 1907 an
1006 1864 1216 1913 revera,
1241 1846 1636 1918 primogenitus
1663 1853 1767 1911 est,
1798 1852 1856 1897 ut
1879 1850 1989 1907 est;
2024 1850 2079 1894 et
2111 1834 2152 1890 Β

495 1947 829 2017 impossibile
856 1956 940 2001 est
976 1959 1200 2015 prorsus
1233 1952 1292 1996 ut
1321 1941 1485 2009 aliqui
1510 1948 1638 1993 aute
1670 1937 1822 1991 illum
1868 1934 2075 2006 dignati

496 2041 698 2094 fuerint
737 2054 801 2094 ea
841 2037 1238 2093 resurrectione
1277 2044 1336 2088 ut
1379 2048 1486 2088 non
1535 2030 1768 2101 amplius
1799 2044 2077 2085 moreren-

499 2144 607 2187 tur.
634 2132 690 2185 Si
728 2140 907 2186 autem
943 2144 1102 2183 nemo
1136 2136 1262 2182 ante
1293 2126 1443 2181 illum
1475 2124 1780 2179 surrexerit
1818 2142 1831 2176 ε
1866 2121 2078 2192 Moyses

497 2234 675 2278 autem
702 2232 759 2277 et
790 2222 933 2275 Elias
962 2214 1069 2275 non
1099 2221 1151 2274 in
1187 2232 1438 2287 corpore,
1478 2216 1573 2271 sed
1605 2224 1812 2269 tantum
1842 2228 1938 2283 per
1969 2212 2076 2267 for-

498 2332 641 2370 uiaiu
690 2314 949 2383 apostolis
991 2318 1400 2382 apparuerunt;
1453 2306 1702 2377 profecto
1749 2307 2078 2361 resurrectio

498 2410 783 2464 manifeste
822 2408 873 2461 in
906 2420 1070 2461 carne
1102 2403 1307 2476 [futura
1335 2400 1477 2474 esse]
1514 2401 1842 2457 declaratur.
1875 2400 2079 2452 Absuro

497 2504 779 2558 dissimum
809 2501 952 2555 enim
989 2506 1073 2553 est
1107 2496 1561 2551 resurrectionem
1591 2493 1705 2548 sola
1745 2491 1919 2545 forma
1946 2492 2078 2544 deli-

498 2596 638 2657 nire,
669 2591 887 2661 quando
917 2589 1110 2644 anima:
1134 2597 1258 2656 post
1289 2586 1493 2641 exitum
1523 2600 1553 2639 a
1584 2582 1903 2654 corporibus
1940 2598 2078 2635 nuu-

498 2701 658 2755 quam
690 2694 957 2754 apparent
985 2680 1283 2737 secundum
1333 2679 1587 2742 formam,
1622 2676 1765 2747 quod
1792 2675 1860 2730 ad
1894 2690 2077 2730 resur-

496 2781 792 2836 rectionem
842 2777 949 2831 sint
993 2776 1261 2846 repositae.
1311 2772 1368 2827 Si
1417 2781 1600 2827 autem
1633 2770 1807 2824 aderit
1840 2768 1948 2822 illis
1979 2769 2079 2823 hoc

498 2872 642 2942 quod
689 2873 756 2926 ab
798 2870 904 2925 illis
944 2882 1217 2935 nunquam
1272 2864 1570 2929 auferetur,
1618 2861 2078 2931 quemadmodum

498 2967 553 3018 in
589 2961 758 3033 Moysi
787 2972 840 3016 et
869 2960 994 3014 Elite
1025 2960 1205 3013 anima
1241 2955 1415 3010 adfuit
1443 2972 1458 3021 ;
1492 2969 1667 3023 neque
1710 2952 2080 3021 corrumpitur

498 3053 794 3109 secundum
846 3062 918 3116 te,
977 3065 1150 3119 neque
1197 3048 1357 3119 perit,
1403 3060 1620 3113 semper
1661 3059 1901 3114 praesens
1954 3057 2078 3098 cum

500 3147 631 3209 illis,
660 3160 766 3200 non
814 3144 989 3197 forma
1040 3140 1285 3211 profecto
1334 3138 1587 3208 resurgit,
1636 3149 1758 3206 quae
1802 3149 2078 3204 nunquam

498 3239 717 3294 cecidit.
775 3237 927 3303 Quod
966 3237 1012 3292 si
1061 3236 1183 3304 quis
1232 3234 1544 3305 indignatus
1591 3231 1784 3286 dicat:
1819 3227 1875 3282 Si
1919 3241 2080 3281 nemo

500 3330 800 3384 resurrexit
839 3338 1127 3398 antequam
1184 3325 1436 3382 Christus
1478 3323 1837 3379 descenderet
1884 3321 2082 3393 300a

499 3426 570 3479 ad
623 3421 866 3487 inferos,
926 3420 1197 3490 quomodo
1252 3425 1625 3474 memorantur
1683 3414 1903 3485 quidam
1955 3425 2083 3469 ante

501 3517 653 3570 illum
709 3515 1047 3578 surrexisse,
1100 3511 1245 3565 inter
1304 3524 1440 3577 quos
1509 3509 1684 3562 vidua:
1768 3507 2082 3577 Sareptame

501 3609 661 3671 Illius,
726 3616 781 3661 et
840 3602 1202 3660 Sunamitidis
1266 3600 1444 3663 ﬁlius,
1514 3600 1751 3665 itemque
1809 3597 2083 3651 Lazarus?

504 3695 933 3766 respondendum
993 3694 1091 3748 bos
1155 3692 1522 3746 resurrexisse
1568 3699 1627 3743 ut
1668 3690 1863 3743 iterum
1909 3705 2082 3742 more-

502 3800 714 3855 rentur.
764 3786 874 3842 Nos
908 3799 1087 3842 autem
1133 3786 1201 3841 de
1249 3785 1315 3839 iis
1365 3783 1801 3852 pronuntiamus,
1831 3781 1923 3850 qui
1963 3789 2083 3849 post

501 3884 959 3940 resurrectionem
1010 3896 1283 3947 nunquam
1348 3878 1583 3948 amplius
1634 3886 1763 3931 sunt
1808 3874 2080 3931 morituri.

501 3976 657 4044 Quod
680 3977 726 4031 si
753 3976 819 4030 de
848 3975 983 4029 Elim
1017 3973 1201 4027 anima
1237 3969 1433 4024 dubius
1465 3970 1699 4033 dixerit,
1729 3968 1883 4038 quasi
1933 3966 2082 4021 Scri-

503 4068 677 4136 pturis
703 4065 1095 4119 aliirmautibus
1124 4063 1271 4117 illum
1293 4062 1346 4116 in
1373 4075 1539 4116 carne
1562 4071 1899 4129 assumptum
1933 4074 2080 4123 esse,

502 4176 602 4215 nos
635 4162 928 4215 doceamus
976 4157 1125 4211 illum
1157 4156 1413 4225 apostolis
1462 4156 1667 4224 absque
1704 4168 1870 4208 carne
1912 4167 2081 4222 appa-

505 4252 717 4309 ruisse?
765 4250 1197 4321 respondendum
1228 4249 1396 4318 quod,
1444 4249 1548 4302 etsi
1583 4248 1892 4303 diceremus
1932 4246 2081 4302 illum

500 4344 760 4414 apostolis
791 4344 843 4396 in
868 4356 1033 4396 carne
1066 4340 1402 4411 apparuisse,
1427 4338 1557 4393 illud
1590 4349 1769 4393 tamen
1802 4352 1901 4407 pro
1929 4338 2084 4392 nobis

502 4441 672 4511 magis
705 4439 928 4494 faceret.
971 4434 1359 4492 Ostenderetur
1410 4425 1555 4489 enim
1614 4443 1902 4503 propterea
1941 4448 2079 4501 quo-

2180 554 2249 618 ἐξ
2273 552 2468 623 ἀρχῆς
2489 550 2901 619 διασώζοντες,
2931 553 3079 607 κατὰ
3113 550 3186 604 τὰ
3214 552 3362 606 αὐτὰ
3398 552 3492 606 καὶ
3524 554 3559 621 ἠ
3588 558 3716 610 πάν-

2178 662 2297 699 των
2332 645 2504 700 ἔσται
2518 644 2568 677 ⁸⁰
2596 644 2955 710 ἀνάστασις,
2972 646 3001 696 ὁ
3016 643 3256 713 Μωῦσῆς
3278 643 3333 697 δὲ
3355 644 3443 699 καὶ
3466 646 3546 698 6⁸⁸
3562 647 3719 713 Ἠλίας

2181 737 2289 808 πρὸ
2301 737 2395 791 τοῦ
2412 737 2503 790 τὸν
2526 737 2762 808 Χριστὸν
2790 734 2983 791 παθεῖν
3003 735 3098 789 καὶ
3109 736 3399 807 ἀναστῆναι
3419 738 3515 808 ήδη
3534 739 3590 792 τὸ
3604 735 3721 805 είδος

2179 828 2376 883 τοῦτοὸ
2394 832 2499 901 φῂς
2515 829 2726 900 ἔχοντες
2747 828 3053 899 ἀνέστησαν
3066 827 3160 880 καὶ
3176 826 3567 898 ῶφθησαν,πῶς
3584 831 3641 901 δὴ
3656 832 3722 886 ἔτι

2179 922 2208 974 ὁ
2223 921 2455 993 Χριστὸς
2473 920 2816 991 πρωτότοκος
2844 913 2985 973 εῖναι
3003 918 3113 973 τῶν
3142 920 3349 990 νεκρῶν
3373 920 3475 973 ὑπὸ
3487 920 3589 974 τῶν
3610 940 3724 994 προσ

2180 1012 2368 1083 φητῶν
2420 1014 2516 1067 καὶ
2571 1011 2889 1065 ἀποστόλων
2934 1010 3159 1083 ᾅδεται;
3192 1011 3253 1064 El
3281 1010 3387 1084 γὰρ
3418 1014 3725 1083 πρωτότοκος

2180 1106 2289 1160 τῶν
2319 1108 2531 1179 νεκρῶν
2562 1109 2796 1179 Χριστὸς
2821 1101 2962 1163 εἷναι
2995 1107 3370 1170 πεπίστευται,
3413 1107 3724 1178 πρωτότοκος

2180 1200 2238 1254 δέ
2266 1201 2385 1254 ἐστι
2415 1201 2525 1254 τῶν
2573 1201 2784 1273 νεκρῶν
2833 1204 2862 1257 ὁ
2906 1203 3013 1269 πρὸ
3066 1205 3288 1257 πάντων
3339 1201 3593 1264 ἀναστὰς,
3623 1202 3650 1253 ὁ
3676 1202 3726 1255 δὲ

2180 1292 2423 1365 Μωῦσῆς
2474 1294 2575 1365 ἤδη
2618 1296 2715 1349 καὶ⁵
2763 1295 2870 1367 πρὸ
2891 1295 2987 1349 τοῦ
3018 1295 3109 1348 τὸν
3140 1293 3373 1365 Χριστὸν
3400 1292 3585 1346 παθεῖν
3606 1292 3726 1363 ἔχων

2179 1388 2242 1441 τὸ
2268 1384 2409 1453 εἶδος
2458 1388 2617 1441 τοῦτο
2668 1390 2841 1461 ἐφάνη
2878 1391 2992 1451 τοῖς
3033 1388 3372 1451 ἀποστόλοις,
3396 1386 3522 1457 περὶ
3555 1386 3582 1440 ὃ
3603 1387 3725 1457 πλη-

2182 1480 2406 1551 ροῦσθαι
2424 1481 2529 1552 φῂς
2559 1482 2719 1546 αὐτὸς
2742 1482 2842 1552 τὴν
2867 1483 3185 1545 ἀνάστασιν,
3220 1481 3443 1551 οὐκάρα
3468 1479 3557 1533 τοῦ
3576 1480 3729 1543 είδους

2181 1575 2350 1646 χωρὶς
2380 1575 2479 1645 τῆς
2510 1575 2713 1647 σαρκός
2744 1576 2894 1629 ἐστιν
2925 1577 2959 1647 ἡ
2991 1577 3310 1637 ἀνάστασις.
3350 1574 3504 1628 Ἤτοι
3532 1574 3631 1645 γάρ
3646 1573 3725 1627 τοῦ

2180 1667 2352 1731 είδους
2416 1669 2584 1735 ἐστὶν,
2638 1668 2831 1739 ῶσπερ
2882 1670 3136 1740 ὲγγυᾷ⁸²,
3164 1670 3329 1738 μόνου
3364 1670 3399 1739 ἠ
3424 1668 3716 1734 ἀνάστασις,

2180 1760 2276 1814 καὶ
2298 1760 2357 1812 οὐ
2383 1759 2607 1814 δύναται
2655 1760 2737 1815 ἔτι
2769 1762 3111 1832 πρωτότοκος
3141 1755 3330 1814 εἶναιὸ
3365 1760 3589 1831 Χριστὸς
3632 1762 3724 1814 τῶν

2181 1852 2389 1922 νεκρῶν
2443 1851 2521 1924 τῷ
2590 1854 2697 1924 πρὸ
2741 1853 2908 1907 αὑτοῦ
2959 1853 3193 1924 ἐχούσας
3246 1852 3407 1907 τοῦτο
3461 1851 3593 1923 μετά
3640 1855 3724 1924 τὴν

2179 1943 2436 2015 τελευτὴν
2458 1945 2521 1998 τὸ
2546 1940 2687 2010 εἶδος
2750 1947 3052 2016 πεφηνέναι
3097 1946 3274 2016 ψυχάς
3302 1963 3317 1980 ·
3340 1947 3377 2017 ἢ
3415 1947 3723 2017 πρωτότοκος

2179 2034 2399 2105 ἀληθῶς
2457 2039 2647 2109 ὥσπερ
2704 2036 2844 2104 ἐστι,
2903 2038 2999 2092 καὶ
3036 2037 3297 2093 ἀδύνατον
3323 2038 3463 2101 ὅλως
3490 2036 3722 2107 ἠξιῶσθαι

2179 2128 2287 2199 πρὸ
2315 2129 2482 2183 αὑτοῦ
2508 2147 2657 2193 τινας
2678 2129 2778 2200 τῆς
2800 2132 2880 2194 είς
2900 2130 2961 2184 τὸ
3000 2132 3076 2203 μὴ
3110 2127 3269 2195 αὖθις
3296 2131 3581 2186 ἀποθανεῖν
3611 2132 3721 2185 ἀνα-

2182 2220 2444 2285 στάσεως.
2480 2222 2544 2276 Εί
2574 2221 2632 2275 δὲ
2656 2222 2854 2292 ἀνέστη
2905 2223 3079 2287 οὐδεὶς
3102 2224 3210 2295 πρὸ
3227 2223 3417 2289 αὐτοῦ,
3447 2224 3496 2277 οἱ
3525 2222 3580 2277 δὲ
3604 2223 3723 2293 ἀμφὶ

2178 2313 2270 2365 τὸν
2290 2313 2529 2366 Μωῦσέα
2557 2314 2765 2367 καὶτὸν
2808 2314 2995 2368 Ἠλίαν
3030 2316 3243 2385 σάρκας
3272 2316 3374 2386 μὲν
3403 2314 3607 2385 ἔχοντες
3630 2317 3724 2377 τοῖς

2179 2402 2503 2468 ἀποστόλοις
2545 2404 2646 2457 οὐκ
2696 2403 2982 2476 ὤφθησαν,
3018 2404 3176 2475 μόνον
3203 2406 3261 2460 δὲ
3286 2408 3348 2460 τὸ
3384 2402 3540 2471 εἶδος,
3578 2407 3609 2471 ἠ
3632 2406 3723 2475 ἀρα

2179 2495 2478 2558 ἀνάστασις
2532 2495 2627 2548 ἐπὶ
2670 2497 2769 2567 τῆς
2816 2497 3017 2567 σαρκὸς
3038 2497 3316 2568 δηλοῦται.
3345 2500 3460 2553 Καὶ
3485 2499 3586 2571 γάρ
3617 2500 3720 2553 ἀτο-

2180 2584 2430 2639 πώτατον
2480 2588 2573 2639 ἐπὶ
2604 2588 2767 2657 μόνου
2800 2588 2894 2642 τοῦ
2925 2588 3099 2653 εῐδους
3128 2589 3227 2661 τὴν
3255 2591 3548 2645 ἀνάστασιν
3583 2591 3721 2662 διορί-

2182 2680 2395 2745 ζεσθαι,
2439 2682 2601 2734 ὁπότε
2631 2682 2687 2733 αἱ
2711 2680 2881 2751 ψυχαὶ
2926 2681 3021 2734 καὶ
3069 2682 3207 2753 μετά
3236 2684 3335 2753 τὴν
3374 2685 3470 2753 τῆς
3501 2684 3721 2755 σαρκδςιι

2180 2772 2362 2837 ἔξοδον
2416 2772 2676 2826 οὐδέποτε
2712 2773 2997 2842 φαίνονται
3020 2772 3079 2827 τὸ
3105 2770 3263 2839 εἶδος,
3290 2776 3318 2828 ὅ
3346 2793 3511 2846 φησιν
3538 2778 3724 2831 ἀνίστα-

2185 2865 2330 2931 σθαι,
2402 2865 2820 2935 ἀποτιθέμεναι.
2898 2866 2962 2918 Εἰ
3019 2864 3079 2919 δὲ
3138 2868 3520 2937 συμπαρέσται
3568 2870 3725 2932 αὑταῖς

2180 2956 2339 3011 τοῦτο
2367 2956 2754 3028 ἀναφαίρετον,
2778 2958 3032 3028 καθάπερ
3061 2958 3156 3011 καὶ
3182 2960 3276 3012 ἐπὶ
3291 2962 3394 3031 τῆς
3412 2961 3459 2992 ⁸⁸
3486 2962 3725 3023 Μωῦσέως

2183 3049 2279 3102 καὶ
2316 3048 2501 3102 Ἠλίου
2548 3048 2748 3119 ψυχῆς,
2812 3049 2907 3103 καὶ
2938 3049 3000 3102 οὐ
3034 3049 3313 3120 φθείρεται
3359 3051 3501 3106 κατά
3545 3053 3599 3105 σὲ
3627 3051 3726 3104 οὔτε

2182 3145 2499 3210 ἀπόλλυται,
2552 3147 2650 3200 σὺν
2707 3146 2899 3210 αὐταῖς
2961 3146 3237 3217 πανταχοῦ
3276 3147 3594 3218 συμπαρὸν,
3645 3150 3724 3200 οὐκ

2184 3237 2293 3309 ἄρα
2315 3238 2376 3292 τὸ
2399 3234 2542 3301 εἶδος
2568 3238 2877 3303 ἀνίσταται,
2908 3238 2937 3292 ὃ
2969 3238 3240 3310 μηδέποτε
3285 3240 3588 3294 πέπτωκεν.
3624 3240 3727 3293 Ἐἀν

2182 3330 2240 3383 δέ
2258 3330 2303 3363 ⁸⁵
2325 3348 2408 3389 τις
2434 3330 2794 3402 δυσχεράνας,
2826 3332 2936 3386 Καὶ
2962 3332 3081 3397 πῶς
3094 3331 3179 3403 δὴ,
3199 3332 3495 3405 ἀποκριθῇ,
3512 3336 3556 3387 εί
3573 3333 3726 3403 μηδεὶς

2184 3422 2382 3494 ἀνέστη
2422 3424 2530 3494 πρὸ
2550 3424 2645 3477 τοῦ
2669 3423 2952 3479 κατελθεῖν
2983 3426 3065 3488 εἰς
3098 3424 3191 3479 τὸν
3230 3424 3365 3498 ᾅδην
3388 3427 3478 3481 τὸν
3507 3426 3723 3497 Χριστὸν,

2182 3514 2517 3577 ἀναστάντες
2544 3516 2645 3587 ἥδη
2672 3516 2815 3581 τινες
2847 3517 3217 3589 ίστορήθησαν
3251 3518 3361 3588 πρὸ
3392 3518 3571 3583 αὑτοῦ,
3592 3519 3642 3571 ὲν
3662 3511 3725 3580 οἷς

2182 3608 2283 3679 τῆς
2306 3608 2654 3681 Σαραφθίνης
2680 3612 2857 3682 χήρας
2894 3612 2923 3664 ὁ
2955 3611 3071 3675 υίὸς
3097 3610 3192 3665 καὶ
3252 3612 3357 3682 τῆς
3401 3610 3726 3682 Σωμανὶτιδο;

2187 3701 2277 3754 καὶ
2302 3701 2331 3752 ό
2354 3699 2639 3773 Λάζαρος;
2674 3699 2815 3773 [928
2844 3699 2937 3772 3.]
2986 3698 3229 3767 λεκτέον,
3246 3700 3388 3754 Ἀλλ’
3428 3695 3567 3755 οὗτοι
3595 3700 3663 3761 είς
3680 3697 3725 3749 τὸ

2184 3792 2279 3845 καὶ
2328 3792 2483 3856 αὖθις
2534 3793 2826 3847 ἀποθανεῖν
2892 3791 3241 3863 ἀνέστησαν,
3304 3794 3466 3864 ⁴ἡμεῖς
3515 3792 3568 3846 δὲ
3622 3788 3725 3859 περὶ

2187 3883 2308 3955 [491
2338 3882 2431 3956 Η.]
2462 3884 2572 3937 τῶν
2629 3884 2827 3955 μηκέτι
2878 3884 3019 3954 μετά
3050 3882 3153 3956 τὴν
3176 3882 3397 3955 ἔγερσιν
3418 3880 3723 3953 διοριζόμεθα

2181 3975 2610 4046 τεθνηξομένων.
2654 3976 2779 4030 Ἐὰν
2802 3976 2861 4030 δὲ
2894 3976 2989 4030 καὶ
3052 3976 3183 4047 περὶ
3230 3976 3331 4046 τῆς
3373 3976 3548 4046 ψυχῆς
3573 3975 3725 4027 διαπο-

2185 4068 2359 4138 ρήσας
2387 4068 2572 4139 φράσῃ
2594 4068 2690 4121 τοῦ
2726 4068 2933 4132 Ἠλίου,
2971 4068 3047 4132 ὡς
3080 4067 3193 4121 τῶν
3224 4068 3325 4140 μὲν
3354 4066 3583 4138 Γραφῶν
3603 4068 3723 4118 ἀνει-

2185 4159 2386 4227 Λῆφθειι
2412 4160 2576 4213 αὐτὸν
2603 4160 2882 4229 λεγουσῶν
2920 4162 2977 4213 ἐν
3002 4161 3191 4233 σαρκὶ,
3218 4160 3376 4231 ἡμῶν
3395 4162 3451 4214 δὲ
3480 4157 3722 4229 ἀσύμπλο·

2184 4268 2279 4304 κον
2338 4252 2542 4323 σαρκὸς
2597 4254 2711 4316 τοῖς
2765 4252 3089 4317 ἀποστόλοις
3161 4247 3343 4322 ὦφθαι
3424 4252 3720 4321 φασκόντων

2182 4344 2418 4406 λεκτέον,
2453 4344 2534 4397 ὃτι
2561 4346 2654 4399 καὶ
2696 4345 2806 4416 μὴν
2839 4346 3039 4416 μᾶλλον
3065 4345 3127 4399 τὸ
3163 4346 3343 4414 λέγειν
3383 4345 3543 4401 αὐτὸν
3575 4337 3722 4413 ὦφθαι

2182 4436 2295 4499 τοῖς
2326 4436 2646 4499 ἀποστόλοις
2672 4438 2731 4489 ὲν
2755 4437 2920 4507 σαρκὶ¹
2949 4437 3088 4508 πρὸς
3112 4437 3270 4508 ἡμῶν
3303 4438 3443 4493 ἐστι.
3472 4436 3721 4490 Δείκνυται

500 4549 605 4605 que
664 4547 862 4599 corpus
921 4540 1165 4584 nostrum
1218 4526 1643 4583 immortalitatis
1707 4540 1831 4580 esse
1886 4539 2077 4593 capax,

2184 4526 2293 4595 γὰρ
2346 4527 2439 4580 καὶ
2486 4525 2578 4579 διὰ
2631 4514 2792 4580 τοῦτο
2811 4527 2856 4559 ⁸⁸
2879 4526 3192 4597 ἀφθαρσίας
3253 4528 3412 4598 ἡμῶν
3438 4520 3723 4596 ὑπάρχοντὸ

501 4623 949 4693 quemadmodum
977 4631 1253 4675 ostensum
1287 4628 1370 4674 est
1402 4619 1454 4673 in
1483 4618 1670 4673 Enoch
1711 4617 1994 4672 translato.
2023 4617 2081 4672 Si

501 4715 645 4768 enim
672 4714 1093 4781 incorruptionis
1114 4728 1285 4782 capax
1312 4727 1416 4766 non
1446 4718 1613 4774 esset,
1642 4710 1784 4764 haud
1812 4711 2078 4777 potuisset

505 4816 655 4858 tanto
702 4816 942 4873 tempore
989 4806 1106 4859 sine
1149 4806 1266 4858 labe
1321 4803 1693 4872 corruptionis
1740 4818 2079 4872 permanere.

501 4899 645 4967 Ergo
672 4912 793 4951 cum
829 4912 1057 4964 corpore
1087 4895 1363 4965 apparuit,
1395 4904 1515 4950 erat
1549 4895 1637 4949 ille
1670 4894 1887 4963 quidem
1915 4896 2082 4947 mori-

502 5001 676 5054 turus,
723 4991 816 5044 sed
865 4987 1103 5044 nondum
1150 4990 1328 5042 adhuc
1380 5000 1716 5043 surrexerat.
1750 4987 1814 5041 Et
1859 4988 1975 5042 hac
2026 4994 2083 5040 ut

498 5085 690 5136 demus
719 5078 964 5148 Origeni,
998 5079 1092 5146 qui
1117 5078 1347 5134 formam
1379 5079 1673 5134 secundum
1695 5081 1883 5134 eadem
1914 5079 2084 5133 linea-

500 5181 682 5226 menta
729 5180 850 5240 post
890 5180 1118 5224 mortem
1159 5184 1189 5222 a
1230 5184 1459 5238 corpore
1509 5167 1844 5238 sejunctam,
1887 5169 2082 5222 animze

502 5261 654 5315 reddi
680 5261 831 5325 dicit,
864 5257 1006 5327 quod
1044 5258 1189 5311 nulla
1219 5273 1441 5327 prorsus
1489 5258 1700 5312 ratione
1731 5258 1845 5312 ﬁeri
1877 5267 2073 5327 pmest,

501 5367 567 5407 eo
593 5353 735 5420 quod
767 5351 941 5405 forma
989 5350 1172 5405 carnis
1217 5351 1366 5418 prius
1407 5351 1464 5405 in
1496 5349 1911 5404 alterationibus
1951 5364 2076 5404 cor.

501 5453 805 5513 rumpatur,
858 5442 1313 5511 quemadmodum
1362 5451 1417 5495 et
1473 5440 1644 5509 ﬁgura
1694 5439 1827 5495 fusae
1881 5448 2076 5494 statum

2187 4616 2347 4685 σῶμα
2393 4616 2662 4680 δεκτικὸν,
2700 4617 2954 4687 καθάπερ
2978 4618 3191 4690 ἐδείχθη
3223 4618 3317 4673 καὶ
3342 4621 3438 4673 ἐπὶ
3458 4618 3549 4672 τοῦ
3584 4613 3722 4682 Ἑνὼχ

2187 4707 2629 4778 μετατιθεμένου.
2685 4708 2746 4761 El
2790 4709 2867 4779 μὴ
2907 4707 3018 4781 γὰρ
3070 4709 3379 4781 ἀφθαρσίαν
3426 4710 3633 4763 ἐδύνατο
3658 4704 3724 4759 δέ·

2184 4799 2399 4865 ξασθαι,
2447 4801 2545 4852 οὐκ
2570 4800 2637 4853 ἀν
2669 4801 2792 4854 οὐδὲ
2834 4801 3106 4874 διέμεινεν
3136 4804 3193 4856 ὲν
3243 4802 3483 4875 ἀπαθείᾳ
3521 4799 3723 4867 τοσούτῳ

2184 4893 2380 4963 χρόνῳ.
2406 4894 2468 4945 Εἰ
2501 4894 2680 4945 τοίνυν
2730 4892 2887 4963 ῶφθη
2953 4894 3091 4964 μετά
3133 4892 3228 4947 τοῦ
3263 4894 3532 4963 σώματος,
3564 4891 3648 4946 καὶ
3668 4884 3722 4959 ἦν

2182 4986 2512 5053 τελευτήσας
2528 4984 2653 5054 μὲν,
2678 4985 2919 5048 ἀναστὰς
2947 4985 3059 5038 se"
3086 4984 3188 5055 ήδη
3211 4986 3275 5038 ὲκ
3297 4984 3504 5056 νεκρῶν
3522 4982 3720 5037 οὐδέπω.

2185 5078 2294 5130 Καὶ
2313 5076 2485 5130 ταῦτα
2517 5077 2605 5129 ἵνα
2632 5078 2695 5145 δὴ
2727 5077 3181 5146 συγχωρήσωμεν
3210 5074 3288 5145 τῷ
3322 5074 3599 5146 Ὦριγένει,
3623 5067 3719 5124 καθ’

2182 5168 2344 5223 ἑαυτὸ
2375 5170 2432 5221 τὸ
2461 5165 2597 5232 εἶδος
2628 5168 2843 5237 λέγοντι
2870 5168 3010 5238 μετά
3032 5168 3133 5237 τὴν
3149 5166 3405 5238 τελευτὴν
3425 5159 3721 5229 ἀποζευγνύ-

2186 5278 2345 5330 μενον
2395 5261 2502 5313 ἀπὸ
2552 5261 2647 5314 τοῦ
2704 5259 2954 5330 σώματος
2985 5262 3051 5329 τῇ
3094 5258 3238 5330 ψυχῇ
3272 5257 3547 5322 σδίδοσθαι,
3609 5256 3719 5319 ὅπερ

2182 5353 2329 5404 ἐστὶν
2387 5353 2643 5405 ἁπάντων
2710 5351 2973 5405 ἀδύνατον
2992 5351 3040 5383 ⁸⁸
3085 5350 3164 5421 τῷ
3213 5348 3636 5421 προαπόλλυσθαι
3671 5343 3719 5395 τὸ

2184 5440 2321 5506 εἶδος
2342 5443 2452 5496 τῶν
2482 5443 2701 5513 σαρκῶν
2731 5444 2790 5498 ὲν
2824 5447 2944 5508 ταῖς
2973 5441 3316 5508 ἀλλοιώσεσι,
3370 5440 3610 5508 καθάπερ
3642 5434 3719 5489 καὶ

1788 5580 1873 5635 VA
1884 5578 2023 5634 Rl/E
2073 5577 2478 5634 LECTIONES.

578 5678 625 5708 ”
657 5675 833 5748 ἔσται]
859 5692 941 5729 σοι
968 5674 1032 5732 B.
1104 5675 1147 5707 ⁸⁸
1181 5672 1359 5748 dadd.
1388 5673 1484 5748 A._
1529 5671 1575 5705 ⁸⁸
1602 5671 1993 5748 ῶσπερ-ἐγγυᾷ
2023 5670 2522 5748 Α.“ὼςπαρεχγυᾷ
2543 5672 2582 5727 Β
2612 5672 2844 5748 stipant-:9
2869 5672 3073 5748 ὲγγιΰας
3099 5692 3137 5741 ς·
3155 5715 3171 5731 .
3318 5652 3414 5742 τῆς
3443 5661 3711 5748 σσρκόίΒε

509 5747 725 5815 σαρκῶν
760 5765 797 5809 ς
808 5786 822 5800 .

508 5814 911 5870 ἀδυνατώτατον
931 5817 955 5870 ?
978 5815 1079 5889 τῷ]
1116 5817 1176 5869 τό

896 5748 955 5867 ῖς
978 5748 1081 5867 :33
1104 5776 1176 5867 ᾗ
1199 5744 1377 5867 Ἕυχῆς
1404 5743 1492 5799 AB
1527 5759 1541 5797 :
1583 5746 1651 5813 τῇ
1685 5733 1922 5815 έψυῇεῇ
1954 5733 2015 5807 ει.
2083 5742 2130 5774 ει
2159 5733 2217 5795 δέ
2248 5733 2513 5814 Βξδῆ’ς;
2618 5744 2665 5775 ³ο
2692 5733 2877 5800 malim
2903 5733 3127 5802 ἕεὸύτᾱυῖ
3191 5745 3236 5778 ε’
3261 5733 3440 5803 ascia.
3467 5733 3529 5796 A'.
3597 5733 3710 5784 "an
