3954 6438
389 363 537 431 1133

1430 375 1957 441 BIBLIOTHECA.
2000 401 2068 412 -
2098 377 2262 439 COD.
2304 379 2659 442 CCXXXIV.

3527 388 3663 455 1134

378 477 454 529 τὸ
493 475 680 546 σχῆμα
729 474 824 531 τοῦ
889 483 1362 553 συγχωνευομένου
1383 486 1700 560 ἀνδριάντος
1735 489 1841 560 πρὸ
1864 489 1964 558 τῆς

2077 497 2190 542 inte
2219 488 2381 544 totius
2411 489 2592 559 operis
2620 488 2980 548 solutionem:
3013 491 3246 563 qualitas
3267 495 3408 551 enim
3440 513 3470 553 a
3494 511 3664 556 mate-

377 567 688 634 διαλύσεως
720 570 815 624 τοῦ
843 572 989 639 ὅλου,
1018 576 1100 628 ὃτι
1139 577 1213 647 μὴ
1238 578 1462 634 δύναται
1489 581 1824 654 χωρίζεσθαι
1853 580 1979 635 καθ’

379 659 693 715 ὑπόστασιν
720 664 828 717 ἀπὸ
865 666 964 734 τῆς
1003 666 1136 738 ὕλης
1169 670 1203 740 ἡ
1228 669 1470 741 ποιότης.
1521 673 1831 743 Χωρίζεται
1881 671 1980 743 μὲν

375 750 498 823 γάρ
551 753 661 806 ἀπὸ
719 754 812 807 τοῦ
866 757 1182 828 ἀνδριάντος
1249 762 1616 832 χωνευθέντος
1651 765 1686 834 ἡ
1733 765 1863 836 περὶ
1902 763 1979 834 τῷ

377 845 578 915 χαλκῷ
632 847 816 918 μορφὴ
867 850 1266 925 ἀφανιζομένη,
1305 855 1366 908 οὐ
1396 855 1504 927 μὴν
1553 857 1845 927 ὑφεστῶσα
1896 857 1978 911 ἔτι

379 938 512 990 κατ’
546 939 757 992 οὐσίαν.
797 939 945 994 Ἐπεὶ
975 943 1032 996 δὲ
1061 943 1276 1014 λέγεται
1311 947 1369 1000 ὲν
1392 949 1470 1020 τῷ
1517 949 1731 1020 θανάτῳ
1751 951 1811 1004 τὸ
1839 945 1978 1015 εἶδος

378 1029 722 1100 χωρίζεσθαι
760 1033 869 1086 ἀπὸ
915 1037 1016 1106 τῆς
1056 1039 1279 1108 σαρκὸς,
1335 1040 1467 1111 φέρε
1497 1041 1559 1094 τὸ
1601 1042 1972 1113 χωριζόμενον

381 1121 644 1192 ποσαχῶς
664 1123 881 1192 λέγεται
904 1128 1230 1197 χωρίζεσθαι
1266 1132 1714 1204 ἐπισκεψώμεθα.
1741 1136 1973 1202 Λέγεται

382 1209 568 1265 τοίνυν
617 1214 948 1284 χωρίζεσθαί
977 1235 1028 1270 τι
1067 1221 1174 1273 ἀπό
1198 1239 1341 1286 τινος
1384 1223 1417 1295 ἢ
1442 1225 1695 1296 ἐνεργείᾳ
1721 1228 1813 1279 καὶ
1838 1228 1973 1279 ὑπο-

391 1303 599 1369 στάσει,
628 1306 660 1376 ἢ
689 1307 922 1378 ἐπινοίᾳ,
955 1309 986 1380 ἢ
1018 1312 1269 1384 ἐνεργείᾳ
1317 1313 1438 1385 μὲν,
1465 1317 1525 1369 οὐ
1561 1317 1669 1388 μὴν
1718 1317 1814 1370 καὶ
1843 1317 1973 1370 ὑπο-

391 1397 600 1452 στάσει.
645 1397 734 1461 Ὠς
767 1401 814 1451 εἰ
837 1401 884 1431 ⁸⁸
916 1401 1120 1472 πυρούς
1171 1423 1254 1470 τις
1284 1409 1376 1462 καὶ
1408 1408 1604 1479 κριθὰς
1657 1411 1973 1481 μεμιγμένα

385 1490 677 1560 χωρίσειεν
729 1491 824 1544 ἀπ’
861 1493 1141 1564 ἀλλήλων·
1174 1492 1341 1570 μὲν
1392 1502 1500 1573 γάρ
1553 1502 1698 1556 κατὰ
1755 1503 1972 1572 κίνησιν

383 1581 704 1652 χωρίζεται,
756 1584 1007 1657 ἐνεργείᾳ
1067 1588 1300 1658 λέγεται,
1404 1594 1459 1646 δὲ
1500 1595 1839 1665 χωρισθέντα
1865 1599 1969 1665 ὐφ-

387 1669 621 1740 έστηκεν
674 1671 971 1729 ὑποστάσει
1033 1678 1253 1746 λέγεται
1327 1684 1684 1753 κεχωρίσθαι.
1729 1686 1971 1759 Ἐπινοία

383 1763 467 1826 δὲ,
500 1762 627 1815 ὅταν
665 1761 761 1834 τὴν
803 1763 939 1834 ὓλην
992 1767 1100 1821 ἀπὸ
1156 1770 1267 1824 τῶν
1303 1774 1606 1844 ποιοτήτων
1644 1777 1968 1848 χωρίζωμεν

386 1853 488 1907 καὶ
544 1855 645 1918 τὰς
677 1857 968 1928 ποιότητας
1006 1860 1116 1914 ἀπὸ
1157 1864 1257 1932 τῆς
1283 1863 1436 1937 ὕλης.
1476 1867 1757 1940 Ἐνεργείᾳ
1782 1870 1863 1935 as,-
1905 1871 1967 1924 οὐ
2001 1859 2045 1914 Β

389 1946 500 2016 μὴν
561 1948 653 2000 καὶ
709 1948 1027 2016 ὑποστάσει,
1088 1954 1218 2008 ὅταν
1273 1958 1543 2027 χωρισθέν
1572 1977 1627 2012 τι
1657 1962 1766 2015 ἀπό
1824 1979 1970 2027 τινος

393 2039 593 2109 μηκέτι
625 2040 883 2112 ὑπάρχοι,
918 2045 1220 2100 ὑπόστασιν
1259 2049 1449 2114 οὐσίας
1486 2051 1588 2105 οὐκ
1610 2052 1753 2123 ἕχον.
1808 2054 1967 2125 Γνοίη

383 2135 433 2189 δ’
461 2136 526 2190 ἄν
548 2154 630 2199 τις
647 2139 739 2191 καὶ
759 2141 816 2193 ὲν
833 2142 942 2204 τοῖς
959 2145 1449 2214 χειροτεχνήμασιν
1464 2146 1538 2211 ὡς
1559 2147 1693 2219 ἔχει,
1720 2150 1966 2221 ἀνδριάν-

383 2245 454 2280 τα
489 2227 614 2282 ἰδὼν
646 2230 678 2299 ἢ
705 2231 871 2285 ἵππον
938 2233 1194 2303 χαλκοῦν.
1246 2237 1428 2292 Ταῦτα
1467 2240 1577 2311 γὰρ
1621 2242 1970 2314 λογιζόμενος

388 2320 574 2386 ὁφεται
622 2322 721 2392 τὴν
763 2323 1007 2393 ἔμφυτον
1055 2329 1268 2400 μορφὴν
1318 2330 1721 2399 διαλλάττοντα,
1787 2338 1869 2400 είς
1913 2337 1970 2390 δὲ

386 2411 580 2498 ἑτέραν
638 2413 763 2483 όψιν
829 2416 1202 2490 μεθιστάμενα
1247 2421 1337 2491 ὑφ’
1369 2417 1439 2496 ἦς
1476 2425 1538 2478 τὸ
1573 2425 1969 2498 ξυγγενόμενον

384 2497 525 2567 εἶδος
566 2504 914 2573 ἀφανίζεται.
976 2510 1036 2563 Ei
1066 2510 1174 2583 γάρ
1217 2530 1302 2578 τις
1334 2517 1402 2569 τὰ
1430 2515 1566 2588 ἔργα
1597 2518 1668 2572 τά
1700 2497 1970 2590 σχηματι-

383 2597 595 2666 ζόμενα
619 2601 699 2662 είς
726 2596 864 2663 εἶδος
880 2601 1221 2675 ἀνθρώπουῆ
1245 2607 1414 2660 ἵππου
1435 2612 1713 2680 συντήκοι,
1744 2612 1969 2682 εὑρήσει

382 2688 452 2740 τὸ
485 2689 583 2759 μὲν
616 2689 707 2743 τοῦ
735 2693 1017 2762 σχήματος
1066 2691 1204 2759 εἶδος
1248 2699 1673 2770 ἀφανιζόμενον,
1712 2703 1884 2772 αὐτὴν
1911 2704 1969 2758 δὲ

383 2780 490 2848 τὴν
540 2781 672 2851 ὕλην
721 2785 1012 2854 μένουσαν.
1051 2788 1215 2842 Ὥστε
1268 2789 1573 2846 ἀσύστατον
1600 2795 1662 2847 τὸ
1708 2794 1887 2863 λέγειν
1909 2798 1970 2849 τὸ

383 2875 491 2944 μὲν
521 2872 658 2938 εἶδος
687 2877 1011 2931 ἀνίστασθαι
1047 2880 1450 2954 ἠμαυρωμένον
1484 2885 1672 2957 μηδὲν,
1695 2887 1755 2941 τὸ
1775 2888 1832 2942 δὲ
1864 2890 1970 2943 σῶ-

380 2983 490 3036 μα,
526 2969 583 3021 ὲν
608 2961 652 3036 ᾧ
679 2965 747 3039 ἦν
769 2969 830 3022 τὸ
858 2965 996 3035 εἶδος
1035 2974 1498 3045 ἐντετυπωμένον,
1535 2978 1968 3052 διαφθείρεσθαι.

393 3060 561 3114 Ἀελλά
586 3063 694 3125 ναὶ,
725 3067 891 3138 φησίν
909 3084 924 3098 ·
945 3069 1003 3120 ὲν
1026 3071 1379 3141 πνευματικῷ
1394 3070 1502 3141 γὰρ
1540 3074 1969 3144 μετατεθήσεται

381 3153 627 3224 σώματι.
655 3157 864 3212 Οὐκοῦν
892 3160 1105 3230 ἀνάγκη
1124 3160 1184 3214 τὸ
1215 3163 1315 3229 μὲν
1349 3159 1491 3228 εἶδος
1517 3164 1660 3228 ίδίως
1678 3166 1961 3238 ὁμολογεῖν

382 3243 520 3296 αὐτὸ
554 3245 618 3298 τὺ
675 3251 892 3318 πρῶτον
920 3253 995 3322 μὴ
1030 3254 1373 3319 ἀνίστασθαι,
1411 3257 1488 3327 τῷ
1542 3258 1966 3329 συνηλλοιῶσθαι

384 3336 520 3389 αὐτὸ
560 3341 856 3408 συμφθῖγον
883 3346 948 3414 τῇ
986 3345 1168 3415 σαρκί.
1227 3346 1348 3399 Κᾶν
1387 3347 1494 3420 γὰρ
1519 3350 1578 3403 ὲν
1609 3353 1966 3424 πνευματικῷ

385 3432 746 3503 μεταπλασθῇ
785 3435 1021 3506 σώματι,
1051 3438 1183 3491 αὐτὸ
1214 3439 1314 3509 μὲν
1337 3440 1481 3505 ίδίως
1501 3442 1562 3496 τὸ
1587 3445 1804 3515 πρῶτον
1831 3447 1966 3499 ὐπο-

376 3519 642 3591 κείμενον
667 3527 843 3579 ἐκεῖνο
878 3529 978 3580 οὐκ
1023 3527 1260 3597 ἔσταιθθ,
1285 3532 1540 3603 ὁμοιότης
1565 3534 1623 3589 δέ
1645 3554 1727 3598 τις
1753 3538 1965 3592 ἐκείνου

377 3613 451 3664 ὲν
478 3613 802 3701 λεπτομερεῖ
828 3621 1328 3694 μεταπεπλασμένη
1365 3622 1601 3695 σώματι.
1641 3626 1706 3680 Ei
1735 3627 1794 3681 δὲ
1825 3630 1964 3701 μήτε

373 3704 451 3757 τδ
466 3699 604 3768 εῐδος
634 3707 695 3760 τὸ
716 3708 849 3762 αὐτὸ
882 3713 1018 3784 μήτε
1038 3713 1098 3767 τὸ
1124 3714 1284 3784 σῶμα
1307 3711 1615 3780 ἀνίσταται,
1639 3719 1755 3772 ἀλλ’
1779 3699 1965 3792 ἕτερον

375 3797 511 3849 ἀντὶ
530 3798 621 3852 τοῦ
647 3801 910 3872 προτέρου
936 3804 1019 3874 (τὸ
1042 3806 1151 3877 γάρ
1171 3806 1359 3875 ὅμοιον
1387 3808 1575 3882 ἕτερον
1595 3811 1691 3864 τοῦ
1721 3811 1961 3887 [49211]

377 3888 582 3942 ἑαυτοῦ
603 3892 790 3960 ὁμοίου
821 3892 904 3964 ὃν)
926 3934 942 3958 ,
1000 3897 1132 3951 αὐτὸ
1163 3901 1340 3953 ἐκεῖνο
1381 3901 1442 3954 τὸ
1487 3903 1726 3973 πρῶτον,
1777 3907 1910 3977 πρὸς
1936 3909 1965 3961 ὁ

376 3980 627 4047 ἐγένετο,
668 3977 807 4038 εἶναι
831 3985 892 4038 οὐ
922 3985 1166 4045 δύναται.

463 4073 587 4126 Ὀτι
643 4073 784 4140 εἶδός
815 4095 982 4149 φησιν
1004 4076 1143 4135 εἶναι
1175 4084 1237 4137 τὸ
1261 4085 1360 4155 τὴν
1392 4089 1697 4160 ταυτότητά
1725 4091 1832 4145 τῶν
1865 4110 1963 4161 με·

371 4164 494 4218 λῶν
525 4168 584 4220 ὲν
607 4167 684 4240 τῷ
708 4174 1018 4244 χαρακτῆρι
1053 4175 1154 4244 τῆς
1211 4180 1427 4251 μορφῆς
1478 4183 1709 4237 ἑκάστου
1761 4187 1962 4256 ἐμφαῖ-

373 4274 494 4311 νον.

457 4348 709 4427 [9291ἶ.]
757 4357 880 4411 Ὀτι
921 4360 982 4413 τὸ
1024 4363 1175 4433 παρὰ
1231 4364 1327 4418 τοῦ
1377 4369 1659 4438 προφήτου
1699 4371 1962 4444 Ἰεζεκιὴλ

377 4443 516 4513 περὶ
567 4446 665 4516 τῆς
692 4447 1039 4516 ἀναστάσεως
1067 4455 1176 4508 τῶν
1224 4457 1434 4528 νεκρῶν
1482 4461 1646 4530 ῥητὸν
1672 4443 1962 4534 εἰρημένον

2090 579 2168 633 ria
2199 580 2496 634 secundum
2526 580 2844 651 hypostasin
2879 592 3167 652 separatur
3213 585 3428 653 quidem
3473 603 3502 641 a
3545 590 3661 646 fusa

2089 679 2292 736 statua,
2320 671 2496 726 forma
2536 671 2590 727 in
2631 687 2739 728 aere
2783 674 2982 739 deleta,
3023 677 3116 731 sed
3145 691 3265 746 quae
3299 692 3405 732 non
3433 682 3665 749 amplius

2087 763 2384 820 secundum
2416 765 2773 820 Substantiam
2800 768 3076 824 subsistat.
3105 769 3239 836 Quia
3273 785 3405 826 vero
3434 772 3604 830 forma
3634 792 3663 828 a

2087 867 2253 907 carne
2297 854 2350 907 in
2394 863 2568 909 morte
2599 855 2852 910 recedere
2885 856 3105 923 dicitur,
3140 874 3238 929 age
3271 862 3542 929 quomodo
3578 877 3692 918 re-'

2085 947 2241 1000 cedat
2271 946 2572 1002 videamus.
2607 947 2860 1016 Separari
2897 948 3098 1018 aliquid
3138 953 3205 1006 ab
3246 953 3428 1021 aliquo
3466 955 3664 1010 dicitur

2085 1049 2178 1094 aut
2211 1040 2354 1095 facto
2386 1050 2440 1095 et
2470 1042 2842 1110 subsistentia,
2875 1056 2967 1097 aut
2995 1045 3326 1113 cogitatione
3346 1087 3363 1111 ,
3395 1057 3488 1102 aut
3517 1049 3663 1105 facto

2084 1132 2298 1200 quidem
2356 1147 2450 1187 seu
2493 1133 2828 1200 operatione,
2881 1135 2973 1189 sed
3011 1151 3116 1190 non
3156 1135 3474 1207 ltypostasi:
3528 1149 3585 1192 ut
3613 1141 3659 1192 si

2082 1225 2205 1293 quis
2231 1225 2468 1280 triticum
2512 1236 2566 1280 et
2611 1227 2870 1282 hordeum
2908 1229 3068 1282 mista
3120 1229 3262 1284 inter
3298 1246 3356 1285 se
3385 1243 3656 1287 secernat.

2083 1320 2358 1384 Quatenus
2407 1318 2552 1374 enim
2595 1322 2887 1376 secundum
2932 1331 3138 1376 motum
3169 1324 3494 1388 secernitur,
3531 1339 3661 1393 ope-

2083 1412 2221 1463 ratio
2259 1409 2494 1476 dicitur;
2535 1420 2804 1480 quatenus
2829 1427 2958 1467 vero
2989 1422 3198 1468 secreta
3241 1429 3337 1482 per
3384 1430 3443 1469 se
3483 1417 3662 1470 subsi—

2080 1510 2251 1567 stunt,
2298 1503 2570 1572 Itypostasi
2608 1503 2782 1558 divisa
2829 1504 3099 1559 dicuntur.
3145 1503 3485 1575 Cogitatione
3532 1523 3660 1562 vero

2079 1609 2172 1648 seu
2200 1595 2430 1661 ratione,
2467 1596 2682 1664 quando
2714 1597 2998 1652 materiam
3033 1612 3061 1650 a
3096 1598 3450 1666 qualitatibus
3472 1599 3660 1653 distin-

2078 1689 2311 1756 guimus,
2343 1697 2398 1742 et
2426 1687 2714 1757 qualitates
2744 1703 2772 1742 a
2807 1689 3057 1744 materia.
3093 1691 3417 1759 Operatione
3448 1700 3658 1746 tantum

2078 1789 2131 1834 et
2163 1795 2267 1836 non
2309 1779 2611 1850 hypostasi,
2650 1795 2774 1835 cum
2809 1792 3117 1850 separatum
3143 1783 3346 1852 aliquid
3380 1784 3448 1837 ab
3473 1783 3657 1852 aliquo

2075 1888 2180 1928 non
2227 1873 2458 1942 amplius
2488 1873 2676 1939 fuerit,
2715 1875 3033 1930 substantia:
3067 1875 3378 1945 hypostasin
3418 1891 3521 1930 non
3567 1878 3660 1930 ha-

2075 1966 2229 2020 bens.
2261 1964 2529 2033 lntelligat
2565 1975 2744 2019 autem
2777 1965 3049 2036 quispiam
3080 1965 3182 2019 hoc
3213 1967 3376 2031 etiam
3410 1965 3462 2020 in
3495 1965 3656 2021 rebus

2075 2055 2388 2122 mecanicis,
2424 2056 2696 2125 quomodo
2758 2071 2817 2112 se
2850 2056 3068 2122 habeat,
3095 2057 3139 2112 si
3181 2067 3416 2112 statuam
3450 2059 3652 2123 videat,

2073 2155 2164 2198 aut
2189 2161 2385 2216 equum
2417 2162 2482 2202 ex
2515 2162 2621 2202 aere
2651 2147 2851 2203 fusum.
2891 2147 3018 2204 Haec
3061 2149 3204 2204 enim
3257 2151 3654 2220 contemplatus

2074 2238 2275 2294 videbit
2297 2238 2594 2294 naturalem
2623 2239 2854 2294 formam
2881 2241 2932 2294 in
2960 2241 3043 2295 his
3075 2243 3293 2306 mutari,
3323 2249 3378 2296 et
3408 2242 3459 2295 in
3491 2242 3654 2299 aliam

2073 2328 2298 2398 figuram
2346 2339 2552 2383 mutata
2599 2329 2996 2398 transformari,
3052 2347 3081 2386 a
3138 2347 3241 2401 qua
3296 2334 3444 2402 prior
3477 2333 3652 2389 forma

2073 2420 2340 2474 naturalis
2367 2419 2599 2476 deletur.
2655 2421 2866 2477 Etenim
2893 2422 2940 2477 si
2977 2423 3100 2494 quis
3130 2425 3281 2493 signa
3324 2429 3377 2478 in
3413 2426 3653 2483 hominis

2071 2523 2164 2567 ant
2207 2514 2400 2584 300b
2450 2515 2573 2586 equi
2617 2517 2843 2587 figuram
2888 2515 3117 2588 elﬁgiata
3165 2518 3396 2586 collique
3453 2519 3652 2586 faciat;

2073 2608 2257 2676 figurae
2303 2608 2534 2662 formam
2566 2608 2769 2664 videbit
2816 2610 3165 2674 exstinctam,
3213 2613 3498 2666 materiam
3535 2629 3654 2667 ma-

2073 2713 2222 2752 nere.
2253 2697 2436 2769 Itaque
2465 2699 2757 2754 absurdum
2783 2711 2866 2755 est
2889 2700 3156 2757 allirmare
3183 2701 3411 2755 formam
3434 2703 3652 2772 quidem

2072 2806 2414 2861 nequaquam
2441 2802 2751 2860 corruptam
2795 2807 3100 2863 resurgere,
3126 2810 3324 2864 corpus
3363 2805 3562 2862 autem,
3597 2797 3653 2850 in

2071 2901 2178 2955 quo
2209 2884 2377 2940 forma
2416 2885 2685 2952 descripta
2723 2894 2806 2940 est
2848 2888 3143 2955 corrumpi.
3183 2886 3348 2956 Atqui
3379 2902 3527 2956 sane,
3567 2888 3655 2942 in-

2072 2977 2209 3045 quit,
2243 2977 2296 3031 in
2349 2977 2630 3046 spirituale
2666 2977 3025 3032 transferetur
3051 2994 3267 3050 corpus.
3311 2981 3454 3049 Ergo
3490 2981 3652 3036 fateri

2075 3082 2298 3123 necesse
2343 3079 2427 3122 est
2467 3069 2714 3123 eamdem
2759 3071 2976 3140 proprie
3024 3068 3252 3126 formam
3281 3072 3510 3140 primam
3544 3088 3650 3127 non

2077 3175 2382 3230 resurgere,
2427 3177 2493 3216 eo
2537 3162 2676 3230 quod
2723 3162 2880 3215 simul
2928 3171 3128 3216 mutata
3173 3172 3228 3217 et
3263 3179 3524 3233 corporea
3580 3167 3655 3220 sit

2021 3252 2038 3272 ‘
2075 3269 2198 3308 cum
2227 3267 2472 3322 corpore.
2510 3252 2622 3306 Etsi
2651 3254 2792 3308 enim
2827 3253 2880 3306 in
2915 3253 3197 3321 Spiritnale
3239 3269 3437 3324 corpus
3470 3265 3653 3310 trans-

2074 3348 2180 3400 lata
2209 3346 2279 3400 sit
2311 3362 2324 3398 :
2376 3345 2490 3413 ipsa
2530 3353 2708 3397 tamen
2740 3345 2927 3396 eadem
2961 3358 3064 3396 non
3104 3344 3208 3398 erit
3235 3345 3468 3413 primum
3525 3361 3652 3416 pro-

2072 3440 2189 3510 prie
2225 3438 2524 3506 subjectum
2553 3434 2716 3507 [quod
2756 3447 2882 3489 ante
2911 3434 3057 3507 fuit],
3095 3438 3188 3490 sed
3224 3439 3469 3506 quaedam
3504 3437 3652 3492 illius

2074 3533 2125 3585 in
2157 3531 2344 3585 subtili
2373 3544 2602 3597 corpore
2623 3528 3009 3582 transformata
3033 3527 3353 3582 similitudo.
3381 3527 3434 3583 Si
3466 3538 3648 3585 autem

2073 3638 2179 3677 non
2206 3623 2392 3678 eadem
2429 3621 2630 3685 forma,
2657 3634 2833 3688 neque
2861 3620 2999 3674 idem
3038 3635 3235 3688 corpus
3269 3620 3524 3690 resurgit,
3555 3623 3648 3675 sed

2071 3715 2213 3769 aliud
2247 3729 2343 3782 pro
2368 3713 2509 3768 alio:
2542 3713 2718 3768 simile
2752 3712 2894 3767 enim
2927 3711 3156 3766 alterum
3198 3712 3375 3766 simile
3408 3713 3509 3767 sibi
3543 3723 3647 3765 est:

2074 3807 2200 3861 illud
2233 3806 2433 3875 ipsum,
2473 3807 2541 3860 ad
2582 3804 2735 3872 cuius
2779 3801 3087 3871 exemplum
3134 3799 3334 3855 factum
3384 3810 3490 3866 est,
3532 3800 3651 3856 ﬁeri

2073 3914 2178 3955 non
2207 3907 2403 3970 p0test.

2143 4079 2398 4133 Formam
2429 4077 2505 4131 ait
2530 4091 2652 4132 esse
2681 4077 2757 4144 id,
2787 4077 2930 4146 quod
2962 4075 3014 4130 in
3049 4075 3216 4147 ﬁgura
3248 4074 3434 4129 forma:
3461 4073 3651 4129 unius-

2070 4172 2354 4242 cujusque,
2379 4171 2746 4227 membrorum
2777 4170 3112 4225 identitalem
3136 4169 3378 4224 exhibet.

2145 4377 2382 4432 Verbum
2433 4374 2580 4445 quod
2635 4374 2772 4429 dixit
2820 4373 3076 4443 propheta
3120 4370 3372 4426 Ezechiel
3403 4371 3470 4425 de
3501 4385 3646 4424 mor-

2073 4477 2285 4524 tuorum
2336 4466 2740 4523 resurrectione
2769 4476 2791 4504 ε
2835 4465 3097 4534 Origenes
3145 4463 3432 4532 allegorice
3482 4461 3653 4515 inter-

381 4535 482 4587 τοῦ
522 4537 829 4608 Ὠριγένους
861 4543 1312 4616 ἀλληγοροῦντος,
1351 4551 1446 4603 καὶ
1482 4553 1561 4614 εἰς
1591 4552 1688 4623 τὴν
1716 4554 1826 4608 τῶν
1881 4557 1962 4619 εἰς

2077 4569 2316 4629 pretatus
2377 4568 2480 4624 est,
2538 4567 2594 4613 et
2647 4561 2714 4611 ad
2782 4555 3151 4610 Israelitarum
3207 4568 3274 4606 ex
3333 4551 3652 4622 captivitate

384 4629 682 4686 Βαϐυλῶνα
712 4636 1265 4706 αἰχμαλωτισθέντων
1305 4641 1654 4715 Ἰσραηλιτῶν
1703 4648 1961 4704 ἐπάνοδον

374 4719 778 4794 ἐκϐιαζομένου
822 4728 1122 4800 εἰρῆσθαι,
1174 4733 1476 4806 ἐξελέγχων
1539 4739 1677 4807 μετά
1727 4741 1897 4795 πολλά
1937 4744 1965 4794 ὁ

383 4809 540 4902 ᾆγιος
586 4815 682 4868 καὶ
708 4816 866 4871 τοῦτό
897 4837 1060 4890 φησιν
1082 4838 1098 4853 ⁸
1132 4824 1270 4877 Οὐδὲ
1312 4827 1440 4898 γάρι
1467 4829 1586 4883 οὐδὲ
1632 4833 1786 4885 αὐτοὶ
1827 4833 1964 4902 πρὸς

378 4901 697 4975 ἐλευθερίαν
750 4909 1062 4980 ἀνέσφηλαν
1114 4912 1387 4986 καθαρὰν,
1445 4919 1568 4972 οὐδὲ
1616 4921 1725 4975 τῶν
1754 4901 1965 4995 ἐχθρῶν

375 5001 906 5071 κατακρατήσαντες
949 5003 1502 5081 ὲξουσιαστικώτερον
1557 5014 1887 5086 κατῴκησαν
1917 5019 1962 5049 ⁸⁸

374 5089 482 5158 τὴν
496 5089 873 5165 Ἰερουσαλήμ.
907 5095 1170 5167 Εῖργοντο
1186 5099 1312 5167 γοῦν
1336 5102 1442 5156 ὑπὸ
1463 5104 1574 5157 τῶν
1603 5108 1902 5162 ἀλλοεθνῶν
1920 5113 1966 5143 ⁹²

377 5180 644 5246 πολλάκις
656 5185 1006 5258 οἰκοδομῆσαι
1035 5187 1358 5260 θελήσαντες
1380 5195 1471 5247 τὸν
1491 5198 1696 5249 ναόν⁹³’
1719 5200 1842 5254 ὅθεν
1872 5204 1968 5256 καὶ

377 5274 441 5364 ἐν
472 5280 524 5342 μ’
560 5277 724 5330 αὑτὸν
753 5281 847 5332 καὶ
871 5281 922 5345 ς’
959 5282 1106 5334 ἔτεσι
1165 5283 1322 5353 μόλις
1377 5287 1723 5360 ἠδυνήθησαν
1773 5294 1965 5364 δείμα-

381 5363 546 5433 σθαι,
572 5368 667 5422 τοῦ
693 5371 1036 5443 Σολομῶντος
1052 5375 1098 5406 ⁸⁵
1138 5378 1194 5428 ὲν
1228 5379 1484 5432 ἑπταετεῖ
1509 5383 1685 5454 χρόνῳ
1712 5386 1775 5437 ὲκ
1802 5386 1965 5456 θεμε-

456 5510 481 5540 ο
514 5501 712 5560 Ezeclt.
759 5523 964 5574 xxxvn,
1015 5512 1040 5565 1
1083 5525 1236 5582 seqq.

2070 4652 2395 4725 Babylonica
2450 4651 2686 4705 reditum
2732 4648 2888 4717 quasi
2933 4661 3030 4716 per
3059 4645 3165 4699 vim
3197 4643 3449 4708 detorsit,
3486 4657 3652 4710 quem

2067 4753 2190 4814 post
2218 4743 2390 4798 multa
2428 4751 2656 4795 sanctus
2688 4737 2995 4792 Methodins
3025 4748 3324 4804 coarguens
3350 4731 3454 4786 hoc
3482 4731 3648 4787 dicit:
3755 4785 3762 4826 ἱ

2067 4835 2255 4904 Neque
2294 4832 2469 4888 Judzei
2507 4833 2723 4903 plenam
2779 4830 3162 4897 sinceramque
3208 4825 3519 4881 libertatem
3564 4838 3653 4877 as-

2069 4929 2238 4984 secuti
2289 4937 2438 4989 sunt,
2491 4938 2667 4992 neque
2705 4923 2956 4978 hostibus
2991 4919 3219 4974 devictis
3271 4916 3463 4984 majori
3527 4929 3652 4969 cum

2073 5031 2343 5092 potestate
2411 5016 2844 5086 Hierosolymam
2915 5013 3280 5067 incoluerunt.
3338 5009 3453 5062 lmo
3508 5019 3653 5074 stepe

2073 5130 2197 5170 cum
2227 5113 2535 5167 instaurare
2564 5113 2754 5162 urbem
2793 5114 3150 5169 conarentur,
3188 5103 3255 5157 ab
3290 5100 3412 5155 aliis
3440 5096 3653 5168 populis

2071 5214 2202 5261 sunt
2251 5201 2518 5271 impediti.
2554 5198 2709 5255 Unde
2746 5209 2803 5252 et
2845 5198 2986 5251 intra
3043 5194 3396 5264 quadraginta
3425 5204 3520 5244 sex
3550 5203 3652 5240 an-

2072 5311 2172 5351 nos
2208 5295 2299 5348 vix
2337 5291 2597 5361 templum
2642 5288 3015 5350 absolverunt,
3059 5300 3182 5340 cum
3214 5283 3347 5336 illud
3386 5279 3652 5334 Salomon

2068 5400 2277 5458 septem
2319 5385 2477 5441 annis
2519 5385 2586 5440 ab
2623 5384 2756 5453 ipsis
2793 5378 3163 5436 fundamentis
3197 5375 3498 5432 excitatum
3525 5386 3650 5441 per-

1657 5623 1895 5681 VARl/E
1956 5627 2359 5684 LECTIO'NES.

455 5708 506 5784 δή
537 5709 614 5775 ὡς
669 5712 736 5784 εἰ,
771 5728 880 5768 om.
913 5727 998 5784 pr.
1056 5717 1121 5777 A,
1162 5716 1210 5768 εἰ
1245 5730 1355 5770 om.
1394 5714 1458 5770 Β.

377 5782 427 5817 ⁸³
461 5781 551 5836 τὸν
589 5781 738 5849 ναόν]
777 5785 892 5840 libri
917 5781 1144 5853 μᾶλλον.
1224 5787 1270 5819 ⁸⁸
1291 5787 1604 5859 Σολομῶνος
1631 5787 1739 5841 ΛΒ.

1551 5715 1597 5747 θ’
1623 5716 1724 5789 οὐκ
1781 5715 1956 5789 ἔσται]
2024 5719 2121 5789 οὐχ
2151 5719 2256 5774 AB.

2337 5721 2378 5751 ⁹¹
2427 5719 2739 5789 κατῴκισαν
2768 5736 2829 5783 ς.
2906 5721 2951 5751 9’
2985 5719 3098 5772 τῶν
3136 5716 3308 5772 ἄλλων
3338 5710 3510 5768 ἐθνῶν
3536 5710 3651 5766 ΑΒ.
