3954 6442
437 423 573 487 1135

1524 416 1787 477 ΡΗΟΤΙΙ
1827 415 2333 476 ΡΑΤΒΙΑΒΟΗᾸΕ
2382 418 2491 478 CP.

3538 418 3664 485 1136

432 538 669 594 fecisset.
729 537 792 591 Et
847 536 977 607 quid
1031 550 1167 604 opus
1212 543 1293 589 est
1323 531 1548 587 verbis?
1575 534 1619 587 Α
1648 532 2010 588 Nabuchodo-

2120 533 2240 587 λίων
2305 534 2465 588 αὑτὸν
2483 534 2527 566 9⁵
2557 551 2619 586 συ
2629 533 3079 605 μπληρώσαντος.
3134 536 3242 589 Καὶ
3268 538 3321 589 τί
3346 535 3452 608 χρὴ
3476 536 3673 607 λέγειν;

433 643 631 686 nosore
679 638 732 683 et
791 627 1204 683 successoribus
1252 624 1369 694 ejus
1423 626 1476 677 in
1526 623 1799 695 Babylone
1842 639 2013 694 usque

428 728 494 777 ad
524 723 812 777 Persarum
851 722 901 775 in
934 722 1189 791 Assyrios
1226 718 1648 788 expeditionem,
1684 730 1739 773 et
1771 718 2006 773 Alexan-

426 812 511 867 dri
547 813 855 880 imperium,
898 820 952 867 et
986 811 1183 866 bellum
1220 810 1329 878 jam
1366 826 1487 865 cum
1522 810 1788 864 Romanis
1821 811 2007 865 incru-

428 906 655 962 descens
709 906 889 959 sexies
954 903 1022 956 ab
1074 903 1322 958 hostibus
1378 900 1751 973 Hierosolyma
1818 918 2006 958 eversa

429 1006 576 1051 sunt.
612 995 677 1049 Et
720 996 823 1050 hoc
854 994 1092 1065 Joseplio
1132 1005 1268 1048 teste
1301 995 1389 1062 qui
1431 992 1563 1046 dicit
1594 1010 1607 1044 :
1654 995 1804 1045 Anno
1838 995 2006 1047 altero

438 1086 745 1159 Vespasiani
804 1087 1153 1156 imperatoris,
1208 1098 1360 1154 capta
1422 1097 1596 1138 autem
1653 1096 1699 1137 et
1752 1088 2006 1170 at‘ttejam

425 1181 698 1251 quinquies
748 1180 944 1249 fuerat,
1002 1181 1196 1232 iterum
1262 1177 1437 1231 excisa
1470 1188 1545 1231 est
1609 1175 2006 1247 Hierosolyma.

423 1274 711 1327 Asoclurus
768 1274 904 1326 enim
940 1269 1163 1341 Egypti
1223 1286 1332 1335 rex,
1394 1278 1445 1323 et
1516 1268 1681 1337 hujus
1736 1284 2009 1323 successor

426 1365 759 1428 Antiochus,
831 1363 1017 1417 deinde
1087 1360 1387 1429 Pompeius,
1458 1359 1645 1412 deinde
1726 1368 1841 1427 post
1909 1359 2005 1412 hos

428 1457 615 1511 Sosius
666 1472 783 1509 cum
865 1453 1075 1508 Herode
1123 1464 1330 1517 captam
1386 1452 1568 1506 urbem
1631 1451 2000 1505 incenderunt.

426 1549 563 1601 Ante
586 1548 677 1600 hos
707 1561 824 1599 vero
851 1544 1136 1616 Babylonis
1182 1560 1270 1599 rex
1297 1556 1651 1613 expugnatam
1693 1546 1932 1596 vastavit.

2129 626 2263 678 Ἀπὸ
2291 625 2400 696 γὰρ
2431 625 2495 696 δὴ
2524 624 2997 696 Ναϐουχοδονόσορ
3020 626 3066 657 ³⁸
3094 628 3189 681 καὶ
3218 627 3329 680 τῶν
3362 628 3479 697 μετ’
3528 630 3677 685 αὐτὸν

2114 717 2433 782 Βαϐυλῶνος
2484 716 2925 789 βασιλευσάντων
2979 718 3110 788 ἄχρι
3164 718 3263 789 τῆς
3330 720 3552 790 Περσῶν
3597 724 3682 777 ἐπὶ

2110 811 2236 872 τοὺς
2278 810 2600 881 Ἀσσυρίους
2615 808 2658 842 "
2695 808 2950 874 καθόδου,
2971 812 3070 880 τῆς
3096 828 3157 863 τε
3172 810 3526 881 Ἀλεξάνδρου
3559 815 3679 883 ἠγε-

2115 902 2326 973 μονίας,
2362 902 2456 955 καὶ
2487 901 2581 955 τοῦ
2599 902 2643 934 ⁸⁸
2665 900 2952 972 Ῥωμαίων
2981 902 3077 956 τοῦ
3107 905 3243 974 πρὸς
3273 905 3401 968 τοὺς
3418 906 3683 972 Ἰουδαίους

2112 995 2481 1065 συρραγέντος
2538 994 2800 1064 πολέμου,
2856 994 3045 1061 ἑξάκις
3089 996 3550 1067 κατεστράφησαν
3591 1000 3684 1054 ὑπὸ

2113 1086 2222 1138 τῶν
2254 1085 2532 1155 πολεμίων
2575 1085 2645 1139 τὰ
2687 1085 3055 1157 Ἰεροσόλυμα.
3118 1087 3227 1142 Καὶ
3273 1087 3436 1143 τοῦτο
3467 1089 3682 1162 Ἰώσηπ-

2116 1190 2215 1239 πος
2254 1178 2459 1247 ἱστορεῖ
2483 1176 2678 1245 λέγων’
2722 1176 2885 1231 Ἔτει
2918 1177 3173 1248 δευτέρῳ
3188 1178 3298 1248 τῆς
3319 1182 3684 1236 Οὐεσπασια-

2114 1269 2227 1324 νοῦ
2244 1271 2289 1301 ⁹⁰
2314 1271 2660 1338 ἡγεμονίας,
2691 1270 2933 1325 ἁλοῦσα
2956 1270 3025 1323 δὲ
3049 1272 3148 1325 καὶ
3175 1274 3469 1340 πρότερον
3482 1276 3685 1328 πεντά-

2114 1379 2229 1427 κις,
2258 1361 2432 1415 τοῦτο
2447 1361 2732 1431 δεύτερον
2762 1362 3067 1431 ἠρημώθη.
3098 1364 3425 1434 ,Ἀσωχαῖος
3454 1366 3564 1435 μὲν
3590 1369 3688 1436 γὰρ

2114 1457 2149 1508 ὁ
2178 1454 2297 1507 τῶν
2334 1456 2672 1524 Αἰγυπτίων
2698 1456 3022 1523 βασιλεὺς,
3058 1459 3158 1511 καὶ
3184 1460 3315 1529 μετ’
3353 1460 3539 1513 αὑτὸν
3571 1462 3687 1514 Ἀν-

2114 1546 2339 1615 τίοχος,
2372 1549 2580 1603 ἔπειτα
2626 1548 2959 1619 Πομπήϊος,
2997 1551 3097 1603 καὶ
3154 1551 3255 1606 ἐπὶ
3308 1553 3544 1619 τούτοις
3580 1554 3689 1608 σὺν

436 1643 656 1712 Ἡρώδῃ
700 1648 960 1711 Σόσσιος
1001 1645 1016 1675 ¹
1054 1644 1299 1709 ἑλόντες
1324 1643 1668 1712 ἐνέπρησαν
1697 1641 1813 1709 τὴν
1840 1643 2022 1696 πόλιν
2049 1660 2064 1676 ·
2105 1647 2216 1715 πρὸ
2234 1648 2303 1703 δὲ
2329 1650 2555 1704 τούτων
2588 1654 2621 1706 ό
2645 1649 2767 1707 τῶν
2792 1651 3190 1707 Βαϐυλωνίων
3220 1648 3525 1716 βασιλεὺς
3566 1666 3689 1718 κρο-

425 1735 615 1804 τήσας
637 1735 957 1808 ἠρήμωσεν
981 1736 1195 1803 αὐτήν.

502 1851 766 1922 Origenes
796 1865 1059 1924 prmterea
1094 1853 1207 1908 haec
1236 1854 1367 1907 dicit
1402 1871 1416 1907 :
1460 1854 1535 1909 De
1568 1852 1779 1908 Lazaro
1806 1852 2007 1925 301a
2041 1859 2085 1914 Β

428 1957 482 2001 et
526 1948 694 2002 divite
747 1945 978 2002 dubitari
1018 1956 1218 2018 potest,
1265 1946 1389 2002 aliis
1437 1946 1657 2016 quidem
1706 1946 2009 2016 εἱηιριιοίιιε

427 2042 630 2096 dictum
667 2039 1021 2109 putantibus,
1067 2039 1222 2108 quasi
1260 2038 1418 2093 ambo
1450 2040 1503 2093 in
1531 2040 1852 2109 corporibus
1894 2039 2009 2093 suis

426 2132 725 2201 assumptis
762 2130 925 2202 digna
970 2129 1132 2185 factis
1172 2130 1225 2183 in
1259 2130 1366 2183 vita
1395 2130 1619 2199 praemia
1653 2129 1961 2199 receperint
1991 2142 2006 2181 :

428 2227 553 2281 aliis
590 2223 864 2290 subtilius,
900 2223 1049 2292 quia,
1100 2238 1225 2277 cum
1257 2227 1381 2292 post
1416 2223 1874 2276 resurrectionem
1922 2237 2011 2277 ne-

427 2335 517 2373 mo
552 2318 605 2373 in
632 2317 743 2373 vita
780 2316 1142 2386 relinquatur,
1181 2331 1286 2369 non
1331 2315 1650 2370 existimant
1679 2315 1794 2370 hinc
1824 2316 1875 2369 in
1920 2331 2010 2370 re-

425 2410 768 2466 surrectione
812 2408 1123 2477 contigisse.
1176 2406 1318 2461 Dicit
1369 2407 1515 2461 enim
1563 2407 1716 2460 dives
1765 2427 1776 2461 :
1825 2407 2011 2461 Habeo

424 2506 650 2573 quinque
702 2501 916 2572 fratres,
964 2517 1025 2554 ne
1073 2510 1121 2554 et
1151 2500 1253 2569 ipsi
1307 2501 1517 2554 veniant
1571 2500 1625 2553 in
1668 2498 1840 2554 locum
1872 2501 2011 2552 hunc

426 2606 828 2661 tormentorum,
861 2596 1007 2649 mitte
1031 2594 1320 2660 Lazarum,
1361 2594 1451 2662 qui
1480 2594 1685 2647 nuntiet
1712 2594 1861 2659 ipsis,
1895 2608 2013 2662 qua:

424 2693 512 2745 hic
544 2690 674 2758 ﬁunt
703 2688 751 2742 ἀ.
788 2688 1047 2755 Quaerunt
1080 2702 1210 2757 ergo
1246 2702 1340 2756 per
1367 2686 1482 2741 haec
1522 2686 1759 2756 linguam
1788 2696 1841 2739 et
1870 2686 2011 2754 digi-

430 2794 621 2839 tumet
656 2782 808 2838 sinus
845 2781 1103 2846 Abrahae,
1133 2790 1186 2835 et
1237 2778 1677 2846 compellationis
1718 2794 1931 2843 vocem,
1958 2787 2014 2832 et

426 2879 666 2934 fortasse
726 2878 952 2947 ligurem
1012 2874 1158 2928 illam
1213 2889 1308 2928 seu
1365 2871 1601 2928 formam
1654 2873 1839 2926 statim
1889 2886 2013 2926 cum

429 2971 629 3026 animae
656 2982 910 3033 excessu,
941 2966 1179 3021 similem
1220 2965 1437 3035 corpori
1474 2979 1663 3021 crasso
1690 2974 1744 3020 et
1774 2973 2012 3019 terreno.

430 3063 540 3118 Res
568 3063 642 3115 ita
673 3069 850 3129 potest
882 3058 1106 3130 intelligi
1133 3070 1148 3112 :
1186 3057 1245 3113 Si
1276 3057 1498 3127 quando
1529 3056 1654 3127 quis
1682 3072 1751 3112 ex
1779 3058 2016 3111 mortuis

430 3163 692 3209 narratur
720 3151 1065 3222 apparuisse,
1102 3151 1316 3205 videtur
1343 3148 1396 3204 in
1437 3148 1600 3204 simili
1628 3148 1825 3213 forma,
1848 3162 2013 3217 quam

2184 1856 2304 1911 ’Ὀτι
2334 1857 2619 1931 Ὠριγένης
2646 1859 2776 1913 τάδε
2814 1858 2984 1928 φησί’
3022 1857 3163 1929 Περὶ
3192 1856 3249 1910 δὲ
3267 1859 3288 1888 ⁸
3314 1855 3414 1910 τοῦ
3449 1858 3687 1929 Λαζάρου

2111 1951 2206 2003 καὶ
2232 1948 2326 2003 τοῦ
2354 1949 2612 2005 πλουσίου
2633 1950 2958 2022 ἀπορεῖσθαι
2992 1949 3362 2015 δύναται,τῶν
3386 1950 3489 2021 μὲν
3506 1952 3688 2009 ἀπλού-

2112 2044 2335 2114 στερον³
2387 2045 2651 2117 οἰομένων
2694 2043 2869 2098 ταῦτα
2926 2043 3199 2115 λελέχθαι,
3248 2043 3327 2108 ὡς
3372 2043 3686 2118 ἀμφοτέρων

2114 2136 2253 2206 μετά
2294 2135 2405 2190 τῶν
2444 2138 2714 2208 σωμάτων
2750 2135 3142 2208 λαμϐανόντων
3193 2135 3267 2190 τὰ
3307 2136 3439 2203 ἀξια
3491 2138 3595 2191 τῶν
3620 2138 3687 2209 τῷ

2114 2227 2215 2298 βίῳ
2261 2230 2687 2301 πεπραγμένων,
2718 2228 2827 2294 τῷν
2864 2229 2920 2284 δὲ
2946 2230 3362 2301 ἀκριϐέστερον,
3415 2231 3537 2284 ἐπεὶ
3568 2231 3688 2300 μετὰ

2110 2327 2212 2395 τὴν
2248 2327 2549 2382 ἀνάστασιν
2586 2327 2765 2391 οὐδεὶς
2811 2328 2869 2381 ὲν
2916 2326 3015 2398 βίῳ
3054 2326 3483 2387 καταλείπεται.
3506 2327 3599 2380 οὑκ
3638 2327 3687 2379 ὲν

2113 2422 2179 2492 τῇ
2223 2420 2517 2474 ἀναστάσει
2558 2419 2821 2490 οἰομένων
2854 2417 3028 2473 ταῦτα
3062 2419 3349 2488 γεγονέναι
3389 2417 3571 2487 (λέγει
3595 2419 3687 2490 γὰρ

2112 2515 2141 2565 ὁ
2168 2511 2453 2578 πλούσιος,
2486 2512 2570 2566 ὅτι
2600 2512 2791 2567 Πέντε
2827 2510 3134 2581 ἀδελφοὺς
3162 2511 3303 2580 ἔχω,
3335 2508 3436 2564 καί
3486 2510 3583 2564 ἵνα
3615 2512 3686 2580 μὴ

2114 2601 2374 2655 ἔλθωσιν
2429 2603 2517 2668 είς
2568 2600 2675 2654 τὸν
2728 2602 2919 2655 τόπον
2966 2600 3185 2655 τοῦτον
3232 2599 3350 2668 τῆς
3401 2600 3685 2665 βασάνου,

2115 2694 2356 2764 πέμψον
2377 2694 2643 2763 Λάζαρον
2668 2694 3131 2765 ἀπαγγέλλοντα
3156 2693 3365 2758 αὐτοῖς
3404 2695 3478 2748 τὰ
3507 2693 3687 2748 ἐνταῦ-

2116 2789 2234 2856 θα),
2281 2788 2375 2841 καὶ
2422 2786 2512 2840 διὰ
2562 2786 2809 2841 τούτων
2862 2784 3172 2855 ζητούντων
3199 2784 3301 2853 τὴν
3330 2784 3576 2853 γλῶσσαν
3604 2784 3686 2837 καὶ

2115 2879 2209 2931 τὸν
2262 2877 2525 2932 δάκτυλον
2579 2878 2675 2933 καὶ
2712 2879 2842 2941 τοὺς
2893 2878 3132 2940 κόλπους
3178 2877 3441 2948 Ἀϐραὰμ
3492 2874 3683 2943 καὶτὴν

2115 2971 2402 3029 ἀνάκλισιν
2418 2972 2460 3025 ⁵.
2489 2972 2599 3025 Καὶ
2616 2971 2759 3041 τάχα
2781 2971 2842 3024 τὸ
2861 2970 2962 3041 τῆς
2973 2970 3153 3040 ψυχῆς
3188 2970 3308 3039 ἅμα
3329 2972 3399 3040 τῇ
3424 2968 3687 3037 ἀπαλλαγῇ

2119 3066 2327 3135 σχῆμα,
2350 3063 2598 3132 ὁμοειδὲς
2619 3062 2679 3116 ὃν
2705 3062 2784 3134 τῷ
2816 3063 2984 3132 παχεῖ
3013 3062 3108 3114 καὶ
3129 3060 3208 3130 τῷ
3230 3062 3250 3092 ⁸
3276 3059 3456 3131 γηΐνῳ
3476 3057 3683 3128 σώματι,

2116 3155 2339 3210 δύναται
2373 3155 2545 3218 οὕτως
2573 3153 2972 3225 λαμϐάνεσθαι.
2992 3152 3060 3206 Ei
3091 3169 3223 3207 ποτε
3254 3150 3392 3222 γοῦν
3418 3149 3687 3222 ίστορεϊταί

431 3248 486 3301 in
526 3260 694 3302 carne
728 3244 936 3301 habuit.
977 3244 1184 3300 Deinde
1223 3242 1445 3299 Samuel
1489 3257 1781 3313 apparens,
1811 3250 1870 3295 ut
1898 3256 2012 3296 ma-

2120 3264 2206 3312 τις
2234 3247 2340 3300 τῶν
2372 3224 2792 3316 κεκοιμημένων
2813 3245 3161 3314 φαινόμενος,
3186 3244 3375 3313 ὅμοιος
3392 3243 3411 3273 ⁷
3436 3240 3685 3312 ὲὼραται⁸

433 3336 691 3393 nifestum
733 3346 839 3400 est,
885 3335 1201 3406 spectabilis
1252 3335 1449 3404 probat
1487 3347 1548 3388 se
1591 3346 1821 3402 corpore
1852 3331 2017 3385 indu-

437 3440 548 3481 tum
601 3428 790 3482 fuisse.
839 3426 896 3481 Si
945 3425 1183 3480 maxime
1215 3421 1774 3478 demonstrationibus
1825 3434 2021 3489 urgea-

436 3532 560 3570 mur
586 3516 767 3581 fateri,
797 3517 993 3570 animae
1016 3524 1269 3569 naturam
1297 3514 1679 3584 incorpoream
1705 3526 1848 3575 esse,
1878 3510 2020 3565 hanc

434 3608 606 3663 videri
642 3604 1238 3678 [demonstrationem].
1276 3606 1384 3659 Sed
1408 3614 1462 3658 et
1498 3603 1651 3658 dives
1679 3604 1922 3673 punitus,
1966 3611 2021 3656 et

435 3716 641 3770 pauper
675 3699 727 3754 in
756 3700 876 3754 sinu
908 3698 1185 3754 Abraham
1231 3698 1586 3767 requiescens
1614 3706 1742 3751 ante
1770 3696 2020 3750 Salvato-

437 3791 512 3845 ris
550 3792 865 3856 adventum,
904 3799 957 3846 et
992 3801 1121 3843 ante
1161 3787 1692 3842 consummationem
1734 3785 1940 3850 saeculi,
1964 3795 2019 3839 et

434 3893 725 3953 propterea
777 3891 904 3935 ante
948 3880 1432 3943 resurrectionem,
1470 3878 1597 3931 dum
1644 3876 1897 3931 dicuntur
1933 3876 2021 3929 hic

434 3977 654 4046 quidem
674 3977 813 4045 apud
839 3973 1043 4028 inferos
1072 3970 1277 4041 puniri,
1300 3968 1389 4025 ille
1411 3983 1541 4023 vero
1569 3968 1621 4022 in
1647 3966 1766 4023 sinu
1787 3968 2022 4021 Abrahae

436 4071 822 4139 requiescere,
887 4066 1083 4121 docent
1132 4066 1296 4119 etiam
1353 4077 1497 4119 nunc
1557 4072 1679 4131 post
1732 4076 2019 4117 excessum

434 4176 464 4213 e
495 4160 605 4211 vita
657 4159 894 4210 animam
944 4170 1176 4226 corpore
1220 4154 1321 4208 uti.
1380 4155 1461 4209 Ad
1510 4155 1626 4209 haec
1680 4155 1763 4207 vir
1798 4166 2022 4209 sanctus

440 4249 753 4315 respondet,
818 4250 1041 4319 ﬁguram
1103 4248 1267 4302 aliam
1315 4249 1431 4303 visu
1479 4248 1713 4302 similem
1776 4247 2020 4301 sensibili

436 4345 585 4412 huic,
634 4344 873 4398 animam
924 4353 1043 4413 post
1088 4345 1501 4412 emigrationem
1537 4359 1603 4397 ex
1647 4344 1748 4396 hac
1794 4344 1901 4396 vita
1936 4343 2024 4398 ha-

435 4435 595 4497 bere;
662 4434 900 4487 animam
950 4434 1332 4504 incorpoream
1364 4432 1645 4502 professus
1678 4433 1743 4487 ad
1776 4430 2020 4486 Platoni-

2122 3338 2201 3410 τῷ
2229 3339 2319 3393 ὅτε
2347 3338 2446 3410 τὴν
2512 3338 2693 3408 σάρκα
2723 3332 2839 3408 εἶχε
2887 3337 3148 3407 σχήματι.
3201 3329 3362 3401 Εἶτα,
3392 3333 3530 3389 ἀλλὰ
3556 3331 3639 3385 καὶ
3661 3332 3686 3384 ό

2124 3430 2379 3501 Σαμουὴλ
2445 3430 2790 3500 φαινόμενος,
2850 3429 2927 3491 ὡς
2971 3428 3131 3499 δῆλόν
3181 3429 3354 3493 ἐστιν,
3416 3427 3598 3497 ὁρατὸς
3624 3422 3687 3476 ὥν

2124 3524 2453 3594 παρίστησιν
2493 3525 2577 3577 ὅτι
2601 3522 2761 3593 σῶμα
2791 3520 3125 3592 περιέκειτο,
3170 3520 3411 3590 μάλιστα
3433 3518 3526 3572 ὲάν
3551 3519 3684 3583 ἀναγι

2124 3616 2419 3684 Μσθῶμεν
2451 3616 2557 3668 ὑπὸ
2607 3616 2716 3668 τῶν
2745 3612 3075 3679 ἀποδείξεων
3103 3612 3204 3683 τὴν
3258 3612 3451 3665 οὐσίαν
3482 3609 3577 3679 τῆς
3600 3607 3684 3678 ψυο

2124 3710 2225 3779 χῆς
2272 3708 2564 3777 ἀσώματον
2601 3702 2743 3761 εἶναι
2801 3705 2925 3761 καθ’
2972 3705 3175 3776 ἑαυτὴν
3216 3706 3238 3736 ⁹
3298 3698 3681 3774 ἀποφήνασθαι.

2139 3801 2309 3854 ’Λλλὰη
2329 3801 2424 3853 καὶ
2454 3803 2482 3853 ὁ
2516 3798 2882 3869 κολαζόμενος
2934 3796 3190 3860 πλούσιος
3221 3794 3313 3849 καὶ
3340 3796 3369 3848 ό
3404 3796 3462 3847 ὲν
3493 3791 3685 3849 κόλποις

2138 3891 2231 3945 Ἀθ
2241 3891 2388 3961 ραὰμ
2409 3890 2573 3958 πένης
2595 3888 3028 3957 ἀναπαυόμενος,
3049 3886 3155 3956 πρὸ
3181 3885 3281 3955 τῆς
3295 3877 3683 3955 παρουσίαςτοῦ

2126 3981 2380 4051 Σωτῆρος
2413 3980 2508 4034 καὶ
2543 3979 2648 4050 πρὸ
2663 3981 2761 4050 τῆς
2786 3978 2915 4051 [495
2940 3975 3031 4049 H.]
3059 3975 3376 4038 συντελείας
3397 3972 3488 4027 τοῦ
3515 3969 3685 4031 ultimo;

2127 4071 2223 4125 καὶ
2263 4071 2350 4124 διὰ
2389 4070 2546 4124 τοῦτο
2568 4071 2674 4142 πρὸ
2710 4071 2810 4141 τῆς
2836 4070 3209 4131 ἀναστάσεως,
3230 4066 3512 4136 λεγόμενοι
3541 4064 3568 4114 ὁ
3599 4062 3677 4131 μὲν

2126 4164 2185 4216 ὲν
2212 4161 2340 4233 ᾅδου
2364 4162 2753 4228 κολάζεσθαι,ὁ
2768 4161 2825 4214 δὲ
2851 4162 2908 4214 ὲν
2924 4159 3144 4221 κόλποις
3160 4157 3415 4229 ’Δὸραάμ
3440 4151 3682 4209 ἀναπαύε-

2129 4250 2271 4315 σθαι,
2334 4250 2677 4304 διδάσκουσιν
2718 4250 2801 4303 ὅτι
2846 4250 2942 4303 καὶ
2998 4247 3090 4301 νῦν
3117 4248 3160 4278 ¹⁰
3179 4250 3246 4317 τῇ
3280 4245 3564 4313 ἀπαλλαγῇ
3598 4240 3681 4292 alb-

2131 4360 2262 4413 ματι
2293 4343 2545 4412 χρῆταιή
2573 4342 2742 4414 ψυχή.
2774 4340 2922 4412 Πρὸς
2953 4340 3129 4394 ταῦτα
3151 4342 3179 4393 ό
3214 4340 3370 4407 ἅγιος
3405 4338 3526 4392 τῶδε
3552 4332 3679 4404 φησί·

2128 4435 2322 4506 Σχῆμα
2346 4435 2474 4489 ἄλλο
2503 4434 2749 4505 ὁμοειδὲς
2767 4436 2808 4466 ¹¹
2830 4433 2909 4505 τῷ
2935 4431 3181 4503 αἰσθητῷ
3208 4432 3386 4501 τούτῳ
3434 4429 3564 4497 μετά
3600 4427 3683 4493 τὴν

436 4542 553 4580 cam
606 4522 718 4580 fere
762 4525 1029 4579 rationem
1080 4525 1295 4580 delinit.
1326 4523 1465 4577 Dum
1514 4522 1658 4579 enim
1708 4522 1842 4578 dicit
1873 4523 2012 4578 illam

2128 4528 2377 4582 ἐντεῦθεν
2402 4527 2668 4597 ἐκδημίαν
2693 4527 2839 4598 ἔχειν
2864 4525 3233 4595 ἐκτιθέμενος,
3256 4523 3353 4595 τὴν
3374 4520 3545 4593 ψυχὴν
3562 4515 3685 4571 ἀσώ-

436 4626 560 4682 post
588 4631 872 4671 excessum
904 4631 970 4669 ex
1017 4616 1117 4670 hac
1152 4617 1262 4669 vita
1293 4614 1540 4669 vehiculo
1572 4628 1733 4683 egere
1758 4624 1814 4669 et
1848 4623 2012 4680 veste,

2131 4639 2299 4691 ματον
2340 4619 2445 4673 ὑπό
2470 4637 2522 4672 τι
2544 4618 2907 4684 Πλατωνικῶς
2958 4618 3325 4688 ἀποφαίνεται
3352 4616 3540 4685 αὐτήν.
3573 4608 3680 4662 Τὸ¹¹

434 4723 499 4763 eo
548 4708 691 4778 quod
744 4710 884 4761 nuda
938 4707 1322 4775 comprehendi
1382 4706 1621 4761 tenerive
1669 4720 1772 4759 non
1821 4710 2012 4777 possit,

2126 4713 2235 4781 γὰρ
2274 4713 2368 4764 καί
2398 4713 2535 4779 μετά
2570 4709 2666 4779 τὴν
2695 4709 2802 4761 ἀπὸ
2826 4707 2920 4761 τοῦ
2950 4708 3154 4778 κόσμου
3196 4706 3549 4775 ἀποφοίτησιν
3574 4697 3683 4768 ὀχή-

435 4802 707 4870 quomodo
750 4817 877 4872 ergo
908 4816 1001 4870 per
1043 4816 1101 4855 se
1133 4816 1239 4854 non
1269 4800 1344 4853 sit
1368 4800 1733 4870 incorporea?
1762 4797 1899 4854 Cum
1927 4817 2012 4855 au-

2131 4820 2299 4873 ματος
2355 4801 2523 4871 αὐτὴν
2553 4799 2762 4854 δεῖσθαι
2792 4801 2885 4853 καὶ
2936 4798 3233 4870 περιϐολῆς
3292 4797 3491 4865 λέγειν,
3539 4787 3678 4853 ὡςοῦ

438 4911 545 4956 tem
574 4901 903 4969 incorporea
955 4899 1048 4962 sit,
1092 4898 1369 4967 quomodo
1395 4913 1502 4951 non
1535 4911 1737 4968 expers
1773 4896 1878 4950 erit
1906 4892 2012 4965 [per

2126 4895 2434 4966 δυναμένην
2483 4893 2887 4964 κατασχεθῆναι
2947 4891 3183 4963 γυμνὴν,
3242 4890 3358 4954 πῶς
3378 4891 3475 4942 οὐκ
3500 4886 3560 4941 ἂν
3579 4878 3679 4937 καθ’

435 4989 517 5063 se]
595 4990 936 5060 passionum,
1020 5004 1114 5043 seu
1170 4988 1465 5042 dolorum?
1516 4989 1821 5043 Comitatur
1874 4988 2012 5041 enim

2130 4989 2329 5058 ἑαυτὴν
2374 4987 2665 5055 ἀσώματον
2694 4986 2738 5018 ¹³
2790 4986 2916 5053 ein;
2967 4984 3097 5056 [952
3142 4982 3235 5055 H.]
3319 4971 3679 5051 Ἀσὼμαωςδὲ

436 5084 631 5150 ipsam,
686 5084 730 5138 si
768 5082 1086 5155 incorporea
1138 5080 1231 5145 sit,
1267 5081 1341 5132 uti
1389 5095 1487 5134 nec
1524 5081 1654 5149 pati,
1708 5096 1805 5134 nec
1840 5079 2012 5132 teneri

2132 5078 2267 5135 οὖσα
2330 5079 2447 5143 πῶς
2514 5078 2615 5131 οὐκ
2658 5078 2812 5131 ἔσται
2847 5077 2889 5107 ¹⁸
2939 5078 3033 5130 καὶ
3084 5074 3430 5137 ἁνεπίδεκτος
3480 5065 3677 5124 mean;

434 5175 628 5243 possit.
664 5173 808 5244 Ergo
849 5175 891 5226 si
925 5172 1370 5240 concupiscentia
1413 5171 1717 5226 irrationali
1764 5170 1905 5223 nulla
1940 5186 2012 5222 ra-

2131 5174 2416 5228 ἀκολουθεῖ
2473 5174 2581 5242 γὰρ
2611 5172 2690 5241 τῷ
2719 5171 3012 5238 ἀσώματον
3078 5170 3249 5240 αὐτὴν
3296 5169 3552 5237 ὑπάρχειν
3602 5157 3679 5244 ml

441 5267 586 5321 tione
625 5265 726 5320 fuit
756 5275 921 5329 tacta,
986 5280 1159 5331 neque
1197 5265 1443 5331 corporis
1475 5263 1707 5318 dolentis
1738 5264 2012 5332 patientis-

2132 5270 2191 5320 τὸ
2252 5268 2436 5337 ἀπαθῆ
2480 5262 2618 5318 εἶναι
2676 5266 2770 5318 καὶ
2822 5266 3262 5335 ἀπερίσπαστον.
3324 5263 3387 5315 Εἰ
3444 5258 3539 5328 μὲν
3602 5243 3678 5302 οὖν

504 5401 532 5440 ά
566 5402 698 5457 Luc.
735 5418 850 5466 ενι,
879 5402 971 5467 27,
1007 5401 1097 5455 28.

1744 5491 1979 5548 VARI/13
2016 5492 2421 5549 LECTIONES.

511 5614 556 5645 9"
582 5612 765 5683 αὐτῷν
788 5613 838 5665 ’Β
870 5630 931 5677 ς’.
978 5680 1002 5683 _
1026 5610 1071 5642 ⁹⁶
1093 5611 1589 5681 Ναϐουχοδονόσωρ
1610 5610 1675 5664 Α.
1753 5609 1797 5640 ⁸⁷
1846 5610 2132 5683 Ἀσυρίους
2155 5613 2216 5665 Α.
2304 5613 2349 5643 ⁸⁸
2373 5611 2491 5683 τοῦ]
2516 5611 2624 5663 τῶν
2661 5612 2735 5683 Β.Δ
2801 5614 2851 5644 ⁹⁹
2881 5607 3285 5683 Οὐεσπεσιανοῦ
3436 5605 3476 5683 μ’
3508 5600 3675 5683 Σώῖξοξ

440 5682 481 5733 Β
506 5664 599 5749 gn
644 5664 1037 5737 ³δὲ3ι1ι1ίᾉΒ.
1116 5684 1137 5713 ³
1166 5664 1568 5753 ἁπλουστέρων⁵
1596 5693 1651 5736 et
1686 5694 1827 5749 mox,
1850 5664 2257 5753 ἁκριὲὄεστῖἑρων
2298 5683 2388 5735 ΑΒ
2462 5664 2737 5752 ’δ’τούτων]
2773 5664 2953 5736 malim
2985 5682 3164 5738 τοῦτο.
3216 5682 3262 5725 η⁵
3299 5675 3566 5753 ἀνᾲκλιςιν
3595 5664 3673 5753 BD:

441 5731 461 5733 ν
515 5731 565 5749 ν
705 5731 1036 5737 ηην
1486 5731 1548 5735 --.
1602 5731 1648 5736 --
2298 5731 2382 5735 ,,--
2521 5731 2704 5735 ηπ--.
2996 5731 3164 5738 ,,,,-,

440 5754 739 5821 ἀνάκλησιν
766 5770 827 5816 ς.
917 5754 938 5784 ⁸
961 5754 1038 5822 τῷ
1062 5764 1186 5807 ante
1213 5753 1385 5823 γηΐνῳ
1406 5731 1527 5807 κᾶιι.
1563 5753 1673 5805 AB.
1752 5752 1771 5780 ⁷
1808 5731 2099 5823 ἱστορεῖται
2121 5731 2393 5822 λ-ὃμοιος
2424 5752 2513 5806 AB
2554 5772 2566 5806 :
2603 5731 2885 5824 ἱστόρηται
2910 5785 2979 5794 -
3003 5753 3208 5855 ὁμοίως
3236 5767 3296 5814 ς.
3374 5750 3395 5782 ⁸
3426 5745 3598 5819 ὁρᾶται
3624 5731 3674 5783 B'

442 5823 463 5851 υ
488 5823 608 5855 an“.
644 5822 862 5855 ἔκηε-4ου]
890 5823 1008 5855 “lari
1052 5826 1141 5855 ευρ-δ
1176 5823 1379 5855 *κείς-νη.
1480 5824 1522 5854 ίθ
1556 5825 1643 5855 «lon
1681 5820 1800 5855 u:\u1
1830 5824 1936 5855 ίηηι
1970 5825 2057 5855 ηαδ
2096 5828 2152 5855 ἓ..
2183 5826 2261 5855 nul
2292 5826 2393 5855 υμῖιυ
2495 5827 2535 5855 Ii
2569 5825 2864 5855 [nonnae-£11;-
2900 5842 2937 5855 ιι.
3062 5826 3081 5855 Ι
3108 5839 3173 5855 nn
3220 5821 3337 5855 ιιι-,τιν
3414 5819 3452 5851 ιδ
3485 5808 3674 5855 timiﬂlﬂ'

442 5823 463 5851 ³¹
488 5823 608 5897 καθ’
640 5816 863 5897 ἑαυτήν]
890 5816 1147 5897 ίίιηνίἠκαὶ
1176 5816 1399 5897 ταυτην.
1443 5824 1522 5897 ιν¹⁰
1556 5825 1649 5877 καὶ
1681 5820 1800 5891 νῦν]
1830 5816 1939 5878 into
1970 5825 2062 5877 καὶ
2096 5828 2152 5879 ὲν
2183 5816 2263 5881 vel
2292 5826 2413 5877 κὰν.
2495 5827 2535 5855 “
2568 5816 2864 5892 όμοιοέιδές
2899 5842 2957 5887 ς’.
3039 5816 3081 5855 δ’
3108 5839 3173 5878 an
3220 5821 3337 5891 τῷἳ
3414 5816 3675 5878 “ﬁctili”?

442 5906 533 5953 τος
558 5891 599 5944 Β
622 5902 676 5947 et
700 5891 940 5947 corrfA.
1020 5892 1062 5922 ”
1089 5892 1264 5962 ἔσται]
1293 5895 1356 5945 ἄν
1390 5893 1498 5948 ΑΒ.
