3954 6440
230 465 368 537 1137

1260 472 1790 534 BIBLIOTHECA.
1817 494 1887 507 -
1921 470 2086 531 COD.
2122 469 2442 531 CCXXXV.

3346 463 3484 546 1138

220 581 333 638 ὑπὸ
386 582 583 650 ἀλόγου
622 581 683 635 οὐ
746 581 1069 653 παρείλκετο
1106 584 1243 647 ὂλως
1303 583 1622 654 ἐπιθυμίας,
1681 582 1801 635 οὐδὲ

1929 596 2011 652 [ue
2052 595 2213 637 sensu
2257 580 2367 634 ullo
2401 578 2501 633 fuit
2536 587 2701 643 tacta,
2736 577 2883 648 (nam
2928 576 3307 659 incorporeum
3350 593 3487 644 quo-

218 673 707 746 συμμετεϐάλλετο
737 673 993 742 ἀλγοῦντι
1055 678 1148 729 καὶ
1178 676 1537 747 πάσχοντιτῷ
1589 674 1803 745 σώματι

214 767 537 838 (ἀσώματον
588 765 700 837 γάρ
752 766 1027 837 σώματιῆ
1077 767 1239 838 σῶμα
1291 768 1569 839 ἀσωμάτῳ
1613 768 1714 821 οὐκ
1740 767 1805 821 ἀν

210 872 352 910 ποτε
399 856 736 927 συμπάθοι),
794 853 925 928 qv"
979 858 1047 911 ἂν
1101 858 1393 929 ἀσώματον
1438 859 1588 925 δόξαι
1637 858 1806 927 αὐτὴν

211 947 534 1013 ἀκολούθως
594 949 708 1013 τοῖς
758 950 1094 1021 εἰρημένοις.
1128 950 1193 1004 El
1242 952 1299 1005 δὲ
1363 951 1677 1022 συμπάσχοι
1729 950 1807 1021 τῷ

213 1038 459 1111 σώματι,
518 1040 770 1110 καθάπερ
797 1043 890 1095 καὶ
913 1041 1000 1095 διὰ
1033 1042 1134 1112 τῆς
1168 1045 1665 1115 ἐπιμαρτυρήσεως
1698 1043 1806 1094 τῶν

212 1131 567 1201 φαινομένων
615 1132 1027 1196 ἀποδείκνυται,
1073 1134 1364 1205 ἀσώματος
1386 1132 1529 1187 εῖναι
1550 1134 1610 1186 ού
1643 1133 1805 1187 δύνα-

213 1239 331 1276 ται.
375 1221 441 1277 Ἥ
463 1223 595 1290 γοῦν
624 1224 887 1292 ἀγένητος
915 1225 966 1256 ¹⁶
1001 1226 1093 1279 καὶ
1125 1227 1377 1297 ἀνενδεὴς
1401 1227 1498 1279 καὶ¹
1520 1227 1809 1297 ἀκάματος

221 1316 389 1386 φύσις
415 1316 443 1369 ὁ
475 1318 610 1381 Θεὸς
656 1318 814 1387 μόνος
848 1318 1056 1389 ᾅδεται,
1107 1320 1405 1390 ἀσώματος
1441 1320 1537 1385 ῶν,
1581 1320 1663 1374 διὸ
1716 1322 1811 1374 καὶ

225 1409 478 1479 ἀόρατοςο
499 1408 631 1463 Θεὸν
648 1409 757 1480 γὰρ
776 1410 949 1474 οὐδεὶς
971 1411 1235 1483 ἑώρακεν.
1263 1413 1330 1465 Ai
1352 1413 1409 1466 δὲ
1434 1396 1606 1483 ψυχαὶ
1637 1413 1741 1466 ὑπὸ
1766 1415 1809 1445 ¹⁷

220 1500 319 1554 τοῦ
348 1500 696 1570 Δημιουργοῦ
742 1502 836 1554 καὶ
877 1502 1090 1573 Πατρὸς
1117 1502 1224 1556 τῶν
1248 1503 1406 1567 ὅλων,
1435 1501 1665 1573 σώματα
1695 1521 1810 1556 νοε-

221 1589 299 1659 ρὰ
324 1589 686 1661 ὑπάρχουσαι,
712 1592 794 1655 εἰς
821 1590 964 1662 λόγῳ
994 1590 1245 1663 θεωρητά
1263 1592 1399 1662 μέλη
1413 1591 1812 1664 διακεκόσμην-

215 1698 338 1746 ται,
365 1681 569 1751 ταύτην
601 1681 861 1737 λαϐοῦσαι
907 1683 1008 1755 τὴν
1036 1683 1387 1738 διατύπωσιν.
1419 1683 1582 1737 Ὅθεν
1631 1684 1723 1738 καὶ
1752 1686 1810 1737 ἐν

215 1774 307 1845 τῷ
328 1774 453 1849 ᾄδῃ,
485 1774 736 1850 καθάπερ
752 1778 845 1831 καὶ
874 1778 973 1833 ἐπὶ
1002 1778 1098 1833 τοῦ
1121 1779 1373 1851 Λαζάρου
1400 1780 1495 1832 καὶ
1525 1779 1617 1832 τοῦ
1647 1780 1811 1832 πλου-

219 1868 370 1928 σίου,
391 1869 485 1923 καὶ
511 1868 767 1937 γλῶσσαν
809 1870 903 1923 καὶ⁵
957 1870 1223 1924 δάκτυλον
1253 1873 1349 1924 καὶ
1375 1870 1444 1924 τὰ
1473 1870 1608 1924 ἄλλα
1671 1870 1809 1941 μέλη

1909 674 2067 727 modo
2096 673 2341 741 corporis
2370 686 2557 736 sensu,
2590 680 2681 724 aut
2703 684 2906 738 corpus
2945 667 3251 737 incorporei
3286 667 3483 723 affectu

1909 764 2223 835 tangatur?)
2257 764 2503 833 sequitur
2548 762 2938 816 convenienter
2995 759 3270 829 praedictis
3305 770 3359 812 ut
3398 761 3484 813 in-

1908 872 2167 927 corporea
2200 870 2321 911 esse
2354 855 2623 909 videatur.
2663 854 2719 907 Si
2770 862 2951 908 autem
2983 868 3105 908 cum
3132 866 3357 921 corpore
3389 866 3485 921 pa-

1912 952 2096 1015 tiatur,
2130 948 2584 1017 quemadmodum
2615 946 2812 1016 301b
2850 958 2917 997 ex
2984 944 3052 998 iis
3091 943 3181 1012 qui
3221 958 3492 1012 apparue-

1909 1052 2036 1096 runt
2090 1042 2495 1110 coxnprobatur,
2566 1040 2883 1106 incorporea
2938 1052 3060 1091 esse
3121 1052 3223 1090 non
3286 1044 3487 1103 potest.

1912 1131 2053 1201 Ergo
2077 1131 2225 1185 solus
2265 1130 2405 1183 Deus
2449 1140 2639 1183 natura
2674 1129 2934 1198 ingenita,
2971 1126 3171 1181 nullius
3214 1128 3486 1197 indigens,

1909 1234 1964 1277 et
2009 1223 2277 1276 indefessa
2340 1238 2439 1276 nec
2490 1221 2782 1289 fatigahilis
2833 1222 3180 1290 praedicatur,
3214 1220 3331 1288 qui,
3369 1234 3491 1271 cum

1910 1314 2263 1382 incorporeus
2291 1314 2382 1379 sit,
2410 1322 2695 1381 propterea
2721 1321 2805 1365 est
2829 1311 3135 1364 invisibilis.
3160 1310 3326 1363 Deum
3348 1312 3491 1362 enim

1912 1422 2071 1461 nemo
2104 1406 2270 1471 vidit;
2306 1406 2499 1458 animae
2531 1421 2659 1457 vero
2692 1403 2805 1473 (79)
2849 1420 2875 1457 a
2914 1404 3075 1456 Patre
3114 1402 3491 1455 universorum

1910 1513 2138 1566 corpora
2156 1497 2441 1552 rationalia
2458 1498 2708 1559 conditae,
2729 1498 2778 1550 in
2800 1498 3039 1550 membra
3071 1498 3282 1551 ratione
3313 1497 3494 1566 pert-i-

1914 1587 2108 1655 pienda
2137 1595 2459 1653 exornatae,
2484 1587 2623 1640 hanc
2663 1588 2890 1657 ﬁguram
2945 1597 3271 1655 acceperunt
3311 1589 3498 1641 :unde

1914 1676 2054 1743 apud
2103 1674 2328 1743 inferos,
2370 1685 2429 1730 ut
2478 1678 2532 1733 in
2566 1676 2774 1731 Lazaro
2823 1686 2878 1732 et
2924 1679 3090 1732 divite
3126 1677 3233 1749 [est
3283 1678 3491 1751 videre]

1916 1767 2177 1839 linguam,
2222 1779 2278 1826 et
2304 1770 2553 1841 digitum,
2592 1780 2647 1825 et
2666 1770 2769 1824 alia
2803 1774 3045 1824 membra
3078 1772 3278 1826 habere
3308 1772 3499 1825 dicun-

1920 1870 2026 1928 tur,
2066 1877 2171 1917 non
2223 1865 2369 1935 quod
2425 1863 2661 1918 alienum
2718 1879 2918 1931 corpus
2949 1881 3071 1919 cum
3125 1865 3234 1918 illis
3272 1866 3502 1919 exsistat

221 1959 572 2031 ἱστοροῦνται
615 1958 782 2030 ἔχειν,
827 1961 926 2031 οὐχ
957 1961 1033 2023 ὡς
1056 1960 1308 2031 σώματος
1331 1962 1519 2032 ἐτέρου
1540 1961 1812 2030 συνυτιιάιρ⁶

1929 1954 2172 2021 informe,
2203 1957 2295 2011 sed
2328 1956 2473 2025 quod
2510 1957 2640 2025 ipsae
2670 1956 2886 2023 anima,
2921 1958 2987 2009 ah
3013 1956 3156 2010 omni
3187 1965 3501 2022 tegumento

220 2068 419 2121 χοντος
442 2052 633 2114 αὑταῖς
658 2050 892 2117 ἀειδοῦς,
917 2052 1030 2105 ἀλλ’
1062 2055 1144 2106 ὅτι
1185 2052 1346 2106 αὑταὶ
1368 2053 1412 2085 ³⁸
1439 2052 1598 2122 φύσει
1624 2054 1681 2106 αἱ
1706 2052 1812 2121 ψυ-

219 2144 347 2215 χαὶ,
369 2145 569 2207 παντὸς
604 2145 1085 2216 ἀπογυμνωθεῖσαι
1113 2145 1540 2217 περιϐλήματος.
1567 2145 1811 2200 τοιαῦται

222 2236 373 2290 κατὰ
398 2236 496 2309 τὴν
527 2236 718 2291 οὐσίαν
745 2239 1102 2309 ὑπάρχουσιν.

316 2330 440 2384 Ὀτι
468 2331 633 2403 φησιν
667 2334 696 2387 ὁ
720 2332 873 2402 ἆγιος
900 2336 957 2387 ὲν
978 2334 1312 2395 τέλει,”Ωστε
1342 2336 1422 2401 τὸ,
1448 2336 1549 2387 Διά
1574 2334 1748 2388 τοῦτο
1771 2336 1812 2366 ¹⁹

226 2422 488 2491 Χριστὸς
541 2425 826 2493 ἀπέθανε,
883 2425 1203 2497 λεγόμενον,
1259 2428 1362 2481 ἵνα
1434 2426 1666 2487 ζώντων
1716 2427 1815 2481 καὶ

219 2516 463 2585 νεκρῶν
503 2519 823 2588 κυριεύσῃ,
864 2520 959 2573 ἐπὶ
1018 2520 1128 2575 τῶν
1183 2520 1373 2592 ψυχῶν
1417 2520 1514 2576 καὶ
1558 2521 1654 2575 ἐπὶ
1705 2522 1814 2575 τῶν

217 2608 506 2677 σωμάτων
555 2609 967 2680 παραληπτέον,
1024 2611 1245 2677 ζώντων
1293 2611 1393 2683 μὲν
1441 2612 1552 2667 τῶν
1600 2613 1809 2684 ψυχῶν,

214 2700 371 2754 καθὸ
400 2701 679 2765 ἀθάνατοι,
715 2703 924 2775 νεκρῶν
958 2704 1016 2759 δὲ
1049 2704 1159 2758 τῶν
1184 2706 1476 2775 σωμάτων.

308 2792 435 2848 Ὀτι
481 2795 530 2848 εί
584 2796 914 2869 τιμιώτερον
944 2796 1106 2868 σῶμα
1138 2796 1429 2869 ἀνθρώπου
1478 2797 1586 2851 τῶν
1636 2798 1816 2853 ἀλλων

214 2885 414 2952 ζῴων,
446 2887 530 2940 ὅτι
547 2888 701 2959 χερσί
729 2906 789 2943 τε
826 2888 959 2943 Θεοῦ
990 2889 1212 2956 λέγεται
1246 2889 1561 2943 πεπλάσθαι
1605 2889 1699 2944 καὶ
1733 2890 1815 2945 ὅτι

215 2978 561 3050 τιμιωτέρου
602 2981 702 3051 τῆς
753 2981 993 3053 ψυχῆς¹⁰
1026 2981 1328 3051 τετύχηκεν
1370 2982 1647 3053 ὀχήματος
1670 2983 1813 3045 IL".

216 3068 354 3132 πῶς
382 3069 539 3123 τοῦτο
568 3070 667 3141 μὲν
682 3070 1070 3142 ὀλιγοχρόνιον,
1106 3071 1315 3137 ἀλόγων
1347 3071 1404 3125 δέ
1437 3088 1598 3124 τινων
1636 3070 1817 3143 πολλῷ

220 3159 795 3233 πολυχρονιώτεραςῆ
824 3161 983 3229 δῆλον
1013 3162 1090 3225 ώς
1130 3164 1164 3232 ὴ
1196 3160 1391 3215 τούτου
1460 3161 1816 3235 πολυχρόνιος

224 3252 473 3324 ὓπαρξις
502 3252 643 3325 μετά
669 3253 768 3325 τὴν
792 3254 1091 3309 ἀνάστασιν
1123 3252 1299 3308 ἔσται.

956 3519 1127 3575 ΣΛΕ’.

234 3608 356 3665 Τοῦ
386 3608 572 3665 αὐτοῦ
608 3610 741 3679 περὶ
773 3608 893 3664 τῶν
920 3609 1188 3713 rer-anr
1215 3611 1442 3681 ἐκλογὴ
1484 3610 1636 3666 κατὰ
1673 3612 1826 3666 σύν-

951 3698 1119 3749 οψιν.

324 3767 667 3839 Ἀνεγνώσθη
705 3769 771 3824 ἐκ
800 3770 896 3824 τοῦ
954 3772 1112 3840 ἁγίου
1163 3772 1445 3842 μάρτυρος
1490 3771 1755 3825 Μεθοδίου
1782 3773 1829 3803 ⁸³

231 3863 337 3914 καὶ
366 3862 673 3915 ἐπισκόπου
695 3862 792 3916 τοῦ
828 3863 958 3934 περὶ
994 3863 1104 3917 τῶν
1135 3863 1382 3935 γενητῶν
1403 3865 1471 3929 ’⁵,
1494 3864 1695 3934 ἐκλογὴ
1728 3881 1828 3917 κα-

238 3971 271 4006 τ
282 3954 318 4006 ὰ
336 3952 579 4025 σύνοψιν.

318 4046 440 4101 Ὅτι
467 4048 551 4113 τὸ,
582 4047 679 4116 Μὴ
709 4048 946 4116 βάλητε
963 4049 1008 4081 ⁸⁸
1034 4047 1102 4101 τὸ
1127 4048 1300 4120 ἅγιον
1330 4049 1456 4116 τοῖς
1481 4051 1649 4117 κυσὶ,
1675 4050 1833 4121 μηδὲ

232 4138 389 4206 τοὺς
428 4141 790 4209 μαργαρίτας
838 4138 1009 4211 ὑμῶν·
1052 4140 1399 4210 ἔμπροσθεν
1425 4142 1545 4195 τῶν
1580 4144 1827 4213 χοίρων,

1920 2046 2134 2101 nudatae
2186 2064 2284 2117 per
2326 2063 2386 2102 se
2432 2059 2623 2103 natura
2662 2065 2755 2102 sua
2794 2049 3087 2103 secundum
3137 2050 3499 2102 substantiqu

1922 2138 2057 2193 tales
2084 2141 2215 2193 sint.

1996 2322 2159 2375 Addit
2206 2323 2255 2374 in
2289 2323 2393 2375 line
2440 2324 2523 2376 vir
2556 2334 2802 2387 sanctus,
2840 2324 2971 2380 illud
3019 2325 3221 2381 dictum
3257 2344 3271 2379 :
3314 2326 3378 2380 In
3409 2328 3503 2383 hoc

1924 2414 2166 2467 Christus
2203 2425 2443 2469 mortuus
2474 2426 2554 2470 est
2583 2426 2639 2470 ut
2676 2418 2910 2472 vivorum
2942 2428 2991 2473 et
3040 2429 3371 2472 mortuorum
3400 2425 3504 2474 do-

1925 2508 2153 2561 minetur
2188 2519 2236 2571 °,
2269 2508 2336 2562 de
2374 2510 2656 2563 animabus
2687 2521 2739 2563 et
2772 2511 3103 2579 corporibus
3131 2512 3503 2581 accipiendum

1924 2614 2068 2664 esse,
2112 2600 2250 2653 vivis
2290 2600 2494 2656 scilicet
2532 2601 2841 2665 animabus,
2866 2608 3053 2671 utpote
3082 2603 3503 2673 immortalibus,

1926 2691 2152 2745 mortuis
2180 2708 2307 2747 vero
2332 2694 2674 2763 corporibus.

1996 2781 2148 2850 Quod
2182 2783 2227 2837 si
2251 2783 2361 2855 (80)
2390 2799 2586 2851 corpus
2607 2784 2899 2839 humanum
2924 2785 3166 2840 omnium
3192 2785 3507 2840 animalium

1923 2873 2150 2929 aliorum
2201 2877 2523 2945 corporibus
2571 2887 2655 2931 est
2697 2876 2951 2942 nobilius,
2996 2877 3121 2947 quia
3175 2878 3344 2948 ipsius
3399 2877 3496 2933 Dei

1927 2968 2182 3023 manibus
2228 2967 2572 3023 elIormatum
2606 2978 2662 3023 et
2700 2969 2980 3024 rationalis
3008 2971 3204 3025 anima:
3242 2979 3510 3040 praestan-

1927 3059 2035 3113 tius
2093 3057 2394 3113 vehiculum
2457 3077 2471 3113 :
2522 3058 2793 3129 quomodo
2862 3057 2965 3112 hoc
3027 3063 3135 3111 tam
3195 3057 3375 3113 brevis
3422 3064 3511 3111 est

1924 3151 2047 3214 aevi,
2085 3163 2208 3204 cum
2251 3150 2415 3203 multa
2476 3150 2793 3204 animalium
2833 3149 3232 3204 irrationalium
3275 3164 3505 3219 corpora

1926 3242 2037 3296 sint
2088 3243 2191 3297 hoc
2241 3242 2411 3296 multo
2469 3243 2733 3311 longioris
2776 3243 2944 3297 Viue?
2992 3243 3334 3297 Manifestum
3370 3258 3502 3313 ergo

1928 3333 2071 3387 illius
2120 3334 2484 3387 substantiam
2533 3344 2654 3404 post
2699 3336 3161 3390 resurrectionem
3212 3335 3508 3405 longaeVam

1930 3426 2068 3498 [sive
2100 3426 2386 3499 aeternam]
2420 3427 2555 3482 fore.

2570 3518 2878 3576 CCXXXV.

2039 3613 2123 3666 Ea:
2149 3614 2281 3666 libro
2310 3616 2478 3668 sancti
2526 3613 2786 3667 Methodii
2818 3616 2879 3669 de
2908 3616 3098 3670 creatis
3131 3629 3397 3687 excerpta.

2002 3771 2128 3843 Legi
2152 3788 2181 3826 e
2202 3781 2393 3827 sancto
2419 3772 2696 3828 Methodio
2713 3774 2967 3843 episcopo
2991 3784 3228 3846 martyre
3256 3791 3351 3845 per
3364 3792 3515 3831 com-

1930 3863 2182 3934 pendium
2215 3874 2469 3935 excerpta
2498 3866 2565 3920 de
2587 3866 2787 3937 genitis
2816 3882 2911 3922 seu
2942 3869 3155 3922 creatis.

2003 4055 2136 4111 Illud
2174 4054 2374 4111 Christi
2419 4071 2435 4109 :
2476 4055 2659 4112 Nolite
2705 4057 2962 4127 projicere
2997 4070 3234 4113 sanctum
3278 4059 3517 4129 canibus,

1936 4166 2097 4218 neque
2110 4150 2633 4219 margaritasvestras
2646 4160 2766 4205 ante
2782 4167 2963 4214 porcos
2986 4151 3030 4219 ¹;
3048 4153 3183 4206 dixit
3201 4155 3521 4222 margaritas

236 4232 599 4305 μαργαρίτας
634 4233 732 4301 μὲν
761 4232 856 4287 τοῦ
900 4232 1131 4298 ξενῶνος
1157 4234 1203 4265 ’⁸
1222 4235 1302 4287 τά⁹
1320 4234 1705 4307 μυστικώτερα
1732 4237 1814 4303 τῆς

1935 4256 2059 4297 esse
2084 4257 2179 4298 eos
2216 4242 2308 4312 qui
2340 4243 2392 4296 in
2420 4242 2662 4296 Ecclesia
2697 4243 2968 4297 sanctiora
3008 4245 3203 4299 divinae
3243 4246 3522 4315 religionis

232 4324 531 4379 θεοσδότου
586 4323 886 4395 θρησκείας
945 4321 1385 4394 ἐκλαμϐάνοντος
1406 4326 1452 4358 ’⁷
1506 4327 1809 4397 μαθήματα

1935 4332 2199 4403 mySteria
2234 4331 2496 4401 capiunt:
2527 4347 2720 4402 porcos
2755 4348 2906 4399 vero,
2938 4334 3027 4402 qui
3061 4334 3284 4389 inomni
3323 4350 3523 4406 genere

231 4416 468 4488 χοίρους
505 4414 566 4469 δὲ
615 4418 746 4479 τοὺς
786 4413 875 4469 ἔτι
908 4414 1137 4488 ἀσεϐείᾳ
1190 4415 1287 4469 καὶ
1315 4416 1531 4488 ἡδοναῖς
1584 4414 1715 4489 [494
1739 4416 1814 4471 Ηέ

1938 4423 2238 4494 impietatis
2267 4433 2323 4478 et
2344 4423 2632 4493 voluptatis
2675 4424 2841 4479 veluti
2874 4426 3022 4495 porci
3056 4427 3106 4479 in
3149 4441 3309 4481 emno
3338 4428 3517 4483 adhuc

232 4507 535 4573 παντοίαις
563 4506 721 4578 δίκην
750 4506 952 4578 χοίρων
981 4508 1040 4561 ἐν
1080 4505 1326 4578 βορϐόρῳ
1376 4506 1814 4579 καλινδουμένοω

1937 4516 2251 4571 volutantur
2294 4517 2429 4587 (81).
2462 4515 2588 4583 His,
2633 4517 2832 4587 inquit,
2867 4534 2896 4570 a
2923 4516 3141 4571 Christo
3182 4519 3382 4573 dictum
3440 4529 3524 4574 est

241 4598 485 4676 (τούτοις
508 4598 618 4670 γὰρ
640 4598 895 4671 εἰρῆσθαι
923 4598 1078 4671 παρά
1106 4598 1347 4670 Χριστοῦ
1372 4598 1525 4667 ἔλεγε
1546 4599 1622 4670 μὴ
1648 4617 1814 4671 παρα-

1944 4618 2049 4655 non
2107 4617 2227 4658 esse
2279 4603 2522 4658 caelestia
2573 4605 2833 4676 mysteria
2889 4605 3004 4673 (8‘2)
3058 4606 3412 4676 projicienda,
3457 4624 3524 4664 eo

244 4660 437 4745 ϐαλεῖν
571 4660 1050 4764 θεῖα-μαθήματα,
1080 4660 1170 4746 διά
1200 4692 1261 4746 τὸ
1295 4693 1370 4765 μὴ
1402 4660 1663 4746 δύνασθαι
1695 4660 1814 4745 αῦτέ

1945 4695 2089 4762 quod
2129 4695 2245 4749 haec
2296 4710 2492 4763 capere
2542 4712 2646 4750 non
2680 4696 2908 4766 possint,
2952 4698 3117 4752 veluti
3149 4700 3444 4768 impietatis
3470 4712 3526 4756 et

246 4784 465 4855 φέρειν,
484 4786 576 4840 ἆτε
598 4787 665 4857 τῇ
686 4784 916 4857 ἀσεϐείᾳ
935 4784 1031 4838 καὶ¹
1054 4787 1177 4848 ταῖς
1205 4785 1428 4857 ἀγρίαις
1447 4784 1662 4856 ἡδοναῖς
1693 4802 1829 4855 προ-

331 4915 355 4943 ε
388 4903 543 4963 Rom.
580 4924 701 4973 xxv,
725 4909 780 4965 9-
858 4909 879 4948 ¹
912 4908 1105 4964 Matth.
1147 4924 1247 4975 vn,
1279 4908 1333 4963 6.

1942 4784 2077 4839 feris
2109 4783 2337 4842 ftedisve
2375 4786 2745 4855 voluptatibus
2773 4788 2886 4857 jam
2922 4802 3047 4845 ante
3078 4793 3353 4861 occupati.
3394 4796 3526 4848 San-

1564 5000 1794 5057 VARI/E
1828 4999 2242 5056 LECTIONES.

325 5089 369 5124 ¹⁸
398 5084 473 5173 ᾖν
495 5091 624 5173 Ai}:
659 5092 745 5146 ἵνα
784 5110 845 5173 ς3
925 5093 967 5123 ³⁸
999 5093 1296 5173 ἀγέννηῖος
1318 5095 1418 5173 Α...
1537 5092 1673 5173 ῥητά]
1704 5092 1987 5173 Ιίὺτί“ὰπό.
2069 5093 2111 5124 ¹⁸
2146 5093 2310 5173 αὐταί
2345 5093 2438 5173 Λξ
2475 5094 2572 5147 καὶ
2608 5086 2772 5173 nigrai
2818 5110 2878 5158 ς.
2916 5096 3002 5173 _"
3028 5094 3117 5173 διὰ
3132 5094 3332 5173 fovi-Eo]
3366 5095 3524 5150 Rom.

246 5178 276 5213 ι
293 5177 364 5220 Iv.
396 5162 450 5216 9.

538 5163 583 5193 ¹⁰
612 5162 944 5236 τιμιωτέρου
972 5163 1070 5232 τῆς
1098 5163 1301 5236 ψυχῆς.
1327 5232 1337 5236 _
1378 5162 1497 5236 f""
1526 5161 1798 5236 ὀχήματος
1830 5163 1871 5216 Β
1897 5174 1950 5236 et
1983 5178 2127 5216 corr.
2151 5165 2236 5236 AN:
2276 5161 2603 5236 τιμιώτερον
2632 5164 2980 5236 τῆςμὶογικῆς
3014 5163 3214 5236 ψυχῆς.
3251 5161 3433 5236 ὅχήμα
3462 5182 3523 5236 ς.

242 5234 295 5263 ’³
328 5230 593 5286 Μεθοδίου
630 5230 722 5287 καὶ
751 5230 1051 5287 ἐπισκόπου
1080 5230 1216 5287 ABE
1238 5230 1349 5285 καὶ
1384 5230 1689 5287 ἐπισκόπου
1740 5234 2005 5287 Μεθοδίου
2038 5252 2099 5298 ς.
2194 5235 2240 5266 ⁸⁸
2265 5230 2499 5298 γεννητᾶ

240 5304 297 5337 ³⁸
332 5301 427 5355 τοῦ
457 5302 683 5369 ξενῶνος
707 5306 849 5360 delet
878 5310 944 5369 Α,
983 5320 1094 5359 om.
1119 5302 1194 5369 B;
1234 5304 1336 5375 legi
1384 5306 1556 5374 possit
1577 5304 1671 5357 τοῦ
1695 5305 2027 5376 Ὠριγένους.

2194 5234 2541 5318 τιὶγενγιητῶν
2572 5251 2632 5299 ς,
2663 5308 2676 5318 ι
2699 5234 2757 5318 1'
2788 5235 2863 5318 μὴ
2889 5234 3062 5318 βάλλ’
3096 5234 3099 5235 ν
3137 5234 3445 5299 Μλιιῆζνιι,
3470 5234 3523 5291 6.

2109 5306 2155 5342 ’τ
2182 5304 2620 5376 ἐκλαμϐάνοντος
2647 5305 2736 5360 AB
2761 5320 2775 5357 :
2821 5304 3264 5377 ἐκλαμϐάνοντας
3286 5324 3348 5370 ς.

1778 5418 2014 5479 NOTAE.

325 5512 444 5583 (79)
470 5513 638 5569 Error
676 5513 932 5571 Methodii
965 5517 1175 5575 animas
1202 5532 1324 5573 esse
1358 5530 1673 5584 corporeas.

326 5584 445 5655 (80)
476 5586 533 5639 Si
568 5584 714 5655 legas
751 5585 785 5656 ἢ
829 5602 925 5653 pro
948 5587 1019 5649 εί,
1062 5600 1119 5643 ut
1147 5590 1360 5643 videtur
1386 5587 1669 5656 regendum
1720 5601 1840 5655 pro-

240 5664 380 5729 pter
431 5670 690 5725 sequens,
750 5655 930 5726 δῆλον,
981 5659 1117 5715 alius
1166 5672 1357 5715 sensus
1402 5666 1486 5729 est
1518 5672 1531 5708 :
1564 5655 1841 5729 Christus

247 5726 461 5799 dicitur
509 5737 844 5799 mortuorum
892 5729 1008 5781 sive
1067 5743 1356 5799 corporum
1399 5726 1692 5799 Dominus
1743 5737 1839 5780 aut

246 5797 638 5915 quiancorpus
689 5798 981 5851 humanum
1030 5810 1134 5867 est,
1167 5797 1273 5854 aut
1320 5797 1448 5866 quia
1480 5798 1835 5852 manifestum

249 5876 335 5915 est
378 5880 390 5915 I
437 5880 541 5915 Ius.

249 5876 335 5921 CSi
378 5876 541 5918 IIllliS.

218 6000 223 6003 τ
334 5934 449 6005 (8|)
492 5934 651 5991 Forte
678 5934 939 6006 Origenes
968 5951 1128 6008 quem
1158 5938 1380 5996 refutat.

2021 5516 2136 5589 (82)
2164 5514 2362 5571 Sacras
2392 5517 2647 5573 Litteras.
2674 5516 2853 5572 Ξενὼν
2874 5516 2975 5572 hoc
3004 5516 3123 5571 loco
3158 5529 3255 5589 pro
3283 5512 3527 5589 Ecclesia

1941 5585 2321 5658 accipiendum
2372 5599 2523 5655 puto,
2566 5606 2686 5658 qua:
2718 5602 3009 5658 commune
3050 5585 3526 5658 Ao_tuniumliospi—

1940 5654 2098 5738 tium,
2139 5658 2242 5711 nisi
2275 5654 2415 5738 forte
2458 5654 2642 5738 locum
2699 5657 2953 5738 intelligit
3010 5656 3101 5711 ubi
3142 5654 3526 5738 catechutnen.

1938 5728 2098 5780 simul
2132 5738 2185 5781 ct
2216 5729 2409 5797 pagani
2439 5730 2772 5784 docebantur
2801 5724 3115 5795 religionem
3139 5724 3529 5797 Christianami

1939 5797 2119 5849 Ξενὼν
2151 5796 2351 5867 alioqui
2403 5808 2487 5853 est
2522 5801 2685 5864 idem,
2708 5798 2855 5868 quod
2898 5796 3296 5852 xouodochium
3326 5798 3413 5849 ubi
3450 5810 3534 5863 pe-

1949 5868 2148 5936 regrini
2191 5870 2550 5937 recipiuntur.
