3954 6480
578 492 713 560 1139

1659 497 1924 562 ΡΗΟΤΗ
1958 494 2467 560 ΡΑΤΒΙΑΒΟΗᾸΞ
2505 496 2617 556 CP.

3644 494 3748 562 ttto

582 623 698 665 ctus
738 606 1041 664 Methodius
1086 610 1180 677 ait,
1215 611 1258 665 si
1292 624 1390 681 per
1431 612 1752 682 margaritas
1781 611 2131 682 intelligenda

2243 604 2717 679 κατισχημένους),
2747 607 2775 659 6
2806 603 2981 676 μέγας
3009 601 3276 665 Μεθόδιός
3296 617 3477 673 φησιν,
3499 603 3542 656 εἱ
3575 621 3745 680 μαργα.

572 709 697 755 Sunt
742 700 1060 754 veneranda:
1106 715 1382 770 sacraeque
1429 700 1668 769 Litteraz,
1715 718 1810 772 per
1834 720 2027 775 porcos
2053 720 2147 758 au-

572 798 679 837 tent
725 782 973 838 homines
1014 782 1275 853 impietati
1309 794 1363 838 et
1405 786 1777 855 voluptatibus
1805 788 1997 853 dediti,
2029 788 2149 858 qui-

571 874 672 929 bus
701 875 1001 942 apostolica
1045 874 1248 949 302a
1282 876 1428 931 dicta
1487 879 1554 933 ad
1609 880 1866 948 pietatem
1897 890 1954 936 et
1983 880 2147 935 Chri-

568 967 638 1021 sti
685 965 848 1023 ﬁdem
902 967 1153 1025 ducentia
1232 985 1338 1026 non
1390 971 1499 1025 sint
1566 972 2002 1039 accommodata,
2052 974 2147 1028 sed

567 1058 766 1126 celata,
798 1061 924 1118 vide
951 1078 1019 1117 ne
1038 1063 1191 1118 dicas
1221 1064 1387 1117 ullum
1412 1063 1850 1119 Christianorum
1883 1064 2145 1134 apostoli-

567 1153 652 1207 cis
681 1154 974 1220 praeconiis
1015 1168 1081 1208 ex
1116 1156 1314 1223 prioris
1355 1156 1479 1209 vita:
1505 1156 1781 1225 impietate
1810 1170 2146 1219 conversum

568 1258 712 1299 esse.
766 1244 953 1314 Neque
999 1248 1142 1300 enim
1189 1248 1292 1301 ulla
1330 1248 1541 1303 ratione
1572 1248 1755 1302 divina
1787 1246 1994 1303 Christi
2028 1264 2148 1319 my-

568 1337 736 1394 steria
780 1340 1110 1409 projecerint
1143 1342 1228 1405 iis,
1276 1342 1368 1410 qui
1418 1353 1644 1412 pr0pter
1674 1340 2046 1397 inﬁdelitatem
2072 1342 2148 1397 si-

566 1430 725 1487 miles
769 1440 898 1487 sunt
956 1434 1163 1503 porcis.
1218 1434 1325 1487 Aut
1367 1449 1496 1503 ergo
1534 1435 1787 1489 omnibus
1836 1433 2060 1502 Graecis,
2094 1444 2150 1490 et

566 1523 687 1578 aliis
737 1524 1048 1579 inﬁdelibus
1098 1526 1211 1581 haec
1259 1527 1511 1599 mysteria
1543 1542 1572 1581 a
1613 1525 1816 1581 Christi
1864 1527 2144 1597 discipulis

565 1625 696 1671 sunt
746 1618 1021 1687 proposita
1050 1628 1104 1673 et
1127 1618 1440 1687 praedicata,
1477 1618 1709 1689 illosque
1750 1619 1819 1675 ab
1866 1619 2145 1689 impietate

563 1707 632 1760 ad
687 1706 963 1762 Christum
1020 1720 1412 1764 converterunt
1470 1711 1568 1782 (uti
1616 1719 1671 1766 et
1725 1726 1824 1765 nos
1862 1711 2144 1766 credentes

562 1798 931 1869 conﬁtemur),
978 1809 1032 1855 et
1064 1800 1193 1855 illud
1234 1800 1439 1855 dictum
1475 1819 1488 1854 :
1527 1799 1874 1871 Neprojicite
1927 1817 2145 1871 marga-

559 1893 695 1944 ritas
748 1902 950 1947 vestras
996 1904 1117 1949 ante
1150 1909 1360 1961 porcos,
1409 1908 1514 1947 non
1561 1902 1739 1963 potest
1784 1892 2017 1963 amplius
2066 1894 2140 1947 ita

2249 702 2402 773 ρίτας
2435 700 2505 753 τά
2530 698 2909 779 ,σεμνοπρεπῆ
2962 697 3059 750 mi.
3108 694 3226 749 θεῖα
3280 693 3559 765 μαθήματα
3583 697 3651 751 δεῖ
3685 701 3752 767 ἐξ·

2246 790 2489 856 ακούειν,
2507 789 2726 861 χοίρους
2742 788 2799 841 δέ
2809 790 2933 851 τοὺς
2947 786 3172 856 ἀσεϐείᾳ
3184 785 3279 840 καὶ
3293 784 3495 857 ἡδοναῖς
3509 787 3755 859 συζῶντας,

2246 880 2328 946 οἷς
2360 884 2455 935 καὶ
2500 879 2867 952 ἀπαράϐλητα
2912 879 3009 933 καὶ
3036 879 3332 948 ἀπόκρυφα
3379 879 3447 931 τά
3487 880 3608 949 πρὸς
3637 883 3760 936 εὐσέ.

2252 974 2405 1028 ϐειαν
2435 975 2530 1027 καὶ
2550 975 2649 1044 τὴν
2672 974 2753 1036 εἰς
2774 972 3010 1043 Χριστὸν
3044 971 3227 1023 πίστιν
3253 970 3569 1025 ἀποστολικά
3601 973 3760 1042 διεγεί-

2247 1084 2410 1139 ροντα
2433 1064 2765 1139 κηρύγματα
2794 1064 2875 1117 δεῖ
2894 1057 3057 1127 εἶναι,
3087 1062 3189 1132 ὅρα
3208 1062 3283 1126 ὡς
3298 1061 3479 1116 οὐδένα
3501 1062 3662 1130 λέγεις
3676 1065 3763 1117 τῶν

2246 1158 2589 1230 Χριστιανῶν
2615 1161 2734 1222 τοῖς
2766 1158 2877 1212 τῶν
2905 1157 3224 1212 ἀποστόλων
3248 1153 3583 1227 κηρύγμασιν
3600 1155 3652 1221 ἐξ
3671 1158 3764 1211 ἀσεο

2248 1251 2401 1315 ϐείας
2420 1249 2601 1304 αὐτῶν
2631 1250 2729 1319 τῆς
2764 1249 3038 1319 προτέρας
3078 1244 3436 1315 ἐπιπρέψαι·
3464 1244 3577 1298 οὐδὲ
3600 1244 3694 1318 γὰρ
3716 1246 3767 1301 ἂν

2246 1343 2465 1407 πάντως
2522 1338 2830 1413 παρέϐαλον
2847 1340 2893 1373 ’⁸
2921 1339 2991 1393 τά
3034 1337 3175 1393 κατὰ
3218 1336 3449 1409 Χριστὸν
3467 1337 3511 1369 ⁸⁸
3542 1338 3767 1409 μυστήρια

2246 1438 2359 1499 τοῖς
2389 1434 2458 1489 δι’
2490 1434 2752 1490 ἀπιστίαν
2788 1433 2991 1503 χοίροις
3036 1430 3291 1485 ἐοικόσιν.
3329 1426 3454 1502 [955
3480 1426 3570 1499 11.]
3597 1429 3663 1482 Ἦ
3698 1424 3768 1482 οὖν

2251 1530 2386 1584 πᾶσι
2408 1530 2520 1593 τοῖς
2558 1527 2784 1598 Ἕλλησι
2823 1527 2918 1580 καὶ
2968 1527 3079 1588 τοῖς
3110 1523 3293 1586 ἀλλοις
3345 1522 3582 1585 ἀπίστοις
3631 1522 3768 1577 ταῦτα

2247 1621 2571 1693 παρεϐλήθη
2600 1620 2754 1692 παρά
2779 1618 2889 1673 τῶν
2914 1617 3011 1673 τοῦ
3042 1614 3279 1687 Χριστοῦ
3301 1612 3551 1686 μαθητῶν
3571 1613 3656 1666 καὶ
3674 1615 3770 1682 ἐκη-

2252 1712 2446 1784 ρύχθη,
2470 1712 2564 1765 καὶ
2591 1710 2700 1764 ἀπὸ
2721 1710 2820 1780 τῆς
2848 1706 3106 1771 ἀσεϐείας
3162 1703 3459 1776 μετέϐαλεν
3505 1702 3681 1764 αὐτοὺς
3711 1703 3767 1766 είς

2244 1804 2344 1876 τὴν
2373 1806 2452 1868 είς
2480 1801 2717 1872 Χριστὸν
2733 1802 2937 1867 πίστιν,
2963 1798 3150 1871 ὥσπερ
3185 1795 3279 1851 οὖν
3308 1796 3404 1850 καὶ
3468 1793 3769 1858 πιστεύοντες

2245 1895 2638 1966 ὁμολογοῦμεν,
2681 1894 2779 1948 καὶ
2808 1892 2993 1947 οὐκέτι
3041 1890 3268 1944 δύναται
3308 1887 3544 1942 νοεῖσθαι
3572 1886 3655 1954 τὸ,
3697 1887 3768 1954 Μὴ

558 1984 757 2052 accipi,
795 1984 873 2039 uti
899 1984 1101 2039 dictum
1138 1995 1223 2040 est
1253 2003 1267 2039 :
1315 1993 1409 2038 aut
1443 1985 1545 2040 hoc
1588 1985 1683 2049 ita,
1710 1993 1768 2038 ut
1798 1984 2001 2039 dictum
2036 1993 2131 2047 est,

2241 1964 2475 2057 βάλητε
2497 1964 2542 2019 ³⁵
2560 1985 2705 2054 τοὺς
2768 1984 3136 2056 μαργαρίτας
3182 1979 3352 2051 ὑμῶν
3409 1980 3721 2049 ἔμπροσθεν
3738 1978 3769 2009 ⁸*

558 2084 787 2144 accepto
838 2091 933 2130 seu
982 2076 1277 2139 intellecto,
1326 2076 1615 2131 dicendum
1649 2078 1753 2130 erit
1786 2076 1962 2142 nobis,
2004 2075 2136 2129 nulli

556 2168 855 2224 iulidelium
899 2182 1035 2236 quos
1066 2167 1247 2237 porcis
1273 2181 1680 2235 comparamus,
1711 2180 1807 2233 per
1835 2167 2137 2233 apostolica

554 2263 881 2316 documenta
928 2273 1049 2333 quae
1095 2260 1307 2314 animas
1357 2260 1530 2314 instar
1571 2259 1988 2329 margaritarum
2026 2258 2139 2313 illu-

554 2347 786 2413 minant,
816 2347 975 2401 ﬁdem
1028 2347 1082 2402 in
1129 2346 1408 2403 Christum
1454 2347 1604 2403 etab
1635 2348 1912 2418 impietate
1968 2349 2135 2403 liber-

554 2450 721 2495 tatem
773 2451 984 2512 partam
1022 2455 1166 2496 esse.
1200 2441 1306 2497 Sed
1353 2443 1455 2497 hoc
1512 2442 1886 2511 blasphemum
1917 2452 1999 2496 est
2051 2443 2134 2497 di-

549 2549 697 2588 cere.
727 2533 867 2604 Ergo
887 2536 1196 2609 margarita:
1236 2534 1341 2589 hoc
1367 2536 1485 2601 loco
1513 2551 1618 2591 non
1649 2546 1775 2590 sunt
1804 2536 2133 2606 accipiendae

547 2642 649 2697 pro
699 2626 1073 2681 sanctioribus
1124 2624 1487 2699 [Ecclesiae]
1558 2627 1882 2697 disciplinis,
1958 2645 2133 2698 neque

547 2719 698 2789 porci
733 2734 830 2791 pro
859 2719 1064 2788 impiis.
1104 2718 1290 2789 Neque
1321 2720 1449 2774 illud
1516 2721 1745 2787 dictum,
1795 2720 1979 2775 Nolite
2005 2738 2131 2790 pro-

547 2814 710 2879 ficere
757 2813 1080 2879 margaritas
1120 2822 1317 2867 vestras
1364 2823 1487 2867 ante
1527 2829 1734 2882 porcos,
1762 2814 1834 2868 ita
1862 2816 2133 2885 erplican-

546 2908 673 2960 dum
706 2915 790 2959 est
822 2923 837 2959 :
866 2903 943 2958 Ne
976 2904 1226 2974 projicite
1280 2906 1467 2974 impiis
1501 2916 1554 2960 et
1602 2907 1911 2963 inﬁdelibus
1947 2908 2129 2963 divina

544 3008 601 3057 et
635 2998 794 3053 ﬁdem
842 2998 895 3053 in
938 2996 1217 3053 Christum
1280 2999 1613 3067 perﬁcientia
1672 3011 1981 3071 praecepta;
2034 3001 2130 3056 sed

545 3091 857 3162 margarita:
891 3106 991 3161 pro
1039 3090 1335 3144 virtutibus
1380 3092 1712 3163 accipiendae
1741 3103 1890 3160 sunt,
1932 3094 2130 3164 quibus

542 3183 713 3237 veluti
744 3181 1001 3251 pretiosis
1047 3181 1277 3251 gemmis
1313 3182 1494 3235 anima
1529 3193 1846 3240 exornatur.
1881 3183 1997 3239 Non
2029 3185 2128 3240 δι)-

539 3276 813 3347 jiciendas
838 3285 1022 3332 autem
1058 3292 1154 3333 eas
1181 3275 1386 3345 porcis,
1425 3276 1528 3330 hoc
1560 3286 1668 3337 est,
1702 3292 1806 3332 non
1833 3277 2128 3347 projicien-

540 3371 643 3424 das
670 3371 923 3433 virtutes,
965 3370 1276 3427 castitatem
1317 3384 1530 3439 nempe,
1583 3370 2019 3440 temperantiam,
2041 3369 2130 3439 ju-

539 3466 748 3522 stitiam
795 3474 849 3521 et
892 3468 1210 3521 veritatem:
1264 3465 1385 3530 has,
1434 3466 1678 3533 inquam,
1733 3479 1839 3519 non
1871 3462 2129 3534 objicien-

540 3560 641 3614 das
661 3574 781 3614 esse
811 3559 1040 3629 impuris
1071 3557 1457 3628 voluptatibus:
1491 3558 1572 3611 lue
1598 3558 1743 3610 enim
1771 3556 1952 3625 porcis
1980 3571 2130 3611 com-

540 3662 848 3721 parantur:
891 3668 958 3707 ne
991 3652 1089 3707 has
1149 3655 1526 3720 depascentes,
1583 3648 1705 3704 illos
1751 3650 1915 3703 vitam
1948 3650 2129 3717 porcis

540 3741 776 3804 similem
827 3742 1013 3796 vivere
1070 3752 1288 3813 cogant,
1312 3751 1367 3795 et
1394 3742 1635 3795 animam
1666 3739 1815 3793 onmi
1870 3738 2127 3793 vitiorum

540 3849 740 3904 genere
766 3834 1096 3903 compleant.

611 3992 900 4062 Origenes,
944 4005 1106 4060 quem
1158 3999 1479 4044 centaurum
1516 3989 1632 4059 (8'5)
1662 3988 1923 4062 appellat,
1972 4004 2124 4046 asse-

536 4087 698 4138 rebat
746 4083 1058 4137 universum
1106 4081 1211 4136 hoc
1241 4080 1407 4153 [quod
1452 4093 1694 4137 creatum
1730 4082 1835 4158 est]
1882 4082 1981 4138 soli
2036 4098 2127 4138 sa-

538 4176 710 4249 pienti
754 4183 811 4229 et
842 4174 1041 4228 nullius
1074 4174 1255 4244 iudigo
1287 4174 1394 4229 Deo
1422 4184 1765 4230 coaeternum
1793 4190 1938 4232 esse.
1977 4176 2126 4231 Dice-

536 4270 632 4323 bat
656 4268 824 4335 enim,
862 4265 1014 4320 Sicut
1046 4282 1152 4321 non
1193 4277 1277 4320 est
1321 4266 1501 4337 Opifex
1531 4267 1651 4322 sine
1684 4267 1920 4336 opiﬁcio,
1962 4279 2122 4337 poeta

535 4364 658 4417 sine
703 4361 991 4432 poematis,
1043 4360 1342 4431 imperator
1397 4360 1518 4414 sine
1562 4361 1847 4431 subjectis,
1901 4378 2123 4420 necesse

535 4465 619 4511 est
667 4455 813 4512 enim
852 4464 910 4508 ut
957 4454 1139 4525 opifex
1193 4453 1262 4508 ab
1302 4453 1545 4524 opiﬁcio,
1574 4462 1732 4523 poeta
1765 4470 1793 4507 a
1828 4455 2119 4524 poematis,

532 4555 591 4600 et
647 4546 943 4615 imperator
973 4561 1001 4598 a
1041 4544 1303 4613 subjectis
1359 4545 1692 4619 nominetur,
1725 4543 1848 4619 [ita]
1899 4561 2121 4601 necesse

532 4647 621 4695 est
670 4648 854 4693 creata
903 4654 934 4693 a
965 4638 1233 4709 principio
1272 4652 1303 4692 a
1338 4637 1451 4694 Deo
1497 4606 1823 4703 l'acta‘esse,
1863 4654 1962 4694 nec
1990 4650 2117 4694 tem-

536 4746 638 4803 pus
669 4731 835 4790 ullum
879 4745 1024 4796 esse,
1052 4746 1159 4805 quo
1196 4732 1311 4787 haec
1354 4748 1460 4787 non
1492 4732 1714 4787 fuerint.
1751 4732 1811 4787 Si
1842 4735 1986 4788 enim
2021 4735 2123 4789 fuit

533 4830 746 4890 tempus
766 4838 875 4892 quo
914 4838 1020 4878 non
1064 4823 1285 4880 fuerunt
1306 4826 1548 4895 opiﬁcia,
1578 4840 1709 4894 ergo
1741 4827 1975 4895 opiﬁciis
2007 4829 2121 4883 nul-

529 4914 599 4967 lis
652 4914 1065 4979 exsistentibus,
1114 4932 1290 4991 neque
1333 4917 1513 4987 opifex
1541 4929 1645 4973 est.
1688 4917 1825 4973 Vide
1868 4936 1989 4989 quae
2031 4936 2118 4975 se-

531 5016 734 5076 quatur
762 5006 851 5077 [ex
884 5007 1070 5079 dictis]
1102 5010 1357 5079 impietas
1387 5029 1400 5064 :
1433 5012 1563 5080 quin
1598 5011 1818 5065 alterari
1855 5014 2018 5067 etiam
2060 5022 2116 5068 et

525 5098 728 5151 mutari
773 5109 1035 5167 sequetur
1072 5101 1461 5155 immutabilem
1518 5101 1715 5173 3026
1759 5115 1815 5158 et
1872 5105 2112 5161 invaria-

524 5187 689 5248 bilem
719 5188 914 5246 Deum.
949 5188 1007 5243 Si
1034 5191 1178 5245 enim
1209 5207 1316 5245 non
1343 5193 1412 5245 ab
1444 5202 1648 5248 aeterno
1671 5197 1851 5253 omnia
1878 5198 2107 5263 creavit,

524 5282 877 5338 manifestum
931 5292 1017 5338 est
1070 5282 1217 5340 illum
1259 5298 1289 5337 a
1337 5298 1441 5339 non
1489 5285 1742 5343 faciendo
1784 5289 1852 5343 ad
1902 5288 2101 5345 facien-

2245 2079 2367 2135 τῶν
2391 2079 2632 2149 χοίρων,
2671 2077 2746 2141 ὡς
2770 2075 2982 2148 ἐρρήθη
3010 2088 3025 2105 ο
3057 2074 3093 2144 ἢ
3123 2073 3313 2127 τούτου
3350 2071 3429 2135 ὡς
3458 2071 3640 2142 ἐλέχθη
3660 2086 3771 2125 νοου-

2246 2173 2431 2243 μένου,
2456 2171 2673 2239 ἀνάγκη
2705 2170 2853 2240 ἡμᾶς
2872 2167 3053 2236 λέγειν
3082 2165 3158 2225 ὼς
3194 2164 3367 2219 οὐδενὶ
3410 2161 3519 2217 τῶν
3552 2161 3770 2225 ἀπίστων,

2252 2264 2346 2328 οὒς
2374 2265 2576 2335 χοίροις
2592 2259 2985 2330 ἀπεικάζομεν,
3015 2260 3079 2311 ἐκ
3107 2258 3217 2310 τῶν
3235 2253 3604 2309 ἀποστολικῶν
3626 2252 3769 2320 διδαγ-

2249 2358 2458 2431 μάτων,
2476 2352 2831 2427 μαργαριτῶν
2853 2352 3010 2421 δίκην
3025 2349 3124 2413 τὰς
3139 2346 3319 2419 ψυχὰς
3340 2344 3771 2414 καταυγαζόντων,

2240 2454 2274 2525 ἡ
2309 2452 2390 2514 είς
2428 2448 2664 2521 Χριστὸν
2688 2447 2872 2510 πίστις
2901 2445 2947 2477 ³²
2978 2443 3072 2496 καὶ
3093 2444 3126 2511 ἡ
3162 2441 3263 2509 τῆς
3300 2437 3557 2501 ἀσεϐείας
3605 2435 3773 2525 ἐλευθε-

2244 2523 2337 2615 ρία
2365 2542 2679 2611 γεγένηται.
2717 2536 3051 2607 Βλάσφημον
3083 2533 3142 2585 δὲ
3191 2530 3372 2585 τοῦτο.
3422 2528 3536 2582 Οὐκ
3591 2527 3687 2615 ἀρα
3718 2523 3773 2576 δεῖ

2243 2614 2589 2705 μαργαρίτας
2618 2629 2717 2701 μὲν
2769 2626 2838 2680 τὰ
2892 2621 3276 2696 μυστικώτερα
3314 2619 3430 2673 τῶν
3483 2614 3774 2705 μαθημάτων

2238 2702 2603 2794 ἐκλαμϐάνειν
2626 2718 2880 2781 ἐνταῦθα,
2911 2715 3128 2787 χοίρους
3165 2712 3223 2767 δὲ
3251 2712 3383 2775 τοὺς
3433 2707 3659 2769 ἀσεϐεῖς,
3683 2702 3774 2756 οὐδὲ

2236 2816 2318 2881 τὸ,
2358 2814 2455 2883 Μὴ
2489 2812 2725 2880 βάλητε
2740 2812 2786 2843 ⁸³
2827 2808 2970 2875 τοὺς
3003 2805 3370 2877 μαργαρίτας
3404 2799 3574 2871 ὑμῶν
3598 2800 3772 2866 ἐμπροο

2237 2910 2389 2962 σθεν
2424 2904 2543 2959 τῶν
2591 2906 2831 2975 χοίρων,
2865 2902 2946 2965 είς
2983 2900 3067 2965 τὸ,
3110 2897 3204 2969 Μὴ
3239 2889 3654 2967 παραϐάλητε³⁸
3692 2887 3773 2947 τοῖς

2236 2998 2461 3056 ἀσεϐέσι
2491 2998 2586 3052 καὶ
2650 2996 2904 3059 ἀπίστοις
2933 2993 3004 3048 τὰ
3068 2989 3308 3063 μυστικά
3367 2989 3467 3042 καὶ
3518 2978 3776 3038 τελειοποιὰ

2236 3093 2337 3165 τῆς
2367 3094 2448 3156 εἰς
2492 3090 2731 3163 Χριστὸν
2750 3091 2794 3123 ³⁵
2824 3089 3059 3150 πίστεως
3097 3084 3429 3154 διδάγματα,
3461 3072 3776 3149 παραλαμϐά-

2239 3203 2374 3239 νειν.
2411 3184 2574 3237 Ἀλλά
2611 3181 2959 3254 μαργαρίτας
3002 3178 3100 3244 μὲν
3133 3176 3232 3240 τὰς
3265 3173 3478 3246 ἀρετάς
3510 3165 3777 3238 ἐκδέχεσθαι

2241 3277 2372 3349 χρὴ,
2406 3271 2497 3340 αἶς
2554 3273 2747 3344 ὥσπερ
2805 3272 3125 3342 πολυτίμοις
3181 3267 3555 3340 μαργαρίταις
3601 3256 3779 3332 ἡψυχὴ

2242 3366 2666 3439 καθωραῖζεται,
2690 3366 2763 3436 μὴ
2792 3362 3128 3435 παραϐαλεῖν
3149 3360 3207 3413 δὲ
3239 3358 3446 3420 αὐτοὺς
3460 3356 3570 3417 τοῖς
3599 3350 3777 3439 χοίροβ,

2240 3432 2489 3513 τουτέστι
2526 3458 2602 3528 μὴ
2633 3432 2975 3527 παραϐαλεῖν
2991 3452 3159 3516 αύτάς
3187 3451 3231 3483 ³⁸
3273 3447 3378 3513 τὰς
3429 3444 3648 3519 ἀρετὰς,
3697 3432 3777 3493 οἷον

2240 3550 2466 3622 ἁγνείαν
2504 3550 2600 3603 καὶ
2630 3548 2990 3620 σωφροσύνην
3033 3545 3129 3599 καῖ¹
3173 3541 3534 3612 δικαιοσύνην
3562 3539 3649 3592 καὶ
3682 3534 3779 3603 ἀλή-

2238 3643 2413 3706 θειαν,
2446 3642 2654 3706 ταύτας
2697 3640 2763 3711 δὴ
2819 3639 2895 3711 μὴ
2942 3635 3280 3708 παραϐαλεῖν
3334 3636 3467 3696 ταῖς
3517 3625 3779 3701 μαχλώσαις

2235 3734 2450 3806 ἡδοναῖς
2495 3732 2741 3804 (χοίροις
2780 3731 2888 3802 γὰρ
2933 3730 3173 3783 ἐοίκασιν
3213 3721 3448 3796 αὗται),
3483 3726 3571 3777 ἵνα
3606 3721 3671 3791 μὴ
3710 3716 3780 3773 τὰς

2235 3824 2437 3896 ἀρετὰς
2454 3818 2616 3879 αὗται
2641 3820 3062 3892 καταφαγοῦσαι
3089 3818 3324 3890 χοιρὼδη
3360 3817 3484 3888 βίον
3539 3814 3631 3868 καὶ
3654 3808 3768 3862 πρὶν.

2235 3916 2386 3988 παθῆ
2419 3916 2520 3988 τὴν
2551 3915 2732 3986 ψυχὴν
2765 3912 3028 3985 βιοτεύειν
3066 3904 3650 3983 παρασκευάσωσιν³⁷.

2309 4007 2431 4061 Ὅτι
2455 4007 2485 4059 6
2528 4003 2810 4077 Ὠριγένης
2828 4003 2896 4071 ³⁸,
2940 4003 3000 4057 ὃν
3044 4001 3363 4071 Κένταυρον
3423 3998 3605 4061 καλεῖ,
3660 3991 3774 4054 ἔλεγε

2236 4101 2510 4158 συναϊδιον
2527 4097 2668 4154 εἶναι
2694 4100 2773 4171 τῷ
2812 4100 2961 4170 μόνῳ
2994 4096 3145 4168 σοφῷ
3200 4096 3294 4149 καὶ
3355 4091 3658 4166 ἀπροσδεεῖ
3695 4081 3780 4151 Θεῷ

2231 4194 2293 4247 τὺ
2328 4194 2456 4248 πᾶν.
2484 4194 2734 4262 Ἔφασκε
2766 4193 2895 4263 γὰρ,
2927 4190 2990 4244 Et
3021 4190 3123 4244 οὐκ
3154 4187 3272 4242 ἐστι
3323 4183 3658 4258 δημιουργὸς
3683 4178 3779 4232 ἄνευ

2230 4286 2755 4359 δημιουργημάτων,
2788 4286 2821 4356 ἢ
2858 4284 3091 4355 ποιητὴς
3140 4282 3270 4336 ἄνευ
3320 4279 3673 4349 ποιημάτων,
3695 4265 3784 4322 οὐδὲ

2232 4378 2631 4450 παντοκράτωρ
2664 4378 2795 4433 ἀνευ
2824 4377 2933 4431 τῶν
2962 4372 3352 4447 κρατουμένων
3408 4373 3529 4442 (τὸν
3578 4366 3678 4435 γὰρ
3713 4360 3782 4426 δη·

2237 4472 2500 4544 μιουργδν
2536 4471 2626 4525 διὰ
2655 4470 2725 4524 τά
2767 4470 3232 4544 δημιουργήματα
3287 4465 3518 4533 ἀνάγκη
3580 4458 3669 4513 καὶ
3719 4452 3783 4544 τὸν

2231 4541 2466 4636 ποιητὴν
2496 4563 2587 4617 διὰ
2622 4564 2691 4617 τά
2715 4541 2995 4632 ποιήματα
3028 4560 3124 4613 καὶ
3151 4558 3243 4612 τὸν
3269 4554 3695 4626 παντοκράτορα
3719 4541 3783 4636 διᾷ

2156 4694 2200 4750 D
2229 4659 2298 4713 τά
2319 4634 2671 4728 κρατούμενα
2688 4653 2990 4724 λέγεσθαι),
3025 4652 3239 4750 ἀνάγκη
3266 4650 3328 4715 ἐξ
3349 4650 3540 4750 ἀρχῆς
3568 4644 3698 4750 αὐτὰ

2227 4750 2322 4805 τοῦ
2346 4747 2483 4803 Θεοῦ
2507 4747 2864 4817 γεγενῆσθαι,
2895 4747 2997 4799 καὶ
3032 4744 3108 4815 μὴ
3149 4739 3289 4797 εἶναι
3321 4742 3528 4813 χρόνον
3582 4740 3669 4791 ὅτε
3710 4731 3782 4783 οὐκ

2221 4836 2292 4912 ἦν
2308 4840 2504 4895 ταῦτα.
2528 4839 2592 4891 Εἰ
2626 4839 2734 4911 γὰρ
2761 4833 2831 4909 ἧν
2847 4837 3039 4909 χρόνος
3071 4836 3162 4890 ὅτε
3190 4834 3291 4888 οὐκ
3312 4830 3385 4905 ἦν
3414 4833 3489 4887 τὰ
3521 4831 3781 4900 ποιήματα,

2221 4931 2348 4983 ἐπεὶ
2376 4929 2486 4982 τῶν
2517 4929 2841 5000 ποιημάτων
2869 4929 2946 4999 μὴ
2992 4926 3165 4980 ὄντων
3193 4923 3313 4978 οὐδὲ
3368 4922 3618 4992 ποιητής
3650 4920 3778 4969 ἐστιν.

2219 5024 2321 5093 ὅρα
2348 5017 2459 5079 οἷον
2481 5021 2680 5086 ἀσεϐὲς
2716 5020 3024 5075 ἀκολουθεῖ.
3088 5018 3253 5073 Ἀλλά
3308 5017 3413 5072 καὶ
3471 5008 3781 5070 ἀλλοιοῦσθαι

2222 5114 2317 5168 καὶ
2346 5113 2707 5184 μεταϐάλλειν
2728 5112 2821 5165 τὸν
2845 5111 3115 5181 ἄτρεπτον
3144 5110 3239 5164 καὶ
3263 5105 3643 5162 ἀναλλοίωτον
3668 5114 3781 5165 cuti-

2220 5204 2447 5273 ϐήσεται
2479 5204 2632 5258 Θεόν.
2661 5203 2849 5274 Είγάρ
2874 5202 3101 5275 ὕστερον
3133 5201 3414 5270 πεποίηκε
3448 5199 3518 5253 τὸ
3550 5197 3678 5260 πᾶν,
3705 5190 3779 5258 δῆ⁶

2210 5296 2299 5349 λον
2330 5295 2538 5349 ὄτιάπὸ
2555 5295 2599 5327 ³⁸
2621 5294 2718 5349 τοῦ
2743 5294 2819 5366 μὴ
2852 5297 3027 5349 ποιεῖν
3052 5295 3133 5359 είς
3168 5294 3231 5347 τὸ
3266 5294 3454 5346 ποιεῖν
3504 5281 3785 5360 μετέϐαλε.-

1832 5422 1921 5479 VA
1932 5423 2071 5479 BHE
2108 5425 2525 5484 LECTIONES.

593 5536 641 5569 ’⁸
680 5536 991 5604 παρέλαϐον
1016 5555 1075 5601 ς’.
1154 5539 1200 5569 ’⁸
1237 5539 1380 5592 κατὰ
1410 5540 1500 5593 τὸν
1527 5542 1629 5611 Χρ.
1671 5561 1732 5606 ς.
1812 5543 1858 5574 ³⁰
1900 5544 2171 5614 βάλετεΑ.
2248 5548 2290 5580 ³³
2326 5549 2639 5649 ἔμπροσθεν
2683 5557 2803 5619 post
2834 5546 3034 5618 χοιρῶν
3065 5545 3212 5615 ponit
3244 5543 3302 5599 Β.
3408 5544 3457 5575 ³*
3492 5544 3527 5612 ἡ

593 5606 648 5649 ἦν
683 5608 869 5649 πίση-ιτ·
912 5608 996 5649 AR
1037 5625 1051 5649 φ
1095 5609 1127 5649 ἦ
1154 5609 1236 5649 τίν
1266 5609 1449 5649 τίσιν-ου
1475 5629 1515 5649 ρ-
1633 5612 1679 5645 38
1711 5614 1929 5649 an)":
1958 5633 1996 5649 ,-
2132 5619 2179 5649 ιι
2216 5620 2441 5649 -..Α-αι
2477 5619 2595 5649 3..-.
2634 5637 2671 5649 ι-
2802 5620 2846 5649 aa
2870 5621 2945 5649 ρι,
2970 5620 3061 5649 ..λυ
3091 5616 3325 5649 γηικη-Αυ
3375 5617 3405 5649 Δ

908 5619 996 5660 ΑΒ
1037 5625 1051 5660 :
1095 5619 1128 5680 η
1154 5619 1236 5671 εις
1266 5619 1449 5663 πίστιν
1475 5629 1537 5676 ς.
1633 5619 1679 5645 ³³
1709 5619 1930 5683 βάλλετε
1958 5633 2020 5679 ς.
2132 5619 2179 5649 ³⁸
2216 5619 2596 5689 παραϐάλλετε
2633 5637 2694 5683 ς.
2802 5620 2846 5650 ³⁸
2870 5621 2946 5681 είς
2970 5620 3061 5670 τὸν
3091 5619 3325 5686 Χριστόν
3366 5619 3439 5667 Α.
3543 5619 3589 5645 ³⁸
3615 5619 3780 5671 αὐτας]

901 5680 945 5710 ³⁷
970 5677 1254 5747 βιωτεύειν
1299 5683 1818 5749 παρασκευάσουσιν
1868 5687 1932 5738 Α.
2009 5688 2055 5721 ³⁸
2078 5690 2107 5741 6
2138 5689 2447 5761 Ὠριγένης]
2484 5691 2547 5743 οὐ
2600 5690 2695 5743 τὸν
2734 5690 3020 5759 Ὠριγένην
3074 5687 3246 5756 λέγει,
3298 5685 3426 5739 ἀλλ’
3463 5684 3494 5735 ὁ
3526 5677 3780 5749 ’θριγέντς

901 5766 977 5801 ινα
1003 5750 1226 5802 ὀνόματι
1250 5750 1683 5802 ἐπιλαμϐάνεται
1704 5756 1907 5802 ταύτης
1934 5758 2193 5802 ἐνόηρυηυ
2221 5763 2319 5802 τῖ’-ιι·
2341 5760 2505 5802 EAg-nr
2528 5760 2629 5802 ἐἰς
2658 5760 2891 5802 ἀσεϐηὗξ
2929 5776 3033 5802 ιιιινᾼ
3072 5774 3146 5802 Πι-
3180 5756 3238 5802 Β-
3315 5755 3362 5788 ³9
3393 5754 3513 5802 ἀπὸ
3551 5761 3661 5802 Olli.
3690 5718 3777 5802 Aﬁ-

522 5606 648 5680 στὸν
683 5608 869 5680 πίστις
908 5608 996 5680 ΑΒ
1037 5625 1051 5660 :
1095 5609 1236 5680 ήείς
1266 5609 1449 5663 πίστιν
1475 5629 1537 5676 ς.

1633 5612 1679 5645 ³³
1709 5612 1930 5683 βάλλετε
1958 5633 2020 5679 ς.

520 5678 704 5739 αὐτοῖς
733 5677 794 5731 Β.

3561 5541 3639 5602 εἰς
3680 5532 3783 5603 Χριῖ

2802 5598 3325 5686 mamma
3366 5617 3439 5686 Α.
3474 5684 3486 5686 _
3615 5598 3782 5686 eam

520 5743 835 5817 Κένταυρόν
855 5743 982 5801 τινα
1003 5750 1226 5821 ὀνόματι
1250 5743 1683 5822 ἐπιλαμϐάνεται
1704 5756 1907 5826 ταύτης
1934 5743 2319 5831 ἐχόμενον’τῆς
2341 5743 2505 5833 δόξης
2528 5760 2629 5833 τῆς
2657 5743 2891 5825 ἀσεϐοῦς
2929 5743 3035 5831 ιη’ς.
3070 5743 3160 5813 [εί
3179 5743 3245 5812 Βί
3315 5755 3362 5788 ³⁹
3393 5754 3513 5810 ἀπὸ
3551 5743 3661 5811 oili.

593 5950 705 6025 (85)
737 5952 1014 6011 Metudius
1043 5955 1337 6028 Origenem
1377 5968 1695 6016 centaurum
1731 5964 2037 6032 appellavit.
