3954 6440
276 346 416 418 1141

1312 366 1831 431 BIBLIOTHECA.
1874 394 1946 407 -··
1980 373 2145 433 COD.
2175 374 2499 435 CCXXXV.

3390 366 3527 432 1142

268 459 406 533 [495
434 463 527 537 IL]
558 466 727 521 Τοῦτο
756 470 815 525 δὲ
847 472 1049 528 ἄτοπον
1076 477 1217 546 μετά
1241 477 1354 530 τῶν
1397 481 1839 551 προειρημένων.

1962 482 2075 538 lum
2108 484 2412 539 transiisse.
2446 482 2552 538 Sed
2593 482 2697 539 hoc
2726 496 2831 536 una
2855 496 2979 536 cum
3009 480 3296 536 antedictis
3333 478 3524 534 absur-

266 555 390 609 Οὐκ
417 556 527 628 ἄρα
551 558 772 614 δυνατὸν
802 563 979 632 λέγειν
1003 566 1078 637 μὴ
1106 561 1247 621 εἶναι
1267 568 1501 640 ἄναρχον
1529 571 1625 624 καὶ
1655 571 1841 624 συναΐ-

263 646 385 703 διον
410 650 489 720 τῷ
525 652 647 721 Θεῷ
673 660 735 707 τὸ
756 657 887 710 πᾶν.

338 741 489 813 Πρὸς
519 744 578 797 ὃν
602 762 735 817 φησι
769 747 837 800 δι’
863 748 1052 821 ἐτέρου
1103 752 1395 824 προσώπου
1424 755 1454 807 6
1501 756 1656 823 ἅγιος
1705 758 1843 827 ὲρω-

260 833 401 887 τῶν⁸
426 829 575 908 Ἀρά
600 854 665 906 γε
693 840 886 909 σοφίας
911 844 1004 897 καὶ
1022 843 1180 915 δόξης
1206 847 1301 900 καὶ
1329 848 1629 920 συλλήϐδην
1661 850 1842 918 πάσης

260 927 471 999 ἀρετῆς
497 929 673 1001 ἀρχὴν
715 932 811 985 καὶ
846 935 1028 1006 πηγὴν
1079 938 1376 1004 οὐσιωδῶς,
1411 940 1551 994 ἀλλά
1589 940 1665 1013 μὴ
1721 942 1844 994 ὲπι-

262 1019 488 1091 κτήτως
510 1023 619 1093 ἡγῇ
646 1023 739 1076 τὸν
766 1024 925 1093 Θεόν;
951 1029 981 1080 6
1012 1027 1090 1094 δὲ,
1116 1029 1247 1085 Ναί.
1264 1031 1330 1083 Τί
1358 1031 1416 1084 δὲ
1439 1031 1578 1103 πρὸς
1600 1031 1842 1098 τούτοις;

260 1111 392 1182 οὐχὶ
419 1112 624 1178 τέλειος
652 1116 829 1187 πάντη
855 1118 923 1172 δι’
948 1120 1141 1175 ἑαυτὸν
1174 1123 1268 1175 καὶ
1302 1123 1642 1195 ἁπροσδεήςς
1684 1124 1843 1194 Ἀλη-

266 1202 359 1273 θῆ.
405 1204 713 1275 Ἀμήχανον
739 1208 847 1279 γάρ
880 1210 940 1264 τὸ
971 1212 1269 1282 ἀπροσδεὲς
1295 1213 1363 1267 δι’
1391 1212 1584 1284 ἕτερον
1629 1209 1768 1269 εἷναί
1788 1232 1844 1269 τι

272 1296 602 1368 ἀπροσδεές;
648 1301 967 1373 Ἀμήχανον.
989 1305 1106 1359 Πᾶν
1131 1306 1239 1376 γὰρ
1260 1306 1323 1359 τὸ
1342 1304 1409 1360 δι’
1428 1305 1617 1376 ἕτερον
1638 1307 1847 1380 πλῆρες

270 1387 330 1439 ὃν
359 1387 452 1441 καὶ
472 1388 663 1454 ἀτελὲς
714 1391 966 1461 λεκτέον;
1014 1394 1281 1467 Ἀνάγκη.
1315 1395 1390 1449 Τὸ
1440 1395 1552 1467 γάρ
1584 1395 1720 1451 αὐτὸ
1775 1395 1844 1449 δι’

266 1479 436 1533 ἑαυτὸ
465 1480 658 1535 ἑαυτοῦ
686 1481 962 1555 πλήρωμα
988 1483 1069 1549 ὃν,
1118 1486 1212 1540 καὶ
1265 1486 1401 1540 αὐτὸ
1446 1486 1507 1540 ὲν
1539 1485 1719 1558 ἐαυτῷ
1752 1485 1847 1558 μέ·

263 1589 382 1638 νον,
400 1574 603 1628 τέλειον
618 1570 759 1629 εἶναι
780 1576 955 1647 τοῦτος
960 1578 1119 1649 μόνον
1145 1578 1429 1646 δοξαστέον
1447 1597 1462 1645 ;
1479 1579 1849 1653 Ἀληθέστατα

263 1663 472 1732 λέγεις.
496 1664 570 1718 Τὸ
594 1665 653 1718 δὲ
685 1668 823 1737 μήτε
844 1668 978 1722 αὐτὸ
1001 1669 1069 1723 δι’
1100 1669 1261 1723 ἑαυτὸ
1295 1671 1434 1743 μήτε
1479 1670 1612 1724 αὐτὸ
1651 1671 1846 1724 ἑαυτοῦ

260 1755 548 1827 πλήρωμα
591 1756 651 1810 δν
681 1758 848 1828 φαίης
899 1759 965 1813 ἂν
1013 1760 1346 1832 ἀπροσδεές;
1394 1761 1685 1832 Οὐδαμῶς.
1730 1763 1847 1816 Οὐκ

261 1823 437 1917 ἄρατὸ
468 1823 599 1913 Θεὸς
621 1823 823 1913 τέλειος
850 1849 939 1904 διά
969 1867 1022 1904 τι
1051 1823 1458 1921 νομισθήσεται.
1497 1823 1562 1906 Ὀ
1618 1823 1728 1923 γὰρ
1760 1850 1848 1905 διά
1882 1823 1925 1879 Β

262 1957 321 1994 τι
362 1939 566 1993 τέλειόν
604 1942 777 2007 ἐστιν,
808 1941 943 1995 αὐτὸ
993 1941 1117 1996 καθ’
1177 1944 1341 1997 ἑαυτὸ
1392 1942 1582 2007 ἀτελὲς
1632 1944 1846 2013 ἀνάγκη

261 2035 605 2105 τυγχάνεινς
644 2034 906 2106 Ἀνάγκη.
963 2034 1176 2091 Οὐκοῦν
1229 2038 1323 2091 καὶ
1349 2038 1378 2091 6
1429 2037 1561 2101 Θεὸς
1593 2037 1754 2101 αὐτὸς
1782 2036 1849 2089 δι’

265 2126 469 2179 ἑαυτὸν
493 2126 720 2193 τέλειος,
744 2126 859 2180 ἀλλ’
884 2127 944 2181 οὑ
967 2127 1034 2180 δι’
1058 2128 1244 2199 ἕτερον
1274 2126 1691 2199 λογισθήσεται;
1730 2128 1854 2197 Ὀρ-

268 2216 500 2274 θότατα.
540 2216 668 2289 [956
694 2216 788 2290 R.]
828 2218 1054 2290 Ἕτερον
1092 2218 1227 2282 Θεὸς
1255 2217 1486 2293 κόσμου,
1517 2217 1611 2271 καὶ
1666 2217 1853 2289 ἕτερον

270 2311 474 2381 κόσμος
506 2310 676 2379 Θεοῦ;
711 2312 1017 2376 Παντελῶς.
1050 2312 1167 2365 Οὐκ
1205 2310 1315 2382 ἄρα
1344 2310 1551 2365 τέλειον
1584 2311 1779 2381 φατέον
1807 2310 1853 2342 ⁸ο

274 2408 375 2459 καὶ
402 2406 736 2476 δημιουργὸν
786 2408 881 2459 καὶ
912 2407 1332 2479 παντοκράτορα
1382 2407 1473 2462 διά
1518 2408 1723 2477 κόσμον
1764 2408 1855 2462 τὸν

269 2498 445 2563 Θεὸν;
473 2498 572 2552 OG.
598 2498 787 2561 Ὅπως
815 2498 938 2571 [μὴ]
979 2499 1045 2552 δι’
1100 2500 1312 2567 ἑαυτὸν,
1345 2500 1484 2555 ἀλλὰ
1517 2498 1594 2571 μὴ
1631 2499 1720 2553 διὰ
1761 2500 1856 2553 κό-

268 2606 439 2660 σμον,
469 2592 565 2645 καὶ
597 2591 770 2645 ταῦτα
798 2593 1053 2663 τρεπτὸν,
1084 2593 1248 2657 αὐτὸς
1279 2592 1402 2647 καθ’
1428 2592 1621 2646 ἑαυτὸν
1652 2592 1859 2656 τέλειος

265 2683 623 2754 εὑρίσκοιτο;
659 2685 1074 2755 Προσηκόντως.
1120 2685 1185 2737 Τί
1205 2684 1297 2750 δέ;
1340 2684 1432 2738 τὸν
1466 2684 1720 2738 πλούσιον
1772 2684 1861 2737 διά

264 2775 374 2830 τὸν
405 2775 633 2830 πλοῦτον
666 2777 888 2831 λεκτέον
921 2776 1206 2841 πλούσιον;
1251 2775 1479 2847 Ὀρθῶς.
1521 2776 1632 2829 Καὶ
1656 2775 1748 2829 τὸν
1772 2792 1863 2828 σο-

263 2870 381 2939 φὸν
417 2870 561 2925 κατά
590 2871 820 2941 μετοχὴν
846 2870 947 2941 τῆς
973 2868 1267 2934 οὐσιὼδους
1306 2869 1518 2934 σοφίας,
1551 2870 1652 2922 οὐκ
1700 2870 1861 2922 αὐτὸν

261 2963 474 3032 σοφίαν
496 2963 646 3027 ὅντα,
700 2963 864 3033 σοφὸν
918 2962 1430 3033 προσαγορευτέον;
1490 2961 1619 3014 Ναί.
1669 2961 1736 3013 Τί
1765 2959 1859 3027 δέ;

260 3057 374 3108 καὶ
403 3054 497 3106 τὸν
537 3053 690 3115 Θεὸν,
727 3052 916 3124 ἕτερον
973 3052 1104 3107 ὄντα
1148 3052 1358 3123 κόσμου
1383 3052 1453 3118 ⁸¹,
1511 3051 1600 3104 διά
1654 3051 1861 3122 κόσμον

1946 576 2076 628 dum
2128 585 2233 641 est,
2270 590 2399 647 ergo
2444 576 2552 630 dici
2588 589 2693 629 non
2744 583 2921 645 potest
2975 590 3083 628 non
3125 588 3245 628 esse
3276 575 3523 643 principii

1947 680 2141 735 expers
2173 676 2227 722 et
2259 667 2370 722 Deo
2411 675 2740 722 coaeternllm
2770 666 2873 721 hoc
2904 666 3241 721 universum.

2020 757 2159 813 Huic
2212 760 2507 828 respondet
2549 758 2654 812 alia
2694 759 2850 827 quasi
2903 774 3134 827 persona
3168 773 3267 828 per
3301 757 3530 812 interro-

1946 850 2221 920 gationem
2290 849 2788 922 [serlnocinationis
2853 851 2967 905 sive
3016 848 3241 921 dialogi]
3288 872 3300 905 :
3341 849 3533 906 Nonne

1951 942 2117 996 Deum
2161 942 2446 996 existimas
2503 941 2838 1013 principium
2880 950 2934 995 et
2978 941 3191 1009 fontem
3230 942 3530 1011 sapientiae,

1947 1034 2155 1104 glorias,
2205 1042 2259 1088 et
2305 1034 2465 1088 simul
2505 1034 2684 1088 omnis
2721 1034 2940 1089 virtutis
2990 1034 3426 1089 substantialiter
3475 1044 3530 1089 et

1950 1141 2058 1180 non
2107 1127 2379 1182 ascititie?
2431 1126 2594 1193 Sane,
2620 1126 2821 1197 inquit,
2850 1127 2945 1181 sed
2976 1126 3101 1195 quid
3136 1127 3238 1181 hoc
3275 1127 3341 1179 ad
3378 1127 3534 1179 rem?

1948 1218 2137 1274 Nonne
2188 1219 2433 1276 absolute
2481 1236 2578 1289 per
2620 1220 2859 1289 seipsum
2908 1218 3179 1289 perfectus
3205 1227 3292 1273 est
3329 1228 3383 1272 et
3411 1220 3533 1271 nul-

1950 1311 2055 1366 lius
2082 1311 2365 1380 indigens?
2412 1312 2490 1365 lta
2533 1320 2639 1367 est.
2694 1311 3037 1382 lmpossibile
3065 1311 3210 1366 enim
3250 1319 3353 1376 est,
3384 1318 3445 1363 ut
3479 1310 3533 1363 id

1950 1407 2095 1476 quod
2151 1407 2350 1461 nullius
2395 1406 2625 1477 indiget,
2667 1406 2738 1461 sit
2784 1414 3006 1474 propter
3038 1404 3271 1459 alterum
3303 1403 3532 1473 aliquid,

1952 1497 2138 1571 [quam
2189 1497 2379 1571 etiam]
2454 1498 2652 1554 nullius
2704 1497 2969 1568 indigens.
3027 1496 3367 1567 lmpossibile
3424 1478 3538 1568 [in4

1951 1592 2163 1666 quam].
2200 1592 2476 1663 Quidquid
2522 1592 2669 1646 enim
2705 1602 2927 1662 pr0pter
2956 1590 3190 1644 alterum
3231 1588 3537 1658 perfectum

1951 1699 2056 1756 est,
2100 1702 2327 1744 necesse
2374 1696 2461 1742 est
2522 1686 2734 1742 dicatur
2785 1682 3190 1755 imperfectum.
3244 1681 3359 1736 Hoc
3392 1680 3538 1741 enim

1953 1782 2127 1836 solum
2152 1780 2295 1851 quod
2324 1785 2550 1850 propter
2574 1778 2819 1847 seipsum
2851 1777 2933 1831 sui
2963 1775 3133 1845 ipsius
3162 1772 3428 1844 perfectio
3455 1779 3544 1826 est

1951 1883 2005 1927 et
2035 1872 2087 1927 in
2116 1872 2297 1941 seipso
2332 1878 2537 1937 manet,
2580 1867 2885 1939 perfectum
2914 1880 3036 1923 esse
3058 1865 3387 1921 censendum
3418 1862 3541 1917 est?

1956 1965 2252 2020 Verissime
2301 1978 2513 2019 censes.
2547 1961 2701 2029 Quod
2736 1970 2918 2016 autem
2970 1973 3147 2028 neque
3193 1958 3388 2025 ipsum,
3422 1964 3547 2023 pro-

1953 2066 2075 2128 pter
2101 2057 2367 2125 seipsum,
2434 2053 2802 2123 nequeipsum
2839 2052 2923 2107 sui
2961 2050 3129 2120 ipsius
3154 2058 3236 2103 est
3264 2046 3543 2117 perfectio.

1953 2150 2104 2205 dices
2144 2147 2307 2201 alieni
2361 2160 2468 2200 non
2501 2143 2792 2214 egentem?
2818 2142 3194 2211 Nequaquam.
3246 2138 3388 2193 Deus
3418 2151 3549 2204 ergo

1956 2253 2060 2292 non
2121 2234 2401 2307 perfectus
2448 2243 2674 2304 propter
2724 2232 2872 2287 aliud
2924 2230 3358 2287 cxistimabitur.
3396 2228 3551 2297 Quod

1954 2331 2099 2384 enim
2126 2336 2352 2399 propter
2380 2326 2526 2381 aliud
2556 2324 2854 2395 perfectum
2887 2334 2991 2389 est,
3014 2338 3191 2377 nonne
3218 2331 3304 2376 est
3326 2335 3548 2376 necesse

1956 2429 2017 2476 ut
2085 2422 2138 2476 id
2191 2421 2245 2475 in
2309 2419 2492 2487 seipso
2520 2417 2595 2473 sit
2624 2414 3044 2486 imperfectum?
3074 2414 3327 2469 Necesse.
3359 2411 3550 2466 Nonne

1957 2529 2086 2586 ergo
2131 2513 2273 2568 Deus
2330 2513 2445 2581 ipse
2492 2519 2718 2582 propter
2767 2510 3005 2578 seipsum
3062 2518 3119 2563 et
3163 2523 3271 2562 non
3327 2516 3552 2578 propter

1958 2608 2105 2662 aliud
2154 2606 2430 2677 perlectus
2493 2602 2865 2674 judicabitur?
2938 2602 3286 2657 Rectissime.
3356 2599 3553 2654 Nonne

1960 2697 2103 2753 aliud
2154 2706 2240 2751 est
2280 2696 2422 2751 Deus
2453 2694 2664 2759 mundi,
2705 2703 2762 2749 et
2788 2693 2934 2748 aliud
2969 2694 3202 2748 mundus
3248 2693 3389 2748 Dei?
3419 2691 3552 2748 Oln-

1963 2791 2111 2846 nino.
2159 2788 2275 2844 Non
2322 2789 2493 2860 igitur
2545 2786 2686 2844 Deus
2735 2797 2792 2843 et
2829 2798 3047 2843 creator
3090 2797 3144 2842 et
3186 2787 3552 2857 omnipotens,

1962 2881 2237 2952 perfectus
2288 2891 2374 2936 est
2421 2879 2686 2936 dicendus
2734 2888 2961 2950 propter
2992 2877 3291 2932 mundum?
3340 2875 3555 2946 Nequa-

1963 2989 2149 3044 quam,
2180 2988 2250 3029 ne
2295 2983 2520 3044 propter
2550 2972 2836 3037 mundum,
2870 2971 3173 3041 praesertim
3210 2968 3551 3035 mutabilem,

1965 3084 2030 3124 ac
2060 3083 2166 3123 non
2209 3076 2434 3137 propter
2473 3067 2712 3137 seipsum
2753 3063 2984 3139 [ponus]
3016 3065 3230 3120 dicatur
3259 3063 3553 3117 secundum

260 3148 449 3217 ταύτῃ
475 3146 729 3198 πλούσιον
749 3146 846 3199 καὶ
879 3145 1179 3217 εὐεργέτην
1205 3145 1300 3198 καὶ
1346 3143 1680 3214 δημιουργὸν
1732 3143 1855 3213 κλη-

1968 3175 2027 3216 se
2060 3160 2357 3230 perfectus,
2395 3158 2591 3214 merito
2630 3157 3042 3213 convenienter.
3082 3153 3448 3223 Quamobrem
3477 3154 3558 3206 di—

264 3243 427 3309 τέον;
459 3240 747 3311 Οὐδαμῶς,
775 3238 957 3307 ἄπαγε
979 3236 1047 3292 ⁸³.
1066 3237 1277 3292 Οὐκοῦν
1296 3238 1458 3302 αὐτὸς
1477 3235 1671 3291 ἑαυτοῦ
1689 3236 1856 3290 πλοῦ-

269 3353 388 3400 τος,
425 3335 523 3388 καὶ
556 3333 623 3387 δι’
673 3333 837 3387 αὑτὸν
868 3331 1123 3396 πλούσιος
1159 3332 1255 3385 καὶ
1307 3331 1533 3396 δυνατὸς
1567 3330 1855 3401 τυγχάνεις

274 3429 519 3482 ”Εοικεν.
558 3421 667 3479 Ἦν
700 3424 809 3496 ἄρα
837 3423 934 3478 καὶ
971 3423 1078 3494 πρὸ
1098 3424 1305 3494 κόσμου
1335 3422 1515 3491 πάντη
1545 3419 1859 3492 ἀπροσδεὴς

266 3520 353 3575 ὣν
384 3521 478 3574 καὶ
515 3517 708 3589 Πατὴρ
755 3517 852 3571 καὶ
920 3516 1318 3587 παντοκράτωρ
1367 3514 1464 3569 καὶ
1494 3513 1852 3585 δημιουργὸς,

264 3618 426 3676 ὅπως
447 3613 494 3645 ⁸³
534 3614 604 3667 δι’
634 3610 846 3677 ἑαυτὸν,
905 3607 1042 3662 ἀλλά
1101 3608 1176 3678 μὴ
1227 3607 1296 3660 δι’
1331 3607 1519 3677 ἕτερον
1576 3604 1749 3659 ταῦτα
1789 3599 1854 3677 ᾖ;

282 3708 550 3778 Ἀνάγκη.
585 3705 648 3757 Εἰ
670 3703 778 3773 γάρ
798 3701 886 3755 διὰ
917 3700 1121 3770 κόσμον
1137 3699 1231 3753 καὶ
1258 3699 1378 3769 οὐχὶ
1406 3697 1475 3751 δι’
1506 3696 1718 3761 ἑαυτὸν,
1739 3696 1858 3749 ἓτε-

274 3820 375 3872 ρος
396 3801 471 3853 ὢν
519 3799 727 3868 κόσμου
757 3796 825 3862 ⁸⁸,
860 3792 1258 3862 παντοκράτωρ
1319 3789 1640 3861 γνωρίζοιτρ
1700 3787 1860 3858 (συγ-

271 3894 504 3962 γνώμην
519 3894 548 3944 6
567 3892 722 3956 Θεὸς,
745 3887 1128 3958 ἀναγκάζομαι
1155 3884 1265 3955 γὰρ
1278 3882 1439 3937 τοῦτο
1454 3880 1672 3953 εἰπεῖν),
1698 3882 1859 3945 αὐτὸς

274 3985 401 4039 καθ’
432 3986 627 4038 ἑαυτὸν
660 3980 860 4051 ἀτελὴς
879 3981 925 4012 ⁸⁸
958 3978 1112 4032 ἔσται
1135 3976 1180 4009 ⁸⁸
1208 3977 1306 4031 καὶ
1340 3974 1615 4047 προσδεὴς
1653 3973 1862 4027 τούτων

269 4080 346 4133 δι’
382 4078 418 4133 ἃ
446 4074 845 4147 παντοκράτωρ
905 4072 1003 4126 καὶ
1059 4068 1390 4141 δημιουργός
1430 4069 1621 4133 ὲστιν;
1658 4065 1861 4137 Ὑπερ-

269 4171 453 4241 φυῶς.
469 4170 584 4223 Οὐκ
601 4169 709 4239 ἄρα
724 4164 1050 4220 ἀποδεκτέον
1069 4162 1274 4233 ταύτην
1297 4162 1395 4233 τὴν
1412 4161 1658 4232 ὀλέθριον
1680 4160 1864 4231 ἀμαρ-

266 4264 398 4317 τίαν
426 4262 558 4332 περὶ
596 4257 734 4312 Θεοῦ
786 4257 895 4311 τῶν
942 4252 1213 4323 λεγόντων
1256 4251 1677 4321 παντοκράτορα
1702 4250 1799 4303 καὶ
1816 4248 1862 4280 ⁸⁷

267 4353 612 4427 δημιουργὸν
633 4350 723 4406 διά
749 4350 822 4404 τά
856 4347 1205 4419 κρατούμενα
1233 4345 1331 4399 καὶ
1377 4343 1864 4416 δημιουργούμενα

267 4448 513 4523 τρεπτὰ,
544 4445 661 4501 ἀλλ’
687 4445 749 4499 οὐ
772 4443 840 4498 δι’
872 4443 1063 4498 ἑαυτὸν
1080 4438 1222 4495 εἶναι
1247 4440 1342 4494 τὸν
1386 4439 1539 4495 Θεόν.

1966 3264 2085 3314 ves,
2124 3262 2304 3303 nonne
2345 3257 2571 3316 propter
2599 3247 2823 3301 divitias
2865 3246 3018 3300 dives
3049 3243 3407 3314 appellandus
3440 3241 3558 3296 est?

1965 3336 2153 3391 Recte.
2180 3334 2248 3389 Et
2292 3335 2509 3403 sapiens
2536 3333 2835 3388 secundum
2871 3331 3343 3401 participationem
3372 3344 3559 3385 essen-

1966 3425 2111 3481 tialis
2135 3424 2437 3496 sapientia,
2474 3425 2567 3494 qui
2596 3438 2702 3477 non
2732 3432 2815 3477 est
2849 3422 2965 3492 ipsa
3000 3421 3297 3491 sapientia,
3337 3421 3559 3489 sapiens

1968 3528 2151 3571 tamen
2203 3514 2465 3569 dicendus
2495 3513 2622 3568 est?
2672 3511 2840 3566 Sane.
2906 3512 2988 3566 An
3020 3526 3152 3580 ergo
3181 3522 3238 3567 et
3270 3512 3430 3576 Deus,
3462 3512 3555 3579 qui

1967 3624 2074 3664 non
2111 3616 2197 3663 est
2232 3606 2491 3669 mundus,
2525 3614 2749 3675 propter
2772 3604 3036 3658 mundum
3067 3613 3246 3657 tamen
3278 3602 3356 3657 sic
3385 3603 3557 3667 dives,

1966 3702 2281 3759 benefactor
2331 3709 2387 3755 et
2406 3710 2622 3755 creator
2651 3697 3015 3753 nominandus
3039 3697 3160 3752 est?
3185 3696 3558 3769 Nequaquam,

1967 3811 2159 3867 apage.
2215 3792 2404 3847 Nonne
2457 3793 2572 3861 ipse
2626 3791 2679 3845 in
2727 3790 2913 3858 seipso
2963 3797 3017 3843 et
3066 3798 3288 3858 propter
3318 3790 3560 3856 seipsum

1969 3895 2121 3949 dives
2159 3904 2224 3946 ac
2271 3900 2465 3959 potens
2512 3885 2627 3941 est?
2670 3883 2913 3939 Videtur.
2971 3883 3176 3938 Eratne
3224 3881 3387 3935 etiam
3429 3890 3560 3933 ante

1970 3982 2155 4039 mundi
2197 3979 2559 4041 molitionem,
2611 3975 2837 4030 omnino
2882 3973 3049 4028 nullis
3104 3969 3374 4040 indigens,
3408 3977 3561 4039 pater

1970 4088 2164 4145 nempe
2197 4082 2253 4129 et
2294 4071 2663 4140 omnipotens,
2710 4076 2767 4122 et
2797 4074 3034 4129 creator,
3075 4063 3209 4118 adeo
3251 4071 3311 4115 ut
3340 4070 3561 4131 propter

1967 4170 2210 4239 seipsum
2258 4174 2446 4221 etnon
2499 4170 2723 4233 propter
2761 4157 2912 4213 aliud
2962 4157 3033 4212 sit
3062 4157 3177 4211 haec
3203 4152 3430 4209 omnia?
3456 4150 3563 4206 Ne-

1969 4255 2274 4314 cessarium
2325 4262 2428 4309 est.
2487 4251 2544 4307 Si
2592 4252 2735 4306 enim
2778 4258 2998 4318 propter
3045 4246 3328 4310 mundum,
3370 4251 3422 4298 et
3454 4255 3563 4295 non

1967 4357 2188 4421 propter
2228 4347 2469 4417 seipsum
2519 4344 2661 4399 alius
2703 4357 2731 4397 ll
2762 4342 2963 4395 mundo
2996 4339 3290 4400 exsistens,
3323 4333 3561 4400 omnipo-

1969 4454 2092 4497 tens
2124 4453 2249 4495 esse
2277 4436 2678 4507 intelligeretur
2699 4433 2857 4505 (pace
2890 4440 2977 4485 tua
2995 4430 3157 4492 Deus,
3191 4442 3356 4496 cogor
3386 4426 3459 4479 ita
3487 4427 3564 4475 Io-

273 4544 417 4616 quii;
462 4546 579 4615 ipse
621 4542 921 4598 secundum
950 4539 1192 4610 seipsum
1233 4535 1588 4608 imperfectus
1615 4544 1787 4603 esset,
1815 4548 1872 4594 et
1908 4537 2161 4610 indigens
2192 4535 2299 4601 llis,
2336 4548 2572 4605 quorum
2618 4543 2781 4585 causa
2827 4526 3177 4594 omnipotens
3236 4530 3290 4577 et
3351 4532 3566 4575 creator

276 4614 826 4709 estsupernaluralis.
855 4632 1205 4704 Rejiciendus
1222 4645 1353 4701 ergo
1374 4629 1715 4701 perniciosus
1728 4646 1888 4687 error
1911 4646 2126 4696 eorum,
2155 4629 2249 4699 qui
2273 4628 2464 4684 dicunt
2489 4626 2554 4679 de
2574 4623 2704 4687 Deo,
2737 4620 2904 4674 Deum
2925 4633 3029 4674 non
3057 4624 3279 4687 propter
3296 4614 3562 4681 seipsum,

279 4734 378 4791 sed
424 4743 641 4802 propter
693 4728 891 4801 303a
932 4723 1207 4794 subiectas
1255 4738 1344 4779 res
1391 4730 1447 4777 et
1487 4730 1723 4790 creatas,
1775 4739 1899 4796 quae
1948 4725 2240 4781 mutabiles
2279 4732 2430 4787 sunt,
2462 4733 2587 4775 esse
2623 4719 3051 4787 omnipotentem
3086 4723 3140 4768 et
3168 4721 3494 4767 creatorem.

355 4828 499 4898 Ὅρα
523 4826 580 4879 δὲ
612 4823 709 4877 καὶ
738 4815 862 4875 ὦδε*
897 4819 961 4872 Εἰ
992 4816 1242 4885 ὓστερον,
1282 4814 1443 4887 ἔφης,
1496 4815 1796 4887 πεποίηται
1832 4816 1855 4869 6

2032 4815 2206 4871 Etiam
2249 4813 2322 4868 ita
2358 4810 2688 4866 ratiocinare
2715 4824 2729 4861 :
2755 4807 2813 4861 Si
2850 4820 2954 4860 non
2987 4803 3057 4858 ab
3095 4815 3323 4867 aeterno,
3361 4803 3569 4873 inquis,

274 4922 483 4990 κόσμος
516 4916 591 4989 μὴ
619 4912 886 4986 πρότερον
900 4909 947 4943 ⁸⁸
973 4907 1071 4975 ὢν,
1091 4906 1449 4977 μεταϐάλλειν
1489 4907 1705 4978 ἀνάγκη
1770 4907 1862 4960 τὸν

272 5011 468 5083 ἀπαθῆ
501 5009 597 5063 καὶ
611 5005 969 5063 ἀναλλοίωτον
987 5001 1121 5054 Θεόν
1149 5015 1163 5029 ’
1194 5000 1287 5053 τὸν
1310 5000 1420 5070 γὰρ
1442 4999 1702 5054 ποιοῦντα
1730 5000 1867 5071 πρό-

271 5121 440 5177 τερον
474 5103 663 5176 μηδὲν,
698 5098 928 5169 ὕστερον
956 5096 1038 5160 δὲ,
1066 5094 1175 5148 ἀπὸ
1209 5093 1303 5147 τοῦ
1359 5093 1435 5164 μὴ
1469 5094 1643 5147 ποιεῖν
1696 5094 1775 5157 εἰς
1808 5093 1869 5146 τὸ

274 5197 457 5251 ποιεῖν
491 5190 851 5266 μεταδάλλειν
870 5187 969 5246 καὶ
994 5183 1344 5240 ἀλλοιοῦσθαι
1364 5184 1602 5254 ἀνάγκη.
1643 5185 1870 5253 Ἔλεγον

275 5291 413 5360 γάρ’
434 5287 721 5344 Πέπαυται
750 5283 809 5337 δὲ
825 5279 924 5336 τοῦ
954 5279 1131 5334 ποιεῖν
1150 5294 1285 5333 ποτε
1304 5277 1397 5331 τὸν
1421 5277 1628 5347 κόσμον
1660 5279 1689 5330 6
1714 5276 1870 5340 Θεὸς,

274 5381 315 5453 ἢ
350 5378 449 5447 ob;
490 5378 797 5432 Πέπαυται.
859 5370 1029 5427 Οὔπω
1068 5368 1179 5440 γάρ
1220 5364 1292 5439 ἦν
1327 5366 1751 5439 τετελειωμένος
1779 5368 1867 5427 ἄν.

290 5474 545 5546 Ἀληθές.
577 5472 641 5527 Εἰ
670 5465 766 5526 οὖν
792 5468 856 5524 τὸ
878 5468 1053 5523 ποιεῖν
1068 5465 1135 5520 ὲκ
1151 5462 1244 5518 τοῦ
1278 5461 1355 5533 μὴ
1378 5462 1556 5515 ποιεῖν
1577 5460 1868 5515 ἀλλοίωσιν

1973 4906 2208 4962 mundus
2235 4912 2319 4960 est
2356 4901 2630 4966 conditus,
2676 4909 2731 4954 et
2768 4897 2899 4952 olim
2936 4911 3044 4950 non
3076 4894 3200 4963 fuit,
3234 4909 3457 4949 necesse
3485 4905 3569 4949 est

1974 5000 2143 5055 Deum
2174 4994 2530 5067 impatibilem
2555 5002 2609 5047 et
2645 4987 3040 5045 inalterabilem
3073 4986 3293 5041 mutari.
3352 4984 3568 5039 Etenim

1977 5103 2207 5146 necesse
2249 5096 2335 5143 est
2379 5085 2529 5140 illum
2572 5083 2726 5153 prius
2778 5080 2913 5135 nibil
2954 5079 3248 5134 facientem
3277 5091 3307 5130 a
3344 5092 3449 5130 non
3489 5076 3569 5130 fa-

1978 5181 2175 5238 ciendo
2223 5184 2289 5234 ad
2326 5176 2637 5231 faciendum
2695 5172 2929 5227 transire
2951 5181 3007 5224 et
3042 5167 3236 5227 mutari
3265 5183 3285 5233 ;
3315 5166 3570 5220 (licebunt

1978 5274 2196 5329 enim:
2276 5268 2632 5340 Requievitne
2714 5264 2855 5319 Deus
2921 5279 2951 5317 a
3042 5262 3245 5316 mundo
3321 5261 3569 5314 faciendo

1979 5364 2183 5421 necne?
2218 5361 2534 5431 Requievit;
2588 5357 2790 5428 alioqui
2829 5356 2972 5411 enim
2999 5357 3235 5410 nondum
3267 5360 3415 5407 esset
3442 5368 3568 5420 pur-

1982 5460 2173 5514 lectus.
2209 5455 2287 5509 Ita
2335 5463 2439 5509 est.
2470 5452 2525 5506 Si
2554 5466 2686 5522 ergo
2715 5451 2917 5511 facere,
2957 5464 2985 5500 a
3018 5463 3123 5501 non
3157 5444 3425 5504 faciendo,
3462 5445 3572 5497 Deo

1598 5596 1684 5650 VA
1696 5594 1837 5651 RIIE
1880 5589 2182 5650 LECTION
2192 5588 2295 5642 ES.

361 5700 408 5732 ‘“
444 5696 668 5770 φατέον]
699 5696 836 5770 φατέ
858 5694 967 5750 AC.
1045 5693 1088 5725 ⁸¹
1120 5688 1751 5770 κόσμουλῌιηξίκόσμον.
1777 5768 1784 5770 _
1830 5682 2113 5770 ⁸¹ῃάπαγε]
2147 5677 2544 5770 οὐδαμὶῶςιθ-ζ-
2571 5677 2757 5770 l‘jnpost
2779 5677 2834 5770 6;

1169 5739 1790 5833 ὶῐᾟὲὲλῆξ“ι]ἰξρὁὲίύέιι
1823 5756 1933 5812 ΑΒ.
2010 5739 2053 5787 δέ
2094 5739 2549 5825 ἐσταιὶξᾶνεσται
2589 5739 2668 5800 l-c‘.
2704 5747 2767 5808 A,
2807 5740 2871 5796 ἄν
2907 5739 2963 5791 Β.

279 5772 405 5833 τός.
458 5766 523 5803 “⁸⁸
548 5768 623 5823 ῶν
647 5766 743 5821 καὶ
767 5766 973 5835 κόσμου
1012 5782 1073 5832 ς.

286 5842 515 5899 καξΑΒ.
621 5840 667 5870 ⁸⁸
706 5838 969 5909 πρότερος
1000 5839 1061 5890 Λ.

2571 5675 2615 5705 ⁵³
2642 5681 2757 5741 post
2779 5672 2935 5741 ὅπως
2970 5682 3092 5741 cum
3117 5664 3207 5719 ΑΒ
3265 5666 3423 5719 omisi
3462 5668 3571 5741 es"-

3045 5737 3085 5767 ’⁸⁷
3131 5752 3395 5807 παντοκρ.
3430 5734 3577 5795 εἶναι
