3954 6464
478 356 612 423 1143

1637 358 1900 418 PIIOTII
1941 358 2444 420 PATRIARCHJ‘I
2482 360 2594 419 CP.

3602 352 3726 414 1144

476 466 855 523 alterationem
892 467 1068 533 affert,
1106 481 1284 523 nonne
1338 468 1499 521 etiam
1533 484 1636 522 nou
1672 470 1870 527 facere,
1906 482 1934 519 a
1968 469 2051 519 fa-

2178 469 2247 520 εοῦ
2279 467 2413 520 Θεοῦ
2431 464 2885 535 καταψηφίζεται,
2928 463 3048 535 οὐχὶ
3070 465 3164 518 καὶ
3205 463 3265 516 τὸ
3311 461 3393 533 μὴ
3444 459 3627 514 ποιεῖν
3672 462 3731 514 ὲκ

476 561 712 615 ciendo?
744 542 823 614 ita
871 576 1113 630 prorsus.
1151 560 1417 615 Mutatnm
1459 572 1638 615 autem
1679 561 1891 616 diceres
1928 576 2052 615 eum

478 654 637 706 hodie
666 662 1004 721 operantem,
1035 654 1100 707 ab
1135 668 1199 707 eo
1230 654 1371 723 quod
1409 664 1531 710 erat
1556 670 1678 709 cum
1721 669 1828 708 non
1871 669 2053 722 opera-

482 746 675 799 retur?
704 745 1073 815 Nequaquam.
1103 745 1291 815 Neque
1335 762 1465 817 ergo
1506 747 1628 801 ideo
1676 746 1825 799 illum
1855 746 2052 799 mutari

481 849 703 888 necesse
759 835 884 899 erit,
939 836 1081 905 quod
1128 834 1291 888 faciat
1340 836 1622 900 mundum,
1680 836 1856 888 abeo
1912 833 2054 901 quod

480 935 616 990 erat,
644 929 861 994 quando
895 941 1001 979 non
1045 926 1299 981 faciebat.
1341 927 1518 995 Atque
1553 924 1675 996 [ita]
1743 939 1846 979 non
1872 939 2057 979 neces-

479 1018 625 1070 sario
673 1017 960 1071 dicen‘llum
1006 1020 1109 1073 erit
1153 1019 1256 1074 huc
1286 1019 1596 1073 universum
1628 1018 1899 1073 exsistere
1929 1033 2053 1072 cum

482 1107 572 1163 illo
624 1119 842 1179 propter
889 1110 992 1163 hoc
1040 1111 1214 1179 ipsum
1254 1110 1329 1163 illi
1375 1119 1724 1173 cozeternum,
1788 1123 1855 1163 ne
1892 1122 2054 1178 coga-

482 1217 602 1255 mur
632 1202 810 1257 dicere
843 1202 987 1256 illum
1014 1218 1133 1258 esse
1171 1212 1456 1256 mutatum.

552 1292 712 1363 Atqui
749 1296 829 1347 sic
864 1309 1075 1347 mecum
1111 1294 1429 1363 disputant:
1467 1294 1757 1349 Diceresne
1790 1295 2053 1365 genitum,

478 1386 621 1453 quod
652 1386 1021 1455 generationis
1053 1386 1380 1456 principium
1408 1402 1511 1439 non
1539 1387 1736 1441 habet?
1760 1384 1877 1442 Non
1902 1388 2059 1457 equi-

480 1480 623 1532 dem.
671 1477 822 1545 Quod
868 1480 1011 1533 enim
1062 1487 1217 1534 caret
1243 1480 1613 1549 generationis
1642 1480 1932 1550 principio,
1962 1495 2057 1535 ne-

478 1570 715 1624 cessario
737 1578 821 1625 est
850 1569 1173 1641 ingenitum.
1211 1568 1268 1624 Si
1301 1579 1480 1624 autem
1523 1571 1764 1640 genitum
1800 1580 1907 1639 est,
1931 1585 2060 1625 con-

478 1660 626 1715 cedis
660 1662 728 1716 ab
772 1661 949 1732 aliqua
998 1677 1162 1718 causa
1198 1677 1320 1718 esse
1349 1663 1591 1734 genitum
1623 1677 1888 1732 :prorsus
1911 1662 2056 1717 enim

478 1751 817 1821 impossibile
862 1762 945 1808 est
982 1753 1099 1808 sine
1128 1768 1293 1809 causa
1318 1754 1729 1824 generationem
1757 1754 1917 1810 esse?
1947 1754 2057 1809 lm-

2157 560 2249 614 τοῦ
2273 559 2401 632 [μὴι
2440 562 2645 624 ποιεῖν;
2697 559 2956 629 Ἀνάγκη.
3009 555 3367 611 Ἦλλοιῶσθαι
3415 552 3478 606 δὲ
3510 552 3670 604 αὐτὸν
3691 553 3730 585 δ’

2157 656 2323 726 φαίης
2351 655 2426 725 μὴ
2452 654 2711 708 ποιοῦντα
2736 655 2977 722 σήμερον
3009 649 3136 720 παρ’
3156 648 3186 701 ὃ
3212 644 3278 718 ἦν
3313 648 3413 701 ὅτε
3460 643 3730 706 innisi“;

2158 748 2446 817 Οὐδαμῶς.
2471 747 2592 800 Οὐδ’
2622 746 2730 816 ἄρα
2760 744 2837 799 ὅτ’
2866 743 3041 797 ἐποίει
3070 742 3167 795 τὸν
3222 739 3461 810 κόσμον,
3514 734 3732 805 ἠλλοιῶ-

2158 843 2281 896 σθαι
2311 842 2471 896 αὐτὸν
2505 841 2719 910 ἀνάγκη
2752 838 2883 910 παρ’
2920 839 2948 892 ὃ
2994 833 3065 909 ἦν
3102 836 3195 890 ὅτε
3228 837 3328 889 οὐκ
3368 832 3561 887 ἐποίει
3589 847 3607 862 ·
3648 832 3736 884 καὶ

2156 935 2281 988 οὔτε
2316 934 2531 1005 ἀνάγκη
2580 933 2944 1004 συνυπάρχειν
2984 929 3133 1001 αὺτῷ
3157 929 3219 983 τὸ
3267 931 3380 982 πᾶν
3418 928 3506 980 δεῖ
3544 924 3734 993 λέγειν,

2156 1029 2246 1083 διὰ
2269 1028 2330 1082 τὸ
2357 1028 2431 1098 μὴ
2448 1026 2856 1095 ἀναγκάζεσθαι
2882 1025 3064 1094 λέγειν
3100 1024 3228 1097 [496
3255 1021 3351 1094 H.]
3375 1019 3729 1091 ἠλλοιῶσθαι,

2157 1120 2279 1175 οὔτε
2306 1121 2351 1152 ³⁸
2377 1119 2642 1174 συναῖδιον
2665 1118 2733 1172 δι’
2761 1117 2893 1173 αὐτὸ
2913 1116 3091 1171 τοῦτο.

2230 1298 2339 1355 Καί
2374 1316 2463 1370 μοι
2483 1296 2679 1368 eam”
2701 1294 2795 1349 καὶ
2830 1285 2934 1348 ὧδε
2960 1309 2974 1323 ⁸
3006 1291 3241 1363 Γενητὺν
3267 1290 3326 1344 τὸ
3354 1287 3439 1360 μὴ
3479 1286 3738 1354 γενέσεως

2158 1392 2280 1463 ἕχον
2314 1389 2489 1462 ἀρχὴν
2523 1388 2689 1459 φαίης
2716 1386 2815 1451 άν;
2850 1385 2925 1439 Οὐ
2970 1384 3109 1453 δῆτα
3133 1399 3145 1414 ·
3180 1384 3231 1436 εί
3279 1380 3394 1451 γὰρ
3434 1380 3513 1449 μὴ
3553 1378 3737 1433 ὑποπί-

2159 1499 2285 1536 πτει
2314 1482 2581 1551 γενέσεως
2610 1478 2777 1549 ἀρχῇ,
2806 1475 2866 1541 ἐξ
2887 1475 3133 1543 ἀνάγκης
3167 1470 3439 1540 ἀγένητόν
3475 1470 3647 1522 ἐστιν.
3686 1467 3736 1519 Εἰ

2158 1574 2215 1628 δὲ
2253 1574 2499 1643 γέγονεν,
2519 1570 2624 1624 ὑπὸ
2644 1568 2819 1625 αἰτίου
2853 1567 2999 1630 τινὸς
3045 1565 3202 1627 δίδως
3230 1562 3369 1619 αὐτὸ
3425 1558 3729 1629 γεγονέναι·

2160 1668 2338 1737 πάντη
2393 1664 2501 1737 γάρ
2548 1662 2814 1717 ἀδύνατον
2866 1661 3039 1731 χωρὶς
3076 1658 3253 1712 αἰτίου
3308 1655 3539 1725 γένεσιν
3569 1651 3731 1721 ἕχεινς

2175 1760 2482 1815 Ἀδύνατον.
2518 1757 2740 1827 Κόσμον
2755 1756 2821 1827 δὴ
2850 1753 2964 1819 οὖν,
2991 1753 3085 1807 καὶ
3114 1751 3216 1806 ὅσα
3237 1751 3295 1802 ὲν
3319 1746 3506 1817 αὐτῷ,
3528 1744 3733 1800 ἄλλου¹³

475 1818 754 1914 possibile.
806 1842 997 1899 Nonne
1045 1860 1175 1916 ergo
1219 1855 1275 1900 et
1322 1818 1611 1909 mundum,
1642 1854 1696 1901 et
1723 1862 2055 1916 quacunque

2178 1854 2306 1917 τινὸς
2339 1853 2373 1923 ἢ
2438 1849 2575 1905 Θεοῦ
2627 1818 3091 1920 δημιουργοῦντος
3138 1844 3389 1914 φήσομεν
3462 1836 3730 1905 γεγονέναι

478 1948 606 2007 sunt
644 1937 698 1991 in
734 1937 866 1992 illo?
896 1937 1086 1993 Nonne
1114 1939 1198 1992 vel
1229 1940 1296 1991 ab
1329 1938 1535 2006 aliquo,
1558 1938 1641 1992 vel
1677 1937 1786 1993 Deo
1808 1949 2056 1995 creatore

480 2042 666 2099 postea
709 2031 909 2086 factum
960 2032 1202 2086 dicemus
1238 2047 1360 2084 cum
1393 2032 1542 2096 prius
1574 2046 1678 2086 non
1719 2031 2059 2088 essettPer-

481 2121 734 2190 spicuum
768 2130 851 2177 est
884 2137 915 2177 a
949 2123 1076 2176 Deo.
1115 2120 1453 2191 lmpossibile
1493 2122 1638 2175 enim
1684 2132 1785 2190 est,
1826 2133 1885 2178 ut
1915 2124 2058 2193 quod

480 2214 848 2282 generationis
893 2214 1156 2283 principio
1210 2214 1702 2283 circumscribitur,
1744 2217 1796 2271 id
1846 2217 2059 2273 infinito

481 2318 604 2358 esse
633 2303 1005 2358 coiufinitum?
1037 2304 1392 2374 lmpossibile.

557 2395 696 2465 Ergo
743 2396 963 2461 iterum,
1017 2407 1294 2465 ceutaure,
1327 2402 1392 2454 ad
1451 2402 1775 2472 principium
1825 2402 2067 2472 disputav-

487 2486 651 2542 tionis
700 2500 1063 2544 revertamur.
1103 2491 1472 2549 Allirmatisne
1533 2509 1595 2548 ea
1619 2510 1738 2565 quae
1771 2496 2063 2563 exsistunt,

490 2580 670 2632 divina
710 2580 935 2635 scientia
994 2580 1133 2638 facta
1184 2600 1305 2639 esse
1339 2587 1549 2641 necne?
1595 2588 1793 2641 lterum
1837 2588 2055 2642 dicent:

484 2672 703 2727 Minime
725 2672 861 2743 (84),
878 2674 969 2728 sed
987 2674 1055 2729 ab
1075 2675 1378 2741 elementis,
1398 2678 1479 2733 vel
1501 2681 1746 2747 materia,
1775 2690 1867 2734 aut
1887 2679 2070 2734 firma-

484 2765 707 2829 mentis,
759 2776 853 2819 aut
901 2766 1099 2835 quibus
1153 2766 1269 2821 hate
1315 2769 1497 2824 verbis
1560 2771 1834 2840 appellare
1884 2772 2069 2837 vultis,

484 2856 623 2909 nihil
677 2857 822 2911 enim
872 2858 1123 2912 interest.
1186 2858 1285 2913 His
1339 2862 1485 2914 enim
1537 2861 1742 2930 absque
1796 2865 2073 2919 creatione

485 2945 1009 3015 praeexsistentihus,
1030 2960 1342 3019 temereque
1358 2950 1756 3019 oberrantibus,
1774 2952 1914 3007 Deus
1933 2953 2071 3028 [illa]

486 3051 800 3102 secernens,
856 3040 1041 3093 omnia
1088 3039 1383 3096 fabricatus
1432 3053 1537 3108 est,
1599 3043 1747 3098 velut
1803 3056 2073 3115 praastans

2166 1947 2413 2017 ὕστερον,
2464 1943 2733 2015 πρότερον
2752 1941 2799 1975 ⁵⁸⁵
2846 1940 2948 1993 οὐκ
3008 1938 3172 2003 bina;
3218 1933 3392 2005 Δῆλον
3452 1932 3539 1985 ὅτι
3594 1926 3726 1982 Θεοῦ.

2180 2040 2464 2095 Ἀδύνατον
2491 2036 2603 2108 γὰρ
2636 2036 2697 2089 τὸ
2734 2032 3006 2102 γενέσεως
3040 2032 3188 2103 ἀρχῇ
3228 2023 3590 2099 περιορισθὲν
3625 2038 3728 2075 συνο

2168 2135 2475 2206 απέραντον
2496 2131 2542 2163 ⁵⁸
2567 2127 2707 2184 εἶναι
2726 2129 2807 2198 τῷ
2827 2126 3151 2197 emam;
3186 2121 3503 2176 Ἀδύνατον.

2239 2403 2410 2459 Πάλιν
2428 2401 2492 2472 δὴ
2512 2396 2627 2465 οὖν,
2659 2394 2705 2451 ὣ
2745 2397 3048 2465 Κένταυρε,
3085 2393 3145 2458 ἐξ
3187 2388 3366 2459 ἀρχῆς
3414 2383 3730 2452 διαλεγώμεο

2170 2498 2238 2552 θα
2256 2497 2321 2549 ⁸⁸.
2349 2494 2482 2566 Θεία
2518 2493 2800 2562 ἐπιστήμῃ
2823 2489 2895 2542 τά
2930 2488 3062 2541 ὅντα
3084 2478 3220 2553 φατὲ
3245 2478 3563 2549 γεγονέναι,
3595 2474 3624 2544 ἢ
3655 2472 3730 2537 οὓς

2169 2588 2240 2645 ’Ὦ
2259 2590 2397 2663 βάλῃ
2411 2590 2477 2653 ⁵⁷,
2495 2585 2760 2652 λέξουσιν,
2783 2581 3056 2650 οὐδαμῶς,
3078 2577 3211 2632 ἀλλὰ
3229 2577 3340 2630 ἀπὸ
3359 2575 3472 2626 τῶν
3488 2568 3732 2663 στοιχείων

2171 2683 2204 2755 ἢ
2241 2662 2429 2753 ὓληςῆ
2459 2677 2875 2750 στηριγμάτων,
2916 2673 2948 2743 ἦ
2984 2675 3133 2734 ὅπως
3183 2669 3341 2725 αὐτοὶ
3405 2665 3580 2718 ταῦτα
3628 2662 3730 2731 βού-

2171 2777 2329 2831 λεσθε
2357 2773 2646 2844 ὀνομάζειν
2671 2787 2684 2801 '
2718 2769 2870 2823 οὐδὲν
2905 2767 3016 2835 γὰρ
3043 2764 3311 2833 διαφέρει.
3364 2758 3585 2813 Τούτων
3630 2757 3731 2821 ἁγε-

2173 2873 2347 2941 νήτως
2378 2862 2874 2938 προῦφεστηκότων
2903 2861 2997 2913 καὶ
3042 2853 3386 2926 πλημμελῶς
3421 2846 3731 2941 φερομένων.

2175 2965 2205 3017 ό
2228 2939 2363 3024 Θεὸς
2391 2959 2675 3025 διακρίνας
2741 2954 3068 3024 ὲτεχνάσατο
3104 2951 3149 2983 ³⁸
3206 2948 3275 3001 τὰ
3315 2945 3527 3006 πάντα,
3568 2939 3727 3005 ὥσπερ

2175 3051 2380 3122 ἀγαθὸς
2446 3049 2740 3120 ζωγράφος
2802 3043 2912 3100 ἀπὸ
2969 3041 3181 3096 πολλῶν
3249 3034 3566 3108 χρωμάτων
3630 3029 3733 3098 μίαν

486 3129 663 3198 pictor
709 3146 775 3186 ex
822 3130 1007 3187 multis
1047 3134 1321 3189 coloribus
1374 3150 1536 3188 unam
1593 3138 1849 3205 exprimit
1895 3139 2067 3193 ideam

2178 3146 2579 3217 τεχνησάμενος
2615 3141 2791 3204 ἰδέαν;
2820 3138 2944 3210 [937
2972 3134 3066 3206 [1.]
3121 3132 3255 3227 Οὐδὲ
3286 3129 3467 3227 τοῦτο
3485 3143 3500 3159 ο
3553 3125 3731 3227 reiva

488 3237 585 3278 seu
615 3223 929 3294 imaginem.
955 3222 1068 3281 Nec
1111 3225 1214 3281 hoc
1249 3225 1506 3299 [dicent].
1540 3226 1776 3286 Omnino
1807 3230 1950 3286 enim
1985 3247 2071 3285 re-

488 3314 699 3385 fugient
732 3324 918 3371 contra
983 3318 1195 3387 seipsos
1241 3319 1344 3374 hoc
1385 3321 1599 3385 testari,
1657 3336 1725 3375 ne
1754 3322 1882 3378 dato
1929 3321 2075 3391 quod

488 3409 718 3464 materia
754 3410 1005 3466 habuerit
1046 3412 1371 3481 principium
1427 3414 1754 3470 secretionis
1794 3425 1848 3469 et
1896 3424 2075 3470 trans-

490 3502 858 3571 formationis,
905 3516 1169 3576 cogantur
1201 3505 1364 3561 fateri
1409 3509 1575 3561 Deum
1614 3509 1850 3579 coepisse
1897 3518 2070 3564 mate-

490 3597 625 3650 riam
677 3597 827 3664 prius
885 3596 1212 3667 indigestam
1270 3612 1365 3654 seu
1414 3599 1703 3655 informem
1740 3601 1911 3656 verbo
1948 3616 2075 3670 per-

490 3688 638 3743 fecte
666 3686 861 3758 303b
891 3689 1139 3758 digerere
1166 3699 1221 3744 et
1250 3690 1511 3760 expolire.

561 3780 675 3851 Age
703 3796 832 3835 vero
868 3781 1119 3849 quoniam
1159 3780 1271 3837 Deo
1291 3782 1517 3853 juvante
1550 3784 1781 3840 dicendo
1827 3787 1894 3840 ad
1933 3787 2078 3842 hunc

493 3873 672 3929 locum
705 3875 1070 3943 pervenimus,
1096 3876 1143 3931 si
1173 3876 1258 3930 cui
1286 3885 1464 3932 statua
1503 3877 1621 3931 basi
1658 3893 1753 3931 sua
1789 3878 2075 3947 collocata,

496 3953 824 4037 elegansque
872 3968 983 4030 sit,
1033 3968 1187 4038 cujus
1249 3969 1572 4023 concinnam
1621 3970 2077 4040 pulchritudinem

493 4066 834 4129 spectatores
867 4059 1157 4129 mirentur,
1183 4060 1275 4114 sed
1304 4060 1689 4116 dissentientes
1722 4063 1863 4117 inter
1894 4077 1953 4117 se
1982 4079 2078 4118 co-

491 4158 692 4205 nentur
718 4150 970 4205 evincere
989 4151 1186 4220 partim
1213 4166 1333 4207 esse
1360 4154 1597 4221 genitam
1627 4154 1898 4227 |factam],
1950 4172 2080 4226 par-

493 4244 590 4300 tim
632 4257 763 4299 vero
801 4244 1091 4313 ingenitam
1144 4244 1277 4317 [non
1311 4246 1569 4321 factam];
1612 4252 1931 4317 qumsierim
1982 4266 2083 4321 ego

498 4352 568 4391 ex
595 4336 748 4391 vobis
772 4352 876 4407 qua
908 4338 976 4392 de
1005 4353 1172 4394 causa
1198 4338 1496 4409 ingenitam
1523 4342 1743 4409 dicatis,
1766 4359 1833 4398 an
1857 4355 2084 4414 propter

497 4431 761 4489 artificem
803 4440 862 4484 ut
894 4445 962 4485 ne
988 4446 1224 4501 unquam
1259 4432 1329 4486 ab
1358 4447 1522 4501 opere
1559 4450 1763 4490 vacuus
1795 4451 1915 4491 esse
1946 4451 2078 4490 cen-

496 4613 801 4680 nrtilicem,
856 4616 1130 4684 quomodo
1183 4616 1424 4688 ingenita
1464 4619 1570 4673 erit
1614 4634 1736 4673 cum
1768 4619 1836 4673 ab
1876 4620 2067 4675 artifici

2192 4616 2267 4670 ὢν
2293 4615 2431 4685 πρὸς
2453 4611 2547 4667 τοῦ
2568 4610 2820 4681 τεχνίτου
2860 4610 3278 4681 δημιουργεῖται
3303 4624 3318 4673 ;

2322 3212 2721 3306 άποφεύξονται
2749 3231 3083 3302 ὁμολογῆσαι
3125 3223 3247 3279 καθ’
3289 3220 3531 3318 ἐαυτών,
3579 3216 3655 3268 ἵνα
3676 3212 3731 3318 μὴ

2177 3334 2275 3402 τῆς
2324 3328 2705 3398 κατακρίσεως
2732 3326 2779 3358 ⁸⁸
2836 3323 2933 3378 καὶ
2968 3321 3068 3389 τῆς
3128 3310 3607 3408 μεταμορφώσεως
3630 3310 3731 3408 ,ξῆν

2185 3397 2318 3492 ὓλην
2343 3397 2760 3492 συγχωροῦντες
2789 3415 2964 3486 ἀρχὴν
3005 3411 3326 3481 ἐσχηκυῖαν,
3385 3397 3729 3470 ἀναγκασθῶσι

2182 3516 2258 3586 τῷ
2296 3513 2441 3584 λόγῳ
2481 3512 2622 3567 κατὰ
2654 3511 2832 3564 πάντα
2857 3509 2948 3561 τὸν
2982 3505 3116 3559 Θεὸν
3144 3500 3347 3574 ἦρχθαι
3397 3495 3494 3551 τοῦ
3550 3492 3728 3547 διοικεῖν

2183 3608 2362 3677 λέγειν
2422 3606 2519 3661 καὶ
2576 3603 2952 3672 κατακοσμεῖν
3032 3597 3132 3666 τὴν
3194 3594 3467 3665 πρότερον
3529 3586 3729 3655 ἄμορφθν

2184 3699 2352 3754 οὖσαν
2388 3696 2543 3765 ὓλην.

2251 3792 2389 3863 Φέρε
2416 3790 2544 3860 γὰρ,
2580 3788 2792 3859 ἐπειδὴ,
2830 3786 2930 3840 σὺν
2993 3784 3071 3854 τῷ
3124 3783 3243 3853 Θεῷ
3288 3784 3482 3851 φάναι,
3538 3773 3719 3833 ἐνταῦθα

2185 3884 2280 3939 τοῦ
2306 3884 2462 3950 λόγου
2493 3881 2821 3949 γεγόναμεν,
2873 3879 2988 3947 ἤτω
3021 3894 3106 3939 τις
3166 3875 3416 3947 ἀνδριὰς,
3471 3869 3633 3932 ἑστὼς
3664 3865 3719 3916 ἐπὶ

2189 3977 2422 4047 βάσεως,
2473 3972 2671 4034 καλός·
2712 3967 2776 4023 οὗ
2836 3968 3211 4038 θαυμάζοντες
3240 3967 3293 4019 οί
3352 3965 3616 4034 θεώμενοι
3659 3955 3725 4023 τὴν

2188 4067 2463 4137 εὔρυθμον
2495 4066 2539 4098 ⁸ο
2564 4062 2830 4133 καλλονὴν
2857 4060 3302 4131 διαφερέσθωσαν
3333 4057 3469 4129 πρὸς
3490 4050 3726 4121 ἀλλήλους,

2188 4163 2266 4230 πῆ
2305 4159 2403 4229 μὲν
2428 4156 2681 4227 γενητὸν,
2717 4154 2873 4225 πῆὶδὲ
2899 4154 2995 4206 καὶ
3020 4153 3286 4222 ἀγένητον
3321 4147 3641 4220 πειρώμενοι
3662 4138 3725 4191 λέ-

2188 4269 2306 4320 γειν
2327 4252 2394 4303 “.
2430 4249 2692 4319 Ἐροίμην
2712 4246 2820 4316 γὰρ
2875 4245 3037 4312 σφᾶς,
3071 4244 3140 4295 δι’
3172 4242 3239 4312 ἣν
3288 4241 3467 4296 αἰτίαν
3514 4234 3727 4303 ἀγένητον

2191 4343 2353 4397 αὐτόν
2386 4355 2559 4410 φατε;
2596 4338 2823 4407 πότερον
2844 4335 2934 4390 διὰ
2963 4336 3053 4388 τὸν
3097 4334 3350 4405 τεχνίτην
3375 4373 3392 4398 ,
3440 4332 3580 4390 ὅπως
3630 4320 3730 4393 μηδ’

2196 4432 2355 4503 αμῶς
2377 4431 2630 4501 ἁργὴσας
2650 4429 2749 4498 τῆς
2777 4426 3140 4498 δημιουργίας
3166 4425 3462 4496 νομίζοιτο,
3489 4421 3521 4492 ἢ
3569 4417 3627 4472 δι’
3649 4415 3726 4466 αὖ·

496 4707 853 4763 cliormetur?
881 4707 1016 4763 Nam
1061 4711 1106 4765 si
1156 4725 1355 4780 expers
1402 4713 1579 4767 omnis
1626 4713 1843 4781 penitus
1870 4714 2005 4767 artis
2033 4728 2062 4768 e

2194 4711 2254 4761 ἐν
2276 4707 2452 4778 ἐνδείᾳ
2514 4704 2616 4773 τῆς
2669 4703 2865 4772 τέχνης
2912 4701 3222 4770 καθέστηκε
3267 4691 3727 4770 χαλκουργούμενῡς

497 4795 673 4859 rudis,
707 4796 993 4867 eﬂingatnr
1032 4800 1099 4853 ad
1137 4815 1522 4871 quamcunque
1564 4801 1694 4855 velit
1742 4802 1939 4856 artifex
1972 4802 2086 4856 for-

498 4902 641 4940 mam
673 4903 767 4942 seu
801 4888 1054 4958 figuram,
1083 4892 1353 4959 quomodo
1386 4895 1492 4947 erit
1523 4894 1787 4964 ingenita,
1812 4893 2084 4967 [manum]

496 4995 655 5049 passa
682 4989 737 5035 et
769 4982 1045 5037 tractata?
1073 4984 1129 5038 Si
1158 5000 1372 5039 rursum
1406 4998 1628 5056 propter
1651 4989 1884 5055 scipsam
1910 4985 2088 5055 perfe-

2196 4800 2332 4870 πρὸς
2362 4798 2424 4850 τὸ
2447 4798 2596 4868 σχεῖν
2613 4796 2797 4848 ὁποῖον
2824 4795 2852 4846 ὁ
2872 4794 3208 4864 δημιουργὸς
3227 4791 3402 4844 ἐθέλοι
3429 4782 3723 4870 χαρακτῆρξιν

2195 4865 2335 4961 ποίῳ
2363 4865 2548 4960 epotam
2583 4887 2851 4955 ἀγένητος
2890 4884 3042 4938 ἔσται
3070 4885 3113 4915 ⁸³
3137 4884 3364 4953 πάσχων
3395 4898 3451 4934 τε
3484 4876 3569 4931 καὶ
3617 4865 3727 4938 δρώ-

2198 4998 2389 5053 μενος;
2422 4982 2485 5034 Εἰ
2509 4980 2566 5034 δὲ
2598 4974 2665 5034 αὖ
2720 4978 2788 5032 δι’
2843 4976 3035 5031 ἑαυτὸν
3091 4976 3295 5037 τέλειος
3349 4974 3444 5027 καὶ
3506 4965 3725 5033 ἀγένητος

1805 5120 2042 5175 VARUE
2091 5117 2491 5179 LEC'I‘IONES.

606 5210 652 5244 ‘9
679 5211 736 5265 δὲ
774 5213 866 5266 τὸν
898 5212 1065 5285 αιξτόν
1112 5210 1181 5285 Β,
1280 5212 1338 5285 _‘°
1374 5214 1452 5264 ὅτ’
1493 5214 1695 5285 ἐποίειι

498 5280 660 5354 ἄλλου
714 5299 839 5338 cum
892 5283 980 5336 AB
1013 5283 1173 5354 omisi
1228 5282 1364 5354 μῶν.
1473 5285 1518 5316 ⁵⁸
1552 5280 1817 5354 πρότερον
1876 5288 1917 5339 Β
1972 5306 1986 5341 :

496 5418 611 5509 λελί
654 5423 701 5454 ⁸⁸
731 5424 1074 5509 ετπεχνάσατο
1116 5418 1206 5476 ΑΒ
1227 5441 1239 5476 :
1264 5418 1604 5509 ’ἐτεχνησατο
1636 5444 1693 5489 ς.

1764 5216 1882 5269 libri
1945 5218 2034 5268 ὅτε
2085 5219 2249 5271 ποιεῖ.

2050 5288 2315 5359 11:963th
2339 5302 2399 5359 ς.

500 5350 559 5427 τὸ
591 5355 880 5427 γενέσεως.
908 5424 918 5427 Α
956 5355 1001 5387 ⁸⁸³
1021 5352 1401 5427 διαλεγώμεθα
1432 5369 1575 5427 corr.
1600 5350 1650 5408 ’Β
1682 5372 1694 5408 :
1725 5350 2173 5427 διαλεγόμεθα’ς.

1793 5430 1837 5498 5A9
1872 5423 2277 5498 κατακρίσεως]
2309 5423 2934 5498 διίακρίσεωςὲδριιιὶςςῐ)

2350 5212 2547 5267 ιἰοῦτε
2597 5212 2731 5267 AB:
2773 5212 2856 5264 ὅτι
2919 5228 2982 5274 ς.
3087 5210 3134 5241 ⁸³
3168 5206 3302 5275 φασί
3353 5201 3454 5275 AB:
3540 5192 3721 5275 ’δ

2506 5286 2553 5316 ει
2603 5293 2723 5352 post
2778 5267 3722 5352 awaéépav‘rov'enmﬁBontistLg?

2273 5326 2513 5442 eam]
2539 5326 3277 5442 sinistram213m
3286 5326 3506 5442 ’βάλειιίῇ
3528 5350 3571 5387 ρ.

2983 5411 3359 5490 μετακρίσεώς
3425 5411 3527 5466 alii.
3594 5411 3668 5446 ’νε

503 5490 709 5562 ρυθμον
733 5490 869 5546 AB":
907 5494 1207 5568 ἐρῤύθμιον
1237 5512 1297 5557 ς.
1370 5490 1417 5525 ⁸³
1451 5490 1629 5564 λέγειν
1662 5496 1994 5567 πειρώμενοι
2165 5499 2208 5528 ⁸³
2250 5490 2450 5550 ἔαυτόν
2474 5498 2538 5548 Α.
2617 5494 2662 5526 ⁵⁸
2691 5490 2872 5564 ἔσται]
2902 5493 2968 5547 ἄν
2994 5492 3101 5545 ΑΒ.

2017 5608 2256 5666 ΝΟΤΛΞ.

504 5794 536 5806 ,Α
573 5725 686 5796 (84)
725 5718 770 5780 ὦ
794 5725 1031 5806 βάλη.ςο
1060 5743 1226 5797 apage
1261 5729 1525 5806 inquient.
1564 5728 1617 5783 lu
1661 5729 1907 5806 margine
1934 5730 2092 5806 πάλιν

504 5799 723 5856 iterum.
786 5799 1099 5867 ἁγεννήτως
1147 5802 1365 5868 pr0prie
1412 5802 1528 5857 sine
1572 5803 1941 5871 generatione.
1978 5804 2091 5857 Ka-

2204 5729 2511 5797 τακρίσεως
2543 5726 2727 5779 malim
2752 5722 3226 5797 διακρίσεω;,ηἰδὶ
3260 5719 3397 5775 idem
3429 5711 3630 5766 valeam:

2276 5796 2390 5871 (35)
2431 5798 2664 5855 Causam
2698 5797 2838 5852 hanc
2873 5812 2978 5851 non
3012 5796 3149 5852 bene
3180 5804 3447 5861 assequar.
