3954 6446
311 356 449 419 1145

1346 360 1874 421 BlllLIOTllECA.
1910 361 2164 422 -COD.
2202 359 2523 420 CCXXXV.

3441 356 3577 425 1146

303 471 519 539 λέγοιτο
546 469 620 541 μὴ
650 468 857 523 δεῖσθαι
892 469 990 540 τῆς
1015 470 1060 502 ⁸³
1114 472 1310 541 τέχνης
1370 475 1399 524 6
1446 473 1687 543 ἀνδριὰς,
1744 474 1882 525 κατᾶ

1992 482 2073 526 cta
2128 484 2185 528 et
2240 472 2520 543 ingenita,
2583 470 2817 535 dicatur,
2868 472 3165 525 secundum
3215 471 3575 539 perniciosam

304 562 369 613 τὸ
401 561 644 629 ὀλέθριον
708 559 908 629 δόγμα,
960 560 1175 630 ἀνάγκη
1225 562 1636 632 αὐτοματισμὸν
1691 564 1883 633 ὁμολο-

302 657 444 722 γεῖν.
477 653 547 705 "H
574 652 696 706 οὐδὲ
720 652 913 705 τοῦτον
948 652 1076 717 ίσως
1105 652 1460 723 ἐθελήσαντες
1502 655 1883 726 προσηκασθαι

297 746 396 797 τὸν
430 744 587 811 λόγον
616 744 941 814 πικρότερον
972 743 1417 815 ἀποκρινοῦνται,
1448 746 1508 799 τὸ
1552 748 1651 817 μὲν
1687 747 1886 820 βρέτας

297 836 567 905 ἀγένητον
598 836 697 889 οὐκ
736 831 876 889 εἶναι
923 835 1200 905 λέγοντες,
1239 842 1467 910 γενητὸν
1498 840 1554 892 δὲ
1602 836 1742 893 εἶναι
1798 841 1886 893 ἀεὶ

296 926 570 994 γενέσεως
589 926 763 995 ἀρχὴν
794 926 893 978 οὐκ
954 924 1099 995 έχον,
1147 926 1298 988 ὅπως
1351 926 1608 997 ἀνάρχως
1671 926 1884 994 λέγοιτο

298 1020 528 1088 κρατεῖν
561 1016 655 1070 τοῦ
676 1020 1053 1087 τεχνάσματος
1100 1020 1130 1071 6
1177 1018 1448 1089 τεχνίτης.
1502 1005 1737 1081 Οὐκοῦν,
1770 1013 1815 1071 ὦ
1839 1020 1883 1050 ⁸⁵

296 1105 473 1173 οὗτοι,
493 1109 720 1181 λέξομεν
754 1111 959 1174 αὐτοῖς,
983 1111 1031 1162 εἰ
1086 1111 1162 1181 μὴ
1190 1111 1380 1180 χρόνος
1417 1111 1554 1180 μήτε
1601 1109 1737 1162 αἰὼν
1798 1110 1887 1162 εὑ-

302 1204 544 1275 ρίσκοιτο
588 1203 793 1266 ἐπάνω,
830 1202 919 1255 ὅτε
958 1203 1059 1255 οὑκ
1115 1198 1183 1273 ἦν
1229 1202 1437 1264 τέλειος
1484 1204 1512 1255 ὁ
1545 1201 1792 1273 ἀνδριάς,
1833 1204 1885 1255 τί

301 1297 583 1370 παρέσχεν
610 1295 760 1366 αὐτῷ
790 1298 819 1349 6
866 1295 1122 1365 τεχνίτης
1164 1294 1197 1367 ἢ
1233 1296 1287 1348 τί
1322 1296 1626 1367 ἐνήργησεν
1668 1296 1746 1350 εἰς
1784 1294 1886 1347 αὑ-

298 1389 422 1451 τόν;
448 1386 590 1446 Φατέ
621 1403 636 1419 ο
669 1388 718 1440 εί
781 1386 890 1457 γὰρ
939 1388 968 1438 6
1006 1387 1169 1449 αὐτὸς
1227 1385 1480 1456 ἀνενδεὴς
1510 1384 1587 1437 ὢν
1643 1384 1738 1437 καὶ
1784 1385 1886 1437 οὐκ

295 1478 445 1547 ἔχων
484 1477 657 1550 ἀρχὴν
678 1478 948 1547 γενέσεως
977 1478 1255 1548 τυγχάνει,
1285 1476 1459 1549 ταύτῃ
1505 1476 1707 1547 μᾶλλον
1763 1476 1885 1529 καθ’

294 1576 453 1644 ὑμᾶς
504 1575 533 1628 6
582 1572 916 1643 δημιουργὸς
972 1572 1230 1626 οὐδέποτε
1283 1572 1696 1641 δημιουργήσας
1764 1569 1888 1622 οὔτε

291 1664 659 1735 δημιουργῶν
692 1663 1068 1734 εὑρεθήσεται,
1100 1663 1212 1718 Καὶ
1242 1663 1402 1716 πάλιν
1425 1665 1505 1725 εἰς
1530 1662 1661 1715 αὑτὸ
1710 1662 1886 1715 ἔοικεν

294 1758 332 1808 6
372 1756 529 1823 λόγος
560 1754 1115 1825 περιδεδραμηκέναι,
1138 1753 1547 1824 αὐτοματισμὸν
1581 1754 1884 1822 ὁμολογεῖν.

1991 576 2226 618 Vestram
2284 564 2632 627 sententiam,
2675 576 2791 616 arte
2839 578 2945 615 non
2994 577 3177 631 egere,
3219 578 3441 617 necesse
3472 564 3577 618 erit

1993 655 2148 710 fateri
2180 666 2417 710 statuam
2452 670 2548 724 per
2569 670 2629 709 se
2661 665 2854 723 Sponte
2887 652 3042 725 [sine
3073 652 3318 723 artifice]
3354 651 3575 707 factam.

1988 748 2056 801 At
2090 763 2265 817 neque
2293 750 2431 801 banc
2464 745 2757 801 admissuri
2788 747 3115 809 orationem,
3146 745 3456 800 mordacius
3486 761 3575 799 re—

1990 842 2352 911 spondebunt,
2405 840 2753 894 simulacrum
2828 839 3046 906 quidem
3116 837 3415 906 ingenitum
3472 854 3577 892 non

1988 950 2111 986 esse
2138 934 2480 998 dictitantes,
2528 932 2768 1001 genitum
2814 940 2995 984 autem
3048 944 3171 985 esse
3209 929 3579 998 generationis

1990 1027 2257 1096 principio
2315 1041 2535 1094 semper
2593 1040 2823 1088 carens,
2891 1034 2950 1077 ut
3004 1004 3203 1092 opifex,
3240 1022 3459 1091 opificio
3514 1023 3581 1074 ab

1989 1131 2191 1173 aeterno
2215 1119 2391 1188 major
2407 1116 2809 1185 dicatur.Agite
2830 1131 2944 1181 vos,
2966 1130 3167 1179 nonne,
3190 1114 3297 1169 illis
3315 1115 3579 1179 dicemus,

1992 1213 2047 1265 Si
2086 1228 2260 1280 neque
2293 1221 2526 1278 tempus,
2552 1226 2725 1278 neque
2761 1224 2934 1263 aevum
2967 1218 3114 1263 retro
3144 1207 3309 1261 ullum
3347 1208 3581 1277 reperia—

1992 1312 2099 1369 tur,
2126 1305 2342 1370 quando
2364 1312 2542 1356 statua
2569 1302 2809 1369 perfecta
2840 1316 2945 1354 non
2972 1298 3096 1364 fuit,
3121 1299 3249 1367 quid
3278 1299 3354 1351 illi
3380 1298 3577 1350 artifex

1990 1394 2277 1463 prmstitit?
2310 1404 2403 1447 aut
2441 1395 2571 1462 quid
2607 1392 2913 1448 ell'ormavit
2958 1395 3011 1446 in
3052 1391 3180 1445 illa?
3217 1390 3407 1445 Dicite.
3444 1390 3578 1443 Nam

1991 1486 2036 1540 si
2062 1487 2173 1554 ipsa
2198 1484 2398 1539 nullius
2423 1486 2600 1555 indiga
2625 1485 2947 1554 principium
2975 1484 3343 1552 generationis
3368 1483 3575 1536 nullum

1992 1577 2175 1637 habet,
2218 1576 2291 1631 ita
2330 1576 2627 1632 secundum
2663 1592 2788 1640 vos,
2840 1576 3021 1647 potius
3047 1584 3264 1629 creator
3300 1590 3577 1643 nunquam

1992 1668 2225 1730 creavit,
2262 1682 2438 1735 neque
2464 1682 2651 1720 creare
2690 1667 2921 1721 dicetur.
2946 1664 3122 1735 Atque
3150 1666 3229 1719 ita
3263 1680 3476 1719 rursum
3512 1669 3581 1718 ad

1995 1759 2133 1812 idem
2166 1757 2407 1813 revoluta
2427 1760 2626 1821 oratio.
2643 1768 2867 1827 cogetur
2883 1774 3015 1827 opus
3030 1768 3326 1826 suasponte
3357 1756 3565 1813 fastum

288 1846 430 1898 Ἐὰν
457 1847 565 1916 γὰρ
588 1843 692 1897 κᾶν
712 1843 773 1897 τὸ
789 1844 834 1875 ⁸⁸
853 1843 1245 1913 ἀκαριαίτατον
1270 1842 1560 1912 ἀνδριάντα
1580 1843 1627 1873 ⁵⁷
1658 1844 1882 1913 κινήσας

1992 1851 2374 1919 fateri.Quodsi
2390 1853 2558 1916 enim,
2574 1853 2819 1920 quamvis
2838 1852 3180 1907 rudissimam
3203 1860 3437 1904 statuam
3458 1864 3575 1903 mo.

286 1942 323 1992 ὁ
355 1937 689 2007 δημιουργὸς
709 1935 898 2007 λεχθῇ,
928 1936 1068 2006 ἀρχῇ
1096 1936 1475 1998 ὑποπεσεὶται,
1502 1935 1625 1988 καθ’
1648 1936 1715 2005 ἣν
1749 1935 1887 2004 πρό-

285 2046 459 2100 τερον
482 2026 609 2098 [497
634 2027 726 2099 11.)
762 2026 924 2080 αὑτὸν
944 2026 1188 2095 ἄκοσμον
1218 2026 1313 2080 καὶ
1339 2026 1599 2093 ἀκίνητον
1625 2026 1755 2079 ὄντα
1795 2026 1888 2097 ἧρ-

298 2124 437 2187 ξατο
472 2123 643 2174 κινεῖν
671 2121 763 2175 καὶ
782 2122 1032 2189 κοσμεῖν.
1064 2120 1276 2173 υῦκουν
1325 2120 1420 2172 καὶ
1448 2114 1517 2190 ἦν
1581 2121 1676 2171 καὶ⁹
1733 2118 1886 2171 ἔσται

291 2214 571 2285 διηνεκῶς
605 2215 633 2269 6
662 2214 824 2277 αὐτὸς
854 2213 944 2267 ἀεὶ
979 2214 1183 2282 κόσμος
1210 2229 1226 2242 ·
1260 2212 1623 2265 ἀπεικαστέον
1654 2212 1764 2282 γὰρ
1807 2209 1887 2282 τῷ

299 2311 409 2380 μὲν
441 2308 561 2380 Θεῷ
593 2307 684 2361 τὸν
718 2307 993 2377 τεχνίτην,
1017 2307 1109 2358 τὸν
1141 2305 1197 2359 δὲ
1226 2305 1521 2376 ἀνδριάντα
1551 2304 1629 2376 τῷ
1674 2304 1884 2374 κόσμῳ.

291 2401 386 2470 Πῆ
416 2400 478 2469 δὴ
496 2398 542 2430 ⁸⁸
590 2396 704 2463 οὖν,
740 2390 787 2449 ὦ
811 2396 1025 2466 ἠλίθιοι,
1081 2394 1260 2449 οἴεσθε
1298 2395 1396 2465 τὴν
1425 2396 1604 2448 κτίσιν
1646 2396 1887 2449 συναπέ-

290 2507 502 2561 ραντον
528 2486 694 2541 οὖσαν
720 2486 796 2556 τῷ
828 2484 1146 2555 δημιουργῷ
1180 2483 1255 2555 μὴ
1277 2482 1483 2536 δεῖσθαι
1504 2483 1596 2536 τοῦ
1624 2484 1886 2554 δημιουρ-

286 2580 439 2651 γοῦ;
466 2580 538 2633 Τὸ
567 2578 677 2649 γὰρ
747 2579 1154 2647 συναπέραντον
1206 2575 1471 2646 μηδαμῶς
1505 2574 1679 2646 ἀρχὴν
1727 2575 1884 2643 γενέ-

293 2690 445 2734 σεως
473 2670 616 2741 ἔχον,
653 2670 748 2722 καὶ
774 2669 1139 2738 συναγένητον
1171 2668 1265 2722 καὶ
1298 2666 1619 2735 ἰσοδύναμον
1670 2667 1883 2740 ἀνάγκη

290 2762 613 2832 τυγχάνειν.
653 2760 727 2813 Τὸ
750 2760 806 2813 δὲ
837 2759 1125 2828 ἀγένητον,
1157 2756 1445 2820 αὐτοτελὲς
1486 2761 1581 2810 καὶ
1613 2757 1885 2828 ἄτρεπτον

293 2852 527 2922 φανθὲν,
568 2854 659 2904 καὶ
715 2850 1014 2921 ἀπροσδεὲς
1040 2849 1133 2905 καὶ
1183 2847 1420 2919 ἄφθορον
1460 2849 1619 2913 ἔσται
1655 2849 1721 2901 θ’.
1772 2848 1887 2901 Καὶ

289 2947 349 2998 εί
377 2942 538 2997 τοῦτο
566 2941 739 3005 οὕτως
758 2941 893 3012 ἔχει,
916 2941 1102 2994 οὐκέτι
1132 2941 1161 2993 6
1215 2938 1422 3010 κόσμος
1470 2938 1707 3008 τρεπτὸς
1760 2938 1885 2993 καθ’

292 3037 471 3108 ὑμᾶς.

373 3214 499 3268 ’Ότι
538 3212 837 3285 Ἐκκλησία
869 3212 1019 3285 παρά
1041 3211 1101 3266 τὸ
1141 3212 1584 3267 ἐκκεκλικέναιτο
1619 3213 1719 3277 τὰς
1751 3213 1881 3283 ἠδο-

303 3307 405 3371 νὰς
432 3306 687 3375 λέγεσθαί
726 3324 914 3377 φησιν.

375 3402 498 3455 Ὅτι
527 3402 691 3469 φησίν
739 3400 769 3451 6
825 3400 1003 3466 ἅγιος,
1046 3398 1151 3452 Δύο
1194 3398 1250 3451 δὲ
1276 3399 1319 3429 ⁷¹
1357 3397 1615 3468 δυνάμεις
1669 3402 1726 3452 ἐν
1774 3401 1886 3463 τοῖς

297 3488 859 3561 προωμολογημένοις
907 3487 1119 3555 ἔφαμεν
1180 3483 1320 3551 εἶναι
1361 3486 1739 3557 ποιητικάς’²,
1786 3486 1885 3555 τὴν

294 3582 362 3648 ἐξ
399 3581 498 3635 οὐκ
513 3580 681 3633 ὄντων
699 3578 891 3650 γυμνῷ
903 3579 979 3648 τῷ
1001 3578 1300 3647 βουλήματι
1324 3596 1404 3648 χω
1412 3578 1495 3649 pl;
1511 3578 1677 3648 μελλη
1688 3579 1825 3648 σμοῦ
1839 3578 1885 3611 ⁷³

294 3676 424 3745 ἆμα
451 3673 527 3743 τῷ
558 3671 782 3741 θελῆσαι
842 3669 1251 3737 αὐτουργοῦσαν
1276 3670 1304 3721 ὃ
1356 3670 1602 3739 βούλεται
1659 3673 1833 3724 ποιεῖν
1866 3686 1882 3701 ⁶

289 3765 565 3835 τυγχάνει
590 3764 647 3816 δὲ
674 3764 703 3815 6
742 3763 938 3834 Πατήρ
966 3778 982 3793 ο
1029 3762 1265 3835 θατέραν
1315 3762 1373 3815 δὲ
1426 3764 1885 3834 κατακοσμοῦσαν

293 3860 399 3913 καὶ
426 3856 814 3911 ποικίλλουσαν
869 3857 1011 3909 κατά
1058 3856 1293 3926 μίμησιν
1343 3857 1445 3926 τῆς
1492 3858 1765 3927 προτέρας
1813 3857 1885 3909 τὰ

292 3951 403 4020 ἤδη
422 3949 687 4017 γεγονότα
721 3964 736 3979 ο
776 3947 895 3999 ἔστι
926 3947 983 3998 δὲ
1007 3946 1034 3997 ὁ
1067 3945 1214 4011 Υἱὸς,
1250 3948 1283 4015 ἡ
1319 3946 1729 4014 παντοδύναμος
1789 3947 1883 4000 καὶ

292 4039 547 4111 κραταιά
578 4039 700 4109 χεὶρ
727 4037 820 4091 τοῦ
860 4038 1091 4106 Πατρὸς.
1118 4039 1176 4090 ὲν
1286 4039 1424 4108 μετὰ
1454 4038 1515 4090 τὸ
1538 4039 1758 4109 ποιῆσαι
1784 4039 1884 4109 τὴν

287 4135 439 4202 ὕλην
466 4132 525 4198 ἐξ
562 4133 663 4185 οὐκ
688 4132 860 4185 ὄντων
891 4131 1257 4200 κατακοσμεῖ.

374 4228 500 4278 Ὅτι
521 4223 582 4277 τὸ
618 4223 738 4277 ’1ὼὸ
757 4221 959 4293 βιϐλίον
977 4220 1225 4283 Μωσέως
1251 4216 1392 4273 εἶναι
1434 4223 1462 4273 6
1507 4220 1661 4288 ἃγιός
1694 4240 1879 4295 φησιν.

370 4318 499 4391 [940
538 4316 633 4391 8.]
677 4319 797 4371 Ὅτι
818 4317 949 4388 περὶ
974 4314 1090 4379 τοῦ,
1132 4316 1237 4369 Ἐν
1264 4312 1418 4384 ἀρχῇ
1454 4316 1747 4379 ἐποίησεν
1778 4317 1884 4370 τὸν

284 4412 565 4483 οὐρανὸν
594 4410 695 4465 καὶ
717 4410 834 4479 τὴν
856 4408 995 4480 γῆν,
1024 4409 1210 4480 φησὶν,
1232 4409 1432 4478 Ἀρχὴν
1451 4407 1507 4459 δὲ
1530 4409 1699 4478 αὐτὴν
1719 4410 1818 4480 τὴν
1834 4411 1880 4443 τι

1991 1944 2118 1997 litus
2141 1945 2213 1999 sit
2235 1944 2429 1999 artifex
2453 1985 2469 2011 ,
2492 1943 2581 1997 illa
2613 1954 2789 1999 tamen
2820 1941 3235 2014 [generationis]
3261 1942 3580 2011 principium

1990 2035 2233 2096 habebit.
2268 2050 2377 2104 quo
2407 2035 2698 2091 informem
2734 2044 2791 2089 et
2824 2035 3011 2089 rudem
3040 2034 3240 2087 artifex
3276 2034 3441 2101 coepit
3473 2043 3583 2086 tra-

1988 2137 2141 2182 ctare
2172 2136 2225 2181 et
2264 2126 2525 2194 expolire.
2568 2126 2709 2196 Ergo
2747 2142 2849 2181 nec
2886 2135 3005 2182 erat
3052 2139 3151 2180 nec
3184 2125 3293 2179 erit
3326 2133 3584 2193 perpetuo

1990 2221 2131 2276 idem
2156 2234 2374 2288 semper
2394 2219 2625 2274 mundus
2656 2215 3078 2285 (comparandus
3108 2226 3187 2271 est
3215 2217 3361 2271 enim
3387 2215 3583 2270 artifex

1987 2309 2125 2376 Deo,
2153 2319 2206 2363 et
2252 2318 2432 2364 statua
2468 2310 2711 2380 mundo).
2762 2310 3044 2375 Quomodo
3090 2323 3240 2377 ergo,
3265 2322 3297 2363 ο
3323 2308 3582 2375 stupidis~

1988 2403 2145 2468 simi,
2197 2402 2525 2457 existimatis
2585 2409 2893 2455 creaturam
2948 2400 3207 2453 Creatori
3258 2410 3582 2455 coaeternam

1988 2493 2297 2568 [adeoque]
2344 2494 2603 2549 Creatore
2657 2492 2837 2565 [non]
2906 2492 3193 2561 indigere?
3242 2493 3581 2547 Coaeternum

1988 2584 2153 2649 enim,
2184 2598 2309 2637 cum
2350 2583 2554 2637 nullum
2600 2585 2969 2652 generationis
3012 2584 3337 2652 principium
3386 2585 3583 2638 admit-

1989 2689 2086 2747 tat,
2124 2694 2345 2734 necesse
2379 2687 2463 2734 est
2500 2689 2552 2732 ut
2591 2679 2660 2733 sit
2704 2678 2868 2731 etiam
2910 2677 3214 2746 ingenitum
3252 2686 3308 2733 et
3339 2676 3581 2745 ejusdem

1987 2773 2267 2843 p0tentize.
2311 2771 2466 2839 Quod
2501 2780 2682 2824 autem
2736 2770 3030 2835 ingenitum
3067 2780 3170 2830 est,
3203 2768 3254 2821 id
3285 2767 3577 2823 manifeste

1987 2863 2147 2919 etiam
2181 2878 2276 2931 per
2319 2878 2378 2917 se
2405 2862 2704 2932 perfectum
2735 2859 2933 2931 304a
2968 2868 3026 2913 et
3076 2858 3433 2923 innuutabile,
3464 2859 3583 2915 nul-

1987 2955 2202 3024 liusque
2231 2970 2396 3023 egens
2427 2962 2479 3007 et
2516 2952 2933 3020 incorruptibile
2962 2952 3089 3007 erit.
3125 2951 3190 3004 Et
3223 2951 3271 3004 si
3299 2950 3374 3003 ita
3404 2965 3464 3005 se
3496 2964 3583 3004 res

1988 3047 2172 3113 habet,
2198 3060 2267 3101 ex
2292 3057 2475 3100 vestra
2503 3045 2773 3101 sententia
2805 3044 3042 3100 mundus
3068 3043 3179 3098 erit
3205 3042 3580 3098 immutabilis.

2076 3221 2375 3277 Ecclesiam
2411 3222 2480 3277 ab
2507 3223 2799 3278 evocandis
2828 3221 3196 3292 voluptatibus
3230 3221 3356 3290 (hoc
3387 3230 3582 3276 estex—

1990 3311 2310 3381 SIirpandis)
2348 3312 2545 3365 dictam
2575 3313 2670 3367 ait.

2061 3403 2233 3455 l’orro
2280 3412 2502 3454 sanctus
2551 3403 2720 3455 dicit:
2765 3400 2909 3453 Duas
2939 3400 2991 3453 in
3025 3416 3188 3469 supra
3229 3398 3389 3452 dictis
3434 3397 3579 3449 ailir-

1992 3493 2269 3543 Inaliamus
2298 3506 2415 3543 esse
2440 3489 2743 3544 effectrices
2781 3489 3065 3543 facultates
3102 3508 3115 3544 ;
3156 3504 3314 3540 unam
3362 3503 3481 3556 qme
3511 3503 3578 3539 ex

2002 3584 2170 3634 rebus
2196 3596 2301 3635 non
2326 3581 2713 3635 exsistentibns
2738 3580 2850 3634 sola
2876 3579 3170 3645 voluntate,
3202 3580 3318 3632 sine
3348 3578 3579 3644 partium

1988 3674 2340 3727 distinctione
2373 3674 2533 3726 simul
2588 3686 2749 3742 atque
2785 3674 2935 3738 vult,
2978 3673 3234 3740 quidquid
3261 3672 3371 3723 vult
3398 3670 3579 3736 cilicii;

1987 3776 2069 3821 est
2103 3777 2280 3821 autem
2320 3767 2405 3819 hic
2454 3766 2652 3821 Pater:
2683 3767 2931 3827 alteram,
2967 3781 3087 3834 quae
3117 3764 3346 3835 perficit,
3375 3764 3581 3818 variat-

1986 3876 2090 3929 que
2117 3870 2171 3914 et
2196 3870 2459 3924 exornat,
2509 3862 2804 3914 secundum
2854 3859 3052 3927 primis
3094 3859 3348 3925 potentiae
3380 3859 3577 3917 idenm,

1987 3954 2128 4022 quod
2155 3952 2264 4021 jam
2305 3963 2431 4007 ante
2462 3952 2664 4007 factum
2705 3962 2790 4005 est
2815 3990 2829 4014 ,
2862 3962 2916 4005 et
2958 3952 3045 4005 hic
3070 3963 3153 4003 est
3182 3950 3370 4013 Filius,
3402 3949 3581 4003 omni-

1988 4058 2177 4114 potens
2198 4061 2391 4114 nempe
2415 4054 2469 4099 et
2496 4046 2696 4100 invicta
2722 4060 2917 4098 manus
2949 4041 3150 4107 Patris,
3171 4059 3273 4111 qua
3302 4042 3580 4096 materiam

1985 4151 2049 4189 ex
2083 4134 2248 4189 nihilo
2275 4136 2423 4203 prius
2452 4144 2710 4198 creatam,
2734 4142 2920 4203 postea
2957 4132 3176 4201 perlicit
3216 4146 3309 4185 seu
3336 4139 3582 4186 exornat.

2056 4228 2299 4282 Allirmat
2325 4229 2485 4281 etiam
2518 4236 2767 4282 sanctum
2796 4226 2992 4280 librum
3026 4223 3129 4278 Job
3155 4239 3276 4278 esse
3317 4222 3504 4276 Mosis.

2060 4323 2225 4376 Docet
2261 4330 2519 4387 prwterea
2561 4334 2722 4389 super
2769 4318 2875 4372 iUis
2926 4319 3105 4370 verbis
3151 4318 3260 4370 :In
3317 4314 3584 4384 principio

1985 4415 2175 4467 creavit
2210 4411 2351 4466 Deus
2394 4411 2579 4464 malum
2607 4422 2652 4465 et
2691 4421 2884 4463 terram
2908 4411 2956 4474 3;
2994 4424 3114 4462 eum
3149 4410 3237 4476 qui
3260 4407 3584 4477 principium

287 4507 494 4575 σοφίαν
526 4499 702 4574 λέγων
723 4522 805 4567 τις
821 4505 920 4557 οὐκ
950 4505 1015 4560 ἂν
1044 4504 1301 4575 ἁμάρτοι.
1326 4505 1559 4572 Λέγεται
1591 4508 1700 4576 γὰρ
1729 4506 1879 4577 παρά

1992 4506 2157 4575 ipsam
2199 4504 2399 4558 dixerit
2438 4520 2558 4559 esse
2601 4502 2977 4572 sapientiam,
3028 4516 3135 4555 non
3182 4502 3583 4555 aberraturum.

285 4615 405 4650 τινι
435 4597 543 4651 τῶν
572 4598 638 4651 ἐκ
662 4597 756 4650 τοῦ
786 4596 931 4649 θείου
963 4596 1125 4667 χοροῦ
1148 4594 1382 4662 λέγουσα
1415 4598 1545 4665 περὶ
1586 4596 1752 4665 αὐτῆς
1786 4597 1879 4649 τὸν

289 4689 498 4758 τρόπον
520 4690 729 4753 τοῦτον,
764 4689 1037 4756 Κύριος-⁷⁸
1092 4686 1299 4741 ἐκτισέ
1343 4704 1421 4756 με
1471 4687 1671 4756 ἀρχὴν
1720 4688 1881 4740 ὁδῶν

291 4778 508 4841 αὐτοῦ,
532 4783 618 4845 εὶς
630 4778 774 4847 ἔργα
797 4777 986 4831 αὐτοῦ
1009 4778 1125 4842 πρὸ
1154 4778 1261 4831 τοῦ
1283 4776 1500 4844 αἰῶνος
1520 4778 1879 4847 ἐθεμελίωσέ

280 4884 391 4939 με.
417 4862 523 4920 Ἦν
543 4869 655 4939 γὰρ
679 4866 976 4920 ἀκόλουθον
996 4867 1092 4919 καὶ
1119 4867 1569 4937 πρεπωδέστερον
1621 4868 1801 4921 πάντα
1842 4869 1879 4922 δι

282 4962 378 5021 εἰς
397 4960 611 5027 γένεσιν
637 4955 802 5031 ἦλθον
831 4954 972 5011 εἶναι
1002 4956 1207 5028 ταύτης
1228 4958 1489 5027 νεώτερα,
1520 4961 1647 5012 ἐπεὶ
1682 4961 1777 5013 καὶ
1810 4961 1877 5013 δι’

282 5052 469 5119 αὐτῆς
495 5053 807 5119 γεγόνασιν.
842 5050 1169 5118 Ἐπίστησον
1192 5050 1319 5120 γὰρ,
1350 5051 1400 5102 εἰ
1432 5050 1506 5120 μὴ
1533 5052 1631 5103 καὶ
1656 5052 1738 5112 τὸ,
1776 5053 1878 5106 Ἐν

278 5140 453 5209 ἀρχῇ
494 5138 576 5210 ἦν
624 5144 657 5196 ό
690 5143 905 5211 Λόγος,
961 5138 1059 5192 καὶ
1114 5142 1146 5191 ὀ
1195 5135 1388 5208 Λόπλος
1440 5136 1521 5208 ἦν
1563 5141 1713 5209 πρὸς
1769 5142 1878 5195 τὸν

281 5234 467 5296 Θεὸν,
493 5235 636 5287 κατὰ
667 5236 760 5289 τὸν
789 5231 1205 5303 εὐαγγελιστὴν,
1239 5231 1337 5285 καὶ
1392 5233 1538 5297 Θεὸς
1568 5228 1647 5299 ἦν
1695 5236 1728 5286 ό
1767 5234 1877 5287 Λό-

273 5321 633 5395 τοςοοῦτος
660 5322 740 5397 ἦν
791 5326 864 5379 ἐν
904 5321 1068 5394 ἀρχῇ
1122 5322 1276 5392 πρὸς
1308 5323 1415 5376 τὸν
1462 5324 1632 5391 Θεὸν,
1688 5325 1737 5376 εί
1797 5325 1874 5396 μὴ

370 5458 397 5500 ⁸
422 5457 559 5514 Gen.
590 5475 631 5525 ι,
657 5460 712 5513 1.
787 5461 816 5501 ιι
848 5459 1007 5514 Prov.
1055 5475 1184 5526 vm,
1208 5458 1299 5513 22.
1381 5457 1587 5514 iJoan.
1635 5476 1685 5525 1,
1716 5463 1769 5526 l,
1804 5462 1859 5515 2.

1982 4598 2191 4653 Dicitur
2216 4598 2360 4651 enim
2405 4597 2541 4665 apud
2578 4593 2868 4662 quemdam
2904 4608 2933 4648 e
2987 4608 3133 4648 coezu
3173 4606 3330 4647 sacro
3354 4592 3589 4659 scripto-

1982 4707 2099 4745 rum
2132 4691 2213 4747 sic
2248 4694 2313 4743 de
2339 4690 2514 4758 seipsa
2557 4688 2702 4756 loqui
2737 4700 2755 4741 :
2807 4685 3067 4740 Dominus
3094 4684 3334 4739 condidit
3368 4702 3448 4737 me
3483 4685 3585 4737 ini-

1979 4784 2110 4837 tium
2133 4784 2339 4836 viarum
2383 4797 2600 4836 suarum
2656 4780 2725 4833 ad
2787 4795 2945 4847 Opera
2994 4794 3125 4841 sua,
3176 4788 3297 4831 ante
3336 4778 3588 4832 sa’culum

1980 4873 2222 4943 fundavit
2262 4891 2343 4927 me
2372 4873 2423 4930 ιι.
2464 4872 2595 4927 Erat
2649 4870 2793 4925 enim
2847 4885 3192 4941 consequens
3225 4878 3281 4923 et
3308 4871 3587 4926 decentius

1983 4968 2164 5020 omnia
2207 4981 2327 5037 quas
2367 4975 2548 5020 creata
2573 4973 2737 5026 sunt.
2783 4977 2909 5019 esse
2959 4964 3060 5017 hac
3108 4963 3433 5031 posteriora,
3463 4979 3586 5015 cuin

1982 5075 2078 5129 per
2110 5075 2227 5113 eam
2262 5057 2401 5112 facta
2433 5058 2561 5111 sint.
2590 5055 2909 5119 Considera,
2942 5070 3121 5107 annon
3186 5063 3240 5106 et
3290 5054 3391 5108 hoc
3420 5069 3587 5107 evan-

1983 5150 2211 5220 gelista,
2290 5148 2357 5203 In
2389 5150 2650 5219 principio
2678 5158 2790 5202 erat
2830 5146 3079 5211 Verbum,
3121 5157 3169 5201 et
3208 5145 3429 5199 Verbum
3469 5156 3583 5198 erat

1982 5241 2124 5306 apud
2168 5240 2369 5303 Deum,
2422 5239 2534 5293 lucc
2577 5238 2982 5307 consequatur?
3025 5235 3092 5289 Et
3128 5235 3265 5290 Deus
3297 5246 3409 5288 erat
3459 5232 3584 5286 Ver-

1984 5334 2104 5387 bum
2131 5350 2150 5387 :
2172 5332 2269 5388 hoc
2286 5342 2401 5386 erat
2434 5333 2489 5385 in
2510 5332 2769 5401 principio
2796 5332 2937 5399 apud
2970 5328 3138 5383 Deum
3172 5326 3217 5382 ί.
3242 5327 3579 5397 Principium

1572 5573 1815 5628 VARUE
1852 5572 2260 5629 LECTIONES-

371 5669 417 5699 ⁸⁸
438 5670 533 5741 τῆς
567 5684 678 5723 0111.
713 5669 781 5722 Α.
855 5669 900 5702 ⁸⁵
925 5663 971 5723 ῶ
998 5683 1109 5723 om.
1139 5668 1245 5722 ΑΒ.
1278 5670 1324 5700 ⁸⁸
1358 5669 1441 5739 τό]
1473 5668 1565 5721 τόν
1601 5667 1709 5727 AB.
1756 5668 1801 5699 ⁸⁷
1828 5665 2143 5740 ἀνδριάντα]
2178 5669 2361 5722 malim
2390 5665 2486 5721 τὸν
2512 5664 2829 5736 ἀνδριάντα,
2848 5674 2907 5718 et
2938 5678 3062 5718 mox
3098 5662 3336 5731 κινῆσαι.
3414 5657 3571 5787 “63]

385 5741 492 5787 AB-
570 5741 614 5771 ”
646 5738 823 5787 ἔσται]
854 5740 919 5787 ἄν
956 5740 1065 5787 ΑΒ.
1100 5741 1169 5787 ἂν
1228 5739 1380 5787 ἔσται
1418 5758 1477 5787 σ.
1574 5740 1620 5769 ⁷⁰
1659 5739 2047 5787 ὲκκεκλικέναι
2086 5741 2212 5787 AB:
2248 5739 2642 5787 ἐκκεκλτικέναι
2680 5753 2740 5787 ς.
2794 5736 2833 5765 ⁷⁸
2860 5735 2919 5787 δὲ
2983 5744 3247 5787 exutﬂllltt
3272 5737 3336 5787 A.
3367 5750 3475 5787 om.
3553 5774 3566 5787 .

282 5739 355 5793 δέ
384 5738 501 5793 AB.
570 5741 614 5771 "
646 5738 823 5811 ἔσται]
854 5740 919 5794 ἄν
954 5740 1065 5801 AB,
1100 5741 1169 5793 ἂν
1228 5739 1380 5811 ἔσται
1418 5738 1477 5805 6:.

1574 5740 1620 5769 ⁷⁰
1659 5735 2047 5792 ἐκκεκλικέναι
2086 5735 2212 5791 AB:
2248 5735 2642 5807 éxxexkqxévut
2680 5753 2740 5807 ς,
2776 5736 2833 5807 *⁷⁸
2860 5735 2919 5788 δὲ
2983 5744 3247 5807 exputlgtt
3272 5737 3336 5800 A,
3367 5750 3475 5789 out.

287 5813 345 5847 τ’
389 5811 681 5883 ποιητικῆς
704 5804 823 5866 ΑΒΖ
895 5811 943 5843 ⁷³
963 5809 1278 5882 μελλησμοῦ
1311 5810 1439 5866 ΑΒ;
1480 5808 1743 5882 μελισμοῦ
1773 5826 1834 5872 ς’.
1912 5810 1959 5842 ⁷⁸
1992 5807 2115 5879 τὴν]
2144 5809 2236 5863 καί
2261 5808 2371 5865 ΛΒ.
2435 5804 2483 5841 ⁷⁵
2515 5805 2739 5877 Κύριος]
2776 5804 2930 5860 Prov.
2961 5820 3071 5869 vm,
3115 5804 3203 5857 ‘22.
