3954 6446
470 384 609 450 1147
1643 388 1902 448 ΡΗΟΤΙΙ
1940 388 2031 448 PA

2125 384 2447 447 llARCH/E
2475 385 2587 445 CP.
3568 374 3686 439 1148

466 499 636 560 enim,
666 511 695 550 a
725 511 835 566 quo
858 496 1186 567 germinavit
1211 498 1555 578 verissimum
1584 496 1843 565 Verbum,
1874 499 2027 554 faten-

2156 499 2369 562 τούτοις
2389 499 2623 568 ὁμαρτεῖ
2638 496 2705 551 ⁸⁷⁸.
2741 495 2854 565 Τὴν
2881 497 2982 565 μὲν
3023 491 3136 561 γὰρ
3170 488 3374 561 ἀρχὴν,
3399 486 3492 557 ἀφ’
3516 484 3580 561 ἧς
3607 489 3690 543 άν·

464 587 595 640 dutn
638 594 721 639 est
765 602 887 641 esse
922 586 1136 641 Patrem
1165 588 1503 643 conditorem
1547 588 1924 643 universorum
1951 605 1966 642 :
1993 588 2025 642 it

2148 588 2479 658 εόλάστησεν
2509 589 2537 641 ό
2565 587 2854 655 ὀρθότατος
2874 584 3065 651 Λόγος,
3082 582 3174 635 τὸν
3203 582 3423 652 Πατέρα
3444 580 3536 633 καὶ
3564 598 3696 649 ποιη-

465 692 576 747 quo
610 686 729 732 erat
760 676 1064 749 [Verbum].
1090 677 1241 739 illud
1280 688 1460 733 autem
1487 720 1503 744 ,
1539 676 1653 732 Hoc
1680 689 1795 732 erat
1824 679 1880 732 in
1903 679 2023 748 prin

2147 679 2247 752 τὴν
2267 679 2375 733 τῶν
2404 679 2542 733 ὅλων
2574 679 2770 747 φατέον
2785 678 2853 743 τ’,
2902 677 2961 732 ὲν
2992 669 3038 744 ᾧ
3083 671 3153 745 ἦν
3177 689 3190 703 ·
3249 673 3309 727 τδ
3328 673 3373 706 ⁷⁸
3408 672 3489 737 δὲ,
3528 668 3699 736 Οὗτος

466 770 605 838 cipio
640 772 780 837 apud
819 769 1009 835 Deum,
1059 772 1356 841 potentiam
1399 770 1598 836 Verbi,
1651 786 1814 841 quam
1861 770 2021 826 habui

2148 770 2316 843 ἦνέν
2348 770 2508 841 ἀρχῇ
2536 771 2686 840 πρὸς
2739 770 2845 824 τὸν
2875 767 3046 830 Θεὸν.
3098 766 3161 820 τὸ
3196 764 3594 831 ὲξουσιαστικὺν
3620 763 3700 818 τοῦ

468 862 609 929 apud
648 860 885 928 Patrem,
932 872 1229 934 antequam
1276 866 1507 919 mundus
1556 874 1875 927 crearetur,
1917 864 2029 918 insi!

2150 864 2352 931 Λόγου,
2387 861 2416 915 ὃ
2442 857 2556 931 εἶχε
2591 861 2743 932 παρὰ
2769 858 2848 929 τῷ
2875 858 3052 929 Πατρὶ
3102 856 3196 910 καὶ
3228 854 3333 926 πρὸ
3362 852 3456 907 τοῦ
3506 852 3595 906 τὸν
3621 854 3688 905 κό·

469 967 639 1007 nuare
678 952 907 1017 videtur,
950 969 1075 1009 cum
1114 955 1409 1025 potentiam
1439 955 1761 1025 principium
1796 954 2027 1025 appellat

2152 969 2290 1023 σμον
2319 954 2401 1017 είς
2429 954 2643 1021 γένεσιν
2696 950 3015 1022 παρελθεῖν,
3074 948 3220 1003 ἔοικε
3271 945 3577 1017 σημαίνειν,
3618 944 3704 1017 τὴν

466 1040 613 1114 Ergo
658 1052 779 1113 post
821 1045 1099 1114 proprium
1129 1058 1500 1115 aeternumque
1548 1045 1873 1117 principium
1906 1061 2027 1113 quor

2152 1044 2405 1111 ἐξουσίαν
2442 1043 2618 1115 ἀρχὴν
2640 1040 2830 1097 εἰπών.
2862 1039 3073 1095 Οὐκοῦν
3103 1039 3270 1110 ἀρχὴ,
3302 1034 3442 1107 μετὰ
3469 1034 3565 1105 τὴν
3587 1034 3707 1087 ἰδίαν

468 1135 633 1192 Pater
661 1147 769 1202 est,
811 1134 1048 1191 Verbum
1087 1152 1303 1208 quoque
1341 1146 1426 1193 est
1447 1137 1680 1192 aliorum
1725 1137 2029 1209 principiun

2150 1142 2389 1213 ἄναρχον
2418 1139 2593 1211 ἀρχὴν
2620 1138 2711 1191 τὸν
2736 1137 2971 1206 Πατέρα,
3017 1133 3177 1198 αὐτὸς
3209 1132 3317 1186 τῶν
3360 1130 3537 1185 ἄλλων
3577 1129 3707 1198 γίνε-

470 1244 569 1298 per
596 1232 740 1297 quod
768 1229 950 1283 omnia
982 1239 1260 1285 creantur.

2153 1251 2267 1300 ται,
2290 1234 2360 1288 δι’
2394 1228 2463 1305 ἦς
2490 1232 2709 1287 ἅπαντα
2722 1228 3159 1301 δημιουργεῖται.

538 1320 802 1389 Origenes
818 1330 1103 1390 postquam
1123 1321 1291 1375 multa
1316 1320 1589 1377 fabulatus
1609 1331 1695 1377 est
1717 1320 1786 1376 de
1810 1320 2050 1376 universi

2224 1326 2349 1380 Ὅτι
2395 1323 2680 1393 Ὠριγένης
2715 1319 2854 1390 μετὰ
2894 1319 2956 1372 τὸ
2995 1315 3169 1370 πολλὰ
3202 1312 3549 1385 μυθήσασθαι
3597 1310 3712 1384 ’περὶ⁵

469 1411 796 1477 aeternitate,
826 1412 990 1466 etiam
1024 1413 1125 1467 hoc
1154 1410 1318 1467 infert
1343 1430 1357 1467 :
1394 1412 1579 1481 Neque
1605 1428 1736 1481 ergo
1764 1412 1834 1467 ab
1857 1412 2026 1466 Adam

2152 1421 2253 1489 τῆς
2278 1415 2374 1471 τοῦ
2411 1414 2614 1477 παντὸς
2636 1412 2939 1482 άῖδιότητος
2975 1409 3176 1478 ἐπάγει
3208 1408 3301 1461 καὶ
3357 1403 3537 1458 τοῦτο·
3592 1403 3713 1456 Οῦτε

469 1512 531 1556 ιιι
568 1504 783 1572 quidam
825 1503 1133 1568 affirmant,
1179 1520 1300 1559 cum
1350 1506 1504 1575 prius
1536 1521 1640 1561 non
1680 1511 1828 1561 esset
1867 1503 2030 1558 homo

2156 1506 2249 1563 οῦν
2282 1508 2390 1561 άπὸ
2424 1506 2618 1575 Ἀδάμ,
2664 1504 2740 1568 ὥς
2767 1502 2901 1571 φασί
2933 1517 3100 1565 τινες,
3156 1498 3422 1569 πρότερον
3478 1495 3575 1548 οὐκ
3602 1492 3715 1548 ὦνό

475 1602 603 1649 tunc
633 1595 879 1649 omnium
913 1596 1123 1666 primus
1164 1594 1434 1651 formatus
1472 1597 1525 1651 in
1585 1595 1843 1651 mundum
1882 1597 2036 1650 venit

2155 1599 2253 1655 ἄνθ
2264 1615 2443 1671 ρωπος
2470 1597 2592 1651 τότε
2622 1593 2855 1666 πρώτως
2879 1594 2927 1625 ⁷⁹
2961 1588 3225 1653 πλασθεὶς
3252 1589 3332 1651 είς
3362 1587 3568 1656 κόσμον
3593 1603 3710 1655 mp-

469 1684 657 1755 Neque
682 1688 915 1741 mundus
960 1702 1202 1751 rursum,
1225 1698 1351 1743 ante
1368 1703 1466 1744 sex
1483 1690 1619 1754 dies,
1638 1704 1802 1759 quam
1834 1703 2030 1744 creare

2155 1691 2340 1761 ἦλθεν,
2377 1689 2502 1743 οὔτε
2552 1687 2623 1742 αῦ
2656 1686 2862 1755 κόσμος
2906 1685 3015 1756 πρὸ
3077 1682 3136 1751 ἓξ
3196 1679 3425 1752 ἡμερῶν
3487 1676 3587 1746 τῆς
3635 1675 3714 1729 τοῦ

470 1787 561 1830 tur
598 1778 807 1842 Adam,
853 1780 1021 1848 coepit
1062 1780 1205 1835 fleri.
1248 1781 1402 1847 Quod
1454 1781 1499 1836 si
1540 1782 1667 1851 quis
1716 1781 1833 1835 haec
1873 1780 2029 1849 cupia

2171 1783 2343 1853 Ἀδὰμ
2380 1781 2647 1851 γενέσεως
2678 1778 2883 1849 ἡρξατο
2906 1778 2968 1848 δη
2979 1774 3385 1846 μιουργεῖσθαι.
3422 1771 3485 1825 El
3513 1770 3568 1824 δὲ
3588 1768 3715 1837 φιλο-

469 1869 760 1940 dispicere,
781 1871 933 1940 prius
959 1873 1277 1941 perpendat,
1323 1887 1505 1928 annon
1530 1873 1827 1929 secundum
1851 1872 2030 1944 30h!

2160 1851 2410 1947 φρονοῖτο
2462 1873 2818 1945 διαφέρεσθαι
2885 1871 3023 1941 πρὸς
3082 1868 3258 1922 ταῦτά
3311 1882 3421 1929 τις,
3480 1863 3716 1934 πρότερον

471 1959 654 2017 Mosen
701 1963 776 2019 sit
821 1962 999 2018 facilis
1040 1974 1328 2020 nnmeratu
1370 1980 1511 2021 unus
1558 1966 1708 2032 dies,
1760 1966 1827 2020 iis
1853 1966 1947 2035 qui
1984 1966 2032 2018 it:

2159 1968 2425 2038 φρασάτω
2454 1968 2612 2037 εἰμὴ
2654 1963 3024 2034 εὐαρίθμητος
3077 1960 3187 2015 ἀπὸ
3218 1959 3322 2029 τῆς
3377 1956 3474 2010 τοῦ
3533 1955 3714 2023 κόσμου

471 2053 656 2111 Mosen
688 2061 1004 2127 exponunt?
1034 2058 1350 2128 prophetica
1393 2073 1527 2115 voce
1562 2059 1649 2114 hic
1678 2060 1842 2114 etiam
1878 2058 2024 2115 accla

2158 2060 2425 2129 γενέσεως
2458 2057 2600 2112 κατά
2631 2055 2730 2126 τὴν
2753 2053 2998 2116 Μωσέως
3031 2051 3214 2123 βίὸλον
3270 2050 3387 2111 τοῖς
3424 2045 3595 2108 οὕτως
3638 2045 3718 2097 αὺ-

473 2158 658 2202 tuante
683 2166 698 2203 :
728 2149 773 2200 A
793 2151 988 2203 seculo
1012 2160 1062 2205 et
1088 2167 1252 2221 usque
1272 2152 1328 2205 in
1354 2151 1609 2207 ramulum
1634 2162 1691 2204 tu
1712 2168 1786 2217 es,
1810 2152 2034 2221 quonian

2158 2153 2259 2224 τὴν
2298 2150 2800 2223 ὲκλαμϐανομένοις
2830 2150 2858 2201 ὁ
2887 2147 3080 2218 χρόνος
3109 2143 3264 2197 ἔσται
3291 2142 3363 2207 ⁸ο,
3388 2139 3489 2209 τῆς
3535 2154 3719 2206 προφη-

470 2239 622 2294 mille
650 2243 781 2295 anni
825 2251 948 2297 ante
992 2244 1171 2298 oculos
1203 2253 1341 2309 tuos,
1382 2254 1633 2315 tanquam
1674 2244 1787 2298 dies
1817 2245 2031 2298 hestem.

2159 2243 2319 2313 τικῆς
2350 2242 2444 2297 καὶ
2470 2240 2661 2296 ἐνθάδε
2693 2238 2904 2310 βοώσης
2935 2235 3140 2305 φωνῆς,
3179 2231 3321 2287 Ἀπὸ
3339 2231 3383 2263 ⁸¹
3411 2228 3517 2283 τοῦ
3536 2228 3720 2292 αιῶνος

469 2347 591 2400 qua:
623 2334 897 2403 preteriit,
925 2342 976 2389 et
1005 2336 1246 2389 custodia
1281 2336 1335 2390 in
1359 2346 1581 2390 noctet.
1633 2335 1779 2391 Mille
1805 2337 1964 2390 annis
2007 2336 2030 2389 i1

2161 2338 2260 2391 καὶ
2282 2336 2393 2402 ἕως
2421 2334 2530 2388 τοῦ
2552 2332 2768 2399 αἰῶνος
2791 2330 2874 2386 σὺ
2900 2325 2973 2383 εἶ·
2998 2329 3089 2382 ὅτι
3129 2328 3293 2397 χίλια
3313 2326 3420 2392 ἐτη
3442 2323 3718 2390 ἐνόφθαλο

474 2438 642 2477 unum
715 2424 860 2479 diem
915 2427 1206 2492 conclusis,
1262 2428 1317 2481 iu
1370 2428 1542 2482 oculis
1595 2428 1711 2493 Dei,
1763 2445 1792 2480 a
1845 2427 2035 2483 conditi

2158 2427 2295 2499 μοῖς
2319 2442 2437 2480 σου
2467 2426 2549 2491 ὡς
2573 2423 2705 2497 [498
2730 2421 2822 2495 Η
2849 2421 3044 2490 ἡμέρα
3088 2420 3127 2487 ἡ
3162 2416 3325 2488 χθὲς,
3358 2414 3494 2484 ἥτις
3518 2410 3719 2481 διῆλθε,

472 2518 678 2571 mundo
705 2533 877 2589 usque
908 2520 973 2599 ad
995 2505 1250 2589 requiem
1284 2527 1524 2575 nostram
1562 2519 1700 2590 (86),
1726 2520 1915 2583 optimi
1950 2519 2033 2573 cal

2163 2521 2261 2601 κᾳί
2283 2518 2530 2590 φυλακὴ
2549 2518 2620 2572 ἐν
2645 2516 2842 2571 νυκτί.
2869 2514 3073 2568 Χιλίων
3100 2512 3210 2582 γάρ
3247 2508 3388 2563 ἑτῶν
3436 2504 3712 2601 περιοριζο-

470 2609 692 2665 culandi
760 2612 1003 2683 magistri
1063 2610 1334 2667 affirmant
1389 2628 1484 2668 sex
1535 2613 1652 2668 dies
1708 2612 2031 2682 praeteriisse

2167 2613 2345 2684 μένων
2377 2612 2459 2675 είς
2494 2611 2624 2682 μίαν
2658 2608 2874 2680 ἡμέραν
2902 2608 2961 2659 ὲν
2990 2604 3292 2675 ὀφθαλμοῖς
3318 2599 3484 2665 Θεοῦ,
3526 2599 3623 2652 ἀπὸ
3645 2599 3720 2667 τῆς

471 2702 690 2757 Annum
724 2716 856 2756 vero
894 2703 1072 2758 sexies
1106 2703 1479 2769 millesimum,
1513 2705 1582 2759 ab
1616 2703 1827 2758 Adamo
1855 2705 1922 2757 ad
1962 2718 2032 2758 no

2164 2704 2260 2761 τοῦ
2291 2705 2498 2775 κόσμου
2528 2702 2795 2773 γενέσεως
2821 2701 2869 2733 ⁸⁸
2904 2699 3103 2770 μέχρις
3130 2697 3309 2767 ἡμῶν,
3336 2694 3414 2757 ὡς
3441 2691 3624 2762 οἱπερὶ
3643 2690 3719 2758 τὴν

472 2807 649 2863 usque
671 2792 824 2848 aiunt
848 2796 1086 2850 extendi.
1123 2795 1265 2866 Ergo
1292 2812 1322 2849 a
1354 2797 1511 2852 nobis
1537 2811 1710 2867 usque
1744 2797 1811 2851 ad
1858 2797 2033 2866 princi

2165 2798 2539 2873 ἀριθμητικὴν
2554 2797 2825 2866 φάσκουσι
2848 2792 3033 2858 δεινοὶ,
3053 2789 3115 2855 ἒξ
3141 2790 3347 2861 ἡμέραι
3366 2806 3430 2841 συ
3439 2781 3722 2858 μπεραιοῦνο

473 2885 624 2954 pium
659 2885 713 2939 in
734 2901 841 2955 quo
866 2885 1007 2942 Deus
1026 2889 1236 2942 creavit
1258 2888 1457 2943 coelum
1482 2900 1539 2944 et
1571 2898 1770 2943 terram
1797 2888 2034 2943 tredecin

2164 2909 2279 2947 ται.
2318 2887 2815 2959 Ἐξακισχιλιοστδν
2843 2885 2933 2957 ἄρ’
2960 2883 3082 2947 ἔτος
3108 2883 3270 2952 φασὶν
3296 2879 3411 2934 ἀπὸ
3457 2876 3619 2946 Ἀδάμ
3661 2875 3722 2936 εἰς

474 2978 596 3033 dies
630 2988 989 3035 numerantur
1014 2979 1162 3051 (nam
1196 2981 1248 3035 iu
1274 2981 1504 3051 septimo
1533 2981 1720 3036 mundi
1759 2980 2035 3035 millenarit

2168 2984 2332 3057 δεῦρο
2366 2983 2664 3038 συντείνειν
2692 2997 2709 3014 ο
2769 2982 2836 3052 τῇ
2869 2980 2978 3050 γάρ
3018 2975 3273 3046 έόδομάδι
3311 2972 3394 3044 τῷ
3441 2972 3722 3037 ἑπτακισχι-

469 3068 741 3139 judicium
771 3071 927 3126 aiunt
955 3070 1244 3141 futurum),
1278 3074 1476 3142 quibus
1508 3072 1651 3128 Deus
1677 3074 1975 3144 antiquior,
2025 3090 2030 3125 ι

2170 3076 2369 3147 λιοστῷ
2393 3076 2505 3129 ἔτει
2534 3074 2719 3146 κρίσιν
2747 3069 3041 3142 άφίξεσθαί
3086 3085 3274 3138 φασιν.
3329 3064 3541 3120 Οὐκοῦν
3562 3064 3613 3117 αἱ
3641 3061 3723 3113 πᾶ-

476 3178 576 3219 vus
603 3163 704 3235 ipsi
739 3164 1036 3220 secundum
1086 3175 1322 3221 vestram
1357 3168 1628 3221 insaniam
1667 3167 1887 3233 dicitis,
1928 3166 2037 3221 libi

2176 3186 2268 3224 σαι
2294 3169 2500 3240 ἡμέραι
2523 3168 2658 3222 δέκα
2681 3167 2777 3221 καὶ
2796 3167 2948 3237 τρεῖς
2974 3162 3069 3233 ἀφ’
3098 3160 3258 3233 ἡμῶν
3295 3160 3405 3224 ἓως
3445 3159 3522 3222 είς
3546 3156 3633 3227 τὴν
3680 3154 3723 3205 ὲν

474 3256 771 3327 quidquam
822 3254 986 3329 [ante
1033 3256 1085 3310 id
1125 3255 1377 3328 tempus]
1429 3257 1541 3326 egit
1587 3266 1681 3311 aut
1726 3257 1955 3322 creavit,
2012 3271 2035 3311 ε

2173 3266 2340 3336 ἀρχῇ,
2374 3265 2433 3317 ὲν
2528 3264 2787 3334 ἐποίησεν
2812 3263 2841 3315 ὁ
2864 3259 2998 3322 Θεὸς
3020 3258 3114 3312 τὸν
3134 3255 3364 3329 οὐρανὸν
3396 3255 3491 3308 καὶ
3518 3252 3607 3323 τὴν
3626 3252 3722 3319 γῆν,

474 3353 659 3409 Patris
695 3354 914 3410 nomine
954 3367 1021 3408 ac
1061 3351 1340 3409 Creatoris
1382 3353 1624 3421 privatus
1662 3363 1767 3407 est.
1803 3351 1861 3406 Si
1888 3362 2031 3406 ante:

2178 3355 2529 3428 μετροῦνται.
2580 3349 2683 3408 Ὧν
2734 3356 2763 3408 ὁ
2793 3353 2927 3417 Θεὸς
2963 3351 3234 3421 ἀνώτερον
3275 3349 3421 3402 κατὰ
3471 3345 3563 3418 τὴν
3606 3342 3725 3412 σφῶν

478 3446 740 3500 tredecim
769 3447 885 3501 dies
921 3456 1049 3501 sunt
1089 3446 1143 3500 in
1191 3445 1363 3501 oculis
1396 3446 1487 3500 Dei
1532 3462 1559 3498 a
1592 3444 1795 3499 mundo
1829 3446 2039 3500 condito

2174 3450 2356 3504 αὐτῶν
2378 3451 2565 3503 ἄνοιαν
2612 3447 2767 3502 οὐδὲν
2815 3446 3065 3518 οὐδαμῶς
3111 3444 3525 3515 δημιουργήσας
3570 3435 3724 3507 ἐγεγύ-

477 3542 751 3608 quotnodo
792 3538 1071 3610 Sapientia
1106 3539 1157 3592 in
1213 3536 1341 3593 Jesu
1392 3537 1590 3593 siracb
1628 3537 1806 3591 dicit:
1844 3537 2038 3590 Arena:

2180 3563 2363 3618 μνωτο
2403 3544 2499 3599 τοῦ
2540 3543 2734 3615 Πατὴρ
2762 3542 2859 3595 καὶ
2901 3539 3307 3612 παντοκράτωρ
3335 3533 3501 3592 εἷναι.
3525 3535 3585 3590 Εἰ
3634 3528 3724 3584 δὲ⁸³

485 3633 674 3697 maris,
705 3643 753 3685 et
785 3631 977 3698 pluuia:
1010 3640 1213 3702 guttas,
1251 3640 1301 3685 et
1332 3629 1444 3685 dies
1472 3630 1652 3685 saeculi
1688 3630 1806 3699 quis
1832 3629 2046 3683 dinume

2178 3638 2540 3712 τρισκαίδεκα
2593 3638 2733 3691 είσιν
2779 3636 2987 3707 ἡμέραι
3034 3635 3092 3688 ὲν
3131 3633 3434 3702 ὀφθαλμοῖς
3468 3626 3595 3682 Θεοῦ
3646 3621 3726 3676 ἀπὸ

490 3725 632 3779 ναυίε
669 3722 726 3780 η
773 3725 896 3780 Haec
934 3725 1082 3780 serio
1131 3725 1414 3796 disputans
1458 3722 1724 3795 Origenes
1770 3723 1892 3778 vide
1938 3736 2045 3793 quo

2180 3730 2453 3800 γενέσεως
2474 3731 2706 3800 κόσμου,
2723 3727 2841 3791 πῶς
2861 3743 3029 3798 φησιν
3062 3728 3095 3795 ἡ
3121 3727 3178 3779 ὲν
3204 3724 3282 3794 τῷ
3303 3723 3502 3795 Σειρὰχ
3517 3720 3561 3751 ⁸⁸
3582 3716 3724 3785 σοφία.

485 3819 648 3873 tundo
679 3829 930 3887 nugetur.

2183 3824 2419 3894 Ἀμμον
2432 3823 2478 3856 ⁸⁵
2522 3819 2859 3877 θαλασσῶν
2911 3818 3011 3873 καὶ
3076 3819 3385 3888 σταγόνας
3450 3812 3619 3870 ὑετοῦ
3653 3809 3722 3861 καὶ

2180 3910 2410 3980 ἡμέρας
2441 3910 2659 3976 αὶῶνος
2679 3910 2772 3975 τίς
2824 3907 3248 3978 ἑξαριθμήσεις
3310 3906 3495 3960 Ταῦτά
3527 3918 3671 3973 φησιν
3708 3898 3727 3949 ὁ

2194 4002 2479 4075 Ὦριγένης
2511 4001 2856 4069 σπουδάζων,
2884 4003 2982 4055 καὶ
3010 4002 3114 4071 ὅρα
3144 3996 3233 4054 οἷα
3258 4000 3469 4064 παίζει.

1126 4079 1462 4139 CCXXXVI.

2901 4092 3065 4161 ΣΛεΓ

851 4176 1129 4247 Ejusdem.
1162 4175 1241 4233 De
1270 4177 1438 4233 libero
1469 4177 1712 4235 arbitrio.
2402 4185 2516 4243 Τοῦ
2561 4186 2751 4242 αὐτοῦ
2810 4188 2945 4257 περὶ
2983 4187 3093 4242 τοῦ
3136 4183 3558 4251 αὑτεξουσίου.

563 4272 692 4345 Legi
714 4270 954 4341 ejusdem
982 4273 1228 4344 quaedam
1264 4288 1333 4329 ex
1354 4272 1493 4330 libro
1527 4272 1605 4329 De
1632 4274 1796 4329 libero
1831 4275 2081 4344 arbitrio,

2268 4278 2615 4351 ’Δνεγνώσθη
2641 4278 2736 4334 τοῦ
2769 4278 2937 4333 αὐτοῦ
2957 4280 3022 4333 ἐκ
3054 4278 3151 4341 τοῦ
3175 4278 3317 4349 Περὶ
3349 4270 3729 4340 αὐτεξουσίου.

493 4368 812 4438 pariterque
835 4367 1051 4439 (nactus
1079 4367 1193 4437 ipse
1217 4365 1485 4436 ejusmodi
1502 4368 1908 4440 compendium)
1939 4369 2054 4424 undi

2184 4371 2287 4444 τῆς
2308 4373 2356 4405 ⁸⁸
2385 4373 2510 4443 ἴσης
2558 4373 2653 4426 καὶ
2695 4370 3060 4443 αύτὸςτυχὼν
3112 4370 3430 4440 συντομίας.
3485 4364 3639 4420 Ποθεν
3681 4358 3730 4411 τὰ

490 4459 603 4514 sint
635 4459 801 4524 mala,
833 4467 889 4513 et
912 4458 1035 4528 quis
1068 4472 1259 4513 eorum
1299 4468 1511 4515 auctor.
1544 4458 1691 4515 Deus
1718 4459 1864 4515 enim
1900 4460 1947 4515 is
1978 4474 2047 4515 no

2186 4466 2336 4521 κακά
2360 4466 2457 4519 καὶ
2493 4465 2576 4528 τίς
2610 4465 2640 4519 ὁ
2668 4467 2877 4520 τούτων
2906 4465 3185 4536 ποιητής;
3237 4464 3297 4517 '0
3346 4462 3447 4531 μὲν
3492 4459 3593 4529 γὰρ
3628 4452 3732 4512 Θεὸς

488 4560 595 4619 est;
626 4566 800 4622 neque
835 4552 980 4605 enim
1026 4549 1184 4605 malis
1212 4549 1539 4616 delectatur,
1567 4552 1697 4622 quin
1744 4551 1907 4606 etiam
1937 4552 2047 4606 mal

2186 4558 2290 4612 οὐκ
2319 4557 2489 4622 ἔστιν,
2514 4558 2598 4612 ὅτι
2626 4557 2767 4628 μηδὲ
2803 4556 3018 4621 τούτοις
3067 4556 3275 4628 ἡδεται,
3309 4555 3446 4609 ἀλλὰ
3501 4550 3587 4605 καὶ
3626 4544 3725 4603 τοὺς

493 4644 756 4699 facientes
820 4643 1186 4699 abominatur.
1224 4643 1572 4714 Quapropter
1630 4645 1816 4701 censui
1877 4644 2054 4716 aliqui.

2187 4650 2432 4723 δρῶντας
2466 4651 2609 4704 αὑτά
2633 4650 3005 4720 βδελύσσεται.
3055 4650 3259 4719 Διόπερ
3308 4646 3457 4714 ἔδοξέ
3489 4660 3594 4719 ιμοι
3639 4653 3733 4691 συν-

492 4734 759 4809 cxsistere
797 4750 920 4789 cum
966 4733 1111 4800 Deo,
1154 4734 1297 4805 quod
1345 4735 1630 4790 materiam
1678 4735 1984 4803 nominant,
2014 4750 2053 4791 e:

2189 4742 2459 4813 υπάρχειν
2481 4759 2535 4796 τι
2565 4741 2736 4812 αὐτῷ,
2771 4740 3011 4812 τοῦνομα
3037 4741 3160 4812 ῦλη,
3209 4739 3270 4805 ἐξ
3294 4735 3363 4811 ἦς
3386 4737 3454 4791 τά
3489 4735 3607 4788 ὄντα
3631 4727 3729 4792 ἐδη-

494 4840 605 4895 qua
663 4826 918 4881 universa
952 4827 1232 4893 condidit,
1260 4841 1329 4882 ex
1365 4842 1469 4899 qua
1509 4826 1649 4882 mala
1682 4842 1805 4883 esse
1846 4827 1979 4882 mihi
2007 4828 2055 4882 vi

2190 4834 2551 4905 μιούργησεν,
2574 4834 2635 4899 ἐξ
2682 4827 2751 4906 ἦς
2805 4833 2905 4888 καὶ
2951 4834 3021 4888 τὰ
3062 4833 3212 4888 κακὰ
3255 4828 3398 4885 εἶναι
3463 4845 3548 4900 μοι
3599 4818 3733 4875 δοκεῖ.

496 4915 951 4988 deutur(87-88).
974 4917 1110 4973 Cum
1140 4919 1286 4973 enim
1320 4920 1546 4974 materia
1584 4918 1832 4974 informis
1857 4928 2002 4974 esset
2027 4933 2057 4974 e

2200 4926 2420 4980 Ἀποίου
2453 4942 2516 4978 τε
2537 4924 2644 4996 γὰρ
2672 4925 2768 4979 καὶ
2818 4925 3231 4997 ἀσχηματίστου
3287 4922 3411 4995 [9M
3467 4914 3553 4987 IL]
3603 4909 3734 4975 οὔσης

498 5010 706 5079 absque
736 5010 844 5066 ulla
873 5010 1066 5080 figura,
1093 5021 1147 5066 et
1177 5012 1400 5082 insuper
1432 5020 1634 5066 temere
1661 5011 1948 5076 inerraret,
1973 5027 2059 5067 n01

2189 5017 2381 5087 αὐτῆς,
2418 5016 2555 5088 πρὸς
2586 5018 2652 5089 δὴ
2668 5017 2713 5049 ⁸⁷
2740 5017 2954 5081 τούτοις
2996 5019 3093 5071 καὶ
3139 5016 3395 5079 ἀτάκτως
3443 5005 3732 5083 φερομένηςι

497 5116 692 5171 passus
731 5114 818 5159 est
866 5118 988 5159 eam
1034 5105 1257 5161 omnino
1301 5105 1374 5159 ita
1420 5117 1553 5159 casu
1580 5101 1956 5171 circumferri,
1990 5118 2058 5162 εει

2190 5110 2255 5165 οὐ
2280 5110 2369 5164 διὰ
2402 5108 2603 5175 παντὸς
2617 5112 2913 5166 κατέλιπεν
2950 5110 3124 5183 αὐτὴν
3160 5108 3306 5165 οῦτω
3350 5104 3617 5180 φέρεσθαι,
3656 5095 3730 5150 ἀλ·

608 5269 624 5318 t'
659 5267 799 5324 Psal.
829 5283 1056 5331 Luxu.
1086 5267 1143 5334 2,
1178 5269 1235 5324 4.
1313 5269 1342 5310 κ
1372 5266 1544 5325 Eccli.
1586 5282 1626 5334 ι,
1665 5266 1719 5321 2.

1808 5382 2045 5443 VARUS
2072 5382 2488 5441 LECTIONES.

574 5481 621 5512 "
652 5476 1021 5559 auéprnt‘AB.
1063 5479 1142 5559 f"
1174 5475 1331 5559 φατε
1348 5476 1456 5531 AB:
1513 5477 1580 5559 .73
1606 5476 1693 5550 τό]
1745 5480 1926 5559 malim
1966 5479 2067 5549 τῷ.
2144 5479 2190 5511 ⁷⁹
2212 5479 2436 5559 πρῶτος
2470 5496 2533 5545 ς.
2561 5472 2956 5559 --θίέσταιλαν
2984 5472 3073 5559 ᾼΒ
3100 5488 3115 5526 :
3147 5472 3327 5559 alii.
3467 5453 3733 5559 ξπόλινξξίξ

501 5521 1332 5617 ιιιιᾶτῖνὶῗγενέσεωτς-Ᾰῑῖ
1348 5521 1693 5615 ἒᾯὲνέσεῴἒ
1972 5521 2500 5614 Zaiama'é‘EEQ'E-f
2518 5521 2533 5533 ν
2560 5548 2607 5582 ⁸³
2628 5521 3116 5608 aé'KF'éﬁit—gl
3151 5521 3250 5574 “5‘
3270 5521 3442 5611 ith
3473 5534 3529 5588 Β,
3567 5521 3629 5559 ἰι
3649 5521 3711 5588 ἀμ

505 5636 631 5693 μον,
671 5633 715 5687 ι,
740 5618 796 5673 2.
865 5618 913 5651 ⁸⁸
940 5619 1043 5689 τῆς
1070 5620 1113 5672 Δ
1150 5637 1165 5673 :
1198 5619 1460 5680 ὡσαύτως
1482 5618 1581 5688 τῆς
1615 5635 1677 5683 ς.
1733 5617 1739 5619 ⁷
1768 5617 1925 5690 ⁸⁷ήδή1
1960 5624 2345 5689 exspectabam
2371 5620 2453 5676 δέ.
2568 5654 2571 5657 λ

2036 5712 2273 5771 NOTAE.

580 5802 698 5879 (δὲ)
728 5806 919 5879 κυβαὲἱθ
953 5807 1018 5860 ad
1047 5805 1291 5879 requiem
1317 5814 1582 5879 nostram,
1615 5806 1773 5879 idest
1804 5822 1976 5879 usque
2006 5809 2072 5865 ad
2106 5811 2437 5868 creationem
2480 5805 2717 5863 hominis
2752 5810 3038 5874 postquam
3061 5800 3272 5873 quievit
3300 5799 3451 5854 Deus.

592 5875 809 5945 (δῖ-88)
843 5876 970 5935 llaec
1004 5892 1073 5935 ex
1096 5875 1273 5936 aliena
1311 5878 1581 5935 sententia
1605 5877 1753 5935 dicit.
