3954 6446
140 440 293 506 1153

131 575 305 627 Ἔστι
360 572 466 640 γὰρ

119 668 246 735 γὰρ
307 665 515 727 κακὸςτ
569 661 707 715 εἶναι
774 663 1011 728 λέγεται,
1068 662 1149 713 ὅτι
1209 658 1317 709 τῶν
1378 656 1564 709 κακῶν
1605 657 1720 707 ἐστι

120 756 471 826 ποιητής.⁰Α
500 753 555 808 δέ
582 772 665 816 τις
701 754 865 813 ποιεῖ,
916 752 1013 803 οὐκ
1046 751 1193 803 ἔστιν
1216 750 1398 813 αὐτὸς,
1433 749 1547 801 ἀλλ’
1575 748 1725 817 ἐνέρσ

121 867 262 919 γεια
315 846 503 908 αὑτοῦ,
560 838 750 914 ἀφ’ὧν
781 849 881 914 τὴν
929 843 1304 916 προσηγορίαν
1372 840 1463 895 τοῦ
1514 839 1723 893 κακὸε⁸

125 943 393 1011 λέγεσθαι
438 940 725 1010 λαμϐάνει.
761 942 949 1009 Εἰγὰρ
1009 941 1173 993 αὑτὸν
1221 938 1470 1009 εἴποιμεν
1518 934 1659 991 εῖναι
1690 936 1725 990 ἃ

129 1037 311 1099 ποιεῖ,
356 1032 503 1087 ποιεῖ
530 1033 585 1085 δέ
621 1035 814 1102 φόνους
849 1036 940 1085 καὶ
1005 1037 1251 1102 μοιχείας
1297 1033 1390 1085 καὶ
1414 1033 1513 1083 ὅσα
1544 1033 1725 1100 ὅμοια,

129 1126 303 1188 αὐτὸς
357 1125 510 1177 ἔσται
531 1127 550 1156 ⁹
579 1124 771 1178 ταῦτα·
805 1126 851 1176 εί
875 1125 929 1177 δὲ
954 1123 1113 1186 αὐτός
1144 1126 1261 1177 ἐστι
1297 1123 1487 1188 ταῦτα,
1517 1124 1606 1176 ὅτε
1638 1124 1725 1190 γί-

135 1239 312 1285 νεται,
362 1221 459 1291 τὴν
506 1220 765 1275 σύστασιν
811 1219 943 1290 ἔχει.
988 1219 1061 1271 Οὐ
1124 1218 1383 1287 γινόμενα
1418 1218 1473 1270 δέ
1508 1217 1725 1270 καὶτοῦ

142 1302 285 1367 εἶναι
338 1312 601 1366 παύεται.
651 1312 860 1364 Γίνεται
900 1311 956 1364 δὲ
987 1309 1161 1364 ταῦτα
1214 1309 1350 1381 πρὸς
1398 1304 1727 1380 ἀνθρώπων.

152 1404 402 1457 Ἔσονται
459 1402 569 1474 ἄρα
614 1402 883 1456 τούτων¹⁰
922 1403 1275 1473 οἱᾶνθρωποι
1338 1401 1580 1472 ποιηταὶ,
1637 1402 1731 1453 καὶ

143 1494 238 1546 τοῦ
272 1490 412 1546 εἶναι
454 1494 549 1547 καὶ
596 1494 792 1564 μηκέτι
828 1488 967 1546 εἶναι
1011 1494 1195 1546 αἴτιοι.
1227 1491 1354 1563 [945
1376 1491 1467 1563 R.]
1514 1491 1651 1544 Ἀλλ’
1684 1494 1732 1544 εί

139 1586 201 1649 ἐξ
233 1578 311 1639 ὧν
345 1586 561 1656 ἐνεργεῖ
598 1584 827 1648 ἕκαστος
872 1585 1107 1656 ὑπάρχει
1133 1584 1325 1647 κακὸς,
1358 1584 1393 1638 ἂ
1416 1584 1471 1636 δὲ
1499 1586 1730 1654 ἐνεργεῖ,

134 1677 318 1749 ἀρχὴν
372 1677 463 1730 τοῦ
530 1672 671 1731 εἶναι
710 1676 998 1746 λαμϐάνει,
1036 1676 1238 1747 ἤρξατο
1278 1677 1531 1738 κάκεῖνος
1582 1671 1723 1727 εἶναι

132 1774 331 1834 κακὸς,
350 1770 551 1843 ἤρξατο
566 1768 621 1824 δὲ
640 1769 916 1825 καὶταῦτα
946 1772 1015 1823 τὰ
1044 1771 1212 1823 κακά.
1242 1769 1351 1823 Εἱδ¹
1388 1767 1563 1831 οὕτως
1592 1768 1723 1837 ἔχει,

129 1864 235 1915 οὐκ
262 1864 410 1917 ἐστιν
438 1861 690 1934 ἁνάρχως
715 1879 798 1925 τις
828 1861 1015 1926 κακὸς,
1043 1860 1162 1915 οὐδὲ
1187 1862 1428 1933 ἀγένητα
1451 1861 1519 1915 τὰ
1565 1860 1728 1913 κακά.

220 2061 389 2115 Ἀλλὰ
421 2061 483 2113 τὸ
504 2060 543 2092 ¹¹
578 2060 677 2129 μὲν
721 2059 855 2130 πρὸς
905 2060 996 2113 τὸν
1020 2061 1208 2131 ἕτερον
1234 2058 1390 2127 λόγον
1431 2060 1652 2124 ἱκανῶς,
1683 2059 1727 2113 ὦ

137 2156 288 2225 φίλε,
332 2154 695 2223 πεποιηκέναι
723 2170 813 2223 μοι
837 2154 1034 2215 δοκεῖς.
1078 2153 1166 2220 Ἐξ
1196 2146 1269 2206 ὧν
1297 2154 1407 2222 γὰρ
1435 2152 1727 2221 προλαϐὼν

140 2250 313 2303 ἔδωκε
337 2249 416 2319 τῷ
458 2248 622 2321 λόγῳ,
655 2250 721 2303 ἐκ
762 2248 965 2303 τούτων
997 2250 1252 2317 συνάγειν
1309 2249 1498 2315 ἔδοξας
1526 2250 1728 2313 καλῶς.

156 2340 245 2405 Ὦς
272 2340 489 2411 ἀληθῶς
510 2342 640 2411 γὰρ,
681 2339 727 2393 εἱ
756 2339 948 2403 ἄποιος
988 2339 1285 2410 ἐτύγχανεν
1320 2342 1353 2410 ἡ
1386 2339 1508 2409 ὕλη,
1534 2341 1642 2394 τῶν
1675 2340 1732 2393 δὲ

142 2434 448 2502 ποιοτήτων
472 2433 514 2463 ¹¹
565 2431 897 2507 δημιουργὸς
938 2432 967 2486 ὁ
1010 2433 1163 2499 Θεὸς,
1214 2432 1501 2502 ποιότητες
1550 2432 1607 2485 δὲ
1662 2433 1731 2485 τὰ

138 2521 313 2586 κακὰ,
350 2523 581 2592 ποιητὴς
605 2523 649 2553 ¹³
670 2524 776 2575 τῶν
803 2522 988 2575 κακῶν
1025 2524 1053 2576 ό
1085 2523 1237 2587 Θεός.
1279 2524 1434 2595 Ἐμοὶ
1455 2524 1511 2577 δὲ
1531 2524 1725 2591 ψεῦδος

135 2612 292 2665 δοκεῖ
342 2614 441 2685 τὴν
493 2614 624 2685 ὕλην
683 2616 872 2668 ἄποιον
940 2614 1120 2685 λέγειν
1155 2633 1167 2644 ·
1212 2617 1332 2669 οὐδὲ
1381 2619 1492 2687 γὰρ
1525 2618 1732 2671 ἔνεστιν

136 2706 323 2757 εἰπεῖν
354 2707 483 2777 περὶ
516 2705 613 2777 τῆς
642 2724 788 2771 τινος
818 2706 1005 2770 οὐσίας
1032 2706 1105 2770 ὡς
1135 2706 1282 2761 ἐστιν
1310 2710 1521 2772 ἄποιος.
1564 2709 1728 2764 Ἀλλὰ

142 2795 258 2867 μὴν
306 2796 399 2850 καὶ
431 2800 489 2851 ἐν
522 2792 566 2866 ᾧ
612 2798 804 2853 ἄποιον
861 2794 999 2852 εἶναι
1047 2798 1194 2867 λέγει
1217 2802 1278 2865 ¹⁵,
1313 2800 1411 2871 τὴν
1472 2801 1731 2869 ποιότητα

140 2887 323 2959 αὐτῆς
351 2889 569 2961 μηνύει,
586 2892 745 2944 όποία
766 2891 912 2945 ἐστὶν
938 2892 972 2962 ή
1003 2891 1103 2962 ὕλη
1122 2892 1576 2962 διαγραφόμενος,
1598 2894 1733 2963 ὅπερ

141 2986 265 3037 ἐστὶ
294 2985 580 3055 ποιότητος
604 2981 937 3048 εἷδος.”0οεν
964 2986 1018 3039 εῐ
1038 3002 1121 3038 σοι
1145 2986 1298 3055 φίλον
1334 2988 1503 3051 ἐστὶν,
1524 2985 1733 3040 ἄνωθεν

144 3080 321 3148 ἄρχου
341 3077 385 3107 ¹⁸
416 3076 511 3129 τοῦ
533 3076 713 3146 λόγου.
733 3078 886 3146 Ἐμοὶ
916 3082 1025 3150 γὰρ
1053 3081 1086 3149 ἡ
1116 3077 1219 3150 ὕλη
1245 3080 1538 3151 ποιότητας
1568 3082 1736 3151 ἀνάρ-

146 3184 261 3236 χως
304 3166 448 3237 ἔχειν
498 3168 680 3222 δοκεῖ’
736 3169 879 3223 οὕτω
946 3171 1052 3240 γὰρ
1112 3172 1303 3226 καὶτὰ
1342 3173 1489 3225 κακὰ
1531 3174 1596 3226 ἐκ
1636 3173 1736 3245 τῆς

152 3259 449 3330 ἀπορροίας
501 3259 672 3330 αὐτῆς
730 3256 870 3315 εἶναι
925 3261 1087 3331 λέγω.
1120 3259 1192 3317 Ὦ
1213 3264 1355 3333 φίλε,
1403 3267 1453 3318 εί
1508 3264 1736 3335 ἐμποιος

1182 433 1705 495 BIBLIOTHECA.
1747 456 1817 466 -
1854 430 2016 490 COD.
2058 427 2407 487 CCXXXVI.

515 570 607 623 καὶ
632 569 792 631 αὐτὸς
820 570 983 630 auxit;
1011 567 1067 632 ἐξ
1097 561 1172 619 ὦν
1208 566 1355 618 ποιεῖ⁹
1382 582 1397 597 ο
1443 564 1532 616 διὰ
1573 562 1730 615 τοῦτο

1845 538 1974 605 quod
2026 536 2189 591 situm
2242 545 2326 590 est
2366 537 2417 588 in
2467 535 2932 591 snbministrando
2983 544 3035 591 et
3075 547 3413 607 suggerendo

3259 429 3394 493 1154

1829 628 2004 700 [hisce
2036 626 2377 697 hominibus]
2413 634 2469 680 ut
2494 627 2695 681 faciant
2725 628 2883 681 mala.
2914 628 3005 682 Est
3031 629 3174 683 enim
3211 638 3266 685 et
3298 632 3414 701 ipse

1831 721 2026 785 malus,
2052 721 2123 775 ob
2145 736 2206 774 ea
2242 734 2364 790 qua:
2395 718 2565 785 facit;
2596 730 2883 788 propterea
2916 721 3057 775 enim
3092 722 3267 776 malus
3292 738 3417 777 esse

1834 812 2053 874 dicitur,
2100 814 2244 883 quod
2277 812 2349 866 sit
2386 820 2574 865 auctor
2618 811 2902 865 malorum.
2945 812 3074 878 ane
3117 829 3244 868 vero
3276 815 3403 884 quis

1838 902 2002 967 facit,
2043 904 2090 956 is
2123 917 2227 955 non
2264 910 2345 955 est
2376 900 2431 954 id
2488 901 2662 968 ipsum
2711 900 2852 966 quod
2905 898 3054 961 facit,
3104 900 3197 953 sed
3244 900 3414 966 ipsius

1827 992 2118 1059 operatio,
2177 992 2318 1043 unde
2377 990 2491 1057 ipse
2540 1001 2734 1041 nomen
2778 987 2905 1042 mali
2952 988 3051 1041 sibi
3100 988 3410 1057 acquisivit.

1830 1080 2042 1136 Etenim
2076 1082 2119 1136 si
2149 1081 2321 1147 ipsum
2352 1094 2472 1133 esse
2503 1077 2804 1131 dixerimus
2838 1078 2887 1131 id
2922 1079 3064 1145 quod
3099 1079 3251 1142 facit,
3283 1078 3415 1131 facit

1832 1186 2009 1228 autem
2052 1173 2249 1237 caedes,
2293 1171 2559 1225 adulteria
2600 1180 2653 1223 et
2693 1170 2795 1223 hoc
2837 1184 3006 1238 genus
3046 1168 3265 1233 similia,
3310 1168 3417 1222 erit

1832 1266 1946 1333 ipse
1974 1265 2089 1318 haec
2123 1262 2268 1334 [quae
2299 1260 2473 1331 facit].
2508 1261 2563 1315 Si
2605 1271 2785 1314 autem
2819 1269 2903 1312 est
2934 1261 3049 1329 ipse
3085 1260 3220 1323 haec,
3254 1260 3420 1315 habet

1834 1371 1989 1411 suum
2024 1370 2166 1419 esse,
2208 1356 2426 1423 quando
2458 1355 2614 1418 fiunt,
2652 1352 2867 1423 quando
2903 1363 3082 1407 autem
3113 1368 3217 1407 non
3254 1352 3411 1415 ﬁunt,

1832 1449 1996 1503 etiam
2035 1448 2150 1515 ipse
2173 1461 2291 1501 esse
2328 1446 2547 1500 desinit.
2582 1445 2748 1500 Ftunt
2772 1454 2954 1499 autem
2985 1446 3099 1499 haec
3135 1446 3203 1497 ab
3236 1445 3421 1498 homi-

1833 1539 2024 1604 nibus;
2065 1537 2317 1592 homines
2345 1551 2474 1607 ergo
2508 1545 2670 1591 erunt
2712 1537 2903 1591 horum
2946 1543 3227 1601 auctores,
3266 1544 3319 1589 el
3362 1546 3420 1588 ut

1832 1631 1961 1695 sint,
1989 1629 2071 1683 vel
2095 1644 2199 1683 non
2225 1629 2354 1693 sint,
2380 1643 2577 1682 causae.
2606 1627 2770 1697 Atqui
2794 1628 2835 1681 si
2862 1628 2931 1682 ob
2958 1642 3020 1680 ea
3043 1642 3161 1695 qua:
3188 1627 3422 1695 quisque

1834 1722 1985 1785 facit,
2008 1720 2181 1775 malus
2205 1730 2319 1788 est;
2352 1736 2472 1790 qum
2493 1730 2672 1775 autem
2698 1720 2827 1775 facit
2848 1719 3172 1789 principium
3195 1718 3423 1783 habent,

1836 1828 1965 1881 ergo
1987 1814 2150 1881 cmpit
2177 1823 2232 1867 et
2259 1813 2346 1867 ille
2372 1826 2493 1867 esse
2522 1812 2716 1876 malus,
2744 1823 2798 1866 et
2818 1821 3097 1881 cmpernnt
3122 1827 3243 1866 esse
3306 1814 3420 1879 ipsa

1841 1920 2054 1973 quoque
2094 1906 2253 1959 mala.
2307 1904 2458 1971 Quod
2500 1905 2543 1959 si
2585 1920 2772 1959 verum
2819 1912 2936 1966 est,
2985 1918 3116 1972 ergo
3162 1918 3320 1957 nemo
3354 1903 3422 1956 ab

1760 2019 1806 2078 Β
1836 2006 2039 2050 atterno
2062 1997 2257 2059 malus,
2276 2011 2449 2065 neque
2470 2006 2673 2050 :eterna
2700 1997 2813 2050 sive
2837 1996 3073 2065 ingenita
3100 2005 3227 2049 sunt
3252 1996 3419 2048 mala.

1908 2089 2221 2152 Enimvero,
2266 2088 2461 2153 amice,
2490 2097 2813 2157 pratsentem
2851 2088 3067 2155 quidem
3098 2087 3410 2155 disputatio.

1833 2192 1955 2231 nem
1986 2178 2119 2230 mihi
2151 2186 2338 2233 contra
2359 2178 2523 2230 alium
2543 2178 2901 2246 opportunius
2923 2177 3126 2230 videris
3153 2176 3428 2229 instituis-

1833 2284 1911 2324 se.
1966 2266 2117 2323 Unde
2143 2269 2289 2323 enim
2320 2269 2409 2323 ille
2447 2271 2595 2322 visus
2636 2279 2721 2323 est
2754 2268 3022 2323 orationis
3070 2267 3423 2321 fundamenta

1834 2375 2079 2426 sumere,
2122 2360 2248 2415 inde
2281 2372 2335 2415 tu
2368 2362 2505 2416 bene
2544 2361 2692 2415 visus
2725 2360 3068 2414 concludere.
3114 2358 3253 2413 Vere
3279 2360 3426 2412 enim

1833 2453 2122 2522 disputasti
2151 2470 2163 2505 :
2195 2453 2239 2507 si
2268 2453 2493 2506 materia
2521 2452 2770 2506 informis
2794 2466 2888 2506 seu
2921 2452 3038 2505 sine
3073 2451 3428 2520 qualitatibus

1833 2542 1953 2611 fuit,
2001 2545 2323 2613 qualitatum
2372 2554 2552 2598 autem
2618 2554 2807 2599 auctor
2860 2545 3037 2609 Dens;
3092 2543 3232 2597 mala
3299 2557 3427 2597 vero

1834 2638 2128 2707 qualitates
2184 2639 2314 2704 sint,
2352 2638 2618 2691 malorum
2654 2653 2784 2707 ergo
2825 2636 3075 2692 conditor
3119 2636 3261 2692 Dens
3298 2636 3425 2689 erit.

1835 2733 1906 2783 At
1968 2730 2099 2783 mihi
2150 2729 2345 2784 falsum
2378 2730 2612 2795 videtur,
2660 2730 2947 2783 materiam
3000 2726 3286 2782 informem
3332 2741 3427 2781 seu

1836 2822 1958 2875 sine
2005 2821 2363 2888 qualitatibus
2410 2834 2558 2874 esse.
2621 2818 2697 2873 De
2736 2820 2878 2873 nulla
2926 2820 3069 2873 enim
3123 2817 3429 2871 substantia

1835 2911 2014 2980 possis
2042 2909 2313 2964 afﬁrmare
2336 2910 2485 2963 illam
2531 2910 2817 2964 informem
2847 2923 2992 2963 esse.
3018 2907 3159 2974 Quin
3179 2908 3281 2960 hoc
3316 2907 3435 2975 ipso

1835 3005 1979 3071 quod
2020 3002 2308 3056 informem
2358 3002 2611 3071 appellat,
2641 3001 2959 3069 qualitatem
3010 3000 3126 3067 ejus
3160 2999 3429 3063 declarat,

1836 3105 1892 3150 et
1938 3096 2114 3164 qualis
2165 3096 2396 3149 materia
2449 3096 2522 3148 sit
2572 3093 2861 3160 describit,
2898 3096 3044 3162 quod
3090 3101 3174 3146 est
3225 3092 3435 3158 species

1838 3187 2140 3256 qualitatis.
2178 3186 2383 3252 Quare,
2422 3187 2470 3241 si
2507 3186 2601 3240 tibi
2629 3187 2825 3255 placet,
2851 3185 3009 3237 altius
3043 3183 3226 3237 ordire
3250 3182 3437 3250 dispu-

1836 3280 2117 3334 tationem.
2171 3276 2301 3334 Μὶὴί
2354 3278 2499 3333 enim
2542 3278 2765 3331 materia
2790 3277 3078 3346 qualitates
3130 3274 3198 3327 ab
3230 3282 3436 3327 aeterno

156 3348 224 3421 ἦν
270 3354 517 3425 ἀνάρχως
557 3355 589 3425 ἡ
658 3354 779 3425 ὕλη,
826 3356 973 3420 τίνος
1023 3356 1133 3429 ἄρα
1184 3357 1402 3412 ἐσται¹⁶
1443 3360 1674 3431 ποιητὴς
1708 3362 1736 3413 ό

1845 3370 2044 3425 habere
2093 3371 2326 3423 videtur.
2388 3368 2465 3422 lla
2499 3369 2716 3437 quippe,
2768 3382 2804 3421 0
2839 3367 3035 3433 amice,
3079 3374 3136 3421 et
3176 3366 3313 3418 mala
3366 3381 3433 3419 ex

156 3445 319 3510 Θεόςς
342 3446 450 3499 εἴτε
477 3445 585 3516 γάρ
623 3447 812 3510 οὐσίας
846 3449 1100 3518 ἐροῦμεν,
1134 3449 1380 3521 προεῖναι
1401 3468 1603 3522 φαμεν·
1624 3455 1737 3506 εῖτε

155 3535 220 3592 αὖ
294 3538 580 3606 ποιότητος
617 3576 633 3601 ,
705 3540 801 3592 καὶ
856 3539 1028 3604 αὑτὰς
1068 3541 1112 3573 ιτ
1167 3541 1436 3613 ὑπάρχειν
1486 3542 1739 3613 λέγομεν.

154 3629 368 3681 Οὐκοῦν
396 3627 518 3699 [SOI
581 3629 675 3703 Η.]
718 3631 907 3694 οὐσίας
957 3649 1018 3685 τε
1074 3632 1245 3704 οὑσης
1287 3633 1384 3687 καὶ
1441 3636 1745 3704 ποιοτήτων

154 3720 410 3790 περιττὸν
432 3715 572 3775 εἶναί
598 3739 688 3792 μοι
718 3722 865 3776 δοκεῖ
884 3724 1217 3796 δημιουργὸν
1245 3726 1424 3794 λέγειν
1457 3726 1549 3779 τὸν
1586 3726 1741 3785 Θεόν.

1845 3460 2035 3514 eodem
2081 3458 2233 3513 fonte
2279 3473 2602 3528 promanare
2648 3470 2870 3510 assero.
2928 3455 2985 3509 Si
3042 3454 3270 3508 materia
3322 3454 3436 3508 suis

1847 3549 2038 3605 affecta
2064 3549 2420 3619 qualitatibus
2443 3552 2511 3603 ab
2531 3559 2736 3602 aeterno
2762 3548 2885 3612 fuit,
2912 3546 3064 3613 cujus
3090 3546 3195 3600 erit
3222 3557 3436 3600 creator

1841 3641 1988 3697 Deus
2032 3642 2055 3696 ?
2105 3641 2232 3695 Sive
2282 3642 2426 3694 enim
2481 3639 2821 3695 substantias
2868 3638 3164 3692 dixerimus
3198 3647 3431 3695 creatas,

1846 3733 2182 3789 afﬁrmamus
2212 3733 2335 3788 illas
2358 3733 2471 3801 jam
2499 3741 2631 3787 ante
2667 3730 2833 3784 fuisse
2865 3746 2879 3794 ;
2929 3730 3044 3783 sive
3077 3743 3266 3783 rursus
3303 3742 3438 3796 qna-

155 3814 351 3879 litatis,
404 3822 463 3868 et
525 3814 645 3869 illas
709 3816 964 3872 exsitisse
1004 3818 1323 3874 asserimus.
1368 3818 1510 3890 Ergo
1585 3831 1643 3877 et
1684 3824 2003 3881 substantiae
2065 3837 2119 3881 et
2172 3826 2491 3896 qualitatum
2559 3823 2891 3879 conditorem
2950 3833 3195 3876 asserere
3262 3822 3432 3875 Deum

159 3923 620 3976 supervacaneum
690 3912 822 3965 mihi
870 3912 1111 3966 videtur.

243 4003 382 4056 Ἀλλ’
411 4005 707 4076 ἀπόκριναι
736 4006 1114 4078 ἐρωτώμενος,
1136 4011 1243 4061 τίνι
1270 4010 1459 4081 τρόπῳ
1488 4011 1745 4082 δημιουρ-

155 4095 255 4161 γὸν
290 4094 431 4152 εἶναι
483 4099 589 4169 φῂς
617 4100 708 4154 τὸν
763 4101 917 4164 Θεὸν,
982 4102 1211 4172 πότερον
1262 4103 1346 4157 ὅτι
1404 4103 1503 4167 τὰς
1554 4104 1743 4171 οὐσίας

156 4189 386 4257 ἔτρεψεν
440 4188 656 4253 ὲκείνας
709 4192 788 4254 είς
846 4190 908 4243 τὸ
971 4193 1168 4262 μηκέτι
1224 4192 1525 4263 ὑπάρχειν,
1582 4194 1744 4267 αἴπερ

154 4275 300 4348 ἦσάν
352 4298 503 4345 ποτε,
530 4281 562 4351 ἢ
594 4282 677 4335 ὅτι
703 4282 802 4345 τὰς
852 4284 954 4353 μὲν
1005 4283 1193 4347 οὐσίας
1260 4284 1517 4352 ἐφύλαξε,
1562 4288 1661 4350 τὰς
1690 4288 1747 4340 δὲ

160 4373 455 4445 ποιότητας
484 4374 660 4428 αὐτῶν
709 4374 974 4446 ἔτρεψεν;
1003 4376 1135 4429 Οὑτι
1195 4393 1286 4446 μοι
1333 4377 1481 4430 δοκεί
1503 4380 1746 4450 ἀλλαγὴν

158 4466 360 4517 οὐσιῶν
415 4468 724 4534 γεγονέναι,
778 4468 916 4521 ἀλλὰ
969 4470 1129 4538 μόνον
1159 4472 1485 4540 ποιοτήτων,
1521 4471 1645 4525 καθ’
1679 4472 1747 4535 ἃς

161 4557 498 4627 δημιουργὸν
558 4554 698 4612 εἶναι
755 4560 988 4630 λέγομεν
1018 4563 1109 4615 τὸν
1159 4562 1325 4615 Θεόν⁸
1359 4566 1455 4617 καὶ
1495 4565 1747 4636 ὥσπερ¹⁸

1922 4011 2028 4068 Sed
2059 4014 2425 4082 interrogatus
2480 4011 2747 4079 responde
2801 4027 2813 4063 :
2852 4010 2965 4075 Qua
3030 4009 3240 4063 ratione
3270 4008 3434 4061 Deum

1849 4116 2153 4159 creatorem
2177 4119 2298 4159 esse
2326 4103 2483 4165 dicis,
2516 4116 2583 4156 an
2610 4102 2752 4169 quod
2800 4100 3154 4165 substantias,
3186 4112 3305 4167 quae
3336 4095 3439 4149 ali-

1851 4200 2067 4267 quando
2118 4197 2355 4259 fuerunt,
2406 4196 2459 4248 in
2527 4195 2750 4248 nihilum
2804 4193 3120 4263 redegerit?
3172 4208 3238 4245 an
3296 4189 3437 4259 quod

1853 4289 2186 4346 substantias
2236 4287 2452 4357 quidem
2486 4285 2841 4347 conservarit,
2889 4283 2984 4339 sed
3024 4283 3313 4352 qualitates
3342 4296 3439 4333 ca-

1851 4397 1969 4435 rum
2003 4382 2225 4434 mutarit
2253 4380 2276 4434 ‘l
2319 4378 2475 4433 Nulla
2508 4377 2636 4432 mihi
2662 4378 2876 4430 videtur
2904 4376 3304 4429 subtantiarttm
3324 4389 3445 4426 mu-

1853 4473 1987 4526 tatio
2016 4472 2182 4533 facta,
2217 4471 2312 4525 sed
2342 4479 2549 4522 tantum
2600 4468 2795 4537 30612
2835 4465 3177 4534 qualitatum,
3211 4478 3440 4532 quarunt

1854 4578 2014 4617 causa
2046 4563 2378 4617 creationem
2405 4574 2525 4615 esse
2544 4558 2711 4613 Deum
2751 4553 3231 4612 asseveramus.Et
3256 4569 3445 4623 quem-

168 4650 384 4719 εἰτύχοι
438 4651 615 4718 λέγειν
638 4654 703 4704 ἐκ
736 4652 898 4706 λίθων
933 4654 1111 4707 οἰκίαν
1140 4656 1452 4723 γεγονέναι,
1485 4658 1570 4725 ἐφ’
1598 4660 1640 4691 ¹⁹
1672 4653 1736 4712 ὧι

1858 4655 2145 4711 admodum
2195 4654 2242 4709 si
2304 4652 2430 4721 quis
2494 4652 2750 4715 dicat,ex
2774 4648 3046 4716 lapidibus
3101 4647 3298 4702 factam
3327 4662 3448 4701 esse

172 4742 274 4792 οὑκ
338 4742 540 4795 ἔνεστιν
588 4744 762 4797 εἰπεῖν
795 4745 869 4807 ὡς
901 4745 1083 4798 οὐκέτι
1114 4746 1252 4799 λίθοι
1302 4748 1525 4816 μένουσι
1563 4752 1628 4819 τῇ
1660 4750 1751 4802 οὐο

173 4832 267 4899 σία
313 4832 458 4885 οίκία
488 4833 772 4904 λεγόμενοι
804 4836 854 4886 οὶ
878 4834 1015 4887 λίθοι
1062 4836 1149 4906 (τῇ
1186 4838 1295 4907 γὰρ
1349 4839 1599 4909 ποιότητι
1649 4840 1751 4907 τῆς

170 4921 477 4988 συνθέσεως
531 4927 631 4995 τὴν
687 4926 867 4980 οἰκίαν
918 4929 1200 4995 γεγονέναι
1256 4932 1448 5001 φημὶ),
1493 4932 1638 4985 οὕτω
1662 4950 1753 5001 μοι

167 5012 315 5064 δοκεί
344 5014 548 5066 καὶτὸν
576 5016 730 5080 Θεὸν,
757 5015 1138 5086 ὑπομενούσης
1161 5019 1261 5087 τῆς
1304 5019 1515 5086 οὐσίας,
1539 5022 1753 5091 τροπήν

170 5120 292 5155 τινα
346 5104 457 5155 τῶν
511 5107 812 5177 ποιοτήτων
852 5108 1023 5175 αὐτῆς
1077 5110 1460 5180 πεποιηκέναι,
1523 5112 1645 5165 καθ’
1690 5114 1756 5182 ἢν

167 5198 270 5265 τὴν
299 5197 453 5249 τοῦδε
476 5198 569 5251 τοῦ
593 5199 797 5269 κόσμου
823 5201 1037 5269 γένεσιν
1064 5201 1200 5272 πρὸς
1217 5202 1312 5255 τοῦ
1359 5204 1495 5259 Θεοῦ
1534 5208 1759 5273 γεγονέ-

166 5305 259 5339 ναι
314 5288 481 5357 φημί.
522 5290 755 5359 Πότερον
800 5291 894 5345 καὶ
920 5291 1005 5342 σοὶ
1026 5290 1174 5343 δοκεί
1201 5291 1269 5343 τὰ
1296 5293 1441 5346 κακὰ
1470 5294 1759 5363 ποιότητες

165 5380 375 5433 οὐσιῶν
416 5377 595 5448 εἷναι;
653 5385 831 5437 Δοκεῖ.
872 5383 1112 5436 Ἀνωθεν
1145 5382 1199 5435 δὲ
1224 5379 1364 5451 ἦσαν
1397 5386 1450 5436 αἱ
1476 5387 1761 5456 ποιότητες

1861 4754 2103 4811 domum,
2134 4750 2201 4802 de
2230 4747 2427 4816 quibus
2466 4759 2569 4798 non
2600 4743 2736 4797 solet
2763 4742 2894 4804 dici,
2924 4741 3065 4810 quod
3110 4740 3287 4793 adhuc
3320 4738 3449 4792 subs

1860 4843 2060 4896 stantia
2097 4846 2354 4894 maneant
2396 4836 2619 4906 lapides,
2652 4836 2746 4889 sed
2790 4834 2993 4902 lapides
3036 4833 3229 4885 domus
3260 4831 3452 4884 dicun-

1865 4945 1969 4987 tur:
1989 4948 2112 4986 nam
2140 4946 2205 4985 ex
2234 4930 2556 5001 qualitatum
2587 4926 2986 4995 compositione
3010 4926 3227 4977 domum
3250 4922 3450 4976 factam

1863 5026 1986 5081 dico
2017 5043 2032 5079 :
2078 5026 2152 5078 ita
2183 5037 2382 5076 censeo
2408 5021 2598 5083 Deum,
2634 5029 2886 5073 manente
2912 5016 3243 5082 substantia,
3275 5025 3453 5068 muta-

1866 5121 2067 5172 tionem
2107 5115 2397 5182 quannlam
2456 5112 2777 5179 qualitatum
2824 5108 3056 5173 fecisse,
3092 5107 3245 5174 cujus
3288 5119 3449 5158 causa

1868 5208 2128 5261 mundum
2156 5207 2298 5259 hunc
2320 5221 2348 5257 a
2372 5205 2481 5259 Deo
2502 5211 2842 5272 procreatum
2862 5215 2983 5256 esse
3005 5198 3230 5252 allii-mo.
3259 5195 3453 5249 Viden-

1867 5310 2024 5354 turne
2056 5299 2150 5352 tibi
2180 5313 2394 5367 quoque
2426 5297 2587 5357 mala,
2620 5294 3046 5349 snbstantiarum
3076 5302 3197 5344 esse
3221 5284 3454 5355 qualita-

1872 5391 1997 5445 tes?
2031 5389 2310 5443 Videntur.
2352 5387 2665 5443 Fneruntne
2698 5385 2778 5439 hat
2803 5383 3095 5453 qualitates
3132 5379 3199 5433 ab
3230 5385 3455 5440 aeterno,

1490 5525 1727 5579 VARUE
1759 5526 2163 5581 LECTIONES.

252 5637 270 5667 '
305 5638 499 5709 κακός]
527 5640 672 5694 κακά
696 5642 761 5694 Α.

176 5709 388 5779 τήτων1
418 5711 654 5779 ποιητῶν
685 5728 765 5777 pr.
802 5712 866 5764 A.

187 5746 388 5779 ...μυηι
426 5746 525 5762 ..νυ
559 5746 652 5761 ,νη
686 5746 765 5777 μ..
802 5746 866 5764 η.
1060 5746 1279 5783 “vlup.”
1320 5746 1416 5765 »ων
1447 5746 1599 5765 nubta

182 5783 228 5811 ιθ
250 5781 438 5854 λέγειν.
605 5779 893 5854 ίξδ-ἄηρχου]
925 5782 1161 5854 ἀνάρχου
1186 5788 1247 5847 Α,
1284 5786 1512 5854 ἐνάρχου
1542 5785 1603 5837 (Σ.

180 5853 394 5920 καίπερ
418 5850 520 5903 ΑΒ.
602 5850 643 5881 ¹⁹
682 5852 763 5918 ἐφ’
792 5849 907 5904 Λῐῖί
941 5849 1041 5919 ἀφ(
1071 5849 1129 5915 ξ.

843 5640 865 5672 ⁸
896 5640 1086 5713 κακός]
1119 5642 1287 5695 κακοῦ
1320 5642 1428 5697 ΑΒ.
1499 5642 1521 5673 θ
1552 5644 1704 5696 ἔσται
1736 5658 1845 5696 om.
1881 5642 1991 5696 AB.
2070 5643 2114 5671 ¹⁰
2140 5641 2345 5693 τούτων
2372 5657 2478 5713 om.
2670 5641 2705 5670 “
2738 5636 2957 5713 16_AB_:
2987 5636 3078 5687 τόν
3112 5652 3171 5697 ς’.
3236 5635 3278 5665 ¹²
3304 5648 3458 5713 arato-

976 5712 1019 5783 '§
1052 5706 1283 5783 ποιητῆς
1309 5714 1416 5765 τῶν
1447 5714 1630 5765 κακῶν
1654 5717 1718 5770 Α,
1774 5712 1883 5763 τῶν
1936 5712 2380 5783 κακώνλποιητής
2430 5711 2465 5761 Β
2497 5730 2509 5762 :
2540 5710 2645 5762 τῶν
2678 5708 2863 5783 κακῷς
2915 5706 3092 5783 ἕσταιῇ
3125 5706 3353 5783 ποιητής
3389 5718 3452 5783 ςξ

1696 5768 1737 5813 ’νδ
1759 5784 1911 5835 ἔσται
1940 5799 2048 5835 om.
2087 5780 2193 5835 AB.
2272 5768 2310 5811 ⁵⁷
2338 5768 2507 5843 αὑτάς
2536 5780 2621 5832 ΑΒ
2660 5799 2672 5833 :
2700 5777 2901 5838 ταύτας
2930 5793 2990 5839 ς.
3052 5775 3093 5806 ¹⁸
3122 5777 3211 5828 καὶ
3242 5768 3459 5844 ὥσπερ]
