3954 6448
530 382 665 447 1155

1683 380 1948 444 ΡΗΟΤΙῙ
1989 380 2494 442 PATRIARCHIE
2527 381 2636 444 CP.

3645 380 3774 447 1156

527 501 582 556 in
618 497 864 563 materia,
917 513 985 553 an
1030 497 1354 569 principium
1402 495 1694 554 exsistendi
1735 498 2038 554 habuerunt
2080 499 2097 552 ἳ

2205 491 2365 552 αὗται
2393 500 2452 553 έν
2478 502 2543 570 τῇ
2577 497 2703 571 ὕλῃ,
2749 497 2784 569 ἢ
2819 496 2996 568 ἀρχὴν
3021 496 3177 568 ἔσχον
3204 497 3297 552 τοῦ
3322 492 3498 563 εἷναις
3534 499 3774 555 Συνεῖναί

524 591 721 646 Fuisse
765 592 863 645 has
899 591 1186 660 qualitates
1224 593 1293 646 ab
1319 600 1523 645 aeterno
1548 605 1670 644 cum
1698 590 1927 644 materia
1987 593 2102 645 exi-

527 684 707 738 stimo.
742 681 860 736 Non
895 683 1177 738 arbitraris
1220 683 1574 738 mutationem
1610 682 1843 751 aliquam
1869 683 2103 752 qualita-

528 783 640 828 tum
664 791 786 830 esse
809 789 838 827 a
866 772 974 828 Deo
993 775 1189 828 factam
1213 775 1237 828 ἲ
1261 774 1511 830 Arbitror
1541 774 1760 828 lactant.
1780 775 1839 828 ln
1868 775 2102 830 melius?

529 866 656 920 Mihi
686 867 915 920 videtur.
944 866 1083 935 Ergo
1130 866 1176 920 si
1211 865 1499 934 qualitates
1529 865 1767 920 materia:
1793 867 1931 920 inter
1963 864 2102 918 mala

527 966 656 1010 sunt
700 966 1017 1018 numeratae,
1058 956 1195 1008 Deus
1223 964 1403 1008 autem
1444 954 1682 1006 materiae
1723 951 2016 1020 qualitates
2047 951 2100 1004 in

528 1045 719 1101 melius
751 1045 952 1113 aliquid
984 1043 1268 1106 convertit,
1310 1043 1613 1096 necessario
1640 1043 1989 1111 quaerendum
2017 1051 2103 1094 est

528 1139 670 1192 unde
702 1137 836 1190 mala
867 1137 992 1190 sint.
1029 1137 1134 1189 Aut
1162 1137 1302 1188 enim
1334 1148 1545 1198 omnes,
1579 1149 1699 1187 cum
1727 1133 1880 1187 malae
1899 1144 2100 1196 essent,

529 1228 582 1284 in
629 1229 819 1282 melius
856 1239 981 1282 sunt
1023 1243 1293 1282 conversae
1345 1244 1360 1280 :
1405 1227 1638 1280 autaliat
1677 1226 1894 1295 quidem
1945 1235 2102 1278 erant

527 1321 703 1386 malae,
735 1321 853 1374 alia:
891 1335 1018 1375 vero
1046 1335 1169 1374 non.
1211 1319 1275 1374 Et
1306 1320 1458 1374 malae
1493 1320 1708 1389 quidem
1741 1328 1959 1372 mutatae
1994 1333 2099 1372 non

526 1425 653 1468 sunt
704 1415 754 1468 in
805 1413 1038 1468 melius:
1096 1413 1319 1482 reliqua:
1369 1428 1521 1478 vero,
1556 1428 1892 1484 quascunque
1947 1420 2102 1466 erant

524 1507 842 1572 commodat,
879 1516 1103 1562 ornatus
1146 1522 1307 1562 causa
1336 1522 1365 1560 a
1403 1506 1512 1561 Deo
1557 1516 1775 1560 mutatae
1827 1517 1973 1560 sunt.
2023 1504 2100 1560 Ita

523 1614 623 1667 ego
667 1614 884 1660 censeo,
918 1599 987 1652 ab
1023 1608 1230 1654 aeterno
1261 1599 1551 1668 qualitates
1597 1599 1812 1653 fuerunt
1840 1597 2102 1653 constitu-

645 1689 924 1755 Quomodo
965 1706 1093 1758 ergo
1125 1690 1292 1745 malas
1324 1690 1640 1756 qualitates,
1675 1699 1734 1744 ut
1772 1705 1800 1743 a
1833 1689 2099 1759 principio

527 1781 764 1846 fuerunt,
804 1782 1020 1836 relictas
1065 1781 1204 1835 dicis
1243 1781 1381 1835 ?An
1421 1782 1660 1850 potuisse
1716 1781 1834 1836 illas
1860 1780 1911 1852 [a
1967 1778 2097 1852 Deo]

2209 608 2352 660 φημι
2398 591 2677 660 ἀγενήτως
2705 593 2772 661 τῇ
2820 589 2923 662 ὕλῃ
2960 589 3164 653 ταύτας
3188 590 3252 661 δὴ
3272 590 3318 622 ⁸⁸
3343 591 3441 655 τάς
3466 590 3774 662 ποιάτητας.

2208 682 2343 752 Οὕχὶ
2369 681 2427 734 δὲ
2457 681 2549 734 τὸν
2587 682 2720 736 Θεὸν
2761 682 2868 752 φῂς
2910 684 3118 753 τροπήν
3177 699 3298 735 τινα
3341 681 3449 736 τῶν
3479 683 3777 750 ποιοτήτων

2208 775 2604 844 πεποιηκέναι;
2647 773 2815 828 Τοῦτό
2848 792 3014 846 φημι.
3063 774 3155 838 Εἰς
3183 774 3244 827 τὺ
3277 776 3564 844 κρεῖττον;
3615 773 3770 843 Ἐμοὶ

2205 866 2371 920 δοκεῖ.
2427 865 2637 919 Οὐκοῦν
2668 866 2718 918 εἰ
2741 865 3028 936 ποιότητες
3072 865 3208 935 ὕλης
3254 867 3323 920 τὰ
3384 868 3552 932 κακὰ,
3606 866 3776 930 τάςδὲ

2208 957 2496 1028 ποιότητας
2546 957 2715 1021 αὐτῆς
2762 957 2842 1019 είς
2890 957 2951 1009 τὸ
2994 960 3242 1029 κρεῖττον
3289 957 3514 1029 ἔτρεψεν
3549 958 3579 1009 ό
3610 957 3775 1021 Θεὸς,

2208 1048 2372 1101 πόθεν
2414 1050 2483 1101 τά
2531 1050 2697 1114 κακά,
2733 1048 2917 1118 ζητεῖν
2945 1050 3261 1119 ἀνάγκη.“Ἡ
3289 1051 3397 1118 γάρ
3420 1052 3589 1102 πᾶσαι
3611 1050 3780 1102 κακαὶ

2205 1137 2361 1195 οὖσαι
2403 1142 2494 1194 ἐπὶ
2538 1141 2600 1194 τὸ
2629 1144 2875 1211 κρεῖττον
2918 1142 3235 1212 ἐτράπησαν
3266 1159 3280 1172 ⁸
3327 1142 3360 1213 ἢ
3408 1143 3463 1196 αἱ
3494 1143 3595 1212 μὲν
3622 1141 3781 1196 οὖσαι

2206 1234 2395 1298 κακαὶ,
2426 1235 2481 1285 αἱ
2515 1233 2573 1286 δὲ
2604 1233 2701 1302 μὴ,
2746 1235 2800 1285 αἱ
2825 1233 2924 1303 μὲν
2951 1234 3119 1286 κακαὶ
3148 1235 3248 1286 οὐκ
3313 1235 3636 1305 ἐτράπησαν
3689 1234 3780 1284 ἐπὶ

2205 1325 2266 1376 τὸ
2297 1326 2564 1395 κρεῖττον,
2602 1325 2658 1376 αἱ
2685 1324 2742 1377 δὲ
2772 1325 2974 1388 λοιπαὶ,
3032 1326 3153 1379 ὅσαι
3180 1325 3426 1396 διάφοροι
3456 1322 3775 1395 ἐτύγχανον,

2205 1414 2302 1483 τῆς
2345 1415 2754 1485 διακοσμήσεως
2809 1415 2975 1469 ἕνεκα
3036 1415 3172 1485 πρὸς
3235 1415 3372 1468 Θεοῦ
3435 1417 3773 1485 ἐτράπησαν.

2205 1503 2393 1568 Οὕτως
2424 1505 2630 1558 ἄνωθεν
2657 1501 2802 1574 εἶχον
2829 1507 2958 1574 ἐγώ.
2992 1506 3118 1570 Πῶς
3141 1506 3321 1558 τοίνυν
3370 1507 3468 1569 τὰς
3497 1506 3606 1558 τῶν
3637 1507 3777 1573 φαύ-

2203 1594 2310 1649 λων
2350 1595 2638 1665 ποιότητας
2675 1595 2749 1659 ὡς
2782 1591 2924 1666 εἶχον
2951 1597 3396 1651 καταλελοιπέναι
3428 1598 3608 1666 λέγεις
3631 1616 3648 1663 ;
3674 1597 3777 1651 Πό-

2203 1706 2358 1760 τερον
2381 1687 2675 1758 δυνάμενον
2704 1688 2801 1759 μὲν
2828 1688 3046 1751 ὲκείνας
3074 1688 3366 1755 ἀνελεῖν²¹,
3387 1691 3420 1760 ἥ
3444 1689 3778 1760 βουληθέντα

2208 1783 2326 1852 μὲν,
2347 1782 2421 1853 μὴ
2447 1780 2741 1851 δυνάμενον
2765 1781 2854 1847 δέ;
2881 1782 2943 1834 Ei.
2978 1782 3078 1851 μὲν
3105 1783 3214 1852 γὰρ
3263 1783 3558 1852 δυνάμενον
3597 1783 3778 1852 λέγεις

526 1871 687 1925 tolli?
740 1883 831 1926 aut
887 1871 1050 1925 Deum
1096 1873 1308 1942 quidem
1368 1872 1603 1926 voluisse
1634 1913 1650 1938 ,
1697 1887 1799 1926 non
1856 1874 2094 1942 potuisse

2204 1876 2274 1946 μὴ
2301 1874 2632 1945 βουληθέντα
2655 1875 2731 1938 δὲ,
2765 1875 2924 1929 αὑτὸν
2976 1874 3150 1928 αἴτιον
3179 1875 3384 1930 τούτων
3401 1878 3466 1942 “,
3505 1877 3587 1930 ὅτι
3622 1876 3776 1929 δυνά-

526 1973 704 2017 tamen
731 1978 824 2018 eas
859 1962 1158 2017 tollere?Si
1191 1964 1431 2030 pmuisse
1469 1961 1570 2028 ais,
1600 1974 1649 2017 et
1677 1962 1937 2028 noluisse,
1962 1962 2094 2015 facis

524 2054 671 2108 illtnn
732 2065 1007 2110 auctorem
1068 2055 1262 2109 borum
1300 2055 1562 2109 malorqu
1606 2072 1619 2108 :
1673 2055 1816 2124 quod
1863 2053 2097 2122 potuerit

523 2147 736 2201 edicere
805 2157 862 2200 ut
918 2162 1021 2200 non
1083 2155 1267 2200 essent
1328 2147 1491 2208 mala,
1538 2155 1590 2199 et
1631 2155 1806 2200 tamen
1863 2144 1974 2208 illa,
2036 2153 2093 2197 ut

524 2249 699 2304 erant,
749 2253 872 2294 esse
917 2238 1254 2310 permiserit.
1279 2239 1542 2306 Quoniam
1583 2254 1703 2293 cum
1743 2247 1950 2308 partem
1998 2237 2096 2290 ali-

523 2347 686 2400 quam
726 2331 966 2384 materia:
997 2331 1300 2401 perliceret,
1351 2341 1556 2399 partem
1592 2339 1769 2384 autem
1818 2330 1960 2384 illius
2001 2344 2096 2384 ne-

523 2424 769 2494 gligeret,
803 2437 922 2476 cum
950 2433 1006 2477 et
1035 2422 1180 2476 illam
1204 2423 1257 2476 in
1291 2423 1480 2477 melius
1501 2432 1682 2492 posset
1715 2432 1941 2486 mutare,
1966 2420 2094 2475 mihi

523 2515 739 2568 videtur
794 2528 954 2567 causa
1017 2514 1326 2577 malorum,
1384 2517 1527 2584 quod
1598 2523 1806 2584 partem
1855 2514 2097 2568 materiae

525 2606 804 2675 reliquerit
838 2605 1054 2660 malam.
1114 2605 1254 2675 Ergo
1285 2607 1335 2660 in
1371 2607 1598 2668 exitium
1647 2607 1817 2676 partis
1865 2604 2094 2677 [partem

524 2699 692 2773 Deus]
731 2700 987 2754 condidit.
1041 2700 1150 2753 lmo
1178 2700 1326 2755 illius
1361 2715 1519 2754 causa
1564 2701 1678 2755 hmc
1712 2713 1838 2769 pars
1888 2712 2096 2752 summa

524 2793 725 2860 injuria
759 2790 950 2845 all‘ecta
982 2791 1112 2845 mihi
1145 2792 1359 2845 videtur
1385 2805 1400 2844 :
1427 2807 1587 2861 quam
1619 2792 1860 2846 materia:
1890 2799 2094 2859 partem

525 2900 554 2936 a
591 2884 746 2938 malis
779 2892 1044 2938 secretam
1096 2883 1398 2938 exornavit.
1442 2885 1742 2952 Antequam
1782 2882 1929 2938 enim
1971 2898 2100 2951 per-

527 2975 786 3046 poliretur
815 2975 948 3046 (89),
983 2975 1160 3029 nullus
1195 2976 1270 3031 illi
1323 2990 1517 3031 sensus
1551 2973 1812 3030 malorum
1859 2977 2045 3032 aderat
2080 2998 2095 3035 :

527 3081 672 3120 nunc
703 3081 834 3119 vero
867 3065 1094 3136 singulae
1118 3065 1263 3120 illius
1287 3076 1464 3136 partes
1494 3076 1712 3121 sensum
1740 3067 1960 3137 capiunt
1987 3084 2100 3123 ma-

2200 1984 2358 2037 μενος
2404 1967 2632 2036 ποιῆσαι
2671 1967 2746 2037 μὴ
2801 1961 2938 2020 εἶναι
2975 1968 3147 2034 κακὰ,
3204 1968 3582 2039 συνεχώρησεν
3641 1969 3775 2021 αὐτὰ

2199 2058 2381 2126 μένειν
2404 2057 2478 2120 ὼς
2510 2054 2597 2127 ἦν,
2630 2059 2724 2110 καὶ
2754 2057 2987 2128 μάλιστα
3012 2059 3101 2112 ὅτε
3128 2059 3479 2129 δημιουργεῖν
3517 2057 3619 2128 τὴν
3647 2057 3775 2128 ὕλην

2197 2149 2421 2219 ἤρξατο.
2454 2151 2514 2203 El.
2545 2151 2652 2221 γάρ
2683 2151 2817 2221 μηδὲ
2844 2151 2983 2215 ὅλως
3035 2151 3226 2222 έμελεν
3277 2150 3426 2222 αὐτῷ
3475 2152 3576 2222 τῆς
3620 2151 3771 2222 ὕλης3

2197 2246 2296 2298 οὐκ
2324 2245 2390 2299 ἂν
2421 2245 2593 2309 αἴτιος
2619 2241 2686 2316 ἦν
2740 2220 2814 2299 ὧν
2841 2220 3188 2317 συνεχώρησε
3241 2220 3424 2316 μένειν
3447 2261 3462 2276 °
3530 2220 3663 2316 [948

2196 2341 2320 2393 ἐπεὶ
2350 2339 2406 2393 δὲ
2439 2341 2603 2412 μέρος
2664 2340 2760 2411 μέν
2782 2357 2834 2393 τι
2863 2340 3033 2410 αὐτῆς
3064 2340 3404 2410 δημιουργεῖ,
3439 2338 3611 2411 μέρος
3638 2339 3696 2391 δέ
3726 2356 3774 2390 τι

2197 2433 2369 2504 αὐτῆς
2387 2435 2470 2504 ἐᾷ,
2500 2433 2796 2503 δυνάμενος
2815 2435 3037 2487 κάκεῖνο
3059 2433 3282 2504 τρέπειν
3301 2433 3380 2496 εἰς
3411 2433 3471 2486 τὸ
3501 2434 3774 2503 κρεῖττον,

2197 2525 2368 2589 αἴτιός
2397 2543 2486 2596 μοι
2519 2526 2627 2580 τῶν
2651 2526 2840 2579 κακῶν
2884 2526 3050 2590 δοκεῖ,
3085 2523 3401 2579 καταλιπὼν
3435 2522 3606 2594 μέρος
3652 2523 3777 2594 ὕλης

2197 2621 2432 2691 πονηρὸν
2505 2619 2593 2672 ἐπ’
2625 2618 2830 2690 ὀλέθρῳ
2890 2611 2952 2672 οὕ
2982 2619 3028 2650 ’³
3079 2617 3483 2690 ἐδημιούργησε
3553 2615 3776 2687 μέρους.

2210 2711 2372 2765 Ἀλλά
2440 2710 2547 2782 μὴν
2607 2711 2700 2764 καὶ
2737 2711 2807 2764 τὰ
2845 2711 3081 2782 μέγιστα
3104 2710 3245 2763 κατά
3273 2709 3430 2763 τοῦτο
3446 2709 3494 2741 ’⁸
3520 2709 3584 2762 τὸ
3619 2709 3778 2779 μέρος

2198 2805 2492 2876 ἠδικῆσθαι
2533 2823 2622 2875 μοι
2669 2805 2849 2869 δοκεῖ,
2905 2805 3041 2875 ὅπερ
3079 2801 3453 2856 κατεσκεύασε
3501 2801 3605 2869 τῆς
3651 2799 3775 2868 ὕλης

2202 2900 2366 2970 μέρος
2407 2896 2937 2968 ἀντιλαμϐανόμενον
2962 2897 3030 2950 τά
3057 2897 3118 2948 ὲκ
3141 2894 3246 2947 τῶν
3275 2893 3479 2947 κακῶν.
3511 2893 3653 2964 Πρὶν
3675 2893 3778 2961 γάρ

2197 2990 2365 3061 αὐτὴν
2388 2990 2728 3059 διακριθῆναι
2751 2990 2796 3022 ’⁸
2819 2988 2880 3041 τὺ
2907 2987 3040 3058 μηδὲ
3063 2987 3345 3041 αἰσθέσθαι
3363 2988 3431 3016 η’
3458 2985 3566 3038 τῶν
3597 2986 3778 3039 κακῶν

2198 3084 2384 3156 παρῆν
2409 3084 2566 3154 αὐτῇ·
2582 3082 2678 3136 νῦν
2703 3082 2759 3136 δὲ
2778 3082 3008 3135 ’ἑκαστον
3037 3080 3147 3134 τῶν
3181 3078 3364 3151 μερῶν
3387 3078 3560 3148 αὐτῆς
3590 3077 3778 3148 αἴσθη-

528 3159 726 3212 lorum.
774 3159 973 3226 Accipe
1020 3157 1087 3212 ab
1132 3157 1350 3212 homine
1375 3157 1682 3227 exetuplum
1723 3175 1738 3212 :
1783 3159 2096 3229 priusquam

2204 3193 2287 3228 σιν
2339 3175 2605 3245 λαμϐάνει
2657 3173 2766 3226 τῶν
2825 3173 3032 3227 κακῶν.
3085 3171 3194 3226 Καί
3248 3189 3338 3242 μοι
3374 3172 3460 3223 ἐπ’
3490 3169 3779 3241 ἀνθρώπου

524 3251 724 3306 animal
759 3253 871 3317 ﬁat,
903 3251 1041 3304 mala
1080 3267 1183 3305 non
1215 3251 1401 3308 sentit.
1434 3251 1502 3305 At
1537 3250 1628 3306 ubi
1674 3250 1882 3321 307a
1916 3268 1944 3307 a
1988 3253 2097 3308 Deo

2204 3267 2336 3321 λάϐε
2363 3266 2425 3320 τὸ
2475 3266 2845 3338 παράδειγμα.
2873 3265 3009 3336 Πρὶν
3045 3266 3154 3336 γάρ
3195 3263 3330 3328 ζῶον
3351 3263 3606 3332 γένηται,
3632 3260 3779 3314 ἀναι-

523 3343 787 3398 formatus
834 3341 994 3398 homo
1032 3345 1111 3407 lit,
1139 3353 1268 3398 tunc
1296 3343 1456 3398 simul
1481 3351 1537 3397 et
1581 3342 1706 3396 mali
1738 3344 2097 3401 incumbentis

2209 3358 2408 3429 σθητον
2436 3351 2505 3429 ἣν
2531 3356 2641 3409 τῶν
2672 3355 2880 3409 κακῶν·
2918 3355 3011 3425 ἀφ’
3041 3348 3101 3408 οὕ
3128 3354 3186 3407 δὲ
3216 3354 3514 3407 εἰκονισθὲν
3569 3351 3779 3420 ἄνθρω-

523 3449 744 3490 sensum
773 3435 988 3503 accipit.
1035 3435 1112 3488 Ita
1147 3435 1268 3502 hoc,
1297 3435 1438 3504 quod
1465 3450 1494 3487 a
1522 3434 1630 3489 Deo
1665 3433 1909 3491 beneﬁcii
1939 3452 2096 3493 causa

2207 3448 2460 3520 ποςπρὸς
2495 3447 2630 3501 Θεοῦ
2658 3447 2888 3518 γίνεται,
2916 3447 3037 3501 τότε
3087 3447 3182 3500 καὶ
3225 3445 3324 3517 τὴν
3383 3444 3641 3513 αἴσθησιν
3682 3442 3780 3494 ’τοῦ

522 3529 767 3583 materiae
800 3528 1050 3583 collatum
1078 3529 1238 3591 dicis,
1264 3529 1443 3598 potius
1468 3529 1518 3582 in
1547 3527 1768 3582 exitium
1804 3528 1946 3584 illius
1975 3545 2097 3597 pro-

2205 3539 2673 3611 προσπελάζοντος
2727 3538 2898 3593 κακοῦ
2949 3537 3380 3609 προσλαμϐάνει.
3444 3537 3557 3590 Καὶ
3601 3535 3776 3598 τοῦτο,

514 3622 766 3699 ξοτειιιυιῐι
821 3622 1258 3689 deprehenditur.
1291 3620 1348 3676 Si
1399 3636 1528 3675 vero
1564 3619 1716 3675 dicas
1750 3637 1778 3675 a
1819 3621 1925 3676 Deo
1956 3622 2097 3678 mala

2204 3634 2340 3703 ὅπερ
2369 3631 2455 3684 ἐπ’
2488 3631 2777 3702 εὐεργεσίᾳ
2814 3631 2913 3700 τῆς
2949 3629 3082 3701 ὕλης
3123 3629 3259 3699 πρὸς
3312 3629 3450 3682 Θεοῦ
3494 3629 3776 3696 γεγονέναι

513 3713 640 3798 1tolli
673 3729 781 3769 non
826 3715 1105 3783 potuisse;
1161 3715 1277 3770 huic
1314 3713 1733 3782 impossibilitas
1781 3724 1874 3767 aut
1927 3715 2097 3785 arguit

2204 3721 2399 3791 λέγεις,
2429 3721 2744 3793 εὑρίσκεται
2774 3721 2975 3792 μᾶλλον
3008 3722 3102 3776 ἐπὶ
3134 3721 3214 3792 τῷ
3247 3721 3452 3792 χείρονι
3482 3719 3772 3790 προσγενό-

521 3806 673 3861 illum
709 3814 901 3860 natura
929 3821 1053 3862 esse
1088 3805 1435 3867 imbecillum,
1465 3813 1557 3859 aut
1592 3807 1786 3859 timore
1817 3820 1844 3858 a
1881 3805 2097 3862 fortiore

2204 3830 2360 3882 μενον
2387 3813 2433 3844 ’⁸
2461 3812 2621 3884 αὐτῇ.
2657 3813 2723 3866 Εἰ
2746 3812 2804 3866 δὲ
2856 3813 2931 3884 μὴ
2971 3812 3237 3867 δύνασθαι
3303 3811 3614 3865 παῦσαιτά
3645 3809 3762 3862 κακὲ

521 3897 704 3966 aliquo
749 3898 994 3951 victum:
1039 3896 1161 3950 vide
1210 3906 1390 3951 utrum
1428 3897 1618 3950 horum
1665 3896 2017 3966 omnipotenti
2047 3907 2097 3955 et

2204 3903 2291 3955 τὸν
2353 3900 2488 3955 Θεὸν
2547 3900 2679 3973 [502
2709 3899 2800 3973 H.]
2864 3903 2990 3973 φῂς,
3020 3900 3083 3954 τὸ
3111 3901 3168 3953 δὲ
3221 3900 3484 3954 ἀδύνατον
3538 3899 3666 3969 ἦτοι
3709 3897 3767 3962 τῇ

520 3988 667 4042 bono
703 3986 815 4043 Deo
848 3987 980 4042 velis
1020 3987 1319 4056 assignare.

2197 3995 2359 4066 φύσει
2380 3993 2581 4063 ἀσθενῆ
2612 3994 2881 4066 ὑπάρχειν
2909 3993 3056 4046 ἐστὶν
3077 3992 3112 4063 ἢ
3143 3991 3223 4062 τῷ
3248 3990 3502 4045 νικᾶσθαι
3527 3989 3613 4060 τῷ
3638 3986 3776 4058 φόὸῳ

519 4078 917 4151 δεδουλωμένον
959 4079 1097 4152 πρός
1135 4096 1280 4144 τινος
1324 4079 1652 4152 κρείττονος,
1679 4081 1781 4153 δρα
1821 4082 2006 4136 ὁποῖον
2035 4086 2240 4143 τούτων
2267 4088 2602 4160 προσάπτειν
2632 4087 2837 4151 ἐθέλοις
2857 4089 2900 4119 ’⁷
2947 4086 3026 4158 τῷ
3045 4084 3442 4156 παντοκράτορι
3463 4083 3565 4137 καὶ
3595 4080 3781 4152 ἀγαθῷ

520 4173 658 4230 Θεῶ.

594 4193 701 4322 (sta
741 4266 934 4320 iterum
975 4267 1043 4321 de
1074 4265 1302 4321 materia
1335 4267 1623 4336 responde.
1655 4265 1822 4322 Estne
1867 4267 2095 4340 simplex

2289 4267 2449 4323 Ἀλλά
2504 4266 2667 4320 πάλιν
2729 4267 2859 4338 περ)⁵
2900 4266 3000 4336 τῆς
3047 4265 3180 4336 ὕλης
3207 4267 3520 4337 ἀπόκριναι,
3552 4269 3783 4341 πότερον

521 4362 697 4432 aliqua
736 4360 962 4414 materia
1004 4374 1070 4412 an
1118 4359 1462 4428 composita?
1505 4359 1562 4414 Si
1607 4359 1749 4415 enim
1786 4359 2009 4429 simplex
2044 4371 2097 4417 et

2204 4364 2348 4434 ἀπλῆ
2378 4363 2460 4426 τις
2490 4363 2637 4414 ἐστιν
2664 4361 2699 4431 ἡ
2729 4359 2830 4429 ὕλη
2859 4361 2894 4431 ἢ
2919 4359 3174 4424 σύνθετος
3190 4360 3270 4427 NI;
3301 4360 3365 4413 Εἰ
3390 4359 3498 4430 γάρ
3529 4362 3682 4432 ἀπλῆ
3704 4379 3781 4421 τις

522 4455 808 4511 uniformis
861 4455 1086 4508 materia
1121 4452 1246 4518 fuit,
1295 4454 1566 4524 quomodo
1602 4468 1733 4509 vero
1766 4456 2097 4525 compositus

2205 4457 2502 4525 ἐτύγχανεν
2516 4454 2614 4524 ὕλη
2632 4457 2677 4486 ’ν
2693 4455 2786 4508 καὶ
2809 4453 3109 4524 μονοειδὴς,
3129 4452 3380 4516 σύνθετος
3395 4454 3451 4507 δὲ
3467 4455 3494 4506 ό
3514 4455 3724 4522 κόσμος
3737 4455 3781 4486 δ’

519 4559 601 4604 est
631 4546 881 4614 mundus,
911 4558 964 4601 et
987 4563 1052 4602 ex
1090 4547 1322 4602 diversis
1349 4547 1665 4601 substantiis
1700 4548 1953 4603 constat?
1982 4548 2097 4602 ﬁeri

521 4656 625 4693 non
665 4647 841 4710 potest
883 4649 941 4692 ut
970 4639 1186 4694 dicatur
1209 4639 1314 4693 hoc
1360 4638 1718 4705 compositum
1753 4653 1820 4694 ex
1871 4639 2098 4693 materia

522 4732 745 4798 factum,
787 4745 853 4785 eo
880 4732 1022 4801 quod
1063 4731 1362 4801 composita
1391 4745 1498 4785 non
1542 4732 1756 4800 possint
1790 4744 1855 4786 ex
1887 4746 1995 4785 uno
2016 4730 2100 4785 in-

520 4823 679 4878 formi
717 4823 962 4894 componi
1012 4821 1416 4894 [subsistereve
1443 4821 1503 4895 ]:
1539 4823 1898 4891 compositum
1949 4822 2097 4878 enim

519 4916 843 4985 simplicium
883 4915 1188 4984 aliquorum
1241 4917 1550 4970 mistionem
1583 4913 1806 4970 indicat.
1857 4916 2007 4981 Quod
2051 4915 2096 4970 si

519 5008 714 5064 iterum
767 5009 1048 5063 materiam
1089 5009 1239 5062 dicas
1318 5022 1441 5063 esse
1492 5006 1620 5076 quid
1673 5009 2033 5077 compositum
2078 5024 2094 5072 ;

517 5100 739 5156 omnino
779 5099 962 5155 debuit
1016 5114 1082 5154 ex
1131 5099 1467 5166 simplicibus
1516 5099 1795 5167 componi,
1846 5109 1900 5152 et
1935 5107 2096 5153 erant

517 5192 645 5248 olim
676 5199 925 5263 separata
946 5191 1235 5261 simplicia,
1263 5191 1458 5260 quibus
1489 5188 1807 5256 compositis
1839 5188 1979 5242 facta
2005 5201 2090 5243 est

2200 4549 2294 4602 καὶ
2347 4549 2411 4600 ὲκ
2437 4547 2707 4620 διαφόρων
2739 4545 2936 4599 οὐσιῶν
2990 4544 3259 4608 συνεστώς
3293 4546 3463 4609 ἐστιν,
3516 4545 3780 4599 ἀδύνατον

2199 4638 2388 4691 τοῦτον
2418 4638 2460 4670 ³⁸
2492 4637 2552 4702 ἐξ
2597 4637 2730 4708 ὕλης
2777 4636 3059 4704 γεγονέναι
3090 4636 3291 4703 λέγειν,
3330 4635 3409 4705 τῷ
3435 4635 3502 4688 τὰ
3548 4636 3780 4689 σύνθετα

2204 4732 2278 4803 μὴ
2303 4727 2476 4785 οἷόντε
2504 4729 2564 4796 ὲξ
2587 4732 2706 4794 ἑνὸς
2732 4730 2926 4784 ἀποὶου
2951 4731 3049 4800 τὴν
3079 4729 3335 4783 σύστασιν
3369 4729 3512 4797 ἔχειν
3538 4744 3554 4762 ⁸
3586 4730 3649 4781 τὸ
3679 4729 3782 4797 γὰρ

2201 4822 2454 4875 σύνθετον
2476 4821 2663 4876 ἁπλῶν
2686 4839 2847 4875 τινων
2905 4820 3048 4890 μίξει
3078 4820 3307 4891 μηνύει·
3341 4821 3393 4872 εἰ
3429 4819 3473 4872 δ’
3511 4814 3583 4873 αὖ
3617 4820 3780 4874 πάλιν

2202 4913 2454 4967 σύνθετον
2495 4914 2678 4981 λέγεις
2726 4913 2825 4981 τὴν
2881 4912 3035 4982 ὕλην,
3071 4913 3290 4975 πάντως
3334 4912 3394 4976 ἐξ
3424 4910 3616 4964 ἁπλῶν
3654 4927 3772 4962 συν-

2197 5004 2381 5076 ετέθη,
2412 5005 2510 5058 καὶ
2529 5000 2599 5074 ἦν
2628 5021 2758 5056 ποτε
2792 5004 2915 5058 καθ’
2937 5003 3105 5058 έαυτὰ
3129 5003 3296 5067 ἀπλᾶ,
3315 4998 3390 5058 ὧν
3409 5003 3776 5056 συντεθέντων

2197 5100 2418 5168 γέγονεν
2445 5101 2480 5169 ὴ
2513 5098 2616 5167 ὕλη
2644 5115 2659 5130 ·
2683 5098 2754 5151 τά
2782 5098 2840 5151 δὲ
2872 5098 2916 5130 ³³
2950 5097 3182 5152 σύνθετα
3235 5096 3296 5162 ἐξ
3330 5097 3521 5151 ἁπλῶν
3548 5096 3652 5166 τὴν
3687 5095 3778 5148 σύ-

2198 5207 2388 5244 στασιν
2419 5191 2550 5261 ἔχει.
2579 5186 2690 5243 Ἦν
2735 5207 2866 5243 ποτε
2927 5189 3118 5262 καιρὸς
3171 5190 3259 5243 ὅτε
3285 5189 3318 5260 ἡ
3340 5189 3386 5221 ⁸³
3427 5188 3526 5258 ὕλη
3557 5189 3663 5241 οὐκ
3691 5185 3780 5258 ἦν,

1813 5325 2048 5380 VARIE
2074 5325 2476 5382 LECTIONES.

573 5423 633 5453 '-'°
745 5421 805 5488 Β,
832 5422 937 5506 {LA
965 5437 980 5476 :
1015 5423 1078 5493 δὴ
1110 5423 1143 5491 ἡ
1183 5440 1238 5507 ς.
1315 5422 1355 5507 ξ’
1391 5433 1513 5507 post
1541 5418 2453 5507 dt'velsivndesttlnt'pynﬁoulﬂﬂévra
2490 5421 2566 5507 δέ.
2646 5423 2690 5501 ζ’
2722 5422 2889 5507 adiri?
2916 5421 3089 5501 αἴτιον
3116 5416 3342 5498 τούτων]
3370 5416 3534 5507 athla:
3565 5413 3778 5507 ξούτων

521 5492 584 5553 Α,
608 5491 764 5545 αὑτὸν
795 5491 996 5545 τούτων
1027 5491 1256 5560 ποιητὴν
1289 5493 1461 5544 εἰπεῖν
1490 5493 1703 5562 ἀνάγκη

520 5563 679 5633 θῆναι
697 5563 783 5615 AB
815 5581 827 5616 :
855 5563 1289 5633 διακοσμηθῆναι
1318 5579 1378 5624 ς.
1403 5563 1472 5633 ’β’
1499 5560 1853 5633 αἰσθάνεσθαι
1883 5576 1943 5623 ς.
1987 5561 2462 5633 ἐδ-προγενόμενον
2493 5579 2554 5626 ς.
2596 5563 2650 5633 ’τῄ
2665 5561 2870 5624 ἐθέλεις
2890 5560 2952 5615 Β.
2986 5561 3031 5591 ⁸⁸
3061 5560 3095 5631 ἢ

519 5630 628 5687 ΑΒ.
691 5633 734 5663 ³⁰
767 5634 966 5702 κόσμος
990 5630 1238 5688 om.‘AIl.
1289 5635 1330 5664 "
1357 5632 1545 5686 τοῦτον
1583 5635 1627 5686 Δ
1662 5652 1675 5688 ;
1704 5631 1860 5685 τοῦτο
1889 5648 1949 5695 ς.
2021 5630 2066 5662 ³⁸
2095 5630 2177 5701 δέ]
2217 5630 2399 5689 malim
2433 5633 2560 5704 γάρ.

1883 5491 1930 5521 ’³
1952 5483 2131 5542 οὕἈῈ
2163 5506 2176 5541 :
2205 5483 2297 5543 οὖν
2329 5509 2390 5556 ς.

2514 5495 2560 5523 ’⁵
2587 5491 2747 5544 τοῦτο
2778 5492 2867 5544 ΑΒ
2895 5510 2907 5544 ;
2940 5490 3121 5552 τοῦτο,
3151 5489 3309 5542 τοῦτο
3327 5485 3394 5551 ὲ.
3483 5487 3530 5518 ³⁵
3561 5485 3778 5554 διακριο

3126 5559 3406 5622 σύνθετος.
3459 5557 3503 5589 ¹⁹
3527 5555 3627 5623 ὕλη
3658 5567 3773 5609 om.

2637 5631 2684 5666 οε
2712 5633 2746 5702 ἡ
2767 5633 2888 5688 add.
2921 5634 2983 5688 Α.

2007 5744 2231 5804 NOTAE.

595 5812 704 5872 (89)
737 5814 913 5868 Malim
947 5815 998 5870 id
1031 5816 1083 5869 in
1114 5832 1209 5871 ora
1237 5825 1631 5874 secerneretur.
