3954 6430
172 387 315 454 1157

1237 381 1757 447 BIBLIOTHECA.
1787 402 1852 414 -·
1880 379 2044 441 COD.
2076 377 2424 438 CCXXXVI.

3303 372 3446 440 1158

171 502 429 555 τουτέστι
473 501 602 572 πρὶν
624 501 669 533 ⁸⁸
707 501 773 554 τά
803 498 953 556 ἁπλᾶ
1011 500 1306 555 συνελθεῖν.
1343 501 1405 553 Εἰ
1431 500 1488 553 δὲ
1517 496 1585 570 ἧν
1629 512 1758 550 ποτε

1865 494 2108 548 materia.
2155 493 2466 563 Composita
2506 503 2686 548 autem
2719 508 2784 552 ex
2820 492 3162 564 simplicibus
3189 505 3444 549 constant

166 595 371 664 καιρὸς
401 594 490 646 ὅτε
515 595 550 664 ἡ
586 593 686 664 ὕλη
715 594 814 646 οὐκ
856 589 947 664 ἦν,
975 593 1076 647 οὐκ
1119 588 1188 664 ἦν
1209 592 1268 646 δέ
1296 609 1426 645 ποτε
1459 590 1646 661 καιρὸς
1667 590 1757 642 ὅτε

166 684 444 752 ἀγένητον
488 685 589 737 οὐκ
631 681 719 754 ἦν,
756 685 860 738 οὐκ
911 685 1022 755 ἀρα
1067 683 1220 737 ἔσται
1263 683 1583 754 ἁγένητοςή
1617 680 1755 748 ὕληο

165 769 240 822 τὸ
264 771 308 822 δ’
337 770 589 825 ἐντεῦθεν
644 775 752 842 ἄρα
782 773 934 827 ἔσται
960 772 1134 826 πολλὰ
1183 773 1250 828 τὰ
1278 773 1539 843 ἀγένητα.
1569 772 1632 825 El
1652 771 1758 841 γὰρ

167 856 248 931 ἣν
277 863 544 934 ἀγένητος
593 867 622 918 ὁ
671 865 824 930 Θεὸς,
855 861 925 936 ἦν
952 865 1009 918 δὲ
1038 866 1278 935 ἀγένητα
1312 866 1407 918 καὶ
1437 865 1506 918 τὰ
1528 863 1678 918 ἀπλᾶ
1701 862 1761 928 ἐξ

169 947 251 1007 ὧν
281 955 313 1025 ἡ
354 953 456 1025 ὕλη
485 956 762 1026 συνετέθη,
817 958 918 1009 οὐκ
965 956 1071 1028 ἄρα
1106 957 1260 1011 ἔσται
1287 955 1332 989 ³⁵
1377 955 1472 1009 δύο
1496 956 1588 1009 καὶ
1624 954 1761 1025 μόνα

169 1046 246 1100 τὰ
273 1046 544 1117 ἀγένητα,
572 1048 660 1100 ἴνα
685 1050 920 1119 παρήσω
937 1049 996 1101 τὺ
1019 1049 1423 1119 ὲπιξητῆσαιτί
1454 1047 1583 1101 ὄντα
1613 1048 1761 1102 ἐστὶν

171 1135 347 1200 ἁπλᾶ,
389 1134 488 1206 ὕλη
517 1137 551 1206 ἢ
574 1132 717 1200 εἶδος
747 1153 760 1167 ο
790 1136 962 1191 πολλά
979 1137 1088 1207 γὰρ
1112 1139 1206 1191 καὶ
1228 1136 1402 1200 οὕτως
1429 1137 1606 1192 ἄτοπα
1637 1138 1761 1191 ἀκο-

178 1226 524 1297 λουθήσειαν.

1858 593 1915 640 et
1946 583 2270 640 subsistunt.
2309 583 2440 637 Erat
2468 582 2755 653 aliquando
2790 599 2912 637 cum
2941 581 3169 637 materia
3214 595 3320 635 non
3351 593 3446 635 es-

1859 685 1983 745 set,
2031 679 2137 733 hoc
2183 685 2287 741 est,
2319 686 2607 746 antequam
2652 676 2919 747 simplicia
2963 682 3446 746 componerentur.

1862 769 1919 826 Si
1943 785 2072 826 vero
2099 770 2201 825 fuit
2223 770 2516 840 aliquando
2544 779 2895 838 tempus,qua
2921 769 3148 824 materia
3173 782 3276 822 non
3302 766 3403 820 fuit
3427 783 3441 820 :

1861 876 1966 916 non
1999 860 2103 916 fuit
2134 870 2317 916 autem
2346 875 2582 930 unquam
2618 868 2834 930 tempus
2854 874 2964 929 quo
2995 859 3292 930 ingenitum
3338 873 3447 912 non

1859 964 1977 1008 erat
2011 972 2026 1008 :
2061 969 2167 1009 non
2213 955 2321 1010 erit
2351 969 2482 1025 ergo
2529 953 2763 1024 ingenita
2793 953 2885 1025 [ab
2917 951 3142 1023 aeterno]
3194 950 3445 1007 materia.

1860 1045 1978 1102 Hoc
2035 1058 2215 1102 autem
2251 1048 2376 1102 hinc
2409 1057 2669 1116 sequetur
2700 1047 2862 1101 multa
2913 1046 3027 1101 lore
3063 1046 3299 1115 ingenita
3334 1064 3346 1098 :
3396 1045 3442 1098 si

1865 1142 2009 1196 enint
2067 1140 2209 1195 Deus
2258 1141 2550 1210 ingenitus,
2592 1149 2647 1194 et
2680 1148 2838 1194 erant
2879 1139 3151 1208 simplicia
3182 1137 3444 1207 ingenita,

1859 1248 1927 1288 ex
1966 1234 2160 1304 quibus
2188 1234 2412 1288 materia
2444 1233 2740 1302 composita
2765 1243 2868 1299 est,
2897 1248 3002 1286 non
3026 1240 3184 1285 erunt
3207 1228 3448 1298 amplius

183 1327 288 1380 duo
313 1333 364 1379 et
394 1324 508 1378 sola
542 1324 801 1393 ingenita,
845 1331 903 1378 ut
932 1324 1340 1393 praetermittam
1366 1339 1610 1395 quaerere
1630 1326 1760 1395 quid
1799 1326 2000 1384 iuerint
2075 1328 2166 1384 illa
2229 1327 2519 1400 simplicia,
2580 1326 2805 1380 materia
2885 1338 2951 1376 an
3004 1321 3202 1376 forma.
3276 1319 3445 1374 Multa

182 1416 320 1471 enim
348 1425 404 1470 et
431 1416 555 1469 hinc
603 1417 838 1470 absurda
873 1425 1193 1486 sequentur.

193 1555 216 1582 ,
246 1511 407 1562 Δοκεῖ
433 1509 491 1562 δέ
522 1526 605 1562 σοι
656 1509 825 1580 μηδὲν
852 1510 958 1564 τῶν
1003 1508 1172 1562 ὄντων
1225 1508 1358 1563 αὐτὸ
1401 1508 1578 1582 ἑαυτῷ
1609 1511 1758 1564 ἀντι-

1938 1510 2238 1568 Videturne
2283 1510 2379 1567 tibi
2417 1510 2551 1565 nihil
2579 1524 2768 1564 eorum
2799 1521 2918 1577 quae
2947 1505 3237 1568 exsistunt,
3266 1504 3441 1574 ipsum

172 1597 426 1664 κεῖσθαι;
456 1601 634 1654 Δοκεῖ.
673 1599 1000 1652 Ἀντίκειται
1022 1600 1080 1653 δὲ
1109 1598 1188 1670 τῷ
1212 1601 1347 1670 πυρὶ
1378 1600 1440 1653 τὸ
1472 1599 1640 1671 ὕδωρ,
1668 1603 1758 1656 καὶ

1867 1601 1967 1658 sibi
2025 1601 2123 1670 ipsi
2168 1600 2560 1655 contrarium?
2608 1600 2850 1654 Videtur.
2897 1601 2969 1650 At
3021 1596 3124 1666 igni
3171 1596 3446 1649 contraria

169 1690 254 1762 τῷ
288 1691 430 1758 φωτὶ
488 1691 549 1744 τὸ
594 1691 808 1754 σκότος,
841 1692 937 1745 καὶ⁵
964 1691 1042 1763 τῷ
1086 1692 1281 1764 ψυχρῷ
1317 1695 1379 1748 τὸ
1405 1695 1629 1767 θερμὸν,
1664 1698 1758 1751 καὶ

1865 1703 1948 1749 est
1975 1709 2113 1765 aqua
2145 1710 2160 1759 ;
2203 1703 2258 1748 et
2296 1694 2402 1748 luci
2437 1692 2674 1746 tenebrae
2706 1709 2720 1760 ;
2758 1701 2812 1746 et
2840 1689 3041 1758 frigido
3064 1689 3298 1743 calidum
3341 1703 3356 1749 ;
3390 1697 3446 1741 et

167 1778 254 1848 τῷ
296 1778 444 1850 ξηρῷ
468 1780 530 1832 τὸ
555 1779 753 1850 ὐγρόν;
782 1779 970 1842 Οὕτως
992 1782 1137 1852 ἔχειν
1166 1801 1254 1854 μοι
1275 1784 1319 1816 ³⁸
1347 1784 1518 1840 δοκεῖ.
1548 1786 1758 1840 Οὐκοῦν

1865 1787 2016 1842 arido
2073 1787 2402 1841 humidum?
2451 1785 2577 1840 Mihi
2617 1786 2688 1839 ita
2740 1785 2972 1839 videtur.
3021 1783 3163 1854 Ergo
3209 1781 3254 1836 si
3311 1779 3448 1834 nihil

169 1872 225 1922 εἰ
258 1871 426 1941 μηδὲν
468 1870 577 1925 τῶν
621 1871 791 1925 ὄντων
834 1873 966 1926 αὐτὸ
1011 1873 1186 1945 ἑαυτῷ
1248 1874 1570 1938 ἀντίκειται,
1596 1878 1760 1948 ἀλλή-

169 1962 290 2025 λοις
312 1963 368 2015 δὲ
421 1962 594 2016 ταῦτα
640 1965 944 2020 ἀντίκειται
967 1966 1031 2032 ³⁷,
1087 1966 1188 2021 οὐκ
1247 1967 1459 2021 ἔσονται
1497 1968 1598 2039 ὕλη
1637 1972 1756 2042 μία,

169 2055 299 2109 οὐδὲ
325 2054 431 2125 μὴν
458 2054 518 2119 ἐξ
546 2053 679 2126 ὕλης
708 2058 859 2125 μιᾶς.

247 2156 416 2210 Πάλιν
450 2155 508 2208 δὲ
530 2155 798 2210 πυθέσθαι
851 2156 1116 2229 βούλομαι
1142 2175 1156 2189 ⁶
1211 2162 1370 2215 Δοκεῖ
1395 2179 1479 2215 σοι
1509 2163 1577 2216 τὰ
1619 2164 1759 2233 μέρη

180 2247 256 2316 μὴ
274 2245 599 2316 ἀναιρετικὰ
646 2246 895 2317 ἀλλήλων
941 2245 1122 2315 εῖναι;
1179 2253 1356 2308 Δοκεῖ.
1389 2247 1544 2306 Εἶναι
1577 2255 1634 2308 δὲ
1658 2257 1758 2326 τῆς

181 2338 311 2407 ὕλης
343 2338 509 2408 μέρος
539 2337 601 2390 τό
628 2355 687 2391 τε
717 2338 829 2410 πῦρ
863 2339 960 2393 καὶ
989 2340 1050 2393 τὸ
1074 2340 1240 2414 ὕδωρ,
1264 2343 1526 2408 ὡσαύτως
1563 2345 1621 2400 δὲ
1662 2347 1757 2400 καὶ

173 2430 243 2482 τὰ
267 2428 459 2496 λοιπά;
490 2429 678 2494 Οὕτως
707 2431 836 2501 ἔχω.
879 2433 945 2484 Τί
983 2431 1077 2498 δέ;
1111 2435 1172 2487 οὐ
1220 2435 1368 2489 δοκεῖ
1390 2453 1472 2490 σοι
1495 2440 1762 2510 ἀναιρετι-

170 2521 271 2573 κὸν
301 2521 398 2590 μὲν
423 2517 564 2575 εἶναι
590 2522 685 2575 τοῦ
715 2524 888 2594 πυρὸς
908 2524 970 2577 τὸ
1023 2524 1191 2596 ὕδωρ,
1224 2527 1319 2580 τοῦ
1355 2527 1413 2582 δὲ
1438 2529 1662 2594 σκότους
1699 2533 1760 2586 τὸ

170 2613 316 2680 φῶς,
363 2615 458 2667 καὶ
503 2610 675 2668 τᾶλλα
722 2617 823 2670 ὅσα
879 2618 1094 2682 τούτοις
1143 2622 1540 2692 παραπλήσια;
1577 2626 1754 2678 Δοκεῖ.

169 2705 390 2758 Οὐκοῦν
426 2709 474 2759 εἰ
503 2707 571 2760 τὰ
600 2708 746 2780 μέρη
793 2709 894 2763 οὐκ
942 2711 1090 2764 ἔστιν
1143 2712 1389 2784 ἀλλήλων
1418 2717 1758 2787 ἀναιρετικά,

168 2797 354 2850 ταῦτα
378 2797 434 2850 δὲ
458 2800 784 2871 ἀναιρετικά
817 2804 1100 2872 τυγχάνει,
1145 2805 1245 2860 οὐκ
1281 2805 1391 2879 ἀρα
1423 2806 1578 2861 ἔσται
1602 2809 1648 2841 ³⁸
1668 2809 1763 2864 ἀλ-

171 2887 354 2960 λήλων
387 2890 562 2960 μέρηο
595 2893 645 2944 εἰ
670 2891 716 2945 δ’
765 2892 809 2925 ³⁸
850 2894 950 2947 οὐκ
977 2894 1129 2948 ἔσται
1166 2896 1411 2966 ἀλλήλων
1441 2899 1622 2969 ῑμέρη,
1661 2901 1762 2954 οὐκ

167 2983 392 3036 ἔσονται
421 2983 555 3055 ὕλης
588 2987 739 3055 μιᾶς.
774 2985 935 3042 Ἀλλὰ
968 2989 1076 3060 μὴν
1105 2989 1213 3042 οὐδ’
1237 2987 1304 3044 αὖ
1327 2990 1372 3022 ⁸ο
1400 2989 1612 3045 ἔσονται
1637 2991 1761 3064 ὕλη,

167 3078 252 3148 τῷ
322 3079 491 3149 μηδέν
541 3097 595 3133 τι
639 3080 749 3133 τῶν
782 3081 954 3134 ὄντων
1009 3081 1141 3135 αὐτὸ
1188 3082 1385 3136 ἑαυτοῦ
1412 3085 1762 3153 ἀναιρετικὸν

171 3166 339 3225 εἶναι.
365 3171 552 3234 Οὕτως
579 3167 672 3225 οὖν
697 3173 808 3226 τῶν
841 3172 1234 3244 ἀντικειμένων
1289 3175 1547 3246 ἐχόντων,
1585 3176 1647 3229 τὸ
1682 3177 1757 3248 μὴ

173 3258 316 3316 εἶναι
347 3264 446 3335 τὴν
481 3263 617 3334 ὕλην
648 3264 947 3318 δείκνυται.

252 3352 383 3422 Περὶ
417 3352 518 3423 μὲν
544 3353 644 3424 τῆς
676 3352 809 3425 ὕλης
865 3355 1157 3426 αὐτάρκως
1209 3356 1322 3429 ἔχει
1342 3375 1356 3390 ⁸
1387 3357 1513 3430 [949
1547 3359 1637 3432 IL]
1669 3361 1762 3415 ἐπὶ

171 3443 234 3497 δὲ
250 3445 348 3514 τὴν
369 3445 479 3498 τῶν
509 3445 697 3498 κακῶν
728 3445 978 3510 ἐξέτασιν
1015 3446 1276 3519 ἔρχεσθαι
1323 3450 1425 3513 δεῖ,
1467 3451 1564 3505 κα)⁸
1595 3453 1763 3521 ἀναγ-

169 3536 348 3598 καίως
373 3537 668 3607 ἀναζητεῖν
697 3536 768 3590 τά
809 3538 962 3609 παρά
1004 3539 1338 3610 ἀνθρώποις.
1381 3543 1463 3596 Τά
1511 3544 1640 3614 παρ’
1669 3545 1763 3596 ἁν-

167 3628 416 3699 θρὼποις
464 3632 613 3684 κακὰ
653 3630 882 3701 πότερον
937 3632 982 3661 ⁸⁸
1049 3633 1164 3704 εῑδη
1215 3635 1475 3704 τυγχάνει
1521 3635 1758 3707 κακοῦἢ

171 3722 321 3792 μέρη
345 3739 359 3787 ;
386 3722 448 3775 Ei.
467 3726 577 3795 γὰρ
609 3725 748 3795 εἴδη,
773 3727 873 3779 οὑκ
899 3726 1174 3798 ἀραέσται
1200 3728 1389 3800 ἕτερον
1410 3730 1563 3799 παρὰ
1592 3729 1761 3782 ταῦτα

168 3816 236 3867 τὸ
261 3814 431 3869 κακὸν
468 3815 594 3868 καθ’
638 3818 790 3883 αὐτὸ,
836 3819 915 3887 τῷ
957 3819 1027 3873 τὰ
1066 3821 1196 3890 γένη
1222 3823 1280 3873 έν
1310 3823 1420 3884 τοῖς
1442 3823 1638 3875 εἴδεσιν
1670 3823 1760 3888 ἐξ·

171 3905 466 3969 ετάζεσθαι
492 3907 587 3960 καὶ
614 3908 938 3976 ὑφεστάναι.
970 3910 1033 3964 Εἰ
1077 3910 1136 3963 δὲ
1173 3910 1353 3978 τοῦτο,
1389 3913 1617 3984 γενητὸν
1651 3914 1761 3983 ἄρα

169 4001 326 4052 ἔσται
353 3998 398 4030 δ’
423 3996 485 4051 τὸ
514 4002 683 4054 κακόν
702 4015 718 4031 ⁸
757 4002 826 4054 τὰ
873 4003 981 4072 γὰρ
1026 4002 1140 4073 εἴδη
1194 4004 1401 4071 γενητά
1427 4004 1556 4058 ὅντα
1580 4004 1626 4036 ⁸³
1652 4006 1760 4059 δεί-

165 4114 386 4161 κνυται,
416 4092 529 4149 οἷον
563 4097 723 4166 φόνος
740 4099 835 4151 καὶ
868 4099 1085 4169 μοιχεία
1122 4100 1218 4152 καὶ
1242 4099 1310 4153 τὰ
1340 4099 1550 4165 τούτοις
1576 4120 1758 4174 παρα-

163 4188 280 4258 τελή
290 4205 400 4241 σια.
427 4189 490 4241 El
506 4189 562 4242 δὲ
580 4189 720 4260 μέρη
737 4190 884 4254 τινὸς
909 4191 1082 4245 κακοῦ
1100 4191 1272 4246 ταῦτα
1299 4188 1440 4247 εἴναι
1471 4195 1675 4260 ἐθέλοις
1690 4197 1758 4262 ⁸⁸,

165 4284 291 4333 ἐστι
317 4282 374 4333 δὲ
392 4281 570 4334 ταῦτα
593 4284 819 4353 γενητὰ,
837 4285 1050 4357 ἀνάγκη
1073 4286 1296 4340 κάκεῖνο
1316 4289 1543 4360 γενητὸν
1581 4290 1761 4361 ὑπάρ-

161 4389 308 4442 χειν.
347 4369 451 4428 *Ων
477 4375 588 4443 γὰρ
639 4375 707 4429 τά
759 4377 898 4448 μέρη
950 4379 1157 4449 γενητὰ
1183 4378 1251 4442 ⁸⁸,
1278 4379 1453 4434 ταῦτα
1483 4383 1682 4452 ὁμοίως
1701 4383 1759 4448 ἐξ

161 4465 421 4536 ἀνάγκης
479 4467 596 4518 ἐστὶ
645 4469 881 4539 γενητὰ·
927 4469 986 4523 τδ
1008 4471 1117 4542 γὰρ
1148 4471 1270 4525 ὅλον
1306 4473 1371 4526 ἐκ
1407 4475 1592 4545 μερῶν
1626 4493 1755 4528 συν-

1863 1894 2052 1935 eorum
2077 1894 2200 1949 qua:
2220 1881 2489 1934 exsistunt
2519 1880 2691 1948 ipsum
2721 1878 2822 1933 sibi
2845 1877 3176 1932 contrarium
3200 1884 3303 1938 est,
3327 1874 3444 1928 haec

1866 1981 2044 2026 autem
2075 1972 2176 2026 sibi
2212 1981 2550 2042 repugnant;
2575 1985 2705 2040 ergo
2736 1985 2840 2024 non
2871 1978 3033 2024 erunt
3055 1985 3157 2022 una
3187 1967 3442 2031 materia,

1860 2077 2040 2131 neque
2070 2079 2133 2117 ex
2167 2079 2269 2117 ttua
2302 2064 2529 2118 materia
2565 2063 2886 2131 composita.

1932 2155 2169 2208 Rursum
2195 2155 2357 2209 velim
2394 2156 2601 2208 audire.
2639 2153 2969 2208 Videnturne
3003 2153 3094 2206 tibi
3131 2163 3312 2222 partes
3342 2151 3448 2205 sibi

1861 2255 2049 2300 mutuo
2078 2261 2274 2301 nocere
2303 2246 2327 2300 ?
2358 2245 2645 2300 Videntur.
2674 2245 2914 2302 Materia:
2957 2257 3163 2315 partem
3195 2245 3448 2314 agnoscis

1861 2353 2024 2392 unam
2075 2339 2276 2410 ignem,
2310 2338 2534 2393 alteram
2576 2353 2796 2408 aquam,
2828 2347 2880 2392 et
2916 2337 2988 2392 ita
3024 2337 3308 2406 reliquas,?
3369 2336 3444 2390 Ita

1861 2444 2075 2486 censeo.
2126 2428 2268 2496 Quid
2313 2431 2479 2484 vero?
2551 2446 2654 2484 non
2707 2431 2919 2484 videtur
2950 2430 3044 2484 tibi
3081 2445 3218 2498 aqua
3249 2444 3449 2483 nocere

1861 2521 2010 2592 igni,
2061 2521 2149 2576 lux
2187 2522 2424 2576 tenebris
2454 2520 2817 2593 [adversari]
2846 2533 2901 2576 et
2954 2521 3060 2575 alia
3105 2533 3446 2590 quaecunque

1862 2622 1990 2668 sunt
2049 2613 2135 2668 his
2184 2613 2428 2668 similia?
2477 2613 2723 2669 Videtur.
2747 2612 2938 2667 Nonne
2983 2627 3134 2681 ergo,
3166 2611 3210 2666 si
3264 2619 3447 2679 partes

1863 2703 2003 2759 inter
2028 2719 2087 2759 se
2116 2705 2219 2759 sibi
2253 2717 2442 2760 mutuo
2470 2721 2573 2759 non
2595 2713 2811 2769 nocent,
2841 2704 2922 2758 hae
2955 2715 3137 2757 autem
3167 2717 3226 2757 se
3255 2713 3445 2755 mutuo

1861 2797 2155 2865 perimunt,
2183 2815 2286 2853 non
2311 2809 2471 2852 erunt
2493 2799 2632 2851 inter
2650 2813 2708 2852 se
2738 2807 2922 2866 partes
2945 2814 2957 2848 :
2982 2797 3025 2852 si
3046 2807 3224 2851 autem
3248 2795 3444 2865 30717

1864 2905 1970 2945 non
2013 2900 2172 2944 erunt
2200 2900 2400 2944 mutua:
2441 2892 2585 2944 inter
2620 2904 2680 2944 se
2716 2899 2923 2958 partes,
2960 2904 3064 2942 non
3099 2896 3257 2941 erunt
3282 2888 3446 2940 unius

1862 2983 2107 3038 materia:
2141 2999 2155 3037 :
2199 2984 2306 3037 imo
2331 2999 2430 3040 nec
2452 2994 2613 3038 erunt
2641 2984 2889 3045 materia,
2915 2997 2980 3037 eo
3009 2981 3150 3051 quod
3176 2979 3313 3034 nihil
3340 2979 3443 3033 sibi

1863 3076 1960 3145 ipsi
2009 3077 2081 3131 sit
2122 3079 2458 3132 contrarium
2512 3093 2608 3133 seu
2656 3078 2901 3132 noxium.
2935 3075 3068 3130 Cum
3113 3087 3249 3142 ergo
3286 3085 3345 3126 se
3374 3073 3447 3125 ita

1863 3171 2097 3226 habeant
2126 3172 2396 3243 Opposita,
2427 3181 2574 3242 patet
2603 3171 2728 3226 inde
2748 3187 2809 3225 ea
2848 3186 2951 3224 non
2979 3182 3101 3223 esse
3137 3165 3442 3221 materiam.

1933 3381 2108 3452 Atque
2135 3382 2203 3437 de
2225 3382 2453 3437 materia
2481 3381 2617 3436 satis
2639 3381 2864 3436 dictum.
2901 3378 3236 3435 Veniendum
3258 3386 3440 3432 autem

1865 3485 1949 3530 est
1979 3476 2045 3529 ad
2071 3476 2336 3530 malorum
2373 3474 2826 3544 disquisitionem,
2858 3483 2913 3528 et
2936 3473 3245 3528 necessario
3280 3485 3447 3525 excu-

1864 3567 2043 3622 tienda
2066 3566 2340 3621 hominum
2362 3568 2521 3621 mala.
2545 3565 2681 3620 Mala
2707 3566 2986 3620 hominum
3008 3574 3207 3620 suntne
3234 3563 3448 3632 species

1862 3655 2013 3720 mali,
2039 3671 2106 3709 an
2137 3655 2360 3724 partes?
2386 3656 2443 3710 Si
2477 3657 2687 3726 species
2713 3697 2727 3718 .
2781 3671 2888 3709 non
2925 3655 3027 3708 erit
3050 3656 3194 3708 aliud
3220 3654 3445 3720 malum,

1863 3758 2058 3817 praeter
2119 3749 2216 3802 has
2268 3749 2496 3817 species,
2547 3748 2844 3802 secundum
2893 3749 3129 3815 seipsum
3182 3763 3247 3802 eo
3302 3749 3445 3816 quod

1861 3839 2129 3907 generaiu
2165 3840 2445 3908 speciebus
2470 3839 2899 3907 inquirantur,et
2920 3840 3251 3894 subsistant:
3286 3840 3329 3892 si
3349 3854 3446 3891 au-

1862 3937 1968 3981 tem
1989 3927 2089 3982 hoc
2105 3926 2433 4000 [genusest],
2457 3928 2654 3981 malum
2673 3929 2776 3981 erit
2796 3929 3059 3997 genitum:
3090 3944 3214 3982 nam
3238 3929 3448 3997 species

1861 4021 2057 4089 genita:
2089 4020 2392 4088 probantur
2421 4039 2433 4075 :
2462 4029 2521 4075 ut
2547 4030 2632 4076 est
2660 4022 2856 4086 caedes,
2891 4021 3242 4086 adulterium,
3264 4031 3319 4075 et
3342 4022 3447 4076 hoc

1860 4127 2028 4178 genus
2054 4112 2274 4166 similia.
2308 4111 2366 4167 Si
2393 4121 2573 4167 autem
2603 4123 2785 4182 partes
2824 4113 3055 4182 alicujus
3081 4113 3204 4167 mali
3237 4113 3447 4184 species

1862 4207 1960 4260 has
1977 4220 2097 4260 esse
2114 4205 2271 4260 velis:
2301 4216 2430 4261 sunt
2447 4215 2625 4262 autem
2650 4207 2732 4262 ba:
2756 4207 2952 4279 genitae
2977 4225 2992 4262 :
3021 4221 3246 4262 necesse
3265 4207 3369 4261 erit
3387 4214 3447 4259 ut

1858 4307 1913 4350 et
1933 4305 2102 4350 totum
2125 4296 2251 4351 illud
2269 4298 2506 4367 genitum
2523 4298 2614 4353 sit.
2631 4295 2868 4364 Quorum
2887 4299 3030 4353 enim
3051 4308 3232 4366 partes
3249 4297 3447 4366 genita:

1853 4395 2027 4457 sunt,
2077 4390 2386 4443 necessario
2438 4398 2493 4443 et
2547 4391 2662 4444 hate
2719 4397 2832 4444 tota
2879 4389 3128 4444 similiter
3167 4399 3293 4444 sunt
3347 4403 3444 4460 ge-

1862 4479 1993 4542 nita,
2032 4488 2201 4534 totum
2235 4480 2377 4534 enim
2421 4496 2484 4535 ex
2522 4482 2764 4551 partibus
2779 4490 3011 4537 constat.
3047 4482 3300 4538 Actotum
3325 4482 3443 4557 (90)

165 4555 392 4624 έστηκε.
421 4554 532 4607 Καὶ
547 4554 609 4607 τὸ
641 4555 741 4625 μὲν
757 4557 877 4612 ὅλον
899 4559 1000 4613 οὐκ
1025 4559 1179 4615 ἔσται
1207 4561 1281 4633 μὴ
1316 4563 1486 4618 ὄντων
1505 4563 1632 4636 [505
1661 4565 1754 4639 H.j

1865 4569 2077 4638 quidem
2115 4585 2220 4624 non
2247 4571 2374 4632 erit,
2399 4572 2644 4638 partibus
2671 4585 2776 4625 non
2803 4571 3193 4627 exsistentibus
3217 4588 3232 4637 ;
3259 4554 3444 4639 partes

170 4647 380 4716 μερῶν,
409 4647 562 4701 ἔσται
619 4647 678 4702 δέ
727 4666 849 4703 τινα
904 4651 1014 4705 τῶν
1069 4653 1270 4724 μερῶν,
1306 4656 1410 4709 κᾶν
1444 4658 1520 4728 μὴ
1541 4657 1600 4711 τὸ
1634 4659 1754 4713 ὅλον

1865 4675 1992 4714 vero
2019 4660 2214 4730 aliqua:
2234 4670 2412 4726 erunt,
2433 4663 2680 4730 quamtis
2700 4672 2869 4717 totum
2901 4679 3008 4719 non
3038 4665 3199 4720 adsit.
3230 4661 3442 4720 Nullius

165 4740 347 4808 παρῇ.
384 4740 606 4804 Οὐδενὸς
635 4740 694 4795 δὲ
729 4742 835 4795 τῶν
860 4743 1030 4796 ὄντων
1059 4745 1226 4814 μέρος
1245 4748 1343 4816 μέν
1363 4749 1479 4800 ἐστι
1503 4750 1754 4821 γενητὸν,

163 4829 342 4901 μέρος
375 4830 432 4884 δὲ
466 4832 753 4903 ἀγένητον.
785 4835 850 4888 Ei
904 4835 963 4888 δὲ
1003 4838 1098 4890 καὶ
1136 4838 1298 4892 τοῦτο
1329 4846 1756 4912 συγχωρήσαιμι

156 4922 245 4992 τῷ
276 4922 441 4994 λόγῳ,
471 4921 540 4996 ἦν
566 4943 697 4979 ποτε
732 4925 791 4979 τὸ
814 4927 1005 4991 κακὸν,
1050 4929 1138 4982 ὅτε
1201 4931 1500 5003 ὁλόκληρον
1540 4937 1641 4988 οὐκ
1664 4933 1754 5007 ἦν,

156 5016 420 5069 τουτέστι
449 5019 580 5088 πρὶν
609 5018 1015 5090 δημιουργῆσαι
1043 5020 1141 5091 τὴν
1169 5021 1301 5093 ὕλην
1322 5025 1412 5078 τὸν
1437 5025 1600 5080 Θεόνο
1634 5029 1756 5081 τότε

155 5107 221 5160 δὲ
259 5107 558 5180 ὁλόκληρον
574 5112 805 5180 γίνεται,
832 5113 922 5166 ὅτε
954 5111 1090 5181 πρὸς
1124 5113 1260 5165 Θεοῦ
1291 5114 1514 5182 γέγονεν
1539 5119 1754 5191 ἀνθρω-

151 5213 267 5258 «to;
292 5214 308 5228 ο
335 5197 445 5251 τῶν
466 5202 576 5272 γὰρ
618 5201 801 5273 μερῶν
833 5201 928 5256 τοῦ
970 5202 1142 5256 κακοῦ
1195 5204 1484 5275 ἄνθρωπος
1513 5209 1753 5281 ὑπάρχει

1862 4764 2040 4809 autem
2093 4756 2168 4811 rei
2199 4757 2513 4812 exsistentis
2556 4773 2683 4825 pars
2715 4757 2883 4813 altera
2922 4769 3006 4814 est
3042 4761 3244 4830 genita,
3271 4760 3443 4816 altera

1864 4845 2104 4913 ingenita
2137 4864 2151 4900 :
2193 4847 2240 4901 si
2275 4857 2453 4901 autem
2495 4857 2548 4901 et
2580 4849 2681 4902 hoc
2723 4849 2955 4903 orationi
2979 4851 3298 4916 concedam,
3325 4849 3444 4904 Ma-

1861 4933 1972 4989 lum
2013 4935 2114 4990 fuit
2147 4937 2299 5001 olim,
2329 4952 2451 4991 cum
2487 4947 2657 4994 totum
2698 4940 2967 5009 integrum
3006 4956 3111 4996 non
3147 4953 3312 5009 esset,
3344 4943 3446 4997 hoc

1863 5035 1968 5090 est,
1998 5036 2288 5097 antequam
2318 5028 2462 5084 Deus
2488 5033 2769 5086 materiam
2801 5041 3034 5090 crearet.
3078 5032 3233 5091 Tunc
3261 5047 3442 5090 autem

1861 5125 2034 5172 totum
2063 5119 2327 5189 integrum
2353 5123 2586 5187 exstitit,
2625 5125 2842 5192 quando
2865 5139 2894 5179 a
2923 5125 3034 5180 Deo
3073 5125 3234 5180 homo
3254 5127 3442 5180 condi-

1865 5222 1952 5267 tus
1984 5221 2086 5268 est.
2117 5213 2358 5269 Partiutu
2387 5215 2532 5271 enim
2571 5216 2696 5271 mali
2740 5227 2930 5273 auctor
2957 5225 3044 5274 est
3083 5216 3263 5274 homo.
3302 5216 3442 5273 Hinc

1476 5340 1716 5399 VARI/E
1750 5345 2159 5406 LECTIONES.

244 5423 294 5496 ξι
341 5422 472 5494 πρὶν
499 5424 544 5476 Α
576 5423 768 5496 εξτλήν
793 5431 875 5492 lg.

150 5563 209 5594 η
242 5560 378 5614 ὂντα
399 5578 508 5619 om.
546 5563 656 5620 AB.
724 5565 770 5596 ³⁸⁸
794 5566 999 5632 ἐθέλεις

151 5496 207 5526 η
241 5425 294 5544 ἐι
341 5425 472 5494 πρίν
499 5425 544 5476 Α
576 5442 590 5478 ³
621 5425 762 5496 πλήν
793 5431 875 5510 Ιςζ·
911 5496 924 5516 ,
970 5425 1016 5460 ³⁵
1046 5427 1199 5482 ἕδ”·ιτθιι
1262 5447 1370 5485 01η.
1397 5433 1507 5488 ΑΒ.
1586 5436 1632 5467 ³⁸
1656 5456 1745 5508 μοι
1769 5440 1834 5494 Α.
1882 5459 1896 5495 :
1937 5444 2010 5512 μή
2049 5461 2111 5507 ς.
2199 5445 2245 5476 ³⁷
2270 5444 2522 5516 ἀλλήλοις
2547 5446 2604 5500 δὲ
2625 5446 2798 5500 ταῦτα
2828 5446 3127 5502 ἀντίκειται
3162 5463 3273 5503 om.
3325 5450 3435 5501 AB.

276 5509 398 5544 σται
431 5509 541 5544 om.
564 5495 673 5544 AB.
732 5495 774 5531 ³ο
800 5513 849 5544 ει
880 5497 908 5544 δ
943 5529 1011 5538 --
1035 5500 1173 5544 αέοη
1202 5517 1310 5544 nm-
1349 5506 1405 5544 A,
1457 5505 1503 5536 ιο
1539 5507 1604 5544 ηπ
1644 5516 1671 5544 Α
1713 5527 1725 5538 ο
1761 5511 1826 5544 κ..
1858 5529 1896 5544 ,-
2004 5514 2047 5543 u
2082 5514 2312 5544 -1---“
2435 5517 2607 5544 ..-..-.-.
2640 5533 2723 5544 η...
2788 5517 2868 5544 AD
2942 5517 3154 5544 ιιι-..η
3192 5535 3275 5544 ...η
3336 5521 3356 5544 Δ
3379 5520 3413 5544 ι)

276 5509 398 5545 σται
431 5509 541 5547 om.
564 5495 673 5548 AB.
718 5495 774 5531 ⁷³⁸
800 5499 849 5548 εἰ
880 5496 1011 5550 δ’--
1033 5500 1175 5621 gem
1202 5517 1312 5555 om.
1344 5506 1408 5556 Α.
1457 5505 1503 5536 ἰθ
1539 5507 1604 5560 αὖ
1637 5495 1680 5560 Ᾱ
1713 5527 1725 5562 :
1761 5511 1826 5564 ἄν
1857 5529 1917 5576 ς.

276 5575 378 5614 ντα
399 5578 508 5619 om.
546 5563 656 5620 AB.
724 5565 770 5596 “
794 5566 999 5621 ἐθέλεις
1084 5610 1098 5621 .
1177 5571 1224 5602 ⁸⁵
1248 5574 1454 5621 γενητά
1483 5581 1739 5621 ριιηιιισῑι
1772 5584 1802 5621 Δ
1859 5601 1917 5621 ...ι

1177 5571 1224 5602 ⁸⁵
1248 5574 1454 5644 γενητὰ
1483 5581 1740 5647 expuugit
1772 5584 1830 5637 Α.
1859 5571 1967 5636 uin.
2005 5583 2064 5637 B.

2082 5514 2312 5588 πότερον
2339 5514 2408 5556 4
2435 5517 2609 5572 κακοῦ
2638 5533 2747 5574 om.
2778 5517 2887 5572 AB.
2942 5520 2987 5549 δ’
3006 5517 3159 5573 ἔσται
3189 5535 3299 5574 οιιιο
3325 5520 3437 5574 ΑΒ·

1649 5661 1887 5729 NOTAE.

239 5749 356 5843 (iiii)
407 5747 599 5805 Totum
653 5747 920 5819 integrum
966 5754 1234 5826 intelligit.
1277 5755 1474 5815 Positis
1520 5761 1771 5817 oumibus
1809 5765 2053 5832 partibus
2107 5771 2325 5840 ponitur
2367 5781 2582 5837 totum;
2623 5771 2830 5828 sublata
2878 5786 2982 5826 una
3036 5781 3190 5843 parte
3238 5769 3443 5829 tollitur

155 5834 368 5878 totum.
