3954 6442
575 363 712 427 1159

1706 361 1970 424 ΡΗΟΤΙΙ
2006 360 2512 423 PATRIARCH
2560 360 2669 420 (ΣΡ.

3648 366 3743 433 1161)

567 486 625 528 ut
660 482 830 527 totum
856 470 1128 541 integrum
1156 470 1282 525 mali
1327 472 1637 535 exsisteret,
1679 483 1868 525 auctor
1896 473 2020 534 erit,
2055 471 2146 539 qui

2253 472 2502 540 ποιητής.
2531 471 2641 523 Καὶ
2666 469 2729 523 τὸ
2758 469 3007 523 ἐντεῦθεν
3076 467 3365 538 ὀλόκληρον
3394 464 3522 526 εἶναι
3550 474 3602 528 τὸ
3624 495 3747 539 κακον

565 564 806 621 condidit
841 561 1039 636 [illum]
1083 563 1246 617 Deus.
1298 563 1451 630 Quod
1501 563 1724 632 impium
1770 571 1879 617 est.
1919 563 1977 617 Si
2024 577 2152 617 vero

568 664 821 718 neutrum
869 656 1063 711 borum
1103 657 1308 711 dixeris
1357 670 1480 711 esse
1505 658 1729 721 malum,
1774 656 1867 710 sed
1901 653 2023 708 mali
2053 654 2149 708 ali-

565 750 724 819 cujus
770 765 907 816 opus
943 764 1067 803 esse
1097 748 1357 813 aﬂirmas,
1393 760 1504 803 tum
1549 749 1789 817 genitum
1826 762 1947 801 esse
1976 747 2153 817 ipsum

562 841 911 911 doces.0pus
932 842 1077 897 enim
1106 841 1474 911 cujuscunque
1525 840 1846 910 principium
1883 840 2151 895 essisten-

564 936 615 989 di
652 935 835 989 habet.
874 937 955 988 Ad
994 936 1127 998 hwc,
1158 943 1353 1003 praeter
1384 934 1497 988 haec
1532 932 1737 987 nullum
1774 932 1922 987 aliud
1950 933 2150 987 malum

564 1028 844 1097 assignare
905 1029 1273 1095 petes;quod
1342 1026 1488 1081 enim
1531 1040 1668 1095 Opus
1726 1024 1873 1080 aliud
1926 1025 2149 1088 malum,

563 1127 762 1186 praeter
812 1118 864 1172 id
892 1120 1036 1188 quod
1066 1119 1209 1173 inter
1249 1118 1494 1173 homines
1544 1129 1647 1181 est,
1679 1126 1838 1188 potes
1869 1115 2151 1173 exhibere?

565 1207 700 1262 Nam
728 1208 870 1277 quod
909 1210 953 1263 is
980 1209 1071 1276 qui
1101 1218 1376 1277 operatur,
1406 1224 1514 1264 non
1548 1210 1619 1263 sit
1658 1211 1954 1265 secundum
1987 1211 2153 1263 ratio-

565 1314 690 1353 nem
723 1300 1061 1364 substantiae,
1091 1299 1317 1367 malitia,
1349 1302 1445 1355 sed
1485 1301 1786 1356 secundum
1818 1301 1989 1370 ipsam
2023 1317 2151 1372 ope-

565 1394 831 1448 rationem
860 1393 1007 1457 mali,
1034 1393 1147 1463 jam
1183 1401 1462 1449 ostensum
1513 1404 1616 1449 est.

641 1486 785 1541 Dicit
812 1486 1117 1541 Methodius
1146 1498 1336 1540 natura
1364 1487 1496 1542 nihil
1524 1500 1647 1543 esse
1669 1487 1893 1556 malum,
1924 1489 2018 1543 sed
2049 1502 2148 1543 usu

566 1580 729 1644 mala,
769 1579 886 1633 ﬁeri
919 1580 1081 1634 mala.

638 1669 835 1725 Libero
861 1687 981 1724 cum
1000 1671 1249 1736 arbitrio,
1277 1672 1450 1742 inquit
1468 1670 1791 1737 Methodius,
1808 1673 2006 1730 factum
2030 1688 2150 1729 esse

563 1758 687 1813 dico
714 1759 1014 1826 hominem,
1051 1775 1155 1816 non
1193 1769 1451 1831 tanquam
1501 1761 1641 1815 malo
1677 1763 1858 1831 aliquo
1879 1762 1992 1832 jam
2022 1774 2148 1817 ante

2253 563 2423 624 αἴτιος
2439 563 2594 616 ἔσται
2628 564 2675 596 ⁸⁸
2710 561 3125 632 δημιουργήσας
3166 562 3196 613 ὁ
3240 559 3392 627 Θεὸς,
3434 563 3558 635 ὅπερ
3584 568 3748 638 ἀσεὸές,

2251 657 2316 709 Εἰ
2349 656 2394 708 δ’
2429 656 2538 709 οὐδ’
2566 656 2822 724 ὁπότερον
2839 654 3046 707 τούτων
3070 654 3251 722 λέγεις
3297 654 3359 707 τὸ
3408 657 3581 721 κακὸν,
3603 665 3752 732 πρᾶξιν

2250 749 2308 802 δέ
2346 765 2490 811 τινος
2528 746 2700 800 κακοῦ
2729 744 2868 799 εἶναι
2895 745 3073 814 λέγεις
3114 746 3176 799 τὸ
3218 746 3405 811 κακὸν,
3427 752 3627 820 γενητὸν
3660 758 3753 813 αὐτὸ

2252 840 2519 910 ὑπάρχειν
2560 837 2788 908 μηνύεις
2812 853 2826 867 ·
2875 839 2909 905 ἠ
2953 836 3063 907 γὰρ
3089 837 3182 890 τοῦ
3208 854 3354 902 τινος
3407 840 3587 910 πρᾶξις
3628 847 3756 918 ἀρχὴν

2250 935 2344 986 τοῦ
2386 930 2525 985 εἶναι
2567 930 2854 1001 λαμϐάνει.
2902 930 3049 1002 Πρὸς
3094 931 3157 1001 δὴ
3200 930 3410 995 τούτοις
3441 934 3578 987 οὐδὲν
3618 936 3755 1007 ἕτερον

2250 1025 2402 1095 παρὰ
2432 1025 2606 1079 ταῦτα
2643 1024 2706 1077 τὸ
2738 1025 2907 1078 κακὸν
2940 1025 3114 1078 εἰπεῖν
3152 1022 3318 1093 ἔχεις.
3356 1022 3511 1078 Ποίαν
3540 1025 3635 1098 γὰρ
3656 1034 3758 1099 πρᾶ-

2252 1118 2335 1184 ξιν
2360 1117 2537 1188 κακὴν
2565 1117 2751 1184 ἕτερον
2775 1116 2926 1188 παρὰ
2958 1117 3018 1170 τὸ
3037 1116 3080 1148 ⁴⁷
3119 1119 3179 1169 ἐν
3219 1114 3520 1185 ἀνθρώποις
3550 1117 3759 1174 δεικνύειν

2251 1208 2394 1278 έχεις
2414 1225 2430 1271 ;
2453 1208 2536 1260 ὃτι
2558 1205 2668 1277 γὰρ
2696 1208 2725 1260 ὁ
2756 1204 2996 1275 ἐνεργῶν
3023 1205 3086 1257 οὑ
3114 1203 3258 1257 κατὰ
3283 1203 3374 1256 τὸν
3393 1205 3488 1274 τῆς
3517 1206 3678 1271 οὐσίας
3702 1210 3760 1263 λό-

2249 1316 2346 1369 γον
2383 1300 2619 1371 ὑπάρχει
2653 1298 2823 1353 κακία
2840 1297 2908 1364 ⁸⁵⁸,
2942 1296 3080 1352 ἀλλὰ
3106 1297 3229 1353 κατ’
3254 1284 3387 1351 αὐτὸ
3409 1298 3469 1351 τὸ
3492 1299 3702 1370 ἐνεργεῖν
3718 1305 3758 1359 τδ

2250 1395 2437 1459 κακὸν,
2469 1394 2569 1465 ήδη
2597 1393 2885 1447 δέδεικται.

2278 1530 2281 1531 ν
2323 1488 2446 1540 Ὅτι
2468 1488 2537 1557 τῇ
2560 1486 2719 1554 φύσει
2746 1485 2914 1538 κακὸν
2957 1484 3112 1538 οὐδέν
3164 1485 3336 1551 ἐστιν,
3368 1485 3503 1542 ἀλλὰ
3532 1492 3593 1563 τῇ
3614 1495 3756 1566 χρήσει

2250 1580 2458 1649 γίνεται
2487 1581 2634 1634 κακὰ
2655 1578 2723 1632 τὰ
2750 1576 2917 1632 κακά.

2326 1670 2450 1723 ’Ότι
2468 1667 2839 1734 αὐτεξούσιον,
2865 1665 3022 1737 φησι,
3044 1666 3323 1735 γεγονέναι
3339 1671 3483 1741 φημὶ
3497 1671 3581 1727 τδν
3604 1676 3757 1747 ἄνθρω-

2253 1779 2373 1826 πον,
2404 1763 2501 1832 οὐχ
2521 1762 2595 1823 ὡς
2628 1759 3104 1832 προῦποκειμένου
3119 1759 3264 1824 τινος
3289 1761 3391 1833 ἤδη
3422 1764 3602 1831 κακοῦ,
3626 1762 3676 1822 οὗ
3693 1770 3758 1839 τὴν

561 1851 888 1916 οιοὶειοιιιο,
918 1852 1078 1922 cujus
1112 1854 1372 1923 eligendi,
1397 1854 1444 1910 si
1478 1855 1657 1919 vellet,
1695 1865 2016 1923 potestatem
2051 1856 2148 1910 ha-

2254 1855 2501 1921 ἐξουσίαν
2528 1853 2623 1907 τοῦ
2646 1851 2885 1916 ἑλέσθαι,
2912 1852 2962 1902 εί
2998 1849 3239 1921 βούλοιτο
3263 1852 3329 1918 ‘9,
3349 1853 3617 1926 ἄνθρωπος
3634 1859 3756 1931 mp.

564 1945 719 1999 beret
751 1962 765 1997 :
801 1947 896 2001 sed
931 1946 1044 2001 sola
1075 1961 1238 2001 causa
1280 1957 1419 2013 erat,
1459 1948 1746 2004 obediendi
1779 1949 1891 2003 Deo
1921 1949 2002 2003 vel
2046 1964 2152 2003 non

562 2035 875 2092 obediendi.
934 2037 1046 2093 Hoc
1096 2042 1239 2093 enim
1298 2048 1426 2095 tunc
1491 2050 1610 2095 erat
1662 2042 1717 2095 in
1790 2042 1958 2112 ipsius
2008 2041 2157 2097 arbi-

564 2128 693 2181 trio.
749 2129 948 2200 308a
982 2131 1048 2184 Et
1092 2132 1253 2186 homo
1281 2133 1531 2187 conditus
1571 2148 1600 2186 a
1659 2133 1767 2188 Deo
1823 2145 2149 2203 praeceptum
2193 2180 2199 2189 .

564 2222 783 2290 accipit,
818 2233 873 2277 et
902 2222 1028 2277 hinc
1047 2223 1161 2293 jam
1193 2224 1395 2279 malum
1430 2226 1646 2295 incipit.
1680 2225 1797 2280 Non
1825 2229 1971 2280 enim
2000 2236 2156 2297 paret

561 2316 747 2371 divino
778 2317 1047 2373 mandato.
1074 2310 1144 2374 Et
1178 2321 1279 2375 hoc
1310 2330 1367 2375 et
1427 2321 1600 2375 solum
1634 2331 1753 2376 erat
1786 2322 2007 2390 malum,
2035 2323 2152 2378 ino-

561 2408 856 2474 bedientia,
887 2426 1010 2481 quae
1035 2412 1109 2467 ibi
1162 2414 1329 2481 coepit
1365 2414 1649 2468 exsistere.

1174 2591 1505 2649 CCXXXVII
1528 2639 1543 2652 .

639 2680 900 2752 Excerpta
924 2700 954 2739 ε
1009 2683 1145 2739 libro
1181 2688 1349 2739 sancti
1395 2684 1651 2739 Methodii
1693 2684 1769 2739 De
1807 2686 2069 2741 castitate.

638 2777 768 2844 Legi
803 2777 1053 2832 similiter
1099 2777 1341 2844 ejusdem
1374 2779 1618 2847 quaedam
1655 2794 1718 2832 ex
1756 2778 1892 2833 libro
1936 2779 2009 2832 De
2061 2791 2151 2833 ca-

560 2874 761 2939 stitate,
794 2880 855 2925 ut
901 2871 958 2925 in
1001 2870 1165 2925 simili
1199 2872 1519 2940 compendio
1552 2881 1676 2926 sunt
1716 2873 1879 2927 edita.
1912 2871 2147 2935 Primus,

563 2962 765 3032 inquit,
793 2961 1074 3018 Abraham
1096 2977 1221 3017 cum
1256 2961 1310 3016 in
1349 2970 1672 3017 testamento
1717 2963 2150 3018 circumcisionis

561 3054 736 3123 legem
778 3053 1071 3123 acciperet,
1100 3051 1234 3108 nihil
1280 3052 1423 3106 aliud
1456 3053 1733 3107 insinuare
1774 3053 2005 3118 videtur,
2037 3068 2149 3108 sua:

565 3147 735 3215 ipsius
771 3145 955 3201 carnis
995 3146 1297 3201 membrqu
1345 3144 1802 3208 circumcidenda,
1826 3160 1987 3215 quam
2022 3147 2144 3209 hoc,

2256 1942 2418 1995 6ανεν
2438 1960 2450 1974 ·
2491 1940 2629 1995 ἀλλὰ
2651 1940 2749 2009 τὴν
2781 1938 2874 1992 τοῦ
2911 1937 3207 1994 ὑπακούειν
3231 1940 3310 2012 τῷ
3333 1942 3452 2010 Θεῷ
3491 1947 3578 1999 καὶ
3600 1947 3663 2018 μὴ
3690 1950 3757 2002 ias-

2253 2032 2472 2086 ακούειν
2488 2033 2660 2085 αἴτιον
2697 2031 2857 2103 μόνον
2878 2027 2966 2103 ἦν.
3016 2031 3186 2084 Τοῦτο
3219 2034 3328 2102 γὰρ
3372 2035 3435 2089 τὸ
3478 2039 3756 2108 αὐτεξούσιον

2252 2124 2506 2177 ἐϐούλετο
2533 2125 2676 2179 τότε.
2732 2126 2843 2177 Καὶ
2882 2125 3177 2197 γενόμενος
3225 2128 3253 2180 ὁ
3295 2127 3573 2199 ἄνθρωπος
3598 2132 3757 2203 ἐντολὴν

2250 2216 2519 2286 λαμϐάνει
2555 2217 2705 2288 παρὰ
2729 2217 2822 2270 τοῦ
2847 2216 3005 2283 Θεοῦ,
3042 2219 3139 2272 καὶ
3167 2218 3420 2273 ἐντεῦθεν
3441 2221 3537 2293 ήδη
3566 2223 3618 2276 τὸ
3641 2227 3758 2277 κακὸν

2251 2307 2479 2381 ἄρχεται
2503 2323 2517 2337 ⁸
2547 2311 2608 2363 οὑ
2640 2309 2751 2381 γὰρ
2780 2308 3028 2363 πείθεται
3048 2309 3125 2381 τῷ
3143 2309 3273 2381 θείῳ
3295 2314 3759 2385 προστάγματιᾸὶω.

2249 2401 2409 2455 τοῦτο
2441 2401 2535 2455 καὶ
2562 2401 2725 2472 μόνον
2755 2397 2822 2474 ἦν
2850 2401 2910 2455 τὸ
2950 2402 3144 2469 κακὸν,
3193 2406 3229 2475 ἠ
3277 2407 3552 2478 παρακοὴ,
3582 2408 3758 2477 ἣτιςτοῦ

2250 2490 2391 2549 εἶναι
2421 2496 2626 2567 ἤρξατο
2655 2499 2725 2553 ⁵ο.

2948 2594 3113 2653 ΣΛΖ’.

2629 2687 2740 2741 Τοῦ
2777 2689 2967 2744 αὐτοῦ
3010 2690 3149 2759 Περὶ
3182 2689 3451 2760 ἁγνείας.

2336 2777 2678 2849 Ἀνεγνώσθη
2713 2779 2808 2833 τοῦ
2832 2781 3000 2834 αὐτοῦ
3027 2783 3093 2835 ἐκ
3122 2780 3218 2835 τοῦ
3252 2780 3400 2849 Περὶ
3420 2777 3755 2849 ἀγνείσς,ὅς⁸¹

2250 2871 2345 2925 καὶ
2372 2872 2429 2925 ἐν
2456 2873 2630 2944 ὁμοίῳ
2661 2873 2935 2944 συνόψεως
2965 2875 3186 2946 ἐξεδόθη
3225 2875 3463 2946 τύπῳδί.
3489 2874 3603 2927 Ὅτι
3628 2872 3759 2941 φησὶν,

2266 2964 2324 3017 '0
2358 2962 2490 3033 γοῦν
2530 2964 2783 3036 Ἀϐραὰμ
2808 2967 3024 3035 πρῶτος
3049 2968 3106 3021 ἐν
3135 2967 3369 3038 διαθήκῃ
3399 2966 3498 3038 τὴν
3530 2962 3759 3036 περιτομὴν

2248 3057 2429 3112 λαϐὼν
2478 3057 2634 3113 οὐδὲν
2692 3058 2879 3130 ἓτερον
2934 3059 3274 3114 αἰνίττεσθαι
3324 3060 3495 3127 δοκεῖ,
3538 3057 3593 3111 τὸ
3618 3056 3758 3110 οἰκεῖον

2251 3149 2691 3221 ἀποτεμνόμενος
2745 3152 2847 3223 τῆς
2902 3150 3106 3222 σαρκὸς
3136 3150 3302 3205 αὑτοῦ
3343 3151 3527 3221 μέλος,
3569 3150 3597 3221 ἣ
3632 3148 3758 3210 τοῦτο,

565 3256 672 3294 non
695 3238 926 3309 amplius
948 3253 1068 3294 esse
1091 3238 1386 3294 liberorum
1406 3240 1856 3308 procreationem,
1882 3240 1935 3292 in
1964 3247 2145 3292 creata

2251 3244 2308 3296 τὸ
2347 3244 2545 3313 μηκέτι
2566 3245 2646 3305 είς
2676 3243 2776 3314 τὴν
2819 3246 2883 3298 ἐκ
2929 3244 3025 3298 τοῦ
3068 3243 3236 3299 αὐτοῦ
3266 3245 3500 3314 αἵματος
3536 3244 3686 3315 σάρκα
3700 3242 3760 3308 δη-

560 3351 627 3388 ex
673 3332 865 3387 eodem
917 3332 1183 3402 sanguine
1216 3346 1381 3387 carne
1423 3331 1860 3387 instituendam:
1905 3332 2148 3401 singulos

2252 3335 2679 3406 μιουργηθείσαν
2746 3336 3144 3409 παιδοσπορίαν
3204 3335 3518 3401 ἐπιτελεῖν,
3572 3334 3663 3388 ἀπὸ
3694 3331 3760 3397 τῆς

560 3441 673 3481 ειιεο
710 3424 916 3479 sororis
949 3424 1197 3494 exemplo
1243 3424 1443 3479 docens
1473 3426 1929 3495 quemadmodum
1963 3424 2147 3480 carnis

2252 3394 2398 3492 iaiatc'
2429 3394 2675 3482 ’ἕκαστον
2721 3428 2991 3483 διδάσκων
3019 3394 3254 3499 αδελφῆς
3275 3424 3367 3483 οἶα
3409 3394 3601 3499 σαρκὸς
3621 3394 3759 3479 ἀποιί-
3849 3394 3851 3499 1

560 3515 811 3583 voluptas
839 3514 891 3568 in
917 3529 1213 3585 congressu
1240 3514 1313 3569 sit
1342 3515 1659 3571 resecanda.

633 3606 769 3675 Ego,
816 3605 992 3675 inquit
1022 3616 1306 3675 praeterea,
1341 3606 1472 3660 mihi
1513 3604 1657 3661 clare
1679 3607 1864 3661 videor
1895 3622 1961 3661 ex
1995 3608 2147 3662 Scri-

558 3700 735 3768 pturis
779 3698 953 3754 sacris
1000 3697 1452 3753 animadvertisse
1484 3694 1530 3764 1,
1576 3714 1671 3769 per
1701 3700 2033 3772 virginitatis
2062 3703 2148 3756 iu-

559 3792 898 3846 stitutionem
945 3805 977 3845 a
1021 3793 1190 3847 verbo
1254 3806 1363 3846 non
1424 3808 1547 3849 esse
1594 3794 1816 3849 omnino
1875 3794 2144 3849 sublatam

561 3883 856 3939 liberorum
893 3884 1323 3952 generationem.
1371 3883 1558 3955 Neque
1606 3888 1773 3951 enim,
1805 3889 1933 3957 quia
1970 3886 2147 3942 stellis

559 3974 736 4044 major
792 3983 877 4029 est
933 3975 1065 4029 luna
1108 3972 1246 4046 (91),
1300 3986 1584 4045 propterea
1635 3978 1862 4032 aliorum
1899 3979 2138 4032 siderum

560 4064 742 4121 lumen
772 4066 1070 4134 exstinguit
1126 4080 1142 4118 :
1193 4080 1295 4120 nec
1353 4068 1477 4137 quia
1506 4068 1627 4123 aliis
1657 4070 1793 4123 cibis
1827 4070 2038 4125 dulcius
2064 4081 2148 4125 est

562 4156 667 4210 mel
702 4167 755 4211 et
784 4157 1029 4223 suavius,
1055 4163 1343 4228 propterea
1371 4158 1476 4212 alia
1502 4171 1631 4214 sunt
1664 4161 1858 4217 acerba
1881 4170 1935 4216 et
1958 4176 2143 4215 amara

559 4249 939 4306 existimanda.

630 4340 764 4397 Illud
799 4358 813 4397 :
850 4339 983 4395 Filii
1014 4340 1377 4396 adulterorum
1409 4341 1699 4411 imperfecti
1737 4351 1801 4407 ",
1826 4344 1891 4396 de
1942 4343 2146 4397 verita-

558 4444 669 4491 tem
712 4434 1138 4491 adulterantibus
1185 4433 1262 4489 ait
1302 4446 1434 4493 esse.
1461 4434 1690 4499 dictum,
1727 4451 1835 4504 quo
1863 4435 2004 4490 falso
2042 4437 2143 4490 sibi

2252 3538 2409 3591 μνειν
2433 3520 2532 3592 τὴν
2549 3521 2694 3575 κατὰ
2727 3522 3009 3575 συνουσίαν
3045 3521 3263 3593 ἡδονήν.

2322 3613 2446 3667 Ὅτι
2479 3614 2666 3684 φησιν,
2720 3612 2863 3681 Ἐγὼ
2918 3612 3029 3684 γὰρ
3080 3612 3505 3683 καθεωρακέναι
3544 3626 3625 3680 μοι
3666 3611 3758 3658 δοιω

2251 3704 2437 3773 σαφῶς
2460 3704 2568 3757 ἀπὸ
2608 3702 2718 3758 τῶν
2758 3704 3015 3776 Γραφῶν,
3066 3704 3151 3757 ὅτι
3183 3703 3488 3775 παρθενίας
3515 3692 3756 3764 sacoma

2248 3798 2405 3867 λόγος
2425 3798 2529 3851 οὐκ
2552 3798 2728 3851 ἀνεῖλε
2753 3798 2930 3867 πάντη
2973 3796 3340 3865 τεκνογονίαν.
3385 3794 3461 3847 Οὐ
3498 3791 3600 3861 γὰρ
3631 3784 3747 3851 ἐπειδὴ

2248 3888 2359 3941 τῶν
2392 3889 2609 3959 ἄστρων
2637 3890 2671 3959 ἡ
2702 3887 2898 3959 σελήνη
2952 3886 3153 3957 μείζων
3180 3885 3320 3952 ἐστὶ,
3366 3883 3520 3955 παρὰ
3540 3880 3675 3935 τοῦτο
3689 3874 3749 3928 τίη

2248 3981 2427 4034 ἄλλων
2454 3980 2704 4051 ἀστέρων
2730 3980 2792 4033 τὸ
2818 3978 2931 4048 φῶς
2963 3981 3296 4049 ἀναιρεῖται,
3318 3977 3352 4048 ἢ
3379 3975 3564 4045 ἐπειδὴ
3593 3971 3681 4025 τῶν
3698 3966 3755 4021 ἆλ-

2248 4075 2353 4128 λων
2386 4075 2504 4127 ἐστὶ
2531 4073 2862 4143 γλυκύτερον
2880 4073 2939 4124 τὸ
2967 4072 3090 4141 μέλι
3117 4072 3212 4125 καὶ
3262 4070 3549 4143 ήδύτερον,
3572 4068 3630 4120 τὰ
3651 4058 3759 4115 λοιπὰ

2248 4166 2422 4237 πικρὰ
2451 4167 2547 4221 καὶ
2573 4165 2805 4237 ἀνήδονα
2838 4164 3141 4233 νομιστέον.

2320 4346 2448 4419 [959.
2464 4345 2557 4417 11.]
2573 4347 2695 4399 ’Ὁτι
2712 4346 2791 4409 τὸ,
2814 4344 3007 4400 Τέκνα
3022 4344 3090 4398 δὲ
3102 4360 3202 4412 μοι
3207 4342 3332 4413 χῶν
3351 4337 3758 4405 ἀτελεσφόρηταν

2248 4440 2510 4513 περὶτῶν
2541 4441 2640 4511 τὴν
2697 4438 2959 4510 ἀλήθειαν
3004 4434 3362 4508 μοιχωμένων
3396 4434 3445 4466 ⁸³
3473 4433 3624 4502 φησὶν
3659 4422 3762 4493 sipi-

556 4536 815 4597 arrogant
846 4524 1187 4596 sapientiam,
1224 4534 1280 4580 et
1320 4525 1637 4594 Scripturas
1673 4527 1995 4597 depravant,
2037 4529 2137 4582 im.

2255 4533 2400 4591 σθαι,
2431 4531 2631 4594 οἵτινες
2682 4528 3022 4599 κλεψίσοςροι,
3072 4525 3382 4588 νοθεύοντες
3432 4523 3529 4586 τὰς
3578 4512 3759 4589 Γραφάςν

556 4570 815 4597 -..νυ-,η
846 4570 1187 4596 ..,.,,.ν.........,
1226 4570 1280 4580 ν-
1320 4570 1637 4594 νων-...υ
1674 4570 1995 4597 νυν..,.,....,

556 4629 937 4688 maturamque
988 4620 1300 4689 producunt
1364 4618 1686 4690 sapientiam
1717 4658 1735 4685 ,
1782 4621 1982 4690 Quique
2016 4637 2142 4696 .per

2255 4570 2629 4594 suum".-.
2684 4570 3022 4599 η..-τ.-ντ-.,
3080 4570 3378 4588 .-----.--,
3444 4570 3528 4586 Μ,
3618 4570 3627 4589 ,
3685 4570 3742 4581 ,ν

2251 4626 2675 4698 ὶτελεσφόρητον
2728 4622 2963 4695 γεννῶσι
3023 4622 3238 4691 σοφίαν,
3279 4621 3348 4690 τῇ
3378 4612 3644 4678 θεοσεϐείᾳ
3673 4618 3761 4668 (Μ’
3850 4570 3851 4653 1

556 4712 793 4779 Speciem
825 4712 1049 4779 pietatis
1076 4712 1275 4767 docent
1293 4726 1531 4767 errores.
1556 4712 1728 4766 Aliter
1759 4711 1887 4785 [hoc
1914 4713 2141 4786 dictum]

2251 4721 2519 4791 κρίνοντες
2552 4719 2649 4788 τὴν
2686 4716 2913 4787 πλάνην.
2951 4715 3163 4776 Ἄλλως
3192 4712 3302 4783 γὰρ
3324 4709 3579 4780 νοηθῆναι
3604 4699 3762 4760 οὑκέῒ’

557 4818 663 4857 non
723 4811 807 4857 est
858 4804 1266 4874 intelligendum
1296 4819 1312 4867 ;
1363 4818 1537 4874 neque
1571 4805 1715 4859 enim
1744 4804 1813 4859 de
1852 4804 2037 4862 liberis
2074 4821 2143 4861 ex

2251 4813 2428 4882 Κωρεῖ·
2463 4808 2603 4863 Οὔτε
2630 4808 2739 4880 γὰρ
2791 4809 2884 4861 ἐπὶ
2940 4805 3035 4860 τοῦ
3072 4806 3149 4876 μὴ
3198 4800 3479 4856 τίκτεσθαι
3514 4797 3578 4851 τὰ
3606 4795 3663 4883 ὲκ
3683 4803 3761 4857 μοι·

556 4895 828 4949 adulterio
860 4911 964 4952 non
1019 4896 1316 4966 pariendis,
1353 4897 1483 4951 etin
1514 4895 1689 4952 lucem
1727 4897 1867 4953 hanc
1901 4898 2140 4954 sensibi-

2251 4903 2400 4979 χείας
2419 4901 2584 4955 τέκνα
2629 4901 2725 4954 καὶ
2762 4900 2842 4962 εἰς
2868 4898 2984 4969 φῶς
3037 4894 3294 4965 αἰσθητὸν
3324 4888 3552 4957 ἄγεσθαι
3598 4881 3759 4979 sevocat

556 4987 657 5041 lem
683 4987 904 5041 edendis
922 4997 1100 5065 potest
1124 4986 1297 5056 accipi
1321 5004 1333 5040 :
1359 4986 1492 5056 quia
1516 5004 1619 5041 non
1646 4989 1818 5043 solum
1847 4990 1997 5044 multi
2030 4992 2140 5046 nati

2251 4973 2489 5049 νοεῖσθαι
2516 4993 2585 5057 ⁵⁸,
2616 4995 2696 5047 ὃτι
2725 4991 2909 5045 πολλοὶ
2941 4991 3004 5044 οὑ
3034 4990 3193 5059 μόνον
3216 4983 3540 5056 ἐτέχθησαν,
3565 4973 3682 5031 ἀλλὰ
3706 4973 3761 5022 καὶ

554 5089 702 5145 sunt,
731 5080 826 5134 sed
857 5080 1018 5135 etiam
1040 5080 1155 5133 nati
1188 5094 1253 5134 ex
1282 5079 1551 5157 adulterio
1588 5080 1723 5136 alios
1761 5092 2113 5149 pepererunt.

2251 5087 2535 5139 τετόκασιν
2564 5087 2629 5139 ἐκ
2659 5082 2907 5155 μοιχείας
2932 5081 3242 5152 τεχθέντες,
3266 5076 3389 5131 οὔτε
3422 5075 3515 5129 ἐπὶ
3538 5068 3625 5124 τοῦ
3655 5076 3764 5117 πνευ-

625 5238 639 5269 ¹
678 5236 867 5292 Matth.
901 5236 1070 5302 xux,5
1102 5250 1253 5305 seqq.
1288 5252 1303 5301 ;
1338 5235 1359 5289 Ι
1389 5234 1516 5292 Cor.
1548 5248 1650 5300 vn,
1682 5234 1719 5288 2
1761 5252 1917 5307 seqq.
1996 5249 2035 5277 ιιι
2074 5239 2200 5311 Sap.
2233 5258 2317 5307 ιιι,
2346 5241 2433 5297 l6.

1854 5375 2092 5433 νΑιιιΑι
2127 5380 2543 5436 LECTIONES.

1855 5380 2092 5433 VARle
2127 5380 2543 5437 LECTIONES.

632 5462 868 5565 fifffi‘]
891 5463 1000 5565 ἀίει
1017 5462 1139 5565 11‘}.-
1162 5461 1374 5565 .3231
1404 5462 1531 5565 .:°E
1560 5464 1746 5565 .25...
1781 5466 2232 5565 Ῑῗξῖἥσξκῗῖὲξξξξι·
2252 5474 2399 5565 ita
2430 5476 2475 5565 1°
2493 5474 2584 5565 ιοὲ
2603 5468 3288 5565 μέίέσθ;.εέ,.ἓΐ³ξ⁵ῗ;9ξῖῗὶὲ.¹ἱ
3317 5461 3661 5565 seems

555 5526 879 5612 ἑλέσθαι
931 5526 981 5565 ’⁵ο
1017 5545 1136 5603 post
1153 5526 1374 5612 ,ἧρξατό
1404 5536 1457 5588 in
1495 5538 1533 5588 A
1560 5551 1749 5612 versus
1779 5552 2011 5607 quatuor
2039 5557 2150 5595 vact

2272 5547 2314 5577 ει
2343 5546 2400 5608 ὃς
2430 5545 2472 5599 Α
2501 5563 2515 5598 ε
2543 5546 2617 5608 ὡς
2645 5563 2705 5609 ς.
2784 5526 3310 5612 ⁵²τύπῳὼσαύτως.
3348 5526 3469 5590 Ὅτι
3492 5550 3552 5597 ς.
3621 5526 3660 5598 '3
3686 5533 3764 5591 μοι·

557 5605 820 5674 χωμένων
841 5605 903 5670 Β,
935 5604 1273 5676 μοιχομένων
1297 5606 1364 5673 A,
1390 5604 1891 5679 potxeuopévwvx.
1958 5611 2004 5643 ⁵⁸
2032 5616 2268 5668 νοεῖσθαι
2288 5604 2513 5670 δύναται
2542 5604 2602 5679 r5.

2054 5722 2293 5780 NOTAE.

629 5810 741 5879 (9|)
779 5810 1091 5866 Secundum
1116 5823 1413 5882 aspectum,
1450 5831 1552 5870 non
1602 5816 1894 5869 secundum
1931 5832 2062 5867 rem.
