3954 6424
547 380 686 446 1163

1675 368 1939 429 ΡΗΟΤῙῘ
1977 364 2484 429 ΡΑΤΒΙΑΒΩΗΕ
2524 364 2630 423 CP.

3634 357 3737 423 ιιιι

545 491 719 545 donec
750 486 1044 558 genitalem
1073 490 1369 538 sementem
1399 480 1613 552 penitus
1638 480 1877 534 sterilem
1909 479 2123 533 reddat.

2252 469 2321 531 et
2350 479 2418 532 ἂν
2453 474 2615 546 ποθῇ,
2638 472 2748 526 πᾶν
2782 470 2907 524 ὅσον
2946 468 3028 532 εἰς
3058 466 3243 538 ὀχείας
3271 463 3454 530 ἀναζεῖ
3483 466 3529 497 ⁷¹
3550 466 3745 539 καὶὲρι-

549 578 1013 650 Quemadmodum
1050 584 1105 629 et
1155 573 1420 629 Homerus
1461 572 1775 635 declaravit,
1810 572 1901 642 qui
1930 570 2125 626 salices

550 682 831 745 propterea
852 668 1197 741 irugiperdas
1224 664 1540 721 nominavit.

626 941 756 996 Illud
787 937 1039 993 Ieremia:
1060 953 1073 990 :
1098 932 1359 1002 Sponsam
1384 928 1663 984 sollicitam
1684 943 1813 990 esse,
1839 942 1900 980 ne
1917 926 2127 981 oblivis-

562 1042 715 1085 catur
735 1027 1025 1081 ornamenti
1059 1025 1161 1088 sui,
1195 1032 1240 1075 et
1271 1022 1519 1089 virginem
1547 1034 1609 1071 ne
1630 1016 1906 1084 pectoralis
1940 1017 2021 1070 sui
2042 1023 2127 1053 ων

460 1098 465 1109 ι
557 1120 791 1192 309a;
818 1119 975 1172 docet
1021 1131 1128 1170 non
1168 1109 1553 1166 committenda
1597 1124 1697 1163 nec
1742 1108 1969 1162 laxanda
2008 1120 2130 1160 esse

556 1212 837 1267 fraudibus
876 1208 1030 1263 frena
1065 1220 1159 1261 seu
1200 1200 1411 1257 vincula
1474 1199 1871 1269 temperantiae.
1896 1195 1999 1251 Per
2028 1209 2126 1265 pe-

553 1314 708 1358 ctora
741 1302 883 1357 enim
912 1314 1105 1356 sensus
1130 1284 1321 1361 animi,
1355 1311 1485 1353 sane
1514 1292 1859 1351 convenienti
1884 1290 2125 1352 ratione,

554 1404 611 1449 et
664 1408 816 1448 mens
844 1402 1029 1448 nostra
1062 1390 1397 1461 intelligitur.
1432 1385 1711 1442 Pectorale
1739 1392 1965 1448 autem,
2000 1395 2129 1451 pro-

548 1485 788 1555 positum
831 1484 994 1538 animi
1022 1484 1090 1538 ad
1119 1482 1428 1537 castitatem
1457 1478 1745 1550 colligans,
1776 1484 1861 1531 est
1893 1474 2133 1531 charitas

556 1578 609 1631 in
640 1576 938 1631 Christum.

625 1669 793 1725 Illud:
822 1670 983 1725 Sume
999 1668 1126 1722 mihi
1146 1667 1363 1721 vitulam
1386 1666 1663 1732 triennem,
1684 1674 1732 1717 et
1751 1663 1966 1717 arietem
1984 1660 2137 1713 trien-

555 1778 695 1827 nem,
725 1771 773 1816 et
808 1758 1509 1827 turturem,etcolumbam1
1538 1759 1613 1811 ait
1642 1754 1945 1827 signiﬁcare
1962 1748 2135 1824 [hoc,]

2230 570 2461 641 θισμοὺς
2499 564 2918 625 ἀποσϐέννυσιν,
2968 558 3079 612 ἐστ’
3116 560 3183 612 ἂν
3237 558 3315 622 εἰς
3360 556 3523 627 ἄρδην
3546 558 3749 612 eum.

2234 663 2383 735 ρώσῃ
2410 662 2508 732 τὴν
2534 660 2632 713 ὲπλ⁵
2683 655 3030 711 παιδοποιίαν
3078 652 3271 722 φορὰν.
3325 650 3510 721 ὥσπερ
3557 650 3617 719 δὴ
3636 653 3752 706 καὶὸ

2232 756 2483 824 ’Όμηρος
2517 752 2564 784 ’⁸
2598 752 2857 822 ἐμήνυσε,
2886 746 2975 801 διὰ
3028 744 3186 798 τοῦτο
3239 743 3473 805 καλέσας
3504 741 3756 815 ὼλεσαὰρ-

2232 865 2367 910 πους
2387 846 2485 909 τὰς
2509 845 2673 907 ἰτέας.

2304 937 2435 1011 [955
2469 936 2563 1007 IL]
2591 936 2714 989 Ὀτι
2745 936 2931 1005 φησὶν,
2967 929 3200 1002 Ἀμέλει
3222 930 3287 983 τὸ
3307 927 3391 998 μὴ
3419 926 3757 982 ἐπιλαθέσθαι

2233 1029 2480 1098 νύμφην
2495 1028 2604 1080 τὸν
2622 1026 2857 1094 κόσμον
2875 1024 3031 1094 μηδὲ
3046 1020 3346 1089 παρθένον
3373 1019 3486 1086 τὴν
3523 1018 3759 1086 στηθοόε-

2236 1116 2428 1185 σμίδα
2452 1114 2699 1187 [505Η.],
2720 1115 3013 1184 λεγόμενον
3040 1115 3096 1165 ὲν
3125 1107 3515 1182 ’ίερεμίᾳτ’⁶,τδ
3538 1108 3606 1177 μὴ
3626 1108 3761 1160 ὲνδοῦ.

2240 1227 2328 1262 ναι
2364 1210 2459 1263 καὶ
2489 1208 2719 1279 χαλάσαι
2745 1207 2837 1259 τὸν
2856 1204 3162 1275 δεσμὸντῆς
3191 1199 3541 1271 σωφροσύνης
3574 1200 3761 1263 ἀπάταις

2239 1296 2410 1367 δηλοῖ.
2484 1298 2665 1369 Στήθη
2695 1297 2807 1367 γὰρ
2832 1297 2890 1350 αι
2914 1296 3132 1366 φρένεις
3164 1295 3334 1347 εἰκότι
3358 1293 3499 1361 λόγῳ
3515 1291 3603 1344 καὶ
3626 1294 3650 1343 ό
3674 1293 3761 1355 νοῦς

2238 1391 2398 1461 ἡμῶν
2434 1386 2574 1445 εῖναι
2603 1390 2884 1461 νομίζεται
2910 1405 2923 1419 ⁸
2947 1390 2982 1459 ἡ
3011 1388 3067 1441 δὲ
3096 1385 3472 1458 στηθοδεσμὶς,
3498 1385 3533 1454 ἡ
3555 1383 3760 1438 συνδοῦσι

2240 1482 2353 1553 ζωὴ
2387 1483 2432 1515 ⁷⁸
2460 1482 2561 1553 τὴν
2577 1481 2835 1551 πρόθεσιν
2870 1480 2975 1552 τῆς
3002 1479 3183 1552 ψυχῆς
3219 1480 3301 1557 si;
3339 1475 3582 1548 ἁγνείαν,
3606 1476 3759 1545 ἐστὶνὴ

2240 1574 2375 1645 πρὸς
2409 1573 2644 1645 Χριστὸν
2681 1573 2898 1643 ἀγάπη.

2313 1667 2438 1720 Ὅτι
2465 1668 2547 1732 τὸ,
2583 1666 2740 1721 Λάϐε
2779 1667 2827 1699 ⁷⁸
2849 1683 2953 1737 μοι
3000 1663 3261 1734 δάμαλιν
3287 1658 3673 1733 τριετίζουσαν
3694 1660 3759 1714 καί

2242 1756 2383 1830 αῒγα
2439 1758 2849 1831 τριετίζουσαν
2917 1759 3018 1814 καὶ
3087 1758 3258 1827 κριὸν
3314 1753 3659 1825 τριετίζοντα
3696 1754 3761 1807 καὶ

564 1851 701 1907 aﬂ‘er
729 1854 859 1908 mihi
886 1852 1000 1923 jugi
1034 1860 1311 1920 expertem
1356 1850 1615 1914 animam,
1650 1848 1819 1901 instar
1856 1844 2054 1908 vitulte,
2080 1852 2135 1897 et

2252 1853 2495 1924 τρυγόνα
2541 1852 2641 1907 καὶ
2708 1853 3065 1923 περιστερὰν
3112 1848 3467 1912 αἰνίττεσθαί,
3509 1862 3675 1915 φησιν,
3709 1846 3762 1896 ὅτι

558 1944 707 1998 omni
729 1944 928 1998 malitia
945 1953 1221 1998 carentem
1244 1961 1257 2008 ;
1288 1941 1623 2011 corpusitem
1644 1950 1697 1994 et
1712 1938 1977 1993 rationem
1994 1954 2007 1990 :
2027 1950 2141 1991 cor-

561 2048 661 2103 pus
672 2035 885 2104 quidem
909 2034 1072 2088 veluti
1096 2048 1334 2104 capram,
1349 2033 1475 2101 quia
1497 2046 1592 2101 per
1620 2030 1755 2085 altas
1770 2044 1929 2099 rupes
1940 2037 1994 2083 et
2012 2041 2142 2098 prae-

554 2122 742 2194 cipitia
763 2124 996 2189 incedit;
1019 2125 1281 2178 rationem
1302 2138 1428 2179 vero
1442 2132 1499 2177 ut
1512 2122 1757 2187 arietem,
1774 2136 1843 2175 ne
1857 2118 2142 2175 exsultans

562 2218 779 2273 excidat
807 2232 837 2271 a
859 2218 1111 2273 veritate.
1141 2217 1231 2271 Sic
1250 2218 1391 2272 enim
1414 2214 1757 2285 inculpabilis
1792 2214 1926 2278 eris,
1949 2226 2141 2283 quem-

572 2309 863 2364 admodum
916 2309 1213 2374 Abraham,
1272 2310 1319 2363 si
1363 2308 1494 2362 mihi
1552 2306 1791 2361 animam
1836 2312 1891 2359 et
1945 2317 2141 2359 sensus

564 2411 912 2472 mentemque
943 2401 1306 2467 consecraris,
1341 2415 1461 2471 quae
1483 2400 1709 2469 ﬁgurate
1745 2400 1879 2453 dicit
1909 2396 2141 2451 vitulam

565 2505 622 2549 et
659 2509 900 2563 capram,
959 2504 1014 2549 et
1074 2494 1299 2548 arietem
1359 2494 1655 2558 triennem,
1697 2491 1848 2561 quasi
1883 2491 2143 2558 optimam

566 2586 857 2642 Trinitatis
902 2586 1272 2658 cognitionem
1328 2585 1574 2641 tollentia
1609 2584 1743 2655 (92).
1782 2583 1949 2639 Forte
1979 2581 2144 2636 etiam

563 2690 621 2734 et
650 2680 883 2749 primam
918 2689 976 2734 ct
1032 2680 1290 2745 mediam,
1336 2690 1390 2735 et
1449 2680 1695 2734 ultimam
1751 2679 1875 2732 vita:
1926 2685 2143 2731 aztatem

565 2772 719 2845 [Deo
778 2771 1239 2846 consecrandam]
1286 2773 1589 2839 insinuant,
1648 2781 1708 2827 ut
1751 2771 1844 2840 qui
1908 2769 2147 2823 maxime

566 2866 702 2921 velit
743 2881 843 2920 nos
895 2876 952 2920 et
1008 2880 1181 2920 annos
1232 2865 1499 2935 pueritiae,
1529 2872 1585 2918 et
1643 2863 1817 2919 virilis
1864 2863 2064 2927 aetatis,
2092 2870 2149 2916 et

567 2957 868 3013 senectutis
913 2957 1030 3027 pari
1084 2957 1285 3026 pietate
1327 2958 1602 3011 traductos
1647 2955 1752 3011 sibi
1789 2953 2007 3010 oﬂ‘erre.
2061 2954 2142 3009 Ad

572 3064 736 3120 quem
786 3050 1007 3104 modum
1033 3050 1200 3103 etiam
1246 3050 1299 3104 in
1341 3048 1653 3120 Evangeliis
1683 3050 1945 3104 Dominus
1990 3048 2149 3103 nobis

568 3144 842 3213 praecipit:
874 3141 1206 3211 Quapropter
1230 3151 1278 3196 et
1314 3157 1401 3196 vos
1444 3141 1641 3195 similes
1694 3143 1817 3196 estis
1851 3140 2150 3195 hominibus

569 3238 661 3307 qui
689 3247 995 3305 exspectant
1033 3235 1315 3290 Dominum
1356 3250 1511 3288 suum
1551 3235 1766 3304 quando
1803 3242 2151 3288 revertatura

571 3330 794 3397 nuptiis,
819 3338 879 3382 ut
916 3344 1032 3382 cum
1058 3328 1274 3389 venerit,
1302 3335 1352 3380 et
1379 3328 1684 3396 pulsaverit,
1712 3326 1985 3394 confestim
2026 3343 2155 3397 ape-

568 3421 719 3475 riant
749 3420 829 3475 ei:
865 3420 1002 3474 beati
1039 3422 1187 3486 estis,
1233 3420 1360 3489 quia
1402 3419 1561 3489 faciet
1599 3435 1686 3472 vos
1731 3416 2083 3480 discumbere,
2107 3426 2155 3470 et

574 3512 836 3564 transiens
853 3512 1173 3566 ministrabit
1199 3512 1359 3567 vobis.
1386 3507 1457 3565 Et
1482 3511 1528 3566 si
1556 3511 1610 3563 in
1631 3510 1882 3574 secunda,
1907 3518 1953 3562 et
1976 3510 2157 3576 tertia,

574 3600 713 3659 beati
736 3606 860 3660 estis
876 3614 926 3659 7.

570 3698 716 3754 ἐστε
738 3742 754 3766 ,
814 3700 905 3754 ὅτι
988 3698 1304 3756 ἀνακλινεῖ
1350 3701 1397 3739 θ’
1455 3697 1612 3770 ὑμᾶς
1680 3699 1779 3754 καὶ
1844 3702 2161 3770 παρελθὼν
2195 3702 2567 3769 διακονήσει.
2614 3702 2742 3762 Κάν
2831 3699 2907 3771 τῇ
2963 3697 3211 3768 δευτέρᾳ

572 3791 855 3863 μακάριοί
882 3792 1043 3848 ἐστε.

650 3885 1004 3941 Considerate
1063 3887 1209 3940 enim
1266 3887 1409 3955 quod
1459 3894 1570 3941 tres
1621 3884 1831 3955 vigilias
1881 3887 2153 3958 ponendo,

577 3979 973 4047 veSpertinam,
1000 3976 1253 4042 alteram,
1282 3988 1338 4031 et
1365 3978 1605 4045 tertiam,
1642 3989 1751 4034 tres
1771 3996 1993 4050 quoque
2025 3990 2160 4035 alta-

583 4068 654 4121 tis
685 4068 1018 4121 mutationes
1081 4068 1439 4137 signiﬁcarit:
1476 4070 1920 4135 adolescentiam,
1946 4071 2159 4126 virilem

582 4166 827 4223 aetatem,
859 4169 913 4212 et
953 4168 1313 4224 senectutem,
1346 4162 1489 4229 quod
1535 4162 1662 4217 velit
1690 4178 1807 4227 nos,
1839 4178 1961 4218 cum
1993 4178 2159 4219 vene-

584 4248 656 4302 rit
680 4246 980 4321 mundum{
1005 4250 1055 4302 in
1078 4247 1325 4322 judicio]
1356 4264 1755 4322 assumpturus,
1789 4263 2008 4322 paratos
2033 4269 2157 4309 esse

584 4354 650 4393 ac
674 4353 845 4409 puros
873 4341 1121 4409 quamvis
1166 4342 1344 4395 adhuc
1387 4341 1440 4394 in
1473 4344 1699 4410 pueritia
1731 4353 2053 4411 versantes;
2084 4346 2162 4397 si-

584 4431 788 4487 militer
841 4432 1137 4486 secundam
1233 4442 1283 4486 et
1348 4437 1565 4488 tertiam
1635 4434 1881 4503 vigiliam
1938 4435 2161 4492 indicat.

583 4519 906 4591 Vespertina
932 4523 1076 4577 enim
1104 4523 1285 4594 vigilia
1317 4532 1400 4579 est
1432 4524 1677 4579 ﬂorentis
1703 4526 1883 4581 aetatis
1913 4526 2163 4581 humanae

586 4621 784 4679 status,
833 4629 942 4685 quo
985 4614 1175 4683 incipit
1210 4615 1438 4671 rationis
1492 4614 1779 4685 imperium
1821 4617 2163 4687 passionibus

2245 1945 2586 2017 Προσένεγκέ
2617 1962 2709 2016 μοι
2731 1944 2907 2012 ἄζυγα
2924 1944 3020 1998 καὶ
3038 1941 3322 1996 άκάκωτόν
3342 1940 3389 1971 ⁷⁷
3421 1954 3515 1991 σου
3539 1936 3760 2007 cavdam

2240 2038 2525 2109 δαμάλεως
2572 2038 2752 2109 δίκην,
2791 2037 2883 2089 καὶ
2916 2036 3020 2108 τὴν
3065 2035 3246 2105 σάρκα
3279 2032 3379 2086 καὶ
3424 2031 3519 2084 τὸν
3547 2028 3760 2096 λογισμὸν,

2240 2132 2339 2202 τὴν
2369 2131 2467 2202 μὲν
2488 2131 2564 2193 ὠς
2594 2126 2730 2199 αίγα
2761 2130 2830 2192 ⁷⁸,
2862 2128 3051 2201 ἐπειδὴ
3074 2126 3143 2181 τὰ
3173 2126 3428 2198 μετέωροι
3453 2121 3548 2176 καὶ
3568 2117 3762 2191 κρημκό-

2242 2222 2305 2294 δη
2328 2221 2631 2293 περιπολεῖ,
2642 2221 2732 2275 τὸν
2756 2220 2814 2276 δὲ
2843 2220 2919 2285 ὡς
2946 2219 3121 2291 κριὸν,
3147 2218 3233 2271 ἵνα
3263 2214 3531 2287 μηδαμῶς
3561 2214 3761 2281 ἀποσκιρ-

2242 2318 2415 2387 τήσας
2457 2314 2776 2386 ὲξολισθήσῃ
2830 2314 2930 2379 τῆς
2963 2311 3241 2382 ἀληθείας.
3287 2308 3448 2363 Οὕτω
3499 2307 3602 2378 γὰρ
3632 2303 3762 2359 ἀνετί-

2243 2408 2447 2479 ληπτος
2478 2408 2577 2480 ἔσῃ
2608 2408 2683 2470 ὼς
2731 2406 2984 2478 ’Δϐραὰμ
3018 2407 3089 2471 ⁷⁸,
3110 2403 3179 2459 ἂν
3223 2402 3433 2473 ἀναθῇς
3460 2401 3580 2471 ἐμοὶ
3604 2398 3681 2452 καὶ
3701 2397 3763 2466 τὴν

2245 2500 2426 2571 ψυχὴν
2450 2500 2547 2553 καὶ
2570 2498 2670 2571 τὴν
2692 2498 2947 2569 αἴσθησιν
2972 2497 3069 2551 καὶ
3095 2496 3189 2550 τὸν
3216 2492 3342 2549 νοῦν
3368 2510 3384 2526 ’
3428 2491 3466 2545 ἃ
3493 2488 3764 2560 συμϐολιώ

2245 2592 2476 2662 δάμαλιν
2504 2590 2608 2663 ἔφη
2642 2590 2737 2645 καὶ
2790 2585 2924 2658 αἶγα
2969 2589 3065 2642 καὶ
3102 2587 3255 2660 κριὸν
3278 2584 3635 2657 τριετίζοντα,
3655 2578 3764 2633 οἱονεὶ

2247 2686 2347 2756 τὴν
2377 2684 2581 2754 γνῶσιν
2609 2683 3000 2754 άκακέμφατον
3024 2683 3125 2753 τῆς
3155 2678 3377 2752 τριάδος
3419 2671 3760 2745 ὲπανῃρημὲνι.

2247 2776 2402 2846 Τάχα
2429 2776 2486 2829 δὲ
2523 2775 2619 2829 καὶ⁵
2667 2775 2767 2845 τὴν
2813 2772 3039 2846 πρώτην
3094 2772 3189 2825 καὶ
3237 2770 3337 2839 τὴν
3391 2768 3563 2839 μέσην
3597 2764 3674 2817 καὶ
3704 2760 3761 2831 τὴν

2247 2868 2567 2922 τελευταίαν
2635 2865 2731 2920 τοῦ
2779 2867 2894 2937 βίου
2953 2866 3056 2935 τῆς
3106 2862 3321 2935 ἡλικίας
3343 2859 3508 2933 ἡμῶν
3534 2857 3762 2913 αἰνίσσεται

2247 2960 2459 3033 τρίϐον,
2498 2960 2827 3032 βουλόμενος
2864 2959 2943 3022 ὼς
2989 2959 3072 3012 ὅτι
3118 2958 3164 2989 ⁸⁸
3206 2956 3446 3027 μάλιστα
3478 2952 3568 3007 καὶ
3600 2950 3675 3003 τὸν
3700 2946 3765 2999 aint

2250 3032 2459 3109 stalva
2484 3055 2579 3109 καλ⁵
2605 3053 2698 3108 τὸν
2722 3052 2830 3106 τῶν
2858 3051 3071 3123 ἀνδρῶν
3117 3052 3213 3104 καὶ
3240 3047 3331 3102 τὸν
3361 3047 3475 3100 τῶν
3506 3040 3767 3115 γεραιτέρων

2252 3148 2443 3221 χρόνον
2467 3164 2529 3199 συ
2538 3147 2791 3218 μφρόνως
2814 3144 3115 3216 βιώσαντας
3147 3140 3301 3212 αὐτῷ
3322 3132 3765 3210 προσενέγκασθαι*

2261 3238 2382 3293 καθ’
2415 3238 2474 3291 ὃν
2522 3237 2727 3308 τρόπον
2765 3237 2859 3291 καὶ
2909 3236 2967 3289 ὲν
3002 3233 3353 3301 Εὑαγτελίοις
3392 3233 3422 3285 ὁ
3457 3229 3643 3301 Κύριος
3671 3239 3768 3293 volto-

2261 3330 2427 3384 θετεῖ·
2466 3330 2575 3385 Διὰ
2614 3328 2793 3384 τοῦτο
2835 3328 2880 3361 ⁸⁸
2910 3327 3010 3382 καὶ
3037 3327 3205 3398 ὑμεῖς
3233 3325 3430 3395 ὅμοιοι
3474 3323 3685 3394 γίνεσθε
3702 3318 3768 3369 ἁν-

2261 3421 2516 3491 θρώποις
2576 3419 3093 3490 προσδεχομένοις
3158 3418 3265 3471 τὸν
3319 3416 3535 3484 κύριον
3607 3407 3765 3466 αὐτῶν,

2263 3516 2408 3568 πότε
2438 3515 2731 3568 ἁναλύσει
2783 3514 2853 3566 ἐκ
2889 3508 3007 3566 τῶν
3061 3511 3285 3581 γάμων,
3319 3510 3429 3563 ἵνα
3454 3508 3668 3561 ἐλθόντι
3708 3500 3767 3553 καὶ

2265 3608 2592 3675 κρούσαντι
2693 3604 2855 3671 αὐτῷ
2922 3604 3142 3670 εὐθέως
3200 3604 3510 3667 ὰνοίξωσι.
3562 3593 3765 3662 Martiae

3292 3696 3399 3752 και
3458 3694 3534 3764 τῇ
3580 3693 3620 3726 ³⁸
3662 3687 3765 3757 τρίτη

2354 3880 2759 3951 Ἐπισκέψασθε
2778 3878 2888 3950 γὰρ
2917 3879 2999 3932 ὅτι
3016 3877 3165 3947 τρεῖς
3188 3872 3524 3944 ὑποθέμενος
3543 3870 3585 3903 ⁸⁸
3600 3863 3757 3937 φυλακὰς

2267 3978 2482 4041 νυκτὸς,
2522 3972 2839 4045 ἑσπερινὴν,
2896 3972 2992 4024 καὶ
3033 3969 3295 4039 δευτέραν
3343 3967 3443 4020 καὶ
3499 3963 3680 4034 τρίτην,
3714 3953 3763 4006 vi

2266 4074 2418 4143 τρεῖς
2445 4067 2602 4139 ἡμῶν
2659 4066 2759 4129 τὰς
2796 4065 2899 4135 τῆς
2927 4064 2973 4096 ⁸⁵
3004 4062 3221 4132 ἡλικίας
3258 4058 3482 4131 ᾐνίξατο
3528 4047 3764 4143 μεταϐολὰς,

2265 4140 2366 4236 τὴν
2409 4158 2747 4235 μειρακιώδη
2764 4160 2859 4213 καὶ
2886 4156 2986 4227 τὴν
3012 4153 3287 4227 πρόσηϐον
3319 4152 3417 4204 καὶ
3442 4150 3539 4219 τὴν
3559 4140 3765 4236 aptabat}-

2268 4227 2421 4328 acip“.
2459 4227 2780 4326 βουλόμενος
2836 4250 2925 4303 ἵνα
2982 4250 3078 4302 καὶ
3128 4247 3320 4306 παῖδας
3352 4243 3533 4305 ὄντας,
3582 4236 3660 4328 ἐὰν
3691 4227 3766 4328 mi

2268 4318 2728 4418 παραληψόμενος
2765 4341 2856 4395 τὸν
2888 4338 3114 4407 κόσμον,
3149 4336 3402 4403 ἑτοίμους
3438 4324 3695 4418 καταλάϐοι
3715 4318 3766 4370 tul

2268 4414 2571 4505 καθαροὺς,
2605 4432 2701 4485 καὶ
2742 4430 2839 4501 τὴν
2866 4429 3127 4499 δευτέραν
3158 4425 3362 4496 ὁμοίως
3394 4424 3486 4477 καὶ
3511 4420 3600 4489 τὴν
3628 4414 3765 4504 τρέον

2280 4524 2576 4597 Ἑσπερινὴ
2598 4523 2706 4594 γὰρ
2740 4522 2953 4592 φυλακὴ
2982 4523 3009 4574 ὁ
3038 4518 3228 4588 καιρός
3263 4518 3381 4568 ἐστι
3410 4516 3509 4585 τῆς
3537 4507 3691 4577 ἀκμῆς
3713 4515 3766 4551 τεν

2269 4617 2585 4687 ἀνθρώπου,
2614 4615 2737 4670 καθ’
2763 4615 2829 4686 ἢν
2852 4614 3081 4684 ἄρχεται
3110 4607 3483 4682 ταράσσεσθαι
3506 4604 3767 4687 «remem-

588 4706 851 4774 agitatum
922 4706 1166 4774 turbari;
1218 4707 1386 4761 altera
1442 4722 1595 4775 vero,
1642 4686 1857 4777 quando
1913 4708 2149 4775 deincept

2275 4686 2645 4763 κὺννὲπιθολού
2655 4724 2815 4774 μενον
2838 4707 2950 4767 τοῖς
2974 4702 3171 4756 πάθεσι
3194 4718 3209 4731 ·
3242 4699 3474 4769 δευτέρα
3504 4696 3578 4759 δὲ,
3606 4686 3767 4756 ὁπηνῦα

590 4796 646 4851 in
682 4798 981 4865 perfectum
1014 4800 1187 4853 virum
1212 4802 1449 4855 evadens
1484 4801 1673 4871 incipit
1712 4816 1867 4856 mens
1892 4802 2149 4871 perpetui:

2273 4800 2459 4855 λοιπὸν
2490 4800 2570 4863 είς
2598 4797 2766 4868 ἄνδρα
2788 4797 2991 4850 τέλειον
3031 4793 3227 4855 ἐλάσας
3270 4790 3498 4860 ἄρχεται
3528 4777 3765 4871 βεϐαιότηυ

593 4889 932 4957 negotiorum
1008 4890 1327 4946 tumultibus
1400 4894 1680 4961 occupari.
1750 4891 1937 4947 Tertia
2014 4908 2165 4959 vero,

592 4980 808 5050 quando
838 4979 1064 5035 inﬁnita:
1098 4981 1455 5050 cupiditatum
1486 4984 1755 5055 imagines
1793 4999 2024 5053 corpore
2052 4984 2164 5053 jam

593 5076 967 5124 marcescente
984 5077 1038 5122 et
1060 5068 1113 5122 in
1138 5070 1347 5123 senium
1373 5082 1633 5139 vergente
1663 5072 1865 5126 sensim
1893 5072 2166 5126 dellciunt.

2274 4891 2383 4946 τῶν
2432 4889 2678 4960 θορύϐων
2700 4863 2736 4941 *ὁ
2762 4886 2885 4949 νοῦς
2921 4882 3396 4957 προσλαμϐάνειν·
3436 4876 3587 4947 τρίτη
3627 4868 3690 4927 δὲ,
3719 4863 3763 4912 ἅτε

2273 4985 2331 5038 αἱ
2388 4984 2639 5037 πλεῖσται
2688 4977 2980 5049 φαντασίαι
3029 4975 3136 5029 τῶν
3202 4969 3505 5041 ἐπιθυμιῶν
3550 4961 3764 5055 φθίνονπενι

2276 5071 2802 5143 ἀπομαραινομένης
2867 5068 2971 5140 ήδη
3024 5066 3124 5136 τῆς
3168 5062 3370 5133 σαρκδς
3420 5059 3511 5114 καὶ
3550 5056 3621 5116 είς
3655 5053 3768 5143 τὴξὲ

593 5160 938 5231 Quapropter
995 5172 1198 5216 acterna
1240 5162 1360 5217 lidei
1415 5130 1610 5235 369!)
1670 5164 1878 5233 lampas
1932 5165 1985 5218 in
2011 5167 2149 5218 cordi

2280 5130 2719 5237 προκοπτούσης.
2757 5130 2851 5215 th
2876 5130 3154 5232 προσῆκεν
3182 5130 3444 5213 ἄσϐεστον
3475 5152 3530 5203 ὲν
3555 5147 3616 5215 τῇ
3639 5130 3771 5207 καρδίξ

669 5282 748 5314 ἰον
774 5275 973 5331 Jerem.
1000 5290 1060 5343 ιι,
1089 5274 1179 5329 52.
1256 5284 1283 5312 ι
1314 5274 1448 5331 Gen.
1484 5293 1570 5345 xv,
1728 5286 1757 5325 γ
1792 5276 1924 5332 Luc.
1953 5292 2050 5343 xu,
2076 5276 2238 5332 5-27.

1907 5417 2072 5474 VARI
2080 5418 2147 5474 ΑΞ
2175 5416 2559 5473 LECTIONES

677 5514 721 5545 τι
1096 5510 1443 5597 ροςι
1475 5511 1575 5595 ρει.
1686 5468 2759 5597 διο-..τίνἰἒέῖιὲἷξῖεῖλ
2842 5504 3079 5597 κλάσε]
3486 5487 3544 5597 .::
3587 5468 3767 5597 at:

601 5601 771 5655 τριετ.
798 5581 922 5655 add.
954 5582 1062 5638 AB.
1100 5582 1162 5655 Ῐδ
1191 5584 1310 5637 libri
1333 5581 1737 5655 ’ἀκοικώτσιτόν.Δ
1764 5652 1773 5655 _
1811 5583 1857 5614 "
1883 5581 1958 5645 ὼς
1983 5581 2289 5655 δ’Ᾱϐρααμ
2318 5600 2378 5655 ς.

2481 5544 2530 5615 2°
2560 5544 2808 5653 ἔξῖὲᾦα
2829 5544 3079 5653 at???“
3442 5558 3565 5614 Luc.
3615 5565 3689 5611 stt,
3712 5544 3765 5598 55-

604 5639 652 5685 ’ί
669 5653 931 5726 ἀνακλίνῃ
959 5671 1020 5718 ς.
1094 5653 1140 5685 ⁸⁸
1164 5656 1235 5725 τῇ
1261 5668 1373 5709 om.
1394 5652 1461 5708 Α.
1548 5652 1593 5683 ⁸⁸
1620 5639 1954 5716 ἐπιθέμενος
1972 5670 2032 5717 ς’.
2108 5639 2155 5682 ⁸⁵
2184 5639 2282 5714 τάξ
2306 5639 2428 5726 τῆς]
2446 5653 2545 5717 τὰς
2573 5650 2614 5705 Β
2637 5639 2695 5703 ἐι
2727 5639 2812 5714 pr.
2853 5642 2919 5696 A.
2949 5639 3047 5710 τῆς
3081 5654 3143 5701 €-

2069 5745 2300 5804 NOTAE.

682 5836 793 5908 (9‘2)
833 5839 948 5895 Prae
973 5855 1031 5895 se
1065 5838 1314 5908 ferentia,
1347 5840 1730 5911 signiﬁcantia.
