3954 6448
251 339 391 402 1165

1280 353 1802 418 BIBLIOTHECA.
1832 384 1903 394 -
1934 360 2099 423 COD.
2133 364 2519 431 CCXXXVII.

3389 378 3519 446 1165

243 449 349 517 τῆς
388 445 627 511 πίστεως
665 448 969 523 ἐξάψαντας
1004 456 1111 510 ,τὸν
1141 457 1354 531 λύχνον,
1386 463 1483 514 καὶ
1516 462 1614 532 τὴν
1664 465 1834 533 ὀσφὺν

1944 468 2171 561 fovenda
2193 484 2298 539 est,
2319 476 2605 561 tumhique
2632 484 2986 551 temperantia
3014 485 3354 557 accingendi.
3380 494 3517 561 vigi-

244 535 708 608 ἁναζωσαμένους
757 547 824 614 τῇ
882 548 1240 624 σωφροσύνῃ,
1310 553 1673 623 ἐγρηγορέναι
1747 556 1841 609 καὶ

245 629 563 700 ’προσδοκᾷν
591 631 680 684 ἀεὶ
709 633 801 687 τὸν
836 636 1064 707 Κύριον.

322 717 446 771 Ὅτι
476 723 686 792 σίκερα.
732 727 891 793 φησὶ,
924 730 1035 781 πᾶν
1056 729 1117 781 τὸ
1148 729 1321 803 μέθην
1361 732 1526 802 φέρον
1568 734 1709 803 μετά
1745 735 1840 788 τὸν

242 805 390 862 οἶνον
417 809 508 863 τὸν
542 812 600 875 ἐξ
633 814 915 883 ἀμπέλων.

322 900 446 954 Ὀτι
472 902 563 956 δύο
584 905 697 976 εἴδη
722 908 981 976 ἀμπέλων
1003 914 1155 984 παρὰ
1180 916 1247 986 τῇ
1276 914 1489 988 Γραφῇ,
1520 916 1641 972 λίαν
1662 918 1839 987 ἀγαθὴ

243 993 346 1045 καί
374 993 495 1048 λίαν
539 1000 707 1069 κακή.
764 1002 874 1054 Καὶ
927 1004 1036 1072 γάρ
1084 1023 1250 1076 φησιν
1290 1009 1318 1059 ὀ
1367 1009 1594 1080 Κύριος,
1629 1010 1841 1081 Ἐγώισ

242 1088 369 1155 ειμι
406 1088 446 1156 ή
486 1088 759 1160 ἄμπελος
805 1096 844 1163 ἡ
888 1098 1171 1167 ἀληθινὴ,
1206 1100 1376 1170 ὑμεῖς
1421 1104 1494 1157 τὰ
1543 1104 1837 1175 κλήματα.

258 1176 328 1229 Ἦ
363 1177 421 1231 δὲ
463 1182 609 1253 κακὴ
674 1186 769 1237 καὶ
818 1186 989 1256 ἀγρία
1050 1190 1199 1244 ἐστὶν
1253 1194 1282 1245 ὁ
1322 1193 1589 1260 διάϐολος,
1637 1196 1841 1251 λύσσαν

249 1268 602 1340 ἁποστάζων,
636 1273 711 1337 ὠς
742 1277 839 1329 καὶ
871 1278 1114 1351 Μωῦσῆς
1152 1281 1472 1353 διαγράφων
1516 1288 1646 1355 περὶ
1670 1287 1838 1341 αὐτοῦ

254 1375 421 1428 φησιν
447 1376 463 1392 ·
509 1363 604 1416 Ἐκ
658 1364 768 1433 γὰρ
795 1367 841 1398 ⁸⁷
875 1368 1148 1439 ἀμπέλου
1172 1373 1454 1443 Σοδόμων
1483 1378 1523 1445 ἠ
1574 1377 1841 1447 ἄμπελος

247 1449 383 1524 [506
437 1453 532 1527 Η.]
572 1456 791 1524 αὐτῶν,
831 1462 927 1515 καί
978 1463 1016 1531 ἠ
1059 1466 1355 1534 κληματίς
1385 1468 1584 1522 αὐτῶν
1614 1469 1684 1523 ἐκ
1728 1473 1841 1523 Γο-

242 1542 497 1613 μόῤῥας,
531 1550 625 1601 καὶ
656 1550 807 1621 ἑξῆς.
1326 1602 1335 1631 ι

321 1638 449 1695 "Ott
478 1641 506 1692 ὁ
527 1639 727 1710 χρυσὸς
762 1641 839 1694 ίὸν
867 1642 930 1696 οὐ
958 1645 1352 1717 παραδέχεται.

320 1734 446 1788 Ὀτι
484 1734 639 1805 φησὶ,
695 1734 770 1787 Τὸ
802 1735 913 1807 γὰρ
960 1738 1252 1808 λεγόμενον
1308 1741 1702 1811 ὠμοιῶσθαι⁸⁸
1724 1747 1838 1816 τὴν

1938 552 2185 633 landum,
2217 566 2273 614 et
2317 557 2582 617 Dominus
2621 574 2809 621 noster
2838 582 3055 640 semper
3092 552 3516 642 exspectandus.

2014 734 2226 800 Sicera,
2267 738 2476 808 inquit,
2508 750 2592 795 est
2636 743 2917 814 quidquid,
2950 760 3105 804 extra
3130 751 3322 809 ,vinum
3352 766 3385 807 e
3416 757 3523 809 vite

1940 836 2279 891 expressum,
2314 826 2565 883 inebriat.

1942 958 1950 967 .
2015 909 2132 966 Duo
2164 912 2288 967 vitis
2327 930 2525 983 genera
2578 918 2658 973 ait
2696 919 2752 975 in
2788 920 3067 991 Scriptura
3092 928 3218 995 poni
3248 944 3263 980 :
3289 929 3520 986 altermn

1940 1002 2225 1070 optimum,
2255 1003 2485 1061 alterum
2532 1011 2850 1079 pessimum.
2897 1015 3144 1072 Etenim:
3174 1019 3307 1088 Ego,
3342 1019 3523 1090 inquit

1942 1093 2225 1160 Dominus,
2247 1113 2363 1150 sum
2387 1098 2506 1153 vitis
2537 1117 2682 1165 vera,
2711 1119 2799 1158 vos
2827 1107 3071 1174 palmites
3091 1118 3136 1163 ι.
3168 1108 3307 1164 Mal’a
3339 1123 3521 1165 autem

1940 1195 1996 1240 et
2034 1188 2267 1259 agrestis
2296 1200 2381 1246 est
2414 1190 2662 1251 diabolus
2725 1197 2964 1253 furorem
3013 1201 3305 1268 distillaus,
3327 1220 3522 1273 quem-

1941 1279 2231 1335 admodum
2284 1281 2464 1339 Moses
2507 1284 2577 1341 de
2618 1300 2684 1343 eo
2739 1290 2985 1346 scribens
3035 1293 3112 1347 ait
3164 1311 3178 1347 :
3244 1294 3321 1347 De
3374 1296 3524 1350 vinea

1941 1368 2294 1427 Sodomorum
2330 1376 2480 1429 vinea
2504 1393 2705 1444 eorum,
2727 1390 2779 1435 et
2806 1382 2925 1436 ritis
2953 1399 3133 1438 eorum
3163 1400 3262 1439 uva
3302 1387 3440 1453 fellis
3468 1396 3519 1452 ⁸;

1938 1474 1993 1519 et
2017 1479 2139 1533 qua:
2166 1478 2495 1537 sequuntur:

2012 1644 2218 1698 Aurum
2250 1649 2475 1718 azrugini
2512 1666 2619 1705 non
2650 1667 2770 1709 esse
2796 1655 3089 1711 obnoxium
3128 1659 3307 1715 docet.

2008 1734 2133 1789 Illa:
2158 1734 2525 1794 Assimilatum
2548 1758 2661 1798 esse
2686 1760 2896 1814 regnum
2921 1748 3173 1802 cwlorum
3194 1753 3369 1805 decem
3415 1752 3525 1805 vir-

232 1824 570 1889 ,ϐασιλείαν
594 1822 712 1877 τῶν
732 1825 1006 1894 οὐρανῶν
1018 1828 1165 1883 δέκα
1184 1834 1522 1902 παρθένοις,
1557 1837 1834 1907 σημαίνειν

1945 1829 2153 1898 ginibus
2176 1830 2237 1896 ι»,
2284 1832 2398 1888 vult
2448 1836 2775 1905 signiﬁcare,
2805 1856 2997 1896 omnes
3026 1842 3168 1897 idem
3199 1845 3318 1899 vitae
3351 1860 3523 1913 genus

239 1916 499 1987 βούλεται
526 1916 625 1988 τὴν
675 1918 847 1989 αὐτὴν
879 1920 1000 1974 ὁδὸν
1033 1920 1129 1974 τοῦ
1184 1924 1615 1997 ἐπιτηδεύματος
1661 1931 1840 1996 πάσας

235 2009 695 2081 ὲπανῃρημένας,
732 2011 822 2065 διὰ
854 2012 953 2083 τὴν
985 2013 1226 2085 ἔμφασιν
1263 2019 1359 2071 τοῦ
1390 2020 1523 2075 ἰῶτα
1553 2024 1835 2093 στοιχείου.

238 2100 377 2172 [956
402 2101 494 2175 8.]
540 2102 884 2157 Ἐστείλαντο
916 2106 1017 2175 μὲν
1055 2108 1165 2179 γὰρ
1211 2112 1607 2183 παραπλησίως
1639 2116 1841 2181 ἑαυτὰς

235 2197 326 2258 εἰς
349 2194 510 2247 τοῦτο
526 2194 1040 2267 καθομολογήσασαι
1058 2199 1125 2263 θ’,
1149 2201 1245 2253 καὶ
1264 2202 1439 2277 ταύτῃ
1456 2205 1839 2276 κικλήσκονται

234 2285 400 2348 δέκα,
444 2285 631 2339 οὐκέτι
656 2288 702 2319 ⁹⁰
727 2288 785 2341 δὲ
822 2288 1022 2358 ὁμοίως
1059 2290 1283 2359 ἐξῆλθον
1315 2295 1724 2367 ὑπαντήσουσαι
1761 2300 1841 2372 τῷ

229 2377 485 2449 -Νυμφίῳ
530 2395 544 2410 -
572 2381 630 2432 αἱ
666 2379 766 2450 μὲν
822 2381 931 2452 γὰρ
984 2382 1193 2455 τροφὴν
1241 2385 1472 2454 ἄφθονον
1514 2390 1839 2461 ἐπορίσαντο

232 2476 367 2539 ταῖς
391 2474 802 2547 ὲλαιοθρέπτοις
820 2477 1121 2548 λαμπάσιν,
1154 2482 1210 2535 αἱ
1236 2482 1293 2536 δὲ
1319 2486 1837 2559 κατερρᾳθύμησαν.

232 2567 340 2620 Διὸ
384 2567 450 2636 δὴ
490 2569 590 2622 καὶ
646 2570 926 2642 ίσάριθμοι
971 2573 1109 2642 πρὸς
1168 2572 1209 2627 ε’
1242 2576 1597 2647 διαιροῦνται,
1650 2582 1835 2655 ἐπειδὴ

232 2681 355 2736 περ
380 2665 477 2729 τὰς
506 2672 547 2718 ε’
580 2667 870 2739 αἰσθήσεις
898 2670 955 2723 ai.
1002 2671 1101 2741 μὲν
1138 2672 1321 2726 αὐτῶν
1370 2674 1707 2744 ἐφυλάξαντο
1734 2694 1837 2729 κα-

235 2753 447 2823 θαρὰς,
475 2753 539 2818 ἃς
573 2758 621 2810 οί
656 2758 902 2813 πλεῖστοι
932 2762 1126 2830 σοφίας
1153 2764 1329 2828 πύλας
1361 2767 1833 2839 προσηγόρευσαν,

229 2846 300 2899 al
331 2846 390 2900 δὲ
422 2848 733 2904 τούναντίον
763 2854 1217 2925 ητελωὸἡσαντο
1274 2858 1464 2929 κακίᾳ.
1508 2858 1838 2929 Ἐγκρατευ-

230 2939 486 3010 σάμεναι
532 2941 644 3014 γὰρ
695 2944 796 2997 καί⁵
844 2944 1182 3015 ἁγνεύσασαι
1231 2947 1583 3023 δικαιοσύνης
1633 2954 1837 3023 μᾶλλον

229 3032 552 3105 εὐφόρεσαν
580 3037 625 3069 ⁹¹
655 3037 1107 3109 παραπτώμασιν
1131 3055 1145 3070 ·
1170 3039 1229 3105 ἐξ
1247 3037 1308 3095 οὗ
1337 3043 1434 3096 καὶ
1461 3044 1655 3117 συνέϐη
1674 3047 1835 3112 αὐτὸς

229 3125 712 3196 ἁπαγορευθῆναι.
760 3129 884 3181 Εἴτε
923 3130 1033 3199 γὰρ
1078 3132 1454 3204 κατορθοῦμεν
1496 3134 1608 3188 εἴτε
1656 3137 1835 3209 πλημ-
1860 3171 1905 3230 c

236 3215 543 3287 μελούμεν,
599 3218 689 3272 διὰ
735 3220 939 3275 τούτων
971 3222 1212 3295 ἑκάτερα
1251 3226 1346 3278 καὶ
1386 3226 1456 3281 τά
1493 3228 1833 3300 ἀνδραγαθή-

236 3327 391 3381 ματα
406 3312 732 3383 κρατύνεται
752 3315 850 3369 καὶ
875 3317 944 3369 τὰ
966 3319 1113 3372 κακὰ
1141 3320 1466 3391 πράγματα.
1496 3323 1609 3376 Καὶ
1640 3323 1834 3396 ὥσπερ

230 3404 289 3485 ἡν
321 3403 585 3459 θάλλουσα
630 3406 726 3460 καὶ⁵
777 3408 1076 3479 ὀφθαλμῶν
1129 3412 1356 3479 ἁγνείαν
1408 3414 1511 3485 ἔφη
1541 3415 1637 3469 καὶ
1682 3415 1835 3470 ῶτων

228 3484 385 3547 εἶναι
421 3495 513 3547 καὶ
550 3495 806 3569 γλώσσης
840 3499 1073 3553 καὶτῶν
1113 3498 1317 3554 λοιπῶν
1365 3484 1603 3572 καθεξῆς
1637 3504 1831 3574 αίσθηο

225 3588 471 3658 τηρίων,
504 3588 649 3643 οὕτω
683 3590 749 3661 δὴ
791 3592 888 3645 καὶ¹
927 3590 999 3645 τὰ
1030 3593 1268 3647 ἐνταῦθα
1301 3593 1401 3664 τὴν
1426 3594 1611 3648 πίστιν
1638 3596 1834 3651 ἄσυλον

223 3681 267 3750 ἡ
305 3680 655 3754 φυλαξαμένη
672 3683 780 3736 τῶν
805 3686 966 3737 πέντε
988 3684 1175 3739 διόδων
1197 3686 1296 3757 τῆς
1312 3688 1536 3758 ἀρετῆς,
1557 3689 1827 3759 ὁράσεως,

222 3770 503 3840 γεύσεως,
533 3774 854 3846 ὀσφρήσεως
876 3777 945 3840 ⁸³,
990 3776 1135 3846 ἁφῆς
1163 3795 1222 3830 τε
1280 3778 1373 3832 καὶ
1425 3779 1614 3849 ἀκοῆς,
1668 3780 1832 3832 πέντε

229 3866 750 3937 προσαγορεύονται
783 3868 828 3899 ’³
859 3868 1144 3939 παρθένοι,
1174 3869 1264 3923 διὰ
1302 3870 1364 3922 τὸ
1405 3870 1504 3932 τὰς
1537 3870 1698 3923 πέντε
1734 3871 1834 3940 τῆς

234 3958 552 4028 αἰσθήσεως
602 3959 774 4027 ἁγνὰς
828 3961 1285 4030 ἀποκαταστῆσαι
1324 3960 1404 4032 τῷ
1451 3960 1672 4033 Χριστῷ
1706 3979 1833 4031 φαν-

228 4050 460 4116 τασίας,
498 4050 592 4119 ἀφ’
622 4051 861 4123 ἑκάστης
915 4052 1089 4122 αὐτῆς
1129 4048 1217 4107 οἶα
1258 4054 1520 4124 λαμπάδα
1556 4054 1655 4124 τὴν
1684 4055 1828 4108 ὁσιό-

221 4158 379 4205 τητα
432 4141 755 4209 λάμπουσαν
798 4143 847 4176 ’⁵
905 4145 1158 4215 τρανῶςσ
1218 4147 1253 4217 ἠ
1312 4146 1423 4216 γάρ
1479 4147 1831 4217 πεντάφωτος

220 4232 399 4305 ἡμῶν
460 4234 679 4305 ἀληθῶς
733 4236 957 4307 λαμπὰς
993 4240 1027 4308 ἡ
1088 4237 1225 4309 σάρξ
1285 4239 1454 4302 ἐστιν,
1491 4238 1559 4309 ἢν
1604 4239 1638 4307 ἡ
1683 4239 1828 4309 ψυχὴ

222 4327 585 4397 βαστάζουσα
639 4328 794 4401 δᾳδὸς
846 4331 1003 4400 δίκην
1069 4331 1147 4400 τῷ
1204 4331 1441 4401 Νυμφίῳ
1497 4332 1830 4401 παρίσταται

223 4416 487 4488 Χριστῷ,
520 4420 589 4489 τῇ
631 4420 817 4493 ἡμέρᾳ
857 4421 959 4490 τῆς
1000 4423 1353 4483 ἀναστάσεως
1380 4422 1824 4493 παραφαίνουσα,

1943 1938 2039 1976 seu
2086 1925 2327 1978 studium
2388 1927 2709 1996 arripuisse,
2778 1941 2999 1999 propter
3068 1933 3520 2003 significationem

1939 2024 1995 2069 et
2026 2017 2132 2071 vim
2164 2017 2513 2075 elementaris
2566 2020 2761 2076 litterae
2812 2021 2933 2077 Iota
2978 2024 3092 2093 (95)
3125 2024 3146 2096 [
3174 2040 3296 2095 quae
3332 2029 3519 2082 decem

1942 2107 2135 2182 valet.]
2158 2108 2435 2167 Ornaruut
2472 2112 2618 2167 enim
2652 2114 2861 2182 seipsas
2890 2114 3053 2170 simili
3089 2118 3269 2183 cultu,
3288 2126 3345 2172 ut
3378 2118 3520 2173 idem

1943 2200 2068 2255 vitae
2120 2217 2292 2271 genus
2340 2217 2531 2259 omnes
2575 2204 2988 2273 profiterentur,
3046 2208 3142 2264 sed
3184 2224 3290 2263 non
3327 2210 3521 2265 eodem

1937 2306 2129 2349 omnes
2157 2294 2319 2350 modo
2362 2295 2617 2351 exierunt
2666 2306 2722 2351 ut
2752 2309 3103 2355 occurrerent
3147 2315 3368 2370 sponso.
3425 2304 3523 2358 Hae

1938 2387 2083 2440 enim
2115 2387 2367 2443 alimenta
2393 2390 2617 2460 copiosa
2652 2392 2999 2459 praebuerunt
3019 2392 3361 2463 lampadibus
3397 2395 3522 2451 oleo

1940 2477 2219 2535 fovendis:
2253 2482 2358 2535 illae
2383 2497 2514 2537 vero
2549 2494 2838 2538 cessarunt
2863 2499 2960 2554 per
2983 2485 3275 2554 ignaviam.
3305 2486 3441 2543 Hinc
3462 2487 3517 2542 iu

1937 2571 2179 2642 quinque
2228 2576 2345 2644 pari
2394 2591 2623 2630 numero
2662 2577 2853 2631 divisa:
2895 2588 3043 2633 sunt.
3093 2578 3231 2644 Quia
3278 2580 3521 2649 quinque

1936 2680 2130 2721 sensus
2156 2678 2281 2723 sunt
2310 2710 2327 2733 ,
2354 2684 2491 2737 quos
2521 2668 2628 2724 illae
2671 2670 2891 2741 quidem
2922 2686 3088 2741 puros
3116 2672 3517 2735 custodierunt.

1936 2773 2077 2827 quos
2100 2762 2319 2831 plurlmi
2369 2771 2637 2818 vocarunt
2666 2773 2855 2833 portas
2897 2765 3217 2834 sapientia;
3260 2768 3346 2822 hze
3386 2780 3520 2819 vero

1936 2868 2033 2923 per
2066 2854 2327 2909 malitiam
2360 2854 2755 2910 deformarunt.
2811 2853 2946 2911 Nam
2977 2856 3107 2911 dum
3148 2857 3334 2913 colunt
3382 2868 3521 2913 tem-

1935 2946 2240 3014 perantiam
2271 2953 2327 3000 et
2361 2945 2793 3010 sanctiﬁcantur,
2822 2947 2996 3014 magis
3029 2946 3142 3018 (94)
3174 2947 3521 3003 ahundarunt

1937 3035 2087 3090 vitiis
2129 3050 2293 3105 quam
2342 3035 2560 3105 justitia
2619 3051 2714 3092 seu
2773 3039 3092 3106 virtutibus,
3144 3041 3288 3097 unde
3350 3043 3516 3097 etiam

1936 3128 2120 3183 evenit
2160 3137 2219 3182 ut
2257 3129 2682 3195 damnarentur;
2740 3132 2856 3187 sive
2902 3132 3048 3187 enim
3096 3143 3246 3189 recte
3292 3148 3518 3204 agamus

1939 3222 2055 3276 sive
2079 3236 2382 3291 peccemus,
2433 3237 2529 3292 per
2560 3223 2661 3277 hos
2693 3220 2942 3295 [sensus]
3004 3233 3238 3294 utraque
3284 3236 3338 3281 et
3371 3243 3514 3296 prae-

1937 3313 2087 3370 clare
2116 3314 2259 3369 facta
2286 3324 2343 3369 et
2374 3314 2619 3385 improbe
2647 3315 2820 3369 ﬁunt:
2853 3326 2911 3370 et
2936 3316 3109 3371 virtus
3140 3332 3426 3388 generosa,
3462 3330 3518 3375 et

1936 3407 2077 3461 male
2126 3406 2269 3462 facta
2317 3407 2563 3461 vincunt.
2598 3405 2666 3461 Et
2710 3409 3168 3476 quemadmodum
3220 3411 3373 3481 virgo
3414 3413 3515 3480 ait,

1934 3496 2326 3551 continentiam
2348 3511 2470 3552 esse
2499 3495 2804 3559 oculorum,
2837 3507 2894 3551 et
2925 3498 3165 3563 aurium,
3197 3507 3251 3553 et
3293 3498 3515 3567 lingua.

1932 3596 1989 3642 et
2019 3586 2358 3656 reliquorum
2383 3587 2637 3655 deinceps
2666 3601 2947 3653 sensuum,
2989 3588 3063 3642 ita
3098 3590 3327 3656 quazhic
3350 3590 3513 3646 ﬁdem

1934 3676 2357 3745 impraadabilem
2382 3676 2625 3745 quinque
2659 3677 2869 3731 viarum
2905 3678 3143 3741 virtutis,
3174 3682 3323 3736 visus
3381 3682 3517 3755 [iu-

1932 3761 2130 3835 quam]
2153 3764 2409 3827 olfactus,
2430 3773 2680 3833 gustatus
2701 3775 2756 3819 et
2777 3766 2997 3821 auditus
3042 3769 3380 3835 custodiunt,
3404 3772 3513 3829 illa:

1930 3857 2173 3925 quinque
2221 3856 2462 3927 virgines
2505 3856 2886 3927 appellantur,
2950 3874 3017 3914 eo
3074 3860 3219 3929 quod
3270 3864 3515 3934 quinque

1931 3962 2189 4001 sensuum
2212 3947 2432 4018 specula
2457 3949 2575 4004 sive
2618 3950 2885 4019 imagines
2912 3950 3136 4007 Christo
3179 3969 3364 4022 puras,
3420 3959 3513 4025 (ab

1931 4055 2257 4110 unaquaque
2294 4038 2592 4112 [sensuum
2625 4041 2900 4115 imagine]
2942 4047 3290 4102 sanctitatem
3346 4049 3513 4104 veluti

1930 4128 2236 4201 lampadem
2292 4132 2442 4188 clare
2483 4132 2802 4205 fulgentem)
2846 4137 3064 4191 sistant.
3102 4136 3238 4193 Nam
3274 4142 3515 4209 quinque

1929 4229 2143 4299 lychnis
2193 4230 2403 4298 lampas
2457 4246 2590 4285 vere
2646 4243 2893 4287 nostrum
2951 4248 3153 4303 corpus
3209 4246 3335 4297 est,
3368 4238 3514 4304 quod

1930 4324 2113 4377 anima
2161 4323 2334 4379 instar
2370 4322 2509 4379 facis
2556 4323 2894 4389 circumfert,
2926 4324 3254 4395 Christoque
3296 4325 3513 4396 Sponso

1933 4425 2322 4485 repraesentat,
2377 4416 2447 4471 ad
2509 4417 2652 4473 diem
2724 4418 3148 4473 resurrectionis
3201 4434 3501 4489 apparens,

220 4508 326 4563 διὰ
371 4509 564 4564 πασῶν
596 4511 706 4563 τῶν
752 4512 1058 4585 αἰσθήσεων
1103 4514 1583 4586 διεκθρώσκουσαν
1606 4514 1656 4546 ’⁸
1686 4517 1824 4583 λαμ-

1939 4523 2138 4579 perque
2187 4524 2381 4565 omnes
2450 4523 2647 4565 sensus
2719 4509 3060 4566 clarissimos
3130 4510 3256 4565 fidei
3327 4512 3510 4565 radios

226 4599 384 4669 πρὰν
404 4601 507 4672 τὴν
533 4604 737 4667 πίστιν,
772 4606 957 4669 καθὼς
972 4608 1134 4671 αὐτὸς
1157 4607 1394 4671 ἐδίδαξεν
1411 4606 1604 4673 εἰπὼν,
1627 4607 1755 4675 Πῦρ
1767 4607 1815 4639 ³⁸

199 4744 211 4750 -
228 4690 428 4761 ἦλθον
449 4697 674 4761 ,βαλεῖν
703 4698 803 4751 ἐπὶ
832 4700 949 4768 τὴν
975 4699 1112 4769 γῆν,
1140 4700 1237 4754 καὶ
1288 4699 1516 4769 ἤθελον
1539 4702 1593 4753 εὶ
1627 4699 1745 4769 ἤδη
1772 4699 1819 4732 θ’

1927 4600 2254 4662 ditl‘undens,
2281 4602 2733 4669 quemadmodum
2758 4601 2875 4671 ipse
2899 4602 3149 4657 Christus
3169 4603 3352 4657 docuit
3380 4618 3507 4657 cum

1927 4697 2062 4748 dixit
2096 4712 2111 4749 :
2147 4692 2347 4764 310a
2373 4691 2552 4764 Ignem
2584 4694 2700 4749 veni
2729 4696 2935 4749 mittere
2964 4695 3019 4749 in
3045 4705 3262 4759 terram,
3304 4695 3508 4761 etquid

230 4782 502 4856 ἀνήφθη,
560 4789 665 4858 γῆν
718 4789 876 4860 ἡμῶν
918 4792 987 4844 τὰ
1024 4789 1362 4862 σκηνώματα
1403 4792 1639 4863 φράσας,
1670 4792 1753 4856 είς
1781 4790 1819 4846 ἃ

1939 4784 2038 4838 toto
2057 4783 2157 4837 nisi
2185 4794 2237 4836 ut
2249 4783 2371 4852 jam
2387 4785 2575 4838 ardeat
2600 4782 2979 4858 [Accendatur]
2996 4796 3046 4841 ο.
3072 4784 3295 4841 Terram
3324 4796 3509 4842 nostra

308 4931 332 4959 ι
359 4920 521 4980 Joan.
548 4941 639 4990 χν,
668 4925 723 4981 5.

802 4937 828 4965 ι
857 4925 1016 4980 Deut.
1072 4943 1252 4990 χχχιι,
1278 4928 1369 4983 5'2.
1451 4927 1475 4967 ιτ
1504 4926 1697 4982 Matth.
1735 4941 1803 4980 χχ
1837 4938 1923 4987 ιιι,
1948 4922 2002 4974 1.
2080 4930 2104 4959 ι
2138 4920 2272 4976 Luc.
2326 4937 2424 4987 χιι,
2477 4922 2567 4978 49.

1592 5083 1832 5140 νΑῐῖιᾸῧ
1879 5079 2281 5140 LECTIONES.

303 5236 352 5269 ⁸⁸
384 5236 518 5309 εγὼ]
565 5238 727 5313 Joan.
770 5256 866 5313 xv,
914 5242 974 5313 1.Δ
1044 5240 1172 5313 "sx
1198 5241 1353 5313 γάρ]
1387 5241 1541 5296 Deut.
1588 5259 1760 5306 χχχιι,
1811 5244 1900 5298 52.
1977 5235 2399 5313 “diagonioeaq
2461 5235 2672 5313 _Matth.
2722 5252 2855 5313 χχν,
2896 5239 2951 5313 l.

216 5322 398 5360 σασαι
551 5311 727 5385 ταύτῃ
753 5312 848 5385 A_:
879 5311 1429 5385 καθομολογήσασθαι
1453 5316 1547 5385 καὶ
1571 5314 1751 5385 πάντῃ
1782 5332 1843 5379 ς.

3064 5239 3113 5271 ⁸⁸
3141 5239 3504 5310 καθομολογή-

1933 5313 1979 5345 ⁹⁰
2004 5307 2187 5364 ούκέτι
2224 5310 2268 5363 Α
2294 5327 2307 5363 :
2336 5307 2575 5381 ODX‘EO’VL
2606 5325 2666 5372 ς.
2719 5310 2763 5342 ⁹²
2795 5309 3096 5381 εύφόρεσαν
3136 5312 3225 5381 ΑΒ
3255 5307 3501 5381 {Epope—

220 5389 339 5455 φρ
369 5381 533 5455 ,εἰ-ε.ίέ
553 5397 604 5449 ρ.
630 5368 775 5455 ηδ’ίὶ
792 5380 880 5455 ω,
945 5383 990 5413 ιι
1022 5368 1347 5455 δσφρῆξεῳς
1374 5383 1617 5455 Ϊεύ-σεως
1650 5368 1751 5448 ς,⁶’
1790 5368 1836 5417 ὅθ
1852 5381 2351 5455 προσαγορεύονται
2377 5376 2466 5430 ΑΒ
2493 5397 2507 5433 ;
2532 5368 3002 5450 προσαγορεύεται
3026 5397 3086 5444 ς.
3135 5380 3181 5410 ’⁸
3208 5368 3499 5449 λάμπούσα

221 5440 350 5499 ΑΒ.
413 5440 603 5503 "lib-ri
632 5440 1146 5522 διεκθρώσκουσαί¹
1192 5440 1238 5485 δα
1262 5440 1439 5526 πῖὶρῙσ
1470 5440 1729 5525 Lucii".
1784 5440 1908 5509 ωδ
1942 5454 1987 5486 ’⁷
2013 5440 2188 5523 ῆδτὶΑ
2221 5468 2236 5506 =
2266 5450 2385 5519 εἴδη
2418 5466 2483 5512 ς-

1742 5571 1977 5627 NOTAE.

309 5651 423 5725 (93)
452 5650 733 5723 Significat
762 5651 917 5712 ἰῶτα.
942 5654 1081 5721 apud
1114 5653 1353 5720 Cnemis,
1373 5662 1579 5725 decem,
1613 5672 1667 5716 et
1695 5679 1812 5716 ma-

217 5724 530 5798 }oriAligura
563 5741 598 5787 ι,
626 5738 791 5776 unum
827 5740 839 5775 :
864 5726 993 5798 hinc
1024 5725 1214 5786 idiota,
1234 5732 1496 5798 privatus,
1519 5724 1675 5785 unus.

220 5792 237 5837 Τ
309 5792 425 5861 (9ιρ
469 5795 524 5848 Ιιι
557 5808 785 5864 corpore
829 5793 1154 5867 εύφτόρεσσιν⁸
1198 5792 1355 5855 MSS.
1393 5820 1410 5851 ι
1443 5792 1610 5874 Magis
1641 5804 1819 5857 abun-

1930 5664 2129 5716 darttnt
2153 5660 2299 5714 vitiis
2322 5674 2482 5729 quam
2512 5660 2807 5714 virtutibus
2832 5674 2927 5716 seu
2950 5660 3177 5727 justitia.
3212 5659 3386 5716 Locus
3406 5663 3495 5719 hic

1930 5733 2089 5801 plane
2117 5734 2325 5785 videtur
2352 5741 2685 5801 corruptus,
2722 5731 2925 5798 aliquid
2970 5734 3113 5785 cuitu
3148 5733 3318 5788 deest.
3346 5731 3494 5789 Idem

1926 5798 2308 5858 animadvertit
2344 5800 2404 5855 ί).
2439 5798 2796 5855 ἱιωεειιειιυε.
2834 5820 2853 5851 ι
