3954 6446
224 437 368 504 1169

1270 440 1790 511 BIBLIOTIIECA.
1820 444 1899 485 ’-
1936 452 2103 512 COD.
2151 449 2537 522 CCXXXVII.

3373 461 3506 526 1170

222 557 561 630 ἑξαημέρου,
623 560 889 630 ἑξήκοντα
931 564 1250 633 βασιλίσσας
1282 565 1385 635 ἔφη
1442 566 1806 637 συμϐολικῶς,

1916 567 2168 622 ﬁduciam
2220 570 2473 628 habuerit
2530 573 2659 629 Seth
2688 575 2753 629 ad
2808 574 3001 643 Deum,
3026 587 3287 648 quantam
3343 582 3499 644 Ahel,

218 648 315 704 διὰ
343 651 404 704 τὸ
445 651 584 720 μετὰ
615 654 714 723 τὴν
753 655 1062 727 ἐξαήμερον
1084 658 1315 728 ταύταςς
1345 658 1421 722 ὡς
1452 659 1611 729 ἔφην,
1644 676 1807 727 γεγο-

219 742 406 796 νέναιο
445 745 689 815 μεγάλην
735 746 848 818 γάρ
894 742 1041 803 οὗτοι
1077 751 1243 820 τιμὴν
1296 752 1597 822 ἐσχήκασιν
1639 751 1811 819 ἀγγέ-

217 835 337 899 λοις
402 836 768 908 ὁμιλήσαντες
811 841 906 895 καὶ
965 841 1057 896 τὸν
1106 842 1241 896 Θεὸν
1298 843 1447 914 ὕπαρ
1510 845 1613 898 οὐκ
1675 843 1809 913 ὄναρ

1918 670 2175 729 quantam
2206 662 2415 725 Enoch.
2438 676 2695 735 quantam
2736 668 3065 734 Mathusala,
3095 682 3354 740 quantam
3391 670 3508 728 Noe

1919 753 2077 821 primi
2099 754 2327 823 justitiaa
2356 758 2593 815 cultores
2622 760 2645 815 ?
2676 761 2781 817 Sed
2806 763 2872 817 de
2900 762 2984 817 his
3021 764 3173 819 satis.
3201 766 3275 820 De
3299 780 3508 820 concu-

1917 844 2061 901 binis
2102 848 2296 903 iterum
2323 850 2633 907 dicendum.

213 926 571 997 θεασάμενοι.
610 933 1018 1005 Ἐπισκέψασθε
1066 936 1177 1007 γὰρ
1214 936 1350 1007 ὅσην
1408 936 1537 1007 ἔσχε
1567 936 1907 1007 ’παρρησίαν
1954 939 1984 991 6
2024 939 2133 1010 Σὴθ
2186 941 2325 1013 πρὸς
2398 944 2490 996 τδν
2543 944 2697 1008 Θεὸν,
2732 944 2866 1015 ὅσην
2909 945 2939 999 6
3021 946 3206 1013 Ἅϐελ,
3291 949 3425 1019 ὅσην
3470 950 3500 1002 6

233 1022 429 1094 Ἑνὼχ,
446 1025 619 1095 ὅσηνὸ
645 1030 1001 1095 Μαθουσάλα,
1032 1032 1165 1102 ὅσην
1187 1032 1216 1085 6
1249 1029 1395 1097 Νῶε,
1429 1031 1636 1104 πρῶτοι
1666 1032 2013 1104 δικαιοσύνης
2068 1034 2224 1101 ὄντες
2249 1037 2497 1108 ἐρασταί.
2522 1039 2634 1093 Καὶ
2654 1041 2782 1111 περὶ
2808 1038 3018 1097 τούτων
3049 1042 3149 1114 μὲν
3172 1043 3467 1115 αὐτάρκως
3487 1060 3505 1077 ο

214 1120 353 1191 περὶ
390 1123 449 1175 δὲ
518 1123 628 1178 τῶν
657 1125 953 1181 παλλακῶν
987 1128 1151 1182 πάλιν
1183 1129 1424 1183 λεκτέον.

293 1233 419 1295 Τοῖς
464 1233 605 1302 μετὰ
643 1236 737 1289 τὸν
787 1237 1174 1308 κατακλυσμὸν
1229 1238 1505 1307 ἀπωτέρω
1542 1237 1737 1291 λοιπὸν
1782 1237 1816 1309 ή

223 1324 423 1394 γνῶσις
458 1320 528 1397 ἦν
596 1326 690 1379 τοῦ
737 1327 897 1391 Θεοῦ,
953 1329 1047 1383 καὶ
1086 1329 1318 1401 ἔχρῃζον
1360 1330 1552 1401 ἑτέρας
1595 1329 1820 1399 διδαχῆς

224 1419 503 1490 ἑρπούσης
543 1420 648 1491 ήδη
677 1423 778 1490 τῆς
823 1420 1287 1492 εἰδωλολατρείας.
1325 1423 1383 1475 Ὀ
1420 1418 1515 1474 οὖν
1543 1420 1698 1485 Θεὸς,
1728 1421 1816 1474 ἵνα

221 1512 303 1581 μὴ
338 1512 513 1584 πάντη
566 1514 630 1566 τὸ
671 1513 827 1582 γένος
872 1514 981 1568 τῶν
1009 1513 1315 1586 ἀνθρώπων
1355 1515 1594 1586 άῖστωθῇ
1625 1514 1648 1546 ⁸
1672 1514 1813 1586 λήθῃ

212 1602 334 1653 τῶν
371 1601 571 1669 καλῶν,
596 1602 687 1655 τὸν
720 1603 849 1657 ἴδιον
881 1604 1055 1657 Παῖδα
1096 1607 1211 1669 τοῖς
1254 1606 1563 1677 προφήταις
1588 1604 1811 1660 ἐκέλευ-

216 1710 322 1745 σεν
351 1694 629 1764 ὑφηγῆσαι
651 1695 673 1725 ³
699 1694 796 1767 τὴν
818 1696 1085 1767 ἐσομένην
1115 1696 1310 1750 ἑαυτοῦ
1334 1697 1377 1728 ³⁸
1397 1696 1695 1768 παρουσίαν
1720 1696 1810 1750 διὰ

1996 1237 2080 1292 Ab
2109 1237 2175 1293 iis
2201 1238 2292 1308 qui
2323 1249 2444 1309 post
2496 1240 2754 1296 diluvium
2801 1242 3082 1309 vixerunt,
3133 1243 3225 1300 Dei
3266 1244 3511 1315 cognitio

1923 1327 2085 1396 paulo
2116 1329 2326 1399 longius
2361 1332 2623 1392 recessit.
2667 1332 2883 1401 aliaque
2921 1335 3136 1390 ratione
3179 1336 3322 1391 docti
3354 1344 3508 1401 sunt,

1922 1429 2174 1490 serpente
2193 1421 2307 1490 jam
2334 1423 2538 1492 passim
2565 1424 2887 1483 idololatria.
2919 1424 3065 1481 Deus
3085 1442 3217 1497 ergo
3241 1441 3305 1481 ne
3335 1442 3510 1497 genus

1920 1514 2219 1569 humanum
2251 1513 2521 1570 oblivione
2553 1516 2855 1572 honestatis
2904 1517 3120 1586 penitus
3171 1519 3504 1585 aboleretur,

1918 1622 2075 1662 suum
2106 1605 2304 1661 Filium
2332 1621 2428 1676 per
2456 1610 2750 1677 prophetas
2769 1609 2935 1679 jussit
2956 1610 3186 1674 dictare,
3214 1612 3507 1670 adventum

1914 1698 2031 1768 ejus
2062 1699 2114 1754 in
2152 1700 2410 1754 mundum
2438 1715 2604 1755 carne
2628 1710 2912 1770 assumpta
2947 1700 3216 1768 futurum,
3254 1717 3360 1770 quo
3387 1701 3506 1775 spi-

216 1786 431 1856 σαρκὸς
460 1788 539 1849 είς
566 1787 660 1839 τὸν
686 1788 913 1858 κόσμον,
947 1788 1067 1841 καθ’
1101 1789 1169 1860 ἣν
1209 1791 1242 1859 ή
1283 1788 1383 1859 τῆς
1427 1791 1807 1861 πνευματικῆς

1916 1791 2122 1846 ritualis
2150 1793 2421 1846 octonarii
2451 1792 2705 1862 gaudium
2750 1802 2807 1847 et
2847 1794 3086 1865 cognitio
3119 1794 3508 1864 praedicaretur

212 1877 478 1944 ὀγδοάδος
501 1879 647 1951 χαρὰ
691 1882 786 1933 καὶ
835 1880 1035 1951 γνῶσις
1076 1859 1504 1952 κηρυχθήσεται,
1558 1859 1807 1952 άφέσεως

1916 1882 1978 1937 ad
2009 1884 2373 1938 exhibendam
2402 1882 2784 1939 remissionem
2819 1893 3193 1955 peccatorum,
3222 1894 3278 1940 et
3316 1901 3508 1942 resur-

212 1971 640 2041 ἁμαρτημάτων
690 1968 827 2026 οὖσα
874 1973 969 2026 καὶ
1030 1974 1378 2037 ἀναστάσεως
1454 1975 1803 2045 παρεκτική·

212 2062 733 2134 περιτμηθήσεσθαι
786 2064 896 2135 γὰρ
933 2064 999 2117 δι’
1030 2065 1205 2135 αὐτῆς
1254 2066 1345 2118 τὸν
1394 2064 1683 2138 ἄνθρωπον
1736 2065 1807 2120 τά

213 2154 372 2225 πάθη
403 2154 496 2207 καὶ
526 2155 625 2226 τὴν
655 2156 880 2226 φθοράν.
916 2157 1025 2211 Καὶ
1052 2156 1142 2210 διὰ
1184 2158 1343 2211 τοῦτο
1382 2158 1473 2211 τὸν
1502 2158 1805 2226 κατάλογον

209 2248 332 2300 τῶν
366 2248 476 2302 άπὸ
493 2249 587 2301 τοῦ
626 2249 879 2320 Ἀϐραὰμ
908 2250 1227 2321 προφητῶν,
1257 2249 1345 2304 διὰ
1388 2251 1488 2323 τὴν
1518 2251 1617 2321 τῆς
1645 2267 1805 2322 περι-

210 2342 395 2411 τομῆς
447 2340 746 2411 πρεσϐείαν
794 2342 885 2394 τὸν
924 2341 1069 2399 ὀκτὼ
1124 2338 1490 2413 περιεχούσης
1548 2344 1804 2415 ἀριθμὸν,

205 2425 293 2502 ἧς
342 2432 639 2503 ἐξήρτηται
669 2432 765 2486 καὶ
795 2435 823 2487 6
861 2434 1046 2505 νόμος,
1079 2434 1362 2498 παλλακάς
1401 2435 1679 2499 ἐκάλεσεν,
1722 2437 1807 2489 ὅτι

206 2524 332 2594 πρὸ
373 2523 466 2577 τοῦ
496 2523 598 2594 τὴν
630 2524 853 2596 νύμφην
886 2525 987 2595 τὴν
1042 2527 1374 2599 Ἐκκλησίαν
1425 2528 1808 2600 κατεγγυηθῆ-

205 2633 315 2668 vati
337 2614 414 2685 τῷ
448 2616 627 2688 Λόγῳ,
659 2617 727 2671 τά
754 2618 871 2671 θεία
903 2617 1258 2683 συλλαϐόντες
1292 2620 1335 2650 *ί
1359 2620 1675 2692 σπέρματα,
1708 2621 1809 2692 τῆς

204 2710 425 2779 νοητῆς
485 2710 920 2780 προεξήγγειλαν
990 2710 1243 2779 ὀγδοάδος
1304 2711 1409 2780 τὴν
1475 2714 1805 2784 περιτομήν.

203 2798 491 2863 Νεάνιδας
545 2800 601 2855 δὲ
642 2801 803 2854 πάλιν
867 2803 949 2864 εἰς
1004 2800 1378 2872 ἀναρίθμητον
1441 2802 1805 2866 συντελούσας

201 2892 415 2963 ὅμιλον
451 2894 518 2947 τὰ
548 2894 651 2947 ὑπὸ
681 2896 794 2957 τοῖς
833 2894 1107 2966 κρείττοσι
1141 2893 1270 2966 [508
1288 2893 1379 2967 HJ
1408 2896 1807 2968 δικαιοπραγή-

207 3002 396 3039 σαντα
452 2986 652 3057 πλήθη,
687 2987 783 3040 καὶ
837 2986 1102 3049 νεανικῶς
1152 2986 1247 3041 καὶ
1280 2987 1547 3055 γενναίως
1587 2988 1810 3059 διαθλή-

207 3096 394 3133 σαντα
424 3080 562 3148 πρὸς
585 3081 684 3153 τὴν
711 3081 1009 3153 ἁμαρτίαν,
1040 3078 1215 3135 καλεῖ.
1253 3080 1415 3134 Ἀλλὰ
1442 3081 1650 3133 τούτων
1690 3081 1808 3135 οὗθ’

208 3178 281 3230 αἱ
305 3175 613 3245 βασίλισσαι
635 3176 749 3230 οὔθ’
780 3178 837 3230 αἱ
857 3176 1131 3230 παλλακαὶ
1163 3176 1547 3249 συγκρίνονται
1576 3179 1641 3248 τῇ
1682 3177 1807 3230 Ἐκ-

217 3266 466 3340 κλησίᾳο
516 3270 550 3339 ἡ
594 3269 703 3342 γάρ
723 3269 937 3360 ψτελεία
988 3271 1082 3324 καὶ
1139 3271 1371 3341 ὲκλεκτὴ
1425 3271 1577 3343 παρὰ
1628 3270 1810 3335 πάσας

214 3364 621 3436 ὀνομαζομένη,
657 3368 689 3437 ἠ
723 3366 787 3419 ἐκ
826 3367 1045 3421 πάντων
1084 3367 1398 3421 συνεστῶσά
1425 3384 1486 3420 τε
1540 3368 1639 3420 καὶ
1679 3384 1809 3420 συν-

210 3457 466 3529 ημμένη,
528 3459 641 3512 τῶν
702 3460 1020 3514 ἀποστόλων
1070 3460 1240 3527 ἐστὶν,
1288 3463 1321 3531 ή
1387 3460 1811 3533 ὑπερϐάλλουσα

207 3549 409 3620 νύμφη
463 3551 542 3621 τῷ
601 3552 785 3607 κάλλει
828 3553 929 3622 τῆς
979 3554 1164 3624 ἀκμῆς
1209 3554 1303 3607 καὶ
1354 3554 1455 3623 τῆς
1509 3555 1812 3625 παρθενίας

209 3643 427 3707 πάσας.
474 3644 563 3697 Διὸ
620 3645 716 3699 καὶ
765 3645 1128 3716 μακαρίζεται
1159 3646 1297 3715 πρὸς
1328 3646 1435 3698 τῶν
1478 3646 1676 3710 ἄλλων,
1726 3650 1810 3701 ὅτι

209 3734 363 3806 αὔτη
394 3730 501 3788 εἶδε
532 3740 624 3789 καὶ
653 3738 886 3807 ῆκουσεν
920 3737 1168 3804 ἀφθόνως
1213 3736 1250 3789 ἃ
1295 3738 1500 3790 ἐκεῖναι
1534 3737 1811 3808 ὲπεπόθηυ

214 3844 323 3879 σαν
378 3827 507 3879 ἰδεῖν
563 3828 657 3881 καὶ
691 3828 922 3882 ἀκοῦσαι
977 3829 1073 3881 καὶ
1100 3828 1200 3880 οὐκ
1228 3822 1369 3880 εἶδον
1412 3829 1522 3880 οὐδ’
1547 3829 1806 3899 ἤκουσαν.

214 3920 567 3989 Μακάριοι¹¹
604 3921 713 3991 γὰρ
729 3924 783 3975 οἱ
799 3920 1113 3990 ὀφθαλμοὶ,
1136 3921 1323 3990 φησιν,
1347 3920 1535 3989 ὑμῶν,
1558 3923 1587 3973 ό
1604 3921 1811 3991 Κύριος

214 4016 337 4076 τοῖς
362 4015 651 4085 μαθηταῖς,
673 4018 727 4069 οἱ
752 4016 1094 4082 ,βλέποντες
1133 4015 1170 4069 d
1198 4015 1481 4080 βλέπετε.
1506 4014 1683 4089 Λέγω¹
1700 4014 1811 4083 γὰρ

210 4105 367 4172 ’ὑμῖν
411 4104 503 4158 ὅτι
545 4106 764 4160 πολλοὶ
811 4105 1113 4174 προφῆται
1152 4107 1547 4173 ἐπεθύμησαν
1585 4106 1736 4160 ἰδεῖν
1773 4104 1813 4159 ἂ

198 4195 505 4262 βλέπετε,
542 4198 640 4251 καὶ
667 4200 779 4251 οὐκ
818 4192 1003 4257 εἶδον,
1036 4196 1135 4251 καί
1158 4197 1418 4252 ἀκοῦσαι
1454 4197 1494 4252 ᾰ
1540 4197 1808 4263 ἀκούετε,

206 4289 320 4344 καὶ
350 4292 464 4342 οὐκ
507 4288 809 4357 ἤκουσαν.
841 4288 970 4360 [560
1005 4287 1094 4360 R.]
1123 4289 1334 4342 Οὐκοῦν
1360 4290 1449 4343 διὰ
1480 4291 1653 4344 ταῦτα
1699 4308 1809 4361 μα-

206 4378 543 4452 καρίζουσιν
600 4380 768 4452 αὐτὴν
828 4384 879 4435 οἱ
932 4383 1231 4454 προφῆται,
1283 4384 1365 4436 ὃτι
1413 4378 1489 4435 ὧν
1539 4383 1693 4437 αὐτοὶ⁵
1737 4383 1812 4454 μὴ

207 4473 848 4544 ὲπέτυχονήἘκκλησία
882 4476 1174 4545 μετείληφε
1198 4475 1295 4529 καὶ
1323 4474 1553 4545 ἠξιώθη.
1580 4475 1811 4529 Δύναται

1909 1976 2229 2042 rectionem,
2270 1990 2368 2046 per
2416 1976 2563 2030 illum
2594 1976 2740 2031 enim
2789 1977 3175 2032 circumcisum
3222 1977 3287 2032 iri
3326 1977 3505 2033 homi-

1910 2082 2055 2134 nem,
2090 2068 2244 2133 vitia,
2284 2067 2525 2138 inquam,
2569 2080 2625 2124 et
2653 2071 3081 2139 corruptionem.
3131 2068 3271 2125 l’linc
3308 2069 3507 2124 catalo-

1909 2173 2035 2228 gum
2070 2160 2459 2228 prophetarum
2521 2160 2590 2216 ab
2622 2160 2933 2215 Abrahamo
2972 2170 3237 2230 coeptum,
3282 2170 3504 2232 propter

1908 2250 2366 2315 circumcisionis,
2398 2266 2519 2322 qua:
2542 2253 2886 2307 octonarium
2915 2254 3158 2309 continet
3189 2268 3500 2318 numerum,

1910 2343 2311 2412 antiquitatem,
2337 2358 2366 2398 a
2401 2359 2507 2414 qua
2534 2344 2619 2400 lex
2644 2346 2876 2414 pendet,
2903 2346 3241 2402 concubinas
3271 2345 3504 2415 appella-

1910 2438 2005 2491 vit.
2028 2435 2164 2491 Nam
2196 2447 2485 2506 antequam
2512 2454 2708 2509 sponsa
2760 2437 3001 2494 Ecclesia
3046 2435 3224 2493 Verbo
3260 2437 3500 2507 despon-

1908 2527 2150 2593 deretur,
2182 2529 2555 2599 concipientes
2580 2529 2821 2584 divinam
2855 2530 3161 2583 sementem
3199 2525 3500 2596 spiritualis

1912 2621 2205 2686 octonarii,
2236 2622 2707 2677 circumcisionem
2750 2619 3209 2690 pragnuntiarunt.
3246 2617 3326 2673 Ad
3364 2617 3503 2671 mul-

1911 2716 2195 2771 titudinem
2224 2731 2355 2770 vero
2385 2730 2607 2770 rursum
2654 2714 3107 2769 innumerabilem
3144 2710 3499 2782 (hominum),

1910 2827 2031 2881 quae
2061 2826 2160 2880 pro
2182 2810 2449 2878 majorum
2480 2809 2708 2876 imperio
2739 2812 2890 2877 juste
2919 2808 3071 2871 vivit,
3100 2816 3155 2861 et
3189 2806 3423 2861 viriliter
3447 2814 3506 2865 et

1911 2920 2175 2977 generose
2200 2915 2393 2960 contra
2418 2905 2546 2959 vitia
2572 2904 2833 2969 decertat,
2857 2901 3295 2957 adulescentulas
3322 2899 3506 2969 appel-

1912 3001 2007 3055 lat.
2047 2999 2157 3056 Sed
2188 3014 2256 3054 ex
2311 3000 2377 3053 iis
2426 3012 2601 3069 neque
2648 2998 2888 3067 reginae,
2937 3010 3111 3064 neque
3162 2994 3503 3056 concubinae,

1912 3109 2033 3148 cum
2080 3091 2323 3148 Ecclesia
2353 3100 2766 3162 comparantur.
2803 3088 2929 3145 Haec
2975 3090 3119 3143 enim
3167 3086 3408 3158 perlecta
3449 3095 3504 3153 et

1913 3187 2085 3241 electa
2153 3201 2263 3255 pra:
2316 3186 2569 3241 omnibus
2612 3184 2913 3247 nominata,
2970 3198 3091 3251 quae
3135 3198 3201 3237 ex
3251 3180 3506 3236 omnibus

1914 3288 2126 3337 constat
2164 3286 2220 3334 et
2264 3280 2591 3336 concinnata
2632 3285 2752 3342 est,
2806 3287 2890 3331 est
2924 3274 3331 3346 apostolorum,
3383 3289 3505 3342 quae

1913 3387 2110 3442 sponsa
2162 3372 2328 3428 ﬂore!
2360 3369 2780 3442 pulchritudinis
2829 3375 2885 3424 et
2944 3367 3214 3423 castitatis
3280 3375 3505 3435 superat

1913 3478 2123 3520 omnes.
2152 3464 2491 3533 QuaprOpter
2521 3461 2679 3516 beata
2723 3460 2793 3515 ab
2828 3458 2953 3515 aliis
2997 3457 3343 3529 prmdicatur,
3375 3456 3502 3525 quia

1914 3556 2028 3610 haec
2050 3563 2239 3626 aperte
2269 3555 2406 3609 vidit
2429 3561 2483 3610 et
2516 3552 2745 3617 audivit,
2785 3565 2905 3621 qua:
2942 3550 3048 3605 illa:
3095 3550 3280 3604 videre
3318 3556 3372 3602 et
3407 3563 3505 3627 au-

1912 3651 2029 3705 dire
2067 3649 2534 3704 desideraverunt.
2570 3646 2722 3701 Beati
2749 3645 2909 3711 oculi,
2943 3644 3102 3714 311
3131 3660 3162 3696 a
3194 3643 3370 3711 inquit
3396 3642 3502 3695 Do-

1914 3742 2090 3795 lninns
2119 3739 2419 3809 discipulis,
2452 3739 2543 3808 qui
2588 3737 2789 3802 vident,
2824 3752 2944 3807 qua:
2992 3754 3080 3790 vos
3125 3736 3330 3789 videtis.
3372 3733 3501 3787 Dico

1910 3839 2050 3893 enim
2078 3838 2242 3901 vobis,
2291 3836 2431 3907 quod
2462 3832 2615 3887 multi
2657 3833 2923 3903 prOphetw
2957 3831 3386 3886 desideraverunt
3429 3828 3504 3881 vi—

1912 3935 2033 3986 dere
2054 3946 2172 4003 qua?
2199 3930 2406 3995 videtis,
2440 3937 2490 3982 et
2520 3944 2625 3981 non
2665 3925 2938 3988 viderunt;
2965 3934 3011 3978 et
3044 3924 3232 3976 audire
3256 3936 3373 3991 qua:
3404 3936 3507 3972 au-

1912 4024 2060 4087 ditis,
2095 4030 2144 4076 et
2191 4039 2294 4075 non
2325 4021 2607 4075 audierunt
2652 4019 2698 4071 ε.
2729 4017 2923 4072 Nonne
2968 4024 3253 4085 propterea
3286 4013 3503 4066 beatam

1913 4116 2210 4186 praedicant
2262 4114 2436 4184 ipsam
2476 4111 2777 4182 prOphetaa,
2832 4107 2977 4178 quod
3009 4108 3209 4177 quibus
3257 4104 3359 4176 ipsi
3396 4117 3505 4157 non

1914 4217 2223 4279 potuerunt,
2255 4207 2340 4261 his
2365 4204 2607 4260 Ecclesia
2636 4202 2805 4273 potita
2833 4202 2940 4265 sit,
2974 4210 3029 4255 et
3050 4200 3290 4271 dignata.
3327 4196 3508 4252 Possit

1913 4303 2037 4371 quis
2066 4315 2323 4371 sponsam
2351 4298 2517 4354 etiam
2545 4298 2705 4353 aliter
2730 4294 3034 4364 explicare,
3075 4305 3130 4347 et
3172 4292 3353 4345 dicere
3383 4304 3508 4342 car-

1915 4414 2039 4455 nem
2068 4412 2189 4452 esse
2216 4397 2591 4450 intemeratam
2627 4386 2868 4453 Domini,
2910 4387 3068 4453 cujus
3092 4399 3255 4439 causa
3293 4391 3506 4452 patrem

1915 4488 2152 4545 deseruit
2181 4498 2234 4543 et
2264 4487 2319 4541 in
2352 4495 2554 4540 terram
2589 4481 2695 4536 huc
2727 4476 3030 4543 descendit,
3062 4475 3252 4545 illique
3291 4487 3391 4543 per
3422 4471 3509 4523 in-

209 4564 276 4617 δὲ
308 4581 390 4626 τις
423 4566 517 4617 καὶ
546 4566 745 4635 ἑτέρως
771 4566 875 4637 τὴν
904 4566 1124 4638 νύμφην
1153 4568 1320 4637 φάναι
1360 4568 1460 4638 τὴν
1497 4568 1677 4637 σάρκα
1709 4568 1808 4640 τὴν

1916 4576 2287 4631 carnationem
2348 4571 2636 4640 copulatus
2695 4577 2802 4621 est.
2856 4564 2994 4618 Hinc
3060 4563 3292 4631 ﬁgurate
3355 4560 3504 4614 illam

215 4655 521 4723 ἁμόλυντον
567 4652 708 4709 εἶναι
746 4656 841 4709 τοῦ
887 4659 1116 4728 Κυρίου,
1165 4652 1233 4730 ἧς
1273 4658 1434 4729 χάριν
1476 4658 1812 4727 καταλείψας

218 4749 315 4801 τὸν
335 4749 550 4819 Πατέρα
580 4749 844 4820 κατῆλθεν
875 4752 1111 4804 ἐνταῦθα
1125 4753 1220 4805 καὶ
1235 4752 1646 4824 προσεκολλήοη
1673 4754 1811 4825 αὐτῇ

214 4837 669 4911 ἐνανορωπὴσας.
703 4839 795 4892 Διὸ
837 4839 902 4906 δὴ
960 4839 1057 4892 καὶ
1107 4841 1438 4911 περιστερὰν
1486 4841 1658 4910 αὐτὴν
1706 4840 1811 4910 ἔφη

205 4932 579 5001 τροπικῶς⁸³,
612 4931 1099 5004 ὲπειδὴτιθασὸν¹⁶
1127 4933 1186 4985 τὸ
1210 4932 1350 4997 ζῶον
1379 4935 1473 4987 καὶ
1497 4932 1812 5004 ὑπωρόφιον

207 5025 314 5077 καὶ
337 5024 519 5098 διαίτῃ
543 5028 609 5096 τῇ
641 5025 944 5096 ἀνθρώπων
975 5025 1020 5056 ’⁵
1059 5026 1373 5096 ἀσμενίζον.
1416 5026 1527 5079 Καὶ
1560 5028 1617 5078 ἐν
1652 5026 1728 5095 τῷ
1763 5042 1818 5094 μ’

207 5119 315 5173 καὶ
328 5119 370 5170 δ’
395 5118 617 5189 ψαλμῷ,
653 5120 756 5173 Ἐκ
779 5119 993 5185 δεξιῶν
1009 5121 1051 5151 ’⁸
1073 5119 1485 5188 παρισταμένη
1509 5119 1601 5172 τοῦ
1623 5119 1817 5172 ¹⁷Θεοῦ

195 5207 419 5281 μερῶν
432 5211 804 5277 βασίλισσα,
823 5214 855 5284 ἡ
874 5211 952 5283 τῷ
978 5212 1253 5283 διαχρύσῳ
1268 5211 1367 5280 τῆς
1398 5211 1602 5279 άρετῆς
1626 5212 1818 5282 κόσμῳ

206 5303 685 5375 κατεστολισμένη
704 5347 719 5369 ,
753 5302 822 5377 ἧς
879 5304 1196 5377 ἐπεθύμησε
1228 5303 1324 5357 τοῦ
1353 5305 1583 5369 κάλλους
1614 5307 1642 5358 6
1667 5305 1820 5373 βασι-

291 5492 322 5526 κ
366 5481 497 5536 Luc.
542 5498 599 5549 ι,
628 5486 718 5549 τι,
754 5487 846 5542 25.
922 5487 1126 5545 llPsal.
1179 5501 1331 5551 κων,
1376 5487 1462 5544 10.

1920 4669 2225 4724 columbam
2259 4664 2572 4736 appellavit,
2617 4661 2758 4731 quod
2792 4656 2993 4713 animal
3025 4656 3097 4710 sit
3135 4655 3287 4708 cicur
3315 4660 3372 4708 et
3406 4652 3509 4708 sub

1923 4763 2080 4817 tectis
2104 4761 2327 4830 degens,
2367 4758 2724 4824 convictuque
2764 4751 3048 4807 hominum
3093 4747 3411 4802 delectetur.
3442 4744 3513 4800 Et

1921 4856 1973 4908 in
2018 4852 2434 4924 quadragesimo
2483 4853 2679 4917 quarto
2724 4843 2932 4913 psalmo
2983 4858 2998 4895 :
3055 4840 3217 4897 Stans
3268 4839 3510 4908 reginaa

1919 4946 2121 5000 dextris
2152 4944 2201 4999 ιι.
2231 4943 2362 5009 (Deo
2392 4940 2494 4995 sibi
2525 4940 2781 4993 sinistras
2808 4936 3076 5006 sumente)
3102 4947 3268 4987 aureo
3292 4928 3510 4985 virtutis

1918 5037 2065 5091 cultu
2117 5040 2418 5101 exornata;
2471 5031 2625 5099 cujus
2680 5028 3142 5097 pulchritudinem
3192 5023 3508 5093 concupivit

1920 5112 2058 5194 Rex,
2089 5144 2217 5183 caro
2242 5137 2347 5193 est,
2385 5135 2443 5180 ut
2479 5125 2618 5188 dixi,
2650 5123 2742 5179 illa
2771 5124 2977 5178 illibata
3023 5130 3079 5177 et
3118 5120 3301 5184 beata,
3344 5131 3509 5187 quam

1918 5238 2104 5278 secum
2134 5223 2186 5276 in
2219 5221 2415 5276 caelum
2457 5219 2762 5287 deportavit
2796 5215 3056 5280 Verbum,
3091 5222 3253 5283 atque
3285 5213 3337 5265 in
3371 5212 3504 5263 dex-

1920 5322 2003 5367 tra
2052 5311 2231 5366 Patris
2273 5310 2582 5374 collocavit,
2623 5310 2818 5363 vestitu
2861 5309 3120 5364 deaurato
3162 5308 3506 5362 exornatam,

1503 5645 1745 5705 VARIA‘I
1789 5636 2089 5702 LECTION
2097 5645 2196 5701 ES.

292 5760 321 5792 ³
354 5724 867 5853 section-el}
947 5765 996 5853 ,ξ
1034 5767 1419 5853 meaeque
1455 5768 1716 5853 Scalae"-

209 5831 319 5912 24.
403 5832 449 5911 ’ᾗ
478 5832 774 5912 τρόπηὲφη
804 5851 865 5900 ς.
945 5837 987 5867 ⁸⁵
1012 5831 1264 5893 τιθασσὸν
1309 5847 1363 5895 et
1398 5831 1731 5912 ύπορῤόξοιον
1762 5856 1822 5904 ς.

224 5907 329 5957 καὶ
363 5906 454 5957 τοῦ
520 5921 602 5973 pr.
638 5906 701 5957 Α.

1164 5986 1173 5995 ο

1829 5768 1871 5799 ¹⁶
1902 5765 2069 5820 αὐτοῦ
2099 5785 2160 5832 ς’.
2253 5766 2293 5798 ¹¹
2323 5765 2722 5836 προσλαϐόντες
2746 5763 2851 5818 ΑΒ.
2882 5834 2892 5836 _
2922 5765 2964 5793 ¹¹

1904 5840 1946 5869 ¹³
1988 5840 2053 5909 τῇ
2101 5838 2209 5894 τῶν
2238 5837 2398 5909 ἁνθρ.
2436 5854 2495 5901 ς.

3040 5754 3285 5903 exigam}
3315 5758 3443 5814 Luc.
3480 5771 3513 5812 ι

3101 5833 3139 5864 ⁸⁷
3168 5831 3261 5885 τοῦ
3344 5830 3512 5883 λαιῶν

2580 5838 2620 5867 ³⁵
2645 5839 2706 5887 ἐκ
2740 5838 2847 5889 τῶν
2875 5834 2921 5889 δ.
2962 5830 3017 5899 li",
3101 5830 3285 5899 ίτίτοῦ]
3344 5830 3512 5883 λαιῶν
