  <div class='ocr_page' id='page_1' title='image "/cluster/home/n/w/nwhite01/storage/ocr_20150623/103:no.3/coo.31924054870070/602.png"; bbox 0 0 3954 6452; ppageno 0'>
   <div class='ocr_carea' id='block_1_1' title="bbox 294 390 440 457">
    <p class='ocr_par' dir='ltr' id='par_1_1' title="bbox 294 390 440 457">
     <span class='ocr_line' id='line_1_1' title="bbox 294 390 440 457; baseline 0 0"><span class='ocrx_word' id='word_1_1' title='bbox 294 390 440 457; x_wconf 68' lang='grc'><strong>1173</strong></span> 
     </span>
    </p>
   </div>
   <div class='ocr_carea' id='block_1_2' title="bbox 1274 396 2540 468">
    <p class='ocr_par' dir='ltr' id='par_1_2' title="bbox 1274 396 2540 468">
     <span class='ocr_line' id='line_1_2' title="bbox 1274 396 2540 468; baseline 0.008 -13"><span class='ocrx_word' id='word_1_2' title='bbox 1274 396 1801 458; x_wconf 83' lang='lat' dir='ltr'><strong>BIBLIOTHECA.</strong></span> <span class='ocrx_word' id='word_1_3' title='bbox 1842 423 1913 433; x_wconf 94' lang='grc'><strong><em>-</em></strong></span> <span class='ocrx_word' id='word_1_4' title='bbox 1949 397 2114 461; x_wconf 70' lang='lat' dir='ltr'><strong>COD.</strong></span> <span class='ocrx_word' id='word_1_5' title='bbox 2156 401 2540 468; x_wconf 78' lang='lat' dir='ltr'><strong>CCXXXVII.</strong></span> 
     </span>
    </p>
   </div>
   <div class='ocr_carea' id='block_1_3' title="bbox 3428 400 3567 469">
    <p class='ocr_par' dir='ltr' id='par_1_3' title="bbox 3428 400 3567 469">
     <span class='ocr_line' id='line_1_3' title="bbox 3428 400 3567 469; baseline 0.007 -2"><span class='ocrx_word' id='word_1_6' title='bbox 3428 400 3567 469; x_wconf 72' lang='grc'><strong>1174</strong></span> 
     </span>
    </p>
   </div>
   <div class='ocr_carea' id='block_1_4' title="bbox 285 510 1911 591">
    <p class='ocr_par' dir='ltr' id='par_1_4' title="bbox 285 510 1911 584">
     <span class='ocr_line' id='line_1_4' title="bbox 285 510 1911 584; baseline 0.001 -18"><span class='ocrx_word' id='word_1_7' title='bbox 285 515 407 584; x_wconf 79' lang='grc' dir='ltr'>γὰρ</span> <span class='ocrx_word' id='word_1_8' title='bbox 437 510 657 566; x_wconf 76' lang='grc' dir='ltr'><strong>ἐναντία</strong></span> <span class='ocrx_word' id='word_1_9' title='bbox 694 512 1111 583; x_wconf 80' lang='grc' dir='ltr'>δογματίζοντες</span> <span class='ocrx_word' id='word_1_10' title='bbox 1145 514 1354 582; x_wconf 80' lang='grc' dir='ltr'><strong>γενέσει</strong></span> <span class='ocrx_word' id='word_1_11' title='bbox 1386 515 1599 584; x_wconf 87' lang='grc' dir='ltr'>γένεσιν</span> <span class='ocrx_word' id='word_1_12' title='bbox 1638 512 1876 568; x_wconf 81' lang='grc' dir='ltr'>λύουσιν.</span> <span class='ocrx_word' id='word_1_13' title='bbox 1908 565 1911 574; x_wconf 26' lang='grc' dir='ltr'><strong><em>ι</em></strong></span> 
     </span>
    </p>
   </div>
   <div class='ocr_carea' id='block_1_5' title="bbox 2020 510 3571 591">
    <p class='ocr_par' dir='ltr' id='par_1_5' title="bbox 2021 515 3571 591">
     <span class='ocr_line' id='line_1_5' title="bbox 2021 515 3571 591; baseline 0.001 -20"><span class='ocrx_word' id='word_1_14' title='bbox 2021 519 2099 571; x_wconf 88' lang='lat' dir='ltr'><strong>esi</strong></span> <span class='ocrx_word' id='word_1_15' title='bbox 2141 521 2449 575; x_wconf 89' lang='lat' dir='ltr'><strong>necessario</strong></span> <span class='ocrx_word' id='word_1_16' title='bbox 2480 536 2578 591; x_wconf 91' lang='lat' dir='ltr'><strong>per</strong></span> <span class='ocrx_word' id='word_1_17' title='bbox 2617 519 2786 574; x_wconf 79' lang='lat' dir='ltr'><strong>fatum</strong></span> <span class='ocrx_word' id='word_1_18' title='bbox 2832 517 3083 586; x_wconf 83' lang='lat' dir='ltr'><strong>subjecti.</strong></span> <span class='ocrx_word' id='word_1_19' title='bbox 3110 515 3247 573; x_wconf 84' lang='lat' dir='ltr'><strong>Nam</strong></span> <span class='ocrx_word' id='word_1_20' title='bbox 3282 520 3407 573; x_wconf 91' lang='lat' dir='ltr'><strong>dum</strong></span> <span class='ocrx_word' id='word_1_21' title='bbox 3438 534 3571 573; x_wconf 86' lang='lat' dir='ltr'><strong>con-</strong></span> 
     </span>
    </p>
   </div>
   <div class='ocr_carea' id='block_1_6' title="bbox 290 600 1911 689">
    <p class='ocr_par' dir='ltr' id='par_1_6' title="bbox 290 600 1884 682">
     <span class='ocr_line' id='line_1_6' title="bbox 290 600 1884 682; baseline 0.009 -25"><span class='ocrx_word' id='word_1_22' title='bbox 290 606 459 658; x_wconf 84' lang='grc' dir='ltr'>Ἤτοι</span> <span class='ocrx_word' id='word_1_23' title='bbox 484 600 578 658; x_wconf 76' lang='grc' dir='ltr'><strong>οὖν</strong></span> <span class='ocrx_word' id='word_1_24' title='bbox 602 604 813 674; x_wconf 87' lang='grc' dir='ltr'>γένεσίς</span> <span class='ocrx_word' id='word_1_25' title='bbox 843 607 980 667; x_wconf 76' lang='grc' dir='ltr'>ἐστι,</span> <span class='ocrx_word' id='word_1_26' title='bbox 1012 607 1106 682; x_wconf 78' lang='grc' dir='ltr'><strong>καὶ</strong></span> <span class='ocrx_word' id='word_1_27' title='bbox 1148 608 1210 661; x_wconf 79' lang='grc' dir='ltr'><strong>οὐ</strong></span> <span class='ocrx_word' id='word_1_28' title='bbox 1254 606 1361 678; x_wconf 84' lang='grc' dir='ltr'><strong>χρὴ</strong></span> <span class='ocrx_word' id='word_1_29' title='bbox 1410 604 1549 662; x_wconf 78' lang='grc' dir='ltr'>εἶναι</span> <span class='ocrx_word' id='word_1_30' title='bbox 1592 606 1819 679; x_wconf 66' lang='grc' dir='ltr'>νόμους,</span> <span class='ocrx_word' id='word_1_31' title='bbox 1849 608 1884 679; x_wconf 78' lang='grc' dir='ltr'>ἢ</span> 
     </span>
    </p>
   </div>
   <div class='ocr_carea' id='block_1_7' title="bbox 2020 600 3569 689">
    <p class='ocr_par' dir='ltr' id='par_1_7' title="bbox 2030 611 3569 689">
     <span class='ocr_line' id='line_1_7' title="bbox 2030 611 3569 689; baseline 0.001 -26"><span class='ocrx_word' id='word_1_32' title='bbox 2030 611 2141 663; x_wconf 84' lang='lat' dir='ltr'><strong>aria</strong></span> <span class='ocrx_word' id='word_1_33' title='bbox 2175 612 2363 689; x_wconf 89' lang='lat' dir='ltr'><strong>genesi</strong></span> <span class='ocrx_word' id='word_1_34' title='bbox 2392 611 2722 676; x_wconf 86' lang='lat' dir='ltr'><strong>decernunt,</strong></span> <span class='ocrx_word' id='word_1_35' title='bbox 2782 612 3025 682; x_wconf 78' lang='lat' dir='ltr'><strong>genesim</strong></span> <span class='ocrx_word' id='word_1_36' title='bbox 3071 611 3388 666; x_wconf 88' lang='lat' dir='ltr'><strong>destruunt.</strong></span> <span class='ocrx_word' id='word_1_37' title='bbox 3424 611 3569 680; x_wconf 86' lang='lat' dir='ltr'><strong>Ergo</strong></span> 
     </span>
    </p>
   </div>
   <div class='ocr_carea' id='block_1_8' title="bbox 286 693 1911 776">
    <p class='ocr_par' dir='ltr' id='par_1_8' title="bbox 286 693 1887 769">
     <span class='ocr_line' id='line_1_8' title="bbox 286 693 1887 769; baseline 0.004 -24"><span class='ocrx_word' id='word_1_38' title='bbox 286 695 406 746; x_wconf 71' lang='grc' dir='ltr'>εἰσὶ</span> <span class='ocrx_word' id='word_1_39' title='bbox 445 693 624 763; x_wconf 87' lang='grc' dir='ltr'>νόμοι,</span> <span class='ocrx_word' id='word_1_40' title='bbox 652 695 746 748; x_wconf 76' lang='grc' dir='ltr'>καὶ</span> <span class='ocrx_word' id='word_1_41' title='bbox 776 696 874 749; x_wconf 74' lang='grc' dir='ltr'><strong>οὐκ</strong></span> <span class='ocrx_word' id='word_1_42' title='bbox 908 697 1014 749; x_wconf 72' lang='grc' dir='ltr'>εἰσὶ</span> <span class='ocrx_word' id='word_1_43' title='bbox 1042 696 1185 751; x_wconf 77' lang='grc' dir='ltr'>κατὰ</span> <span class='ocrx_word' id='word_1_44' title='bbox 1212 698 1447 766; x_wconf 90' lang='grc' dir='ltr'>γένεσιν.</span> <span class='ocrx_word' id='word_1_45' title='bbox 1466 697 1628 751; x_wconf 79' lang='grc' dir='ltr'>Ἀλλὰ</span> <span class='ocrx_word' id='word_1_46' title='bbox 1660 699 1887 769; x_wconf 86' lang='grc' dir='ltr'>ἀμήχα-</span> 
     </span>
    </p>
   </div>
   <div class='ocr_carea' id='block_1_9' title="bbox 2020 693 3571 776">
    <p class='ocr_par' dir='ltr' id='par_1_9' title="bbox 2020 703 3571 776">
     <span class='ocr_line' id='line_1_9' title="bbox 2020 703 3571 776; baseline 0 -22"><span class='ocrx_word' id='word_1_47' title='bbox 2020 710 2083 755; x_wconf 87' lang='lat' dir='ltr'><strong>ut</strong></span> <span class='ocrx_word' id='word_1_48' title='bbox 2105 703 2324 771; x_wconf 81' lang='lat' dir='ltr'><strong>genesis</strong></span> <span class='ocrx_word' id='word_1_49' title='bbox 2352 712 2457 769; x_wconf 87' lang='lat' dir='ltr'><strong>est,</strong></span> <span class='ocrx_word' id='word_1_50' title='bbox 2505 712 2561 757; x_wconf 91' lang='lat' dir='ltr'><strong>et</strong></span> <span class='ocrx_word' id='word_1_51' title='bbox 2606 703 2867 759; x_wconf 87' lang='lat' dir='ltr'><strong>tolluntur</strong></span> <span class='ocrx_word' id='word_1_52' title='bbox 2890 704 3081 776; x_wconf 80' lang='lat' dir='ltr'><strong>leges:</strong></span> <span class='ocrx_word' id='word_1_53' title='bbox 3115 712 3211 758; x_wconf 88' lang='lat' dir='ltr'><strong>aut</strong></span> <span class='ocrx_word' id='word_1_54' title='bbox 3242 703 3390 772; x_wconf 82' lang='lat' dir='ltr'><strong>leges</strong></span> <span class='ocrx_word' id='word_1_55' title='bbox 3418 712 3571 768; x_wconf 87' lang='lat' dir='ltr'><strong>sunt,</strong></span> 
     </span>
    </p>
   </div>
   <div class='ocr_carea' id='block_1_10' title="bbox 289 788 1911 865">
    <p class='ocr_par' dir='ltr' id='par_1_10' title="bbox 289 788 1891 861">
     <span class='ocr_line' id='line_1_10' title="bbox 289 788 1891 861; baseline 0.003 -23"><span class='ocrx_word' id='word_1_56' title='bbox 289 805 389 839; x_wconf 87' lang='grc' dir='ltr'><strong>νον</strong></span> <span class='ocrx_word' id='word_1_57' title='bbox 412 788 580 856; x_wconf 73' lang='grc' dir='ltr'>χωρὶς</span> <span class='ocrx_word' id='word_1_58' title='bbox 605 788 869 857; x_wconf 86' lang='grc' dir='ltr'>γενέσεως</span> <span class='ocrx_word' id='word_1_59' title='bbox 890 788 1055 857; x_wconf 80' lang='grc' dir='ltr'>φῦναί</span> <span class='ocrx_word' id='word_1_60' title='bbox 1081 790 1186 843; x_wconf 85' lang='grc' dir='ltr'>τινί</span> <span class='ocrx_word' id='word_1_61' title='bbox 1214 808 1334 844; x_wconf 88' lang='grc' dir='ltr'>τινα</span> <span class='ocrx_word' id='word_1_62' title='bbox 1365 791 1459 843; x_wconf 76' lang='grc' dir='ltr'><strong>καὶ</strong></span> <span class='ocrx_word' id='word_1_63' title='bbox 1479 790 1891 861; x_wconf 82' lang='grc' dir='ltr'>διαπράξασθαί</span> 
     </span>
    </p>
   </div>
   <div class='ocr_carea' id='block_1_11' title="bbox 2020 788 3570 865">
    <p class='ocr_par' dir='ltr' id='par_1_11' title="bbox 2020 795 3570 865">
     <span class='ocr_line' id='line_1_11' title="bbox 2020 795 3570 865; baseline 0.001 -20"><span class='ocrx_word' id='word_1_64' title='bbox 2020 805 2047 847; x_wconf 73' lang='grc' dir='ltr'>ιι</span> <span class='ocrx_word' id='word_1_65' title='bbox 2079 811 2182 848; x_wconf 89' lang='lat' dir='ltr'><strong>non</strong></span> <span class='ocrx_word' id='word_1_66' title='bbox 2214 804 2344 850; x_wconf 88' lang='lat' dir='ltr'><strong>sunt</strong></span> <span class='ocrx_word' id='word_1_67' title='bbox 2373 810 2494 864; x_wconf 84' lang='lat' dir='ltr'><strong>quae</strong></span> <span class='ocrx_word' id='word_1_68' title='bbox 2522 796 2706 865; x_wconf 84' lang='lat' dir='ltr'><strong>genesi</strong></span> <span class='ocrx_word' id='word_1_69' title='bbox 2768 797 3117 864; x_wconf 83' lang='lat' dir='ltr'><strong>respondent.</strong></span> <span class='ocrx_word' id='word_1_70' title='bbox 3176 795 3282 850; x_wconf 83' lang='lat' dir='ltr'><strong>Sed</strong></span> <span class='ocrx_word' id='word_1_71' title='bbox 3352 809 3458 848; x_wconf 91' lang='lat' dir='ltr'><strong>non</strong></span> <span class='ocrx_word' id='word_1_72' title='bbox 3484 803 3570 847; x_wconf 83' lang='lat' dir='ltr'><strong>est</strong></span> 
     </span>
    </p>
   </div>
   <div class='ocr_carea' id='block_1_12' title="bbox 289 877 1893 953">
    <p class='ocr_par' dir='ltr' id='par_1_12' title="bbox 289 877 1893 953">
     <span class='ocr_line' id='line_1_12' title="bbox 289 877 1893 953; baseline 0.004 -25"><span class='ocrx_word' id='word_1_73' title='bbox 289 892 383 928; x_wconf 83' lang='grc' dir='ltr'>τι·</span> <span class='ocrx_word' id='word_1_74' title='bbox 409 877 531 929; x_wconf 79' lang='grc' dir='ltr'>οὐδὲ</span> <span class='ocrx_word' id='word_1_75' title='bbox 552 877 662 947; x_wconf 81' lang='grc' dir='ltr'>γὰρ</span> <span class='ocrx_word' id='word_1_76' title='bbox 689 879 781 932; x_wconf 82' lang='grc' dir='ltr'><strong>τὸν</strong></span> <span class='ocrx_word' id='word_1_77' title='bbox 801 878 1064 932; x_wconf 87' lang='grc' dir='ltr'>δάκτυλον</span> <span class='ocrx_word' id='word_1_78' title='bbox 1091 878 1290 945; x_wconf 77' lang='grc' dir='ltr'>ἐξεῖναί</span> <span class='ocrx_word' id='word_1_79' title='bbox 1314 897 1477 949; x_wconf 84' lang='grc' dir='ltr'>φασιν</span> <span class='ocrx_word' id='word_1_80' title='bbox 1502 883 1672 953; x_wconf 74' lang='grc' dir='ltr'>χωρὶς</span> <span class='ocrx_word' id='word_1_81' title='bbox 1695 883 1893 952; x_wconf 82' lang='grc' dir='ltr'>εἱμαρ-</span> 
     </span>
    </p>
   </div>
   <div class='ocr_carea' id='block_1_13' title="bbox 296 967 1893 1043">
    <p class='ocr_par' dir='ltr' id='par_1_13' title="bbox 296 967 1893 1043">
     <span class='ocr_line' id='line_1_13' title="bbox 296 967 1893 1043; baseline 0.005 -24"><span class='ocrx_word' id='word_1_82' title='bbox 296 967 473 1037; x_wconf 84' lang='grc' dir='ltr'><strong>μένης</strong></span> <span class='ocrx_word' id='word_1_83' title='bbox 505 970 767 1039; x_wconf 77' lang='grc' dir='ltr'>κινῆσαι.</span> <span class='ocrx_word' id='word_1_84' title='bbox 799 972 958 1025; x_wconf 85' lang='grc' dir='ltr'><strong>Κατά</strong></span> <span class='ocrx_word' id='word_1_85' title='bbox 1004 974 1220 1041; x_wconf 85' lang='grc' dir='ltr'>γένεσιν</span> <span class='ocrx_word' id='word_1_86' title='bbox 1272 973 1379 1043; x_wconf 85' lang='grc' dir='ltr'>ἄρα</span> <span class='ocrx_word' id='word_1_87' title='bbox 1423 973 1518 1026; x_wconf 76' lang='grc' dir='ltr'><strong>καὶ</strong></span> <span class='ocrx_word' id='word_1_88' title='bbox 1564 973 1754 1036; x_wconf 85' lang='grc' dir='ltr'>Μίνως</span> <span class='ocrx_word' id='word_1_89' title='bbox 1796 974 1893 1027; x_wconf 77' lang='grc' dir='ltr'><strong>καὶ</strong></span> 
     </span>
    </p>
   </div>
   <div class='ocr_carea' id='block_1_14' title="bbox 314 1060 1895 1136">
    <p class='ocr_par' dir='ltr' id='par_1_14' title="bbox 314 1060 1895 1136">
     <span class='ocr_line' id='line_1_14' title="bbox 314 1060 1895 1136; baseline 0.004 -23"><span class='ocrx_word' id='word_1_90' title='bbox 314 1060 696 1131; x_wconf 82' lang='grc' dir='ltr'><strong>Ῥαδάμανθυς</strong></span> <span class='ocrx_word' id='word_1_91' title='bbox 737 1064 832 1117; x_wconf 55' lang='grc' dir='ltr'><strong>καὶ⁵</strong></span> <span class='ocrx_word' id='word_1_92' title='bbox 865 1065 1094 1134; x_wconf 82' lang='grc' dir='ltr'>Δράκων</span> <span class='ocrx_word' id='word_1_93' title='bbox 1127 1066 1222 1119; x_wconf 79' lang='grc' dir='ltr'><strong>καὶ</strong></span> <span class='ocrx_word' id='word_1_94' title='bbox 1248 1064 1563 1136; x_wconf 78' lang='grc' dir='ltr'>Λυκοῦργος</span> <span class='ocrx_word' id='word_1_95' title='bbox 1593 1067 1687 1121; x_wconf 78' lang='grc' dir='ltr'>καὶ</span> <span class='ocrx_word' id='word_1_96' title='bbox 1717 1066 1895 1119; x_wconf 82' lang='grc' dir='ltr'><strong>Σόλων</strong></span> 
     </span>
    </p>
   </div>
   <div class='ocr_carea' id='block_1_15' title="bbox 294 1149 1897 1223">
    <p class='ocr_par' dir='ltr' id='par_1_15' title="bbox 294 1149 1897 1223">
     <span class='ocr_line' id='line_1_15' title="bbox 294 1149 1897 1223; baseline 0.006 -23"><span class='ocrx_word' id='word_1_97' title='bbox 294 1149 399 1201; x_wconf 73' lang='grc' dir='ltr'>καὶ</span> <span class='ocrx_word' id='word_1_98' title='bbox 430 1150 702 1213; x_wconf 87' lang='grc' dir='ltr'>Ζάλευκος</span> <span class='ocrx_word' id='word_1_99' title='bbox 732 1153 1019 1220; x_wconf 83' lang='grc' dir='ltr'>νομοθέται</span> <span class='ocrx_word' id='word_1_100' title='bbox 1067 1153 1264 1223; x_wconf 81' lang='grc' dir='ltr'>φύντες</span> <span class='ocrx_word' id='word_1_101' title='bbox 1307 1154 1621 1219; x_wconf 83' lang='grc' dir='ltr'>διετάξαντο</span> <span class='ocrx_word' id='word_1_102' title='bbox 1650 1157 1782 1219; x_wconf 81' lang='grc' dir='ltr'>τοὺς</span> <span class='ocrx_word' id='word_1_103' title='bbox 1808 1156 1897 1208; x_wconf 77' lang='grc' dir='ltr'>νόο-</span> 
     </span>
    </p>
   </div>
   <div class='ocr_carea' id='block_1_16' title="bbox 305 1241 1896 1320">
    <p class='ocr_par' dir='ltr' id='par_1_16' title="bbox 305 1241 1896 1320">
     <span class='ocr_line' id='line_1_16' title="bbox 305 1241 1896 1320; baseline 0.008 -29"><span class='ocrx_word' id='word_1_104' title='bbox 305 1257 464 1309; x_wconf 83' lang='grc' dir='ltr'>μους,</span> <span class='ocrx_word' id='word_1_105' title='bbox 490 1241 936 1312; x_wconf 82' lang='grc' dir='ltr'>ἀπαγορεύοντας</span> <span class='ocrx_word' id='word_1_106' title='bbox 968 1245 1176 1307; x_wconf 87' lang='grc' dir='ltr'>κλοπάς</span> <span class='ocrx_word' id='word_1_107' title='bbox 1208 1247 1403 1315; x_wconf 85' lang='grc' dir='ltr'>φόνους</span> <span class='ocrx_word' id='word_1_108' title='bbox 1439 1250 1534 1301; x_wconf 81' lang='grc' dir='ltr'><strong>καὶ</strong></span> <span class='ocrx_word' id='word_1_109' title='bbox 1560 1249 1629 1301; x_wconf 81' lang='grc' dir='ltr'>τὰ</span> <span class='ocrx_word' id='word_1_110' title='bbox 1655 1250 1837 1320; x_wconf 85' lang='grc' dir='ltr'>ὅμοια,</span> <span class='ocrx_word' id='word_1_111' title='bbox 1859 1248 1896 1304; x_wconf 79' lang='grc' dir='ltr'>ἃ</span> 
     </span>
    </p>
   </div>
   <div class='ocr_carea' id='block_1_17' title="bbox 307 1331 1897 1411">
    <p class='ocr_par' dir='ltr' id='par_1_17' title="bbox 307 1331 1897 1411">
     <span class='ocr_line' id='line_1_17' title="bbox 307 1331 1897 1411; baseline 0.009 -29"><span class='ocrx_word' id='word_1_112' title='bbox 307 1331 447 1383; x_wconf 80' lang='grc' dir='ltr'>κατά</span> <span class='ocrx_word' id='word_1_113' title='bbox 492 1333 713 1400; x_wconf 82' lang='grc' dir='ltr'>γένεσιν</span> <span class='ocrx_word' id='word_1_114' title='bbox 785 1337 1203 1406; x_wconf 79' lang='grc' dir='ltr'>ὲπισυμϐαίνειν</span> <span class='ocrx_word' id='word_1_115' title='bbox 1244 1339 1686 1410; x_wconf 83' lang='grc' dir='ltr'>δογματίζουσιν.</span> <span class='ocrx_word' id='word_1_116' title='bbox 1714 1343 1897 1411; x_wconf 77' lang='grc' dir='ltr'>Ὅπερ</span> 
     </span>
    </p>
   </div>
   <div class='ocr_carea' id='block_1_18' title="bbox 306 1420 1900 1501">
    <p class='ocr_par' dir='ltr' id='par_1_18' title="bbox 306 1420 1900 1501">
     <span class='ocr_line' id='line_1_18' title="bbox 306 1420 1900 1501; baseline 0.009 -30"><span class='ocrx_word' id='word_1_117' title='bbox 306 1420 569 1474; x_wconf 81' lang='grc' dir='ltr'>ἀδύνατον</span> <span class='ocrx_word' id='word_1_118' title='bbox 592 1438 607 1453; x_wconf 82' lang='grc'><strong>⁸</strong></span> <span class='ocrx_word' id='word_1_119' title='bbox 643 1423 781 1495; x_wconf 82' lang='grc' dir='ltr'>αὐτὴ</span> <span class='ocrx_word' id='word_1_120' title='bbox 806 1426 916 1496; x_wconf 83' lang='grc' dir='ltr'><strong>γάρ</strong></span> <span class='ocrx_word' id='word_1_121' title='bbox 942 1426 1009 1479; x_wconf 81' lang='grc' dir='ltr'><strong>ἂν</strong></span> <span class='ocrx_word' id='word_1_122' title='bbox 1045 1427 1137 1496; x_wconf 82' lang='grc' dir='ltr'><strong>ὑφ’</strong></span> <span class='ocrx_word' id='word_1_123' title='bbox 1160 1430 1362 1500; x_wconf 78' lang='grc' dir='ltr'>ἑαυτῆς</span> <span class='ocrx_word' id='word_1_124' title='bbox 1390 1432 1646 1501; x_wconf 82' lang='grc' dir='ltr'>ἀνῃρεῖτο</span> <span class='ocrx_word' id='word_1_125' title='bbox 1676 1434 1710 1501; x_wconf 81' lang='grc' dir='ltr'>ἡ</span> <span class='ocrx_word' id='word_1_126' title='bbox 1736 1433 1783 1464; x_wconf 79' lang='grc'>²⁶</span> <span class='ocrx_word' id='word_1_127' title='bbox 1809 1433 1900 1500; x_wconf 85' lang='grc' dir='ltr'>γέ-</span> 
     </span>
    </p>
   </div>
   <div class='ocr_carea' id='block_1_19' title="bbox 304 1514 1897 1595">
    <p class='ocr_par' dir='ltr' id='par_1_19' title="bbox 304 1514 1897 1595">
     <span class='ocr_line' id='line_1_19' title="bbox 304 1514 1897 1595; baseline 0.009 -31"><span class='ocrx_word' id='word_1_128' title='bbox 304 1529 478 1577; x_wconf 85' lang='grc' dir='ltr'>νεσις,</span> <span class='ocrx_word' id='word_1_129' title='bbox 512 1514 651 1586; x_wconf 80' lang='grc' dir='ltr'>αὑτὴ</span> <span class='ocrx_word' id='word_1_130' title='bbox 682 1517 882 1588; x_wconf 81' lang='grc' dir='ltr'>ἑαυτὴν</span> <span class='ocrx_word' id='word_1_131' title='bbox 916 1519 1217 1589; x_wconf 81' lang='grc' dir='ltr'>ἀκυροῦσα,</span> <span class='ocrx_word' id='word_1_132' title='bbox 1250 1523 1345 1577; x_wconf 74' lang='grc' dir='ltr'><strong>καὶ</strong></span> <span class='ocrx_word' id='word_1_133' title='bbox 1376 1523 1614 1578; x_wconf 76' lang='grc' dir='ltr'>ἐνταῦθα</span> <span class='ocrx_word' id='word_1_134' title='bbox 1661 1525 1761 1595; x_wconf 82' lang='grc' dir='ltr'>μὲν</span> <span class='ocrx_word' id='word_1_135' title='bbox 1793 1526 1897 1579; x_wconf 83' lang='grc' dir='ltr'><strong>ἀπ-</strong></span> 
     </span>
    </p>
   </div>
   <div class='ocr_carea' id='block_1_20' title="bbox 299 1609 1900 1686">
    <p class='ocr_par' dir='ltr' id='par_1_20' title="bbox 299 1609 1900 1686">
     <span class='ocr_line' id='line_1_20' title="bbox 299 1609 1900 1686; baseline 0.007 -27"><span class='ocrx_word' id='word_1_136' title='bbox 299 1609 703 1678; x_wconf 80' lang='grc' dir='ltr'>αγορευτικοὺς</span> <span class='ocrx_word' id='word_1_137' title='bbox 750 1610 1000 1680; x_wconf 78' lang='grc' dir='ltr'>μοιχείας</span> <span class='ocrx_word' id='word_1_138' title='bbox 1043 1614 1137 1666; x_wconf 59' lang='grc' dir='ltr'><strong>καὶ⁹</strong></span> <span class='ocrx_word' id='word_1_139' title='bbox 1176 1614 1286 1666; x_wconf 89' lang='grc' dir='ltr'><strong>τῶν</strong></span> <span class='ocrx_word' id='word_1_140' title='bbox 1318 1614 1495 1669; x_wconf 78' lang='grc' dir='ltr'>ἄλλων</span> <span class='ocrx_word' id='word_1_141' title='bbox 1522 1616 1720 1686; x_wconf 84' lang='grc' dir='ltr'>νόμους</span> <span class='ocrx_word' id='word_1_142' title='bbox 1751 1616 1900 1670; x_wconf 86' lang='grc' dir='ltr'>τιθε-</span> 
     </span>
    </p>
   </div>
   <div class='ocr_carea' id='block_1_21' title="bbox 307 1698 1903 1777">
    <p class='ocr_par' dir='ltr' id='par_1_21' title="bbox 307 1698 1903 1777">
     <span class='ocr_line' id='line_1_21' title="bbox 307 1698 1903 1777; baseline 0.008 -29"><span class='ocrx_word' id='word_1_143' title='bbox 307 1698 474 1767; x_wconf 83' lang='grc' dir='ltr'>μένη,</span> <span class='ocrx_word' id='word_1_144' title='bbox 506 1698 745 1752; x_wconf 80' lang='grc' dir='ltr'>ἐνταῦθα</span> <span class='ocrx_word' id='word_1_145' title='bbox 788 1699 845 1752; x_wconf 81' lang='grc' dir='ltr'>δὲ</span> <span class='ocrx_word' id='word_1_146' title='bbox 888 1703 1017 1763; x_wconf 82' lang='grc' dir='ltr'>τοὺς</span> <span class='ocrx_word' id='word_1_147' title='bbox 1062 1703 1261 1772; x_wconf 84' lang='grc' dir='ltr'>νόμους</span> <span class='ocrx_word' id='word_1_148' title='bbox 1278 1705 1325 1736; x_wconf 75' lang='grc'><strong>³⁷</strong></span> <span class='ocrx_word' id='word_1_149' title='bbox 1368 1706 1465 1759; x_wconf 76' lang='grc' dir='ltr'>καὶ</span> <span class='ocrx_word' id='word_1_150' title='bbox 1509 1706 1608 1771; x_wconf 82' lang='grc' dir='ltr'><strong>τὰς</strong></span> <span class='ocrx_word' id='word_1_151' title='bbox 1658 1707 1903 1777; x_wconf 83' lang='grc' dir='ltr'>μοιχείας</span> 
     </span>
    </p>
   </div>
   <div class='ocr_carea' id='block_1_22' title="bbox 1993 885 3577 955">
    <p class='ocr_par' dir='ltr' id='par_1_22' title="bbox 1993 885 3577 955">
     <span class='ocr_line' id='line_1_22' title="bbox 1993 885 3577 955; baseline -0.001 -16"><span class='ocrx_word' id='word_1_152' title='bbox 1993 885 2268 954; x_wconf 87' lang='lat' dir='ltr'><strong>possibile,</strong></span> <span class='ocrx_word' id='word_1_153' title='bbox 2298 886 2567 955; x_wconf 89' lang='lat' dir='ltr'><strong>inquiunt,</strong></span> <span class='ocrx_word' id='word_1_154' title='bbox 2592 886 2877 955; x_wconf 85' lang='lat' dir='ltr'><strong>quisquam</strong></span> <span class='ocrx_word' id='word_1_155' title='bbox 2908 897 2966 941; x_wconf 88' lang='lat' dir='ltr'><strong>ut</strong></span> <span class='ocrx_word' id='word_1_156' title='bbox 2994 896 3271 951; x_wconf 86' lang='lat' dir='ltr'><strong>nascatur,</strong></span> <span class='ocrx_word' id='word_1_157' title='bbox 3302 894 3371 939; x_wconf 86' lang='lat' dir='ltr'><strong>‘ut</strong></span> <span class='ocrx_word' id='word_1_158' title='bbox 3417 885 3577 954; x_wconf 88' lang='lat' dir='ltr'><strong>quid-</strong></span> 
     </span>
    </p>
   </div>
   <div class='ocr_carea' id='block_1_23' title="bbox 1996 977 3575 1048">
    <p class='ocr_par' dir='ltr' id='par_1_23' title="bbox 1996 977 3575 1048">
     <span class='ocr_line' id='line_1_23' title="bbox 1996 977 3575 1048; baseline 0.003 -22"><span class='ocrx_word' id='word_1_159' title='bbox 1996 992 2156 1043; x_wconf 86' lang='lat' dir='ltr'><strong>quam</strong></span> <span class='ocrx_word' id='word_1_160' title='bbox 2198 991 2227 1030; x_wconf 90' lang='lat' dir='ltr'><strong>a</strong></span> <span class='ocrx_word' id='word_1_161' title='bbox 2261 992 2533 1047; x_wconf 87' lang='lat' dir='ltr'><strong>quoquam</strong></span> <span class='ocrx_word' id='word_1_162' title='bbox 2575 979 2667 1031; x_wconf 87' lang='lat' dir='ltr'><strong>tiat</strong></span> <span class='ocrx_word' id='word_1_163' title='bbox 2716 978 2835 1033; x_wconf 87' lang='lat' dir='ltr'><strong>sine</strong></span> <span class='ocrx_word' id='word_1_164' title='bbox 2873 979 3083 1048; x_wconf 82' lang='lat' dir='ltr'><strong>genesi,</strong></span> <span class='ocrx_word' id='word_1_165' title='bbox 3133 992 3307 1048; x_wconf 89' lang='lat' dir='ltr'><strong>neque</strong></span> <span class='ocrx_word' id='word_1_166' title='bbox 3344 977 3575 1045; x_wconf 88' lang='lat' dir='ltr'><strong>digitum</strong></span> 
     </span>
    </p>
   </div>
   <div class='ocr_carea' id='block_1_24' title="bbox 1997 1066 3578 1138">
    <p class='ocr_par' dir='ltr' id='par_1_24' title="bbox 1997 1066 3578 1138">
     <span class='ocr_line' id='line_1_24' title="bbox 1997 1066 3578 1138; baseline -0.003 -15"><span class='ocrx_word' id='word_1_167' title='bbox 1997 1068 2116 1123; x_wconf 89' lang='lat' dir='ltr'><strong>sine</strong></span> <span class='ocrx_word' id='word_1_168' title='bbox 2171 1066 2283 1122; x_wconf 83' lang='lat' dir='ltr'><strong>fato</strong></span> <span class='ocrx_word' id='word_1_169' title='bbox 2332 1083 2490 1138; x_wconf 85' lang='lat' dir='ltr'><strong>posse</strong></span> <span class='ocrx_word' id='word_1_170' title='bbox 2537 1069 2741 1123; x_wconf 88' lang='lat' dir='ltr'><strong>moveri</strong></span> <span class='ocrx_word' id='word_1_171' title='bbox 2780 1068 2951 1123; x_wconf 88' lang='lat' dir='ltr'><strong>aiunt.</strong></span> <span class='ocrx_word' id='word_1_172' title='bbox 3000 1069 3084 1123; x_wconf 88' lang='lat' dir='ltr'><strong>An</strong></span> <span class='ocrx_word' id='word_1_173' title='bbox 3114 1082 3246 1137; x_wconf 90' lang='lat' dir='ltr'><strong>ergo</strong></span> <span class='ocrx_word' id='word_1_174' title='bbox 3276 1068 3578 1122; x_wconf 89' lang='lat' dir='ltr'><strong>secundum</strong></span> 
     </span>
    </p>
   </div>
   <div class='ocr_carea' id='block_1_25' title="bbox 1997 1157 3578 1230">
    <p class='ocr_par' dir='ltr' id='par_1_25' title="bbox 1997 1157 3578 1230">
     <span class='ocr_line' id='line_1_25' title="bbox 1997 1157 3578 1230; baseline -0.003 -15"><span class='ocrx_word' id='word_1_175' title='bbox 1997 1161 2217 1230; x_wconf 87' lang='lat' dir='ltr'><strong>genesin</strong></span> <span class='ocrx_word' id='word_1_176' title='bbox 2248 1163 2359 1215; x_wconf 87' lang='lat' dir='ltr'><strong>nati</strong></span> <span class='ocrx_word' id='word_1_177' title='bbox 2404 1160 2599 1226; x_wconf 89' lang='lat' dir='ltr'><strong>Minos,</strong></span> <span class='ocrx_word' id='word_1_178' title='bbox 2625 1161 3064 1224; x_wconf 82' lang='lat' dir='ltr'><strong>Rhadamantus,</strong></span> <span class='ocrx_word' id='word_1_179' title='bbox 3099 1159 3334 1223; x_wconf 83' lang='lat' dir='ltr'><strong>Dracon,</strong></span> <span class='ocrx_word' id='word_1_180' title='bbox 3369 1157 3578 1230; x_wconf 83' lang='lat' dir='ltr'><strong>Lycur-</strong></span> 
     </span>
    </p>
   </div>
   <div class='ocr_carea' id='block_1_26' title="bbox 1998 1251 3583 1325">
    <p class='ocr_par' dir='ltr' id='par_1_26' title="bbox 1998 1251 3583 1325">
     <span class='ocr_line' id='line_1_26' title="bbox 1998 1251 3583 1325; baseline -0.004 -16"><span class='ocrx_word' id='word_1_181' title='bbox 1998 1269 2136 1325; x_wconf 87' lang='lat' dir='ltr'><strong>gus,</strong></span> <span class='ocrx_word' id='word_1_182' title='bbox 2196 1253 2399 1319; x_wconf 90' lang='lat' dir='ltr'><strong>Solon,</strong></span> <span class='ocrx_word' id='word_1_183' title='bbox 2453 1254 2712 1309; x_wconf 87' lang='lat' dir='ltr'><strong>Seleucus</strong></span> <span class='ocrx_word' id='word_1_184' title='bbox 2759 1254 3133 1324; x_wconf 86' lang='lat' dir='ltr'><strong>legislatores,</strong></span> <span class='ocrx_word' id='word_1_185' title='bbox 3198 1252 3343 1323; x_wconf 88' lang='lat' dir='ltr'><strong>leges</strong></span> <span class='ocrx_word' id='word_1_186' title='bbox 3393 1251 3583 1305; x_wconf 84' lang='lat' dir='ltr'><strong>condi-</strong></span> 
     </span>
    </p>
   </div>
   <div class='ocr_carea' id='block_1_27' title="bbox 1998 1345 3586 1416">
    <p class='ocr_par' dir='ltr' id='par_1_27' title="bbox 1998 1345 3586 1416">
     <span class='ocr_line' id='line_1_27' title="bbox 1998 1345 3586 1416; baseline -0.002 -17"><span class='ocrx_word' id='word_1_187' title='bbox 1998 1347 2195 1400; x_wconf 86' lang='lat' dir='ltr'><strong>derunt</strong></span> <span class='ocrx_word' id='word_1_188' title='bbox 2242 1360 2363 1416; x_wconf 73' lang='lat' dir='ltr'><strong>qua:</strong></span> <span class='ocrx_word' id='word_1_189' title='bbox 2416 1347 2743 1401; x_wconf 87' lang='lat' dir='ltr'><strong>damnarunt</strong></span> <span class='ocrx_word' id='word_1_190' title='bbox 2772 1347 2937 1410; x_wconf 80' lang='lat' dir='ltr'><strong>furta,</strong></span> <span class='ocrx_word' id='word_1_191' title='bbox 2978 1348 3173 1408; x_wconf 67' lang='lat' dir='ltr'><strong>caedes,</strong></span> <span class='ocrx_word' id='word_1_192' title='bbox 3228 1353 3282 1399; x_wconf 89' lang='lat' dir='ltr'><strong>et</strong></span> <span class='ocrx_word' id='word_1_193' title='bbox 3330 1345 3435 1399; x_wconf 84' lang='lat' dir='ltr'><strong>hoc</strong></span> <span class='ocrx_word' id='word_1_194' title='bbox 3491 1357 3586 1413; x_wconf 82' lang='lat' dir='ltr'><strong>ge-</strong></span> 
     </span>
    </p>
   </div>
   <div class='ocr_carea' id='block_1_28' title="bbox 2002 1436 3671 1509">
    <p class='ocr_par' dir='ltr' id='par_1_28' title="bbox 2002 1436 3671 1509">
     <span class='ocr_line' id='line_1_28' title="bbox 2002 1436 3671 1509; baseline -0.002 -18"><span class='ocrx_word' id='word_1_195' title='bbox 2002 1453 2103 1495; x_wconf 87' lang='lat' dir='ltr'><strong>nus</strong></span> <span class='ocrx_word' id='word_1_196' title='bbox 2153 1438 2278 1503; x_wconf 89' lang='lat' dir='ltr'><strong>alia,</strong></span> <span class='ocrx_word' id='word_1_197' title='bbox 2331 1453 2453 1507; x_wconf 70' lang='lat' dir='ltr'><strong>quae</strong></span> <span class='ocrx_word' id='word_1_198' title='bbox 2515 1438 2627 1493; x_wconf 82' lang='lat' dir='ltr'><strong>fato</strong></span> <span class='ocrx_word' id='word_1_199' title='bbox 2670 1440 2787 1493; x_wconf 84' lang='lat' dir='ltr'><strong>ﬁeri</strong></span> <span class='ocrx_word' id='word_1_200' title='bbox 2832 1454 2927 1493; x_wconf 92' lang='lat' dir='ltr'><strong>seu</strong></span> <span class='ocrx_word' id='word_1_201' title='bbox 2988 1439 3171 1508; x_wconf 79' lang='lat' dir='ltr'><strong>genesi</strong></span> <span class='ocrx_word' id='word_1_202' title='bbox 3228 1436 3584 1502; x_wconf 89' lang='lat' dir='ltr'><strong>contendunt,</strong></span> <span class='ocrx_word' id='word_1_203' title='bbox 3670 1506 3671 1509; x_wconf 15' lang='grc' dir='ltr'><strong>η</strong></span> 
     </span>
    </p>
   </div>
   <div class='ocr_carea' id='block_1_29' title="bbox 2002 1530 3575 1602">
    <p class='ocr_par' dir='ltr' id='par_1_29' title="bbox 2002 1530 3575 1602">
     <span class='ocr_line' id='line_1_29' title="bbox 2002 1530 3575 1602; baseline -0.001 -18"><span class='ocrx_word' id='word_1_204' title='bbox 2002 1530 2145 1600; x_wconf 89' lang='lat' dir='ltr'><strong>quod</strong></span> <span class='ocrx_word' id='word_1_205' title='bbox 2176 1530 2295 1585; x_wconf 81' lang='lat' dir='ltr'><strong>ﬁeri</strong></span> <span class='ocrx_word' id='word_1_206' title='bbox 2324 1547 2430 1587; x_wconf 92' lang='lat' dir='ltr'><strong>non</strong></span> <span class='ocrx_word' id='word_1_207' title='bbox 2484 1541 2681 1601; x_wconf 78' lang='lat' dir='ltr'><strong>potest,</strong></span> <span class='ocrx_word' id='word_1_208' title='bbox 2727 1548 2853 1586; x_wconf 90' lang='lat' dir='ltr'><strong>nam</strong></span> <span class='ocrx_word' id='word_1_209' title='bbox 2890 1533 3104 1602; x_wconf 87' lang='lat' dir='ltr'><strong>genesis</strong></span> <span class='ocrx_word' id='word_1_210' title='bbox 3136 1545 3165 1584; x_wconf 85' lang='lat' dir='ltr'><strong>a</strong></span> <span class='ocrx_word' id='word_1_211' title='bbox 3201 1531 3380 1597; x_wconf 84' lang='lat' dir='ltr'><strong>seipsa</strong></span> <span class='ocrx_word' id='word_1_212' title='bbox 3424 1544 3575 1585; x_wconf 87' lang='lat' dir='ltr'><strong>ever-</strong></span> 
     </span>
    </p>
   </div>
   <div class='ocr_carea' id='block_1_30' title="bbox 2004 1620 3584 1694">
    <p class='ocr_par' dir='ltr' id='par_1_30' title="bbox 2004 1620 3584 1694">
     <span class='ocr_line' id='line_1_30' title="bbox 2004 1620 3584 1694; baseline -0.003 -16"><span class='ocrx_word' id='word_1_213' title='bbox 2004 1634 2246 1690; x_wconf 87' lang='lat' dir='ltr'><strong>teretur,</strong></span> <span class='ocrx_word' id='word_1_214' title='bbox 2290 1627 2416 1681; x_wconf 90' lang='lat' dir='ltr'><strong>dum</strong></span> <span class='ocrx_word' id='word_1_215' title='bbox 2443 1624 2559 1694; x_wconf 90' lang='lat' dir='ltr'><strong>ipsa</strong></span> <span class='ocrx_word' id='word_1_216' title='bbox 2614 1624 2850 1693; x_wconf 83' lang='lat' dir='ltr'><strong>seipsam</strong></span> <span class='ocrx_word' id='word_1_217' title='bbox 2884 1632 3221 1678; x_wconf 81' lang='lat' dir='ltr'><strong>exauctorat.</strong></span> <span class='ocrx_word' id='word_1_218' title='bbox 3254 1621 3395 1675; x_wconf 87' lang='lat' dir='ltr'><strong>Hinc</strong></span> <span class='ocrx_word' id='word_1_219' title='bbox 3437 1620 3584 1674; x_wconf 89' lang='lat' dir='ltr'><strong>enim</strong></span> 
     </span>
    </p>
   </div>
   <div class='ocr_carea' id='block_1_31' title="bbox 2004 1712 3584 1787">
    <p class='ocr_par' dir='ltr' id='par_1_31' title="bbox 2004 1712 3584 1787">
     <span class='ocr_line' id='line_1_31' title="bbox 2004 1712 3584 1787; baseline -0.004 -15"><span class='ocrx_word' id='word_1_220' title='bbox 2004 1726 2169 1787; x_wconf 89' lang='lat' dir='ltr'><strong>ponat</strong></span> <span class='ocrx_word' id='word_1_221' title='bbox 2198 1717 2414 1785; x_wconf 86' lang='lat' dir='ltr'><strong>genesis</strong></span> <span class='ocrx_word' id='word_1_222' title='bbox 2444 1716 2591 1785; x_wconf 86' lang='lat' dir='ltr'><strong>leges</strong></span> <span class='ocrx_word' id='word_1_223' title='bbox 2631 1729 2753 1785; x_wconf 83' lang='lat' dir='ltr'><strong>quae</strong></span> <span class='ocrx_word' id='word_1_224' title='bbox 2793 1714 3058 1769; x_wconf 88' lang='lat' dir='ltr'><strong>adulteria</strong></span> <span class='ocrx_word' id='word_1_225' title='bbox 3089 1724 3146 1768; x_wconf 89' lang='lat' dir='ltr'><strong>et</strong></span> <span class='ocrx_word' id='word_1_226' title='bbox 3192 1713 3296 1767; x_wconf 87' lang='lat' dir='ltr'><strong>alia</strong></span> <span class='ocrx_word' id='word_1_227' title='bbox 3350 1712 3584 1766; x_wconf 89' lang='lat' dir='ltr'><strong>crimina</strong></span> 
     </span>
    </p>
   </div>
   <div class='ocr_carea' id='block_1_32' title="bbox 302 1787 1911 1880">
    <p class='ocr_par' dir='ltr' id='par_1_32' title="bbox 302 1787 1903 1880">
     <span class='ocr_line' id='line_1_32' title="bbox 302 1787 1903 1880; baseline 0.011 -44"><span class='ocrx_word' id='word_1_228' title='bbox 302 1787 653 1880; x_wconf 74' lang='grc' dir='ltr'>ἐργαζομένη</span> <span class='ocrx_word' id='word_1_229' title='bbox 678 1804 692 1819; x_wconf 79' lang='grc' dir='ltr'><strong>ο</strong></span> <span class='ocrx_word' id='word_1_230' title='bbox 721 1788 874 1843; x_wconf 78' lang='grc' dir='ltr'>οὐδὲν</span> <span class='ocrx_word' id='word_1_231' title='bbox 903 1791 1013 1861; x_wconf 84' lang='grc' dir='ltr'>γὰρ</span> <span class='ocrx_word' id='word_1_232' title='bbox 1041 1792 1329 1850; x_wconf 85' lang='grc' dir='ltr'>ἀλλόκοτον</span> <span class='ocrx_word' id='word_1_233' title='bbox 1375 1795 1490 1871; x_wconf 80' lang='grc' dir='ltr'>[αὖ]</span> <span class='ocrx_word' id='word_1_234' title='bbox 1544 1798 1680 1853; x_wconf 83' lang='grc' dir='ltr'>αὐτὸ</span> <span class='ocrx_word' id='word_1_235' title='bbox 1722 1799 1903 1870; x_wconf 80' lang='grc' dir='ltr'>ἑαυτῷ</span> 
     </span>
    </p>
   </div>
   <div class='ocr_carea' id='block_1_33' title="bbox 2020 1787 3587 1880">
    <p class='ocr_par' dir='ltr' id='par_1_33' title="bbox 2020 1804 3587 1880">
     <span class='ocr_line' id='line_1_33' title="bbox 2020 1804 3587 1880; baseline -0.004 -16"><span class='ocrx_word' id='word_1_236' title='bbox 2020 1810 2285 1876; x_wconf 86' lang='lat' dir='ltr'><strong>lamnant,</strong></span> <span class='ocrx_word' id='word_1_237' title='bbox 2316 1807 2465 1864; x_wconf 89' lang='lat' dir='ltr'><strong>illinc</strong></span> <span class='ocrx_word' id='word_1_238' title='bbox 2493 1822 2623 1863; x_wconf 90' lang='lat' dir='ltr'><strong>vero</strong></span> <span class='ocrx_word' id='word_1_239' title='bbox 2647 1806 2857 1880; x_wconf 90' lang='lat' dir='ltr'><strong>[eadem</strong></span> <span class='ocrx_word' id='word_1_240' title='bbox 2882 1805 3120 1879; x_wconf 88' lang='lat' dir='ltr'><strong>genesis]</strong></span> <span class='ocrx_word' id='word_1_241' title='bbox 3147 1807 3323 1860; x_wconf 72' lang='lat' dir='ltr'><strong>czedes</strong></span> <span class='ocrx_word' id='word_1_242' title='bbox 3354 1812 3409 1860; x_wconf 91' lang='lat' dir='ltr'><strong>et</strong></span> <span class='ocrx_word' id='word_1_243' title='bbox 3436 1804 3587 1858; x_wconf 87' lang='lat' dir='ltr'><strong>adul-</strong></span> 
     </span>
    </p>
   </div>
   <div class='ocr_carea' id='block_1_34' title="bbox 308 1861 1911 1973">
    <p class='ocr_par' dir='ltr' id='par_1_34' title="bbox 308 1861 1904 1973">
     <span class='ocr_line' id='line_1_34' title="bbox 308 1861 1904 1973; baseline 0.011 -43"><span class='ocrx_word' id='word_1_244' title='bbox 308 1879 625 1973; x_wconf 77' lang='grc' dir='ltr'>μαχόμενον</span> <span class='ocrx_word' id='word_1_245' title='bbox 669 1884 766 1937; x_wconf 78' lang='grc' dir='ltr'>καὶ</span> <span class='ocrx_word' id='word_1_246' title='bbox 814 1884 946 1938; x_wconf 82' lang='grc' dir='ltr'>αὐτὸ</span> <span class='ocrx_word' id='word_1_247' title='bbox 985 1887 1146 1941; x_wconf 80' lang='grc' dir='ltr'>ἑαυτὸ</span> <span class='ocrx_word' id='word_1_248' title='bbox 1176 1861 1751 1947; x_wconf 30' lang='grc' dir='ltr'>καταλύεινῦσπεῦδον.</span> <span class='ocrx_word' id='word_1_249' title='bbox 1789 1861 1904 1947; x_wconf 72' lang='grc' dir='ltr'><strong>Οὐκ</strong></span> 
     </span>
    </p>
   </div>
   <div class='ocr_carea' id='block_1_35' title="bbox 2020 1861 3588 1973">
    <p class='ocr_par' dir='ltr' id='par_1_35' title="bbox 2020 1897 3588 1973">
     <span class='ocr_line' id='line_1_35' title="bbox 2020 1897 3588 1973; baseline -0.007 -15"><span class='ocrx_word' id='word_1_250' title='bbox 2020 1904 2142 1958; x_wconf 72' lang='lat' dir='ltr'><strong>Leria</strong></span> <span class='ocrx_word' id='word_1_251' title='bbox 2175 1913 2432 1973; x_wconf 88' lang='lat' dir='ltr'><strong>operetur</strong></span> <span class='ocrx_word' id='word_1_252' title='bbox 2460 1919 2476 1957; x_wconf 90' lang='lat'><strong>:</strong></span> <span class='ocrx_word' id='word_1_253' title='bbox 2514 1902 2649 1955; x_wconf 89' lang='lat' dir='ltr'><strong>nihil</strong></span> <span class='ocrx_word' id='word_1_254' title='bbox 2683 1900 2829 1955; x_wconf 92' lang='lat' dir='ltr'><strong>enim</strong></span> <span class='ocrx_word' id='word_1_255' title='bbox 2859 1899 3001 1954; x_wconf 86' lang='lat' dir='ltr'><strong>idem</strong></span> <span class='ocrx_word' id='word_1_256' title='bbox 3024 1914 3054 1953; x_wconf 85' lang='lat' dir='ltr'><strong>a</strong></span> <span class='ocrx_word' id='word_1_257' title='bbox 3073 1899 3255 1965; x_wconf 88' lang='lat' dir='ltr'><strong>seipso</strong></span> <span class='ocrx_word' id='word_1_258' title='bbox 3285 1897 3588 1959; x_wconf 82' lang='lat' dir='ltr'><strong>diversum,</strong></span> 
     </span>
    </p>
   </div>
   <div class='ocr_carea' id='block_1_36' title="bbox 306 1968 694 2039">
    <p class='ocr_par' dir='ltr' id='par_1_36' title="bbox 306 1968 694 2039">
     <span class='ocr_line' id='line_1_36' title="bbox 306 1968 694 2039; baseline 0.013 -18"><span class='ocrx_word' id='word_1_259' title='bbox 306 1968 426 2037; x_wconf 70' lang='grc' dir='ltr'><strong>ἄρα</strong></span> <span class='ocrx_word' id='word_1_260' title='bbox 460 1969 694 2039; x_wconf 88' lang='grc' dir='ltr'>γένεσις.</span> 
     </span>
    </p>
   </div>
   <div class='ocr_carea' id='block_1_37' title="bbox 383 2159 1907 2245">
    <p class='ocr_par' dir='ltr' id='par_1_37' title="bbox 383 2159 1907 2245">
     <span class='ocr_line' id='line_1_37' title="bbox 383 2159 1907 2245; baseline 0.01 -34"><span class='ocrx_word' id='word_1_261' title='bbox 383 2159 506 2212; x_wconf 83' lang='grc' dir='ltr'>Ὅτι</span> <span class='ocrx_word' id='word_1_262' title='bbox 533 2162 719 2231; x_wconf 83' lang='grc' dir='ltr'>φησὶν,</span> <span class='ocrx_word' id='word_1_263' title='bbox 764 2161 830 2215; x_wconf 87' lang='grc' dir='ltr'>Ἡ</span> <span class='ocrx_word' id='word_1_264' title='bbox 859 2164 1000 2219; x_wconf 87' lang='grc' dir='ltr'><strong>κατά</strong></span> <span class='ocrx_word' id='word_1_265' title='bbox 1043 2168 1399 2240; x_wconf 81' lang='grc' dir='ltr'>σωφροσύνην</span> <span class='ocrx_word' id='word_1_266' title='bbox 1426 2170 1594 2244; x_wconf 76' lang='grc' dir='ltr'>ἀρετὴ</span> <span class='ocrx_word' id='word_1_267' title='bbox 1633 2173 1907 2245; x_wconf 81' lang='grc' dir='ltr'>κρείσσων</span> 
     </span>
    </p>
   </div>
   <div class='ocr_carea' id='block_1_38' title="bbox 306 2250 1909 2333">
    <p class='ocr_par' dir='ltr' id='par_1_38' title="bbox 306 2250 1909 2333">
     <span class='ocr_line' id='line_1_38' title="bbox 306 2250 1909 2333; baseline 0.011 -31"><span class='ocrx_word' id='word_1_268' title='bbox 306 2250 432 2304; x_wconf 76' lang='grc' dir='ltr'>ἐστὶ</span> <span class='ocrx_word' id='word_1_269' title='bbox 460 2253 561 2321; x_wconf 84' lang='grc' dir='ltr'><strong>τῆς</strong></span> <span class='ocrx_word' id='word_1_270' title='bbox 587 2254 731 2307; x_wconf 80' lang='grc' dir='ltr'>κατὰ</span> <span class='ocrx_word' id='word_1_271' title='bbox 754 2255 1027 2326; x_wconf 83' lang='grc' dir='ltr'>ἀκρασίαν</span> <span class='ocrx_word' id='word_1_272' title='bbox 1058 2260 1277 2327; x_wconf 87' lang='grc' dir='ltr'>κακίας,</span> <span class='ocrx_word' id='word_1_273' title='bbox 1314 2263 1506 2333; x_wconf 86' lang='grc' dir='ltr'>μαθεῖν</span> <span class='ocrx_word' id='word_1_274' title='bbox 1536 2264 1651 2319; x_wconf 77' lang='grc' dir='ltr'>ἔστι</span> <span class='ocrx_word' id='word_1_275' title='bbox 1680 2266 1776 2320; x_wconf 76' lang='grc' dir='ltr'><strong>καὶ</strong></span> <span class='ocrx_word' id='word_1_276' title='bbox 1801 2266 1909 2320; x_wconf 80' lang='grc' dir='ltr'><strong>ἀπὸ</strong></span> 
     </span>
    </p>
   </div>
   <div class='ocr_carea' id='block_1_39' title="bbox 308 2342 1910 2425">
    <p class='ocr_par' dir='ltr' id='par_1_39' title="bbox 308 2342 1910 2425">
     <span class='ocr_line' id='line_1_39' title="bbox 308 2342 1910 2425; baseline 0.012 -33"><span class='ocrx_word' id='word_1_277' title='bbox 308 2342 600 2409; x_wconf 79' lang='grc' dir='ltr'>βασιλέων,</span> <span class='ocrx_word' id='word_1_278' title='bbox 639 2344 747 2396; x_wconf 85' lang='grc' dir='ltr'><strong>ἀπὸ</strong></span> <span class='ocrx_word' id='word_1_279' title='bbox 793 2346 1097 2416; x_wconf 82' lang='grc' dir='ltr'>ἀρχόντων,</span> <span class='ocrx_word' id='word_1_280' title='bbox 1125 2350 1235 2403; x_wconf 81' lang='grc' dir='ltr'><strong>ἀπὸ</strong></span> <span class='ocrx_word' id='word_1_281' title='bbox 1282 2356 1628 2425; x_wconf 83' lang='grc' dir='ltr'>στρατηγῶν,</span> <span class='ocrx_word' id='word_1_282' title='bbox 1657 2358 1766 2410; x_wconf 82' lang='grc' dir='ltr'><strong>ἀπὸ</strong></span> <span class='ocrx_word' id='word_1_283' title='bbox 1815 2359 1910 2411; x_wconf 87' lang='grc' dir='ltr'>τέ·-</span> 
     </span>
    </p>
   </div>
   <div class='ocr_carea' id='block_1_40' title="bbox 308 2432 1905 2516">
    <p class='ocr_par' dir='ltr' id='par_1_40' title="bbox 308 2432 1905 2516">
     <span class='ocr_line' id='line_1_40' title="bbox 308 2432 1905 2516; baseline 0.011 -31"><span class='ocrx_word' id='word_1_284' title='bbox 308 2449 481 2496; x_wconf 87' lang='grc' dir='ltr'>κνων,</span> <span class='ocrx_word' id='word_1_285' title='bbox 508 2432 619 2485; x_wconf 82' lang='grc' dir='ltr'><strong>ἀπὸ</strong></span> <span class='ocrx_word' id='word_1_286' title='bbox 661 2433 919 2499; x_wconf 83' lang='grc' dir='ltr'>πολιτῶν,</span> <span class='ocrx_word' id='word_1_287' title='bbox 949 2437 1062 2489; x_wconf 80' lang='grc' dir='ltr'><strong>ἀπὸ</strong></span> <span class='ocrx_word' id='word_1_288' title='bbox 1104 2440 1353 2506; x_wconf 79' lang='grc' dir='ltr'>οἰκετῶν,</span> <span class='ocrx_word' id='word_1_289' title='bbox 1381 2443 1489 2496; x_wconf 85' lang='grc' dir='ltr'><strong>ἀπὸ</strong></span> <span class='ocrx_word' id='word_1_290' title='bbox 1521 2446 1905 2516; x_wconf 84' lang='grc' dir='ltr'>παιδαγωγῶν.</span> 
     </span>
    </p>
   </div>
   <div class='ocr_carea' id='block_1_41' title="bbox 307 2523 1909 2611">
    <p class='ocr_par' dir='ltr' id='par_1_41' title="bbox 307 2523 1909 2611">
     <span class='ocr_line' id='line_1_41' title="bbox 307 2523 1909 2611; baseline 0.012 -36"><span class='ocrx_word' id='word_1_291' title='bbox 307 2523 592 2589; x_wconf 85' lang='grc' dir='ltr'>Ἕκαστος</span> <span class='ocrx_word' id='word_1_292' title='bbox 631 2525 742 2594; x_wconf 83' lang='grc' dir='ltr'>γὰρ</span> <span class='ocrx_word' id='word_1_293' title='bbox 773 2528 978 2583; x_wconf 88' lang='grc' dir='ltr'>τούτων</span> <span class='ocrx_word' id='word_1_294' title='bbox 1003 2531 1183 2603; x_wconf 83' lang='grc' dir='ltr'>ἐαυτῷ</span> <span class='ocrx_word' id='word_1_295' title='bbox 1206 2536 1300 2586; x_wconf 72' lang='grc' dir='ltr'><strong>καὶ</strong></span> <span class='ocrx_word' id='word_1_296' title='bbox 1333 2535 1412 2605; x_wconf 83' lang='grc' dir='ltr'>τῷ</span> <span class='ocrx_word' id='word_1_297' title='bbox 1441 2537 1604 2607; x_wconf 82' lang='grc' dir='ltr'>κοινῷ</span> <span class='ocrx_word' id='word_1_298' title='bbox 1633 2526 1909 2611; x_wconf 79' lang='grc' dir='ltr'>ὠφέλιμος</span> 
     </span>
    </p>
   </div>
   <div class='ocr_carea' id='block_1_42' title="bbox 304 2615 1910 2705">
    <p class='ocr_par' dir='ltr' id='par_1_42' title="bbox 304 2615 1910 2705">
     <span class='ocr_line' id='line_1_42' title="bbox 304 2615 1910 2705; baseline 0.014 -39"><span class='ocrx_word' id='word_1_299' title='bbox 304 2615 524 2683; x_wconf 86' lang='grc' dir='ltr'>γίνεται</span> <span class='ocrx_word' id='word_1_300' title='bbox 580 2620 909 2689; x_wconf 83' lang='grc' dir='ltr'>σωφρονῶν,</span> <span class='ocrx_word' id='word_1_301' title='bbox 936 2622 1343 2680; x_wconf 84' lang='grc' dir='ltr'>ἀκολασταίνων</span> <span class='ocrx_word' id='word_1_302' title='bbox 1390 2627 1437 2680; x_wconf 88' lang='grc' dir='ltr'>δ’</span> <span class='ocrx_word' id='word_1_303' title='bbox 1462 2629 1641 2701; x_wconf 81' lang='grc' dir='ltr'>ἑαυτῷ</span> <span class='ocrx_word' id='word_1_304' title='bbox 1692 2634 1787 2686; x_wconf 74' lang='grc' dir='ltr'>καὶ</span> <span class='ocrx_word' id='word_1_305' title='bbox 1830 2634 1910 2705; x_wconf 83' lang='grc' dir='ltr'>τῷ</span> 
     </span>
    </p>
   </div>
   <div class='ocr_carea' id='block_1_43' title="bbox 307 2708 805 2781">
    <p class='ocr_par' dir='ltr' id='par_1_43' title="bbox 307 2708 805 2781">
     <span class='ocr_line' id='line_1_43' title="bbox 307 2708 805 2781; baseline 0.01 -21"><span class='ocrx_word' id='word_1_306' title='bbox 307 2708 485 2777; x_wconf 85' lang='grc' dir='ltr'>κοινῷ</span> <span class='ocrx_word' id='word_1_307' title='bbox 525 2708 805 2781; x_wconf 83' lang='grc' dir='ltr'>βλαϐερός.</span> 
     </span>
    </p>
   </div>
   <div class='ocr_carea' id='block_1_44' title="bbox 392 2798 1912 2879">
    <p class='ocr_par' dir='ltr' id='par_1_44' title="bbox 392 2798 1912 2879">
     <span class='ocr_line' id='line_1_44' title="bbox 392 2798 1912 2879; baseline 0.015 -30"><span class='ocrx_word' id='word_1_308' title='bbox 392 2798 514 2852; x_wconf 88' lang='grc' dir='ltr'>Ὅτι</span> <span class='ocrx_word' id='word_1_309' title='bbox 565 2802 749 2870; x_wconf 79' lang='grc' dir='ltr'>φησὶν,</span> <span class='ocrx_word' id='word_1_310' title='bbox 767 2802 831 2856; x_wconf 83' lang='lat'><strong>&#39;0</strong></span> <span class='ocrx_word' id='word_1_311' title='bbox 868 2803 987 2872; x_wconf 81' lang='grc' dir='ltr'><strong>μὲν</strong></span> <span class='ocrx_word' id='word_1_312' title='bbox 1028 2806 1214 2876; x_wconf 82' lang='grc' dir='ltr'>νόμος</span> <span class='ocrx_word' id='word_1_313' title='bbox 1239 2812 1429 2879; x_wconf 83' lang='grc' dir='ltr'>τύπος</span> <span class='ocrx_word' id='word_1_314' title='bbox 1457 2812 1590 2867; x_wconf 76' lang='grc' dir='ltr'>ἐστὶ</span> <span class='ocrx_word' id='word_1_315' title='bbox 1621 2816 1723 2869; x_wconf 73' lang='grc' dir='ltr'><strong>καί</strong></span> <span class='ocrx_word' id='word_1_316' title='bbox 1765 2817 1912 2872; x_wconf 82' lang='grc' dir='ltr'>σκιὰ</span> 
     </span>
    </p>
   </div>
   <div class='ocr_carea' id='block_1_45' title="bbox 302 2887 1913 2977">
    <p class='ocr_par' dir='ltr' id='par_1_45' title="bbox 302 2887 1913 2977">
     <span class='ocr_line' id='line_1_45' title="bbox 302 2887 1913 2977; baseline 0.014 -36"><span class='ocrx_word' id='word_1_317' title='bbox 302 2887 431 2956; x_wconf 82' lang='grc' dir='ltr'>τῆς</span> <span class='ocrx_word' id='word_1_318' title='bbox 474 2891 727 2958; x_wconf 77' lang='grc' dir='ltr'>εἰκόνος,</span> <span class='ocrx_word' id='word_1_319' title='bbox 758 2896 1003 2950; x_wconf 79' lang='grc' dir='ltr'>τουτέστι</span> <span class='ocrx_word' id='word_1_320' title='bbox 1030 2898 1124 2957; x_wconf 81' lang='grc' dir='ltr'>τοῦ</span> <span class='ocrx_word' id='word_1_321' title='bbox 1155 2901 1490 2971; x_wconf 82' lang='grc' dir='ltr'>Εὑαγγελίου</span> <span class='ocrx_word' id='word_1_322' title='bbox 1513 2922 1528 2937; x_wconf 78' lang='grc' dir='ltr'><strong>ο</strong></span> <span class='ocrx_word' id='word_1_323' title='bbox 1565 2908 1597 2977; x_wconf 79' lang='grc' dir='ltr'><strong>ἠ</strong></span> <span class='ocrx_word' id='word_1_324' title='bbox 1639 2907 1698 2960; x_wconf 84' lang='grc' dir='ltr'>δὲ</span> <span class='ocrx_word' id='word_1_325' title='bbox 1745 2909 1913 2963; x_wconf 77' lang='grc' dir='ltr'>εἰκὼν</span> 
     </span>
    </p>
   </div>
   <div class='ocr_carea' id='block_1_46' title="bbox 302 2981 1913 3072">
    <p class='ocr_par' dir='ltr' id='par_1_46' title="bbox 302 2981 1913 3072">
     <span class='ocr_line' id='line_1_46' title="bbox 302 2981 1913 3072; baseline 0.015 -41"><span class='ocrx_word' id='word_1_326' title='bbox 302 2982 379 3032; x_wconf 87' lang='grc' dir='ltr'><strong>τὸ</strong></span> <span class='ocrx_word' id='word_1_327' title='bbox 410 2981 748 3051; x_wconf 85' lang='grc' dir='ltr'>Εὐαγγέλιον</span> <span class='ocrx_word' id='word_1_328' title='bbox 776 2987 950 3055; x_wconf 83' lang='grc' dir='ltr'>αὐτῆς</span> <span class='ocrx_word' id='word_1_329' title='bbox 977 2990 1077 3061; x_wconf 85' lang='grc' dir='ltr'><strong>τῆς</strong></span> <span class='ocrx_word' id='word_1_330' title='bbox 1108 2992 1367 3063; x_wconf 83' lang='grc' dir='ltr'>ἀληθείας</span> <span class='ocrx_word' id='word_1_331' title='bbox 1396 2996 1499 3067; x_wconf 84' lang='grc' dir='ltr'>τῆς</span> <span class='ocrx_word' id='word_1_332' title='bbox 1544 2999 1813 3072; x_wconf 79' lang='grc' dir='ltr'>ἐσομένης</span> <span class='ocrx_word' id='word_1_333' title='bbox 1852 3002 1913 3055; x_wconf 79' lang='grc' dir='ltr'>ἐν</span> 
     </span>
    </p>
   </div>
   <div class='ocr_carea' id='block_1_47' title="bbox 303 3072 1378 3157">
    <p class='ocr_par' dir='ltr' id='par_1_47' title="bbox 303 3072 1378 3157">
     <span class='ocr_line' id='line_1_47' title="bbox 303 3072 1378 3157; baseline 0.016 -35"><span class='ocrx_word' id='word_1_334' title='bbox 303 3074 385 3141; x_wconf 80' lang='grc' dir='ltr'>τῇ</span> <span class='ocrx_word' id='word_1_335' title='bbox 424 3072 655 3147; x_wconf 80' lang='grc' dir='ltr'>δευτέρᾳ</span> <span class='ocrx_word' id='word_1_336' title='bbox 691 3076 788 3130; x_wconf 78' lang='grc' dir='ltr'>τοῦ</span> <span class='ocrx_word' id='word_1_337' title='bbox 828 3080 1037 3151; x_wconf 85' lang='grc' dir='ltr'>Κυρίου</span> <span class='ocrx_word' id='word_1_338' title='bbox 1078 3086 1378 3157; x_wconf 82' lang='grc' dir='ltr'>παρουσίᾳ.</span> 
     </span>
    </p>
   </div>
   <div class='ocr_carea' id='block_1_48' title="bbox 2008 1988 3588 2064">
    <p class='ocr_par' dir='ltr' id='par_1_48' title="bbox 2008 1988 3588 2064">
     <span class='ocr_line' id='line_1_48' title="bbox 2008 1988 3588 2064; baseline -0.006 -15"><span class='ocrx_word' id='word_1_339' title='bbox 2008 2009 2193 2051; x_wconf 90' lang='lat' dir='ltr'><strong>secum</strong></span> <span class='ocrx_word' id='word_1_340' title='bbox 2224 2004 2450 2064; x_wconf 85' lang='lat' dir='ltr'><strong>pugnat,</strong></span> <span class='ocrx_word' id='word_1_341' title='bbox 2495 1994 2748 2061; x_wconf 90' lang='lat' dir='ltr'><strong>idemque</strong></span> <span class='ocrx_word' id='word_1_342' title='bbox 2778 1993 2844 2045; x_wconf 90' lang='lat' dir='ltr'><strong>ad</strong></span> <span class='ocrx_word' id='word_1_343' title='bbox 2878 1991 2959 2045; x_wconf 93' lang='lat' dir='ltr'><strong>sui</strong></span> <span class='ocrx_word' id='word_1_344' title='bbox 2996 1989 3170 2059; x_wconf 88' lang='lat' dir='ltr'><strong>ipsius</strong></span> <span class='ocrx_word' id='word_1_345' title='bbox 3199 1988 3425 2043; x_wconf 80' lang='lat' dir='ltr'><strong>exitium</strong></span> <span class='ocrx_word' id='word_1_346' title='bbox 3460 2000 3588 2040; x_wconf 85' lang='lat' dir='ltr'><strong>ver-</strong></span> 
     </span>
    </p>
   </div>
   <div class='ocr_carea' id='block_1_49' title="bbox 2009 2083 2832 2158">
    <p class='ocr_par' dir='ltr' id='par_1_49' title="bbox 2009 2083 2832 2158">
     <span class='ocr_line' id='line_1_49' title="bbox 2009 2083 2832 2158; baseline -0.007 -17"><span class='ocrx_word' id='word_1_347' title='bbox 2009 2088 2107 2158; x_wconf 88' lang='lat' dir='ltr'><strong>git.</strong></span> <span class='ocrx_word' id='word_1_348' title='bbox 2140 2085 2283 2155; x_wconf 88' lang='lat' dir='ltr'><strong>Ergo</strong></span> <span class='ocrx_word' id='word_1_349' title='bbox 2306 2084 2521 2155; x_wconf 84' lang='lat' dir='ltr'><strong>genesis</strong></span> <span class='ocrx_word' id='word_1_350' title='bbox 2545 2083 2690 2137; x_wconf 84' lang='lat' dir='ltr'><strong>nulla</strong></span> <span class='ocrx_word' id='word_1_351' title='bbox 2726 2092 2832 2137; x_wconf 91' lang='lat' dir='ltr'><strong>est.</strong></span> 
     </span>
    </p>
   </div>
   <div class='ocr_carea' id='block_1_50' title="bbox 2080 2166 3589 2244">
    <p class='ocr_par' dir='ltr' id='par_1_50' title="bbox 2080 2166 3589 2244">
     <span class='ocr_line' id='line_1_50' title="bbox 2080 2166 3589 2244; baseline -0.009 -13"><span class='ocrx_word' id='word_1_352' title='bbox 2080 2175 2479 2244; x_wconf 64' lang='lat' dir='ltr'><strong>Temperanlias</strong></span> <span class='ocrx_word' id='word_1_353' title='bbox 2529 2176 2787 2229; x_wconf 87' lang='lat' dir='ltr'><strong>virtutem</strong></span> <span class='ocrx_word' id='word_1_354' title='bbox 2819 2173 2897 2226; x_wconf 85' lang='lat' dir='ltr'><strong>ait</strong></span> <span class='ocrx_word' id='word_1_355' title='bbox 2937 2172 3215 2226; x_wconf 86' lang='lat' dir='ltr'><strong>utiliorem</strong></span> <span class='ocrx_word' id='word_1_356' title='bbox 3272 2182 3398 2224; x_wconf 87' lang='lat' dir='ltr'><strong>esse</strong></span> <span class='ocrx_word' id='word_1_357' title='bbox 3448 2166 3589 2220; x_wconf 81' lang='lat' dir='ltr'><strong>vitio</strong></span> 
     </span>
    </p>
   </div>
   <div class='ocr_carea' id='block_1_51' title="bbox 2011 2260 3593 2337">
    <p class='ocr_par' dir='ltr' id='par_1_51' title="bbox 2011 2260 3593 2337">
     <span class='ocr_line' id='line_1_51' title="bbox 2011 2260 3593 2337; baseline -0.006 -14"><span class='ocrx_word' id='word_1_358' title='bbox 2011 2268 2466 2337; x_wconf 82' lang='lat' dir='ltr'><strong>intemperantiae,</strong></span> <span class='ocrx_word' id='word_1_359' title='bbox 2490 2266 2653 2333; x_wconf 90' lang='lat' dir='ltr'><strong>idque</strong></span> <span class='ocrx_word' id='word_1_360' title='bbox 2685 2274 2873 2334; x_wconf 89' lang='lat' dir='ltr'><strong>patere</strong></span> <span class='ocrx_word' id='word_1_361' title='bbox 2918 2279 2985 2319; x_wconf 85' lang='lat' dir='ltr'><strong>ex</strong></span> <span class='ocrx_word' id='word_1_362' title='bbox 3022 2263 3267 2334; x_wconf 85' lang='lat' dir='ltr'><strong>regibus,</strong></span> <span class='ocrx_word' id='word_1_363' title='bbox 3296 2260 3593 2331; x_wconf 83' lang='lat' dir='ltr'><strong>magistra-</strong></span> 
     </span>
    </p>
   </div>
   <div class='ocr_carea' id='block_1_52' title="bbox 2013 2353 3593 2425">
    <p class='ocr_par' dir='ltr' id='par_1_52' title="bbox 2013 2353 3593 2425">
     <span class='ocr_line' id='line_1_52' title="bbox 2013 2353 3593 2425; baseline -0.007 -9"><span class='ocrx_word' id='word_1_364' title='bbox 2013 2363 2179 2425; x_wconf 87' lang='lat' dir='ltr'><strong>tibus,</strong></span> <span class='ocrx_word' id='word_1_365' title='bbox 2213 2359 2339 2415; x_wconf 85' lang='lat' dir='ltr'><strong>belli</strong></span> <span class='ocrx_word' id='word_1_366' title='bbox 2390 2360 2639 2424; x_wconf 87' lang='lat' dir='ltr'><strong>ducibus,</strong></span> <span class='ocrx_word' id='word_1_367' title='bbox 2679 2358 2828 2421; x_wconf 85' lang='lat' dir='ltr'><strong>ﬁliis,</strong></span> <span class='ocrx_word' id='word_1_368' title='bbox 2884 2356 3116 2423; x_wconf 84' lang='lat' dir='ltr'><strong>civibus,</strong></span> <span class='ocrx_word' id='word_1_369' title='bbox 3165 2354 3365 2421; x_wconf 86' lang='lat' dir='ltr'><strong>servis,</strong></span> <span class='ocrx_word' id='word_1_370' title='bbox 3408 2353 3593 2423; x_wconf 81' lang='lat' dir='ltr'><strong>paeda-</strong></span> 
     </span>
    </p>
   </div>
   <div class='ocr_carea' id='block_1_53' title="bbox 2010 2447 3593 2524">
    <p class='ocr_par' dir='ltr' id='par_1_53' title="bbox 2010 2447 3593 2524">
     <span class='ocr_line' id='line_1_53' title="bbox 2010 2447 3593 2524; baseline -0.005 -17"><span class='ocrx_word' id='word_1_371' title='bbox 2010 2452 2428 2524; x_wconf 80' lang='lat' dir='ltr'><strong>gogiszsinguli</strong></span> <span class='ocrx_word' id='word_1_372' title='bbox 2470 2451 2619 2506; x_wconf 88' lang='lat' dir='ltr'><strong>enim</strong></span> <span class='ocrx_word' id='word_1_373' title='bbox 2666 2451 2885 2514; x_wconf 87' lang='lat' dir='ltr'><strong>horum,</strong></span> <span class='ocrx_word' id='word_1_374' title='bbox 2933 2463 3059 2511; x_wconf 87' lang='lat' dir='ltr'><strong>eum</strong></span> <span class='ocrx_word' id='word_1_375' title='bbox 3111 2447 3274 2517; x_wconf 74' lang='lat'><strong>312</strong></span> <span class='ocrx_word' id='word_1_376' title='bbox 3304 2464 3336 2501; x_wconf 88' lang='lat' dir='ltr'><strong>a</strong></span> <span class='ocrx_word' id='word_1_377' title='bbox 3379 2455 3593 2515; x_wconf 87' lang='lat' dir='ltr'><strong>tempe-</strong></span> 
     </span>
    </p>
   </div>
   <div class='ocr_carea' id='block_1_54' title="bbox 2011 2539 3593 2614">
    <p class='ocr_par' dir='ltr' id='par_1_54' title="bbox 2011 2539 3593 2614">
     <span class='ocr_line' id='line_1_54' title="bbox 2011 2539 3593 2614; baseline -0.005 -13"><span class='ocrx_word' id='word_1_378' title='bbox 2011 2555 2195 2601; x_wconf 87' lang='lat' dir='ltr'><strong>ranter</strong></span> <span class='ocrx_word' id='word_1_379' title='bbox 2218 2543 2427 2609; x_wconf 86' lang='lat' dir='ltr'><strong>vivunt,</strong></span> <span class='ocrx_word' id='word_1_380' title='bbox 2471 2552 2704 2614; x_wconf 90' lang='lat' dir='ltr'><strong>prosunt</strong></span> <span class='ocrx_word' id='word_1_381' title='bbox 2737 2544 2839 2599; x_wconf 89' lang='lat' dir='ltr'><strong>sibi</strong></span> <span class='ocrx_word' id='word_1_382' title='bbox 2879 2553 2935 2597; x_wconf 90' lang='lat' dir='ltr'><strong>et</strong></span> <span class='ocrx_word' id='word_1_383' title='bbox 2976 2543 3319 2612; x_wconf 68' lang='lat' dir='ltr'><strong>reipublicae;</strong></span> <span class='ocrx_word' id='word_1_384' title='bbox 3354 2555 3475 2594; x_wconf 90' lang='lat' dir='ltr'><strong>cum</strong></span> <span class='ocrx_word' id='word_1_385' title='bbox 3506 2539 3593 2593; x_wconf 87' lang='lat' dir='ltr'><strong>iu-</strong></span> 
     </span>
    </p>
   </div>
   <div class='ocr_carea' id='block_1_55' title="bbox 2011 2636 3189 2708">
    <p class='ocr_par' dir='ltr' id='par_1_55' title="bbox 2011 2636 3189 2708">
     <span class='ocr_line' id='line_1_55' title="bbox 2011 2636 3189 2708; baseline -0.002 -13"><span class='ocrx_word' id='word_1_386' title='bbox 2011 2648 2386 2708; x_wconf 86' lang='lat' dir='ltr'><strong>temperanter</strong></span> <span class='ocrx_word' id='word_1_387' title='bbox 2419 2638 2520 2693; x_wconf 80' lang='lat' dir='ltr'><strong>sibi</strong></span> <span class='ocrx_word' id='word_1_388' title='bbox 2551 2649 2607 2693; x_wconf 90' lang='lat' dir='ltr'><strong>et</strong></span> <span class='ocrx_word' id='word_1_389' title='bbox 2632 2636 2944 2708; x_wconf 68' lang='lat' dir='ltr'><strong>reipublicae</strong></span> <span class='ocrx_word' id='word_1_390' title='bbox 2966 2646 3189 2693; x_wconf 89' lang='lat' dir='ltr'><strong>nocent.</strong></span> 
     </span>
    </p>
   </div>
   <div class='ocr_carea' id='block_1_56' title="bbox 2083 2812 3591 2890">
    <p class='ocr_par' dir='ltr' id='par_1_56' title="bbox 2083 2812 3591 2890">
     <span class='ocr_line' id='line_1_56' title="bbox 2083 2812 3591 2890; baseline -0.005 -16"><span class='ocrx_word' id='word_1_391' title='bbox 2083 2818 2215 2884; x_wconf 72' lang='lat' dir='ltr'><strong>Lex,</strong></span> <span class='ocrx_word' id='word_1_392' title='bbox 2244 2819 2439 2890; x_wconf 85' lang='lat' dir='ltr'><strong>inquit,</strong></span> <span class='ocrx_word' id='word_1_393' title='bbox 2473 2820 2646 2889; x_wconf 83' lang='lat' dir='ltr'><strong>ﬁgura</strong></span> <span class='ocrx_word' id='word_1_394' title='bbox 2672 2829 2722 2873; x_wconf 89' lang='lat' dir='ltr'><strong>et</strong></span> <span class='ocrx_word' id='word_1_395' title='bbox 2784 2818 2975 2871; x_wconf 88' lang='lat' dir='ltr'><strong>umbra</strong></span> <span class='ocrx_word' id='word_1_396' title='bbox 3009 2825 3085 2871; x_wconf 83' lang='lat' dir='ltr'><strong>est</strong></span> <span class='ocrx_word' id='word_1_397' title='bbox 3142 2815 3397 2885; x_wconf 76' lang='lat' dir='ltr'><strong>imaginis</strong></span> <span class='ocrx_word' id='word_1_398' title='bbox 3451 2812 3591 2885; x_wconf 71' lang='grc'><strong>(84),</strong></span> 
     </span>
    </p>
   </div>
   <div class='ocr_carea' id='block_1_57' title="bbox 2013 2906 3599 2983">
    <p class='ocr_par' dir='ltr' id='par_1_57' title="bbox 2013 2906 3599 2983">
     <span class='ocr_line' id='line_1_57' title="bbox 2013 2906 3599 2983; baseline -0.005 -16"><span class='ocrx_word' id='word_1_399' title='bbox 2013 2912 2118 2967; x_wconf 87' lang='lat' dir='ltr'><strong>hoc</strong></span> <span class='ocrx_word' id='word_1_400' title='bbox 2155 2921 2242 2968; x_wconf 90' lang='lat' dir='ltr'><strong>est</strong></span> <span class='ocrx_word' id='word_1_401' title='bbox 2272 2910 2551 2982; x_wconf 88' lang='lat' dir='ltr'><strong>Evangelii</strong></span> <span class='ocrx_word' id='word_1_402' title='bbox 2587 2930 2603 2980; x_wconf 91' lang='lat'><strong>;</strong></span> <span class='ocrx_word' id='word_1_403' title='bbox 2634 2912 2990 2983; x_wconf 88' lang='lat' dir='ltr'><strong>Evangelium</strong></span> <span class='ocrx_word' id='word_1_404' title='bbox 3015 2925 3147 2967; x_wconf 86' lang='lat' dir='ltr'><strong>vero</strong></span> <span class='ocrx_word' id='word_1_405' title='bbox 3177 2910 3360 2975; x_wconf 76' lang='lat' dir='ltr'><strong>imago</strong></span> <span class='ocrx_word' id='word_1_406' title='bbox 3400 2906 3599 2962; x_wconf 67' lang='lat' dir='ltr'><strong>futurae</strong></span> 
     </span>
    </p>
   </div>
   <div class='ocr_carea' id='block_1_58' title="bbox 2015 3002 3164 3069">
    <p class='ocr_par' dir='ltr' id='par_1_58' title="bbox 2015 3002 3164 3069">
     <span class='ocr_line' id='line_1_58' title="bbox 2015 3002 3164 3069; baseline -0.001 -12"><span class='ocrx_word' id='word_1_407' title='bbox 2015 3002 2069 3057; x_wconf 91' lang='lat' dir='ltr'><strong>in</strong></span> <span class='ocrx_word' id='word_1_408' title='bbox 2092 3003 2332 3058; x_wconf 88' lang='lat' dir='ltr'><strong>secundo</strong></span> <span class='ocrx_word' id='word_1_409' title='bbox 2364 3002 2577 3058; x_wconf 87' lang='lat' dir='ltr'><strong>Domini</strong></span> <span class='ocrx_word' id='word_1_410' title='bbox 2602 3004 2860 3069; x_wconf 85' lang='lat' dir='ltr'><strong>adventu,</strong></span> <span class='ocrx_word' id='word_1_411' title='bbox 2892 3002 3164 3059; x_wconf 86' lang='lat' dir='ltr'><strong>veritatis.</strong></span> 
     </span>
    </p>
   </div>
   <div class='ocr_carea' id='block_1_59' title="bbox 393 3164 1911 3280">
    <p class='ocr_par' dir='ltr' id='par_1_59' title="bbox 393 3164 1911 3280">
     <span class='ocr_line' id='line_1_59' title="bbox 393 3164 1911 3280; baseline 0.015 -63"><span class='ocrx_word' id='word_1_412' title='bbox 393 3164 518 3280; x_wconf 62' lang='grc' dir='ltr'><strong>’9η</strong></span> <span class='ocrx_word' id='word_1_413' title='bbox 563 3168 624 3220; x_wconf 77' lang='grc' dir='ltr'>τὸ</span> <span class='ocrx_word' id='word_1_414' title='bbox 643 3169 689 3280; x_wconf 51' lang='grc' dir='ltr'><strong>’ἶ</strong></span> <span class='ocrx_word' id='word_1_415' title='bbox 718 3170 886 3280; x_wconf 67' lang='grc' dir='ltr'><strong>ὲνέτῷ</strong></span> <span class='ocrx_word' id='word_1_416' title='bbox 914 3174 1189 3245; x_wconf 83' lang='grc' dir='ltr'>Λευῖτικῷ</span> <span class='ocrx_word' id='word_1_417' title='bbox 1222 3180 1353 3247; x_wconf 86' lang='grc' dir='ltr'>περὶ</span> <span class='ocrx_word' id='word_1_418' title='bbox 1396 3179 1494 3252; x_wconf 86' lang='grc' dir='ltr'><strong>τῆς</strong></span> <span class='ocrx_word' id='word_1_419' title='bbox 1539 3185 1911 3255; x_wconf 84' lang='grc' dir='ltr'>σκηνοπηγίας</span> 
     </span>
    </p>
   </div>
   <div class='ocr_carea' id='block_1_60' title="bbox 2020 3164 3601 3280">
    <p class='ocr_par' dir='ltr' id='par_1_60' title="bbox 2087 3180 3601 3252">
     <span class='ocr_line' id='line_1_60' title="bbox 2087 3180 3601 3252; baseline -0.003 -13"><span class='ocrx_word' id='word_1_420' title='bbox 2087 3186 2303 3241; x_wconf 88' lang='lat' dir='ltr'><strong>Dictum</strong></span> <span class='ocrx_word' id='word_1_421' title='bbox 2340 3186 2393 3240; x_wconf 94' lang='lat' dir='ltr'><strong>in</strong></span> <span class='ocrx_word' id='word_1_422' title='bbox 2432 3183 2684 3241; x_wconf 87' lang='lat' dir='ltr'><strong>Levitico</strong></span> <span class='ocrx_word' id='word_1_423' title='bbox 2739 3184 2805 3238; x_wconf 91' lang='lat' dir='ltr'><strong>de</strong></span> <span class='ocrx_word' id='word_1_424' title='bbox 2839 3182 3184 3252; x_wconf 85' lang='lat' dir='ltr'><strong>scenopegiis</strong></span> <span class='ocrx_word' id='word_1_425' title='bbox 3220 3195 3316 3236; x_wconf 90' lang='lat' dir='ltr'><strong>seu</strong></span> <span class='ocrx_word' id='word_1_426' title='bbox 3345 3180 3601 3235; x_wconf 79' lang='lat' dir='ltr'><strong>taberna-</strong></span> 
     </span>
    </p>
   </div>
   <div class='ocr_carea' id='block_1_61' title="bbox 307 3248 1918 3346">
    <p class='ocr_par' dir='ltr' id='par_1_61' title="bbox 307 3248 1918 3346">
     <span class='ocr_line' id='line_1_61' title="bbox 307 3248 1918 3346; baseline 0.019 -46"><span class='ocrx_word' id='word_1_427' title='bbox 307 3248 613 3346; x_wconf 68' lang='grc' dir='ltr'>λεγόμενον</span> <span class='ocrx_word' id='word_1_428' title='bbox 642 3257 723 3319; x_wconf 73' lang='grc' dir='ltr'>εἰς</span> <span class='ocrx_word' id='word_1_429' title='bbox 755 3258 855 3329; x_wconf 84' lang='grc' dir='ltr'>τὴν</span> <span class='ocrx_word' id='word_1_430' title='bbox 887 3260 945 3311; x_wconf 83' lang='grc' dir='ltr'>ὲν</span> <span class='ocrx_word' id='word_1_431' title='bbox 971 3263 1036 3331; x_wconf 83' lang='grc' dir='ltr'><strong>τῇ</strong></span> <span class='ocrx_word' id='word_1_432' title='bbox 1065 3261 1111 3331; x_wconf 86' lang='grc' dir='ltr'><strong>β’</strong></span> <span class='ocrx_word' id='word_1_433' title='bbox 1140 3265 1233 3316; x_wconf 81' lang='grc' dir='ltr'><strong>τοῦ</strong></span> <span class='ocrx_word' id='word_1_434' title='bbox 1262 3248 1469 3338; x_wconf 83' lang='grc' dir='ltr'>Κυρίου</span> <span class='ocrx_word' id='word_1_435' title='bbox 1497 3248 1918 3346; x_wconf 48' lang='grc' dir='ltr'><strong>σιταρουσίᾳ-ίεσοζ</strong></span> 
     </span>
    </p>
   </div>
   <div class='ocr_carea' id='block_1_62' title="bbox 316 3344 1919 3440">
    <p class='ocr_par' dir='ltr' id='par_1_62' title="bbox 316 3344 1919 3440">
     <span class='ocr_line' id='line_1_62' title="bbox 316 3344 1919 3440; baseline 0.017 -44"><span class='ocrx_word' id='word_1_436' title='bbox 316 3344 494 3414; x_wconf 82' lang='grc' dir='ltr'>μένην</span> <span class='ocrx_word' id='word_1_437' title='bbox 536 3347 649 3401; x_wconf 87' lang='grc' dir='ltr'><strong>τῶν</strong></span> <span class='ocrx_word' id='word_1_438' title='bbox 692 3349 998 3419; x_wconf 81' lang='grc' dir='ltr'>ἀνθρώπων</span> <span class='ocrx_word' id='word_1_439' title='bbox 1048 3354 1349 3413; x_wconf 84' lang='grc' dir='ltr'>ἀνάστασιν</span> <span class='ocrx_word' id='word_1_440' title='bbox 1377 3361 1681 3433; x_wconf 81' lang='grc' dir='ltr'>ἐκδέχεται,</span> <span class='ocrx_word' id='word_1_441' title='bbox 1714 3344 1919 3440; x_wconf 83' lang='grc' dir='ltr'>σκηνὴν</span> 
     </span>
    </p>
   </div>
   <div class='ocr_carea' id='block_1_63' title="bbox 311 3439 1922 3530">
    <p class='ocr_par' dir='ltr' id='par_1_63' title="bbox 311 3439 1922 3530">
     <span class='ocr_line' id='line_1_63' title="bbox 311 3439 1922 3530; baseline 0.016 -40"><span class='ocrx_word' id='word_1_442' title='bbox 311 3439 556 3513; x_wconf 73' lang='grc' dir='ltr'>ἑκάστου</span> <span class='ocrx_word' id='word_1_443' title='bbox 589 3440 652 3493; x_wconf 85' lang='grc' dir='ltr'><strong>τὸ</strong></span> <span class='ocrx_word' id='word_1_444' title='bbox 678 3443 881 3496; x_wconf 78' lang='grc' dir='ltr'>οἰκεῖον</span> <span class='ocrx_word' id='word_1_445' title='bbox 907 3445 1082 3510; x_wconf 81' lang='grc' dir='ltr'>τιθεὶς</span> <span class='ocrx_word' id='word_1_446' title='bbox 1106 3448 1151 3480; x_wconf 76' lang='grc'><strong>⁸⁸</strong></span> <span class='ocrx_word' id='word_1_447' title='bbox 1185 3448 1367 3520; x_wconf 88' lang='grc' dir='ltr'>σῶμα,</span> <span class='ocrx_word' id='word_1_448' title='bbox 1398 3453 1497 3517; x_wconf 84' lang='grc' dir='ltr'>τὰς</span> <span class='ocrx_word' id='word_1_449' title='bbox 1519 3454 1577 3508; x_wconf 84' lang='grc' dir='ltr'>δὲ</span> <span class='ocrx_word' id='word_1_450' title='bbox 1612 3457 1753 3512; x_wconf 79' lang='grc' dir='ltr'>ἑπτὰ</span> <span class='ocrx_word' id='word_1_451' title='bbox 1782 3439 1922 3530; x_wconf 77' lang='grc' dir='ltr'>ὴμέ-</span> 
     </span>
    </p>
   </div>
   <div class='ocr_carea' id='block_1_64' title="bbox 316 3531 1918 3610">
    <p class='ocr_par' dir='ltr' id='par_1_64' title="bbox 316 3531 1918 3610">
     <span class='ocr_line' id='line_1_64' title="bbox 316 3531 1918 3610; baseline 0.016 -29"><span class='ocrx_word' id='word_1_452' title='bbox 316 3547 431 3600; x_wconf 87' lang='grc' dir='ltr'><strong>ρας</strong></span> <span class='ocrx_word' id='word_1_453' title='bbox 461 3533 542 3595; x_wconf 86' lang='grc' dir='ltr'><strong>είς</strong></span> <span class='ocrx_word' id='word_1_454' title='bbox 572 3531 746 3587; x_wconf 87' lang='grc' dir='ltr'>τύπον</span> <span class='ocrx_word' id='word_1_455' title='bbox 788 3535 900 3591; x_wconf 88' lang='grc' dir='ltr'><strong>τῶν</strong></span> <span class='ocrx_word' id='word_1_456' title='bbox 945 3538 1087 3592; x_wconf 74' lang='grc' dir='ltr'>ἑπτὰ</span> <span class='ocrx_word' id='word_1_457' title='bbox 1135 3541 1369 3610; x_wconf 76' lang='grc' dir='ltr'>αἰώνων,</span> <span class='ocrx_word' id='word_1_458' title='bbox 1396 3547 1492 3600; x_wconf 57' lang='grc' dir='ltr'><strong>καὶ⁹</strong></span> <span class='ocrx_word' id='word_1_459' title='bbox 1517 3532 1918 3606; x_wconf 48' lang='lat' dir='ltr'><strong>matrimis-</strong></span> 
     </span>
    </p>
   </div>
   <div class='ocr_carea' id='block_1_65' title="bbox 310 3640 464 3691">
    <p class='ocr_par' dir='ltr' id='par_1_65' title="bbox 310 3640 464 3691">
     <span class='ocr_line' id='line_1_65' title="bbox 310 3640 464 3691; baseline -0.032 0"><span class='ocrx_word' id='word_1_460' title='bbox 310 3640 464 3691; x_wconf 86' lang='grc' dir='ltr'>γως.</span> 
     </span>
    </p>
   </div>
   <div class='ocr_carea' id='block_1_66' title="bbox 400 3715 1920 3802">
    <p class='ocr_par' dir='ltr' id='par_1_66' title="bbox 400 3715 1920 3802">
     <span class='ocr_line' id='line_1_66' title="bbox 400 3715 1920 3802; baseline 0.013 -35"><span class='ocrx_word' id='word_1_461' title='bbox 400 3715 523 3768; x_wconf 83' lang='grc' dir='ltr'>Ὅτι</span> <span class='ocrx_word' id='word_1_462' title='bbox 548 3715 912 3785; x_wconf 83' lang='grc' dir='ltr'>ἀναγωγικῶς</span> <span class='ocrx_word' id='word_1_463' title='bbox 926 3719 973 3752; x_wconf 78' lang='grc'><strong><em>³⁸</em></strong></span> <span class='ocrx_word' id='word_1_464' title='bbox 993 3721 1276 3792; x_wconf 80' lang='grc' dir='ltr'>ἐκδέχεται</span> <span class='ocrx_word' id='word_1_465' title='bbox 1306 3726 1369 3778; x_wconf 83' lang='grc' dir='ltr'><strong>τὸ</strong></span> <span class='ocrx_word' id='word_1_466' title='bbox 1391 3729 1473 3790; x_wconf 78' lang='grc' dir='ltr'>εἰς</span> <span class='ocrx_word' id='word_1_467' title='bbox 1494 3729 1622 3793; x_wconf 81' lang='grc' dir='ltr'>τοὺς</span> <span class='ocrx_word' id='word_1_468' title='bbox 1645 3732 1783 3802; x_wconf 86' lang='grc' dir='ltr'>Κριτ</span> <span class='ocrx_word' id='word_1_469' title='bbox 1794 3732 1857 3795; x_wconf 81' lang='grc' dir='ltr'>ὰς</span> <span class='ocrx_word' id='word_1_470' title='bbox 1875 3735 1920 3768; x_wconf 64' lang='grc'><strong>³⁸</strong></span> 
     </span>
    </p>
   </div>
   <div class='ocr_carea' id='block_1_67' title="bbox 312 3805 1920 3895">
    <p class='ocr_par' dir='ltr' id='par_1_67' title="bbox 312 3805 1920 3895">
     <span class='ocr_line' id='line_1_67' title="bbox 312 3805 1920 3895; baseline 0.016 -39"><span class='ocrx_word' id='word_1_471' title='bbox 312 3805 615 3875; x_wconf 77' lang='grc' dir='ltr'>εἰρημένον</span> <span class='ocrx_word' id='word_1_472' title='bbox 636 3821 656 3839; x_wconf 77' lang='grc'><strong><em>⁸</em></strong></span> <span class='ocrx_word' id='word_1_473' title='bbox 675 3810 1054 3879; x_wconf 78' lang='grc' dir='ltr'>Πορευόμενα</span> <span class='ocrx_word' id='word_1_474' title='bbox 1073 3814 1433 3883; x_wconf 74' lang='grc' dir='ltr'>ἐπορεύοντο</span> <span class='ocrx_word' id='word_1_475' title='bbox 1453 3818 1578 3891; x_wconf 74' lang='grc'><strong>[510</strong></span> <span class='ocrx_word' id='word_1_476' title='bbox 1592 3821 1684 3895; x_wconf 82' lang='grc' dir='ltr'><strong>Η</strong></span> <span class='ocrx_word' id='word_1_477' title='bbox 1702 3824 1775 3879; x_wconf 82' lang='grc' dir='ltr'>τὰ</span> <span class='ocrx_word' id='word_1_478' title='bbox 1811 3825 1920 3889; x_wconf 78' lang='grc' dir='ltr'><strong>εύ-</strong></span> 
     </span>
    </p>
   </div>
   <div class='ocr_carea' id='block_1_68' title="bbox 316 3897 1924 3974">
    <p class='ocr_par' dir='ltr' id='par_1_68' title="bbox 316 3897 1924 3974">
     <span class='ocr_line' id='line_1_68' title="bbox 316 3897 1924 3974; baseline 0.012 -23"><span class='ocrx_word' id='word_1_479' title='bbox 316 3901 409 3951; x_wconf 72' lang='lat' dir='ltr'><strong>.Za</strong></span> <span class='ocrx_word' id='word_1_480' title='bbox 428 3897 535 3950; x_wconf 89' lang='grc' dir='ltr'>τοῦ</span> <span class='ocrx_word' id='word_1_481' title='bbox 554 3897 758 3966; x_wconf 86' lang='grc' dir='ltr'>χρῖσαι</span> <span class='ocrx_word' id='word_1_482' title='bbox 784 3899 875 3969; x_wconf 71' lang='grc' dir='ltr'><strong>ἐφ’</strong></span> <span class='ocrx_word' id='word_1_483' title='bbox 895 3902 1127 3957; x_wconf 80' lang='grc' dir='ltr'>ἑαυτῶν</span> <span class='ocrx_word' id='word_1_484' title='bbox 1146 3908 1190 3938; x_wconf 79' lang='grc'><strong>⁸³</strong></span> <span class='ocrx_word' id='word_1_485' title='bbox 1201 3908 1490 3974; x_wconf 73' lang='grc' dir='ltr'>βασιλέα,</span> <span class='ocrx_word' id='word_1_486' title='bbox 1516 3913 1617 3966; x_wconf 77' lang='grc' dir='ltr'>καὶ</span> <span class='ocrx_word' id='word_1_487' title='bbox 1639 3910 1818 3970; x_wconf 74' lang='grc' dir='ltr'>εἶπαν</span> <span class='ocrx_word' id='word_1_488' title='bbox 1844 3916 1924 3951; x_wconf 55' lang='grc' dir='ltr'><strong>³η</strong></span> 
     </span>
    </p>
   </div>
   <div class='ocr_carea' id='block_1_69' title="bbox 318 3986 1926 4073">
    <p class='ocr_par' dir='ltr' id='par_1_69' title="bbox 318 3986 1926 4073">
     <span class='ocr_line' id='line_1_69' title="bbox 318 3986 1926 4073; baseline 0.016 -35"><span class='ocrx_word' id='word_1_489' title='bbox 318 3986 404 4055; x_wconf 76' lang='grc' dir='ltr'>τῇ</span> <span class='ocrx_word' id='word_1_490' title='bbox 433 3988 632 4058; x_wconf 77' lang='grc' dir='ltr'>ἐλαίᾳ,</span> <span class='ocrx_word' id='word_1_491' title='bbox 666 3993 1050 4048; x_wconf 74' lang='grc' dir='ltr'>Βασίλευσον</span> <span class='ocrx_word' id='word_1_492' title='bbox 1074 3996 1167 4066; x_wconf 70' lang='grc' dir='ltr'><strong>ἐφ’</strong></span> <span class='ocrx_word' id='word_1_493' title='bbox 1184 3999 1380 4068; x_wconf 71' lang='grc' dir='ltr'>ήμῶν-⁸</span> <span class='ocrx_word' id='word_1_494' title='bbox 1406 4002 1505 4056; x_wconf 76' lang='grc' dir='ltr'>καὶ</span> <span class='ocrx_word' id='word_1_495' title='bbox 1527 4002 1699 4059; x_wconf 81' lang='grc' dir='ltr'>εἶπεν</span> <span class='ocrx_word' id='word_1_496' title='bbox 1722 4008 1926 4073; x_wconf 83' lang='grc' dir='ltr'>αὐτοῖς</span> 
     </span>
    </p>
   </div>
   <div class='ocr_carea' id='block_1_70' title="bbox 314 4078 1926 4161">
    <p class='ocr_par' dir='ltr' id='par_1_70' title="bbox 314 4078 1926 4161">
     <span class='ocr_line' id='line_1_70' title="bbox 314 4078 1926 4161; baseline 0.014 -31"><span class='ocrx_word' id='word_1_497' title='bbox 314 4079 368 4144; x_wconf 72' lang='grc' dir='ltr'>ἡ</span> <span class='ocrx_word' id='word_1_498' title='bbox 396 4078 847 4151; x_wconf 78' lang='grc' dir='ltr'>ἐλαία,Ἀςρεῖσα</span> <span class='ocrx_word' id='word_1_499' title='bbox 874 4085 990 4153; x_wconf 77' lang='grc' dir='ltr'><strong>τὴν</strong></span> <span class='ocrx_word' id='word_1_500' title='bbox 1014 4089 1268 4156; x_wconf 84' lang='grc' dir='ltr'>πιότητά</span> <span class='ocrx_word' id='word_1_501' title='bbox 1297 4109 1438 4160; x_wconf 84' lang='grc' dir='ltr'>μου,</span> <span class='ocrx_word' id='word_1_502' title='bbox 1467 4092 1549 4161; x_wconf 79' lang='grc' dir='ltr'><strong>ἣν</strong></span> <span class='ocrx_word' id='word_1_503' title='bbox 1567 4095 1865 4161; x_wconf 80' lang='grc' dir='ltr'>ἐδόξασεν</span> <span class='ocrx_word' id='word_1_504' title='bbox 1892 4102 1926 4153; x_wconf 82' lang='grc' dir='ltr'><em>ὁ</em></span> 
     </span>
    </p>
   </div>
   <div class='ocr_carea' id='block_1_71' title="bbox 319 4172 1927 4255">
    <p class='ocr_par' dir='ltr' id='par_1_71' title="bbox 319 4172 1927 4255">
     <span class='ocr_line' id='line_1_71' title="bbox 319 4172 1927 4255; baseline 0.015 -33"><span class='ocrx_word' id='word_1_505' title='bbox 319 4172 481 4235; x_wconf 83' lang='grc' dir='ltr'>Θεὸς</span> <span class='ocrx_word' id='word_1_506' title='bbox 506 4172 604 4225; x_wconf 83' lang='grc' dir='ltr'>καὶ</span> <span class='ocrx_word' id='word_1_507' title='bbox 631 4177 687 4227; x_wconf 83' lang='lat' dir='ltr'><strong>ol</strong></span> <span class='ocrx_word' id='word_1_508' title='bbox 722 4175 1023 4245; x_wconf 82' lang='grc' dir='ltr'>ἄνθρωποι</span> <span class='ocrx_word' id='word_1_509' title='bbox 1051 4217 1067 4241; x_wconf 87' lang='grc'><strong>,</strong></span> <span class='ocrx_word' id='word_1_510' title='bbox 1108 4183 1380 4249; x_wconf 82' lang='grc' dir='ltr'>πορευθῶ</span> <span class='ocrx_word' id='word_1_511' title='bbox 1412 4183 1621 4253; x_wconf 77' lang='grc' dir='ltr'>ἄρχειν</span> <span class='ocrx_word' id='word_1_512' title='bbox 1658 4187 1779 4243; x_wconf 77' lang='grc' dir='ltr'>τῶν</span> <span class='ocrx_word' id='word_1_513' title='bbox 1823 4189 1927 4255; x_wconf 81' lang='grc' dir='ltr'><strong>εὐ-</strong></span> 
     </span>
    </p>
   </div>
   <div class='ocr_carea' id='block_1_72' title="bbox 312 4262 1925 4352">
    <p class='ocr_par' dir='ltr' id='par_1_72' title="bbox 312 4262 1925 4352">
     <span class='ocr_line' id='line_1_72' title="bbox 312 4262 1925 4352; baseline 0.013 -34"><span class='ocrx_word' id='word_1_514' title='bbox 312 4264 457 4318; x_wconf 68' lang='grc' dir='ltr'><strong>λων</strong></span> <span class='ocrx_word' id='word_1_515' title='bbox 476 4262 559 4329; x_wconf 87' lang='grc'><strong>³³;</strong></span> <span class='ocrx_word' id='word_1_516' title='bbox 586 4266 695 4319; x_wconf 78' lang='grc' dir='ltr'><strong>Καὶ</strong></span> <span class='ocrx_word' id='word_1_517' title='bbox 739 4264 921 4322; x_wconf 80' lang='grc' dir='ltr'><strong>εἶπαν</strong></span> <span class='ocrx_word' id='word_1_518' title='bbox 969 4272 1041 4325; x_wconf 83' lang='grc' dir='ltr'>τὰ</span> <span class='ocrx_word' id='word_1_519' title='bbox 1087 4271 1247 4336; x_wconf 78' lang='grc' dir='ltr'>ξύλα</span> <span class='ocrx_word' id='word_1_520' title='bbox 1270 4274 1348 4343; x_wconf 79' lang='grc' dir='ltr'>τῇ</span> <span class='ocrx_word' id='word_1_521' title='bbox 1376 4276 1566 4347; x_wconf 80' lang='grc' dir='ltr'>συκῇ,</span> <span class='ocrx_word' id='word_1_522' title='bbox 1597 4281 1784 4350; x_wconf 77' lang='grc' dir='ltr'>Δεῦρο</span> <span class='ocrx_word' id='word_1_523' title='bbox 1820 4283 1925 4352; x_wconf 87' lang='grc' dir='ltr'>σὺ,</span> 
     </span>
    </p>
   </div>
   <div class='ocr_carea' id='block_1_73' title="bbox 308 4354 1923 4447">
    <p class='ocr_par' dir='ltr' id='par_1_73' title="bbox 308 4354 1923 4447">
     <span class='ocr_line' id='line_1_73' title="bbox 308 4354 1923 4447; baseline 0.012 -35"><span class='ocrx_word' id='word_1_524' title='bbox 308 4354 713 4447; x_wconf 46' lang='grc' dir='ltr'><strong>βασιβευσρν</strong></span> <span class='ocrx_word' id='word_1_525' title='bbox 738 4359 831 4428; x_wconf 72' lang='grc' dir='ltr'><strong>ἐφ’</strong></span> <span class='ocrx_word' id='word_1_526' title='bbox 860 4360 1057 4430; x_wconf 56' lang='grc' dir='ltr'>ἡμῶν</span> <span class='ocrx_word' id='word_1_527' title='bbox 1087 4365 1190 4417; x_wconf 79' lang='grc' dir='ltr'><strong>καί</strong></span> <span class='ocrx_word' id='word_1_528' title='bbox 1227 4363 1400 4421; x_wconf 75' lang='grc' dir='ltr'>εἶπεν</span> <span class='ocrx_word' id='word_1_529' title='bbox 1430 4370 1635 4438; x_wconf 83' lang='grc' dir='ltr'>αὐτοῖς</span> <span class='ocrx_word' id='word_1_530' title='bbox 1664 4374 1704 4441; x_wconf 78' lang='grc' dir='ltr'><strong><em>ἠ</em></strong></span> <span class='ocrx_word' id='word_1_531' title='bbox 1737 4378 1923 4447; x_wconf 80' lang='grc' dir='ltr'>συκῆ,</span> 
     </span>
    </p>
   </div>
   <div class='ocr_carea' id='block_1_74' title="bbox 337 4443 1927 4535">
    <p class='ocr_par' dir='ltr' id='par_1_74' title="bbox 337 4443 1927 4535">
     <span class='ocr_line' id='line_1_74' title="bbox 337 4443 1927 4535; baseline 0.018 -40"><span class='ocrx_word' id='word_1_532' title='bbox 337 4443 583 4512; x_wconf 71' lang='grc' dir='ltr'>Ἆφεῐσα</span> <span class='ocrx_word' id='word_1_533' title='bbox 598 4446 713 4515; x_wconf 79' lang='grc' dir='ltr'>τὴν</span> <span class='ocrx_word' id='word_1_534' title='bbox 728 4452 1077 4519; x_wconf 75' lang='grc' dir='ltr'>γλυκύτητά</span> <span class='ocrx_word' id='word_1_535' title='bbox 1087 4472 1209 4523; x_wconf 83' lang='grc' dir='ltr'><strong>μου</strong></span> <span class='ocrx_word' id='word_1_536' title='bbox 1226 4457 1324 4511; x_wconf 77' lang='grc' dir='ltr'>καὶ</span> <span class='ocrx_word' id='word_1_537' title='bbox 1357 4459 1425 4512; x_wconf 88' lang='grc' dir='ltr'>τὸ</span> <span class='ocrx_word' id='word_1_538' title='bbox 1442 4460 1709 4532; x_wconf 79' lang='grc' dir='ltr'>γέννημά</span> <span class='ocrx_word' id='word_1_539' title='bbox 1720 4484 1841 4535; x_wconf 81' lang='grc' dir='ltr'><strong>μου</strong></span> <span class='ocrx_word' id='word_1_540' title='bbox 1858 4443 1927 4523; x_wconf 73' lang='grc' dir='ltr'>τὸ</span> 
     </span>
    </p>
   </div>
   <div class='ocr_carea' id='block_1_75' title="bbox 2017 3270 3606 3335">
    <p class='ocr_par' dir='ltr' id='par_1_75' title="bbox 2017 3270 3606 3335">
     <span class='ocr_line' id='line_1_75' title="bbox 2017 3270 3606 3335; baseline -0.007 0"><span class='ocrx_word' id='word_1_541' title='bbox 2017 3279 2157 3335; x_wconf 90' lang='lat' dir='ltr'><strong>culis</strong></span> <span class='ocrx_word' id='word_1_542' title='bbox 2176 3278 2344 3335; x_wconf 80' lang='lat' dir='ltr'><strong>refert</strong></span> <span class='ocrx_word' id='word_1_543' title='bbox 2383 3278 2450 3333; x_wconf 88' lang='lat' dir='ltr'><strong>ad</strong></span> <span class='ocrx_word' id='word_1_544' title='bbox 2491 3278 2958 3332; x_wconf 83' lang='lat' dir='ltr'><strong>resurrectionem</strong></span> <span class='ocrx_word' id='word_1_545' title='bbox 3016 3273 3302 3329; x_wconf 89' lang='lat' dir='ltr'><strong>hominum</strong></span> <span class='ocrx_word' id='word_1_546' title='bbox 3362 3270 3606 3327; x_wconf 87' lang='lat' dir='ltr'><strong>secundo</strong></span> 
     </span>
    </p>
   </div>
   <div class='ocr_carea' id='block_1_76' title="bbox 2022 3367 3600 3429">
    <p class='ocr_par' dir='ltr' id='par_1_76' title="bbox 2022 3367 3600 3429">
     <span class='ocr_line' id='line_1_76' title="bbox 2022 3367 3600 3429; baseline -0.006 0"><span class='ocrx_word' id='word_1_547' title='bbox 2022 3374 2234 3429; x_wconf 88' lang='lat' dir='ltr'><strong>Domini</strong></span> <span class='ocrx_word' id='word_1_548' title='bbox 2294 3372 2531 3428; x_wconf 88' lang='lat' dir='ltr'><strong>adventu</strong></span> <span class='ocrx_word' id='word_1_549' title='bbox 2597 3372 2836 3427; x_wconf 77' lang='lat' dir='ltr'><strong>futuram</strong></span> <span class='ocrx_word' id='word_1_550' title='bbox 2892 3389 2909 3425; x_wconf 89' lang='lat'><strong>:</strong></span> <span class='ocrx_word' id='word_1_551' title='bbox 2969 3370 3383 3426; x_wconf 80' lang='lat' dir='ltr'><strong>tabernaculum</strong></span> <span class='ocrx_word' id='word_1_552' title='bbox 3455 3367 3600 3422; x_wconf 90' lang='lat' dir='ltr'><strong>enim</strong></span> 
     </span>
    </p>
   </div>
   <div class='ocr_carea' id='block_1_77' title="bbox 2022 3462 3603 3535">
    <p class='ocr_par' dir='ltr' id='par_1_77' title="bbox 2022 3462 3603 3535">
     <span class='ocr_line' id='line_1_77' title="bbox 2022 3462 3603 3535; baseline -0.005 -15"><span class='ocrx_word' id='word_1_553' title='bbox 2022 3462 2450 3535; x_wconf 84' lang='lat' dir='ltr'><strong>uniuscujusque</strong></span> <span class='ocrx_word' id='word_1_554' title='bbox 2474 3477 2675 3534; x_wconf 91' lang='lat' dir='ltr'><strong>corpus</strong></span> <span class='ocrx_word' id='word_1_555' title='bbox 2704 3466 3133 3532; x_wconf 84' lang='lat' dir='ltr'><strong>interpretatur;</strong></span> <span class='ocrx_word' id='word_1_556' title='bbox 3166 3471 3373 3531; x_wconf 91' lang='lat' dir='ltr'><strong>septem</strong></span> <span class='ocrx_word' id='word_1_557' title='bbox 3417 3469 3603 3515; x_wconf 85' lang='lat' dir='ltr'><strong>autem</strong></span> 
     </span>
    </p>
   </div>
   <div class='ocr_carea' id='block_1_78' title="bbox 2021 3551 3608 3628">
    <p class='ocr_par' dir='ltr' id='par_1_78' title="bbox 2021 3551 3608 3628">
     <span class='ocr_line' id='line_1_78' title="bbox 2021 3551 3608 3628; baseline -0.004 -15"><span class='ocrx_word' id='word_1_558' title='bbox 2021 3560 2141 3614; x_wconf 89' lang='lat' dir='ltr'><strong>dies</strong></span> <span class='ocrx_word' id='word_1_559' title='bbox 2191 3557 2423 3628; x_wconf 81' lang='lat' dir='ltr'><strong>ﬁguram</strong></span> <span class='ocrx_word' id='word_1_560' title='bbox 2478 3558 2556 3611; x_wconf 90' lang='lat' dir='ltr'><strong>ait</strong></span> <span class='ocrx_word' id='word_1_561' title='bbox 2599 3565 2810 3626; x_wconf 87' lang='lat' dir='ltr'><strong>septem</strong></span> <span class='ocrx_word' id='word_1_562' title='bbox 2866 3555 3213 3622; x_wconf 85' lang='lat' dir='ltr'><strong>saeculorum,</strong></span> <span class='ocrx_word' id='word_1_563' title='bbox 3268 3553 3488 3623; x_wconf 86' lang='lat' dir='ltr'><strong>aliaque</strong></span> <span class='ocrx_word' id='word_1_564' title='bbox 3550 3551 3608 3608; x_wconf 81' lang='lat' dir='ltr'><strong>id</strong></span> 
     </span>
    </p>
   </div>
   <div class='ocr_carea' id='block_1_79' title="bbox 2022 3647 2775 3722">
    <p class='ocr_par' dir='ltr' id='par_1_79' title="bbox 2022 3647 2775 3722">
     <span class='ocr_line' id='line_1_79' title="bbox 2022 3647 2775 3722; baseline -0.005 -18"><span class='ocrx_word' id='word_1_565' title='bbox 2022 3665 2192 3722; x_wconf 89' lang='lat' dir='ltr'><strong>genus</strong></span> <span class='ocrx_word' id='word_1_566' title='bbox 2220 3648 2502 3719; x_wconf 85' lang='lat' dir='ltr'><strong>analogice</strong></span> <span class='ocrx_word' id='word_1_567' title='bbox 2528 3647 2775 3717; x_wconf 81' lang='lat' dir='ltr'><strong>exponit.</strong></span> 
     </span>
    </p>
   </div>
   <div class='ocr_carea' id='block_1_80' title="bbox 2094 3734 3614 3812">
    <p class='ocr_par' dir='ltr' id='par_1_80' title="bbox 2094 3734 3614 3812">
     <span class='ocr_line' id='line_1_80' title="bbox 2094 3734 3614 3812; baseline -0.004 -17"><span class='ocrx_word' id='word_1_568' title='bbox 2094 3741 2403 3812; x_wconf 81' lang='lat' dir='ltr'><strong>Anagogice</strong></span> <span class='ocrx_word' id='word_1_569' title='bbox 2427 3740 2556 3795; x_wconf 92' lang='lat' dir='ltr'><strong>illud</strong></span> <span class='ocrx_word' id='word_1_570' title='bbox 2586 3739 2665 3812; x_wconf 90' lang='lat' dir='ltr'><strong>[in</strong></span> <span class='ocrx_word' id='word_1_571' title='bbox 2710 3738 2961 3794; x_wconf 88' lang='lat' dir='ltr'><strong>Judicum</strong></span> <span class='ocrx_word' id='word_1_572' title='bbox 2992 3735 3170 3808; x_wconf 90' lang='lat' dir='ltr'><strong>libris]</strong></span> <span class='ocrx_word' id='word_1_573' title='bbox 3198 3738 3253 3792; x_wconf 91' lang='lat' dir='ltr'><strong>in</strong></span> <span class='ocrx_word' id='word_1_574' title='bbox 3284 3734 3506 3792; x_wconf 68' lang='lat' dir='ltr'><strong>Iudices</strong></span> <span class='ocrx_word' id='word_1_575' title='bbox 3525 3734 3614 3790; x_wconf 80' lang='lat' dir='ltr'><strong>di-</strong></span> 
     </span>
    </p>
   </div>
   <div class='ocr_carea' id='block_1_81' title="bbox 2025 3822 3613 3896">
    <p class='ocr_par' dir='ltr' id='par_1_81' title="bbox 2025 3822 3613 3896">
     <span class='ocr_line' id='line_1_81' title="bbox 2025 3822 3613 3896; baseline -0.006 -15"><span class='ocrx_word' id='word_1_576' title='bbox 2025 3836 2171 3882; x_wconf 91' lang='lat' dir='ltr'><strong>ctum</strong></span> <span class='ocrx_word' id='word_1_577' title='bbox 2214 3826 2455 3896; x_wconf 90' lang='lat' dir='ltr'><strong>accipit:</strong></span> <span class='ocrx_word' id='word_1_578' title='bbox 2514 3822 2715 3878; x_wconf 86' lang='lat' dir='ltr'><strong>Eunlia</strong></span> <span class='ocrx_word' id='word_1_579' title='bbox 2767 3824 2975 3877; x_wconf 79' lang='lat' dir='ltr'><strong>iverunt</strong></span> <span class='ocrx_word' id='word_1_580' title='bbox 3051 3823 3199 3892; x_wconf 81' lang='lat' dir='ltr'><strong>ligna</strong></span> <span class='ocrx_word' id='word_1_581' title='bbox 3242 3830 3299 3874; x_wconf 84' lang='lat' dir='ltr'><strong>ut</strong></span> <span class='ocrx_word' id='word_1_582' title='bbox 3354 3825 3613 3890; x_wconf 77' lang='lat' dir='ltr'><strong>ungerent</strong></span> 
     </span>
    </p>
   </div>
   <div class='ocr_carea' id='block_1_82' title="bbox 2026 3911 3616 3985">
    <p class='ocr_par' dir='ltr' id='par_1_82' title="bbox 2026 3911 3616 3985">
     <span class='ocr_line' id='line_1_82' title="bbox 2026 3911 3616 3985; baseline -0.006 -13"><span class='ocrx_word' id='word_1_583' title='bbox 2026 3933 2183 3985; x_wconf 80' lang='lat' dir='ltr'><strong>super</strong></span> <span class='ocrx_word' id='word_1_584' title='bbox 2232 3932 2289 3971; x_wconf 87' lang='lat' dir='ltr'><strong>se</strong></span> <span class='ocrx_word' id='word_1_585' title='bbox 2345 3932 2538 3985; x_wconf 87' lang='lat' dir='ltr'><strong>regem.</strong></span> <span class='ocrx_word' id='word_1_586' title='bbox 2597 3924 2647 3969; x_wconf 84' lang='lat' dir='ltr'><strong>et</strong></span> <span class='ocrx_word' id='word_1_587' title='bbox 2681 3916 2928 3967; x_wconf 74' lang='lat' dir='ltr'><strong>dixerunt</strong></span> <span class='ocrx_word' id='word_1_588' title='bbox 2986 3912 3187 3966; x_wconf 66' lang='lat' dir='ltr'><strong>olims:</strong></span> <span class='ocrx_word' id='word_1_589' title='bbox 3224 3911 3403 3981; x_wconf 83' lang='lat' dir='ltr'><strong>Regna</strong></span> <span class='ocrx_word' id='word_1_590' title='bbox 3453 3924 3616 3979; x_wconf 79' lang='lat' dir='ltr'><strong>super</strong></span> 
     </span>
    </p>
   </div>
   <div class='ocr_carea' id='block_1_83' title="bbox 2028 4006 3621 4075">
    <p class='ocr_par' dir='ltr' id='par_1_83' title="bbox 2028 4006 3621 4075">
     <span class='ocr_line' id='line_1_83' title="bbox 2028 4006 3621 4075; baseline -0.006 -11"><span class='ocrx_word' id='word_1_591' title='bbox 2028 4027 2141 4065; x_wconf 81' lang='lat' dir='ltr'><strong>nos;</strong></span> <span class='ocrx_word' id='word_1_592' title='bbox 2171 4010 2237 4063; x_wconf 79' lang='lat' dir='ltr'><strong>Et</strong></span> <span class='ocrx_word' id='word_1_593' title='bbox 2271 4009 2501 4063; x_wconf 72' lang='lat' dir='ltr'><strong>dixiteis</strong></span> <span class='ocrx_word' id='word_1_594' title='bbox 2538 4008 2678 4063; x_wconf 80' lang='lat' dir='ltr'><strong>oliva</strong></span> <span class='ocrx_word' id='word_1_595' title='bbox 2703 4022 2723 4063; x_wconf 88' lang='lat'><strong><em>:</em></strong></span> <span class='ocrx_word' id='word_1_596' title='bbox 2749 4007 3004 4061; x_wconf 85' lang='lat' dir='ltr'><strong>Deserens</strong></span> <span class='ocrx_word' id='word_1_597' title='bbox 3027 4006 3394 4075; x_wconf 79' lang='lat' dir='ltr'><strong>pinguedinem</strong></span> <span class='ocrx_word' id='word_1_598' title='bbox 3419 4017 3621 4064; x_wconf 78' lang='lat' dir='ltr'><strong>meum,</strong></span> 
     </span>
    </p>
   </div>
   <div class='ocr_carea' id='block_1_84' title="bbox 2025 4093 3619 4172">
    <p class='ocr_par' dir='ltr' id='par_1_84' title="bbox 2025 4093 3619 4172">
     <span class='ocr_line' id='line_1_84' title="bbox 2025 4093 3619 4172; baseline -0.006 -16"><span class='ocrx_word' id='word_1_599' title='bbox 2025 4118 2186 4172; x_wconf 84' lang='lat' dir='ltr'><strong>quam</strong></span> <span class='ocrx_word' id='word_1_600' title='bbox 2225 4102 2281 4155; x_wconf 86' lang='lat' dir='ltr'><strong>in</strong></span> <span class='ocrx_word' id='word_1_601' title='bbox 2318 4118 2402 4155; x_wconf 88' lang='lat' dir='ltr'><strong>me</strong></span> <span class='ocrx_word' id='word_1_602' title='bbox 2428 4100 2750 4171; x_wconf 81' lang='lat' dir='ltr'><strong>gloriﬁcavit</strong></span> <span class='ocrx_word' id='word_1_603' title='bbox 2780 4100 2920 4153; x_wconf 82' lang='lat' dir='ltr'><strong>Deus</strong></span> <span class='ocrx_word' id='word_1_604' title='bbox 2971 4108 3022 4153; x_wconf 82' lang='lat' dir='ltr'><strong>et</strong></span> <span class='ocrx_word' id='word_1_605' title='bbox 3056 4098 3314 4160; x_wconf 75' lang='lat' dir='ltr'><strong>homines,</strong></span> <span class='ocrx_word' id='word_1_606' title='bbox 3348 4093 3504 4149; x_wconf 83' lang='lat' dir='ltr'><strong>abibo</strong></span> <span class='ocrx_word' id='word_1_607' title='bbox 3557 4102 3619 4148; x_wconf 71' lang='lat' dir='ltr'><strong>ut</strong></span> 
     </span>
    </p>
   </div>
   <div class='ocr_carea' id='block_1_85' title="bbox 2027 4186 3618 4263">
    <p class='ocr_par' dir='ltr' id='par_1_85' title="bbox 2027 4186 3618 4263">
     <span class='ocr_line' id='line_1_85' title="bbox 2027 4186 3618 4263; baseline -0.006 -14"><span class='ocrx_word' id='word_1_608' title='bbox 2027 4196 2267 4249; x_wconf 85' lang='lat' dir='ltr'><strong>dominer</strong></span> <span class='ocrx_word' id='word_1_609' title='bbox 2304 4195 2441 4247; x_wconf 80' lang='lat' dir='ltr'><strong>inter</strong></span> <span class='ocrx_word' id='word_1_610' title='bbox 2463 4193 2604 4263; x_wconf 81' lang='lat' dir='ltr'><strong>ligna</strong></span> <span class='ocrx_word' id='word_1_611' title='bbox 2632 4194 2657 4246; x_wconf 84' lang='lat'><strong><em>?</em></strong></span> <span class='ocrx_word' id='word_1_612' title='bbox 2685 4193 2750 4246; x_wconf 79' lang='lat' dir='ltr'><strong>Et</strong></span> <span class='ocrx_word' id='word_1_613' title='bbox 2780 4195 3030 4247; x_wconf 73' lang='lat' dir='ltr'><strong>dixerunt</strong></span> <span class='ocrx_word' id='word_1_614' title='bbox 3072 4192 3218 4261; x_wconf 83' lang='lat' dir='ltr'><strong>ligna</strong></span> <span class='ocrx_word' id='word_1_615' title='bbox 3262 4189 3387 4259; x_wconf 82' lang='lat' dir='ltr'><strong>[icui</strong></span> <span class='ocrx_word' id='word_1_616' title='bbox 3410 4202 3429 4239; x_wconf 91' lang='lat'><em>:</em></span> <span class='ocrx_word' id='word_1_617' title='bbox 3462 4186 3618 4255; x_wconf 80' lang='lat' dir='ltr'><strong>Veni,</strong></span> 
     </span>
    </p>
   </div>
   <div class='ocr_carea' id='block_1_86' title="bbox 2027 4276 3622 4357">
    <p class='ocr_par' dir='ltr' id='par_1_86' title="bbox 2027 4276 3622 4357">
     <span class='ocr_line' id='line_1_86' title="bbox 2027 4276 3622 4357; baseline -0.006 -17"><span class='ocrx_word' id='word_1_618' title='bbox 2027 4303 2189 4357; x_wconf 85' lang='lat' dir='ltr'><strong>regna</strong></span> <span class='ocrx_word' id='word_1_619' title='bbox 2215 4302 2372 4355; x_wconf 85' lang='lat' dir='ltr'><strong>super</strong></span> <span class='ocrx_word' id='word_1_620' title='bbox 2393 4302 2511 4340; x_wconf 86' lang='lat' dir='ltr'><strong>nos.</strong></span> <span class='ocrx_word' id='word_1_621' title='bbox 2568 4284 2639 4340; x_wconf 89' lang='lat' dir='ltr'><strong>Et</strong></span> <span class='ocrx_word' id='word_1_622' title='bbox 2673 4286 2752 4338; x_wconf 84' lang='lat' dir='ltr'><strong>ait</strong></span> <span class='ocrx_word' id='word_1_623' title='bbox 2786 4285 2862 4338; x_wconf 84' lang='lat' dir='ltr'><strong>eis</strong></span> <span class='ocrx_word' id='word_1_624' title='bbox 2891 4284 3025 4353; x_wconf 75' lang='lat' dir='ltr'><strong>ﬁcus</strong></span> <span class='ocrx_word' id='word_1_625' title='bbox 3051 4296 3072 4337; x_wconf 89' lang='lat'><strong><em>:</em></strong></span> <span class='ocrx_word' id='word_1_626' title='bbox 3121 4281 3375 4335; x_wconf 87' lang='lat' dir='ltr'><strong>Deserens</strong></span> <span class='ocrx_word' id='word_1_627' title='bbox 3431 4276 3622 4332; x_wconf 77' lang='lat' dir='ltr'><strong>dulce-</strong></span> 
     </span>
    </p>
   </div>
   <div class='ocr_carea' id='block_1_87' title="bbox 2027 4370 3619 4447">
    <p class='ocr_par' dir='ltr' id='par_1_87' title="bbox 2027 4370 3619 4447">
     <span class='ocr_line' id='line_1_87' title="bbox 2027 4370 3619 4447; baseline -0.008 -14"><span class='ocrx_word' id='word_1_628' title='bbox 2027 4382 2203 4433; x_wconf 85' lang='lat' dir='ltr'><strong>dinem</strong></span> <span class='ocrx_word' id='word_1_629' title='bbox 2254 4394 2449 4443; x_wconf 87' lang='lat' dir='ltr'><strong>meam,</strong></span> <span class='ocrx_word' id='word_1_630' title='bbox 2475 4389 2522 4432; x_wconf 83' lang='lat' dir='ltr'><strong>et</strong></span> <span class='ocrx_word' id='word_1_631' title='bbox 2567 4378 2800 4447; x_wconf 80' lang='lat' dir='ltr'><strong>fructum</strong></span> <span class='ocrx_word' id='word_1_632' title='bbox 2835 4391 3009 4430; x_wconf 86' lang='lat' dir='ltr'><strong>meum</strong></span> <span class='ocrx_word' id='word_1_633' title='bbox 3074 4374 3289 4438; x_wconf 81' lang='lat' dir='ltr'><strong>bonum,</strong></span> <span class='ocrx_word' id='word_1_634' title='bbox 3349 4370 3507 4424; x_wconf 79' lang='lat' dir='ltr'><strong>abibo</strong></span> <span class='ocrx_word' id='word_1_635' title='bbox 3557 4376 3619 4421; x_wconf 83' lang='lat' dir='ltr'><strong>ut</strong></span> 
     </span>
    </p>
   </div>
   <div class='ocr_carea' id='block_1_88' title="bbox 2028 4459 3619 4541">
    <p class='ocr_par' dir='ltr' id='par_1_88' title="bbox 2028 4459 3619 4541">
     <span class='ocr_line' id='line_1_88' title="bbox 2028 4459 3619 4541; baseline -0.006 -16"><span class='ocrx_word' id='word_1_636' title='bbox 2028 4473 2279 4541; x_wconf 88' lang='lat' dir='ltr'><strong>imperem</strong></span> <span class='ocrx_word' id='word_1_637' title='bbox 2309 4470 2517 4541; x_wconf 84' lang='lat' dir='ltr'><strong>lignis?</strong></span> <span class='ocrx_word' id='word_1_638' title='bbox 2554 4470 2625 4523; x_wconf 82' lang='lat' dir='ltr'><strong>Et</strong></span> <span class='ocrx_word' id='word_1_639' title='bbox 2666 4470 2917 4522; x_wconf 74' lang='lat' dir='ltr'><strong>dixerunt</strong></span> <span class='ocrx_word' id='word_1_640' title='bbox 2963 4466 3108 4536; x_wconf 83' lang='lat' dir='ltr'><strong>ligna</strong></span> <span class='ocrx_word' id='word_1_641' title='bbox 3155 4466 3298 4519; x_wconf 78' lang='lat' dir='ltr'><strong>viti:</strong></span> <span class='ocrx_word' id='word_1_642' title='bbox 3336 4475 3514 4532; x_wconf 83' lang='lat' dir='ltr'><strong>usque</strong></span> <span class='ocrx_word' id='word_1_643' title='bbox 3548 4459 3619 4515; x_wconf 75' lang='lat' dir='ltr'><strong>ad</strong></span> 
     </span>
    </p>
   </div>
   <div class='ocr_carea' id='block_1_89' title="bbox 319 4536 1911 4631">
    <p class='ocr_par' dir='ltr' id='par_1_89' title="bbox 319 4536 1911 4631">
     <span class='ocr_line' id='line_1_89' title="bbox 319 4536 1911 4631; baseline 0.017 -45"><span class='ocrx_word' id='word_1_644' title='bbox 319 4536 561 4631; x_wconf 51' lang='lat' dir='ltr'><strong>(ipaﬂdr</strong></span> <span class='ocrx_word' id='word_1_645' title='bbox 574 4541 847 4631; x_wconf 67' lang='grc' dir='ltr'>πορευθώ</span> <span class='ocrx_word' id='word_1_646' title='bbox 867 4541 1076 4613; x_wconf 81' lang='grc' dir='ltr'><strong>ἄρχειν</strong></span> <span class='ocrx_word' id='word_1_647' title='bbox 1092 4545 1211 4600; x_wconf 80' lang='grc' dir='ltr'>τῶν</span> <span class='ocrx_word' id='word_1_648' title='bbox 1253 4548 1493 4618; x_wconf 51' lang='lat' dir='ltr'><strong>(iulans;</strong></span> <span class='ocrx_word' id='word_1_649' title='bbox 1516 4554 1628 4608; x_wconf 82' lang='grc' dir='ltr'><strong>Καὶ</strong></span> <span class='ocrx_word' id='word_1_650' title='bbox 1644 4556 1824 4611; x_wconf 79' lang='grc' dir='ltr'>εἶπαν</span> <span class='ocrx_word' id='word_1_651' title='bbox 1853 4560 1911 4613; x_wconf 72' lang='lat' dir='ltr'><strong>rd</strong></span> 
     </span>
    </p>
   </div>
   <div class='ocr_carea' id='block_1_90' title="bbox 2020 4536 3615 4631">
    <p class='ocr_par' dir='ltr' id='par_1_90' title="bbox 2040 4536 3615 4626">
     <span class='ocr_line' id='line_1_90' title="bbox 2040 4536 3615 4626; baseline -0.004 -10"><span class='ocrx_word' id='word_1_652' title='bbox 2040 4536 2215 4618; x_wconf 86' lang='lat' dir='ltr'><strong>illud:</strong></span> <span class='ocrx_word' id='word_1_653' title='bbox 2254 4561 2323 4615; x_wconf 84' lang='lat' dir='ltr'><strong>Et</strong></span> <span class='ocrx_word' id='word_1_654' title='bbox 2346 4536 2597 4617; x_wconf 63' lang='lat' dir='ltr'><strong>dixerunt</strong></span> <span class='ocrx_word' id='word_1_655' title='bbox 2638 4562 2860 4613; x_wconf 80' lang='lat' dir='ltr'><strong>rhamno</strong></span> <span class='ocrx_word' id='word_1_656' title='bbox 2889 4556 2940 4623; x_wconf 83' lang='lat' dir='ltr'><strong>i,</strong></span> <span class='ocrx_word' id='word_1_657' title='bbox 2996 4567 3050 4611; x_wconf 90' lang='lat' dir='ltr'><strong>et</strong></span> <span class='ocrx_word' id='word_1_658' title='bbox 3108 4571 3233 4626; x_wconf 65' lang='lat' dir='ltr'><strong>qua!</strong></span> <span class='ocrx_word' id='word_1_659' title='bbox 3285 4562 3615 4622; x_wconf 83' lang='lat' dir='ltr'><strong>sequuntur.</strong></span> 
     </span>
    </p>
   </div>
   <div class='ocr_carea' id='block_1_91' title="bbox 329 4624 1911 4730">
    <p class='ocr_par' dir='ltr' id='par_1_91' title="bbox 329 4624 1910 4730">
     <span class='ocr_line' id='line_1_91' title="bbox 329 4624 1910 4730; baseline 0.017 -52"><span class='ocrx_word' id='word_1_660' title='bbox 329 4624 651 4730; x_wconf 41' lang='lat' dir='ltr'><strong>(furiat-cii</strong></span> <span class='ocrx_word' id='word_1_661' title='bbox 720 4633 969 4701; x_wconf 74' lang='grc' dir='ltr'><strong>ἀμπέλῳ</strong></span> <span class='ocrx_word' id='word_1_662' title='bbox 1004 4637 1052 4668; x_wconf 69' lang='grc'><strong>³⁵</strong></span> <span class='ocrx_word' id='word_1_663' title='bbox 1101 4638 1203 4691; x_wconf 76' lang='grc' dir='ltr'><strong>καί</strong></span> <span class='ocrx_word' id='word_1_664' title='bbox 1245 4636 1426 4696; x_wconf 80' lang='grc' dir='ltr'>εἶπαν</span> <span class='ocrx_word' id='word_1_665' title='bbox 1483 4643 1557 4713; x_wconf 77' lang='grc' dir='ltr'>τῇ</span> <span class='ocrx_word' id='word_1_666' title='bbox 1613 4647 1824 4717; x_wconf 78' lang='grc' dir='ltr'>ῥάμνῳ</span> <span class='ocrx_word' id='word_1_667' title='bbox 1863 4653 1910 4685; x_wconf 79' lang='grc'><strong>³⁸</strong></span> 
     </span>
    </p>
   </div>
   <div class='ocr_carea' id='block_1_92' title="bbox 2020 4624 3616 4730">
    <p class='ocr_par' dir='ltr' id='par_1_92' title="bbox 2034 4624 3616 4724">
     <span class='ocr_line' id='line_1_92' title="bbox 2034 4624 3616 4724; baseline -0.008 -14"><span class='ocrx_word' id='word_1_668' title='bbox 2034 4656 2182 4719; x_wconf 77' lang='lat' dir='ltr'><strong>Haec,</strong></span> <span class='ocrx_word' id='word_1_669' title='bbox 2209 4656 2406 4724; x_wconf 89' lang='lat' dir='ltr'><strong>inquit,</strong></span> <span class='ocrx_word' id='word_1_670' title='bbox 2426 4661 2641 4711; x_wconf 88' lang='lat' dir='ltr'><strong>constat</strong></span> <span class='ocrx_word' id='word_1_671' title='bbox 2674 4667 2779 4704; x_wconf 92' lang='lat' dir='ltr'><strong>non</strong></span> <span class='ocrx_word' id='word_1_672' title='bbox 2808 4664 2935 4705; x_wconf 91' lang='lat' dir='ltr'><strong>esse</strong></span> <span class='ocrx_word' id='word_1_673' title='bbox 2976 4649 3043 4704; x_wconf 91' lang='lat' dir='ltr'><strong>de</strong></span> <span class='ocrx_word' id='word_1_674' title='bbox 3085 4624 3248 4719; x_wconf 78' lang='lat' dir='ltr'><strong>lignis</strong></span> <span class='ocrx_word' id='word_1_675' title='bbox 3298 4646 3464 4711; x_wconf 89' lang='lat' dir='ltr'><strong>dicta,</strong></span> <span class='ocrx_word' id='word_1_676' title='bbox 3518 4645 3616 4700; x_wconf 84' lang='lat' dir='ltr'><strong>sed</strong></span> 
     </span>
    </p>
   </div>
   <div class='ocr_carea' id='block_1_93' title="bbox 332 4717 1911 4810">
    <p class='ocr_par' dir='ltr' id='par_1_93' title="bbox 332 4717 1911 4810">
     <span class='ocr_line' id='line_1_93' title="bbox 332 4717 1911 4810; baseline 0.017 -41"><span class='ocrx_word' id='word_1_677' title='bbox 332 4717 433 4810; x_wconf 60' lang='lat' dir='ltr'><strong>xui.</strong></span> <span class='ocrx_word' id='word_1_678' title='bbox 473 4720 627 4810; x_wconf 77' lang='grc' dir='ltr'>έξῆς.</span> <span class='ocrx_word' id='word_1_679' title='bbox 659 4724 801 4793; x_wconf 78' lang='grc' dir='ltr'>Φησὶ</span> <span class='ocrx_word' id='word_1_680' title='bbox 848 4727 982 4796; x_wconf 80' lang='grc' dir='ltr'>γάρ,</span> <span class='ocrx_word' id='word_1_681' title='bbox 1012 4727 1199 4783; x_wconf 81' lang='grc' dir='ltr'>Ταῦτα</span> <span class='ocrx_word' id='word_1_682' title='bbox 1250 4731 1307 4785; x_wconf 85' lang='grc' dir='ltr'>δὲ</span> <span class='ocrx_word' id='word_1_683' title='bbox 1349 4734 1431 4789; x_wconf 85' lang='grc' dir='ltr'>ὅτι</span> <span class='ocrx_word' id='word_1_684' title='bbox 1475 4738 1551 4808; x_wconf 83' lang='grc' dir='ltr'>μὴ</span> <span class='ocrx_word' id='word_1_685' title='bbox 1586 4741 1716 4810; x_wconf 78' lang='grc' dir='ltr'>περὶ</span> <span class='ocrx_word' id='word_1_686' title='bbox 1750 4740 1911 4806; x_wconf 59' lang='grc' dir='ltr'>ξύλωι</span> 
     </span>
    </p>
   </div>
   <div class='ocr_carea' id='block_1_94' title="bbox 2020 4717 3620 4810">
    <p class='ocr_par' dir='ltr' id='par_1_94' title="bbox 2032 4717 3620 4810">
     <span class='ocr_line' id='line_1_94' title="bbox 2032 4717 3620 4810; baseline -0.01 -7"><span class='ocrx_word' id='word_1_687' title='bbox 2032 4750 2101 4803; x_wconf 90' lang='lat' dir='ltr'><strong>de</strong></span> <span class='ocrx_word' id='word_1_688' title='bbox 2122 4717 2413 4801; x_wconf 75' lang='lat' dir='ltr'><strong>animabus</strong></span> <span class='ocrx_word' id='word_1_689' title='bbox 2458 4746 2574 4800; x_wconf 68' lang='lat' dir='ltr'><strong>haec</strong></span> <span class='ocrx_word' id='word_1_690' title='bbox 2607 4752 2924 4806; x_wconf 88' lang='lat' dir='ltr'><strong>narrantur,</strong></span> <span class='ocrx_word' id='word_1_691' title='bbox 2955 4756 3079 4810; x_wconf 57' lang='lat' dir='ltr'><strong>quas</strong></span> <span class='ocrx_word' id='word_1_692' title='bbox 3123 4717 3250 4792; x_wconf 72' lang='lat' dir='ltr'><strong>ante</strong></span> <span class='ocrx_word' id='word_1_693' title='bbox 3282 4735 3488 4792; x_wconf 87' lang='lat' dir='ltr'><strong>Christi</strong></span> <span class='ocrx_word' id='word_1_694' title='bbox 3532 4734 3620 4788; x_wconf 91' lang='lat' dir='ltr'><strong>in-</strong></span> 
     </span>
    </p>
   </div>
   <div class='ocr_carea' id='block_1_95' title="bbox 330 4808 1911 4911">
    <p class='ocr_par' dir='ltr' id='par_1_95' title="bbox 330 4808 1907 4911">
     <span class='ocr_line' id='line_1_95' title="bbox 330 4808 1907 4911; baseline 0.017 -50"><span class='ocrx_word' id='word_1_695' title='bbox 330 4808 551 4911; x_wconf 62' lang='grc' dir='ltr'>ὲλέχθη,</span> <span class='ocrx_word' id='word_1_696' title='bbox 581 4814 753 4911; x_wconf 77' lang='grc' dir='ltr'>σαφές</span> <span class='ocrx_word' id='word_1_697' title='bbox 797 4817 945 4870; x_wconf 78' lang='grc' dir='ltr'>ἐστιν</span> <span class='ocrx_word' id='word_1_698' title='bbox 973 4835 987 4848; x_wconf 89' lang='grc'><strong>·</strong></span> <span class='ocrx_word' id='word_1_699' title='bbox 1042 4820 1181 4874; x_wconf 84' lang='grc' dir='ltr'>ἀλλὰ</span> <span class='ocrx_word' id='word_1_700' title='bbox 1230 4826 1361 4895; x_wconf 81' lang='grc' dir='ltr'>περὶ</span> <span class='ocrx_word' id='word_1_701' title='bbox 1408 4826 1598 4898; x_wconf 79' lang='grc' dir='ltr'>ψυχῶν</span> <span class='ocrx_word' id='word_1_702' title='bbox 1633 4808 1907 4902; x_wconf 83' lang='grc' dir='ltr'>ἱστορεῖτα</span> 
     </span>
    </p>
   </div>
   <div class='ocr_carea' id='block_1_96' title="bbox 2020 4808 3618 4911">
    <p class='ocr_par' dir='ltr' id='par_1_96' title="bbox 2032 4827 3618 4899">
     <span class='ocr_line' id='line_1_96' title="bbox 2032 4827 3618 4899; baseline -0.009 -5"><span class='ocrx_word' id='word_1_703' title='bbox 2032 4840 2419 4894; x_wconf 86' lang='lat' dir='ltr'><strong>carnationem</strong></span> <span class='ocrx_word' id='word_1_704' title='bbox 2474 4837 2703 4890; x_wconf 69' lang='lat' dir='ltr'><strong>luxuria:</strong></span> <span class='ocrx_word' id='word_1_705' title='bbox 2738 4833 2890 4888; x_wconf 86' lang='lat' dir='ltr'><strong>vitiis</strong></span> <span class='ocrx_word' id='word_1_706' title='bbox 2959 4832 3275 4899; x_wconf 71' lang='lat' dir='ltr'><strong>inquinatas,</strong></span> <span class='ocrx_word' id='word_1_707' title='bbox 3344 4827 3618 4883; x_wconf 88' lang='lat' dir='ltr'><strong>accedunt</strong></span> 
     </span>
    </p>
   </div>
   <div class='ocr_carea' id='block_1_97' title="bbox 323 4906 1911 4999">
    <p class='ocr_par' dir='ltr' id='par_1_97' title="bbox 323 4906 1911 4999">
     <span class='ocr_line' id='line_1_97' title="bbox 323 4906 1911 4999; baseline 0.018 -45"><span class='ocrx_word' id='word_1_708' title='bbox 323 4906 532 4999; x_wconf 70' lang='grc' dir='ltr'>ταῦτα,</span> <span class='ocrx_word' id='word_1_709' title='bbox 557 4906 613 4999; x_wconf 85' lang='grc' dir='ltr'>αἳ</span> <span class='ocrx_word' id='word_1_710' title='bbox 649 4909 755 4978; x_wconf 80' lang='grc' dir='ltr'><strong>πρὸ</strong></span> <span class='ocrx_word' id='word_1_711' title='bbox 785 4910 885 4979; x_wconf 80' lang='grc' dir='ltr'>τῆς</span> <span class='ocrx_word' id='word_1_712' title='bbox 911 4911 1385 4987; x_wconf 83' lang='grc' dir='ltr'>ὲνανθρωπήσεως</span> <span class='ocrx_word' id='word_1_713' title='bbox 1403 4922 1497 4976; x_wconf 82' lang='grc' dir='ltr'>τοῦ</span> <span class='ocrx_word' id='word_1_714' title='bbox 1527 4924 1765 4994; x_wconf 79' lang='grc' dir='ltr'>Χριστοῦ</span> <span class='ocrx_word' id='word_1_715' title='bbox 1789 4927 1911 4980; x_wconf 88' lang='grc' dir='ltr'>καθ-</span> 
     </span>
    </p>
   </div>
   <div class='ocr_carea' id='block_1_98' title="bbox 2020 4906 3619 4999">
    <p class='ocr_par' dir='ltr' id='par_1_98' title="bbox 2030 4921 3619 4999">
     <span class='ocr_line' id='line_1_98' title="bbox 2030 4921 3619 4999; baseline -0.009 -16"><span class='ocrx_word' id='word_1_716' title='bbox 2030 4939 2282 4999; x_wconf 85' lang='lat' dir='ltr'><strong>rogantes</strong></span> <span class='ocrx_word' id='word_1_717' title='bbox 2311 4936 2371 4981; x_wconf 87' lang='lat' dir='ltr'><strong>ut</strong></span> <span class='ocrx_word' id='word_1_718' title='bbox 2402 4924 2839 4981; x_wconf 86' lang='lat' dir='ltr'><strong>misericordiam</strong></span> <span class='ocrx_word' id='word_1_719' title='bbox 2881 4938 2911 4975; x_wconf 88' lang='lat' dir='ltr'><strong>a</strong></span> <span class='ocrx_word' id='word_1_720' title='bbox 2946 4921 3057 4975; x_wconf 86' lang='lat' dir='ltr'><strong>Deo</strong></span> <span class='ocrx_word' id='word_1_721' title='bbox 3112 4921 3430 4987; x_wconf 85' lang='lat' dir='ltr'><strong>impetrent,</strong></span> <span class='ocrx_word' id='word_1_722' title='bbox 3458 4926 3515 4971; x_wconf 89' lang='lat' dir='ltr'><strong>et</strong></span> <span class='ocrx_word' id='word_1_723' title='bbox 3558 4924 3619 4969; x_wconf 90' lang='lat' dir='ltr'><strong>ut</strong></span> 
     </span>
    </p>
   </div>
   <div class='ocr_carea' id='block_1_99' title="bbox 322 4991 1911 5098">
    <p class='ocr_par' dir='ltr' id='par_1_99' title="bbox 322 4991 1911 5083">
     <span class='ocr_line' id='line_1_99' title="bbox 322 4991 1911 5083; baseline 0.016 -37"><span class='ocrx_word' id='word_1_724' title='bbox 322 4991 749 5069; x_wconf 84' lang='grc' dir='ltr'>υλομανήσασαι</span> <span class='ocrx_word' id='word_1_725' title='bbox 781 5003 895 5063; x_wconf 88' lang='grc' dir='ltr'>τοῖς</span> <span class='ocrx_word' id='word_1_726' title='bbox 936 5006 1355 5075; x_wconf 84' lang='grc' dir='ltr'>παραπτώμασι</span> <span class='ocrx_word' id='word_1_727' title='bbox 1405 5014 1714 5083; x_wconf 81' lang='grc' dir='ltr'>προσίασιν,</span> <span class='ocrx_word' id='word_1_728' title='bbox 1746 5014 1911 5072; x_wconf 71' lang='grc' dir='ltr'>οἶκτοι</span> 
     </span>
    </p>
   </div>
   <div class='ocr_carea' id='block_1_100' title="bbox 2020 4991 3618 5098">
    <p class='ocr_par' dir='ltr' id='par_1_100' title="bbox 2021 5004 3618 5088">
     <span class='ocr_line' id='line_1_100' title="bbox 2021 5004 3618 5088; baseline -0.009 -16"><span class='ocrx_word' id='word_1_729' title='bbox 2021 5020 2136 5088; x_wconf 82' lang='lat' dir='ltr'><strong>jam</strong></span> <span class='ocrx_word' id='word_1_730' title='bbox 2169 5017 2455 5072; x_wconf 88' lang='lat' dir='ltr'><strong>miseratio</strong></span> <span class='ocrx_word' id='word_1_731' title='bbox 2485 5028 2649 5085; x_wconf 88' lang='lat' dir='ltr'><strong>super</strong></span> <span class='ocrx_word' id='word_1_732' title='bbox 2676 5028 2777 5068; x_wconf 89' lang='lat' dir='ltr'><strong>eas</strong></span> <span class='ocrx_word' id='word_1_733' title='bbox 2820 5020 3009 5083; x_wconf 83' lang='lat' dir='ltr'><strong>regnet</strong></span> <span class='ocrx_word' id='word_1_734' title='bbox 3040 5019 3098 5065; x_wconf 92' lang='lat' dir='ltr'><strong>et</strong></span> <span class='ocrx_word' id='word_1_735' title='bbox 3150 5010 3360 5063; x_wconf 88' lang='lat' dir='ltr'><strong>viscera</strong></span> <span class='ocrx_word' id='word_1_736' title='bbox 3396 5004 3618 5060; x_wconf 79' lang='lat' dir='ltr'><strong>miseri-</strong></span> 
     </span>
    </p>
   </div>
   <div class='ocr_carea' id='block_1_101' title="bbox 320 5087 1911 5180">
    <p class='ocr_par' dir='ltr' id='par_1_101' title="bbox 320 5087 1911 5180">
     <span class='ocr_line' id='line_1_101' title="bbox 320 5087 1911 5180; baseline 0.018 -44"><span class='ocrx_word' id='word_1_737' title='bbox 320 5087 519 5180; x_wconf 67' lang='grc' dir='ltr'>αὐτῶν</span> <span class='ocrx_word' id='word_1_738' title='bbox 548 5088 800 5156; x_wconf 79' lang='grc' dir='ltr'>ἀξιοῦσαι</span> <span class='ocrx_word' id='word_1_739' title='bbox 829 5092 1015 5149; x_wconf 81' lang='grc' dir='ltr'>λαϐεῖν</span> <span class='ocrx_word' id='word_1_740' title='bbox 1044 5098 1136 5150; x_wconf 86' lang='grc' dir='ltr'><strong>τὸν</strong></span> <span class='ocrx_word' id='word_1_741' title='bbox 1159 5098 1315 5163; x_wconf 84' lang='grc' dir='ltr'>Θεὸν,</span> <span class='ocrx_word' id='word_1_742' title='bbox 1350 5101 1445 5154; x_wconf 80' lang='grc' dir='ltr'><strong>καὶ</strong></span> <span class='ocrx_word' id='word_1_743' title='bbox 1486 5103 1808 5172; x_wconf 81' lang='grc' dir='ltr'>βασιλεῦσαι</span> <span class='ocrx_word' id='word_1_744' title='bbox 1833 5110 1911 5164; x_wconf 64' lang='lat' dir='ltr'><strong>tot</strong></span> 
     </span>
    </p>
   </div>
   <div class='ocr_carea' id='block_1_102' title="bbox 2020 5087 3610 5180">
    <p class='ocr_par' dir='ltr' id='par_1_102' title="bbox 2032 5095 3610 5180">
     <span class='ocr_line' id='line_1_102' title="bbox 2032 5095 3610 5180; baseline -0.01 -14"><span class='ocrx_word' id='word_1_745' title='bbox 2032 5111 2252 5175; x_wconf 61' lang='lat' dir='ltr'><strong>cordia),</strong></span> <span class='ocrx_word' id='word_1_746' title='bbox 2280 5125 2441 5180; x_wconf 90' lang='lat' dir='ltr'><strong>quam</strong></span> <span class='ocrx_word' id='word_1_747' title='bbox 2477 5107 2612 5165; x_wconf 75' lang='lat' dir='ltr'><strong>oleae</strong></span> <span class='ocrx_word' id='word_1_748' title='bbox 2639 5106 2807 5177; x_wconf 79' lang='lat' dir='ltr'><strong>ﬁgura</strong></span> <span class='ocrx_word' id='word_1_749' title='bbox 2848 5103 3124 5174; x_wconf 77' lang='lat' dir='ltr'><strong>expressit</strong></span> <span class='ocrx_word' id='word_1_750' title='bbox 3169 5100 3477 5170; x_wconf 89' lang='lat' dir='ltr'><strong>Scriptura.</strong></span> <span class='ocrx_word' id='word_1_751' title='bbox 3541 5095 3610 5151; x_wconf 84' lang='lat' dir='ltr'><strong>Et</strong></span> 
     </span>
    </p>
   </div>
   <div class='ocr_carea' id='block_1_103' title="bbox 322 5178 1911 5270">
    <p class='ocr_par' dir='ltr' id='par_1_103' title="bbox 322 5178 1911 5270">
     <span class='ocr_line' id='line_1_103' title="bbox 322 5178 1911 5270; baseline 0.018 -41"><span class='ocrx_word' id='word_1_752' title='bbox 322 5178 485 5232; x_wconf 76' lang='grc' dir='ltr'>ἔλεον</span> <span class='ocrx_word' id='word_1_753' title='bbox 514 5181 600 5233; x_wconf 76' lang='grc' dir='ltr'><strong>ἐπ’</strong></span> <span class='ocrx_word' id='word_1_754' title='bbox 620 5183 792 5247; x_wconf 78' lang='grc' dir='ltr'>αὐτὰς</span> <span class='ocrx_word' id='word_1_755' title='bbox 825 5185 924 5257; x_wconf 73' lang='grc' dir='ltr'>ἥδη</span> <span class='ocrx_word' id='word_1_756' title='bbox 954 5189 1047 5241; x_wconf 74' lang='grc' dir='ltr'><strong>καὶ</strong></span> <span class='ocrx_word' id='word_1_757' title='bbox 1070 5190 1170 5261; x_wconf 84' lang='grc' dir='ltr'>τὴν</span> <span class='ocrx_word' id='word_1_758' title='bbox 1197 5192 1625 5265; x_wconf 78' lang='grc' dir='ltr'>εὐσπλαγχνίαν,</span> <span class='ocrx_word' id='word_1_759' title='bbox 1650 5199 1718 5270; x_wconf 85' lang='grc' dir='ltr'>ἢν</span> <span class='ocrx_word' id='word_1_760' title='bbox 1735 5201 1911 5267; x_wconf 81' lang='grc' dir='ltr'>ἐλαίας</span> 
     </span>
    </p>
   </div>
   <div class='ocr_carea' id='block_1_104' title="bbox 2020 5178 3615 5270">
    <p class='ocr_par' dir='ltr' id='par_1_104' title="bbox 2031 5178 3615 5270">
     <span class='ocr_line' id='line_1_104' title="bbox 2031 5178 3615 5270; baseline -0.01 -11"><span class='ocrx_word' id='word_1_761' title='bbox 2031 5178 2510 5260; x_wconf 30' lang='grc' dir='ltr'>αάνθτιίιο-ιιιτυω</span> <span class='ocrx_word' id='word_1_762' title='bbox 2540 5216 2654 5257; x_wconf 79' lang='lat' dir='ltr'><strong>non</strong></span> <span class='ocrx_word' id='word_1_763' title='bbox 2682 5214 2711 5252; x_wconf 85' lang='lat' dir='ltr'><strong>a</strong></span> <span class='ocrx_word' id='word_1_764' title='bbox 2740 5198 3081 5270; x_wconf 85' lang='lat' dir='ltr'><strong>protoplasto</strong></span> <span class='ocrx_word' id='word_1_765' title='bbox 3127 5208 3298 5264; x_wconf 86' lang='lat' dir='ltr'><strong>usque</strong></span> <span class='ocrx_word' id='word_1_766' title='bbox 3352 5192 3420 5247; x_wconf 87' lang='lat' dir='ltr'><strong>ad</strong></span> <span class='ocrx_word' id='word_1_767' title='bbox 3453 5188 3615 5244; x_wconf 76' lang='lat' dir='ltr'><strong>Chri~</strong></span> 
     </span>
    </p>
   </div>
   <div class='ocr_carea' id='block_1_105' title="bbox 415 5398 941 5473">
    <p class='ocr_par' dir='ltr' id='par_1_105' title="bbox 415 5398 941 5473">
     <span class='ocr_line' id='line_1_105' title="bbox 415 5398 941 5473; baseline 0.034 -24"><span class='ocrx_word' id='word_1_768' title='bbox 415 5398 431 5448; x_wconf 76' lang='lat' dir='ltr'><strong>i</strong></span> <span class='ocrx_word' id='word_1_769' title='bbox 467 5401 642 5461; x_wconf 76' lang='lat' dir='ltr'><strong>Jtttlic.</strong></span> <span class='ocrx_word' id='word_1_770' title='bbox 668 5423 745 5473; x_wconf 76' lang='lat' dir='ltr'><strong>Ix,</strong></span> <span class='ocrx_word' id='word_1_771' title='bbox 780 5409 941 5467; x_wconf 76' lang='lat'><strong>8-“.</strong></span> 
     </span>
    </p>
   </div>
   <div class='ocr_carea' id='block_1_106' title="bbox 1641 5536 2344 5597">
    <p class='ocr_par' dir='ltr' id='par_1_106' title="bbox 1641 5536 2344 5597">
     <span class='ocr_line' id='line_1_106' title="bbox 1641 5536 2344 5597; baseline -0.004 -2"><span class='ocrx_word' id='word_1_772' title='bbox 1641 5536 1879 5595; x_wconf 68' lang='lat' dir='ltr'><strong>VARIE</strong></span> <span class='ocrx_word' id='word_1_773' title='bbox 1936 5536 2344 5597; x_wconf 82' lang='lat' dir='ltr'><strong>LECTIONES.</strong></span> 
     </span>
    </p>
   </div>
   <div class='ocr_carea' id='block_1_107' title="bbox 414 5717 3616 5802">
    <p class='ocr_par' dir='ltr' id='par_1_107' title="bbox 414 5717 3616 5802">
     <span class='ocr_line' id='line_1_107' title="bbox 414 5717 3616 5802; baseline -0.006 -13"><span class='ocrx_word' id='word_1_774' title='bbox 414 5717 461 5802; x_wconf 60' lang='grc' dir='ltr'><em>ξ⁶</em></span> <span class='ocrx_word' id='word_1_775' title='bbox 493 5717 680 5802; x_wconf 63' lang='grc' dir='ltr'><strong>ὴ,Ξ³¹ξξῙο</strong></span> <span class='ocrx_word' id='word_1_776' title='bbox 711 5718 832 5802; x_wconf 38' lang='grc' dir='ltr'><strong>Βεθξ</strong></span> <span class='ocrx_word' id='word_1_777' title='bbox 875 5721 1045 5802; x_wconf 46' lang='lat' dir='ltr'><strong>reo}.</strong></span> <span class='ocrx_word' id='word_1_778' title='bbox 1215 5724 1452 5802; x_wconf 50' lang='grc' dir='ltr'>νόμοις]</span> <span class='ocrx_word' id='word_1_779' title='bbox 1465 5728 1662 5802; x_wconf 81' lang='grc' dir='ltr'>φόνους</span> <span class='ocrx_word' id='word_1_780' title='bbox 1720 5749 1826 5802; x_wconf 91' lang='lat' dir='ltr'><strong>mg.</strong></span> <span class='ocrx_word' id='word_1_781' title='bbox 1892 5730 1951 5802; x_wconf 3' lang='grc' dir='ltr'><strong>,ἐι</strong></span> <span class='ocrx_word' id='word_1_782' title='bbox 1978 5730 2037 5802; x_wconf 74' lang='grc' dir='ltr'>τὸ</span> <span class='ocrx_word' id='word_1_783' title='bbox 2070 5731 2196 5782; x_wconf 82' lang='lat' dir='ltr'><strong>add.</strong></span> <span class='ocrx_word' id='word_1_784' title='bbox 2236 5731 2301 5782; x_wconf 83' lang='lat' dir='ltr'><strong>A.</strong></span> <span class='ocrx_word' id='word_1_785' title='bbox 2378 5729 2423 5802; x_wconf 50' lang='grc' dir='ltr'><strong>ξιξ</strong></span> <span class='ocrx_word' id='word_1_786' title='bbox 2454 5728 2672 5802; x_wconf 64' lang='grc' dir='ltr'>τεθεῖσα</span> <span class='ocrx_word' id='word_1_787' title='bbox 2701 5726 2759 5802; x_wconf 63' lang='grc' dir='ltr'><strong>Βτ</strong></span> <span class='ocrx_word' id='word_1_788' title='bbox 2840 5719 3303 5802; x_wconf 34' lang='grc' dir='ltr'>*συάναγωγικῶ-ς]</span> <span class='ocrx_word' id='word_1_789' title='bbox 3336 5718 3616 5802; x_wconf 67' lang='grc' dir='ltr'>ἀναλόγως</span> 
     </span>
    </p>
   </div>
   <div class='ocr_carea' id='block_1_108' title="bbox 336 5786 3625 5872">
    <p class='ocr_par' dir='ltr' id='par_1_108' title="bbox 336 5786 3625 5872">
     <span class='ocr_line' id='line_1_108' title="bbox 336 5786 3625 5872; baseline 0.002 -33"><span class='ocrx_word' id='word_1_790' title='bbox 528 5788 570 5867; x_wconf 61' lang='grc' dir='ltr'><em>’ξ</em></span> <span class='ocrx_word' id='word_1_791' title='bbox 604 5790 835 5872; x_wconf 61' lang='grc' dir='ltr'>ίίριτὸις]</span> <span class='ocrx_word' id='word_1_792' title='bbox 870 5792 1017 5871; x_wconf 46' lang='lat' dir='ltr'><strong>udi.</strong></span> <span class='ocrx_word' id='word_1_793' title='bbox 1093 5786 1539 5872; x_wconf 40' lang='lat' dir='ltr'><strong>{iéuuc&#39;rbvllibri</strong></span> <span class='ocrx_word' id='word_1_794' title='bbox 1561 5786 1805 5871; x_wconf 70' lang='grc' dir='ltr'><strong>έαύτῷ.υ</strong></span> <span class='ocrx_word' id='word_1_795' title='bbox 1839 5800 1920 5833; x_wconf 70' lang='grc'><strong>³³*</strong></span> <span class='ocrx_word' id='word_1_796' title='bbox 1957 5798 2195 5872; x_wconf 73' lang='grc' dir='ltr'>είπονς.</span> <span class='ocrx_word' id='word_1_797' title='bbox 2274 5801 2318 5833; x_wconf 83' lang='grc'><strong>³³</strong></span> <span class='ocrx_word' id='word_1_798' title='bbox 2344 5798 2499 5872; x_wconf 76' lang='grc' dir='ltr'>ξύλα]</span> <span class='ocrx_word' id='word_1_799' title='bbox 2528 5799 2660 5864; x_wconf 75' lang='grc' dir='ltr'>ξύλα</span> <span class='ocrx_word' id='word_1_800' title='bbox 2690 5799 2867 5852; x_wconf 82' lang='grc' dir='ltr'>πάντα</span> <span class='ocrx_word' id='word_1_801' title='bbox 2885 5796 2945 5849; x_wconf 73' lang='grc' dir='ltr'><strong>Β.</strong></span> <span class='ocrx_word' id='word_1_802' title='bbox 3021 5786 3067 5827; x_wconf 64' lang='grc' dir='ltr'><strong>δδ</strong></span> <span class='ocrx_word' id='word_1_803' title='bbox 3090 5786 3208 5865; x_wconf 73' lang='lat' dir='ltr'><strong>post</strong></span> <span class='ocrx_word' id='word_1_804' title='bbox 3235 5786 3465 5865; x_wconf 72' lang='grc' dir='ltr'>ἀμπέλῳ</span> <span class='ocrx_word' id='word_1_805' title='bbox 3498 5786 3625 5845; x_wconf 70' lang='lat' dir='ltr'><strong>eum</strong></span> 
     </span>
    </p>
   </div>
   <div class='ocr_carea' id='block_1_109' title="bbox 338 5860 2200 5942">
    <p class='ocr_par' dir='ltr' id='par_1_109' title="bbox 338 5860 2200 5942">
     <span class='ocr_line' id='line_1_109' title="bbox 338 5860 2200 5942; baseline 0.011 -28"><span class='ocrx_word' id='word_1_806' title='bbox 338 5860 438 5914; x_wconf 61' lang='lat' dir='ltr'><strong>au</strong></span> <span class='ocrx_word' id='word_1_807' title='bbox 465 5860 619 5914; x_wconf 88' lang='lat' dir='ltr'><strong>omisi</strong></span> <span class='ocrx_word' id='word_1_808' title='bbox 651 5860 744 5914; x_wconf 80' lang='grc' dir='ltr'>καὶ</span> <span class='ocrx_word' id='word_1_809' title='bbox 770 5860 873 5925; x_wconf 61' lang='grc' dir='ltr'>ιὼς</span> <span class='ocrx_word' id='word_1_810' title='bbox 909 5865 1022 5918; x_wconf 72' lang='grc' dir='ltr'>τοῦ.</span> <span class='ocrx_word' id='word_1_811' title='bbox 1104 5866 1146 5899; x_wconf 70' lang='grc' dir='ltr'><strong>ευ</strong></span> <span class='ocrx_word' id='word_1_812' title='bbox 1173 5860 1496 5939; x_wconf 51' lang='lat' dir='ltr'><strong>thymum-</strong></span> <span class='ocrx_word' id='word_1_813' title='bbox 1664 5860 1725 5927; x_wconf 71' lang='lat' dir='ltr'><strong>ui</strong></span> <span class='ocrx_word' id='word_1_814' title='bbox 1774 5874 1879 5929; x_wconf 77' lang='lat' dir='ltr'><strong>add</strong></span> <span class='ocrx_word' id='word_1_815' title='bbox 1911 5882 2002 5929; x_wconf 81' lang='grc' dir='ltr'>ιυι·</span> <span class='ocrx_word' id='word_1_816' title='bbox 2040 5860 2200 5942; x_wconf 65' lang='grc' dir='ltr'>πρὸξ.</span> 
     </span>
    </p>
   </div>
  </div>
