3954 6418
499 358 635 423 1175

1653 351 1920 415 ΡΗΟΤΙΙ
1959 345 2469 410 ΡΑΤΒΙΑΒΟΗΕ
2505 345 2618 406 CP.

3598 347 3703 410 ll'ib

488 487 633 529 stum
655 470 913 540 deinceps
931 468 1214 541 Scriptum
1244 475 1515 540 praecepta
1550 464 1844 539 significet,
1875 465 2072 535 quibus

2176 460 2334 531 τύπῳ
2361 456 2672 528 παρέλαϐεν
2700 456 2734 526 ἠ
2758 453 2975 527 Γραφή.
3003 450 3116 506 Καὶ
3146 450 3506 522 ἐπισκέψασθε
3536 457 3703 528 μήποτε

488 580 606 624 sua.
622 562 877 620 diabolus
897 561 1221 632 opponendo
1244 559 1573 616 adumbrata
1604 559 1890 631 figmenta,
1908 570 2079 626 genus

488 658 786 711 humanum
845 653 1083 723 decepit.
1136 651 1327 707 Ficum
1380 654 1583 722 quippe
1620 666 1746 707 cum
1797 658 2072 720 praecepto

488 748 692 801 homini
724 747 777 802 in
810 746 1063 815 paradiso
1092 746 1218 801 dato
1263 730 1625 815 comparavit,
1652 742 1781 813 quia
1812 744 2077 812 deceptus

486 842 649 894 homo
683 839 826 894 foliis
850 840 933 894 tici
966 839 1270 894 nuditatem
1294 854 1448 895 suam
1476 836 1679 893 velavit
1704 854 1721 904 ;
1748 837 1915 892 vitem
1945 849 2080 891 vero

484 930 588 996 legi
623 940 745 998 post
774 930 1039 985 diluvium
1082 928 1197 985 Noe
1229 928 1391 994 datm,
1424 943 1491 984 eo
1522 927 1668 998 quod
1715 928 1844 984 vino
1869 926 2080 999 sopitus

485 1020 648 1076 fuerit
683 1021 924 1087 irrisus;
971 1020 1149 1077 oleam
1199 1033 1329 1074 vero
1375 1019 1479 1090 legi
1525 1019 1693 1076 Musis
1741 1019 1794 1074 in
1835 1020 2075 1085 deserto,

485 1115 615 1185 quia
639 1116 820 1170 oleum
861 1126 1113 1172 sanctum
1169 1118 1285 1172 sive
1309 1116 1486 1188 gratia
1532 1114 1880 1186 prophetica,
1931 1128 2074 1182 prae-

484 1210 861 1265 varicantibus
894 1209 1001 1265 illis
1038 1208 1318 1266 defecerat
1354 1211 1424 1266 ab
1469 1209 1811 1265 haereditate.
1864 1207 2075 1262 libam-

485 1315 617 1355 num
650 1310 930 1369 comparat
974 1300 1115 1355 datae
1158 1299 1260 1371 legi
1309 1301 1377 1356 ad
1433 1300 1668 1356 salutem
1718 1299 1907 1354 mundi
1940 1313 2079 1368 apo-

484 1389 666 1453 stolis,
698 1390 824 1459 quia
852 1404 949 1458 per
982 1389 1198 1444 illorum
1231 1388 1543 1446 doctrinam
1581 1388 1892 1444 castitatem
1929 1386 2075 1443 didi-

370 1519 379 1530 .
482 1482 680 1547 cimus,
729 1482 818 1537 cui
868 1481 968 1537 soli
1025 1481 1261 1537 similem
1337 1482 1538 1537 nullam
1602 1482 1781 1553 potuit
1832 1480 2073 1550 speciem

482 1574 735 1630 diabolus
783 1574 1049 1629 invenire.
1080 1573 1244 1644 312
1266 1576 1293 1627 b
1325 1572 1466 1629 Hinc
1495 1582 1731 1639 quatuor
1764 1571 2069 1640 Evangelia

482 1664 630 1719 edita
654 1673 803 1728 sunt,
826 1663 937 1720 Deo
954 1673 1150 1735 quater
1167 1663 1562 1719 humanitatem
1586 1660 2070 1736 [incarnationem]

483 1756 865 1821 annuntiante,
894 1764 950 1810 et
978 1742 1264 1823 quaternis
1300 1753 1513 1825 legibus
1543 1755 1797 1821 docente,
1829 1769 2066 1823 quarum

484 1858 728 1917 tempora
749 1860 958 1919 aperte,
981 1863 1079 1918 per
1100 1848 1378 1904 fructuum
1397 1847 1716 1904 discrimina
1754 1846 2068 1917 intelligun-

482 1950 594 1996 tur.
626 1938 789 1998 Ficus
811 1942 956 1997 enim
988 1952 1211 2012 propter
1239 1941 1582 1997 dulcedinem
1611 1949 1668 1996 et
1690 1940 2073 2005 nutritionem,

478 2030 654 2102 legem
688 2043 815 2087 ante
852 2033 1363 2103 praevaricationem
1405 2032 1570 2089 latam
1611 2032 1877 2090 declarat.
1929 2032 2075 2088 Non-

480 2141 762 2196 nunquam
786 2127 933 2180 enim
961 2126 1098 2181 ficus
1120 2125 1175 2179 in
1213 2126 1500 2196 Scriptura
1532 2126 1589 2181 in
1623 2126 1910 2182 meliorem
1955 2140 2077 2195 par-

481 2225 593 2271 tam
617 2217 904 2287 accipitur.
954 2215 1096 2272 Vitis
1130 2231 1262 2273 vero
1290 2217 1361 2271 ob
1400 2216 1512 2271 vini
1569 2215 1973 2284 iucunditatem
2017 2224 2075 2271 et

479 2303 749 2373 laetitiam,
782 2322 973 2363 eorum
1011 2309 1104 2379 qui
1135 2323 1201 2365 ex
1249 2309 1329 2365 ira
1368 2308 1467 2365 Dei
1522 2320 1581 2366 et
1623 2308 1829 2366 diluvio
1869 2309 2071 2365 servati

478 2406 629 2464 sunt,
671 2399 924 2455 timorem
951 2411 1006 2456 et
1022 2402 1452 2459 sollicitudinem
1494 2402 1557 2479 in
1607 2402 1867 2473 gaudium
1898 2416 2059 2457 versa

477 2489 742 2546 insinuat.
775 2490 901 2547 Olea
928 2507 1082 2559 vero,
1113 2503 1340 2564 propter
1388 2494 1494 2550 olei
1525 2494 1787 2562 fructum,
1817 2491 2069 2547 intimam

478 2582 577 2637 Dei
609 2584 1043 2640 misericordiam
1069 2585 1383 2655 signiﬁcat;
1417 2587 1528 2641 Deo
1568 2600 1788 2641 rursum
1824 2584 2073 2639 homines

477 2675 548 2729 ad
572 2675 907 2745 impietatem
945 2686 1069 2745 post
1118 2677 1381 2732 diluvium
1435 2675 1721 2747 prolapsos
1777 2674 2070 2736 tolerante,

478 2776 537 2823 et
566 2768 822 2840 dignante
870 2770 1200 2841 quibusdam
1244 2770 1418 2840 legem
1480 2771 1613 2825 dare
1665 2778 1722 2825 et
1780 2783 2068 2839 apparere.

480 2858 768 2915 Rhamnus
827 2869 1010 2917 autem
1062 2860 1429 2932 virginitatem
1488 2860 1735 2915 denotat.
1786 2857 2073 2919 Rhamnus

479 2954 630 3006 enim
658 2954 824 3007 arbor
848 2962 1001 3009 casta
1032 2962 1140 3020 est,
1178 2963 1233 3009 et
1261 2952 1498 3009 fortasse
1526 2966 1596 3007 ex
1630 2953 1799 3007 simili
1832 2956 2069 3024 quadam

480 3061 607 3099 cum
642 3045 857 3116 virgine
911 3055 1104 3102 natura
1142 3049 1311 3118 stirps
1338 3047 1475 3114 ,haec
1508 3046 1738 3117 ῥάμνος,
1770 3047 1866 3100 καὶ
1905 3047 2072 3117 ἄγνος

480 3139 828 3209 appellatur;
856 3141 1122 3197 rhamnus
1152 3140 1375 3210 quidem
1412 3149 1636 3210 propter
1680 3142 1848 3195 robur
1869 3153 1927 3197 et
1956 3142 2069 3198 for-
2097 3166 2144 3230 ρ

487 3232 770 3305 titudinem
824 3242 1017 3288 contra
1059 3232 1407 3303 voluptates,
1451 3232 1618 3303 ἄγνος
1661 3232 1875 3303 (96-85)
1903 3249 2071 3301 vero,

481 3328 626 3397 quod
648 3327 793 3382 omni
819 3341 889 3382 ex
919 3338 1074 3398 parte
1096 3336 1251 3384 casta
1276 3337 1331 3384 et
1359 3342 1495 3399 pura
1522 3329 1612 3385 sit.
1646 3328 1798 3385 Unde
1819 3340 1873 3384 et
1901 3328 2071 3385 Eliatu

482 3418 669 3475 ferunt
720 3435 750 3475 a
803 3418 945 3476 facie
991 3417 1268 3477 Jezabeiis
1319 3420 1567 3477 mulieris
1628 3420 1924 3492 fugientem
1999 3422 2069 3478 ad

482 3516 775 3570 rhamnum
802 3515 1037 3586 primum
1057 3516 1296 3581 venisse,
1329 3522 1498 3585 atque
1524 3514 1844 3570 exauditum
1878 3514 2072 3584 fuisse,

481 3605 779 3676 cibumque
834 3606 1138 3677 accepisse,
1195 3608 1325 3677 quia
1382 3606 1721 3679 fugientibus
1787 3607 2074 3664 stimulum

480 3701 693 3763 carnis,
739 3708 796 3755 et
834 3697 1119 3767 feminam,
1177 3710 1236 3757 et
1270 3701 1634 3773 voluptatem,
1667 3706 1975 3775 perfugium
2014 3715 2074 3761 et

481 3799 882 3862 tegumentum,
915 3793 1192 3849 castitatis
1216 3793 1428 3863 lignum
1454 3795 1805 3865 germinavit,
1836 3797 1982 3867 quod
2004 3795 2076 3851 ab

481 3888 721 3941 adventu
781 3885 1043 3957 principis
1095 3888 1368 3957 virginum
1418 3886 1649 3955 Christi,
1710 3904 1937 3961 regnum
2018 3890 2073 3944 in

482 3974 740 4032 homines
760 3975 1010 4032 obtinuit
1032 3976 1171 4049 (86).
1203 3976 1319 4033 Hoc
1352 3979 1500 4034 enim
1543 3981 1766 4034 unicum
1802 3979 2074 4035 castitatis

485 4081 747 4139 regnum,
805 4070 966 4140 cujus
1014 4070 1166 4141 ipsos
1220 4085 1501 4141 nunquam
1574 4073 1891 4141 paeniteret,
1949 4082 2074 4143 post

367 4176 373 4183 ε
477 4153 685 4217 Christi
712 4156 1002 4213 adventum
1033 4158 1387 4229 arripuerunt
1416 4159 1687 4229 homines,
1717 4176 1840 4218 cum
1879 4163 2074 4235 singu-

481 4246 660 4301 lorum
714 4248 973 4315 aliorum,
1020 4252 1222 4321 quibus
1280 4252 1425 4309 datae
1470 4253 1689 4311 fuerant
1752 4255 1900 4327 leges
1942 4267 2073 4312 ante

479 4337 686 4394 Christi
742 4341 1063 4408 adventum,
1121 4359 1416 4414 regnorum
1483 4348 1730 4403 habenas
1780 4362 1813 4402 ι
1870 4348 2072 4418 seipsis

475 4431 732 4490 celeriter
754 4437 1155 4506 excussissem,
1195 4447 1253 4494 et
1279 4430 1562 4497 contrario
1594 4441 2072 4513 falsoquelparere

2182 552 2281 616 τὰς
2305 552 2397 605 ἐπὶ
2427 549 2523 604 τοῦ
2553 546 2982 621 πρωτοπλάστου
3031 543 3195 613 μέχρι
3226 543 3322 596 τοῦ
3354 545 3573 614 Χριστοῦ
3598 551 3704 603 καθ.

2180 646 2311 716 εξῆς
2350 645 2385 716 ή
2418 644 2458 697 Γ
2464 641 2610 714 ραφὴ
2635 638 2958 711 νομοθεσίας
2985 635 3155 707 δηλοῖ,
3191 628 3268 689 ὧν
3297 635 3325 689 ό
3346 635 3573 701 διάϐολος
3596 640 3709 694 ἀντι.

2184 740 2372 812 μίμοις
2404 738 2717 809 ἐξηπάτησε
2751 732 3037 803 πλάσμασι
3062 730 3125 784 τὸ
3144 728 3443 801 ἀνθρώπων
3465 730 3619 798 γένος,
3637 735 3710 802 τὴν

2183 832 2284 903 μὲν
2310 825 2403 886 οῦν
2433 829 2606 900 συκῆν
2634 825 3012 891 ἀπεικάζουσα
3036 826 3105 895 τῇ
3147 822 3286 876 κατὰ
3316 822 3403 875 τὸν
3432 822 3710 891 παράδεισον

2178 923 2393 994 δοθείσῃ
2441 920 2521 993 τῷ
2566 916 2842 990 ἀνθρώπῳ
2884 914 3072 986 ἐντολῇ
3093 954 3109 975 ,
3141 911 3331 983 ἐπειδὴ
3357 911 3454 984 τὴν
3481 912 3713 982 γύμνωσιν

2178 1012 2485 1085 ἀπατηθεὶς
2510 1004 2667 1075 οὗτος
2698 1007 2951 1071 πετάλοις
2984 1003 3299 1073 ὲπεκάλυψε
3328 1002 3493 1073 συκῆς
3514 1019 3529 1035 ο
3554 1004 3641 1074 τὴν
3674 1006 3714 1060 δὲ

2178 1106 2425 1177 ἄμπελον
2457 1105 2524 1176 τῇ
2561 1102 2652 1155 ἐπὶ
2679 1099 2776 1156 τοῦ
2812 1095 3207 1168 κατακλυσμοῦ
3248 1096 3324 1167 τῷ
3345 1094 3390 1128 ³⁸
3418 1095 3556 1157 Νῶε,
3583 1096 3657 1150 διὰ
3674 1100 3718 1150 τὸ

2177 1201 2307 1272 οῐνῳ
2328 1196 2697 1271 χλευασθέντα
2726 1193 3059 1265 κοιμηθῆναι
3079 1207 3092 1222 ·
3123 1191 3225 1262 τὴν
3248 1188 3305 1243 δὲ
3336 1188 3515 1243 ἐλαίαν
3531 1190 3591 1260 τῇ
3611 1192 3718 1245 κατᾶ

2175 1294 2276 1367 τὴν
2302 1293 2506 1366 ἔρημον
2527 1291 2606 1362 τῷ
2632 1289 2842 1359 Μωῦσῇ
2861 1287 2929 1349 ³⁷,
2958 1283 3148 1354 ἐπειδὴ
3178 1282 3241 1336 τὸ
3267 1280 3509 1353 χάρισμα
3533 1281 3588 1333 τὸ
3609 1299 3715 1352 προ-

2177 1388 2430 1459 φητικὸν,
2472 1385 2535 1439 τὸ
2588 1383 2768 1436 ἔλαιον
2812 1379 2875 1434 τὸ
2922 1379 3081 1448 ἅγιον
3104 1418 3119 1443 ,
3154 1374 3541 1445 ἁνομησάντων
3578 1374 3719 1427 αὐτῶν

2176 1477 2485 1533 ἐκλελοίπει
2515 1474 2619 1546 τῆς
2657 1470 3054 1544 κληρονομίας·
3086 1468 3188 1540 τὴν
3230 1466 3287 1520 δὲ
3319 1467 3517 1538 ῥάμνον
3554 1469 3611 1537 τῇ
3652 1468 3720 1519 ἐπὶ

2168 1566 2282 1642 ’τῆς
2315 1568 2590 1641 σωτηρίας
2607 1566 2653 1599 ⁸⁸
2677 1564 2774 1619 τοῦ
2811 1563 3018 1634 κόσμου
3046 1562 3159 1624 τοῖς
3185 1556 3524 1621 ἀποστόλοις,
3548 1557 3719 1627 ἐπειδὴ·

2173 1683 2280 1738 περ
2302 1666 2370 1720 δι’
2400 1662 2585 1720 αὐτῶν
2607 1660 2964 1732 ἐδιδάχθημεν
3005 1654 3248 1725 ἁγνείαν,
3266 1648 3334 1726 ἦς
3357 1649 3619 1721 ἀπατηλὸν

2171 1732 2269 1835 νης
2297 1760 2515 1816 εἴδωλον
2540 1758 2570 1811 ό
2593 1756 2837 1817 διάϐολος
2857 1753 2957 1806 οὐκ
2986 1750 3174 1822 ισχυσε
3204 1745 3487 1800 σκευάσαι.
3521 1742 3632 1815 [964
3652 1732 3720 1809 ιι]

2174 1856 2284 1911 Καὶ
2315 1854 2405 1909 διὰ
2443 1850 2602 1906 τοῦτο
2646 1849 2742 1902 καὶ
2770 1842 3081 1914 Εὑαγγέλια
3125 1840 3368 1911 τέσσαρα
3387 1835 3718 1907 παραδέδοται,

2173 1947 2429 2018 τετράκις
2450 1937 2949 2010 εὐαγγελισαμένου
2970 1934 3064 1989 τοῦ
3085 1932 3220 1987 Θεοῦ
3247 1931 3349 2001 τὴν
3372 1927 3717 2018 ἀνθρωπότητα

2174 2014 2283 2095 καί
2305 2034 2832 2105 παιδαγωγήσαντος
2861 2026 3145 2099 τέτρασι⁸⁹
3171 2024 3382 2093 νόμοις,
3408 2014 3481 2074 ὧν
3504 2020 3550 2071 οἱ
3576 2018 3718 2088 καιροὶ

2176 2131 2367 2201 σαφῶς
2387 2129 2497 2184 ἀπὸ
2520 2127 2616 2197 τῆς
2641 2123 3033 2194 διαφορότητος
3064 2117 3351 2189 δηλοῦνται
3382 2115 3491 2168 τῶν
3518 2111 3719 2184 καρπῶν.

2185 2225 2253 2279 Ἦ
2275 2224 2375 2296 μὲν
2395 2220 2507 2292 γὰρ
2534 2217 2675 2289 συκῆ
2693 2217 2783 2270 διὰ
2801 2216 2900 2282 τὴν
2925 2212 3229 2283 γλυκασίαν
3260 2210 3357 2264 καὶ
3381 2209 3479 2281 τὴν
3501 2205 3722 2278 τρυφὴν⁶⁶

2172 2317 2273 2389 τὴν
2317 2314 2423 2387 πρὸ
2467 2313 2567 2384 τῆς
2615 2308 2985 2382 παραϐάσεως
3010 2305 3107 2360 τοῦ
3135 2302 3431 2375 ἀνθρώπου
3473 2300 3720 2373 παρίστησι

2174 2408 2551 2479 γεγενημένην
2573 2420 2589 2437 ο
2616 2403 2735 2458 ἐστι
2764 2402 2876 2472 γὰρ
2921 2400 3012 2455 ὅτε
3059 2399 3161 2469 τῆς
3194 2397 3371 2467 συκῆς
3406 2397 3436 2449 ό
3469 2394 3720 2466 καρπδςτῇ

2174 2501 2365 2571 Γραφῇ
2396 2495 2490 2550 ἐπὶ
2514 2495 2577 2549 τὸ
2603 2495 2851 2566 κρεῖττον
2878 2490 3304 2571 ἐκλαμϐάνεται.
3321 2487 3393 2539 Ἦ
3426 2484 3482 2539 δὲ
3509 2483 3720 2555 ἄμπελος,

2172 2590 2264 2644 διὰ
2289 2589 2389 2659 τὴν
2421 2586 2714 2657 ἱλαρότητα
2739 2583 2840 2652 τὴν
2870 2582 2936 2634 ὲκ
2963 2579 3059 2634 τοῦ
3086 2578 3232 2633 οῐνου
3258 2578 3357 2631 καὶ
3382 2575 3480 2648 τὴν
3502 2575 3722 2645 εὐφροσύ-

2173 2698 2273 2748 νην
2295 2678 2406 2732 τῶν
2430 2674 2847 2749 περισωθέντων
2891 2672 2992 2743 τῆς
3036 2671 3206 2741 ὀργῆς
3249 2670 3346 2723 καὶ
3375 2666 3470 2721 τοῦ
3497 2665 3719 2720 κατακλυ-

2173 2772 2337 2844 σμοῦ,
2369 2770 2468 2843 τὴν
2495 2769 2605 2824 άπὸ
2638 2766 2734 2821 τοῦ
2758 2766 2927 2836 φόϐου
2954 2766 3173 2834 καὶτῆς
3206 2761 3493 2835 φροντίδος
3519 2761 3635 2824 sig"
3655 2758 3720 2828 τὴν

2172 2864 2350 2936 χαρὰν
2376 2860 2555 2917 αὐτῶν
2585 2857 2893 2929 μεταϐολὴν
2924 2855 3248 2910 αἰνίσσεται,
3267 2852 3333 2906 Ἠ
3383 2851 3443 2905 δὲ
3490 2850 3628 2905 ἐλαία
3661 2848 3721 2902 διὰ

2172 2953 2266 3008 τὸν
2298 2950 2512 3022 καρπὸν
2539 2947 2635 3002 τοῦ
2671 2947 2852 3002 ἐλαίου
2867 2946 2915 2978 δ’
2940 2945 3041 3017 τὴν
3072 2943 3483 3015 εὐσπλαγχνίαν
3509 2940 3596 2995 τοῦ
3624 2938 3722 2993 Θεοῦ

2177 3042 2397 3115 μηνύει,
2427 3040 2592 3096 πάλιν
2641 3038 3152 3109 ἀνεξικακήσαντος
3199 3036 3295 3090 τοῦ
3329 3035 3472 3089 Θεοῦ
3513 3033 3635 3105 μετᾶ
3656 3032 3720 3083 τὸν

2175 3133 2586 3205 κατακλυσμὸν,
2617 3131 2731 3185 τῶν
2758 3128 3066 3204 ἀνθρώπων
3094 3129 3489 3199 ἐκτραπέντων
3510 3128 3584 3190 είς
3608 3124 3720 3179 ἀθεό-

2175 3248 2336 3303 τητα,
2386 3229 2570 3285 δοῦναι
2618 3228 2786 3298 νόμον
2830 3228 2929 3281 καὶ
2972 3224 3377 3298 ἐμφανισθῆναι
3428 3223 3653 3278 τισιν.Ἢ
3682 3219 3719 3273 6i

2178 3325 2383 3396 ῥάμνος
2421 3324 2520 3394 τὴν
2548 3321 2772 3391 ἁγνείαν
2812 3320 3128 3393 συνίστησι·
3162 3320 3224 3373 τὸ
3251 3318 3365 3390 γὰρ
3390 3318 3522 3373 αὐτὸ
3556 3310 3720 3385 δένδρον

2178 3420 2383 3490 ῥάμνος
2413 3419 2509 3472 καὶ
2553 3418 2716 3487 ἄγνος
2748 3415 2888 3478 ἐστὶ,
2919 3416 3015 3469 καὶ
3039 3415 3181 3485 τάχα
3207 3414 3296 3467 διὰ
3322 3414 3389 3467 τὸ
3424 3411 3657 3482 συγγενὲς
3680 3407 3719 3461 τὺ

2177 3512 2348 3582 φυτὸν
2372 3511 2532 3564 τοῦτο
2558 3513 2625 3581 τῇ
2662 3506 2934 3581 παρθενίᾳ
2947 3507 2993 3541 ⁸³
3032 3508 3205 3579 ταύτῃ
3237 3508 3447 3578 ῥάμνος
3489 3508 3575 3559 καὶ
3604 3502 3719 3571 ἄγνος

2176 3599 2616 3673 προσηγορεύθη,
2649 3600 2855 3670 ῥάμνος
2891 3597 2992 3669 μὲν
3023 3596 3177 3669 παρὰ
3205 3596 3266 3649 τὸ
3312 3593 3621 3666 στερέμνιον
3657 3583 3717 3641 καὶ

2177 3693 2446 3765 καρτερὸν
2469 3692 2607 3764 πρὸς
2631 3692 2731 3754 τὰς
2755 3690 2968 3763 ἡδονὰς,
2990 3688 3155 3757 ἄγνος
3178 3687 3236 3741 δὲ
3263 3686 3421 3757 παρὰ
3443 3686 3506 3739 τὸ
3527 3684 3607 3738 διά
3627 3698 3714 3735 παν

2174 3788 2265 3850 τὸς
2289 3784 2732 3854 άγνεύειν.”Οθεν
2762 3784 2859 3837 καὶ
2884 3782 2980 3835 τὸν
3015 3780 3227 3845 Ἠλίαν,
3261 3781 3325 3832 ὲκ
3355 3777 3636 3850 προσώπου
3652 3771 3714 3839 τῆς

2189 3877 2427 3943 Ἰεζάϐελ
2452 3874 2772 3945 γυναικὸςδδ
2806 3873 3104 3944 φεύγοντα,
3130 3871 3289 3940 λόγος
3316 3871 3425 3924 ὑπὸ
3453 3869 3641 3941 ῥάμνον
3662 3864 3714 3918 ἐλ-

2178 3971 2293 4028 θεῖν
2328 3970 2547 4042 πρῶτον
2580 3971 2676 4024 καὶ
2702 3966 3133 4036 είσακουσθῆναι
3180 3966 3276 4021 καὶ
3322 3964 3513 4019 λαϐεῖν
3538 3958 3717 4034 τροφὴν,

2175 4064 2259 4118 δτι
2281 4062 2391 4117 τῶν
2417 4061 2732 4132 φευγόντων
2759 4044 2852 4115 τὸν
2884 4055 3102 4129 οἶστρον
3131 4057 3228 4111 καὶ
3261 4057 3363 4127 τὴν
3392 4057 3616 4125 γυναῖκα
3629 4046 3716 4122 [5H

2176 4152 2271 4227 Η.]
2298 4154 2394 4209 καὶ⁷
2436 4154 2537 4226 τὴν
2572 4152 2766 4225 ἡδονὴν
2793 4149 2856 4205 τὸ
2884 4148 3233 4220 καταγώγιον
3263 4150 3361 4203 καὶ⁵
3406 4150 3441 4219 ἡ
3499 4145 3655 4212 σκέπη
3678 4138 3718 4191 τὸ

2172 4247 2274 4317 τῆς
2301 4247 2526 4316 ἁγνείας
2547 4245 2849 4315 ἐϐλάστησε
2878 4242 3057 4309 ξύλον,
3089 4241 3198 4295 άπὸ
3219 4243 3317 4313 τῆς
3344 4237 3637 4311 παρουσίας
3651 4228 3717 4285 τοῦ

2174 4337 2586 4409 άρχιπαρθὲνου
2619 4333 2861 4406 Χριστοῦ
2912 4330 3243 4405 βασιλεῦσαν
3288 4329 3401 4383 τῶν
3444 4325 3719 4398 ἀνθρώπων.

2174 4428 2392 4500 Ταύτην
2415 4428 2525 4501 γὰρ
2550 4427 2719 4499 μόνην
2745 4427 2843 4498 τὴν
2863 4426 2964 4497 τῆς
2987 4423 3213 4494 ἁγνείας
3241 4420 3523 4494 βασιλείαν
3542 4415 3636 4472 ἀπὸ
3649 4412 3719 4480 τῆς

475 4534 532 4583 et
553 4540 613 4582 se
643 4527 917 4597 subjicere
946 4531 1291 4590 maluissent.
1337 4533 1669 4604 Quanquam
1708 4507 2070 4606 saepe—pani-

2178 4525 2273 4580 τοῦ
2304 4524 2546 4596 Χριστοῦ
2582 4524 2888 4596 παρουσίας
2912 4520 3292 4594 άμεταμελητλ¹
3330 4518 3657 4606 προσήκαντυ
3675 4507 3719 4606 ὀί

486 4626 661 4674 tentes
681 4624 1050 4691 quaesiverunt
1077 4625 1274 4681 iterum
1304 4628 1485 4698 regale
1503 4628 1595 4683 Dei
1624 4627 1760 4698 legis
1780 4630 2071 4701 imperium

488 4716 747 4777 recteque
776 4709 1048 4767 factorum
1090 4715 1256 4770 animi
1293 4716 1445 4772 vitiis
1474 4727 1858 4789 corruptorum
1913 4733 2075 4774 reno-

482 4800 780 4856 vatiunem.
817 4802 955 4859 Nam
1014 4807 1257 4862 hostium
1308 4811 1580 4879 manibus,
1632 4819 1689 4867 et
1761 4812 2075 4883 ignominia:

477 4894 833 4960 passionibus
876 4898 1085 4966 traditi,
1144 4915 1362 4955 rursum
1394 4902 1627 4973 imperio
1666 4907 2070 4976 praeceptisque

478 4984 575 5039 Dei
601 4986 716 5057 regi
747 4988 1061 5057 voluerunt,
1091 5000 1230 5047 utex
1258 4993 1487 5051 infinitis
1513 4998 1775 5052 aerumnis
1797 4998 2070 5068 malisque

478 5079 847 5148 eriperentur.
887 5081 994 5136 Sed
1022 5083 1141 5138 haec
1164 5082 1341 5154 legum
1369 5100 1534 5157 regna
1561 5098 1790 5158 propter
1837 5088 2068 5145 lctentia

478 5179 535 5224 et
575 5171 1000 5231 immedicabilia
1054 5176 1280 5248 313a
1323 5179 1547 5235 vulnera
1592 5181 1924 5249 animarum,
1967 5198 2071 5238 no-

2180 4615 2485 4688 ᾶνθρωποι,
2501 4615 2739 4685 ἑκάστης
2763 4612 2871 4667 τῶν
2895 4610 3306 4684 προδεδομένων
3334 4610 3520 4670 αὐτοῖς
3540 4598 3719 4658 ἐντολῶν

2180 4705 2291 4777 πρὸ
2335 4706 2437 4777 τῆς
2469 4705 2709 4777 Χριστοῦ
2751 4703 3061 4775 παρουσίας
3102 4702 3246 4756 κατὰ
3279 4701 3447 4771 τάχος
3493 4690 3720 4769 βασιλείας

2180 4801 2406 4864 ἑαυτοὺς
2428 4798 2848 4870 ἀφηνιάζοντες,
2875 4798 2971 4853 καὶ
2999 4800 3065 4869 τῇ
3089 4796 3371 4867 ἀντιμίμῳ
3396 4791 3588 4865 μᾶλλον
3609 4782 3721 4839 πειθι

2178 4898 2368 4967 αρχεῖν
2399 4895 2493 4949 καὶ
2520 4894 2612 4947 ὑπ’
2631 4891 2805 4962 αὐτῆς
2837 4890 3218 4964 βασιλεύεσθαι
3250 4876 3722 4961 ’τιροαιριιύμενυινεξ

2179 4989 2275 5042 καὶ
2306 4986 2803 5059 μεταμελόμενοιδδ
2834 4983 3099 5045 πολλάκις
3145 4981 3448 5051 ἐπεζήτουν
3476 4974 3625 5031 πάλιν
3650 4967 3722 5036 τὴν

2179 5081 2319 5154 πρὸς
2357 5066 2503 5135 Θεοῦ
2522 5079 2818 5151 δεδομένην
2850 5078 3036 5141 αὐτοῖς
3079 5071 3514 5147 βασιλικωτάτην
3544 5059 3720 5154 ἐντολὴν

2178 5152 2277 5230 καὶ
2309 5174 2706 5245 ἀνακαινισμὺν
2724 5172 2837 5226 τῶν
2861 5168 3271 5243 διαφθαρέντων
3289 5162 3467 5220 αὐτῶν
3484 5163 3546 5216 ὲκ
3561 5152 3719 5212 κακίας

1773 5352 2010 5412 VARUE
2049 5354 2460 5414 LECTIONES.

550 5466 605 5553 “‘
633 5467 711 5553 τιξρ
733 5473 776 5524 Α
799 5488 814 5524 :
842 5472 939 5553 τοῦ
964 5490 1032 5553 ς,
1138 5475 1400 5553 πημωσεί
1424 5475 1533 5553 AB.
1575 5548 1615 5553 Δ,
1640 5478 1686 5509 ³⁸
1712 5480 1795 5553 ’ίεῇΔ
1820 5480 2093 5553 ρωῖηρίξιε

2198 5479 2243 5512 ³⁹
2274 5480 2421 5533 παιδ.
2442 5481 2552 5543 τοῖς
2576 5477 2798 5547 τέτρασι
2830 5494 2890 5541 ς.
2968 5474 3014 5506 ⁸⁸
3041 5467 3372 5547 τρυφὴν-ΑΒ
3396 5485 3411 5521 :
3434 5458 3621 5534 τροφὴν
3666 5468 3711 5517 ς·

480 5532 526 5567 ⁸⁸
558 5539 636 5602 εἰς
662 5532 709 5594 Ᾰ
747 5560 761 5595 :
803 5541 901 5613 τὴν
930 5532 1101 5609 εἰς-ς.
1178 5532 1400 5599 Μ’ἐλέου
1424 5550 1489 5601 Α.
1572 5548 1618 5579 ⁸³
1655 5532 2001 5620 παρ’θένῳξί
2080 5532 2131 5582 λδ
2180 5532 2428 5616 Ἰεξέ
2464 5532 2722 5619 γυναικὸς
2747 5566 2807 5613 ς.
2838 5532 2858 5541 ’
2893 5548 2938 5579 ⁸⁸
2974 5532 3436 5617 μεταμελούμενοι
3462 5532 3519 5600 ς.

1994 5667 2230 5726 NOTAE.

488 5806 491 5809 .
553 5756 764 5830 (96-85)
805 5760 994 5825 ἁγνός,
1024 5771 1211 5814 castus
1232 5777 1417 5830 purus.

556 5827 668 5895 εδδ)
699 5832 851 5894 Quod
898 5834 966 5884 ab
999 5827 1243 5886 auctore
1273 5834 1602 5902 virginitatis
1652 5833 1875 5890 Christo
1906 5834 2061 5905 plan-

2184 5774 2352 5817 tatum
2383 5774 2467 5817 est
2504 5762 2572 5817 iis
2598 5763 2691 5830 qui
2715 5761 3079 5834 vlrginitatcm
3134 5754 3572 5826 complectuntur.
3600 5738 3705 5794 Vide

2175 5847 2332 5895 notas
2377 5835 2695 5890 Ilwscltulii.

3835 5062 3837 5183 Ψ
