3954 6438
235 381 391 449 117'."

1263 391 1787 455 BIBLIOTHECA.
1817 418 1885 430 -
1914 391 2078 453 COD.
2108 391 2492 454 CCXXXVII.

3372 381 3403 445 1
3421 377 3524 446 178

222 503 482 577 ψυχικῶν
513 505 977 577 κατορθωμάτων.
1013 511 1437 582 Παραδιδόμενοι
1471 512 1582 582 γὰρ
1613 515 1694 575 εἰς
1716 515 1816 583 χεῖ-

1927 510 2143 564 luerunt
2172 510 2277 563 illis
2311 509 2326 562 i
2354 521 2622 578 mperare,
2659 506 2829 560 donec
2878 504 3040 569 Dens,
3073 506 3334 570 quartum
3358 498 3526 551 mise-

227 616 340 670 ρας
366 598 578 670 ἐχθρῶν
612 601 707 653 καὶ
736 600 885 671 πάθη
916 602 1158 673 ἀτιμίας,
1195 604 1499 674 ἐπεζήτουν
1531 603 1819 675 βασιλεύε-

223 693 359 745 σθαι
385 694 451 762 τῇ
482 693 672 764 ἐντολῇ
708 694 803 747 καὶ
843 698 956 758 τοῖς
990 696 1383 766 προστάγμασι
1413 697 1509 750 τοῦ
1541 696 1701 761 Θεοῦ,
1734 698 1827 750 ίναν

218 785 456 853 γένηται
487 785 672 849 αὐτοῖς
704 787 856 852 λύσις
882 789 991 841 τῶν
1022 789 1379 845 πολυπλόκων
1406 790 1704 861 συμφορῶν
1725 789 1823 843 καὶ

220 875 524 945 ἀπαλλαγὴ
554 876 664 928 τῶν
692 879 899 933 κακῶν.
923 880 988 932 At
1022 879 1079 933 δὲ
1111 878 1199 932 διὰ
1228 879 1289 932 τὸ
1324 879 1615 952 προσόζειν
1641 879 1824 933 αὐτῶν

220 965 327 1017 καὶ
383 966 623 1029 ἀνιάτως
676 965 824 1037 ἔχειν
870 969 999 1032 τοὺς
1042 969 1145 1038 τῆς
1192 970 1373 1041 ψυχῆς
1419 969 1697 1038 μώλωπας
1725 969 1827 1022 οὐκ

221 1055 517 1109 ἐϐούλοντο
546 1056 854 1127 βασιλεύειν
880 1060 1085 1129 αὐτῶν,
1120 1060 1316 1133 μέχρις
1343 1063 1371 1114 ὁ
1401 1061 1535 1124 Θεὸς
1559 1061 1826 1131 τέταρτον

224 1146 574 1219 κατελεήσας
604 1150 695 1207 τὸν
725 1150 1015 1220 ἄνθρωπον
1043 1154 1142 1222 τὴν
1168 1152 1395 1221 ἁγνείαν
1412 1152 1702 1205 ἀπέστειλε
1729 1151 1827 1222 βα-

229 1239 481 1294 σιλεῦσαι
503 1282 518 1307 ,
545 1242 614 1313 ἢν
642 1244 850 1313 ῥάμνον
893 1244 1208 1309 ἀκολούθως
1236 1246 1496 1299 ἐκάλεσεν
1526 1247 1560 1317 ἡ
1592 1246 1782 1317 Γραφή
1807 1259 1823 1278 ⁸

228 1332 351 1403 ἥτις
386 1333 820 1389 καταναλώσασα
843 1336 945 1400 τὰς
975 1338 1190 1408 ἡδονὰς,
1218 1340 1314 1392 καὶ
1345 1340 1690 1409 ἀπειλησασα
1710 1337 1825 1390 λοι-

229 1426 352 1491 πὸν,
383 1428 434 1480 εί
468 1427 544 1499 μὴ
578 1430 715 1501 αὐτῇ
766 1430 1050 1485 πείθονται
1096 1434 1303 1498 πάντες
1348 1434 1443 1488 καὶ
1489 1434 1548 1486 ὲν
1595 1430 1827 1502 ἀληθείᾳ

1926 612 2076 658 ratus
2102 601 2398 664 hominem,
2430 599 2578 654 misit
2612 599 2944 662 castitatem,
2966 610 2994 648 a
3016 594 3303 662 Scriptura
3333 591 3521 644 rham-

1924 710 2054 748 num
2085 702 2454 763 congruenter
2497 690 2850 760 appellatam,
2891 703 3014 758 quae
3063 685 3138 739 illi
3193 684 3519 752 imperaret,

1925 798 2050 855 qua;
2115 784 2489 853 voluptatibus
2552 784 2850 851 superatis,
2909 780 3073 832 etiam
3140 776 3194 829 in
3252 774 3522 842 reliquum

1927 886 2142 946 tempus
2172 875 2650 931 illisinterminata
2674 882 2778 936 est,
2803 870 2973 939 quod,
3002 869 3105 923 nisi
3140 866 3243 921 sibi
3267 870 3525 933 parerent

1928 984 2140 1035 omnes,
2180 978 2235 1024 et
2265 968 2481 1023 sincere
2533 967 2601 1021 ad
2646 980 2709 1019 se
2755 963 3103 1026 accederent,
3162 959 3404 1011 futurum
3465 963 3525 1006 ut

1928 1076 2118 1115 omnes
2149 1058 2381 1114 ﬂammis
2411 1060 2873 1119 absumerentur;
2915 1052 3127 1117 nullam
3195 1049 3347 1103 enim
3400 1053 3525 1114 post

1930 1154 2072 1207 hanc
2097 1152 2260 1205 aliam
2314 1152 2488 1222 legem
2520 1158 2614 1206 aut
2660 1148 2968 1203 doctrinam
3026 1150 3362 1201 secuturam,
3418 1137 3516 1192 sed

1920 1244 2184 1312 judicium
2212 1252 2267 1299 et
2301 1244 2499 1311 ignem.
2536 1243 2675 1297 Hinc
2702 1240 2959 1305 deinceps
3004 1237 3167 1290 homo
3216 1228 3389 1299 capit
3429 1228 3519 1298 jn-

1927 1337 2134 1393 stitiam
2183 1337 2383 1403 colere,
2423 1338 2644 1404 Deoque
2694 1341 3017 1388 constanter
3074 1344 3171 1396 per
3223 1328 3387 1382 [idem
3420 1324 3517 1376 ad-

1934 1431 2169 1494 haerere,
2201 1440 2256 1485 et
2278 1444 2337 1485 se
2370 1445 2399 1482 a
2423 1428 2637 1483 diabolo
2674 1428 2985 1495 sejungere.

222 1523 643 1595 προσέρχοιντο,
682 1528 818 1598 πυρὶ
862 1530 1322 1599 καταδαπανῆσαι
1352 1532 1593 1594 πάνταςο
1632 1528 1820 1582 οὐκέτι
1854 1530 1967 1599 γὰρ
1998 1529 2138 1599 μετὰ
2162 1529 2369 1598 ταύτην
2414 1526 2635 1580 ἔσεσθαι
2679 1527 2845 1595 νόμον
2875 1522 2909 1592 ἦ
2976 1518 3324 1575 διδασκαλίαν
3402 1515 3522 1568 ἑτέ-

219 1630 353 1684 ραν,
385 1615 522 1670 άλλά
550 1619 646 1671 καὶ
672 1621 853 1691 κρίσιν
880 1622 975 1675 καὶ
1008 1621 1123 1694 πῦρ
1143 1640 1159 1656 ο
1191 1624 1288 1679 καὶ
1315 1624 1404 1678 διὰ
1436 1623 1596 1677 τοῦτο
1630 1620 1819 1675 λοιπὸν
1885 1620 1981 1672 ἀπ’
2044 1621 2298 1675 ἐντεῦθεν
2340 1622 2757 1692 δικαιοπραγεῖν
2787 1620 2816 1671 ό
2846 1616 3136 1688 ἅνθρωπος
3172 1610 3376 1683 ἤρξατο
3423 1609 3522 1662 καὶ

218 1710 509 1769 πιστεύειν
540 1711 775 1783 βεϐαίως
800 1714 879 1785 τῷ
901 1716 1022 1785 Θεῷ
1052 1719 1146 1771 καὶ
1169 1717 1564 1789 ἀποσχίζεσθαι
1577 1716 1673 1770 τοῦ
1697 1712 1973 1772 διαϐόλου.

302 1804 425 1856 Ὅτι
459 1808 797 1874 σημειωτέον
831 1808 906 1872 ὡς
926 1806 1081 1874 οὗτος
1109 1812 1138 1864 ὁ
1163 1812 1432 1882 διάλογος,
1459 1805 1504 1880 ᾧ
1527 1812 1811 1881 ἐπιγραφὴ

1984 1812 2410 1875 Observandum,
2460 1810 2731 1880 dialogum
2806 1808 2951 1862 hunc
3013 1804 3104 1874 qui
3179 1797 3517 1870 Symposium

216 1895 580 1963 Συμπόσιον
609 1897 641 1969 ἢ
674 1901 802 1970 περὶ
828 1902 1049 1971 ἁγνείας
1070 1902 1137 1967 ⁸⁸,
1169 1904 1320 1975 παρὰ
1352 1905 1487 1957 πολύ
1515 1906 1633 1956 ἐστι
1671 1921 1821 1956 νενο-

217 1982 491 2055 Θευμένος
516 1986 560 2018 ⁸⁷
583 2001 598 2015 ’
630 1990 886 2060 εὑρήσεις
910 1994 1021 2064 γὰρ
1050 1994 1109 2047 ἐν
1143 1994 1291 2065 αὐτῷ
1322 1995 1821 2066 παραϐεϐλημένας

215 2078 325 2130 καὶ
355 2080 705 2149 Ἀρειανικὰς
731 2083 1059 2150 δοξοκοπίας
1088 2088 1185 2140 καὶ
1218 2087 1426 2157 ἐτέρων
1454 2087 1621 2141 τινῶν
1651 2103 1819 2140 κακο-

214 2166 523 2232 δοξούντων
552 2170 827 2244 μυθολογὴ
838 2192 1009 2243 ματα.

293 2256 418 2311 Ὀτι
458 2261 792 2330 σημειωτέον
830 2262 883 2315 τί
926 2263 1058 2317 ποτέ
1108 2263 1224 2318 ἐστι
1269 2264 1331 2318 τδ
1373 2267 1505 2320 κατ’
1531 2268 1757 2333 εἰκόνα,
1791 2265 1820 2319 ὃ

218 2352 389 2423 μόνος
435 2356 734 2427 ἐσχηκέναι
784 2357 1004 2425 λέγεται
1052 2356 1341 2431 ἄνθρωπος
1367 2358 1477 2413 τῶν
1527 2360 1634 2413 ὑπὸ
1679 2358 1817 2413 Θεοῦ

209 2448 630 2517 γεγενημένων.
664 2450 799 2502 Οὐδὲ
821 2450 931 2520 γὰρ
959 2450 1089 2523 [965
1107 2449 1201 2524 R.]
1229 2449 1297 2505 ἂν
1326 2450 1476 2522 εὖροι
1499 2468 1582 2515 τις
1611 2453 1697 2504 ἐπ’
1721 2454 1817 2505 άν-

211 2538 446 2612 θρώπου
470 2559 523 2593 τι
557 2540 668 2594 τῶν
699 2543 921 2611 τιμίων,
946 2537 1007 2597 οὗ
1046 2543 1121 2615 μὴ
1163 2544 1257 2596 καὶ
1304 2542 1553 2611 ᾀγγέλων
1587 2543 1817 2614 μετέσχε

216 2633 414 2700 φύσις.
455 2632 592 2685 Οὔτε
622 2632 732 2705 γὰρ
758 2635 819 2687 τὸ
849 2634 1142 2700 ἀθάνατον,
1175 2634 1272 2689 καὶ
1295 2635 1403 2704 γάρ
1429 2634 1524 2688 καὶ
1564 2635 1816 2705 ἄγγελος,

221 2723 357 2777 οὔτε
385 2727 444 2778 τὸ
473 2727 820 2792 αὐτεξούσιον
842 2745 856 2760 ·
894 2731 942 2782 εί
975 2729 1084 2799 γὰρ
1113 2729 1195 2781 ὅτι
1239 2729 1493 2796 ἀγγέλοις
1548 2728 1689 2782 κατὰ
1726 2728 1819 2781 τὸν

207 2814 485 2882 Θεολόγον
517 2817 606 2869 ἐπὶ
634 2816 696 2870 τὸ
731 2815 934 2884 ἀγαθὸν
968 2816 1230 2886 μᾶλλονή
1278 2814 1439 2887 ῥοπὴ,
1488 2813 1631 2867 κατὰ
1657 2813 1819 2866 τοῦτο

207 2904 325 2972 ὅρα
358 2906 441 2957 ὄτι
478 2906 606 2977 μηδ’
636 2907 771 2970 ὅλως
801 2906 1029 2959 δυνατὸν
1058 2905 1118 2959 τὸ
1152 2908 1274 2959 κατ’
1307 2903 1495 2958 εἰκόνα
1527 2904 1687 2957 τοῦτο
1727 2906 1817 2957 ἐν·

210 3001 379 3049 νοεῖν.
416 2998 479 3051 El
533 2998 590 3051 δὲ
644 3000 706 3052 τὸ
759 3000 988 3070 ἀρχικὸν
1042 2999 1222 3067 λέγεις
1277 2998 1504 3070 (ἄρχειν
1536 2994 1647 3068 γὰρ
1707 2996 1819 3065 τῶν

216 3089 423 3161 ἰχθύων
448 3092 543 3143 καὶ
579 3091 687 3143 τῶν
713 3090 889 3146 ἄλλων
923 3095 951 3146 ὁ
983 3092 1271 3163 ἄνθρωπος
1301 3093 1439 3164 πρὸς
1472 3091 1609 3145 Θεοῦ
1648 3091 1815 3162 ἠξίω-

212 3198 311 3235 ται
342 3183 400 3235 ὲν
429 3184 497 3254 τῇ
527 3181 629 3253 τῆς
661 3184 1052 3253 κοσμογενείας
1089 3152 1387 3257 ’ξυγγραφῇ
1410 3152 1449 3253 ί,
1484 3185 1597 3240 οὐδ’
1641 3152 1817 3249 οῦ-τως
1843 3152 1888 3215 C

214 3271 609 3342 ἀλλοτριῶσεις
648 3273 739 3327 τὸν
773 3274 1005 3343 ἄγγελον
1030 3290 1043 3305 ·
1074 3276 1264 3346 ἄρχειν
1284 3277 1393 3348 γὰρ
1421 3277 1532 3331 τῶν
1566 3277 1816 3345 ἀγγέλων

212 3365 349 3427 τοὺς
383 3365 604 3428 πλείους
652 3366 838 3429 ἔθνους
866 3366 962 3420 καὶ
1008 3367 1184 3439 φυλῆς
1228 3369 1383 3439 παρὰ
1432 3370 1533 3440 τῆς
1586 3368 1815 3439 Γραφῆς

212 3454 370 3518 ίδίως
419 3455 801 3527 δεδιδάγμεθα.
837 3458 900 3509 Et
952 3456 997 3510 δ’
1031 3458 1114 3511 ὅτι
1160 3459 1236 3530 μὴ
1282 3459 1593 3531 χειροήθεις
1632 3460 1815 3523 αὐτοῖς

200 3546 345 3609 τοὺς
402 3547 745 3619 ἀρχομένους
793 3546 1012 3602 τελοῦσι
1076 3549 1176 3620 τὴν
1224 3550 1489 3620 διαφορὰν
1542 3552 1808 3619 εἰσάγεις,

202 3639 478 3711 καθάπερ
502 3642 700 3694 ἐκεῖνοι
731 3640 802 3695 τὰ
834 3641 1009 3695 πολλὰ
1038 3640 1147 3696 τῶν
1173 3640 1350 3706 ζώων,
1390 3643 1546 3696 οὐδὲν
1572 3644 1709 3714 πρὸς
1734 3644 1812 3715 τῷ

200 3731 417 3801 γέλωτι
458 3733 768 3805 κομπάζεις
788 3752 802 3766 ο
835 3734 959 3788 οὐδὲ
989 3734 1098 3807 γὰρ
1131 3727 1192 3788 οῦ
1234 3735 1420 3789 εἰκόνα
1449 3736 1638 3808 φέρειν
1663 3740 1691 3791 ὁ
1720 3737 1814 3790 ἇν-

205 3826 435 3896 θρωπος
463 3825 708 3895 λέγεται,
735 3828 1046 3905 χειροήθεις
1072 3827 1200 3891 τοὺς
1221 3812 1558 3899 ἀρχομένους
1582 3829 1807 3901 (ἄπαγε)

203 3917 465 3973 δεικνύει.
498 3918 563 3973 Τί
610 3913 703 3973 οῦν
750 3921 869 3973 ἐστι
906 3920 989 3985 τὸ,
1032 3920 1161 3974 κατ’
1220 3910 1471 3987 εικόνα;
1525 3923 1640 3976 ὅσοι
1699 3923 1808 3993 γάρ

202 4010 313 4080 τὴν
370 4011 467 4065 τοῦ
536 4011 857 4082 σωματικοῦ
921 4010 1051 4085 {512
1102 4012 1195 4085 H.]
1245 4015 1528 4085 σχήματος
1597 4014 1804 4088 εύπρέ-

197 4120 374 4156 πειαν
433 4103 858 4176 ἐῤῥαψῴδησαν,
906 4104 1042 4176 πρὸς
1087 4108 1201 4168 τοῖς
1248 4106 1466 4177 μυρίοις
1530 4107 1804 4177 ἐλέγχοις,

199 4196 336 4250 οὐδέ
379 4196 484 4265 τῆς
515 4197 657 4268 πρὸς
686 4197 779 4251 τὸν
832 4197 1065 4267 ἄγγελον
1100 4197 1389 4263 κοινωνίας
1433 4199 1575 4254 κατὰ
1622 4199 1804 4267 τοῦτο,

192 4290 350 4361 ὅπερ
393 4290 510 4342 ἐστὶ
538 4290 603 4343 τὸ
643 4290 1001 4363 ζητούμενον,
1042 4291 1133 4346 τὸν
1161 4290 1453 4362 ἄνθρωπον
1493 4292 1807 4365 ἠλευθέρω-

197 4395 345 4435 σαν·
397 4382 874 4454 ἀνθρωπόμορφον
917 4382 1028 4455 γὰρ
1093 4384 1150 4437 αἱ
1209 4383 1352 4437 θεῖαι
1406 4383 1626 4456 Γραφαὶ
1673 4386 1804 4449 τοὺς

1926 1903 2264 1967 inscribitur,
2288 1902 2405 1957 sive
2439 1900 2505 1954 de
2537 1900 2808 1963 castitate,
2838 1911 3091 1964 magnam
3122 1904 3333 1963 partem
3367 1886 3520 1941 adul-

1925 1999 2160 2049 teratnm
2218 2009 2379 2049 esse:
2437 1990 2683 2046 oﬂ‘endes
2730 1989 2878 2045 enim
2937 1989 2988 2040 in
3050 1985 3143 2039 illo
3177 1983 3419 2049 adjectus
3457 1986 3514 2031 et

1921 2089 2152 2143 Arianas
2188 2101 2465 2154 vanasque
2493 2083 2862 2154 opinationes,
2915 2079 3162 2148 aliasque
3213 2073 3354 2129 male
3388 2086 3517 2127 seu-

1925 2182 2177 2236 tientium
2215 2179 2456 2233 fabulas.

1992 2270 2320 2327 Notandum.
2357 2269 2495 2337 Quid
2532 2268 2603 2323 sit
2639 2282 2740 2322 cur
2783 2262 2932 2320 solus
2968 2262 3133 2316 homo
3170 2272 3237 2313 ex
3265 2255 3518 2311 omnibus

1924 2384 1953 2423 a
1982 2369 2089 2422 Deo
2122 2366 2323 2421 creatis
2359 2367 2524 2419 rebus
2558 2364 2797 2424 dicatur,
2836 2359 3010 2413 factus
3042 2351 3343 2412 secundum
3374 2354 3513 2404 imaa

1923 2464 2100 2533 ginem
2132 2459 2269 2515 Dei?
2305 2457 2447 2512 Nihil
2508 2456 2653 2512 enim
2714 2454 2767 2507 in
2832 2452 3054 2507 homine
3092 2447 3334 2517 reperiat
3389 2443 3514 2513 quis

1922 2551 2124 2617 nobile,
2166 2565 2275 2619 quo
2329 2556 2512 2604 careat
2558 2545 2803 2615 angelica
2845 2552 3082 2598 natura:
3141 2554 3249 2593 non
3286 2538 3512 2591 immor—

1922 2642 2129 2707 talitas,
2190 2657 2311 2695 nam
2359 2649 2414 2694 et
2453 2638 2678 2710 angelus
2707 2633 3079 2697 immortalis;
3114 2646 3218 2685 non
3275 2629 3509 2683 liberum

1919 2733 2227 2798 arbitrium,
2261 2747 2384 2786 nam
2418 2732 2461 2786 si
2489 2729 2687 2797 angeli,
2720 2737 2780 2782 ut
2815 2726 2985 2781 sentit
3018 2722 3349 2789 Tlteologus,
3376 2718 3510 2791 [Na-

1918 2822 2237 2896 zianzenus]
2286 2823 2459 2890 magis
2512 2821 2698 2893 [quam
2752 2816 3027 2888 homines]
3077 2815 3418 2884 prependent
3458 2813 3510 2865 in

1919 2918 2143 2981 bonum,
2172 2915 2477 2969 secundum
2542 2913 2646 2966 hoc
2674 2908 2917 2976 intellige
2972 2906 3121 2960 nullo
3155 2904 3316 2958 modo
3346 2917 3510 2971 posse

1918 3008 2092 3079 accipi
2125 3007 2255 3063 illud
2290 3005 2589 3061 secundum
2632 3001 3066 3056 similitudinem.
3113 2995 3171 3051 Si
3218 2995 3511 3065 imperium

1921 3103 2071 3159 dicas
2102 3101 2378 3172 (dignatus
2408 3106 2491 3152 est
2516 3097 2661 3150 enim
2704 3096 2868 3148 homo
2916 3107 2944 3145 a
2977 3090 3089 3146 Deo
3121 3089 3353 3157 imperio
3402 3088 3508 3157 pis-

1923 3195 2070 3250 cium
2120 3202 2177 3248 et
2208 3190 2439 3245 aliorum
2480 3188 2533 3242 in
2584 3187 2699 3256 ipsa
2757 3184 2942 3239 mundi
2995 3181 3250 3237 fabricati
3301 3180 3512 3234 descri-

1924 3283 2151 3357 ptione),
2185 3300 2254 3338 ne
2286 3284 2365 3338 sic
2389 3281 2608 3351 quidem
2640 3279 2863 3349 angelos
2891 3277 3150 3333 ostendes
3173 3287 3297 3328 esse
3324 3273 3512 3327 diver—

1921 3394 2034 3436 δυο.
2070 3376 2346 3433 Dominari
2393 3375 2536 3429 enim
2574 3372 2755 3443 plures
2788 3369 3106 3441 angelorum
3136 3365 3415 3436 gentibus,
3446 3372 3506 3417 et

1922 3471 2236 3527 nationibus
2266 3467 2580 3537 singulatim
2607 3480 2638 3520 e
2694 3463 2979 3531 Scriptura
3032 3459 3326 3515 didicimus
3352 3456 3403 3512 ιι.
3447 3456 3509 3510 Si

1920 3574 2129 3626 autem,
2155 3561 2301 3631 quod
2328 3558 2606 3629 subjectos
2641 3571 2750 3610 non
2776 3551 3089 3621 tractabiles
3121 3550 3222 3606 sibi
3253 3550 3507 3613 reddant,

1919 3654 2383 3727 quemadmodum
2444 3651 2518 3707 illi
2572 3649 2747 3704 multa
2805 3646 3086 3709 animalia,
3149 3640 3511 3698 differentiam

1917 3747 2243 3810 constituas,
2272 3744 2407 3799 nihil
2439 3744 2541 3798 nisi
2563 3743 2731 3798 risum
2752 3741 2950 3811 jactas,
2984 3753 3158 3807 neque
3175 3735 3320 3789 enim
3348 3734 3513 3787 homo

1917 3836 2071 3907 cujus
2097 3838 2386 3906 imaginem
2437 3832 2584 3889 ferre
2611 3833 2809 3888 dicitur
2844 3830 3039 3903 (apage
3068 3826 3323 3895 dictum),
3383 3823 3514 3878 sub-

1911 3932 2085 4002 jectos
2107 3932 2284 3985 reddit
2304 3930 2418 3984 sive
2441 3927 2681 3984 ostendit
2713 3933 3055 3979 mansuetos.
3074 3920 3213 3987 Quid
3236 3920 3402 3988 igitur
3427 3925 3511 3970 est

1917 4024 2067 4089 illud,
2114 4023 2403 4078 secundum
2462 4017 2797 4088 imaginem?
2845 4013 2979 4069 Nam
3028 4014 3340 4082 quicunque
3397 4024 3513 4059 cor-

1914 4131 2095 4186 porea:
2123 4116 2308 4183 ﬁgura:
2347 4111 2683 4183 elegantiam
2738 4105 3037 4164 commenti
3073 4113 3221 4164 sunt,
3259 4101 3511 4155 omnibus

1915 4210 2032 4265 suis
2059 4206 2399 4278 argumentis
2432 4203 2708 4263 hominem
2744 4216 2921 4267 neque
2946 4201 3012 4253 ab
3047 4196 3369 4266 angelorum
3397 4194 3514 4263 qni-

1913 4305 2037 4357 dem
2088 4300 2278 4355 lormae
2324 4296 2711 4353 communione
2767 4308 2866 4363 pro
2914 4291 3130 4345 ratione
3180 4285 3507 4358 quaestionis

1913 4394 2214 4451 liberarunt
2241 4393 2377 4463 (87).
2408 4390 2491 4444 Ab
2532 4387 2739 4459 angelis
2766 4386 2911 4440 enim
2936 4383 3229 4437 humanam
3264 4378 3509 4432 indutam

193 4474 481 4575 άγγέλους
503 4477 638 4547 ἡμῖν
664 4477 978 4532 ἐνδεδύσθαι
1017 4476 1207 4548 σχῆμα
1238 4476 1607 4532 ὑπετύπωσαν
1634 4478 1702 4534 ¹⁴⁸.
1737 4479 1803 4532 El

1924 4498 2035 4540 esse
2058 4482 2311 4545 formam,
2339 4480 2494 4534 nobis
2520 4478 2719 4532 divinas
2766 4475 2993 4529 Litterae
3026 4470 3408 4540 prodiderunt.
3450 4465 3509 4519 Si

196 4569 265 4621 δὲ
300 4568 363 4622 τὸ
395 4568 791 4641 δημιουργικὸν
822 4571 916 4624 καὶ
949 4571 1253 4643 πρακτικὸν
1279 4570 1326 4603 ⁸⁹
1368 4572 1449 4634 είς
1480 4569 1715 4643 ὕπαρξιν
1741 4571 1803 4626 τὸ

1924 4585 2088 4629 tutetn
2134 4571 2349 4642 opilicis
2408 4579 2464 4625 et
2510 4566 2784 4622 eli'ectoris
2850 4561 3172 4618 substantia:
3252 4559 3509 4614 humanae

202 4662 337 4715 κατ’
370 4663 553 4715 εἰκόνα
574 4663 875 4731 φυλάσσειν
907 4663 1052 4734 ἔχεις
1078 4665 1165 4716 ἐπ’
1194 4662 1485 4736 ἀνθρώπου
1515 4664 1805 4736 (δημιουρ-

1924 4665 2214 4736 :ﬂigiemin
2271 4663 2490 4716 homine
2521 4659 2657 4713 dicis
2691 4670 2915 4710 manere
2962 4653 3077 4724 (88)
3128 4652 3305 4720 (creat
3361 4649 3509 4703 enim

205 4753 308 4821 γεῖ
337 4754 442 4824 γὰρ
468 4754 601 4819 Θεὸς
626 4755 674 4787 ⁸ο
706 4756 766 4808 τὸ
800 4758 931 4821 πᾶν,
961 4757 1260 4827 ἀφράστως
1294 4758 1390 4809 καὶ
1434 4759 1805 4832 ἀνεπινοήτως

1924 4759 2073 4824 Deus,
2102 4758 2357 4812 universa
2389 4749 2757 4821 inexplicabili
2788 4760 2844 4804 et
2870 4748 3327 4817 incomprehenso
3350 4744 3511 4796 modo

201 4845 474 4915 προάγων
498 4847 569 4900 τά
599 4847 673 4919 μὴ
702 4846 852 4912 ὄντα,
877 4847 1017 4900 ἀλλὰ
1048 4848 1142 4900 καὶ
1174 4846 1464 4918 ἄνθρωπος
1497 4850 1669 4902 ἐνίοτε
1704 4850 1804 4921 μὲν

1924 4849 2255 4907 )roducendo
2282 4862 2345 4901 ea
2383 4860 2506 4912 quae
2542 4857 2646 4896 non
2700 4842 2875 4912 sunt),
2912 4841 3076 4894 etiam
3141 4840 3305 4892 homo
3339 4850 3510 4904 quau-

194 4938 271 4990 ἐκ
303 4936 403 5006 τῆς
440 4938 579 5001 ἰδίας
629 4940 820 5003 οὐσίας
870 4939 966 4993 καὶ
1003 4939 1222 5008 φύσεως
1265 4942 1477 5011 σπορᾶς
1526 4943 1801 5014 καταϐολῇ

1924 4944 2084 5014 ioque
2119 4939 2314 5012 31311
2358 4954 2426 4993 ex
2485 4952 2582 4992 sua
2642 4934 2949 4990 substantia
2984 4944 3038 4988 et
3089 4941 3283 4985 natura
3311 4968 3327 4993 ,
3382 4937 3503 4983 satu

191 5030 397 5133 ὅμοιον
446 5028 736 5101 ἄνθρωπον
788 5031 1077 5102 γεωργῶν,
1120 5032 1293 5085 ἐνίοτε
1326 5033 1386 5086 δὲ
1432 5034 1598 5107 τέχνῃ
1631 5036 1803 5091 πολλὰ

1924 5036 2141 5093 seminis
2173 5032 2404 5088 similem
2458 5030 2559 5084 sibi
2614 5027 2892 5083 hominem
2943 5036 3120 5090 creat,
3175 5022 3511 5092 quandoque

186 5122 319 5223 τῶν
366 5123 644 5223 τεχνητῶν
670 5126 715 5157 ⁸¹
752 5124 1141 5196 δημιουργῶν,
1191 5126 1239 5179 εί
1284 5126 1379 5179 καὶ
1409 5126 1485 5198 μὴ
1532 5129 1576 5160 ⁵¹
1609 5129 1674 5183 ἐκ
1706 5129 1804 5185 τοῦ

1924 5144 2041 5184 vero
2075 5125 2305 5180 artiﬁcio
2347 5121 2514 5177 multa
2543 5120 2797 5189 opilicum
2850 5115 3103 5179 artiﬁcia,
3160 5112 3409 5184 quamvis
3439 5126 3508 5164 ex

185 5212 440 5283 μηδαμῆ
474 5217 741 5287 μηδαμῶς
775 5218 821 5250 ⁵³
849 5217 1046 5284 ὄντος),
1076 5217 1213 5271 ἀλλὰ
1239 5219 1333 5272 καὶ
1360 5219 1519 5273 τοῦτό
1548 5239 1600 5274 τι
1631 5223 1678 5253 ⁸⁸
1710 5240 1805 5276 πι-

1924 5222 2059 5276 nulla
2090 5234 2148 5274 re
2170 5218 2319 5288 prius
2353 5216 2675 5279 exsistente,
2716 5211 2912 5282 fingit;
2948 5210 3228 5265 enimvero
3280 5214 3334 5261 et
3383 5206 3511 5271 hoc,

180 5305 370 5360 θανδν
427 5307 549 5378 ἔχον
581 5310 783 5381 ῥᾳδίως
833 5311 1141 5383 ἐλέγχεται.
1184 5311 1254 5366 Οἵ
1307 5311 1412 5386 [τε]
1464 5314 1575 5386 γὰρ
1630 5317 1801 5386 μονά-

1516 5448 1753 5508 nam
1784 5428 2193 5509 LECTIONES.

274 5534 325 5566 “
375 5529 474 5603 ᾦ-
491 5538 710 5623 άγνείας
740 5556 848 5596 om.
873 5542 982 5598 AC.
1059 5543 1103 5575 "
1132 5545 1646 5617 ὲστινενοθευμένος
1685 5552 1749 5605 Α.
1774 5568 1816 5618 γε

178 5624 566 5677 προακτικον,
621 5622 675 5664 et
720 5629 841 5667 mox
874 5613 1008 5677 ἔχει.
1084 5615 1130 5646 ⁸ο
1159 5616 1265 5677 γὰρ
1299 5618 1326 5667 ὀ
1359 5617 1491 5677 Θεὸς
1521 5637 1583 5677 ς.
1660 5621 1704 5652 δι
1732 5638 1816 5677 τε]

1924 5547 2289 5617 νενοθευμένος
2315 5545 2463 5599 ἐστίν
2493 5564 2554 5611 ς.
2634 5544 2678 5575 ⁸⁸
2707 5542 3069 5597 ἐπετύπωσαν
3105 5556 3167 5604 ς.
3244 5537 3289 5569 ⁸⁸
3321 5534 3509 5588 malim

1924 5622 1989 5674 ῶν
2026 5622 2091 5672 Α.
2168 5619 2213 5648 ⁵³
2255 5619 2330 5677 μὴ
2358 5635 2464 5671 υιιι.
2494 5624 2559 5673 Α.
2635 5616 2681 5677 ’ἒ
2708 5615 2931 5677 μηδαμῇ
2963 5609 3228 5677 μηδαμῶς
3258 5608 3331 5671 Β,
3396 5621 3509 5676 μη·-

172 5622 841 5751 ἕαρβξκιξκςτξιαξιιξυξξ
874 5613 1131 5757 ita];
1157 5616 1491 5742 33:..°.‘?""
1521 5637 1583 5682 ε·
1660 5621 1704 5652 “

1924 5622 1989 5674 ῶν
2026 5622 2091 5672 Α.
2128 5608 2141 5617 ’
2168 5619 2213 5648 ⁵³
2255 5608 2330 5689 μὴ
2358 5635 2464 5671 υιιι.
2494 5608 2559 5673 Ᾱ.
2635 5616 2681 5679 ’ἲ
2708 5615 2931 5686 μηδαμῇ
2963 5609 3228 5682 μηδαμῶς
3258 5608 3331 5671 Β,
3396 5621 3511 5676 μη-

1731 5756 1966 5814 ΝΟΤᾹῦ.

1993 5845 2103 5918 (88)
2145 5842 2382 5915 Emgiem
2412 5841 2683 5901 custodire
2710 5854 2873 5912 penes
2905 5837 3183 5897 hominem
3217 5845 3401 5909 putas.
3488 5886 3489 5891 η

1920 5315 1964 5369 si
1997 5312 2127 5382 quid
2182 5308 2461 5380 probabile
2496 5307 2680 5372 habet,
2730 5304 2892 5359 facile
2946 5302 3241 5358 refellitur.
3280 5298 3417 5353 Nam
3448 5307 3504 5352 et

277 5843 391 5915 (87)
428 5844 557 5913 Qua:
588 5854 726 5902 erat.
753 5860 857 5916 qua
884 5847 1097 5904 ratione
1118 5848 1310 5906 similis
1339 5861 1481 5907 esset
1510 5847 1638 5905 Deo.
