3954 6428
502 367 643 433 1179

1635 366 1901 431 PHOTII
1942 361 2450 427 PATRIARCH/E
2489 368 2599 429 ΟΡ.

3597 381 3699 453 1180

500 490 594 557 qui
640 485 943 541 solitariam
990 484 1156 541 vitam
1213 485 1435 555 degunt,
1488 492 1546 540 et
1592 495 1878 555 propterea
1930 480 2112 552 quod.

2220 497 2388 548 οντες,
2425 482 2519 535 καὶ
2546 481 2633 537 διὰ
2675 481 2737 536 τὸ
2780 482 2958 538 δοκεῖν
2989 485 3286 555 φυλάσσειν
3318 487 3377 542 τὺ
3407 493 3523 544 κατ’
3548 497 3701 555 εἰκόνα

503 583 792 637 videamur
810 581 966 641 illud.
996 582 1066 633 ad
1092 581 1401 650 imaginem,
1466 594 1709 644 servare,
1737 587 2090 646 posteaquam

504 676 714 742 seipsos
748 689 910 742 supra
957 688 1119 728 omne
1153 672 1451 726 artiﬁcium
1498 672 1794 725 humanum
1839 677 1896 723 et
1917 680 2092 722 artem

507 769 876 837 perfecerunt,
911 766 1096 821 miseri
1122 756 1459 828 viderentur,
1485 763 1627 833 quod
1657 762 1760 819 hoc
1787 761 1907 831 ipso
1938 760 2092 828 illud,

507 862 793 915 secundum
844 859 1272 923 similitudinem,
1330 856 1727 925 perdidissent.
1781 851 1925 920 Quid
1959 868 2091 924 ergo

507 966 593 1009 est
623 954 748 1017 hoc,
807 955 1095 1006 secundum
1119 948 1526 1004 similitudinem
1554 949 1579 1002 ?
1617 945 1888 1001 Virtutum
1940 944 2100 1001 indu-

512 1046 647 1099 stria
675 1055 955 1114 partarum
989 1043 1274 1109 thesaurus
1307 1048 1412 1096 est.
1437 1038 1630 1109 Angeli
1662 1039 1809 1093 enim
1845 1037 2098 1107 quamvis

509 1142 772 1194 virtutem
796 1138 1052 1203 habeant,
1087 1152 1194 1190 non
1230 1135 1481 1189 dicuntur
1522 1142 1702 1187 tamen
1735 1145 1833 1198 per
1855 1129 2098 1184 laborem

513 1243 569 1289 et
594 1233 920 1289 industriam
950 1241 1160 1300 partam
1193 1228 1396 1281 habere
1435 1225 1562 1295 quia
1595 1238 1700 1278 non
1724 1221 2092 1278 sollicitantur

514 1347 545 1384 a
582 1337 829 1399 peccato.
866 1327 971 1381 Sed
1012 1323 1263 1395 quamvis
1295 1323 1397 1377 hoc
1432 1318 1845 1383 concederetur,
1900 1318 1970 1371 ab
2004 1331 2103 1370 an-

514 1423 650 1492 gelis
683 1422 936 1475 virtutem
960 1419 1080 1472 sine
1109 1416 1297 1471 labore
1322 1422 1658 1483 possessam,
1696 1420 1791 1465 aut
1817 1409 1870 1465 hi
1889 1422 2105 1477 quoque

516 1516 670 1580 illud,
703 1515 773 1570 ad
798 1514 1106 1584 imaginem,
1128 1511 1246 1565 sine
1276 1509 1464 1563 labore
1500 1505 1752 1561 habendo
1784 1504 1957 1573 magis
1992 1503 2102 1557 Deo

516 1611 724 1665 similes
751 1608 1029 1663 habebunt
1051 1606 1194 1659 hanc
1222 1611 1373 1667 :aut,
1404 1601 1450 1656 si
1483 1600 1537 1654 hi
1568 1614 1693 1659 non,
1733 1596 1902 1650 multo
1926 1596 2106 1649 minus

517 1702 705 1765 homo,
736 1698 863 1768 quia
917 1712 1042 1751 cum
1088 1694 1254 1756 illius,
1297 1702 1393 1745 aut
1431 1701 1557 1744 ante
1629 1687 1777 1742 illius
1855 1684 2108 1755 imaginis

516 1793 948 1863 possessionem,
991 1786 1175 1841 multis
1203 1783 1465 1840 aerumnis
1512 1789 1569 1837 et.
1597 1777 1880 1836 laboribus
1921 1784 2103 1834 exant-

519 1886 647 1941 latis
675 1885 818 1940 hanc
848 1880 1181 1950 assequitur.

1125 1988 1505 2049 CCXXXVIH.

606 2117 785 2172 Flavii
817 2114 1035 2180 Iosephi
1066 2112 1460 2182 Antiquitatnm
1495 2105 1851 2162 Iudaicarum
1887 2102 2033 2157 libri.

599 2232 730 2303 Legi
799 2229 1023 2298 Josepbi
1075 2225 1456 2295 Antiquitates,
1512 2234 1744 2291 quarum
1806 2216 2107 2285 Excerpta,

524 2341 648 2397 qua:
678 2325 745 2379 de
774 2320 989 2377 Herode
1029 2329 1276 2381 narrant,
1310 2314 1627 2369 describunt
1661 2307 2112 2364 instaurationem

528 2415 736 2486 templi,
770 2423 830 2467 nt
864 2412 1178 2466 Jndmorum
1203 2405 1557 2475 occupaverit
1593 2403 1916 2469 dominium,
1947 2409 2116 2469 utque

524 2509 647 2578 ejus
674 2508 839 2575 stirps
871 2503 1161 2573 imperium
1197 2500 1389 2570 adepta
1417 2498 1508 2562 sit,
1538 2506 1599 2552 ut
1627 2496 1857 2565 denique
1884 2494 1935 2547 in
1968 2491 2115 2562 opti-

525 2613 734 2658 matum
772 2612 1000 2669 regnum
1056 2595 1304 2659 verterit,
1336 2591 1698 2661 principatum
1730 2587 1959 2643 summis
1983 2599 2117 2655 pon-

528 2693 765 2748 tiﬁcibus
788 2687 1195 2749 invadentibus,
1217 2692 1272 2738 et
1301 2682 1408 2737 alia
1439 2696 1562 2751 quae
1599 2679 1684 2736 his
1721 2677 2113 2747 adiunguntur.

599 2951 890 3023 Josephus,
914 2949 981 3004 ad
1012 2949 1175 3003 ﬁnem
1225 2946 1349 3001 libri
1392 2944 1572 3015 quinti
1614 2942 1808 2998 decimi
1874 2938 2123 3009 Antiqui;

529 3058 727 3110 tntum,
778 3043 960 3098 tradit.
991 3042 1202 3097 Octavo
1236 3038 1449 3094 decimo
1499 3037 1652 3106 regni
1704 3033 1933 3089 Herodis
1978 3046 2122 3086 anno

526 3138 835 3211 perfectum
869 3133 1128 3202 templum
1183 3127 1617 3199 Hierosolymis:
1649 3125 1795 3195 quod
1845 3122 2111 3179 Salomon

528 3246 628 3284 rex
680 3226 1060 3289 exaediﬁcavit,
1108 3224 1251 3293 quod
1288 3235 1538 3276 eversum
1586 3220 1780 3273 iterum
1827 3215 2028 3285 captivi
2091 3228 2123 3269 e

526 3321 808 3393 Babylone
866 3317 1071 3373 redueti
1137 3317 1429 3370 Persarum
1479 3326 1605 3379 rege
1657 3310 1823 3365 Dario
1891 3307 2121 3377 coadju-

530 3425 694 3468 vante
720 3420 1016 3466 erexerunt
1064 3422 1159 3463 sex
1194 3415 1249 3461 et
1306 3405 1671 3476 quadraginta
1733 3401 1914 3457 annis.
1967 3400 2124 3456 nunc

534 3505 804 3561 Herodem
843 3502 1040 3569 refert,
1095 3500 1433 3554 auferentem
1470 3496 1826 3551 fundamenta
1859 3495 2119 3565 antiqua,

534 3600 639 3653 alia
676 3612 805 3652 vero
838 3606 1030 3652 contra
1064 3593 1152 3648 illa
1179 3592 1500 3662 iacientem,
1547 3590 1708 3659 duplo
1741 3588 1923 3658 priore
1951 3588 2124 3656 majus

532 3692 751 3746 fecisse.
796 3688 1091 3767 superavit
1137 3685 1284 3741 enim
1320 3682 1613 3738 altitudine
1684 3680 1944 3750 templum
1978 3678 2123 3747 quod

534 3783 734 3851 captivi
794 3788 1090 3836 erexerunt
1155 3776 1411 3846 templum
1482 3773 1795 3830 Salomonis
1848 3771 2124 3826 mensuris

533 3872 884 3945 quibusdam.
940 3872 1271 3927 Continebat
1304 3867 1565 3938 templum
1608 3865 1844 3920 Herodis
1900 3873 2121 3919 centum

536 3968 750 4022 cubitos
772 3964 1146 4035 longitudine:
1185 3962 1416 4017 altitudo
1457 3961 1689 4031 amplius
1720 3960 1938 4031 viginti,
1986 3971 2126 4027 quos

536 4060 701 4113 etiam
738 4056 1102 4118 transcendit,
1136 4065 1381 4123 tempore
1414 4053 1781 4108 fundamentis
1834 4050 2125 4105 subsiden-

542 4152 707 4214 tibus,
732 4164 896 4220 quam
924 4149 1088 4201 etiam
1119 4145 1350 4201 Neronis
1393 4145 1622 4214 imperio
1661 4140 1832 4197 Judaei
1872 4140 2129 4195 attollere

540 4245 869 4316 cogitarunt.
904 4238 1256 4297 {Ediﬁcatum
1303 4255 1433 4294 vero
1483 4238 1741 4308 templum
1794 4237 1864 4293 ab
1914 4234 2130 4291 Herode

540 4354 648 4392 uno
701 4353 845 4391 anno
904 4347 959 4390 et
1013 4349 1110 4388 sex
1159 4333 1436 4387 mensibus
1493 4330 1766 4400 Josephus
1828 4329 2020 4396 refert,
2075 4338 2131 4382 et

540 4435 733 4489 domus
765 4474 781 4497 ,
839 4441 893 4486 et
933 4438 1284 4485 monumenta
1316 4426 1514 4500 315a
1558 4442 1678 4495 quae
1725 4426 1933 4480 circum
1976 4432 2133 4479 erant

2196 574 2399 636 παντὸς
2445 574 2787 647 ἀνθρωπίνου
2851 576 3231 649 [τεχνήματος
3399 586 3702 657 τεχνάσματος

2196 666 2456 736 ἀνωτέρω
2478 668 2704 732 ἑαυτοὺς
2734 670 3127 742 ἐργασάμενοι,
3149 672 3321 727 ἄθλιοι
3350 673 3413 728 ἃν
3442 680 3643 746 φανεῖεν,
3664 685 3706 738 τὸ

2196 760 2324 811 κατ’
2352 761 2559 813 εἰκόνα
2603 760 2675 815 δι’
2720 761 2855 814 αὐτὸ
2904 765 3083 817 ἐκεῖνο
3104 765 3151 797 ⁸⁸
3178 766 3547 832 ἀπολέσαντες.
3571 772 3625 824 Τί
3643 771 3708 829 ὧν

2197 850 2281 917 τὸ,
2316 852 2450 905 κατ’
2480 853 2722 917 είκόνα;
2745 856 2778 924 ἡ
2818 854 2926 908 τῶν
2957 856 3170 927 ἀρετῶν
3213 858 3279 911 δι’
3304 860 3597 929 ἐπιμελείας
3619 868 3709 934 xci-,-

2200 960 2285 1007 σις
2310 959 2325 973 ·
2360 944 2580 1013 ἄγγελοι
2624 945 2725 1016 μὲν
2756 945 2868 1017 γὰρ
2900 946 3045 1017 ἔχειν
3077 950 3303 1020 ἀρετὴν,
3340 950 3453 1004 ἀλλ’
3482 953 3538 1005 ού
3568 954 3647 1025 τὴν
3667 957 3711 1011 δι’

2199 1036 2520 1107 ἐπιμελείας
2554 1039 2645 1092 καὶ
2692 1038 2889 1105 κόπου,
2932 1042 3015 1095 ὅτι
3054 1041 3128 1113 μὴ
3161 1042 3507 1113 μεθέλκονται
3528 1046 3617 1099 ὑπὸ
3640 1067 3714 1102 κα-

2200 1132 2347 1199 κίας,
2380 1133 2725 1199 δοξάζονται.
2770 1135 2911 1189 Ἀλλ’
2941 1139 2992 1191 εί
3029 1139 3125 1192 καὶ
3171 1139 3330 1193 τοῦτο
3377 1143 3715 1217 συγχωρηθείη,

2200 1226 2411 1279 ἀκοπον
2453 1226 2666 1296 ἀρετῶν
2706 1226 2904 1296 κτῆσιν
2950 1231 3063 1292 τοῖς
3092 1230 3345 1298 ἀγγέλοις
3390 1233 3717 1303 ἀποκεκληρῶ.

2205 1320 2350 1384 σθαι,
2380 1320 2415 1392 ἢ
2456 1320 2553 1374 καὶ
2576 1316 2724 1373 οὗτοι
2754 1321 2835 1385 τὸ,
2859 1323 2987 1375 κατ’
3014 1324 3243 1387 εἰκόνα,
3277 1322 3356 1393 τῷ
3385 1324 3593 1387 ἀκόπως
3617 1326 3716 1396 ἔχειν

2205 1412 2327 1483 Θεῷ
2387 1412 2589 1483 μᾶλλον
2640 1412 3056 1480 πλησιάζοντες,
3101 1415 3216 1487 ἢεί
3265 1417 3339 1488 μὴ
3376 1410 3546 1481 οὗτοι,
3591 1420 3718 1491 πολλῷ

2209 1504 2413 1574 μᾶλλον
2443 1504 2554 1559 οὐδ’
2593 1506 2622 1559 6
2681 1504 2991 1577 ἄνθρωπος,
3043 1506 3125 1560 ὅτι
3175 1510 3313 1577 μετά
3356 1508 3551 1579 ταύτης
3590 1509 3618 1580 ἦ
3651 1513 3721 1581 πρὸ

2206 1596 2411 1668 ταύτης
2462 1598 2565 1668 τὴν
2616 1598 2811 1666 κτῆσιν
2866 1598 3080 1652 πολλῶν
3145 1602 3402 1671 ταράχων
3451 1602 3541 1655 καὶ
3598 1603 3722 1656 πόνων

2209 1690 2627 1761 ἐμπιπλάμενος
2657 1690 2865 1762 ταύτην
2896 1691 3201 1763 ἐκδέχεται.

2920 1977 3073 2031 ΣΛΗ’

2365 2087 2658 2155 Ἰωσήπου
2687 2087 2801 2158 τῆς
2840 2088 3281 2162 Ἀρχαιολογίας
3323 2092 3365 2160 ἠ
3412 2091 3636 2162 ἐκλογή.

2296 2200 2637 2273 Ἀνεγνώσθη
2699 2204 2960 2275 Ἰωσήπου
3018 2207 3052 2276 ἡ
3121 2207 3536 2276 Ἀρχαιολογία
3565 2222 3577 2235 ·
3623 2201 3729 2279 ἧςή

2215 2294 2433 2368 ἐκλογὴ,
2453 2298 2553 2352 ὅσα
2570 2316 2629 2352 τε
2655 2299 2858 2371 ἱστορεῖ
2884 2299 3013 2369 περὶ
3049 2296 3289 2368 Ἡρώδου
3310 2298 3458 2361 ⁵⁶’⁵⁷,
3487 2298 3729 2365 καταλέγει,

2217 2389 2321 2458 τήν
2358 2406 2418 2442 τε
2459 2390 2823 2463 ἀνοικοδομὴν
2864 2390 2962 2445 τοῦ
3019 2389 3173 2457 ναοῦ,
3212 2389 3366 2452 ὅπως
3402 2404 3464 2441 τε
3516 2388 3604 2458 τὴν
3650 2388 3732 2440 Ἴου·

2217 2481 2412 2553 δαϊκὴν
2457 2483 2757 2556 ὑπεισῆλθε
2811 2485 3114 2556 βασιλείαν,
3168 2484 3265 2538 καλ.
3307 2484 3460 2545 ὅπως
3498 2480 3642 2535 αὑτοῦ
3672 2482 3733 2552 τὴν

2219 2575 2396 2647 ἀρχὴν
2435 2576 2486 2630 οἱ
2530 2582 2595 2634 ἐκ
2656 2579 2846 2650 γένους
2893 2579 3216 2644 διεδέξαντο,
3258 2577 3409 2639 ὅπως
3455 2592 3511 2627 τε
3556 2573 3734 2644 αὖτηεὶς

2220 2674 2649 2747 ἀριστοκρατίαν
2713 2670 3114 2737 καταλέλυται,
3159 2669 3261 2739 τὴν
3334 2666 3649 2739 προστασίαν
3677 2666 3732 2717 τοῦ

2223 2767 2411 2831 ἔθνους
2438 2767 2551 2821 τῶν
2581 2765 2890 2839 ἀρχιερέων
2923 2762 3367 2832 ἀναδεξαμένων,
3421 2758 3515 2814 καὶ
3548 2759 3633 2813 ὅσα
3653 2758 3731 2812 ἄλλα

2220 2859 2434 2924 τούτοις
2471 2857 2945 2913 συνδιαπλέκεται.

2296 2953 2423 3007 Ὅτι
2444 2952 2492 2984 ⁸⁸
2524 2951 2791 3022 Ἰώσηπος
2826 2947 2967 3019 πρὸς
3010 2946 3091 3018 τῷ
3118 2946 3260 3000 τέλει
3288 2948 3395 3017 τῆς
3441 2951 3500 2997 ιε’
3537 2942 3656 2997 κατὰ
3680 2940 3737 3010 sip

2225 3045 2687 3116 Ἀρχαιολογίαν
2702 3041 2966 3112 ἱστορίας,
2983 3040 3456 3093 ὀκτωκαιδέκατον
3474 3037 3582 3102 ἔτος
3597 3035 3671 3106 τῆς
3682 3034 3737 3104 βα·

2230 3138 2439 3201 σιλείας
2454 3136 2584 3209 [968
2611 3134 2702 3208 8.]
2738 3133 2987 3204 Ἡρώδην
3004 3133 3049 3166 ⁸⁸
3066 3132 3300 3186 ἀνύοντα
3322 3130 3417 3183 τὸν
3443 3130 3501 3182 ἐν
3525 3124 3740 3198 Ἰεροσολύ-
3820 3158 3821 3161 η

2236 3247 2355 3301 μοις
2387 3227 2544 3293 νεὼν,
2565 3227 2623 3280 ὃν
2648 3227 2835 3280 ἔκτισε
2862 3222 3117 3295 Σολομὼν
3146 3223 3175 3275 6
3207 3221 3487 3294 βασιλεὺς,
3508 3232 3740 3285 καταστρι·

2235 3323 2405 3393 φέντα
2444 3322 2503 3376 δέ
2540 3322 2704 3376 πάλιν
2729 3322 2778 3374 οἱ
2808 3322 2873 3374 ἐκ
2903 3316 3229 3379 Βαϐυλῶνος
3273 3313 3593 3385 ἀναχθέντες
3636 3310 3743 3378 uixit-

2234 3417 2432 3471 ἀλωτοι
2481 3414 2709 3484 Δαρείου
2738 3412 2833 3467 τοῦ
2874 3410 3102 3483 Περσῶν
3147 3407 3417 3480 βασιλέως
3447 3401 3741 3474 συναραμένω

2232 3510 2419 3572 αὐτοῖς
2461 3508 2769 3578 ἀνέστησαν
2817 3508 2876 3558 ἐν
2912 3510 2964 3569 ς’
2998 3503 3147 3556 ἔτεσι
3180 3501 3275 3555 καὶ
3312 3507 3402 3570 μ’,
3453 3496 3625 3551 τοῦτόν
3662 3508 3743 3562 pqr.

2230 3603 2324 3657 τὸν
2352 3600 2701 3673 περιώνυμον
2724 3597 2862 3652 νεὼν
2884 3597 2931 3629 ⁶⁰
2958 3596 3100 3668 μετά
3128 3595 3225 3664 ἐτη
3254 3592 3537 3659 ἑξακόσια,
3565 3587 3743 3643 ἀνελόντι

2236 3691 2339 3763 μὲν
2384 3691 2514 3753 τοὺς
2554 3688 2816 3759 ἀρχαίους
2864 3685 3170 3756 θεμελίους,
3224 3683 3452 3753 ἐτέρους
3493 3680 3547 3733 δέ
3580 3674 3744 3732 καταῦθ-

2234 3784 2397 3838 λόντα
2420 3783 2506 3835 ἐπ’
2533 3780 2717 3836 αὐτῶν
2740 3780 2783 3812 “
2811 3779 2904 3832 τὸν
2940 3777 3192 3848 Ἡρώδην
3221 3776 3507 3830 διπλάσιον
3543 3770 3627 3824 τοῦ
3662 3782 3742 3837 τρι·

2234 3875 2396 3945 τέρου
2440 3872 2779 3943 ἀναστῆσαιο
2820 3868 3108 3925 λείπεσθαι
3150 3869 3260 3939 γὰρ
3314 3868 3411 3921 τὸν
3450 3866 3551 3919 ὑπὸ
3582 3863 3671 3917 τῶν
3699 3858 3740 3912 αἱ·

2236 3968 2541 4041 χμαλώτων
2564 3967 2659 4021 τοῦ
2693 3965 3095 4037 Σολομωντείου
3130 3964 3350 4034 μέτροις
3402 3960 3542 4015 κατὰ
3572 3958 3625 4011 τὸ
3657 3955 3738 4023 ὕψος

2236 4063 2402 4116 τισίν.
2430 4057 2559 4133 Εἶχε
2595 4061 2653 4114 δέ
2676 4062 2706 4115 6
2735 4058 2979 4130 Ἡρώδου
3011 4056 3149 4122 νεὼς
3184 4057 3358 4128 μῆκος
3396 4054 3497 4125 μὲν
3533 4052 3690 4119 πήχεις
3708 4042 3742 4113 ρ’,

2240 4154 2375 4225 ὕψος
2399 4154 2457 4209 δὲ
2486 4161 2535 4209 κ’
2558 4154 2857 4225 περιττοῖς,
2887 4150 2983 4214 οὒς
3008 4151 3054 4183 ⁸³
3078 4150 3177 4203 καὶ
3205 4147 3388 4219 ὑπέϐη
3413 4146 3490 4216 τῷ
3522 4144 3670 4215 χρόνῳ
3686 4136 3746 4188 τῶν

2240 4245 2511 4317 θεμελίων
2545 4242 2952 4313 συνιζησάντων
2973 4255 2988 4269 °
3017 4238 3047 4293 ὃ
3091 4238 3185 4294 καὶ
3219 4236 3365 4291 κατά
3404 4238 3529 4298 τοὺς
3572 4233 3745 4301 Νέρωνος

2240 4339 2470 4408 καιροὺς
2517 4335 2761 4390 Ἰουδαῖοι
2799 4332 3134 4402 ἐγνώκεισαν
3166 4330 3497 4400 ἐπεγείρειν.
3534 4322 3748 4388 Οἰκοδομη·

2244 4431 2404 4502 θῆναι
2444 4429 2490 4483 δ’
2518 4426 2647 4501 [515
2674 4414 2768 4499 H.]
2811 4424 3028 4497 Ἡρώδῃ
3050 4425 3145 4479 τὸν
3189 4424 3317 4477 ναὸν
3376 4418 3624 4490 Ἰώσηπός
3649 4428 3749 4485 φηςιν

539 4537 664 4581 octo
695 4526 923 4593 integris
959 4523 1136 4578 annis.
1180 4521 1414 4591 Lapides
1464 4521 1664 4591 quibus
1704 4518 1960 4588 templum
1999 4518 2112 4573 aedi

2246 4501 2480 4592 ἐνιαυτῷ
2527 4522 2610 4573 ἐνὶ
2660 4519 2754 4573 καὶ
2792 4518 2957 4589 μησὶν
2992 4523 3068 4582 ς’,
3107 4516 3216 4569 τῶν
3242 4515 3288 4547 ⁶³
3315 4513 3371 4567 δέ
3402 4513 3530 4584 περὶ
3559 4509 3637 4561 τὸν
3670 4501 3750 4556 νεὼν

541 4544 664 4581 00ῑο
696 4544 923 4593 Integrts
959 4544 1136 4578 amns.
1180 4544 1414 4591 httplucs
1464 4544 1664 4591 qtttuus
1706 4544 1960 4588 lCllelUlll
1999 4544 2112 4573 usuri

541 4620 763 4673 ﬁcatum
799 4618 1058 4673 candidos
1115 4632 1178 4670 ac
1213 4617 1418 4680 firmos,
1473 4612 1716 4682 singulos
1755 4612 1923 4666 fuisse
1966 4610 2112 4680 longi

2246 4544 2480 4592 ενιαυτῳ
2527 4544 2610 4573 ενι
2660 4544 2754 4573 και
2792 4544 2957 4589 μηοιν
2992 4544 3068 4582 ς)
3107 4544 3216 4569 ἰων
3249 4544 3284 4547 ’⁷
3315 4544 3371 4567 υτ.
3402 4544 3530 4584 "aug"
3569 4544 3636 4561 un
3676 4544 3746 4556 ν--ν

2248 4615 2415 4669 οἴκων
2464 4615 2562 4668 καὶ
2620 4610 2937 4682 περιϐόλων
2991 4608 3037 4639 ⁵⁸
3082 4606 3261 4660 ἐτεσιν
3311 4604 3455 4667 ὅλοις
3511 4607 3578 4672 η’.
3626 4595 3751 4651 Mica;

552 4713 740 4765 tudine
781 4713 1090 4765 cubitorum
1126 4709 1315 4778 viginti
1348 4709 1611 4778 quinque,
1657 4706 1943 4761 altitudine
1990 4714 2112 4760 octo

2248 4704 2312 4769 δ’ν
2342 4703 2404 4770 ἐξ
2437 4697 2514 4758 ὧν
2542 4681 2800 4774 ἠγείρετο
2834 4701 2863 4753 6
2912 4699 3069 4763 νεὼς,
3111 4696 3341 4761 λευκοὺς
3397 4696 3498 4766 μὲν
3556 4686 3671 4743 εἶναι

546 4803 831 4857 latitudine
877 4805 1205 4870 duodecim;
1263 4803 1473 4856 ﬁnitum
1509 4817 1642 4857 vero
1696 4801 1798 4856 hac
1846 4800 2112 4855 industria

2251 4797 2569 4869 κραταιοὺς,
2606 4796 2753 4866 ἔχειν
2782 4794 2828 4847 δ’
2858 4795 3090 4847 ἕκαστον
3122 4790 3301 4845 αὐτῶν
3341 4790 3549 4859 μήκους
3589 4782 3671 4854 μὲν
3691 4776 3749 4843 πή·

554 4892 635 4948 Eo
672 4894 723 4945 in
751 4908 915 4962 opere
963 4908 1156 4962 magna
1187 4865 1417 4948 Herodis
1463 4892 1660 4948 enituit
1691 4892 2008 4961 diligentia:
2042 4892 2108 4945 ad

2251 4865 2368 4961 χεις
2415 4896 2462 4943 κ’
2497 4891 2591 4942 καὶ
2629 4865 2695 4954 εδ,
2739 4888 2907 4956 ὕψους
2944 4886 3000 4938 δὲ
3033 4883 3083 4954 η’
3128 4884 3224 4937 καὶ
3267 4880 3460 4952 εύρους
3511 4865 3745 4962 περὶιβ’

544 4985 691 5041 vexit
720 4986 868 5053 prius
884 5000 1098 5040 omnem
1130 4987 1434 5051 materiam,
1461 4996 1725 5057 erantque
1752 4986 1824 5040 illi
1878 4986 2112 5055 plaustra

2252 4956 2590 5051 Ῠελεσθῆναι
2617 4980 2756 5034 δὲτὸ
2785 4979 2948 5051 ἔργον
2980 4978 3114 5048 φησὶ
3140 4978 3353 5042 ἐπινοίᾳ
3381 4970 3614 5041 τοιαύτῃ·
3643 4956 3749 5031 Ἦριέ

555 5079 707 5133 mille
746 5069 954 5147 lapides
1001 5078 1202 5133 vehere
1260 5089 1545 5145 consueta,
1584 5081 1771 5135 decem
1824 5080 1992 5134 millia
2031 5079 2112 5148 cpi

2251 5078 2318 5148 δῃ
2361 5075 2531 5146 πολλή
2575 5092 2661 5137 τις
2710 5074 2929 5143 ἐγένετο
2966 5072 3094 5141 περὶ
3124 5070 3170 5100 ⁸⁸
3216 5071 3277 5121 τὸ
3310 5068 3470 5138 ἔργον
3519 5054 3751 5148 φιλοτιμίας

551 5172 738 5237 ﬁcum,
785 5172 1153 5238 sacerdotum,
1198 5173 1289 5240 qui
1329 5174 1380 5226 in
1442 5174 1619 5243 adytis
1654 5174 1924 5228 servirent
1972 5174 2112 5228 mille

2254 5137 2471 5240 ἀτειρει
2503 5137 2596 5221 έῦν
2632 5137 2901 5237 πρότερον
2934 5137 3155 5218 ἃπασαν
3185 5137 3465 5230 ὖλην,καὶ
3492 5155 3641 5226 χίλιαι
3662 5137 3755 5243 ait}?

552 5265 650 5333 llis
685 5268 831 5322 enim
866 5265 1413 5336 zedilicarelignaque
1441 5268 1639 5321 cedere
1669 5266 1924 5331 instituit,
1958 5281 2112 5320 sacra

2258 5265 2469 5336 ἅμαξαι
2492 5262 2676 5325 λίθους
2710 5264 2864 5329 ἄγειν
2913 5260 3202 5330 εὐτρεπεῖς
3225 5257 3267 5289 ⁸⁷
3318 5249 3479 5325 ἦσαν,
3513 5234 3757 5318 ἐργάταιδε
3820 5233 3821 5299 Ῑ

556 5358 664 5413 illis
703 5358 956 5413 omnibus
986 5367 1164 5412 vestes
1204 5372 1482 5425 coemens,
1507 5366 1560 5411 et
1588 5367 1904 5425 apparatus,
1939 5358 2112 5413 volun

2239 5358 2391 5413 ἄλλοι
2426 5357 2524 5429 μὲν
2580 5356 2791 5430 μύριοι,
2843 5355 2952 5407 τῶν
3017 5353 3073 5406 δὲ
3122 5348 3335 5421 ίερέων,
3369 5345 3418 5399 οἳ
3464 5342 3565 5397 τῶν
3614 5331 3758 5389 ἀδύτων

1872 5510 2108 5567 VARUE
2136 5509 2543 5567 LECTIONES.

629 5654 674 5685 ⁸⁸
706 5656 881 5706 ἐκεῖνο
910 5650 1029 5705 AB:
1062 5650 1221 5741 τοῦτο
1246 5643 1749 5741 ἳηξωζὴρὼδην
1777 5654 1841 5711 Α.
1920 5646 1966 5678 ⁸³
1994 5643 2496 5713 Ἀνεγνώσθη--ὅτι
2536 5639 2824 5731 Ἰώσηπος]
2858 5639 3045 5741 ιιεειτέη
3218 5633 3376 5687 habet
3417 5630 3556 5741 CJAta
3573 5620 3755 5735 ptlzefatltlts

595 5724 618 5741 η
895 5724 905 5739 ι
971 5726 983 5741 ι
1063 5724 1081 5741 ς·
1123 5724 1140 5741 ~_
1294 5722 1344 5741 ,ι
1404 5737 1440 5741 -.
1525 5734 1619 5741 μ--.
1664 5734 1801 5741 -..-..
1828 5734 1838 5741 .
1924 5719 2010 5741 -..ε
2062 5719 2113 5741 :..
2341 5716 2452 5741 ..,.r..
2504 5716 2649 5741 -.,...:.
2728 5711 2971 5741 .t..-....._'.-
3009 5727 3037 5741 .-
3160 5706 3376 5741 mnium”
3417 5717 3491 5741 em
3522 5717 3546 5741 ,ς
3573 5713 3651 5741 τω.
3685 5706 3705 5741 t‘
3744 5721 3750 5730 ι

565 5701 1025 5794 εὕρηται-καί-ἐν
1255 5701 1445 5790 ’βιϐλίῳ
1496 5701 1619 5788 ἕχον
1661 5701 1873 5780 ούτῶξ,
1921 5719 2012 5785 qui
2062 5701 2298 5770 in'textn
2328 5701 2455 5770 'sola
2504 5716 2657 5782 ponit
2684 5701 3064 5780 ”Ανέγνώσθη.
3120 5706 3376 5773 Ἰωσήπου
3417 5701 3546 5769 πρὸς
3573 5701 3651 5763 τῷ,
3685 5701 3750 5741 επ*

563 5795 609 5863 τῖ’
642 5795 857 5863 ἠρώδην
901 5792 989 5846 ΑΒ
1016 5811 1026 5843 τ
1080 5791 1323 5863 Ἡρώδου
1356 5808 1419 5853 ς.
1494 5790 1537 5821 ⁶⁰
1568 5788 1697 5863 ναὸν
1723 5807 1811 5863 <3.”
1860 5787 1901 5863 ‘_‘
1939 5786 2103 5863 αὐτὸν
2139 5805 2199 5851 ς.
2295 5787 2339 5819 ⁸³
2374 5784 2490 5863 οξ)ςῖ
2522 5784 2580 5863 ὃς
2674 5794 2735 5863 et
2761 5799 2903 5863 corr.
3082 5778 3126 5811 ⁶³
3150 5774 3287 5863 Ζῶν]
3320 5771 3689 5863 τὸν-ξιθεὶεοιιτ.
3712 5756 3750 5807 Α·

567 5862 612 5894 ⁸⁸
642 5837 788 5921 οἶκον
814 5837 911 5917 ἷιαί
941 5837 1223 5934 περίϐολον
1279 5861 1322 5913 Β
1342 5839 1403 5916 et
1430 5837 1687 5917 corr.
1731 5838 1750 5853 ⁸
1770 5837 1814 5893 δι’
1846 5837 2275 5924 εἰκοσιπέντθες.
2378 5837 2425 5889 δέ
2450 5837 2578 5926 περί
2621 5853 2711 5909 ΑΒ
2738 5871 2752 5908 :
2784 5856 2817 5925 ἡ
2843 5854 2969 5924 περὶ
3012 5868 3070 5916 ς’.
3150 5846 3193 5880 ⁸⁷
3230 5837 3511 5916 εὖπρεπεῖς
3536 5837 3586 5892 Β.
