3954 6468
289 439 446 516 ’1181

1333 448 1850 510 BIBLIOTHECA.
1878 435 1948 483 —l
1974 449 2137 511 COD.
2160 449 2579 513 ccxxxvm.

3440 443 3578 509 1132

305 574 492 644 ἶργων
523 571 747 644 ἔμελλον
797 573 1085 634 ἅπτεσθαι,
1125 569 1290 641 χίλιοι
1309 584 1324 600 ·
1379 569 1669 630 τοσούτους
1698 568 1746 600 ⁸⁸
1774 567 1883 638 γάρ

1998 568 2176 632 tatem,
2245 567 2504 636 opinione
2566 564 2732 620 citius
2785 563 2855 617 ad
2887 563 3114 619 exitum
3179 560 3458 631 perduxit,
3511 570 3572 615 et

307 669 616 740 οἰκοδομεῖν
660 671 755 726 καὶ
808 669 1122 740 ξυλουργεῖν
1166 664 1568 731 ὲξεπαίδευσεν.
1608 660 1891 733 ἱερατικὰς

1998 679 2241 734 magnam
2295 663 2533 734 gratiam
2580 661 2722 732 apud
2766 660 3024 730 populum
3078 657 3397 714 conciliavit
3449 658 3579 712 sibi.

309 763 498 825 αὐτοῖς
529 762 732 816 ἆπασιν
765 760 1115 831 ὠνησάμενος
1140 755 1350 816 στολάς.
1383 754 1493 806 Καὶ
1516 752 1612 823 ἥδε
1641 754 1675 821 ή
1709 767 1892 822 παρα-

1998 753 2277 809 Sacriflcat
2309 762 2493 809 autem
2520 751 2764 807 Herodes
2786 751 3042 806 absoluto
3068 748 3271 818 templo
3302 757 3580 803 trecentas

310 854 486 924 σκευὴ
537 855 733 907 θᾶττον
775 853 875 923 μὲν
913 850 1128 912 ἐλπίδος
1176 849 1256 911 είς
1309 845 1486 917 πέρας
1531 844 1594 897 τὸ
1645 843 1893 914 βούλημα.

1998 859 2230 912 vaccas;
2257 853 2523 914 quantum
2550 857 2682 899 vero
2701 841 2873 898 Judaei
2904 841 3294 905 sacrificarint,
3321 839 3432 893 dici
3465 853 3574 892 non

304 947 506 1017 ἤγαγε,
544 946 786 1016 μεγάλας
812 945 868 998 δὲ
891 945 987 997 καὶ
1013 941 1214 1004 πολλάς
1239 938 1346 992 ἀπὸ
1373 936 1469 991 τοῦ
1515 934 1758 1007 πλήθους
1791 934 1890 1000 τὰς

1997 946 2197 1008 potest.

304 1039 663 1109 εὐχαριστίας
699 1039 757 1090 ὲν
779 1040 892 1100 τοῖς
926 1035 1105 1097 ἄλλοις
1127 1033 1331 1086 ἅπασιν
1360 1028 1662 1098 ἀχθομένου
1707 1026 1922 1099 Ἡρώδῃ
1940 1028 1986 1061 ⁸³
2018 1028 2377 1101 προύξένησε.
2421 1029 2551 1084 Θύει
2619 1030 2667 1083 δ’
2736 1027 2984 1101 Ἡρώδης
3049 1027 3169 1097 ἅμα
3213 1026 3309 1080 τοῦ
3388 1041 3583 1079 συντε-

302 1127 462 1182 λέσαι
484 1129 578 1182 τὸν
605 1130 740 1181 νεὼν
772 1125 900 1195 βοῦς
936 1124 1258 1198 τριακοσίας
1278 1138 1294 1153 ·
1324 1120 1434 1174 τῶν
1461 1121 1506 1172 δ’
1532 1119 1710 1174 ἄλλων
1747 1119 2022 1174 Ἰουδαίων
2047 1121 2148 1174 ὅσα
2174 1119 2417 1185 θύσειαν,
2445 1121 2556 1174 οὐδ’
2585 1119 2808 1189 ἐγένετο
2826 1119 3011 1174 λαϐεῖν
3049 1116 3293 1190 ἀριθμῷ.

381 1215 552 1285 Οὗτος
594 1220 841 1290 Ἡρώδης
871 1219 1019 1272 ἐστὶν
1067 1219 1096 1271 ὁ
1158 1216 1520 1284 Ἀντιπάτρου
1572 1212 1670 1267 τοῦ
1727 1213 1891 1267 Ἰδου-

312 1314 476 1384 μαίου
507 1314 602 1366 καὶ
649 1313 749 1383 τῆς
785 1311 1117 1382 ’Δραϐίσσης
1149 1307 1390 1377 (Κύπρις
1421 1307 1466 1360 δ’
1511 1305 1686 1376 δνομα
1730 1306 1893 1377 αὐτῇ)

309 1409 461 1470 παῖς,
497 1407 582 1475 ἐφ’
612 1398 674 1459 οὗ
701 1405 796 1457 καὶ
833 1403 1070 1474 Χριστὸς
1103 1403 1132 1454 ὀ
1162 1400 1295 1463 Θεὸς
1325 1397 1481 1470 ήμῶν
1515 1397 1612 1450 ἐπὶ
1648 1397 1896 1468 σωτηρίᾳ.

301 1500 406 1552 τοῦ
439 1497 711 1567 ἡμετέρου
751 1496 943 1565 γένους
986 1493 1324 1566 παρθενικῆς
1377 1491 1732 1545 ἀποτίκτεται
1785 1490 1896 1560 μή-

299 1610 333 1644 τ
341 1608 448 1662 ρας
467 1607 483 1622 ο
511 1590 634 1644 καθ’
657 1581 720 1641 οῦ
742 1589 835 1641 καὶ
865 1588 1056 1659 μανεὶς
1097 1584 1344 1657 Ἡρώδης
1363 1582 1459 1637 τοῦ
1494 1582 1594 1654 μὲν
1616 1583 1890 1636 Δεσπότου

296 1679 601 1750 διήμαρτε,
658 1678 855 1746 φονεὺς
910 1674 969 1728 δὲ
1003 1673 1224 1729 πολλῶν
1249 1672 1464 1744 νηπίων
1511 1671 1744 1741 γίνεται.
1797 1672 1893 1733 El;

295 1771 570 1841 ὠμότητα
609 1768 668 1822 δὲ
713 1768 808 1822 καὶ⁵
863 1767 1178 1837 μιαιφονίαν
1213 1765 1422 1828 πάντας
1465 1765 1583 1818 ὅσοι
1637 1764 1893 1835 τύραννοι

295 1863 716 1935 ὑπερϐαλέσθαι
756 1863 1063 1932 ἱστόρηται.
1103 1860 1216 1914 Καὶ
1252 1858 1515 1928 γυναικὸς
1551 1858 1609 1911 δὲ
1641 1859 1741 1928 τῆς
1770 1859 1894 1912 Μα-

295 1957 562 2028 ριάμμης
587 1956 636 1988 ⁷⁸
666 1954 940 2025 (θυγάτηρ
989 1953 1034 2008 δ’
1082 1947 1153 2024 ἦν
1197 1951 1336 2022 αῦτη
1383 1949 1742 2021 Ἀλεξάνδρας
1791 1949 1893 2020 τῆς

2063 1210 2163 1268 Hic
2179 1227 2311 1268 vero
2330 1211 2577 1269 Herodes
2609 1212 2754 1268 ﬁlius
2793 1211 2900 1266 fuit
2931 1210 3205 1280 Antipatri
3245 1208 3492 1272 Idumaei.
3526 1220 3582 1263 et

1991 1304 2264 1360 Arabissae
2285 1304 2373 1360 cui
2399 1319 2594 1358 nomen
2624 1303 2841 1373 Cypris,
2875 1318 2984 1372 quo
3015 1313 3302 1374 regnante,
3325 1303 3582 1357 Christus

1993 1411 2027 1453 e
2062 1394 2288 1466 Virgine
2336 1397 2402 1450 ad
2429 1395 2804 1450 redimendum
2851 1409 3024 1465 genus
3069 1397 3363 1448 humanum
3419 1403 3584 1448 natus

1996 1498 2100 1544 est.
2152 1487 2210 1544 ln
2241 1503 2401 1556 quem
2455 1488 2686 1542 saeviens
2744 1487 3015 1558 peccavit,
3070 1493 3127 1540 et
3180 1485 3582 1540 contrucidatis

1998 1590 2077 1637 tot
2126 1581 2464 1646 infantibus,
2514 1595 2621 1650 qua
2671 1579 3000 1635 crudelitate
3066 1594 3130 1632 ac
3181 1578 3334 1633 caede
3384 1593 3581 1634 omnes

2001 1684 2152 1730 retro
2178 1684 2438 1744 tyrannos
2483 1688 2774 1744 superasse
2825 1671 3020 1727 fertur.
3064 1669 3200 1740 Ejus
3241 1671 3432 1725 uxoris
3462 1667 3579 1724 Ma-

2001 1767 2278 1832 riatnmes,
2309 1781 2431 1834 qua:
2479 1764 2806 1820 Alexandrae
2835 1763 3113 1834 pontificis
3161 1760 3402 1833 Hyrcani
3451 1761 3580 1818 tiliae

1998 1862 2108 1916 ﬁlia
2136 1861 2257 1924 fuit,
2290 1871 2548 1915 venustas
2592 1859 2839 1929 corporis
2879 1868 3027 1914 tanta
3056 1859 3158 1914 fuit
3199 1867 3259 1912 ut
3297 1857 3444 1911 nulla
3478 1871 3581 1911 un-

1998 1970 2161 2021 quam
2195 1953 2268 2007 illi
2299 1968 2399 2022 par
2439 1951 2609 2008 fuisse
2662 1951 2962 2007 videretur.
3003 1951 3082 2005 Ex
3123 1951 3226 2005 hac
3273 1950 3440 2020 igitur
3467 1949 3576 2004 duo

309 2045 588 2118 Ὑρκανοῦ
612 2045 706 2098 τοῦ
731 2045 1034 2116 ἀρχιερέως
1062 2045 1276 2110 παιδὸς,
1294 2043 1416 2116 ὥρᾳ
1435 2043 1688 2113 σώματος
1717 2042 1893 2096 οὐδενὶ

2000 2047 2108 2101 nati
2155 2044 2249 2099 filii
2281 2043 2648 2106 Aristobulus,
2677 2050 2732 2098 et
2776 2043 3112 2106 Alexander,
3173 2043 3268 2111 qui
3328 2040 3578 2110 pulchri-

292 2142 487 2212 χρόνῳ
516 2139 756 2193 λιποῦσα
777 2140 824 2170 “
855 2138 1027 2202 δεῖξαι
1056 2138 1263 2208 ταύτης
1295 2137 1642 2208 ἐφάμιλλον),
1681 2136 1891 2208 ταύτης

290 2229 403 2287 οὖν
433 2231 529 2286 καὶ
558 2231 653 2285 δύο
673 2231 785 2286 τῶν
804 2231 868 2295 ἐξ
889 2233 1063 2301 αὐτῆς
1088 2230 1237 2300 αὐτῷ
1263 2229 1635 2299 γεννηθέντων
1660 2229 1890 2295 παίδων,

308 2325 738 2398 Ἀριστοϐούλου
767 2325 865 2378 καὶ
888 2323 1266 2392 Ἀλεξάνδρου,
1296 2321 1347 2374 οἳ
1379 2320 1568 2375 κάλλει
1593 2338 1655 2374 τε
1689 2321 1783 2374 καὶ
1804 2320 1895 2374 λό-

293 2432 422 2483 γων
465 2416 700 2484 ἀσκήσει
743 2414 838 2467 καὶ
878 2412 1081 2484 χειρῶν
1129 2411 1312 2483 ἔργοις
1359 2411 1513 2464 οὐδὲν
1546 2405 1709 2484 ἦττον
1743 2411 1778 2482 ἢ
1809 2412 1893 2466 ὃτι

294 2503 574 2574 βασιλέως
600 2500 741 2575 ἦσαν
774 2504 961 2563 παῖδες
985 2502 1087 2556 ἀνὰ
1113 2502 1333 2556 πάντων
1356 2504 1613 2574 ἐφέροντο
1638 2503 1890 2572 στόμασι,

290 2597 510 2650 τούτων
551 2598 886 2667 συμπάντων
907 2595 951 2628 ⁷³
983 2595 1260 2658 διαϐολαῖς
1295 2593 1656 2666 Ἀντιπάτρου
1699 2595 1892 2663 μανείς

295 2689 503 2759 δήμιος
532 2691 764 2758 γίνεται,
801 2688 1019 2759 πρῶτον
1061 2687 1162 2760 μὲν
1208 2689 1308 2758 τῆς
1351 2690 1623 2758 γαμετῆς,
1649 2687 1769 2742 εἶτα
1798 2691 1894 2742 καὶ

298 2780 422 2834 τῶν
453 2780 679 2844 παίδων,
707 2781 802 2835 καὶ
828 2779 1139 2834 τελευταῖον
1181 2780 1543 2850 Ἀντιπάτρου
1573 2780 1670 2833 καὶ
1700 2779 1890 2845 αὐτοῦ,

298 2874 504 2935 παιδὸς
535 2874 599 2926 ὲκ
636 2873 907 2943 προτέρας
931 2871 1214 2940 γυναικός.
1243 2871 1404 2942 Νόσῳ
1427 2871 1485 2925 δὲ
1516 2873 1693 2943 πικρᾷ
1717 2889 1896 2942 παρα-

291 2966 482 3028 δοθεὶς
543 2966 812 3037 (ἓλκωσις
857 2965 969 3036 γὰρ
1019 2965 1256 3035 ἐντέρων
1315 2959 1431 3035 εἷχε
1481 2965 1574 3020 τὸν
1630 2965 1895 3036 δύστηνον

290 3056 490 3127 ὅρθιόν
520 3073 582 3111 τε
631 3053 824 3129 ἆσθμα
870 3057 967 3111 καὶ
997 3057 1176 3111 ποδῶν
1213 3057 1408 3112 λευκοῦ
1455 3057 1766 3130 φλέγματος
1817 3059 1895 3114 of-

291 3148 476 3217 δημα,
501 3149 671 3202 δειναί
693 3167 754 3202 τε
801 3149 919 3227 τοῦ.
945 3149 1124 3203 κώλου
1161 3151 1476 3225 ἀλγηδόνες,
1537 3153 1634 3206 καὶ¹
1686 3151 1893 3207 αἰδοίου

297 3239 474 3309 σῆψις
502 3240 794 3310 σκώληκας
822 3241 1148 3311 ἐμποιοῦσα,
1176 3243 1270 3295 καὶ
1295 3243 1467 3312 μυρία
1494 3243 1654 3317 ἄλλα)
1689 3244 1828 3314 μετὰ
1849 3245 1895 3277 ⁷⁸

299 3331 564 3403 ’πέμπτην
594 3329 662 3402 [δ’
683 3330 752 3403 ⁷⁸]
783 3331 1000 3403 ἡμέραν
1024 3332 1124 3403 τῆς
1147 3332 1518 3405 Ἀντιπάτρου
1546 3336 1765 3405 σφαγῆς
1795 3335 1894 3389 τοῦ

1995 2141 2204 2202 tudine,
2232 2140 2602 2206 orationisque
2651 2137 2849 2206 gratia,
2894 2151 3265 2205 manuumque
3304 2135 3576 2204 prorupti-

1995 2231 2201 2294 tudine,
2239 2230 2370 2283 nihil
2396 2245 2501 2284 non
2533 2230 2742 2299 regium
2775 2228 3004 2294 habere,
3035 2228 3279 2283 omnium
3310 2242 3407 2281 ore
3433 2225 3583 2281 fere-

1993 2324 2210 2378 bantur.
2279 2323 2483 2378 Contra
2551 2325 2652 2378 hos
2706 2335 2900 2378 omnes
2962 2320 3250 2376 calumniis
3311 2319 3585 2390 Antipatri

1993 2414 2252 2472 efferatus
2295 2428 2402 2474 est.
2456 2417 2640 2472 Primo
2691 2417 2910 2486 quidem
2973 2418 3027 2472 in
3081 2429 3332 2478 uxorem,
3388 2413 3586 2468 deinde

1996 2508 2156 2570 ﬁlios,
2186 2519 2244 2564 et
2269 2510 2488 2564 demum
2524 2511 2876 2580 Antipatrum
2908 2526 2938 2566 e
2959 2510 3146 2579 priore
3169 2517 3362 2562 natum
3389 2523 3581 2563 uxore.

1995 2601 2208 2656 Acerbo
2257 2602 2448 2656 morbo
2507 2611 2760 2666 vexatus,
2803 2603 3111 2656 vexabatur
3167 2600 3314 2654 enim
3367 2597 3589 2652 intesti-

1996 2709 2189 2749 norum
2256 2693 2685 2760 exnlceratione,
2724 2693 2940 2749 nonnisi
2983 2702 3206 2749 erectus
3265 2689 3584 2754 anhelabat,

1995 2788 2161 2857 pedes
2195 2785 2471 2841 tumebant
2504 2785 2812 2856 phlegmate
2856 2786 3100 2850 humido,
3117 2794 3185 2840 et
3232 2798 3434 2855 graves
3481 2783 3588 2837 coli

1995 2876 2300 2946 passiones,
2330 2875 2570 2930 verenda
2604 2875 2905 2944 putrefacta
2949 2876 3237 2932 scatebant
3263 2876 3583 2929 vermibus:

1994 2979 2048 3024 et
2080 2969 2184 3022 alia
2220 2968 2411 3025 multa.
2442 2968 2510 3023 Et
2529 2970 2726 3038 quinto
2770 2980 2895 3039 post
2932 2970 3139 3025 caedem
3168 2967 3441 3036 Antipatri
3489 2966 3587 3020 lilii

1997 3059 2084 3116 die
2111 3060 2276 3114 etiam
2309 3061 2473 3116 vitam
2500 3060 2658 3115 finiit.
2702 3061 2903 3116 Vivens
2951 3075 3124 3116 annos
3173 3075 3366 3115 omnes
3388 3057 3586 3130 31M

1999 3153 2422 3228 [septuaginta],
2479 3154 2760 3224 imperans
2805 3169 2873 3210 ex
2926 3154 3034 3209 illis
3092 3169 3191 3208 sex
3233 3163 3291 3208 et
3333 3153 3580 3223 triginta.

1997 3247 2213 3317 Regnat
2242 3263 2370 3304 vero
2397 3247 2696 3318 illegitime,
2722 3257 2994 3318 etpraater
3014 3263 3164 3318 spem
3199 3262 3378 3314 suam,
3405 3247 3589 3302 studio

2000 3341 2221 3396 Antonii
2291 3341 2444 3397 ducis
2515 3339 2889 3396 Romanorum
2928 3342 3163 3410 pecunia
3221 3343 3494 3411 corrupti.
3529 3349 3588 3395 et

297 3421 493 3486 παιδὸς
520 3425 617 3477 καὶ
646 3423 811 3487 αὐτὸς
839 3424 932 3477 τὸν
965 3423 1078 3495 βίον
1117 3425 1476 3495 κατέστρεψε,
1506 3427 1750 3491 διαϐιοὺς
1781 3427 1881 3497 μὲν

1998 3432 2220 3503 Augusti
2248 3431 2748 3498 commendatione,
2777 3432 2998 3488 decreto
3023 3431 3092 3486 ad
3112 3431 3588 3488 continuationem

294 3513 403 3584 ἐτη
434 3514 726 3584 σύμπαντα
747 3521 788 3567 o’
815 3515 862 3546 ⁷⁵
881 3555 896 3581 ,
925 3515 1254 3586 βασιλεύσας
1281 3517 1328 3570 δ’
1354 3517 1414 3582 ἐξ
1439 3517 1620 3572 αὐτῶν
1645 3518 1691 3583 ζ’
1710 3519 1806 3572 καὶ
1826 3521 1891 3574 λ’.

2003 3534 2224 3577 senatus
2251 3522 2508 3578 Romani.

295 3608 593 3664 Βασιλεύει
612 3609 658 3663 δ’
676 3603 834 3674 οὗτος
855 3594 1193 3683 παρανόμως
1221 3630 1281 3666 τε
1305 3613 1400 3666 καὶ
1413 3615 1546 3685 παρ’
1571 3614 1795 3680 ἐλπίδας
1826 3617 1924 3670 καὶ
1945 3617 1992 3649 ⁷⁸
2016 3617 2182 3671 αὑτοῦ
2208 3619 2444 3680 ἐκείνου.
2477 3617 2685 3688 σπουδῇ
2720 3617 2818 3687 μὲν
2843 3616 3132 3671 Ἀντωνίου
3158 3616 3253 3670 τοῦ
3276 3612 3587 3688 στρατηγοῦ

257 3743 260 3748 .
310 3697 628 3771 Ῥωμαίων,
658 3702 942 3774 χρήμασιν
976 3703 1400 3776 ὑπηρετοῦντος,
1446 3705 1542 3758 καὶ
1574 3708 1890 3774 Αὐγούστου
1929 3708 2244 3763 καταινέσει
2312 3709 2439 3781 [969
2509 3707 2624 3779 IL],
2664 3707 2831 3778 ψήφῳ
2875 3708 2933 3762 δὲ
2969 3708 3110 3778 πρὸς
3139 3707 3441 3778 ἀφοσίωσιν
3491 3703 3590 3760 καὶ

285 3794 404 3863 τῆς
432 3793 624 3864 βουλῆς
655 3793 972 3873 ξΡωμαίων.

377 3885 505 3940 Ὅτι
549 3886 792 3959 Ἡρώδου
825 3887 1004 3953 τοῦδε,
1042 3889 1138 3942 τοῦ
1199 3891 1419 3962 πρώτου
1472 3892 1532 3958 ἐξ
1580 3893 1898 3964 ἀλλοφύλων

303 3975 464 4047 παρὰ
485 3975 614 4041 τοὺς
647 3977 849 4050 νόμους
883 3980 1302 4051 βασιλεύσαντος
1357 3985 1654 4053 Ἰουδαίων,
1700 3988 1896 4041 τούτου

295 4069 492 4140 πατὴρ
521 4066 590 4141 ἦν
627 4071 961 4142 Ἶδουμαῖος.·
979 4074 1136 4142 γένος
1168 4074 1230 4140 ἐξ
1272 4075 1616 4142 Ἀσκάλωνος
1643 4076 1772 4150 [514
1798 4077 1895 4154 Η.]

296 4161 540 4226 πόλεως,
581 4165 711 4226 παῖς
752 4164 1006 4231 Ἀντίπα,
1031 4167 1294 4232 Ἀντίπας
1345 4169 1440 4222 καὶ
1492 4171 1656 4234 αὐτὸς
1696 4173 1896 4226 ἐπικα-

296 4252 570 4324 λούμενος
615 4255 904 4329 πρότερον,
957 4258 1315 4332 Ἀντίπατρος
1371 4261 1417 4316 δ’
1465 4261 1678 4318 ἔπειτα.
1724 4257 1893 4327 Οὗτος

295 4347 516 4401 πολλῶν
541 4349 642 4418 μὲν
669 4351 972 4421 χρημάτων
1005 4352 1279 4425 εὐπορῶν,
1325 4354 1670 4427 δραστήριως
1705 4355 1764 4410 δὲ
1794 4355 1897 4428 τὴν

297 4437 469 4507 φύσιν
513 4439 612 4493 καὶ
664 4444 997 4512 στασιαστὴς
1060 4445 1344 4513 τυγχάνων
1377 4445 1446 4512 ⁷⁷,
1507 4446 1762 4518 Ὑρκανῷ
1817 4445 1897 4519 τῷ

310 4529 589 4586 Ἰουδαίων
645 4533 896 4604 ἀρχιερεῖ
925 4534 994 4587 δι’
1050 4535 1264 4600 εὐνοίας
1298 4537 1598 4608 ἐτύγχανεν
1626 4539 1694 4603 ⁷³,
1742 4539 1896 4611 Ἀρι-

299 4620 584 4691 στοϐούλῳ
610 4623 669 4676 δὲ
699 4624 948 4695 τάδελφῷ
970 4627 1015 4657 ⁷⁸
1045 4625 1313 4694 Ὑρκανοῦ
1339 4628 1598 4700 διάφορος
1617 4644 1631 4658 °
1662 4628 1742 4684 διὸ
1775 4630 1897 4684 πεί-

301 4710 392 4764 θει
427 4712 723 4783 Ὑρκανὸν,
775 4716 1039 4782 πολλάκις
1095 4718 1428 4790 ἐνοχλήσας,
1465 4719 1566 4790 τὴν
1612 4720 1893 4792 βασιλείαν

304 4802 475 4858 πάλιν
503 4806 796 4880 ἀναζητεῖν
838 4810 1010 4864 ἆπασι
1049 4811 1295 4880 τρόποις,
1328 4812 1396 4882 ἣν
1424 4812 1638 4866 ἐκείνου
1675 4830 1892 4884 συγχω-

2069 3893 2303 3948 Herodis
2354 3891 2536 3960 hujus,
2589 3891 2681 3962 qui
2725 3891 2936 3961 primus
2983 3899 3338 3946 externorum
3386 3887 3590 3942 Iudaeis

2005 3987 2316 4056 imperavit,
2350 3994 2508 4055 pater
2536 3984 2637 4039 fuit
2667 3983 2935 4039 idumaeas
2961 3987 3181 4039 natione
3200 3998 3268 4037 ex
3291 3981 3587 4048 Asealone,

1997 4079 2142 4134 filius
2179 4078 2414 4147 Antipaa,
2449 4077 2616 4132 etiam
2642 4076 2874 4146 Antipas
2905 4077 3056 4145 prius
3090 4085 3336 4139 vocatus,
3382 4072 3582 4127 deinde

1993 4173 2300 4243 Antipater.
2328 4169 2430 4225 llic
2465 4170 2650 4225 multis
2683 4170 2934 4241 pecuniis
2969 4169 3278 4232 abundans,
3318 4165 3588 4222 factiosus

1994 4265 2213 4332 ingenio
2244 4273 2300 4319 et
2321 4263 2632 4328 seditiosus,
2680 4279 2806 4318 cum
2839 4261 3094 4334 Hyrcano
3120 4259 3432 4315 Judaeornm
3453 4274 3590 4328 pon-

1996 4356 2165 4421 tiliae,
2191 4370 2256 4411 eo
2283 4356 2428 4426 quod
2484 4357 2695 4411 faveret
2734 4351 3054 4407 Aristobulo
3097 4350 3257 4404 fratri
3317 4348 3582 4419 Hyrcani,

1994 4445 2314 4500 inimicitias
2362 4445 2555 4516 gessit.
2598 4445 2780 4510 Quare
2840 4457 2963 4495 cum
3020 4440 3222 4493 multas
3259 4453 3401 4508 saepe
3449 4452 3586 4492 con-

1991 4537 2131 4594 ciret
2179 4537 2392 4602 turbas,
2435 4551 2502 4591 eo
2540 4543 2824 4605 permovet
2876 4531 3188 4604 Hyrcanum
3243 4539 3305 4584 ut
3349 4544 3582 4599 regnum

1970 4631 2194 4687 iterum
2227 4630 2476 4699 requirat
2505 4627 2760 4683 omnibus
2794 4624 2993 4688 modis,
3023 4626 3166 4693 quod
3214 4622 3306 4677 illo
3339 4622 3584 4677 donante

1966 4759 1972 4764 -
2001 4721 2266 4776 habuerat
2280 4719 2624 4775 Aristobulns
2655 4718 2824 4770 frater
2841 4715 3185 4771 interfectus.
3210 4714 3338 4769 Haec
3354 4715 3584 4770 fratrum

1999 4814 2269 4869 discordia
2289 4827 2480 4880 magna
2503 4810 2769 4865 malorum
2797 4823 2964 4863 causa
2999 4808 3154 4878 ipsis,
3179 4809 3589 4878 etcognationi,

300 4897 576 4970 ρὴσαντος
608 4901 944 4974 ἀφελόμενος
967 4905 1380 4973 Ἀριστόϐουλος
1411 4899 1560 4976 εἶχεν
1583 4905 1612 4959 ὁ
1638 4907 1888 4976 ἁδελφός.

1998 4906 2255 4978 gentique
2285 4901 2594 4958 Judzeorum
2626 4902 2746 4966 fuit,
2781 4911 2837 4956 et
2862 4915 2962 4957 cur
2978 4915 3206 4967 regnum
3243 4899 3312 4954 ad
3330 4911 3589 4955 externos

295 4989 455 5062 Αὕτη
504 4993 614 5047 τῶν
667 4995 912 5064 ἀδελφῶν
965 4999 998 5068 ή
1058 4998 1249 5062 στάσις
1309 4999 1564 5069 μεγάλων
1608 4998 1654 5032 ⁸⁸
1702 5001 1890 5056 κακῶν

296 5083 458 5136 αίτία
487 5085 694 5151 αὐτοῖς
722 5104 784 5141 τε
822 5088 921 5142 καὶ
963 5088 1112 5158 γένει
1153 5089 1252 5143 καὶ
1292 5091 1372 5161 τῷ
1438 5091 1708 5146 Ἰουδαίων
1745 5092 1889 5146 ἔθνει

293 5173 566 5246 κατέστη,
622 5179 720 5233 καὶ
780 5180 882 5251 τῆς
936 5183 1018 5246 είς
1070 5181 1406 5252 ἀλλοφύλους
1458 5185 1560 5256 τῆς
1616 5184 1898 5255 βασιλείας

305 5267 737 5335 μεταπτώσεως.
777 5272 866 5324 Ἐν
889 5275 956 5342 τῇ
990 5273 1180 5326 στάσει
1217 5275 1395 5347 ταύτῃ
1425 5275 1598 5330 πολλά
1641 5278 1895 5345 φαίνεται

307 5358 668 5432 Ἀντίπατρος
686 5363 822 5435 ὑπὲρ
837 5364 1140 5436 Ὕρακανοῦ
1156 5367 1280 5422 κατ’
1308 5367 1725 5441 Ἀριστοϐούλου
1752 5371 1896 5442 πρά-

1999 4999 2367 5054 delaberetur.
2403 4997 2466 5051 ln-
2491 4997 2594 5050 hac
2632 4994 2906 5050 discordia
2943 4993 3114 5048 multa
3153 4992 3444 5062 Antipater
3487 5009 3585 5062 pro

2000 5090 2254 5160 Hyrcano
2308 5100 2498 5145 contra
2554 5087 2934 5160 Aristobulum
2995 5087 3149 5140 visus
3208 5095 3296 5140 est
3362 5085 3579 5141 fecisse.

1999 5159 2242 5240 Tandem
2263 5159 2616 5239 Aristobulus
2645 5198 2750 5236 una
2787 5199 2911 5238 cum
2959 5180 3149 5236 liberis
3187 5181 3438 5249 captivus
3485 5181 3588 5234 du-

1998 5280 2164 5334 citur.
2202 5277 2333 5332 lnde
2368 5279 2490 5350 fuga
2513 5288 2758 5349 ereptus,
2785 5279 2853 5334 ad
2897 5293 3008 5332 rem
3043 5254 3355 5334 Judaeorum
3386 5274 3583 5328 iterum

2000 5386 2060 5427 se
2089 5371 2387 5436 convertit,
2425 5373 2736 5442 iterumque
2783 5371 3044 5426 obsessus
3092 5386 3124 5424 a
3149 5366 3412 5422 Romanis
3458 5380 3584 5421 cum

1595 5507 1834 5564 νΑΙῖΙίΕ
1873 5505 2261 5564 LECTIONES
2303 5549 2317 5563 .

375 5592 422 5628 ⁸⁸
448 5591 735 5686 τοσούτους
751 5597 821 5684 Α,
846 5597 1115 5686 τοσρύτων
1135 5617 1201 5686 Ξ.
1281 5601 1324 5631 ⁶⁹
1368 5599 1628 5686 Ἦρώδουν
1649 5619 1709 5666 ς.
1785 5602 1834 5633 ⁷ο
1869 5602 2157 5686 μαριάμης
2173 5603 2238 5655 Λ.
2314 5601 2370 5631 ⁷¹⁶
2433 5599 2667 5683 λιποῦσα
2763 5639 2777 5661 ,
2820 5596 3082 5686 λειποῦσα
3111 5604 3192 5686 A'.‘
3220 5595 3481 5686 λεξῑτουσα
3519 5613 3583 5660 ς.

380 5661 732 5740 συμπάντων]
763 5664 856 5740 οὖν
874 5669 1103 5740 ,πάντων
1133 5661 1174 5722 Β
1195 5680 1248 5724 et
1287 5661 1450 5724 corr:
1482 5675 1546 5732 A,
1570 5661 1675 5724 οὗν⁷
1701 5661 2126 5740 συμπάντωείςξ

838 5738 882 5769 ⁷⁸
911 5743 1004 5792 καὶ
1035 5753 1162 5796 ante
1194 5740 1362 5794 αὑτοῦ
1389 5744 1514 5796 add.
1544 5744 1610 5797 Α.
1686 5744 1732 5774 ⁷⁷
1767 5737 1861 5795 καὶ
1905 5759 2062 5796 στασ.
2096 5742 2385 5809 τυγχάνων
2415 5740 2475 5802 Β,
2512 5740 2588 5794 ὢν
2630 5743 2722 5792 καὶ
2762 5756 2918 5792 στας.
2953 5737 3581 5809 ιοεειιῑιιιερ,ΔιιιίιμιιινΣ

701 5810 1044 5881 participium
1075 5827 1136 5876 ς.
1212 5810 1258 5844 ⁷⁸
1330 5813 1628 5883 ἐτύγχανεν
1679 5813 1801 5868 add.
1861 5813 1922 5867 Β.
2025 5814 2070 5847 τ’
2109 5805 2187 5868 δὲ’
2225 5805 2470 5883 τάδελφῷ
2539 5811 2643 5877 ΑΒ,
2691 5809 2771 5882 τῷ
2820 5808 3031 5881 ἀδελφῷ
3064 5825 3126 5875 ς.
3228 5807 3276 5840 ⁸⁰
3310 5805 3586 5879 μεγάλων]

292 5735 423 5789 libri
449 5735 592 5787 enim
619 5749 731 5788 om.

292 5807 358 5864 1.
395 5804 470 5858 5:
511 5818 624 5858 om.

293 5873 431 5931 libri
464 5872 696 5946 μεγάλη.

2229 5673 2276 5706 ’⁸⁸
2323 5671 2461 5725 μετὰ
2493 5673 2557 5732 Α,
2597 5671 2737 5723 κατὰ
2766 5687 2824 5734 ς.
2859 5670 2904 5700 ⁷⁵
2933 5669 2978 5720 δ’
3016 5683 3127 5721 om.
3155 5667 3214 5720 Β.
3289 5667 3336 5698 ⁷⁵
3361 5663 3404 5718 o'
3436 5681 3582 5733 mg.:
