3954 6418
498 395 636 462 1183
1668 400 1933 461 ΡΠΟΤΙΙ
1972 397 2484 462 ΡΑΤΒΙΛΒΟΙΙιΕ
2521 398 2632 457 CP.
3605 389 3710 455 1184

498 518 610 571 lilio
653 514 757 569 Ant
785 529 926 585 gono
964 513 1074 587 (hic
1107 516 1252 571 enim
1318 531 1441 571 cum
1468 523 1626 585 patre
1667 533 1774 570 una
1826 516 2059 587 captivu:

2150 559 2155 576 ι
2187 529 2304 580 ςας.
2332 514 2499 577 Τέλος
2530 514 2577 567 δ’
2613 514 2659 546 ⁸⁸
2709 508 3118 583 Ἀριστόϐουλος
3151 506 3255 578 μὲν
3285 505 3364 567 είς
3396 502 3598 576 Ῥώμην
3622 509 3711 577 ἆμα

496 611 622 677 fuit)
651 611 885 673 capitur,
929 610 1270 679 Romamque
1321 612 1578 675 mittitur,
1611 620 1665 664 et
1699 611 1901 680 ligatus
1927 624 2057 664 comi

2187 605 2377 659 παισὶν
2399 604 2744 675 αἰχμάλωτος
2784 601 3002 669 ἄγεται,
3033 597 3243 652 ἐκεῖθεν
3271 597 3327 649 δὲ
3371 594 3550 665 φυγὼν
3586 599 3714 655 πάλιν

496 706 800 772 prehensus
833 712 938 766 est,
971 719 1093 758 cum
1129 702 1367 772 regalem
1400 714 1459 757 et
1501 702 1868 773 pontilicalem
1907 702 2053 770 digni

2186 700 2269 763 είς
2322 697 2392 751 τὰ
2436 699 2564 768 περὶ
2612 696 2713 768 τὴν
2770 693 3033 748 Ἰουδαίαν
3067 691 3452 761 παραγίνεται,
3484 690 3629 743 πάλιν
3670 709 3714 746 τε

500 807 663 850 latent
701 812 875 849 annos
900 806 1011 850 tres
1034 808 1089 850 et
1128 812 1223 850 sex
1261 812 1476 851 menses
1530 797 1809 866 gessisset,
1857 795 2061 849 illustri:

2187 787 2573 859 πολιορκηθεὶς
2624 787 2730 840 ὑπὸ
2770 784 3059 855 Ῥωμαίων
3107 782 3225 851 ἅμα
3268 779 3346 851 τῷ
3396 780 3540 833 παιδὶ
3576 781 3716 834 Ἀντι·

496 898 549 937 ει
582 888 961 954 magnanimus
1014 888 1065 941 iu
1101 903 1271 957 regno
1323 888 1519 941 factus.
1560 886 1811 957 llyrcano
1861 887 2057 955 quidcn

2184 881 2329 951 γόνῳ
2366 872 2545 951 (οὗτος
2578 879 2688 949 γὰρ
2727 876 2918 948 ἔτυχεν
2961 878 3026 930 ὲκ
3062 872 3282 944 Ῥώμης
3317 871 3395 942 τῷ
3428 872 3586 942 πατρὶ
3613 889 3719 943 συμ-

496 978 843 1044 pontiﬁcatns
898 979 1134 1033 tributus
1177 990 1283 1043 est,
1339 981 1578 1033 nomium
1632 992 1761 1032 vero
1794 990 2028 1044 regnum

2188 970 2398 1042 φυγὼν)
2427 970 2734 1035 ἁλίσκεται,
2765 969 2859 1021 καὶ
2884 969 2963 1028 είς
2997 963 3216 1035 Ῥώμην
3239 963 3627 1031 ἀναπέμπεται,
3649 964 3719 1017 καὶ

495 1070 589 1122 sed
626 1070 855 1138 populus
884 1070 1126 1140 propriis
1156 1071 1365 1141 legibus
1415 1073 1656 1132 vivebat,
1715 1070 1899 1139 populi
1939 1085 2056 1139 pne

2185 1066 2365 1128 δεθεὶς
2395 1064 2700 1134 κατείχετο,
2728 1060 3055 1131 βασιλεύσας
3082 1058 3180 1130 μὲν
3213 1057 3307 1110 καὶ
3338 1055 3722 1127 ἀρχιερατεύσας

496 1160 672 1215 fectus
707 1177 801 1229 pro
825 1177 952 1232 rege
976 1166 1102 1217 data
1126 1163 1227 1217 sibi
1256 1172 1527 1232 potestate
1560 1166 1737 1219 dictus
1776 1173 1880 1220 est.
1919 1165 2057 1220 Antii

2187 1157 2281 1229 ἐτη
2318 1157 2370 1226 γ’
2410 1157 2590 1229 μῆνας
2619 1162 2696 1222 ς’,
2731 1153 2985 1225 λαμπρὸς
3006 1151 3064 1205 δὲ
3089 1150 3184 1206 καὶ
3213 1148 3577 1220 μεγαλόψυχος
3602 1150 3652 1201 ἓν
3671 1152 3722 1218 τῇ

494 1261 652 1320 pater
703 1264 906 1318 autem,
968 1254 1346 1321 pontificatum
1407 1266 1635 1326 gerente
1689 1257 1962 1328 Hyrcano,
2013 1271 2055 1311 at

2186 1251 2330 1320 ἀρχῇ
2360 1246 2624 1317 γεγονώς.
2667 1243 2922 1314 ’Υρκανῷ
2973 1242 3020 1295 δ’
3053 1244 3086 1311 ἡ
3134 1240 3241 1328 μὲν.
3269 1235 3631 1328 ἀρχιερωσύνη
3661 1237 3722 1290 δί-

494 1359 747 1413 magnam
777 1347 1078 1414 potentiam
1103 1360 1454 1415 pervenerat.
1493 1349 1628 1403 Nam
1662 1326 1784 1404 cum
1816 1350 2049 1405 Romani

2185 1340 2359 1405 δοται,
2390 1339 2574 1393 οὐκέτι
2615 1337 2661 1391 δ’
2692 1337 2727 1408 ὴ
2759 1334 3008 1406 βασιλεία
3030 1350 3043 1363 ·
3073 1331 3186 1386 ἀλλ’
3212 1326 3281 1401 ἦν
3308 1330 3369 1382 τὸ
3412 1327 3560 1391 ἔθνος
3595 1329 3721 1380 αύτο-

493 1437 724 1491 ducibus
781 1449 971 1491 contra
1029 1438 1362 1495 rebellantes
1408 1441 1724 1496 auxiliando
1779 1441 2054 1511 pugnabat

2184 1433 2542 1504 νομούμενον,
2577 1430 2848 1502 ἐθνάρχης
2868 1424 2931 1482 ’δ’
2970 1428 3121 1498 ὅμως
3143 1426 3187 1457 ³³
3214 1422 3334 1478 ἀντὶ
3369 1421 3618 1494 βασιλέως
3648 1422 3722 1492 τῆς

494 1542 829 1598 regnumque
863 1528 1177 1585 Iudaeorum
1241 1541 1467 1602 propter
1508 1532 1677 1587 robur
1748 1533 1971 1599 injuste,
2026 1547 2055 1587 e

2183 1525 2477 1596 δεδομένης
2525 1523 2678 1593 αὐτῷ
2727 1521 2976 1587 ἐξουσίας
3021 1514 3168 1590 εἶχεν
3202 1517 3392 1587 ὄνομα.
3426 1515 3722 1585 Ἀντιπάτρῳ

494 1620 828 1675 concedente
863 1621 1115 1693 Hyrcano
1150 1624 1379 1695 adeptus
1410 1637 1516 1682 est.
1552 1625 1730 1681 Julius
1753 1641 1883 1680 vero
1899 1623 2051 1681 Caesa

2184 1619 2231 1673 δ’
2269 1616 2541 1689 Ὑρκανοῦ
2581 1613 3065 1687 ἀρχιερατιύοντος
3113 1612 3207 1665 ἐπὶ
3258 1609 3508 1662 πλεῖστον
3549 1607 3612 1660 τὰ
3650 1607 3724 1674 τῆς

493 1712 865 1768 Aristobulum
937 1730 1167 1772 carcere
1222 1717 1441 1772 solvens
1493 1719 1548 1772 in
1606 1718 1826 1789 Syriam
1886 1726 2054 1772 contr.

2183 1712 2506 1774 δυναστείας
2535 1708 2763 1781 ηὔξετο·
2805 1706 3094 1777 Ῥωμαίων
3146 1720 3206 1758 τε
3268 1705 3378 1773 γὰρ
3426 1703 3536 1765 τοῖς
3567 1717 3724 1772 στρατ-

493 1803 857 1873 Pompeianos
912 1807 1134 1862 mittere
1183 1808 1449 1864 decrevit.
1508 1811 1617 1866 Sed
1664 1810 1815 1864 illum
1870 1823 2054 1879 praeve

2186 1808 2346 1878 ηγοῖς
2372 1806 2517 1859 κατά
2564 1803 2674 1856 τῶν
2715 1801 3127 1870 ἀνθισταμένων
3187 1797 3513 1865 συνεμάχει,
3565 1795 3645 1848 καὶ
3679 1796 3725 1848 τὰ

494 1898 707 1950 nientes
739 1896 1055 1967 Pompeiani
1105 1914 1319 1954 veneno
1362 1910 1742 1971 corrumpunt.
1774 1899 1841 1955 Et
1884 1901 2055 1969 Scipic

2208 1898 2476 1952 Ἰουδαίων
2497 1895 2588 1950 διὰ
2622 1894 2827 1966 χειρὸς,
2854 1895 2922 1963 τῇ
2961 1888 3368 1961 ἀπραγμοσύνῃ
3417 1887 3511 1940 καὶ⁵
3532 1886 3603 1957 τῷ
3631 1902 3727 1954 συγ-

493 1988 742 2043 mittente
773 1988 1037 2059 Pompeio
1091 1990 1184 2044 illo
1230 1991 1530 2047 Aristobuli
1578 2008 1807 2061 puerum
1867 1991 2054 2062 315.

2194 1987 2538 2059 κεχωρηκότι
2576 1984 2871 2057 Ὑρκανοῦ,
2906 1984 3069 2047 αὐτὸς
3111 1979 3226 2053 εἶχε
3265 1980 3582 2050 πράγματα.
3621 1979 3728 2049 Ἀρι-

492 2080 858 2135 Alexandrum
915 2095 1234 2153 accusante,
1293 2100 1416 2154 quae
1469 2086 1626 2156 prius
1688 2085 1745 2141 in
1793 2084 2053 2140 Romano:

2196 2080 2487 2135 πόῦουλον
2515 2078 2575 2132 δὲ
2604 2078 2825 2140 Ἰούλιος
2848 2078 2877 2131 ὁ
2919 2077 3161 2147 Καῖσαρ,
3196 2072 3365 2136 λύσας
3398 2071 3507 2125 τῶν
3535 2072 3725 2139 δεσμῶν,

493 2184 832 2241 peccaverat,
856 2177 1032 2229 securi
1062 2180 1352 2245 percussit.

2177 2174 2259 2237 είς
2294 2172 2506 2243 Συρίαν
2541 2171 2687 2225 κατά
2734 2169 2845 2225 τῶν
2895 2167 3187 2238 Πομπηΐου
3237 2167 3486 2234 πέμπειν
3523 2164 3727 2232 ἐγνώκει¹

504 2263 646 2317 Ἀλλ’
676 2266 840 2319 αὑτὸν
875 2266 1185 2335 φθάσαντες
1224 2272 1275 2324 oi
1307 2270 1377 2323 τά
1409 2270 1702 2341 Πομπηΐου
1750 2268 2077 2340 φρονοῦντες
2110 2265 2393 2339 φαρμάκῳ
2444 2263 2752 2334 φθείρουσι.
2820 2262 2932 2316 Καὶ
3005 2259 3247 2313 Σκιπίων
3294 2258 3340 2311 δ’
3380 2256 3732 2317 ἐπιστείλαντος

489 2361 644 2433 αὐτῷ
680 2364 969 2434 Πομπηΐου
1012 2367 1105 2419 τὸν
1157 2366 1572 2436 Ἀριστοϐούλου
1619 2367 1787 2421 παῖδα
1826 2365 2198 2435 Ἀλέξανδρον,
2219 2359 2611 2423 ἐπικαλοῦντος
2678 2358 2716 2414 ἀ
2785 2356 3051 2429 πρότερον
3107 2356 3189 2421 είς
3229 2353 3537 2424 Ῥωμαίους
3590 2350 3730 2422 ἁμάρ-

486 2470 596 2517 τοι,
630 2456 851 2511 πελέκει
874 2458 1225 2530 διεχρήσατο.

564 2552 888 2608 Declaratur
935 2569 1066 2609 vero
1096 2570 1125 2609 a
1176 2554 1318 2623 Julio
1361 2557 1579 2613 Caesare
1632 2556 1921 2626 Antipater
1964 2564 2088 2626 post

2268 2544 2681 2602 Ἀποδείκνυται
2718 2541 2776 2595 δὲ
2827 2539 2932 2593 ὑπὸ
2987 2537 3208 2593 Ἰουλίου
3261 2535 3543 2605 Καίσαρος
3601 2536 3729 2587 Ἀντί-

491 2643 777 2698 victoriam
810 2655 1000 2699 contra
1034 2645 1354 2715 Pompeium
1384 2648 1675 2718 praefectus
1712 2645 1909 2702 Judaeze
1940 2665 1956 2701 :
1992 2661 2052 2716 qi:

2198 2658 2409 2712 πατρος
2438 2638 2577 2710 μετά
2605 2636 2704 2708 τὴν
2731 2637 2872 2690 κατά
2913 2631 3200 2703 Πομπηΐου
3232 2630 3395 2699 νίκην
3429 2629 3522 2682 καὶ
3559 2628 3728 2697 ἐπίτρο-

491 2737 545 2791 in
577 2735 817 2792 Judaaam
851 2738 1075 2793 veniens
1117 2738 1384 2795 Phasaelo
1443 2740 1552 2794 ﬁlio
1582 2739 2048 2809 Hierosolymorut

2187 2753 2291 2798 πος
2333 2733 2611 2794 Ἰουδαίας.
2654 2731 2750 2792 Ὃς
2788 2728 2883 2781 ἐπὶ
2923 2725 3129 2793 ταύτην
3158 2722 3207 2755 ⁸³
3253 2718 3633 2794 παραγεγονὼς
3657 2720 3728 2771 0a-

491 2830 910 2899 vicinorutuqne
934 2831 1220 2899 imperium
1245 2832 1416 2887 dedit.
1435 2834 1569 2887 Post
1588 2849 1649 2887 se
1669 2848 1797 2887 vero
1820 2831 2052 2886 Herodel

2191 2829 2378 2900 σαήλῳ
2408 2826 2511 2897 μὲν
2542 2822 2619 2895 τῷ
2659 2821 2816 2877 παιδὶ
2860 2814 3307 2889 Ἱεροσολυμιτῶν
3346 2814 3449 2869 καὶ
3478 2812 3582 2866 τῶν
3613 2810 3727 2881 πέριξ

490 2917 784 2972 admodum
807 2919 1084 2989 juvenem,
1112 2920 1321 2975 decimo
1342 2921 1531 2989 quinto
1560 2921 1738 2975 aetatis
1769 2936 1912 2975 anno
1936 2920 2051 2976 Gali

2191 2924 2288 2994 τὴν
2315 2918 2653 2991 στρατηγίδα
2682 2915 2857 2987 ἀρχὴν
2895 2914 2942 2946 ⁸⁸
2969 2912 3175 2978 δίδωσι,
3218 2909 3309 2963 τὸν
3354 2906 3416 2961 δὲ
3467 2904 3580 2975 μετ’
3610 2904 3727 2994 αὐτὸν

492 3009 606 3063 laete
632 3014 930 3080 principem
978 3012 1236 3076 declarat,
1288 3013 1423 3067 nihil
1454 3010 1793 3080 ajuventute
1842 3012 2053 3082 prohibi

2202 2992 2452 3085 Ἡρώδην
2479 3011 2601 3065 νέον
2624 3009 2753 3062 ὄντα
2790 3005 2988 3077 κομιδῇ
3036 2999 3455 3075 (πεντεκαίδεκα
3492 2998 3591 3065 γὰρ
3622 2992 3729 3059 αὐτῷ

492 3113 552 3157 tu
578 3123 605 3153 ιι
624 3119 878 3169 magnum
901 3103 1030 3171 quid
1048 3112 1103 3158 et
1129 3103 1282 3159 virile
1302 3112 1581 3173 praestare.
1615 3103 1848 3173 Haecque
1880 3102 2053 3158 facien

2192 3107 2300 3161 ἀπὸ
2331 3103 2599 3174 γενέσεως
2623 3100 2717 3172 ἐτη
2758 3095 2849 3171 ἦν)
2882 3097 2982 3167 τῆς
3008 3093 3298 3156 Γαλιλαίας
3337 3088 3619 3160 ἀποφαίνει
3646 3085 3728 3139 ἐπί-

489 3193 801 3263 Antipater,
839 3205 895 3250 et
930 3196 1283 3252 nihilominus
1306 3212 1337 3250 a
1377 3196 1573 3267 populo
1606 3196 1807 3262 cultus,
1841 3212 2003 3267 quam
2040 3212 2050 3251 ί

2190 3214 2417 3269 τροπον,
2454 3194 2610 3248 οὐδὲν
2642 3192 2748 3247 ὑπὸ
2779 3192 2879 3260 τῆς
2915 3190 3169 3257 νεότητος
3197 3184 3293 3239 τοῦ
3327 3183 3405 3255 μὴ
3438 3182 3556 3252 οὐχὶ
3582 3180 3633 3232 τὸ
3650 3180 3728 3232 δει-

490 3301 588 3339 rex
619 3299 783 3341 esset.
808 3287 951 3342 Nihil
990 3298 1166 3343 tamen
1194 3304 1422 3359 prorsus
1445 3306 1472 3343 a
1497 3288 1600 3344 ﬁde
1630 3299 1686 3344 et
1714 3288 2051 3345 benevolenti

2193 3291 2285 3344 νον
2333 3287 2485 3358 αὐτῷ
2535 3285 2629 3340 καὶ
2679 3285 2927 3353 γενναῖον
2967 3279 3204 3350 ἐκφῆναι
3257 3275 3614 3343 κωλυόμενον.
3652 3269 3728 3323 Καὶ

485 3391 620 3445 erga
648 3374 959 3448 Hyrcanum
988 3379 1300 3448 pontilicem
1346 3380 1646 3433 maximum
1682 3379 1951 3433 alienatus
1978 3392 2038 3433 es

2191 3383 2369 3438 ταῦτα
2402 3381 2662 3454 πράττων
2703 3377 3085 3447 Ἀντίπατρος,
3131 3372 3228 3427 καὶ
3262 3368 3634 3440 θαμαζὸμενος
3665 3364 3728 3416 οὐ·

489 3467 638 3521 Finit
657 3462 941 3538 Antipater
990 3469 1331 3539 splendidam
1353 3479 1409 3525 et
1428 3469 1635 3525 claram
1657 3470 1883 3524 omnino
1898 3471 2050 3524 vitan

2191 3475 2283 3529 δὲν
2305 3470 2470 3547 ἦττον
2500 3472 2608 3526 ὑπὸ
2641 3469 2735 3524 τοῦ
2771 3469 2958 3532 ἔθνους
2998 3466 3030 3537 ἢ
3071 3464 3214 3519 κατά
3256 3461 3486 3533 βασιλέα
3525 3461 3587 3525 ⁸³,
3620 3459 3727 3529 ὅμως

488 3557 706 3612 occulte
733 3573 963 3623 veneno,
993 3558 1205 3613 Malcho
1235 3560 1558 3629 pincernam
1585 3557 1811 3626 pecunia
1843 3572 2044 3611 corrnn

2190 3566 2291 3637 τῆς
2318 3566 2457 3638 πρὸς
2487 3562 2764 3636 Ὑρκανὸν
2789 3561 2883 3615 τὸν
2905 3557 3171 3629 ἀρχιερέα
3191 3553 3405 3618 εὐνοίας
3430 3554 3525 3608 καὶ
3546 3551 3726 3610 πίστεως

491 3660 675 3719 pente,
708 3662 1003 3706 utveneno
1032 3662 1217 3723 pomm
1258 3651 1529 3706 inliceret.
1565 3650 1818 3705 Malchus
1847 3650 1937 3704 hic
1970 3649 2052 3720 qui

2189 3658 2343 3711 οὐδὲν
2373 3656 2510 3719 ὅλως
2552 3654 2874 3725 ἡλλοίωσεν.
2925 3649 3262 3717 Ἀναιρεῖται
3291 3644 3350 3698 δὲ
3403 3643 3726 3710 ’Δντίπατρος,

490 3743 614 3797 dam
639 3740 855 3797 Judaeus
890 3754 1035 3808 erat,
1066 3744 1459 3800 nectendorum
1500 3742 1747 3799 dolorum
1775 3743 2003 3813 peritus,
2032 3758 2051 3799 ε

2190 3749 2387 3820 εὔρουν
2414 3750 2509 3803 καὶ
2536 3747 2790 3819 λαμπρὸν
2818 3744 2909 3798 διὰ
2947 3741 3149 3803 παντὸς
3189 3737 3510 3804 ἀναφαίνων
3547 3738 3590 3769 ⁸⁵
3633 3734 3724 3804 βίον,

489 3834 617 3888 data
658 3835 988 3904 suspicione,
1028 3838 1344 3906 iuramento
1395 3835 1764 3906 suspicionem
1819 3835 1977 3900 lenit,
2032 3850 2050 3891 ε

2184 3840 2245 3907 ἐξ
2273 3840 2568 3912 ἐπιϐουλῆς
2602 3838 2902 3911 φαρμάκῳ,
2927 3834 3059 3909 [515
3096 3833 3193 3907 H.]
3230 3830 3478 3904 Μαλίχου
3520 3831 3604 3884 τὸν
3625 3829 3722 3896 ρίνφ

492 3927 712 3981 lictione
738 3927 1019 3981 amicitiae.
1056 3927 1161 3983 Sed
1200 3927 1336 3983 nihil
1367 3929 1569 3992 minus,
1602 3936 1663 3981 ut
1684 3925 1996 3993 videbatur,
2030 3927 2045 3981 i

2185 3935 2308 4006 χόον
2331 3935 2582 4006 χρήμασι
2612 3932 2909 3994 πείσαντος
2940 3929 3135 3994 στάξαι
3165 3929 3243 4001 τῷ
3282 3928 3495 3999 πόματι
3524 3922 3613 3977 τοῦ
3630 3933 3727 3988 φαρ-

490 4017 759 4073 Herodem
780 4018 884 4073 hoc
910 4020 1129 4086 ingenio
1154 4020 1557 4076 machinantem
1581 4018 1789 4083 facere,
1810 4029 1904 4073 aut
1919 4018 2047 4074 etiat

2195 4026 2396 4098 μάκου.
2457 4025 2703 4097 Μαλίχος
2728 4025 2774 4078 δ’
2807 4014 2965 4086 οὗτος
3006 4021 3257 4084 Ἰουδαῖος
3291 4021 3392 4090 μὲν
3418 4014 3507 4091 ἦν,
3535 4013 3678 4073 δεινὸς
3691 4009 3728 4061 δὲ

489 4111 956 4166 vehementiorem
1006 4111 1276 4175 incidens.
1324 4126 1544 4182 pmnam
1583 4114 1947 4183 postulantem
1994 4127 2050 4183 pa

2185 4119 2336 4174 δόλον
2373 4118 2545 4192 ῥάψαι
2576 4118 2669 4173 καὶ
2721 4116 2970 4186 δοθείσης
3010 4114 3268 4177 ὑπονοίας
3301 4114 3490 4184 ὅρκοις
3516 4109 3607 4179 τὴν
3636 4104 3730 4158 ὑπό-

490 4211 664 4256 ternae
694 4205 881 4271 caedis,
911 4206 1237 4275 pugionibus
1268 4206 1560 4262 confossus
1586 4206 1937 4262 interﬁcitur.

2190 4228 2340 4267 νοιαν
2366 4210 2709 4283 θεραπεῦσαι
2738 4209 2835 4264 καὶ
2860 4207 3153 4277 ὑποκρίσει
3192 4205 3399 4276 φιλίας.
3453 4203 3584 4257 Ἀλλ’
3621 4195 3730 4253 οὐδὲν

487 4294 675 4373 ἦττον,
703 4296 780 4360 ὡς
803 4297 1001 4362 ἔοικεν,
1034 4296 1252 4370 Ἡρώδῃ
1278 4298 1507 4352 τοιαῦτα
1537 4300 1889 4371 μηχανᾶσθαι
1915 4299 2082 4370 φύσιν
2114 4300 2394 4377 λαχόντιῆ
2431 4305 2527 4358 καὶ
2549 4304 2837 4373 δεινοτέρῳ
2879 4302 3214 4371 περιτυχὼν,
3291 4299 3427 4371 [972
3464 4295 3555 4367 IL]
3620 4290 3732 4356 δίκην

488 4392 938 4475 εἱσπραττομένῳ
964 4390 1058 4445 τοῦ
1088 4394 1345 4465 πατρῴου
1370 4393 1556 4462 φόνου,
1588 4393 1835 4463 ξιφιδίοις
1876 4399 2382 4469 κατακεντούμενος
2416 4398 2697 4453 κτίννυται
2736 4394 2805 4449 ⁸⁷.

558 4474 865 4553 Antigonus
906 4499 1035 4539 vero
1086 4485 1228 4539 lilius
1268 4485 1590 4551 Aristobuli,
1630 4486 1800 4541 Fabio
1832 4486 2081 4556 pecuniis

2277 4490 2584 4561 Ἀντίγονος
2627 4486 2674 4545 δ’
2718 4490 2748 4543 ό
2782 4489 3194 4561 Ἀριστοϐούλου
3228 4488 3382 4550 παῖς,
3412 4482 3604 4540 Φαϐίου
3637 4474 3731 4545 χρή·

486 4584 769 4643 corrupto,
794 4583 848 4627 et
872 4572 1165 4628 Ptolomaao
1197 4575 1470 4645 Hymenaei
1501 4576 1633 4641 ﬁlio,
1659 4586 1878 4643 propter
1895 4576 2047 4630 matri

2197 4601 2329 4654 μασι
2356 4582 2809 4655 θεραπευθέντος,
2839 4584 2936 4636 καὶ
2972 4580 3313 4650 Πτολεμαίου
3346 4578 3443 4633 τοῦ
3470 4573 3681 4632 Μεναίου
3700 4566 3729 4597 ⁸³

489 4664 728 4718 monium
769 4668 954 4735 (soror
988 4667 1134 4721 enim
1165 4667 1283 4737 ejus
1311 4678 1572 4738 nupserat
1597 4668 1694 4738 illi)
1720 4678 1775 4722 et
1802 4668 1925 4723 aliis
1953 4683 2050 4722 non

2192 4675 2283 4728 διὰ
2310 4674 2372 4727 τὸ
2400 4675 2648 4745 κήδευμα
2683 4673 2909 4745 (ἀδελφὴ
2935 4675 3046 4745 γὰρ
3084 4671 3250 4727 αὐτοῦ
3294 4668 3620 4740 ἐγεγάμητο)
3643 4659 3731 4714 σνλ⁴

489 4757 684 4821 nullis,
716 4773 1006 4830 aggressus
1059 4769 1145 4814 est
1170 4761 1508 4817 descendere
1564 4762 1614 4815 in
1654 4760 1920 4815 .ludaaam.
1972 4759 2050 4815 Se

2192 4766 2609 4837 λαμϐανομένου
2660 4766 2753 4818 καὶ
2807 4764 3013 4835 ἑτέρων
3050 4764 3232 4825 τινῶν,
3262 4760 3584 4831 ἐπεχείρησε
3630 4766 3729 4806 κατ·

489 4848 732 4903 llerodes
756 4867 932 4922 pugna
964 4868 1292 4924 congressus
1322 4856 1473 4921 vicit,
1502 4864 1558 4909 et
1578 4871 1610 4911 e
1628 4853 1814 4909 Iudaea
1841 4855 2050 4924 expellit

2194 4859 2427 4929 άγεσθαι
2455 4860 2548 4911 ἐπὶ
2580 4858 2858 4912 Ἰουδαίαν,
2899 4856 3039 4909 Ἀλλ’
3075 4855 3322 4927 Ἡρώδης
3351 4853 3499 4924 μάχῃ
3529 4845 3730 4929 συμπλεῖ

488 4949 543 4995 ct
568 4943 635 4996 ab
665 4942 1079 5016 Hierosolymis,
1098 4957 1152 5001 et
1179 4948 1297 5017 ipso
1321 4948 1572 5019 Hyrcano
1597 4947 1899 5003 honoriﬁce
1924 4956 2046 5017 part

2189 4926 2307 5011 κεὶς
2337 4948 2467 5018 νικᾷ
2499 4947 2592 4999 καὶ
2625 4948 2724 5015 τῆς
2754 4944 3028 4999 Ἰουδαίων
3054 4926 3160 5013 γῆς
3191 4939 3505 5003 ἀπελαύνει,
3536 4934 3622 4989 καὶ
3654 4926 3728 4982 ὑπὸ

488 5032 740 5097 victoria,
770 5045 1054 5105 susceptus
1089 5046 1192 5092 est.
1237 5040 1506 5093 Antonius
1551 5054 1684 5093 vero
1724 5040 1833 5092 dux
1875 5038 2048 5092 Itonia

2202 5039 2595 5112 Ἱεροσολύμων
2639 5039 2684 5071 ⁸⁸
2731 5038 2827 5092 καὶ
2878 5036 3045 5090 αὑτοῦ
3083 5032 3353 5107 Ὑρκανοῦ
3382 5025 3639 5099 λαμπρῶς
3661 5020 3728 5112 ἐπὶ

491 5142 707 5192 norum,
758 5130 1000 5197 pecuniis
1031 5140 1358 5197 excaecatus,
1400 5132 1593 5185 Herodi
1627 5144 1683 5185 et
1700 5130 2050 5186 fratri‘Phae

2189 5109 2436 5199 vﬁ'vixn
2479 5126 2671 5197 ἐδέχθη
2703 5124 3124 5196 παραγεγονώς.
3170 5123 3280 5177 Καὶ
3312 5118 3587 5177 Ἀντώνιος
3624 5109 3726 5182 χρή-

491 5220 606 5273 selo
642 5216 952 5276 Judazorum
1005 5225 1330 5279 tetrarcltias
1365 5224 1534 5290 dedit,
1594 5223 1842 5295 Hyrcano
1886 5234 2052 5277 contr.

2195 5237 2383 5291 μασιν,
2420 5222 2450 5273 ὁ
2481 5218 2771 5289 Ῥωμαίων
2807 5215 3136 5287 στρατηγός,
3176 5214 3386 5285 Ἡρώδῃ
3411 5212 3503 5266 καὶ
3521 5208 3593 5277 τῷ
3610 5200 3726 5258 ἀδελ-

488 5314 607 5367 hzec
660 5331 766 5368 non
824 5316 1160 5387 indignante,
1216 5317 1471 5385 populum
1523 5332 1651 5371 vero
1703 5318 2049 5371 accnsantibu

2192 5312 2279 5383 φῴ
2296 5313 2566 5383 Φασαήλῳ
2591 5311 2693 5372 τάς
2718 5310 2829 5363 τῶν
2863 5308 3137 5363 Ἰουδαίων
3167 5303 3491 5375 τετραρχίας
3531 5298 3720 5387 δίδωπγι

496 5403 838 5472 llcrodianis,
868 5385 1001 5461 nihil
1024 5408 1259 5477 amplius
1293 5418 1414 5462 erat
1446 5423 1607 5476 quam
1651 5418 1711 5460 ut
1753 5408 2057 5477 suppliciuu

2191 5408 2343 5462 οὐδὲν
2383 5408 2522 5476 πρὸς
2556 5405 2731 5459 ταῦτα
2758 5402 3202 5474 δυσχεραίνοντος
3255 5394 3535 5469 Ὑρκανοῦ.
3570 5389 3657 5444 Τοῦ
3680 5385 3720 5437 δὲ

1817 5581 2058 5640 νΑιιιλΕ
2097 5581 2503 5638 LECTIONES.

570 5691 610 5720 '“
639 5690 837 5771 6‘Madd.
1030 5695 1078 5727 ⁸³
1097 5693 1143 5771 δ’
1168 5696 1344 5771 ὅμως]
1367 5699 1517 5771 ὅμως
1539 5699 1584 5751 δ’
1614 5705 1678 5753 Λ.
1785 5701 1830 5734 ⁸³
1852 5703 1939 5752 ἐπ’
1983 5700 2153 5771 αὐτὴν
2185 5718 2246 5765 ς.
2346 5699 2396 5771 ἕδ
2421 5699 2612 5771 ἄρχειν
2639 5715 2700 5761 ς.
2777 5697 2823 5771 δέ
2851 5691 3249 5771 κατὰ-βασιλέα
3280 5688 3343 5751 Α,

496 5772 564 5861 Ξ.
598 5830 629 5861 Ἰ
676 5762 723 5791 ⁸⁶
749 5743 1228 5861 ἀξαδαίνξιὶνΩΑινῗ
1261 5743 1656 5824 ⁸⁷”³κτ⁶είνῖυται
1686 5772 1749 5826 A.
1854 5773 1899 5805 ⁸⁸
1953 5743 2249 5841 altatis}.
2276 5810 2291 5838 ,
2348 5743 2743 5839 Ὑμῖθαίουδς.
2797 5767 2953 5838 Apud
3001 5743 3295 5833 Jrosephum
3345 5766 3427 5813 est
3473 5743 3711 5807 Μενναίου·

614 5832 1038 5897 Ιιροσολυμιτῶν
1064 5835 1328 5904 Scaliger.
