3954 6456
269 332 413 401 1185

1290 331 1815 393 BIBLIOTHECA.
1847 356 1913 366 —
1944 329 2105 391 COD.
2136 331 2555 396 CCXXXVIII.

3418 333 3554 401 3186

262 450 510 521 πλήθους
560 447 673 501 τῶν
719 444 852 518 περὶ
911 445 1158 517 ’Πρώδην
1209 445 1661 518 κατηγορούντων
1701 443 1848 497 οὐδὲν

1956 445 2226 512 subirem,
2252 444 2371 500 loco
2397 462 2569 516 preme
2589 453 2863 505 sumendae
2879 450 2951 505 ob
2977 465 3098 519 qum
3115 466 3508 508 accusaverunt
3532 473 3547 508 :

261 543 435 597 πλέον
466 539 608 611 πλὴν
631 538 727 591 τοῦ
773 538 1045 610 τιμωρίαν
1080 538 1307 607 ὑπέχειν
1350 536 1473 590 ἀντὶ
1515 534 1612 587 τοῦ
1670 533 1857 588 λαϐεῖν

258 630 345 688 ὧν
379 633 681 688 ἐπεκάλουν
733 632 944 698 ὲγίνενο
985 630 1076 684 διὰ
1124 630 1186 683 τὸ
1235 631 1514 700 χρήμασιν
1570 623 1858 680 Ἀντώνιον

254 722 594 794 διεφθάρθαι
618 724 713 775 καὶ
747 721 1013 792 Ὑρκανὸν
1036 722 1150 783 τοῖς
1165 719 1295 789 περὶ
1326 715 1571 787 Ἡρώδην
1589 713 1854 768 τίθεσθαιο

257 811 368 883 ἤδη
400 811 511 880 γὰρ
559 811 656 865 καὶ
691 810 790 881 τῆς
818 809 1091 880 θυγατρὸς
1118 806 1287 861 αὑτοῦ
1310 806 1477 859 παῖδα
1506 804 1858 875 Μαριάμμην

271 905 523 976 Ἡρώδης
544 903 869 975 ἐγγεγύητο.

334 993 674 1063 Πτολεμαίου
716 993 774 1046 δὲ
815 993 911 1047 τοῦ
943 993 1184 1049 Μεναίου
1227 995 1317 1049 τὸν
1353 996 1471 1067 βίον
1524 997 1777 1062 λιπόντος
1826 997 1856 1050 ό

254 1090 394 1150 παῖς
430 1086 699 1157 λαμϐάνει
722 1087 823 1157 τὴν
850 1088 1027 1159 ἀρχὴν
1052 1089 1346 1153 Λυσανίας.
1373 1091 1487 1144 Καὶ
1514 1090 1764 1161 Πάκορος
1797 1089 1854 1156 δέ

255 1207 289 1259 ὀ
358 1181 625 1251 βασιλέως
697 1184 829 1245 παῖς
887 1181 983 1235 καὶ
1052 1182 1502 1255 Βαζαφαρμάνης
1564 1185 1856 1255 σατράπης

262 1278 476 1346 Πάρθος
494 1276 759 1346 κατέσχον
787 1276 887 1346 τὴν
911 1277 1138 1346 Συρίαν.-
1153 1278 1432 1341 Λυσανίας
1456 1277 1514 1331 δὲ
1531 1278 1624 1332 τδν
1645 1294 1745 1331 σατ
1755 1280 1852 1347 ρά-

266 1384 374 1438 πην
430 1365 572 1437 ἔχων
612 1368 711 1419 σὺν
762 1366 913 1434 αὐτῷ
950 1371 1187 1421 ποιεῖται
1238 1368 1376 1438 πρὸς
1412 1368 1718 1437 ’Δντίγονον
1760 1368 1852 1421 τὸν

261 1454 680 1527 Ἀριστοϐούλου
727 1454 913 1523 φιλίαν
938 1471 954 1486 ⁸
1006 1457 1105 1509 καὶ
1151 1457 1458 1525 Ἀντίγονος
1505 1457 1853 1526 ὑπισχνεῖται

257 1546 503 1617 Πάρθοις
535 1545 683 1614 χίλια
703 1545 943 1600 τάλαντα
985 1546 1180 1601 δώσειν
1227 1547 1324 1600 καὶ
1357 1547 1718 1610 πεντακοσίας
1750 1565 1851 1615 γυ-

250 1642 472 1702 ναῖκας,
494 1642 542 1691 εἰ
572 1638 670 1709 τὴν
691 1638 954 1711 πατρῴαν
975 1639 1151 1710 ἀρχὴν
1179 1638 1552 1695 ἀποδώσουσιν
1576 1639 1623 1671 ³⁸
1650 1638 1853 1710 ’Υρκαο

251 1734 351 1787 νδν
403 1733 731 1803 ἀφελόμενοι
788 1737 884 1786 καὶ
923 1734 1049 1797 τοὺς
1103 1733 1236 1803 περὶ
1282 1732 1534 1803 Ἡρώδην
1584 1730 1845 1787 ἀνέλοιεν.

1959 537 2086 607 quia
2125 540 2401 595 Antonius
2432 554 2725 611 corruptus
2763 542 2939 599 fuerat
2971 559 3129 607 auro,
3173 555 3228 598 ct
3271 546 3557 615 Hyrcanus

1959 644 2083 684 cum
2118 628 2446 687 Herodianis
2484 635 2731 688 sentiret.
2763 634 2881 689 Jam
2915 636 3059 690 enim
3091 637 3213 691 lilia;
3251 638 3414 691 tiliam
3443 638 3556 692 Ma-

1960 722 2228 777 riamnem
2260 723 2502 780 Herodes
2525 726 2852 795 desponsam
2875 728 3129 782 habebat.

2028 987 2324 1046 Ptolomaeo
2355 1006 2487 1045 vero
2522 989 2822 1061 Hymenaeo
2850 991 2960 1043 vita
2990 989 3248 1044 defuncto
3280 990 3553 1059 Lysanias

1963 1081 2111 1136 ﬁlius
2162 1083 2373 1153 accepit
2415 1082 2701 1151 imperium
2730 1123 2745 1145 ,
2788 1091 2842 1135 et
2877 1081 3117 1135 Pacorus
3163 1082 3359 1152 3151:
3406 1082 3553 1151 regis

1957 1173 2104 1227 ﬁlius
2130 1181 2187 1227 et
2228 1173 2704 1244 Bazapharmanes
2752 1174 2970 1244 satrapa
3010 1173 3270 1240 Parthus,
3319 1190 3555 1243 occupa-

1956 1276 2084 1321 runt
2132 1265 2370 1338 Syriam.
2419 1266 2684 1338 Lysauias
2734 1283 2865 1321 vero
2913 1269 3122 1323 habens
3163 1284 3348 1323 secum
3382 1278 3556 1322 satra-

1957 1372 2102 1422 pam,
2151 1358 2250 1410 init
2281 1358 2581 1412 amicitiam
2627 1372 2748 1411 cum
2784 1359 3060 1427 Antigono
3096 1359 3398 1413 Aristobuli
3434 1357 3548 1412 [ilio

1954 1456 2013 1503 et
2037 1448 2345 1519 Antigonus
2384 1449 2651 1518 promittit
2683 1448 2903 1503 Parthis
2950 1450 3097 1503 mille
3130 1451 3332 1504 talenta
3362 1464 3422 1503 se
3453 1451 3551 1503 da~

1956 1548 2162 1605 turum,
2193 1551 2249 1595 et
2292 1543 2619 1611 quingentas
2660 1542 2936 1605 mulieres,
2968 1543 3011 1597 si
3044 1550 3332 1612 paternum
3375 1543 3553 1608 impc-

1954 1630 2093 1685 rium
2151 1633 2366 1697 darent,
2431 1632 2719 1688 interfecto
2782 1634 3034 1704 Hyrcano
3085 1642 3143 1688 et
3198 1632 3547 1687 Herodianis.

1953 1722 2249 1792 Propterea
2310 1723 2554 1780 Pacorus
2609 1735 2666 1780 et
2728 1725 3210 1795 Bazapharmanes
3271 1725 3553 1780 adducunt

246 1824 351 1877 Διὸ
380 1824 627 1893 Πάκορος
660 1823 758 1876 καὶ
798 1824 1246 1893 Βαζαφαρμάνης
1284 1822 1619 1890 κατάγουσιν
1664 1820 1844 1874 Ἀντί-

1954 1815 2281 1885 Antigonum
2306 1828 2362 1871 et
2387 1815 2535 1871 illato
2566 1815 2634 1870 ab
2659 1814 2981 1871 Herodianis
3006 1816 3169 1881 bello,
3202 1816 3351 1869 multi
3375 1818 3551 1869 utrin-

250 1933 437 1985 γονον,
473 1917 566 1968 καὶ
600 1915 840 1985 πολέμου
870 1915 1057 1978 αὐτοῖς
1103 1915 1209 1967 ὑπὸ
1251 1914 1361 1968 τῶν
1411 1915 1544 1983 περὶ
1594 1912 1843 1983 Ἡρώδην

253 2009 561 2071 συστάντος
590 2006 779 2059 πολλοὶ¹
806 2008 900 2075 ἀφ’
941 2006 1223 2077 ἑκατέρων
1256 2004 1579 2068 κτείνονται,
1631 2004 1843 2057 εὐδοκι-

255 2099 494 2171 μοῦντος
523 2097 760 2167 μάλιστα
789 2101 900 2160 τοῖς
922 2097 1108 2160 πόνοις
1148 2097 1416 2162 Ἡρώδου.
1441 2092 1606 2159 Τέλος
1640 2095 1845 2166 ’Υρκαο

251 2190 347 2252 νὸς
380 2190 475 2242 καὶ
499 2187 785 2260 Φασάηλος
813 2187 951 2259 δόλῳ
986 2188 1430 2259 συλλαμϐάνεται
1458 2188 1564 2240 ὑπὸ
1583 2187 1841 2258 Πάρθων*

254 2282 353 2337 καὶ¹
393 2283 422 2336 ό
477 2281 578 2352 μὲν
616 2280 902 2350 Φασάηλος
959 2280 1070 2333 τῶν
1119 2279 1331 2350 ἐχθρῶν
1375 2278 1697 2351 προφθάσας
1744 2276 1844 2348 τὴν

257 2374 500 2445 σφαγὴν,
532 2374 717 2444 πέτρᾳ
746 2372 847 2443 τὴν
887 2370 1131 2443 κεφαλὴν
1161 2370 1511 2443 προσαράξας
1543 2371 1711 2438 ἔξεισι
1747 2371 1844 2425 τοῦ

256 2463 396 2534 βίου,
434 2463 700 2534 Ὑρκανὸς
732 2463 791 2515 δὲ
812 2463 1031 2534 δέσμιος
1052 2461 1250 2532 είχετο.
1274 2463 1386 2515 Καὶ
1411 2465 1461 2516 οἱ
1502 2464 1709 2534 Πάρθοι
1730 2463 1846 2525 λοι-

253 2557 358 2611 πὸν
378 2558 449 2611 τὰ
490 2555 841 2627 Ἰεροσόλυμα
863 2554 1142 2619 λαϐόντες,
1178 2556 1333 2624 μόλις
1364 2555 1561 2620 αὐτοὺς
1603 2554 1844 2627 Ἡρώδου

253 2647 524 2718 δεινότητι
552 2645 781 2718 γνώμης
814 2648 908 2699 καὶ
934 2647 1091 2716 τάχει
1121 2646 1216 2700 τοῦ
1247 2646 1567 2717 προμηθοῦς
1605 2649 1700 2701 καὶ
1729 2663 1844 2717 χει-

260 2742 375 2812 ρῶν
402 2741 571 2811 ἀρετῇ
603 2741 700 2793 σὺν
741 2742 806 2810 τῇ
840 2742 1005 2811 γενεᾷ
1028 2741 1406 2810 διαφυγόντος,
1436 2739 1508 2793 τά
1528 2740 1640 2793 τῶν
1675 2739 1844 2811 Ἱερο-

257 2832 570 2904 σολυμιτῶν
612 2832 914 2903 διήρπαζον
947 2834 1209 2904 χρήματα
1240 2833 1381 2901 πλὴν
1420 2833 1530 2885 τῶν
1574 2832 1845 2904 Ὑρκανοῦ

168 2952 191 2965 ο
254 2926 336 2996 (π’
388 2925 435 2977 δ’
463 2920 532 2995 ἦν
577 2925 839 2995 τάλαντα)
885 2926 953 2987 ⁸⁸,
1001 2925 1097 2978 καὶ
1124 2925 1298 2988 οὕτως
1332 2925 1412 2988 είς
1441 2923 1542 2994 τὴν
1585 2922 1848 2996 πατρῴαν

250 3021 435 3093 ἀρχὴν
472 3022 783 3091 ’Δντίγονον
824 3020 1245 3090 ἐγκαθιστῶσιν.
1293 3020 1604 3089 Ἀντίγονος
1631 3019 1676 3073 δ’
1716 3019 1848 3091 Ὑρ-

250 3111 427 3167 κανοῦ
462 3111 560 3166 τοῦ
592 3111 740 3166 θείου
772 3111 915 3182 ὑπὲρ
956 3111 1052 3165 τοῦ
1083 3112 1158 3182 μὴ
1200 3111 1364 3165 πάλιν
1408 3108 1704 3164 ἀναλαϐεῖν
1744 3108 1847 3177 τὴν

1946 1921 2056 1975 que
2088 1906 2393 1971 caeduntur,
2438 1909 2669 1964 multum
2705 1907 2916 1964 Herode
2941 1909 3220 1965 laboribus
3246 1909 3545 1963 celebrato.

1946 1996 2188 2052 Tandem
2235 1999 2479 2055 Herodes
2536 2012 2593 2054 et
2659 1999 2956 2056 Phasaelus
3013 2002 3136 2056 dolo
3178 2001 3467 2069 capiuntur
3515 2015 3548 2054 a

1944 2087 2184 2155 Parthis,
2232 2096 2287 2144 et
2320 2089 2618 2146 Phasaelus
2658 2092 2861 2147 caedem
2906 2094 3141 2147 hostium
3190 2101 3546 2160 praeverteris,

1946 2181 2089 2237 illiso
2134 2183 2203 2238 ad
2241 2191 2449 2254 petram
2482 2186 2662 2254 capite
2699 2186 2871 2238 linivit
2913 2185 3118 2239 vitam:
3145 2186 3390 2254 captivus
3420 2199 3547 2237 vero

1947 2277 2242 2331 tenebatur
2266 2276 2570 2346 Hyrcanus.
2602 2279 2664 2332 Et
2692 2280 2926 2350 denique
2952 2279 3136 2334 Parthi
3173 2278 3544 2349 Hierosolyma

1946 2381 2301 2441 occupantes,
2335 2374 2429 2427 vix
2469 2374 2595 2428 illos
2639 2373 2874 2440 Herode,
2914 2374 3083 2429 animi
3130 2373 3445 2445 praestantia
3490 2381 3549 2427 et

1946 2464 2227 2520 celeritate
2264 2466 2503 2535 consilii,
2537 2482 2903 2537 manuumque
2949 2470 3142 2522 robore
3185 2481 3311 2520 cum
3340 2466 3546 2520 familia

1948 2554 2206 2627 fugiente,
2254 2560 2520 2629 pecunias
2556 2559 3170 2629 Hierosolymitanorum
3222 2567 3543 2629 rapuerunt,

1949 2662 2144 2719 praeter
2172 2667 2265 2708 eas
2292 2667 2412 2722 quae
2440 2664 2596 2709 erant
2622 2654 2892 2725 Hyrcani;
2924 2656 3197 2724 OCIOginta
3229 2669 3362 2709 vero
3389 2662 3549 2709 erant

1951 2742 2173 2810 talenta,
2196 2754 2253 2800 et
2274 2747 2355 2800 sic
2378 2747 2433 2800 in
2455 2747 2689 2816 patriqu
2717 2763 2945 2817 regnum
2973 2748 3306 2816 Antigonum
3340 2746 3549 2801 consti-

1951 2846 2192 2891 tuerunt.
2219 2840 2521 2910 Antigonus
2546 2855 2675 2897 vero
2701 2841 2984 2911 Hyrcano;
3015 2857 3087 2896 ne
3107 2841 3340 2910 amplius
3362 2856 3549 2896 sacer-

1950 2928 2157 2984 dotium
2181 2942 2393 3000 gereret
2414 2932 2562 3003 (nam
2586 2935 2679 3002 qui
2706 2933 2887 3003 aliqua
2912 2944 3068 3003 parte
3095 2934 3346 3003 corporis
3373 2932 3549 2987 mutili

1949 3030 2099 3085 sunt,
2130 3038 2237 3076 non
2289 3034 2417 3078 sunt
2463 3027 2572 3094 apti
2626 3025 2698 3079 ad
2744 3026 3051 3081 sacerdotia
3101 3029 3242 3095 apud
3287 3025 3554 3095 Juda-os).

1952 3126 2114 3167 aures
2138 3114 2353 3178 incidit,
2384 3125 2439 3171 et
2467 3116 2686 3173 Parthis
2714 3132 2899 3172 secum
2924 3126 2984 3171 ut
3007 3119 3210 3173 ducant
3236 3119 3548 3173 committit.

254 3205 560 3277 ἱερωσύνην
591 3205 674 3275 (τὺ
703 3205 813 3276 γάρ
843 3205 1208 3275 σεσινωμένον
1241 3204 1383 3258 κατά
1404 3221 1460 3256 τι
1488 3201 1583 3255 τοῦ
1609 3200 1863 3272 σώματος
1906 3202 2074 3274 μέρος
2106 3206 2405 3279 ἀπείρηται
2445 3209 2718 3274 Ἰουδαίοις
2759 3212 3033 3282 ἱερᾶσθαι)
3100 3211 3422 3281 περιτέμνει
3486 3208 3556 3262 τά

254 3296 395 3364 ὦτα,
427 3301 525 3355 καὶ
558 3301 798 3369 Πάρθοις
820 3300 976 3367 ἄγειν
1006 3299 1103 3365 σὺν
1126 3299 1313 3361 αὐτοῖς
1339 3296 1577 3350 δίδωσιν.

343 3394 591 3467 Ἡρώδης
647 3394 691 3448 δ’
726 3394 980 3465 οὐδαμῶς
1012 3394 1232 3464 ὴρέμει,
1291 3392 1431 3447 ἀλλὰ
1482 3390 1704 3462 πρῶτον
1748 3390 1848 3462 μὲν

2028 3387 2274 3445 Herodes
2300 3406 2645 3463 nequaquam
2667 3392 3014 3463 quiescebat;
3044 3397 3139 3450 sed
3170 3412 3407 3466 primum
3436 3370 3556 3466 qui-

248 3485 338 3548 είς
367 3485 609 3556 Μάλιχον
640 3484 736 3539 τὸν
771 3483 1021 3552 Ἀράϐων
1049 3482 1217 3554 ἀπῄει
1245 3480 1495 3552 βασιλέα,
1523 3482 1844 3552 ἐπιχωρίαν

245 3575 401 3631 κατὰ
431 3575 695 3647 πατρῴαν
722 3574 904 3645 φιλίαν
948 3573 1171 3636 ἐλπίδας
1200 3573 1340 3643 ἔχων
1381 3573 1592 3643 εὑρεῖνο
1639 3573 1846 3624 ἀποτυ-

244 3663 370 3737 χὼν
405 3663 533 3737 [516
590 3662 685 3736 Π.]
735 3665 793 3717 δὲ
842 3662 936 3715 ἐπὶ
987 3663 1314 3732 Βρεντήσιον
1363 3662 1501 3732 πρὸς
1558 3660 1843 3713 Ἀντώνιον

242 3758 348 3811 τὸν
386 3760 432 3789 ³³
469 3758 760 3827 Ῥωμαίων
803 3754 1131 3826 στρατηγὸν,
1188 3752 1442 3809 κάκεῖθεν
1488 3754 1569 3816 είς
1623 3751 1846 3822 Ῥώμην

250 3850 360 3903 σὺν
387 3848 533 3918 αὐτῷ
555 3850 839 3916 ἀνάγεται,
861 3845 1349 3916 ἁπολοφυράμενος
1369 3845 1438 3897 τὰ
1459 3843 1845 3914 συνενεχθέντα

248 3944 355 3997 καὶ
372 3942 463 3996 τὸν
493 3940 759 4010 τάδελφοῦ
802 3941 1053 3994 θάνατον.
1101 3940 1369 3993 Ἐποιείτο
1406 3937 1463 3990 δὲ
1497 3936 1726 4006 γνώμην
1766 3935 1844 4006 τῷ

248 4035 363 4103 τῆς
395 4037 645 4107 γαμετῆς
676 4035 912 4107 ἀδελφῷ,
960 4035 1230 4107 Ὑρκανοῦ
1269 4034 1328 4087 δὲ
1365 4033 1633 4103 θυγατρὸς
1667 4031 1842 4101 παιδὶ,

243 4126 313 4180 εἴ
337 4145 453 4191 πως
480 4128 719 4190 δύναιτο,
748 4129 848 4200 τὴν
867 4128 1147 4199 βασιλείαν
1172 4126 1630 4197 καταπράξασθαι
1650 4141 1665 4155 ·
1694 4123 1844 4194 αὐτῷ

242 4219 369 4290 γὰρ
415 4219 740 4275 ἀνέλπιστον
792 4218 862 4290 ἦν
914 4220 1234 4274 παντάπασι
1284 4218 1490 4287 ταύτην
1533 4217 1845 4289 περιελθεῖν

246 4310 547 4382 ἀλλοφύλῳ
577 4311 714 4364 δντι.
739 4311 883 4364 Ἀλλ’
912 4309 1198 4375 ’Δντώνιος
1226 4312 1322 4364 καὶ
1349 4308 1679 4378 Αὔγουστος,
1709 4311 1846 4379 σύμ-

243 4403 446 4474 ψηφον
495 4402 755 4467 λαϐόντες
785 4403 884 4473 τὴν
919 4402 1139 4473 βουλὴν,
1183 4404 1278 4455 καὶ
1306 4401 1536 4472 βασιλέα
1576 4401 1845 4455 Ἰουδαίων

242 4496 646 4565 ἀποφαίνουσι,
690 4496 963 4550 καὶκατὰ
1016 4497 1326 4565 Ἀντιγόνου
1376 4494 1641 4557 πολλάκις
1695 4494 1847 4565 αύτῷ

248 4591 721 4661 συμμαχήσαντες
749 4590 890 4661 μετὰ
922 4590 1124 4652 πολλὰς
1171 4589 1387 4659 σφαγὰς
1434 4589 1527 4643 καὶ
1575 4587 1848 4658 πολέμους

265 4684 576 4753 ’Δντίγονον
609 4682 707 4754 μὲν
754 4682 1103 4754 αίχμάλωτον
1133 4683 1351 4751 ἄγουσι,
1383 4682 1611 4735 Σοσσίου
1646 4698 1847 4751 στρατ-

1957 3479 2077 3533 dem
2122 3483 2189 3534 ad
2246 3481 2533 3537 Malichum
2589 3484 2830 3539 Arabum
2896 3500 3075 3555 regem
3137 3488 3322 3551 vadit,
3380 3490 3554 3543 auxi-

1952 3570 2257 3639 liumjuxta
2289 3584 2574 3643 paternam
2617 3576 2911 3631 amicitiam
2945 3578 3295 3633 inventurum
3338 3595 3398 3634 se
3432 3597 3556 3651 spe-

1959 3676 2091 3716 rans
2145 3680 2161 3716 :
2221 3663 2517 3722 frustratus
2576 3683 2707 3722 vero
2751 3668 3101 3724 Brundisium
3142 3674 3209 3727 ad
3255 3673 3559 3728 Antonium

1952 3756 2143 3810 ducem
2173 3755 2501 3826 Romanum,
2536 3761 2660 3816 inde
2685 3776 2808 3816 cum
2839 3761 2930 3817 illo
2978 3762 3206 3817 Romam
3250 3768 3560 3820 contenditr

1955 3851 2240 3920 deplorans
2287 3867 2349 3907 ea
2382 3868 2501 3921 quae
2549 3855 2899 3921 accidissent,
2948 3857 3244 3926 fratrisque
3295 3869 3557 3914 mortem.

1954 3942 2302 4012 ﬂagitaverat
2343 3959 2474 3999 vero
2508 3943 2661 3999 fratri
2688 3949 2908 4013 uxoris,
2960 3948 3071 4003 {ilio
3128 3949 3251 4003 tiliae
3288 3948 3551 4021 Hyrcani,

1953 4035 1998 4090 si
2029 4050 2138 4104 quo
2164 4036 2324 4091 modo
2349 4045 2554 4107 posset,
2579 4054 2805 4109 regnum
2832 4042 3076 4106 tradere;
3101 4042 3375 4098 dillidebat
3402 4045 3556 4098 enim

1952 4126 2204 4180 omnibus
2225 4127 2403 4181 modis
2428 4128 2532 4182 sibi
2556 4138 2784 4184 externo
2811 4131 2864 4185 id
2893 4147 3051 4200 posse
3074 4136 3412 4205 contingere.
3444 4134 3559 4192 Sed

1952 4216 2229 4285 Augustus
2281 4226 2337 4273 et
2397 4221 2669 4276 Antonius
2716 4224 2909 4278 eodem
2956 4226 3034 4279 usi
3097 4227 3329 4282 consilio
3366 4243 3548 4297 regen

1951 4307 2261 4367 Iudaeorum
2303 4323 2513 4377 creant,
2560 4324 2617 4369 et
2649 4327 2841 4369 contra
2886 4318 3214 4387 Antigonum
3254 4334 3398 4390 saepe
3419 4336 3549 4377 cum

1955 4403 2046 4457 illo
2073 4417 2379 4476 pugnantes
2411 4415 2532 4476 post
2572 4408 2769 4463 umltas
2805 4409 2988 4465 clades
3021 4419 3077 4464 et
3118 4411 3281 4475 bella,
3313 4415 3547 4480 Antigo-

1956 4500 2371 4568 numcaptivum
2418 4502 2644 4568 ducunt,
2684 4501 2861 4566 Sosio,
2893 4503 3139 4558 Romano
3180 4507 3335 4570 duce,
3384 4508 3551 4563 linem

1957 4589 2084 4643 buic
2115 4589 2260 4645 bello
2294 4592 2625 4662 imponente.
2664 4593 2819 4648 Illum
2852 4609 2980 4649 vero
3021 4598 3197 4667 magis
3232 4599 3285 4652 in
3320 4601 3554 4668 imperio

1957 4680 2305 4737 conﬁrmant.
2344 4684 2615 4740 Antonius
2642 4685 2750 4740 dux
2785 4688 3062 4755 accipiens
3096 4692 3369 4759 captivum
3394 4695 3547 4747 Anti-

250 4776 432 4846 ⁸τηγοῦ
465 4778 754 4848 Ῥωμαίων
780 4777 935 4841 τέλος
956 4776 1117 4829 τοῦτο
1155 4779 1270 4839 τοῖς
1290 4775 1549 4846 πολέμοις
1588 4776 1848 4846 ἐπιθεμέ-

1964 4788 2185 4841 gonum,
2221 4776 2458 4830 vinetum
2487 4779 2761 4846 triumpho
2790 4794 3012 4834 servare
3036 4755 3297 4838 decrevit.
3346 4784 3553 4858 διεδ

249 4885 376 4931 νου,
406 4870 552 4941 αύτῷ
576 4870 635 4924 δὲ
657 4870 726 4924 τὰ
745 4873 843 4942 τῆς
877 4869 1055 4940 ἀρχῆς
1099 4870 1191 4922 ἐπὶ
1219 4868 1421 4938 μᾶλλον
1461 4869 1846 4940 κρατύνουσιν.

265 4960 558 5024 Ἀντώνιος
601 4961 658 5014 δὲ
701 4963 733 5014 ό
782 4959 1091 5031 στρατηγὸς
1152 4959 1331 5014 λαϐὼν
1374 4960 1724 5031 αἰχμάλωτον
1762 4960 1857 5014 τὸν

263 5052 581 5122 Ἀντίγονον
610 5052 740 5126 [975
774 5053 877 5127 IL]
906 5054 1130 5124 δέσμιον
1160 5053 1302 5121 ἔγνω
1332 5054 1494 5125 μέχρι
1528 5054 1624 5106 τοῦ
1651 5053 1855 5124 θριάμο

246 5145 360 5199 6ου
403 5146 696 5216 φυλάττειν
724 5163 739 5178 ο
779 5147 970 5219 μαθὼν
996 5147 1055 5200 δὲ
1082 5148 1426 5218 νεωτερίζειν
1464 5149 1527 5201 τὸ
1579 5147 1857 5201 Ἰουδαίων

249 5239 415 5301 ἔθνος
444 5243 511 5295 ὲκ
534 5240 628 5294 τοῦ
660 5241 800 5312 πρὸς
834 5241 895 5294 Ἦ
907 5240 1082 5313 ρώδην
1110 5242 1325 5311 μίσους,
1355 5243 1549 5295 τοῦτον
1568 5244 1627 5295 ὲν
1648 5243 1855 5295 Ἀντιοο

246 5331 385 5403 χείᾳ
418 5333 767 5388 ἐπελέκισεν.
807 5334 1074 5404 Ὑρκανὸς
1112 5333 1157 5387 δ’
1207 5334 1333 5387 ἐπεὶ
1392 5333 1642 5406 Ἡρώδην
1692 5334 1850 5406 βασι-

248 5424 442 5479 λεύειν
464 5427 721 5497 ἡκουσεν,
750 5427 942 5499 ἐδεήθη
968 5427 1221 5499 Φραάτου
1271 5427 1555 5498 βασιλέως,
1596 5430 1688 5483 καὶ
1725 5446 1852 5482 συν-

249 5518 550 5588 δεηθέντος
596 5520 836 5588 Ἡρώδου
864 5520 1087 5588 ἀφίεται
1126 5522 1208 5583 είς
1230 5520 1329 5589 τὴν
1353 5521 1609 5593 πατρίδα,
1636 5520 1851 5575 πολλῶν

252 5611 494 5676 εΑπίσας
527 5614 665 5685 παρτ
705 5611 923 5685 Ἡρώδῃ
949 5615 1154 5685 τυχεῖν.
1195 5611 1442 5685 Ἡρώδης
1488 5613 1547 5667 δὲ
1598 5615 1852 5685 σχήματα

1950 4865 2177 4935 Cognito
2198 4875 2378 4923 autem
2412 4867 2725 4924 Iuda-orum
2761 4872 3013 4940 populum
3042 4874 3169 4928 odio
3196 4877 3247 4929 in
3273 4877 3551 4933 Herodem

1951 4970 2090 5009 nova
2127 4957 2328 5021 moliri,
2359 4958 2693 5029 Antigonum
2721 4962 3025 5019 Antiochia:
3051 4966 3233 5019 ses-uri
3260 4972 3548 5036 percussit.

1953 5048 2236 5121 Hyrcanus
2247 5062 2450 5116 autem,
2466 5069 2588 5107 enim
2608 5052 2876 5109 Herodem
2894 5071 3124 5125 regnare
3141 5061 3423 5123 intellexit,
3444 5062 3517 5115 im
3531 5091 3555 5103 ο

1954 5150 2190 5219 ploravit
2228 5149 2520 5205 Pbraatem
2562 5166 2743 5222 regem
2778 5169 2792 5207 :
2822 5161 2878 5208 et
2903 5154 3064 5208 simul
3098 5155 3404 5224 postulante
3439 5155 3548 5209 lle-

1960 5243 2094 5297 rode
2150 5243 2205 5296 in
2255 5243 2487 5313 patriam
2545 5243 2801 5309 mittitur,
2858 5245 3024 5300 multa
3074 5261 3134 5301 se
3195 5260 3423 5314 sperans
3479 5249 3555 5301 ab

1960 5333 2175 5389 Herode
2197 5340 2640 5389 consecuturum.
2671 5334 2912 5391 Herodes
2947 5351 3077 5391 vero
3108 5338 3343 5404 speciem
3379 5340 3548 5391 bene—

1959 5427 2214 5483 volentiae
2233 5436 2289 5482 et
2311 5427 2470 5495 primi
2500 5426 2724 5483 honoris
2753 5429 2804 5482 in
2831 5445 2954 5485 eum
2989 5445 3236 5499 nmguam
3264 5432 3501 5486 ostendit
3532 5448 3556 5485 :

1960 5519 2155 5575 deinde
2175 5532 2310 5572 vero
2343 5517 2396 5574 ei
2428 5520 2832 5589 corruptionem
2874 5519 3221 5589 largitionum
3256 5520 3552 5590 ohjiciens,

1963 5623 2019 5667 et
2078 5609 2440 5681 proditionem
2482 5610 2625 5681 apud
2683 5613 2912 5680 Arabes,
2954 5612 3229 5668 hominem
3274 5612 3559 5670 interfecit

1576 5726 1813 5782 vanus
1837 5725 2256 5805 _LEC'I‘|0NES.

337 5822 386 5855 ”
419 5817 822 5893 ἀποδώσουσινι
843 5822 991 5898 αύτῴ
1024 5821 1288 5895 δώσουσιν
1317 5822 1383 5876 Δ.
1459 5822 1501 5855 ⁸⁸
1541 5821 1680 5893 πλὴν
1710 5850 1779 5861 ——
1807 5819 2048 5874 τάλαντα
2083 5835 2197 5877 οιη.
2236 5821 2302 5875 A.

2406 5819 2453 5851 ”
2474 5818 2591 5887 τὸν]
2636 5817 2745 5873 τῶν
2780 5819 2841 5872 Δ.
