3954 6428
435 324 575 390 li87
1569 312 1835 376 PHOTII
1868 310 2040 373 PATE

2154 310 2375 371 RCHIE
2408 310 2515 371 ΕΡ.
3580 301 3716 367 1188

433 451 637 490 annum
668 430 1062 500 octogesimum
1092 429 1329 500 primum
1357 435 1633 497 agentem,
1669 438 1791 477 cunt
1824 434 2020 488 magna

2154 421 2228 473 ιὲν
2261 421 2477 482 εὐνοίας
2509 417 2607 473 καὶ
2636 418 2805 487 τιμῆς
2841 414 2945 486 τῆς
2991 415 3379 486 πρωτευούσης
3426 414 3608 468 πολλά
3637 417 3717 477 είς

437 538 494 584 et
541 524 803 582 ineffabili
852 523 1145 579 clementia
1192 531 1249 576 et
1301 519 1681 575 incuriositate
1720 515 1772 569 ι.
1806 512 1949 580 Quin
1983 517 2040 565 et

2154 512 2300 566 ιύτὺν
2356 510 2591 575 ἐδείκνυ,
2641 510 2702 562 ὲν
2747 508 2962 580 ὑστέρῳ
3003 507 3071 577 δὴ,
3103 506 3362 579 διαϐολάς
3403 505 3719 574 ἐπενεγκὼν

429 619 805 676 Aristobulum
854 615 1089 687 Hyrcani
1126 614 1319 680 lilium,
1354 611 1669 666 Mariamna:
1705 605 1894 662 uxoris
1930 606 2040 658 fra-

2154 602 2462 673 ἰωροδοκίας
2500 602 2597 655 καὶ
2625 600 2728 670 τῆς
2758 599 2894 669 πρὸς
2920 597 3167 669 ’Ἄραϐας
3197 598 3489 670 προδοσίας
3511 598 3721 651 ἀνεῖλεν

433 724 596 776 trem,
626 712 905 766 adnitente
931 708 1243 763 Alexandra
1275 720 1569 776 puerorum
1605 707 1802 764 matre,
1830 707 1887 753 et
1922 697 2040 751 Ma-

2154 694 2307 764 ίνδρα
2336 691 2478 763 ὑπὲρ
2505 691 2574 744 τὰ
2610 689 2666 743 π’
2694 689 2791 760 ἕτη
2818 687 3053 759 ἐνιαυτῷ
3087 689 3168 742 ἑνὶ
3200 690 3339 759 μετὰ
3376 687 3583 756 πολλῆς
3631 688 3724 739 καὶ

432 806 668 869 riamna,
698 817 969 859 summum
1002 801 1312 871 pontificem
1340 797 1556 852 decimo
1594 794 1828 863 septimo
1860 790 2040 844 aetatis

2154 787 2349 855 icpd‘cou
2376 786 2474 855 τῆς
2493 782 2799 847 ἐπιεικείας
2819 782 2917 836 καὶ
2943 781 3375 852 ἀπραγμοσύνης
3396 780 3722 851 βεϐιωκότα.

433 913 580 951 anno
600 907 771 951 creat.
796 894 860 948 Et
884 892 1084 950 deinde
1109 894 1161 946 in
1185 889 1403 946 Jericho
1424 892 1480 944 in
1503 888 1716 958 piscina
1736 884 1847 937 illic
1869 881 2034 937 suffo-

2154 879 2255 932 Kai.
2290 877 2701 950 Ἀριστόϐουλον
2719 876 2778 929 δὲ
2808 876 2901 929 τὸν
2935 877 3130 929 υἱωνὸν
3158 877 3205 908 ⁸⁸
3234 876 3332 945 μὲν
3368 874 3415 907 ’⁸
3453 871 3724 945 Ὑρκανοῦ

434 992 548 1045 cari
573 990 761 1059 jussit.
802 988 909 1044 Sed
945 988 1186 1044 Herodes
1224 986 1442 1054 quidem
1492 982 1638 1047 talis,
1683 977 1862 1050 qualis
1912 989 2033 1031 esse

2154 973 2489 1044 Μαριάμμης
2509 972 2557 1003 ⁸⁸
2584 970 2644 1023 δὲ
2669 970 2770 1041 τῆς
2790 971 3041 1039 γαμετῆς
3072 968 3321 1037 ἀδελφὺν,
3352 967 3725 1037 ὲνοχλησάσης

429 1085 541 1155 jam
572 1086 778 1139 dictum
805 1094 910 1137 est.

2154 1062 2510 1132 Ἀλεξάνδρας
2563 1060 2667 1127 τῆς
2720 1058 2832 1113 τῶν
2882 1058 3089 1113 παίδων
3147 1057 3355 1129 μητρὸς
3408 1059 3504 1110 καὶ
3557 1056 3730 1122 αὐτῆς

433 1151 805 1250 Μαριάμμης,
829 1175 1092 1247 ἀρχιερέα
1117 1174 1217 1245 μὲν
1238 1172 1561 1241 καθίστησιν
1583 1168 1650 1234 ιζ’
1672 1168 1791 1231 έτος
1810 1165 2034 1234 ἄγοντα,
2072 1160 2169 1215 καὶ
2195 1158 2315 1232 μετ’
2350 1158 2533 1226 ὀλίγον
2567 1159 2627 1211 ὲν
2670 1155 2985 1250 Ἱεριχοῦντι
3020 1156 3068 1188 ⁸⁸
3099 1157 3221 1217 ταῖς
3280 1156 3460 1208 ἐκεῖσε
3522 1151 3733 1222 κολυμ-

436 1244 690 1344 ϐήθραις
710 1244 1143 1338 ἐναποπνιγῆναι
1176 1265 1581 1336 κατεπράξατο.
1638 1260 1778 1315 Ἀλλ’
1833 1257 2081 1329 Ἡρώδης
2107 1253 2207 1326 μὲν
2226 1250 2491 1315 τοιοῦτος,
2528 1250 2625 1344 καὶ
2644 1244 2757 1313 οἷος
2782 1249 2924 1344 εῖναι
2945 1248 3295 1344 προείρηται.

508 1340 748 1418 Lioriens
776 1361 1018 1415 Herodes
1061 1360 1388 1415 Archelaum
1434 1357 1604 1411 lilium
1652 1354 1871 1409 Caesare
1905 1365 2029 1420 per-

2201 1346 2326 1399 Ὅτι
2353 1343 2620 1398 τελευτῶν
2669 1340 2915 1413 Ἡρώδης
2944 1340 3239 1412 Ἀρχέλαον
3269 1340 3361 1393 τὸν
3409 1340 3523 1392 υίὸν
3554 1340 3730 1393 διατί-

436 1456 688 1509 mittente
733 1468 1108 1509 successorem
1157 1451 1308 1522 regni
1347 1448 1650 1504 constituit.
1677 1446 1869 1500 Cresar
1901 1454 2032 1495 vero

2154 1444 2310 1505 ιεται,
2361 1438 2641 1510 Καίσαρος
2675 1434 2945 1499 διδοῦντος
2978 1436 3022 1469 ’⁷
3043 1433 3146 1504 τῆς
3178 1433 3447 1503 βασιλείας
3471 1433 3726 1501 γενέσθαι

435 1546 715 1615 Augustus
764 1543 1001 1597 dimidiae
1049 1541 1202 1611 regni
1247 1540 1416 1609 partis
1461 1536 1792 1592 Archelaum
1842 1546 2035 1588 creans

2154 1533 2397 1603 ἰιάδοχον.
2428 1534 2649 1603 Καῖσαρ
2682 1529 2741 1584 δὲ
2780 1529 2831 1600 (ὁ
2858 1526 3169 1597 Αὔγουστος
3218 1527 3261 1581 δ’
3291 1522 3381 1599 ἦν)
3431 1527 3534 1595 τῆς
3592 1529 3729 1596 ἡμι-

436 1638 742 1702 dominum,
780 1645 837 1690 et
867 1635 1011 1702 regis
1035 1633 1195 1687 titulo
1222 1642 1543 1687 ornatttrum
1573 1644 1634 1685 se
1654 1628 1818 1691 dixit,
1849 1625 1894 1681 si
1926 1624 2036 1678 cle-

2139 1625 2293 1689 σείας
2329 1626 2622 1697 ’Δρχέλαον
2664 1624 2953 1692 ἀποφήνας
2987 1621 3201 1692 κύριον,
3232 1621 3325 1674 καὶ
3371 1618 3621 1689 βασιλεία
3651 1637 3728 1672 τιο

434 1740 651 1786 menter
677 1737 733 1785 et
759 1729 904 1800 juste
936 1742 1160 1798 regnum
1193 1724 1633 1779 administratum
1664 1718 2033 1791 cognovisset.

2154 1721 2343 1788 μήσειν
2394 1713 2574 1779 εἶπεν,
2621 1717 2671 1769 εί
2710 1714 2973 1778 ἐπιεικῶς
3026 1714 3123 1773 καὶ
3157 1714 3384 1777 δικαίως
3412 1712 3512 1783 τὴν
3551 1713 3728 1783 ἀρχὴν

434 1823 675 1884 Alteram
703 1836 837 1876 vero
853 1826 1067 1890 partem
1097 1817 1365 1883 dividens,
1396 1816 1704 1885 Philippum
1728 1823 1784 1867 et
1811 1810 2038 1878 Antipa-

436 1927 581 1971 trum
617 1914 950 1980 tetrarchas,
979 1912 1217 1968 Herodis
1246 1921 1301 1967 et
1346 1912 1493 1980 ipsos
1541 1909 1684 1963 ﬁlios
1728 1904 2036 1961 constituit.

437 2008 546 2063 Sed
569 2007 871 2062 Archelaus
910 2020 1035 2060 cum
1074 2005 1341 2059 violenter
1384 2017 1538 2057 more
1565 2013 1794 2068 paterno
1822 1994 2038 2050 Judteos

438 2110 673 2169 regeret,
729 2100 934 2155 Caesari
966 2098 1308 2168 supplicante
1354 2095 1573 2166 populo,
1610 2090 1901 2164 tyrannide
1928 2102 2039 2157 op-

436 2206 651 2261 presso,
685 2190 900 2245 decimo
938 2204 1079 2243 anno
1114 2204 1282 2259 regno
1307 2186 1531 2249 excidit,
1564 2194 1619 2240 et
1644 2186 2040 2239 condemnatur

439 2299 498 2336 ut
540 2284 813 2339 habitaret
846 2283 1112 2338 Viennam
1145 2281 1332 2336 Gallia:
1357 2282 1567 2345 urbem,
1600 2288 1656 2333 et
1692 2277 1817 2333 inde
1846 2272 2039 2331 recidit

435 2374 626 2430 Judaza
663 2390 697 2430 e
723 2389 891 2444 regno
923 2374 974 2427 in
1006 2370 1443 2443 praefecturaml.

533 2553 775 2609 Herodes
801 2553 1074 2609 tetrarcha
1105 2552 1339 2607 Galilaeae
1358 2560 1413 2605 et
1431 2549 1651 2615 Peraeae,
1684 2546 1829 2603 ﬁlius
1855 2544 2036 2615 magni

442 2645 695 2714 Herodis,
747 2648 972 2711 amavit,
1025 2655 1086 2699 ut
1129 2644 1325 2699 scribit
1375 2640 1673 2710 Iosephus,
1724 2637 1911 2693 fratris
1955 2637 2040 2692 sui

441 2739 673 2796 Herodis
727 2754 952 2793 uxorem
996 2736 1381 2798 Herodiadem,
1430 2749 1553 2804 qua:
1590 2741 1644 2787 et
1682 2732 1797 2802 ipsa
1844 2743 2041 2799 magno

444 2831 662 2887 Herode
691 2833 946 2891 oriund.
986 2839 1110 2884 nata
1138 2845 1171 2885 e
1207 2830 1321 2884 tilio
1349 2825 1685 2891 Aristobulo,
1712 2838 1877 2895 quem
1921 2823 2041 2893 ipse

446 2923 746 2979 interfecit.
782 2922 913 2977 Erat
948 2924 1074 2978 huic
1108 2921 1280 2976 frater
1301 2921 1536 2991 Agrippa
1571 2937 1586 2974 :
1620 2920 1764 2972 hanc
1797 2915 2041 2971 Herodes

442 3030 476 3069 a
529 3017 651 3069 viro
699 3015 1051 3086 disjungens,
1108 3029 1334 3070 uxorem
1386 3014 1541 3068 duxit
1562 3024 1625 3067 ω.
1662 3010 1762 3066 Hic
1820 3020 1905 3065 est
1946 3009 2037 3079 qui

2147 1808 2310 1879 μάθοι
2348 1808 2657 1878 χειρίζοντα
2679 1823 2694 1837 ’
2729 1808 2830 1877 τὴν
2862 1807 2907 1861 δ’
2949 1806 3116 1874 ἀλλην
3167 1809 3361 1876 μοῖραν
3416 1803 3609 1858 διελὼν
3639 1821 3729 1856 τε-

2143 1902 2389 1971 τράρχας
2409 1900 2675 1953 Φίλιππον
2704 1900 2800 1955 καὶ
2815 1899 3192 1969 Ἀντίπατρον,
3220 1899 3315 1951 καὶ
3338 1897 3728 1968 αύτοὺςἩρὼ-

2142 1994 2234 2047 δου
2270 1995 2465 2057 παῖδας
2496 1992 2679 2059 ὄντας,
2716 1991 3059 2062 καθίστησιν.
3101 1991 3244 2044 Ἀλλ’
3276 1990 3568 2061 Ἀρχέλαος
3608 1990 3729 2043 ἐπεὶ

2143 2081 2313 2152 ὠμῶς
2363 2081 2460 2134 καὶ
2507 2080 2651 2134 κατὰ
2701 2080 2793 2133 τὸν
2828 2079 3045 2150 πατέρα
3095 2078 3364 2133 Ἰουδαίων
3394 2074 3554 2148 ἦρχε,
3595 2078 3731 2129 καί-

2149 2191 2318 2247 σαρος
2371 2173 2674 2243 δεηθέντων
2714 2173 2824 2226 τῶν
2871 2171 3323 2243 τυραννουμένων
3365 2169 3577 2239 δεκάτῳ
3624 2169 3731 2222 ἔτει

2142 2267 2245 2337 τῆς
2277 2265 2555 2337 βασιλείας
2591 2265 2944 2328 ἑκπέπτωκε,
2974 2264 3070 2317 καὶ
3101 2264 3325 2317 Βίενναν
3363 2263 3409 2294 οε
3436 2262 3611 2315 οἰκεῖν
3635 2262 3731 2331 τῆς

2143 2360 2377 2421 Γαλλίας
2397 2356 2480 2393 ⁸⁸*
2509 2356 2931 2422 καταδικάζεται
2957 2398 2972 2421 ,
3007 2355 3102 2410 καὶ
3125 2355 3457 2424 μεταπίπτει
3482 2351 3733 2407 ἐντεῦθεν

2144 2453 2179 2523 ἡ
2207 2449 2445 2504 Ἰουδαία
2474 2451 2539 2503 ὲκ
2567 2448 2847 2519 βασιλείας
2869 2450 2949 2511 είς
2968 2448 3258 2518 ἐπαρχίαν.

2218 2544 2347 2597 Ὅτι
2378 2541 2627 2614 Ἡρώδης
2649 2543 2678 2595 ὁ
2698 2542 3007 2613 τετράρχης
3036 2541 3323 2606 Γαλιλαίας
3348 2542 3445 2596 καὶ
3468 2540 3729 2614 Περαίας,

2146 2638 2279 2699 παῖς
2348 2634 2591 2706 Ἡρώδου
2621 2634 2716 2687 τοῦ
2752 2635 3015 2703 μεγάλου,
3055 2633 3293 2704 ἠράσθη,
3340 2634 3416 2697 ὡς
3470 2633 3734 2703 Ἰώσηπός

2146 2744 2334 2797 φησιν,
2361 2725 2594 2796 ἀδελφοῦ
2634 2724 2879 2795 Ἡρώδου
2912 2728 3148 2794 γυναῖκα
3173 2726 3347 2795 ὄνομα
3378 2725 3683 2795 Ἡρωδιάδα
3709 2739 3727 2755 ⁸

2145 2820 2410 2889 ἀπόγονος
2438 2819 2485 2871 δ’
2513 2814 2583 2890 ἦν
2608 2817 2751 2887 αὕτη
2775 2817 2871 2872 τοῦ
2908 2819 3147 2889 μεγάλου
3185 2818 3449 2891 Ἡρώδου,
3484 2818 3730 2890 Ἀριστο-

2146 2912 2322 2984 ϐούλῳ
2354 2914 2433 2983 τῷ
2464 2913 2636 2981 παιᾶ,
2668 2912 2730 2965 ὃν
2759 2913 2966 2975 ἐκεῖνος
3013 2912 3189 2965 ἀνεῖλε
3234 2914 3302 2979 ’⁸,
3344 2911 3684 2982 γεγενημένη
3711 2926 3731 2943 ο

2142 3003 2212 3078 ἦν
2239 3006 2285 3059 δ’
2312 3006 2448 3077 αὐτῇ
2482 3007 2578 3061 καὶ
2621 3007 2651 3059 ὁ
2688 3006 2918 3074 ἀδελφὸς
2945 3006 3279 3075 Ἀγρίππας.
3316 3004 3441 3077 [517
3476 3003 3571 3077 Η.]
3602 3004 3737 3059 Ταύ-

446 3123 703 3176 magnum
754 3106 1019 3163 Joannem
1065 3108 1464 3163 Praecursorem
1512 3105 1809 3170 interfecit,
1861 3113 1923 3159 ut
1970 3105 2040 3156 ait

2154 3113 2248 3167 την
2292 3095 2540 3167 Ἡρώδης
2582 3096 2809 3169 τάνδρὸς
2854 3096 3152 3165 διαστήσας
3201 3096 3442 3165 ἠγάγετο
3477 3099 3733 3162 γυναῖκα.

444 3196 735 3267 Iosephus,
782 3213 851 3252 ne
905 3197 1163 3269 populum
1218 3199 1286 3251 ad
1342 3195 1666 3251 seditionem
1718 3194 2039 3249 concitaret.

2151 3178 2331 3252 Οὗτός
2351 3189 2498 3240 ἐστιν
2528 3188 2557 3239 ὁ
2594 3187 2685 3239 τὸν
2714 3187 2885 3257 μέγαν
2909 3186 3112 3240 ἀνελὼν
3144 3187 3401 3257 Ἰωάννην
3447 3189 3539 3241 τὸν
3594 3190 3737 3259 Πρό-

445 3291 648 3347 Omnes
715 3294 860 3346 enim
940 3293 1009 3345 oh
1085 3289 1464 3345 excellentiam
1519 3287 1761 3353 virtutis,
1817 3284 2040 3340 Joannis

2154 3281 2373 3352 δρομον,
2406 3278 2596 3343 δεδιὼς
2622 3278 2923 3350 (Ἰώσηπός
2958 3296 3091 3349 φησι
3121 3282 3163 3349 ¹)
3195 3282 3270 3351 μὴ
3303 3281 3366 3331 τὸ
3394 3280 3545 3345 έθνος
3569 3281 3737 3335 αὑτοῦ

444 3395 634 3436 vocem
669 3381 1062 3451 sequebantur.
1123 3381 1240 3437 Sub
1285 3381 1377 3435 illo
1411 3379 1663 3435 Salvator
1700 3387 1785 3434 est
1819 3391 2043 3447 passus.

520 3651 757 3720 Agrippa
790 3649 950 3718 primi
979 3646 1211 3703 Herodis
1246 3662 1433 3713 nepos,
1465 3646 1763 3702 Aristobuli
1789 3647 1928 3717 ejus,
1950 3645 2043 3716 qui

448 3744 812 3813 interemptus
858 3752 944 3796 est
990 3741 1156 3806 filius,
1202 3740 1373 3795 frater
1412 3741 1580 3813 316
1623 3741 1652 3793 b
1696 3739 2043 3803 Herodiadis,

2152 3375 2474 3445 διαστήσει·
2510 3374 2714 3437 πάντες
2750 3375 2859 3443 γάρ
2888 3373 2955 3426 δι’
2988 3374 3293 3445 ὑπερϐολὴν
3324 3377 3523 3446 ἀρετῆς
3563 3378 3673 3438 τοῖς
3713 3378 3735 3408 ⁸

2164 3467 2413 3521 Ἰωάννου
2436 3464 2617 3533 λόγοις
2651 3466 2891 3519 εἵποντο.
2928 3466 3086 3519 Κατά
3112 3465 3303 3520 τοῦτον
3328 3467 3423 3520 καὶ
3462 3466 3525 3520 τὺ
3567 3469 3740 3538 σωτήρ

2155 3575 2269 3629 ριον
2294 3557 2539 3626 ἐγεγόνει
2564 3556 2756 3619 πάθος.

2224 3650 2351 3702 Ὀτι
2410 3647 2727 3719 ’Δγρίππας
2779 3648 2809 3699 ὀ
2879 3645 3117 3717 Ἡρώδου
3176 3647 3274 3717 μὲν
3324 3646 3595 3715 ἀπόγονος
3644 3646 3735 3700 τοῦ

2156 3740 2379 3813 πρώτου
2404 3782 2419 3805 ,
2483 3737 2901 3810 Ἀριστοϐούλου
2945 3738 3002 3791 δὲ
3049 3738 3145 3791 τοῦ
3184 3739 3531 3810 ἀνῃρημένου
3585 3742 3729 3804 παῖς,

448 3833 724 3890 sexcentis
753 3832 971 3887 casibus
1011 3841 1065 3886 et
1106 3831 1500 3886 mutationibus
1532 3832 1824 3893 obnoxius,
1859 3839 2040 3884 tamen

2154 3831 2381 3899 ἀδελφὸς
2425 3829 2470 3883 δ’
2515 3828 2868 3899 Ἡρωδιάδος,
2919 3827 3142 3897 μυρίαις
3185 3826 3377 3897 τύχαις
3428 3829 3521 3881 καὶ
3575 3847 3728 3898 μετα-

448 3938 482 3979 e
506 3922 755 3979 custodia
785 3931 839 3974 et
868 3920 1115 3983 vinculis,
1147 3920 1345 3989 quibus
1382 3920 1547 3977 illum
1588 3920 2040 3989 comprehensum

2154 3923 2338 3986 ϐολαῖς
2378 3922 2695 3993 περιπεσὼν
2745 3921 2896 3989 ὅμως
2935 3921 2999 3972 ὲκ
3054 3920 3302 3990 φυλακῆς
3354 3922 3448 3974 καὶ
3495 3922 3728 3992 δεσμῶν,

449 4012 703 4069 Tiberius
742 4014 985 4067 moriens
1016 4012 1335 4081 reliquerat,
1367 4011 1431 4067 C.
1479 4011 1712 4068 Caesaris
1752 4012 2040 4080 providen-

2154 4009 2233 4077 οἷς
2273 4013 2438 4086 αύτδν
2483 4011 2848 4082 κατεχόμενον
2895 4011 3146 4082 Τιϐέριος
3206 4014 3423 4083 Καῖσαρ
3472 4013 3735 4066 τελευτῶν

451 4106 549 4166 tiu,
584 4118 678 4157 rex
715 4102 1024 4156 tetrarchia:
1066 4100 1302 4171 Philippi
1360 4102 1726 4157 renuntiatur.
1773 4102 1873 4156 Hic
1923 4110 2040 4156 erat

2154 4105 2523 4171 ἀπολελοίπει,
2559 4108 2624 4158 ὲκ
2659 4103 2864 4158 τούτων
2893 4105 3230 4173 ἀπαλλαγεὶς
3269 4106 3429 4159 Γαΐου
3461 4108 3732 4177 Καῖσαρος

448 4196 652 4266 prioris
681 4192 914 4249 Herodis
963 4193 1131 4248 frater
1163 4211 1176 4247 :
1207 4195 1437 4261 adeptus
1459 4203 1545 4249 est
1581 4204 1636 4247 et
1682 4193 1930 4265 Lysaniae
1962 4202 2045 4247 te-

453 4289 777 4353 trarchiam,
804 4298 861 4342 et
890 4289 942 4342 in
984 4286 1226 4343 Judaeam
1255 4289 1510 4359 .navigat,
1560 4289 1817 4343 omnibus
1850 4289 2045 4343 obstu-

453 4381 822 4452 pescentibus,
853 4390 908 4435 et
943 4390 1049 4434 tam
1077 4382 1312 4435 subitam
1343 4383 1702 4435 mutationem
1728 4381 2045 4435 admiranti-

2154 4198 2384 4270 προνοίᾳ
2420 4200 2516 4252 καὶ
2558 4197 2814 4268 βασιλεὺς
2858 4201 3243 4269 χειροτονεῖται
3276 4201 3607 4271 τετραρχίας
3640 4202 3730 4253 Φι-

2152 4292 2356 4347 λίππου
2406 4289 2682 4360 (Ἡρώδου
2716 4291 2762 4343 δ’
2796 4285 2865 4359 ἦν
2913 4285 3069 4353 οὗτος
3093 4290 3321 4360 ἀδελφὸς
3350 4292 3444 4344 τοῦ
3472 4292 3734 4363 πρώτου),

2156 4382 2578 4455 προσλαμϐάνει
2607 4381 2665 4434 δὲ
2692 4382 2789 4436 καὶ
2812 4381 2913 4453 τὴν
2939 4383 3209 4437 Λυσανίου
3253 4387 3607 4456 τετραρχίαν,
3644 4388 3735 4439 καὶ

451 4473 576 4529 bus.
641 4472 775 4527 Cum
836 4472 1037 4542 quibus
1094 4481 1150 4527 et
1201 4471 1473 4528 Herodias
1544 4472 1793 4543 perculsa
1852 4472 2040 4528 iethaie

2155 4477 2391 4531 ἀποπλεῖ
2424 4476 2563 4546 πρὸς
2601 4476 2700 4546 τὴν
2748 4475 3031 4541 Ἰουδαίαν,
3063 4478 3283 4531 πάντων
3333 4478 3596 4549 ἐκπλήξει
3641 4479 3735 4531 καὶ

450 4566 648 4621 vulnus
703 4565 902 4635 accipit
948 4566 1150 4619 invidia
1186 4584 1200 4619 :
1238 4580 1341 4620 nec
1368 4565 1531 4621 desiit
1574 4565 1751 4619 virum
1803 4564 2046 4629 turbare,

454 4660 627 4714 donec
656 4658 886 4714 Romam
918 4659 998 4713 ire
1033 4659 1234 4730 coegit,
1270 4668 1327 4713 et
1354 4658 1410 4712 in
1443 4674 1670 4730 regnum
1706 4658 1811 4713 sibi
1849 4658 2046 4729 adjun-

2154 4571 2396 4642 θαύματι
2419 4571 2483 4624 τὸ
2515 4570 2614 4641 τῆς
2665 4570 2968 4642 μεταϐολῆς
2994 4572 3192 4644 ἀθρόον
3228 4589 3381 4626 ποιου
3391 4573 3576 4643 μένον.
3603 4574 3736 4627 Μεθ’

2153 4659 2229 4719 ὧν
2282 4664 2377 4717 καὶ
2438 4662 2709 4734 Ἡρωδιὰς
2758 4660 3189 4736 ἐκπεπληγμένη
3243 4666 3466 4735 καιρίαν
3524 4666 3737 4735 δέχεται

456 4766 584 4821 gere
606 4752 847 4805 studere.
876 4750 985 4805 Sed
1008 4751 1099 4806 ille
1125 4766 1246 4804 eam
1276 4752 1571 4805 comitatus
1591 4760 1695 4817 est,
1723 4759 2040 4820 secutusque

2154 4755 2370 4826 πληγὴν
2413 4758 2478 4809 ὲκ
2524 4756 2744 4825 φθόνου,
2795 4757 2892 4810 καὶ
2937 4758 3039 4810 οὐκ
3081 4757 3221 4812 ἀνίει
3255 4757 3602 4829 διενοχλοῦσα
3648 4761 3740 4813 τὸν

455 4846 693 4913 Agrippa
731 4854 788 4897 et
832 4851 1115 4898 assecutus
1152 4851 1241 4897 est
1279 4843 1395 4914 jam
1438 4844 1735 4899 solventes.
1767 4844 2040 4898 Accusans

2154 4849 2347 4919 ἄνδρα,
2386 4848 2492 4913 ἓως
2526 4850 2933 4921 κατειργάσατο
2960 4849 3205 4903 ἀνελθεῖν
3248 4853 3329 4914 εἰς
3383 4851 3601 4924 Ῥώμην
3648 4855 3739 4906 καὶ

459 4935 726 4989 Herodem
760 4935 901 5002 apud
930 4934 994 4990 C.
1028 4935 1329 4999 Caesarem,
1359 4937 1504 5003 quod
1534 4935 1799 4990 Romanis
1835 4949 2040 5006 sempei

2154 4939 2436 5012 βασιλείαν
2468 4941 2648 5012 ἑαυτῷ
2690 4941 2930 5013 σπουδὴν
2964 4943 3236 4997 ποιεῖσθαι
3263 4944 3735 5014 καταπράξασθαε.

461 5026 692 5083 infestus
718 5026 909 5082 fuerit.
939 5028 1162 5083 Tiberio
1191 5030 1336 5082 enim
1364 5029 1546 5083 adhuc
1572 5028 1888 5098 superstite,
1928 5044 2040 5084 cum

2172 5033 2313 5087 Ἀλλ’
2352 5037 2382 5087 ὁ
2416 5034 2513 5103 μὲν
2542 5033 2697 5105 ἀνῄει
2753 5035 2851 5087 σὺν
2879 5035 3017 5106 αὐτῇ
3075 5036 3261 5090 εἵπετο
3314 5036 3359 5089 δ’
3409 5036 3737 5107 Ἀγρίππας,

462 5116 663 5187 Sejano
708 5116 1033 5173 adversario
1082 5117 1455 5174 Romanorum
1503 5120 1801 5176 amicitiam
1837 5122 2040 5186 iniisse1

2154 5128 2251 5182 καὶ
2277 5126 2693 5197 καταλαμϐάνει
2737 5126 2867 5198 ἄρτι
2920 5128 3285 5200 κατάραντας.
3340 5131 3741 5199 Κατηγορήσας

460 5219 516 5263 et
541 5224 684 5263 nunc
729 5208 871 5280 apud
911 5211 1245 5264 Artahanem
1278 5225 1462 5281 regem
1495 5208 1824 5266 Parthorum
1860 5215 2040 5270 eadem

2157 5220 2202 5273 δ’
2245 5220 2493 5291 Ἡρώδην
2517 5220 2670 5289 παρά
2697 5222 2844 5293 Γαΐῳ
2876 5222 3118 5294 Καίσαρι
3142 5222 3219 5285 ὡς
3246 5223 3469 5286 δύσνους
3488 5223 3574 5294 εἴη
3612 5223 3745 5275 Ῥω-

462 5311 651 5356 contra
686 5302 963 5359 Romanos
985 5302 1162 5357 moliri
1186 5322 1201 5357 :
1228 5304 1434 5358 obtinet
1461 5314 1520 5359 ut
1554 5304 1675 5359 loco
1701 5306 1877 5375 regni,
1907 5309 2040 5377 quod

2161 5312 2341 5382 μαίοις
2375 5313 2396 5345 ³
2418 5313 2507 5365 ἀεὶ
2539 5311 2706 5383 ([976
2737 5313 2829 5385 3.]
2877 5314 3130 5386 Τιϐερίου
3186 5316 3285 5387 μὲν
3320 5318 3430 5387 γὰρ
3467 5316 3547 5369 ἔτι
3582 5332 3743 5387 περι-

535 5437 980 5498 llArcItazolJih.
1029 5458 1121 5507 xv,
1170 5456 1289 5512 cap.
1310 5440 1366 5495 9.
1447 5438 1615 5497 lLib.
1660 5459 1793 5511 xvn,
1838 5461 1957 5517 cap.
2010 5449 2059 5503 i.
2135 5450 2322 5511 mLih.
2365 5453 2596 5521 xvm,7.

1735 5559 1975 5616 VARI/13
2020 5556 2430 5621 LECTIONES.

941 5647 1056 5736 ξίδγ
1075 5665 1161 5736 5ο,
1223 5647 1392 5720 ’διμὲν
1406 5663 1528 5736 2η]-
1705 5654 1749 5686 ⁹⁸
1781 5656 2129 5736 Μαριάμμης
2163 5674 2273 5736 om.
2300 5659 2365 5714 A.
2395 5729 2407 5736 _
2443 5661 2490 5693 ⁹⁶
2511 5660 2744 5726 ἱεροῦν-ει
2771 5662 2851 5736 Α,
2912 5663 2959 5695 ⁹⁷
2986 5663 3217 5725 διδόντος
3245 5681 3307 5731 ς.
3383 5664 3429 5698 ’⁸
3463 5663 3638 5736 βίεναν
3663 5664 3739 5736 A_:

472 5711 713 5836 ξίςὲνναν
739 5732 799 5779 ς.
842 5717 921 5749 ⁸⁸*
941 5711 1228 5782 Γαλιλάίας
1406 5721 1453 5752 ⁹⁹
1475 5722 1650 5777 ἀνεῖλε
1679 5754 1750 5764 —
1773 5741 1825 5794 ρ.
1863 5711 2034 5782 318ἰί
2065 5711 2155 5798 ἀί),
2177 5711 2855 5788 ἰπιάέέύοντὸίὸιὶιῖᾸῙἾ
2881 5711 3153 5805 φησῖὸῖιὶξ
3165 5711 3273 5791 6.3
3292 5711 3307 5720 '
3350 5736 3371 5767 ⁸
3394 5711 3739 5799 τοὲξιὶῦιζ

600 5787 825 5836 (multa:
848 5787 923 5836 C2
953 5791 1031 5836 si:
1072 5790 1346 5836 ὀωιιαίους
1370 5809 1429 5836 ρ-

600 5787 825 5855 ωμαίοις
848 5787 923 5842 C:
953 5791 1031 5851 si;
1070 5790 1346 5861 ῥωμαίους
1370 5809 1430 5854 ς.
