  <div class='ocr_page' id='page_1' title='image "/cluster/home/n/w/nwhite01/storage/ocr_20150623/103:no.3/coo.31924054870070/610.png"; bbox 0 0 3954 6448; ppageno 0'>
   <div class='ocr_carea' id='block_1_1' title="bbox 289 326 438 391">
    <p class='ocr_par' dir='ltr' id='par_1_1' title="bbox 289 326 438 391">
     <span class='ocr_line' id='line_1_1' title="bbox 289 326 438 391; baseline -0.013 0"><span class='ocrx_word' id='word_1_1' title='bbox 289 326 438 391; x_wconf 80' lang='grc'><strong>1189</strong></span> 
     </span>
    </p>
   </div>
   <div class='ocr_carea' id='block_1_2' title="bbox 1330 327 2614 392">
    <p class='ocr_par' dir='ltr' id='par_1_2' title="bbox 1330 327 2614 392">
     <span class='ocr_line' id='line_1_2' title="bbox 1330 327 2614 392; baseline 0.004 -5"><span class='ocrx_word' id='word_1_2' title='bbox 1330 327 1859 391; x_wconf 84' lang='lat' dir='ltr'><strong>BlBLlOTHECA.</strong></span> <span class='ocrx_word' id='word_1_3' title='bbox 1891 351 1961 364; x_wconf 91' lang='grc'><strong><em>-</em></strong></span> <span class='ocrx_word' id='word_1_4' title='bbox 2001 327 2167 390; x_wconf 83' lang='lat' dir='ltr'><strong>COD.</strong></span> <span class='ocrx_word' id='word_1_5' title='bbox 2195 330 2614 392; x_wconf 79' lang='lat' dir='ltr'><strong>CCXXXVIII.</strong></span> 
     </span>
    </p>
   </div>
   <div class='ocr_carea' id='block_1_3' title="bbox 3438 332 3575 398">
    <p class='ocr_par' dir='ltr' id='par_1_3' title="bbox 3438 332 3575 398">
     <span class='ocr_line' id='line_1_3' title="bbox 3438 332 3575 398; baseline 0.036 -4"><span class='ocrx_word' id='word_1_6' title='bbox 3438 332 3575 398; x_wconf 87' lang='lat'><strong>1190</strong></span> 
     </span>
    </p>
   </div>
   <div class='ocr_carea' id='block_1_4' title="bbox 277 438 1872 515">
    <p class='ocr_par' dir='ltr' id='par_1_4' title="bbox 277 438 1872 513">
     <span class='ocr_line' id='line_1_4' title="bbox 277 438 1872 513; baseline 0 -18"><span class='ocrx_word' id='word_1_7' title='bbox 277 444 447 505; x_wconf 85' lang='grc' dir='ltr'>όντος</span> <span class='ocrx_word' id='word_1_8' title='bbox 487 440 624 511; x_wconf 83' lang='grc' dir='ltr'>πρὸς</span> <span class='ocrx_word' id='word_1_9' title='bbox 658 438 827 495; x_wconf 72' lang='grc' dir='ltr'>Ἰανὸν</span> <span class='ocrx_word' id='word_1_10' title='bbox 859 440 881 471; x_wconf 72' lang='grc'>⁸</span> <span class='ocrx_word' id='word_1_11' title='bbox 919 438 1115 512; x_wconf 72' lang='grc' dir='ltr'>ἐχθρὸν</span> <span class='ocrx_word' id='word_1_12' title='bbox 1161 439 1292 494; x_wconf 73' lang='grc' dir='ltr'>ὄντα</span> <span class='ocrx_word' id='word_1_13' title='bbox 1342 440 1635 513; x_wconf 86' lang='grc' dir='ltr'>Ῥωμαίων</span> <span class='ocrx_word' id='word_1_14' title='bbox 1688 443 1872 496; x_wconf 89' lang='grc' dir='ltr'>θέσθαι</span> 
     </span>
    </p>
   </div>
   <div class='ocr_carea' id='block_1_5' title="bbox 1978 438 3573 515">
    <p class='ocr_par' dir='ltr' id='par_1_5' title="bbox 1980 441 3573 515">
     <span class='ocr_line' id='line_1_5' title="bbox 1980 441 3573 515; baseline 0.001 -18"><span class='ocrx_word' id='word_1_15' title='bbox 1980 443 2370 509; x_wconf 86' lang='lat' dir='ltr'><strong>somniaverat,</strong></span> <span class='ocrx_word' id='word_1_16' title='bbox 2402 445 2622 515; x_wconf 90' lang='lat' dir='ltr'><strong>propria</strong></span> <span class='ocrx_word' id='word_1_17' title='bbox 2658 442 2965 498; x_wconf 84' lang='lat' dir='ltr'><strong>tetrarchia</strong></span> <span class='ocrx_word' id='word_1_18' title='bbox 2998 441 3237 507; x_wconf 76' lang='lat' dir='ltr'><strong>excidat,</strong></span> <span class='ocrx_word' id='word_1_19' title='bbox 3269 451 3326 499; x_wconf 91' lang='lat' dir='ltr'><strong>et</strong></span> <span class='ocrx_word' id='word_1_20' title='bbox 3354 443 3573 514; x_wconf 79' lang='lat' dir='ltr'><strong>Lugdu-</strong></span> 
     </span>
    </p>
   </div>
   <div class='ocr_carea' id='block_1_6' title="bbox 278 532 1880 606">
    <p class='ocr_par' dir='ltr' id='par_1_6' title="bbox 278 532 1880 606">
     <span class='ocr_line' id='line_1_6' title="bbox 278 532 1880 606; baseline 0.001 -19"><span class='ocrx_word' id='word_1_21' title='bbox 278 534 499 603; x_wconf 65' lang='grc' dir='ltr'>φιλίαν,</span> <span class='ocrx_word' id='word_1_22' title='bbox 556 533 653 587; x_wconf 77' lang='grc' dir='ltr'>καὶ</span> <span class='ocrx_word' id='word_1_23' title='bbox 697 532 794 585; x_wconf 82' lang='grc' dir='ltr'>νῦν</span> <span class='ocrx_word' id='word_1_24' title='bbox 839 533 898 586; x_wconf 79' lang='grc' dir='ltr'>δὲ</span> <span class='ocrx_word' id='word_1_25' title='bbox 946 533 1086 603; x_wconf 81' lang='grc' dir='ltr'>πρὸς</span> <span class='ocrx_word' id='word_1_26' title='bbox 1142 534 1479 604; x_wconf 84' lang='grc' dir='ltr'>Ἀρτάϐανον</span> <span class='ocrx_word' id='word_1_27' title='bbox 1526 535 1617 588; x_wconf 86' lang='grc' dir='ltr'>τὸν</span> <span class='ocrx_word' id='word_1_28' title='bbox 1646 534 1880 606; x_wconf 81' lang='grc' dir='ltr'><strong>Πάρθων</strong></span> 
     </span>
    </p>
   </div>
   <div class='ocr_carea' id='block_1_7' title="bbox 280 625 1879 699">
    <p class='ocr_par' dir='ltr' id='par_1_7' title="bbox 280 625 1879 699">
     <span class='ocr_line' id='line_1_7' title="bbox 280 625 1879 699; baseline 0 -19"><span class='ocrx_word' id='word_1_29' title='bbox 280 626 521 697; x_wconf 81' lang='grc' dir='ltr'><strong>βασιλέα</strong></span> <span class='ocrx_word' id='word_1_30' title='bbox 550 625 617 679; x_wconf 84' lang='grc' dir='ltr'><strong>τὰ</strong></span> <span class='ocrx_word' id='word_1_31' title='bbox 636 625 777 678; x_wconf 72' lang='grc' dir='ltr'>αὐτὰ</span> <span class='ocrx_word' id='word_1_32' title='bbox 805 628 1021 696; x_wconf 81' lang='grc' dir='ltr'>φρονεῖν</span> <span class='ocrx_word' id='word_1_33' title='bbox 1043 628 1187 680; x_wconf 87' lang='grc' dir='ltr'>κατὰ</span> <span class='ocrx_word' id='word_1_34' title='bbox 1218 626 1530 699; x_wconf 82' lang='grc' dir='ltr'>Ῥωμαίων)</span> <span class='ocrx_word' id='word_1_35' title='bbox 1556 645 1879 699; x_wconf 88' lang='grc' dir='ltr'>παρασκευ-</span> 
     </span>
    </p>
   </div>
   <div class='ocr_carea' id='block_1_8' title="bbox 282 718 1878 792">
    <p class='ocr_par' dir='ltr' id='par_1_8' title="bbox 282 718 1878 792">
     <span class='ocr_line' id='line_1_8' title="bbox 282 718 1878 792; baseline -0.001 -19"><span class='ocrx_word' id='word_1_36' title='bbox 282 719 419 782; x_wconf 77' lang='grc' dir='ltr'>άζει</span> <span class='ocrx_word' id='word_1_37' title='bbox 469 718 591 772; x_wconf 69' lang='grc' dir='ltr'>ἀντὶ</span> <span class='ocrx_word' id='word_1_38' title='bbox 641 720 743 787; x_wconf 82' lang='grc' dir='ltr'>τῆς</span> <span class='ocrx_word' id='word_1_39' title='bbox 796 719 1309 792; x_wconf 82' lang='grc' dir='ltr'>ὀνειροποληθείσης</span> <span class='ocrx_word' id='word_1_40' title='bbox 1346 720 1622 790; x_wconf 80' lang='grc' dir='ltr'><strong>βασιλείας</strong></span> <span class='ocrx_word' id='word_1_41' title='bbox 1665 720 1767 789; x_wconf 83' lang='grc' dir='ltr'>τῆς</span> <span class='ocrx_word' id='word_1_42' title='bbox 1817 737 1878 772; x_wconf 87' lang='grc' dir='ltr'><strong>τε</strong></span> 
     </span>
    </p>
   </div>
   <div class='ocr_carea' id='block_1_9' title="bbox 274 809 1877 881">
    <p class='ocr_par' dir='ltr' id='par_1_9' title="bbox 274 809 1877 881">
     <span class='ocr_line' id='line_1_9' title="bbox 274 809 1877 881; baseline 0.001 -18"><span class='ocrx_word' id='word_1_43' title='bbox 274 809 497 872; x_wconf 73' lang='grc' dir='ltr'>οἰκείας</span> <span class='ocrx_word' id='word_1_44' title='bbox 529 810 786 863; x_wconf 79' lang='grc' dir='ltr'>ἐκπεσεῖν</span> <span class='ocrx_word' id='word_1_45' title='bbox 822 811 1151 881; x_wconf 80' lang='grc' dir='ltr'>τετραρχίας</span> <span class='ocrx_word' id='word_1_46' title='bbox 1176 813 1270 865; x_wconf 72' lang='grc' dir='ltr'>καὶ</span> <span class='ocrx_word' id='word_1_47' title='bbox 1301 812 1381 874; x_wconf 83' lang='grc' dir='ltr'><strong>είς</strong></span> <span class='ocrx_word' id='word_1_48' title='bbox 1408 810 1761 879; x_wconf 84' lang='grc' dir='ltr'>Λουγδούνων</span> <span class='ocrx_word' id='word_1_49' title='bbox 1789 813 1877 865; x_wconf 85' lang='grc' dir='ltr'>άῖ-</span> 
     </span>
    </p>
   </div>
   <div class='ocr_carea' id='block_1_10' title="bbox 275 901 1877 976">
    <p class='ocr_par' dir='ltr' id='par_1_10' title="bbox 275 901 1877 976">
     <span class='ocr_line' id='line_1_10' title="bbox 275 901 1877 976; baseline 0.002 -20"><span class='ocrx_word' id='word_1_50' title='bbox 275 902 381 974; x_wconf 79' lang='grc' dir='ltr'><strong>δίᾳ</strong></span> <span class='ocrx_word' id='word_1_51' title='bbox 428 904 573 972; x_wconf 77' lang='grc' dir='ltr'>φυγῇ</span> <span class='ocrx_word' id='word_1_52' title='bbox 622 901 974 973; x_wconf 79' lang='grc' dir='ltr'><strong>ζημιωθέντα</strong></span> <span class='ocrx_word' id='word_1_53' title='bbox 1032 904 1312 973; x_wconf 84' lang='grc' dir='ltr'>ὲλαθῆναι.</span> <span class='ocrx_word' id='word_1_54' title='bbox 1367 905 1477 958; x_wconf 77' lang='grc' dir='ltr'><strong>Καὶ</strong></span> <span class='ocrx_word' id='word_1_55' title='bbox 1519 904 1788 976; x_wconf 76' lang='grc' dir='ltr'>Ἡρωδιὰς</span> <span class='ocrx_word' id='word_1_56' title='bbox 1832 906 1877 958; x_wconf 71' lang='grc' dir='ltr'>δ’</span> 
     </span>
    </p>
   </div>
   <div class='ocr_carea' id='block_1_11' title="bbox 278 996 1880 1071">
    <p class='ocr_par' dir='ltr' id='par_1_11' title="bbox 278 996 1880 1071">
     <span class='ocr_line' id='line_1_11' title="bbox 278 996 1880 1071; baseline 0.001 -21"><span class='ocrx_word' id='word_1_57' title='bbox 278 996 497 1050; x_wconf 76' lang='grc' dir='ltr'>ἑκοῦσα</span> <span class='ocrx_word' id='word_1_58' title='bbox 538 996 617 1064; x_wconf 83' lang='grc' dir='ltr'>τῷ</span> <span class='ocrx_word' id='word_1_59' title='bbox 667 997 823 1065; x_wconf 78' lang='grc' dir='ltr'>ἀνδρὶ</span> <span class='ocrx_word' id='word_1_60' title='bbox 855 997 1331 1068; x_wconf 86' lang='grc' dir='ltr'>συμφυγαδεύεται</span> <span class='ocrx_word' id='word_1_61' title='bbox 1356 1015 1373 1029; x_wconf 81' lang='grc'>⁶</span> <span class='ocrx_word' id='word_1_62' title='bbox 1413 1000 1513 1068; x_wconf 85' lang='grc' dir='ltr'>τὴν</span> <span class='ocrx_word' id='word_1_63' title='bbox 1551 999 1609 1051; x_wconf 83' lang='grc' dir='ltr'>δὲ</span> <span class='ocrx_word' id='word_1_64' title='bbox 1646 1017 1880 1071; x_wconf 88' lang='grc' dir='ltr'>τετραρ-</span> 
     </span>
    </p>
   </div>
   <div class='ocr_carea' id='block_1_12' title="bbox 290 1087 1877 1161">
    <p class='ocr_par' dir='ltr' id='par_1_12' title="bbox 290 1087 1877 1161">
     <span class='ocr_line' id='line_1_12' title="bbox 290 1087 1877 1161; baseline 0.003 -20"><span class='ocrx_word' id='word_1_65' title='bbox 290 1090 422 1160; x_wconf 81' lang='grc' dir='ltr'>χίαν</span> <span class='ocrx_word' id='word_1_66' title='bbox 462 1088 628 1141; x_wconf 81' lang='grc' dir='ltr'>αὐτοῦ</span> <span class='ocrx_word' id='word_1_67' title='bbox 656 1087 816 1151; x_wconf 84' lang='grc' dir='ltr'>Γάϊος</span> <span class='ocrx_word' id='word_1_68' title='bbox 847 1089 1132 1159; x_wconf 77' lang='grc' dir='ltr'><strong>Ἀγρίππᾳ</strong></span> <span class='ocrx_word' id='word_1_69' title='bbox 1171 1088 1517 1161; x_wconf 87' lang='grc' dir='ltr'>προστίθησι.</span> <span class='ocrx_word' id='word_1_70' title='bbox 1550 1090 1753 1145; x_wconf 80' lang='grc' dir='ltr'>Τοῦτον</span> <span class='ocrx_word' id='word_1_71' title='bbox 1783 1092 1877 1145; x_wconf 84' lang='grc' dir='ltr'>τὸν</span> 
     </span>
    </p>
   </div>
   <div class='ocr_carea' id='block_1_13' title="bbox 277 1180 1877 1255">
    <p class='ocr_par' dir='ltr' id='par_1_13' title="bbox 277 1180 1877 1255">
     <span class='ocr_line' id='line_1_13' title="bbox 277 1180 1877 1255; baseline 0.003 -20"><span class='ocrx_word' id='word_1_72' title='bbox 277 1180 605 1251; x_wconf 80' lang='grc' dir='ltr'>Ἀγρίππαν</span> <span class='ocrx_word' id='word_1_73' title='bbox 634 1180 771 1251; x_wconf 82' lang='grc' dir='ltr'>πρὸς</span> <span class='ocrx_word' id='word_1_74' title='bbox 801 1180 1213 1252; x_wconf 82' lang='grc' dir='ltr'>ἀντιδιαστολὴν</span> <span class='ocrx_word' id='word_1_75' title='bbox 1250 1182 1347 1235; x_wconf 80' lang='grc' dir='ltr'>τοῦ</span> <span class='ocrx_word' id='word_1_76' title='bbox 1396 1183 1515 1236; x_wconf 86' lang='grc' dir='ltr'>υίοῦ</span> <span class='ocrx_word' id='word_1_77' title='bbox 1556 1184 1651 1237; x_wconf 79' lang='grc' dir='ltr'>καὶ</span> <span class='ocrx_word' id='word_1_78' title='bbox 1701 1185 1877 1255; x_wconf 83' lang='grc' dir='ltr'>μέγαν</span> 
     </span>
    </p>
   </div>
   <div class='ocr_carea' id='block_1_14' title="bbox 298 1272 1877 1350">
    <p class='ocr_par' dir='ltr' id='par_1_14' title="bbox 298 1272 1877 1350">
     <span class='ocr_line' id='line_1_14' title="bbox 298 1272 1877 1350; baseline 0.003 -24"><span class='ocrx_word' id='word_1_79' title='bbox 298 1274 612 1343; x_wconf 82' lang='grc' dir='ltr'>Ἀγρίππαν</span> <span class='ocrx_word' id='word_1_80' title='bbox 662 1272 908 1338; x_wconf 80' lang='grc' dir='ltr'>καλοῦσι,</span> <span class='ocrx_word' id='word_1_81' title='bbox 956 1274 1054 1327; x_wconf 76' lang='grc' dir='ltr'>καὶ</span> <span class='ocrx_word' id='word_1_82' title='bbox 1123 1276 1203 1339; x_wconf 88' lang='grc' dir='ltr'><strong>είς</strong></span> <span class='ocrx_word' id='word_1_83' title='bbox 1250 1275 1313 1328; x_wconf 84' lang='grc' dir='ltr'>τὸ</span> <span class='ocrx_word' id='word_1_84' title='bbox 1367 1276 1605 1345; x_wconf 87' lang='grc' dir='ltr'>μάλιστα</span> <span class='ocrx_word' id='word_1_85' title='bbox 1650 1294 1877 1350; x_wconf 87' lang='grc' dir='ltr'>κεχαρι-</span> 
     </span>
    </p>
   </div>
   <div class='ocr_carea' id='block_1_15' title="bbox 286 1361 1877 1439">
    <p class='ocr_par' dir='ltr' id='par_1_15' title="bbox 286 1361 1877 1439">
     <span class='ocr_line' id='line_1_15' title="bbox 286 1361 1877 1439; baseline 0.003 -21"><span class='ocrx_word' id='word_1_86' title='bbox 286 1364 485 1435; x_wconf 81' lang='grc' dir='ltr'><strong>σμένον</strong></span> <span class='ocrx_word' id='word_1_87' title='bbox 526 1363 787 1436; x_wconf 86' lang='grc' dir='ltr'>Ἰώσηπός</span> <span class='ocrx_word' id='word_1_88' title='bbox 820 1382 985 1435; x_wconf 85' lang='grc' dir='ltr'>φησιν</span> <span class='ocrx_word' id='word_1_89' title='bbox 1027 1366 1297 1420; x_wconf 85' lang='grc' dir='ltr'>Ἰουδαίων</span> <span class='ocrx_word' id='word_1_90' title='bbox 1325 1367 1507 1439; x_wconf 79' lang='grc' dir='ltr'>ἄρξαι.</span> <span class='ocrx_word' id='word_1_91' title='bbox 1542 1361 1710 1433; x_wconf 75' lang='grc' dir='ltr'>Οὗτος</span> <span class='ocrx_word' id='word_1_92' title='bbox 1734 1370 1877 1424; x_wconf 83' lang='grc' dir='ltr'>ὲκεί-</span> 
     </span>
    </p>
   </div>
   <div class='ocr_carea' id='block_1_16' title="bbox 276 1457 1877 1530">
    <p class='ocr_par' dir='ltr' id='par_1_16' title="bbox 276 1457 1877 1530">
     <span class='ocr_line' id='line_1_16' title="bbox 276 1457 1877 1530; baseline 0.004 -20"><span class='ocrx_word' id='word_1_93' title='bbox 276 1474 417 1522; x_wconf 86' lang='grc' dir='ltr'>νοις,</span> <span class='ocrx_word' id='word_1_94' title='bbox 439 1457 517 1519; x_wconf 84' lang='grc' dir='ltr'>ὡς</span> <span class='ocrx_word' id='word_1_95' title='bbox 540 1458 710 1521; x_wconf 72' lang='grc' dir='ltr'>ἔοικε,</span> <span class='ocrx_word' id='word_1_96' title='bbox 742 1459 1105 1530; x_wconf 82' lang='grc' dir='ltr'>χαριζόμενος</span> <span class='ocrx_word' id='word_1_97' title='bbox 1136 1459 1234 1513; x_wconf 78' lang='grc' dir='ltr'>καὶ</span> <span class='ocrx_word' id='word_1_98' title='bbox 1268 1460 1521 1515; x_wconf 87' lang='grc' dir='ltr'>Ἰάκωϐον</span> <span class='ocrx_word' id='word_1_99' title='bbox 1550 1463 1572 1494; x_wconf 84' lang='grc'><strong><em>⁵</em></strong></span> <span class='ocrx_word' id='word_1_100' title='bbox 1600 1462 1693 1516; x_wconf 84' lang='grc' dir='ltr'>τὸν</span> <span class='ocrx_word' id='word_1_101' title='bbox 1720 1463 1877 1516; x_wconf 83' lang='grc' dir='ltr'>ἁδελ-</span> 
     </span>
    </p>
   </div>
   <div class='ocr_carea' id='block_1_17' title="bbox 276 1550 1876 1626">
    <p class='ocr_par' dir='ltr' id='par_1_17' title="bbox 276 1550 1876 1626">
     <span class='ocr_line' id='line_1_17' title="bbox 276 1550 1876 1626; baseline 0.006 -24"><span class='ocrx_word' id='word_1_102' title='bbox 276 1550 386 1621; x_wconf 85' lang='grc' dir='ltr'>φὸν</span> <span class='ocrx_word' id='word_1_103' title='bbox 434 1550 682 1604; x_wconf 83' lang='grc' dir='ltr'>Ἰωάννου</span> <span class='ocrx_word' id='word_1_104' title='bbox 722 1551 969 1623; x_wconf 81' lang='grc' dir='ltr'>μαχαίρᾳ</span> <span class='ocrx_word' id='word_1_105' title='bbox 1016 1552 1219 1618; x_wconf 84' lang='grc' dir='ltr'>ἀνεῖλε,</span> <span class='ocrx_word' id='word_1_106' title='bbox 1273 1555 1369 1608; x_wconf 77' lang='grc' dir='ltr'>καὶ</span> <span class='ocrx_word' id='word_1_107' title='bbox 1422 1555 1514 1608; x_wconf 84' lang='grc' dir='ltr'>τὸν</span> <span class='ocrx_word' id='word_1_108' title='bbox 1576 1559 1876 1626; x_wconf 82' lang='grc' dir='ltr'>κορυφαῖον</span> 
     </span>
    </p>
   </div>
   <div class='ocr_carea' id='block_1_18' title="bbox 275 1641 1872 1719">
    <p class='ocr_par' dir='ltr' id='par_1_18' title="bbox 275 1641 1872 1719">
     <span class='ocr_line' id='line_1_18' title="bbox 275 1641 1872 1719; baseline 0.005 -25"><span class='ocrx_word' id='word_1_109' title='bbox 275 1641 395 1694; x_wconf 82' lang='grc' dir='ltr'><strong>τῶν</strong></span> <span class='ocrx_word' id='word_1_110' title='bbox 432 1641 691 1714; x_wconf 86' lang='grc' dir='ltr'>μαθητῶν</span> <span class='ocrx_word' id='word_1_111' title='bbox 722 1642 931 1714; x_wconf 82' lang='grc' dir='ltr'>Πέτρον</span> <span class='ocrx_word' id='word_1_112' title='bbox 956 1644 1336 1715; x_wconf 73' lang='grc' dir='ltr'>ἐπεχείρησεν,</span> <span class='ocrx_word' id='word_1_113' title='bbox 1360 1646 1408 1698; x_wconf 83' lang='grc' dir='ltr'><strong>εί</strong></span> <span class='ocrx_word' id='word_1_114' title='bbox 1432 1647 1525 1700; x_wconf 77' lang='grc' dir='ltr'>καὶ</span> <span class='ocrx_word' id='word_1_115' title='bbox 1552 1647 1872 1719; x_wconf 85' lang='grc' dir='ltr'>διήμαρτεν,</span> 
     </span>
    </p>
   </div>
   <div class='ocr_carea' id='block_1_19' title="bbox 275 1725 1877 1810">
    <p class='ocr_par' dir='ltr' id='par_1_19' title="bbox 275 1725 1877 1810">
     <span class='ocr_line' id='line_1_19' title="bbox 275 1725 1877 1810; baseline 0.004 -25"><span class='ocrx_word' id='word_1_116' title='bbox 275 1730 520 1785; x_wconf 81' lang='grc' dir='ltr'>ἀνελεῖν.</span> <span class='ocrx_word' id='word_1_117' title='bbox 553 1725 722 1795; x_wconf 75' lang='grc' dir='ltr'>Οὗτος</span> <span class='ocrx_word' id='word_1_118' title='bbox 760 1731 969 1801; x_wconf 68' lang='grc' dir='ltr'>έσθῆτα</span> <span class='ocrx_word' id='word_1_119' title='bbox 1009 1734 1254 1806; x_wconf 87' lang='grc' dir='ltr'>ἀργύρου</span> <span class='ocrx_word' id='word_1_120' title='bbox 1300 1737 1680 1807; x_wconf 84' lang='grc' dir='ltr'>πεποιημένην</span> <span class='ocrx_word' id='word_1_121' title='bbox 1716 1755 1877 1810; x_wconf 89' lang='grc' dir='ltr'>περι-</span> 
     </span>
    </p>
   </div>
   <div class='ocr_carea' id='block_1_20' title="bbox 281 1823 1874 1899">
    <p class='ocr_par' dir='ltr' id='par_1_20' title="bbox 281 1823 1874 1899">
     <span class='ocr_line' id='line_1_20' title="bbox 281 1823 1874 1899; baseline 0.004 -23"><span class='ocrx_word' id='word_1_122' title='bbox 281 1823 518 1895; x_wconf 80' lang='grc' dir='ltr'>θέμενος</span> <span class='ocrx_word' id='word_1_123' title='bbox 542 1826 638 1877; x_wconf 68' lang='grc' dir='ltr'><strong>καὶ</strong></span> <span class='ocrx_word' id='word_1_124' title='bbox 669 1823 749 1894; x_wconf 83' lang='grc' dir='ltr'>τῷ</span> <span class='ocrx_word' id='word_1_125' title='bbox 798 1823 994 1896; x_wconf 85' lang='grc' dir='ltr'>πλήθει</span> <span class='ocrx_word' id='word_1_126' title='bbox 1037 1825 1455 1898; x_wconf 79' lang='grc' dir='ltr'>δημηγορήσας,</span> <span class='ocrx_word' id='word_1_127' title='bbox 1513 1828 1634 1882; x_wconf 78' lang='grc' dir='ltr'>ἐπεὶ</span> <span class='ocrx_word' id='word_1_128' title='bbox 1690 1830 1874 1899; x_wconf 86' lang='grc' dir='ltr'>φωνὰς</span> 
     </span>
    </p>
   </div>
   <div class='ocr_carea' id='block_1_21' title="bbox 279 1912 1875 1990">
    <p class='ocr_par' dir='ltr' id='par_1_21' title="bbox 279 1912 1875 1990">
     <span class='ocr_line' id='line_1_21' title="bbox 279 1912 1875 1990; baseline 0.004 -23"><span class='ocrx_word' id='word_1_129' title='bbox 279 1914 417 1984; x_wconf 82' lang='grc' dir='ltr'>παρ’</span> <span class='ocrx_word' id='word_1_130' title='bbox 450 1912 628 1966; x_wconf 83' lang='grc' dir='ltr'>αὐτῶν</span> <span class='ocrx_word' id='word_1_131' title='bbox 659 1914 800 1984; x_wconf 86' lang='grc' dir='ltr'>μετὰ</span> <span class='ocrx_word' id='word_1_132' title='bbox 836 1915 900 1967; x_wconf 82' lang='grc' dir='ltr'>τὸ</span> <span class='ocrx_word' id='word_1_133' title='bbox 932 1916 1241 1989; x_wconf 82' lang='grc' dir='ltr'>ὑπερϐολὴν</span> <span class='ocrx_word' id='word_1_134' title='bbox 1272 1918 1563 1983; x_wconf 86' lang='grc' dir='ltr'>κολακείας</span> <span class='ocrx_word' id='word_1_135' title='bbox 1596 1920 1741 1990; x_wconf 80' lang='grc' dir='ltr'>ἔχειν</span> <span class='ocrx_word' id='word_1_136' title='bbox 1778 1922 1875 1976; x_wconf 61' lang='grc' dir='ltr'><strong>καί¹</strong></span> 
     </span>
    </p>
   </div>
   <div class='ocr_carea' id='block_1_22' title="bbox 277 2005 1871 2083">
    <p class='ocr_par' dir='ltr' id='par_1_22' title="bbox 277 2005 1871 2083">
     <span class='ocr_line' id='line_1_22' title="bbox 277 2005 1871 2083; baseline 0.004 -25"><span class='ocrx_word' id='word_1_137' title='bbox 277 2005 541 2068; x_wconf 81' lang='grc' dir='ltr'>ἀσεϐείας</span> <span class='ocrx_word' id='word_1_138' title='bbox 573 2007 653 2069; x_wconf 80' lang='grc' dir='ltr'>εἰς</span> <span class='ocrx_word' id='word_1_139' title='bbox 675 2005 904 2076; x_wconf 73' lang='grc' dir='ltr'>ἔσχατον</span> <span class='ocrx_word' id='word_1_140' title='bbox 941 2007 1099 2077; x_wconf 77' lang='grc' dir='ltr'>ἣκειν</span> <span class='ocrx_word' id='word_1_141' title='bbox 1124 2009 1145 2040; x_wconf 79' lang='grc'><strong>⁸</strong></span> <span class='ocrx_word' id='word_1_142' title='bbox 1174 2009 1389 2063; x_wconf 82' lang='grc' dir='ltr'>ἀκούων</span> <span class='ocrx_word' id='word_1_143' title='bbox 1418 2011 1517 2063; x_wconf 86' lang='grc' dir='ltr'>οὐκ</span> <span class='ocrx_word' id='word_1_144' title='bbox 1546 2014 1871 2083; x_wconf 80' lang='grc' dir='ltr'>ἐπετίμησε,</span> 
     </span>
    </p>
   </div>
   <div class='ocr_carea' id='block_1_23' title="bbox 277 2097 1874 2173">
    <p class='ocr_par' dir='ltr' id='par_1_23' title="bbox 277 2097 1874 2173">
     <span class='ocr_line' id='line_1_23' title="bbox 277 2097 1874 2173; baseline 0.003 -21"><span class='ocrx_word' id='word_1_145' title='bbox 277 2098 603 2169; x_wconf 86' lang='grc' dir='ltr'>παραυτίκα</span> <span class='ocrx_word' id='word_1_146' title='bbox 624 2097 778 2167; x_wconf 89' lang='grc' dir='ltr'>δίκην</span> <span class='ocrx_word' id='word_1_147' title='bbox 807 2098 1022 2151; x_wconf 89' lang='grc' dir='ltr'>δίδωσιν</span> <span class='ocrx_word' id='word_1_148' title='bbox 1039 2114 1055 2129; x_wconf 75' lang='grc' dir='ltr'><strong><em>ο</em></strong></span> <span class='ocrx_word' id='word_1_149' title='bbox 1088 2099 1403 2171; x_wconf 79' lang='grc' dir='ltr'>ἀλγήματος</span> <span class='ocrx_word' id='word_1_150' title='bbox 1423 2102 1533 2173; x_wconf 81' lang='grc' dir='ltr'>γὰρ</span> <span class='ocrx_word' id='word_1_151' title='bbox 1553 2102 1703 2171; x_wconf 79' lang='grc' dir='ltr'>αὐτῷ</span> <span class='ocrx_word' id='word_1_152' title='bbox 1732 2104 1874 2157; x_wconf 80' lang='grc' dir='ltr'>κατὰ</span> 
     </span>
    </p>
   </div>
   <div class='ocr_carea' id='block_1_24' title="bbox 170 2184 1874 2262">
    <p class='ocr_par' dir='ltr' id='par_1_24' title="bbox 170 2184 1874 2262">
     <span class='ocr_line' id='line_1_24' title="bbox 170 2184 1874 2262; baseline 0.004 -24"><span class='ocrx_word' id='word_1_153' title='bbox 170 2230 185 2244; x_wconf 82' lang='lat'><strong>,</strong></span> <span class='ocrx_word' id='word_1_154' title='bbox 278 2185 533 2257; x_wconf 82' lang='grc' dir='ltr'>γαστέρα</span> <span class='ocrx_word' id='word_1_155' title='bbox 562 2184 795 2256; x_wconf 85' lang='grc' dir='ltr'>σφοδροῦ</span> <span class='ocrx_word' id='word_1_156' title='bbox 825 2187 1115 2255; x_wconf 84' lang='grc' dir='ltr'>γεγονότος</span> <span class='ocrx_word' id='word_1_157' title='bbox 1143 2189 1211 2242; x_wconf 80' lang='grc' dir='ltr'><strong>δι’</strong></span> <span class='ocrx_word' id='word_1_158' title='bbox 1253 2189 1476 2262; x_wconf 80' lang='grc' dir='ltr'>ἡμερῶν</span> <span class='ocrx_word' id='word_1_159' title='bbox 1526 2188 1566 2244; x_wconf 86' lang='grc' dir='ltr'>ε’</span> <span class='ocrx_word' id='word_1_160' title='bbox 1614 2192 1708 2245; x_wconf 83' lang='grc' dir='ltr'>τὸν</span> <span class='ocrx_word' id='word_1_161' title='bbox 1759 2191 1874 2260; x_wconf 83' lang='grc' dir='ltr'>βίον</span> 
     </span>
    </p>
   </div>
   <div class='ocr_carea' id='block_1_25' title="bbox 282 2278 1873 2355">
    <p class='ocr_par' dir='ltr' id='par_1_25' title="bbox 282 2278 1873 2355">
     <span class='ocr_line' id='line_1_25' title="bbox 282 2278 1873 2355; baseline 0.004 -24"><span class='ocrx_word' id='word_1_162' title='bbox 282 2278 680 2349; x_wconf 77' lang='grc' dir='ltr'>κατέστρεψεν,</span> <span class='ocrx_word' id='word_1_163' title='bbox 718 2279 866 2346; x_wconf 80' lang='grc' dir='ltr'>ἄγων</span> <span class='ocrx_word' id='word_1_164' title='bbox 898 2279 1007 2333; x_wconf 87' lang='grc' dir='ltr'><strong>ἀπὸ</strong></span> <span class='ocrx_word' id='word_1_165' title='bbox 1030 2281 1297 2348; x_wconf 87' lang='grc' dir='ltr'>γενέσεως</span> <span class='ocrx_word' id='word_1_166' title='bbox 1340 2283 1459 2346; x_wconf 77' lang='grc' dir='ltr'>ἔτος</span> <span class='ocrx_word' id='word_1_167' title='bbox 1488 2281 1531 2336; x_wconf 86' lang='grc' dir='ltr'>δ’</span> <span class='ocrx_word' id='word_1_168' title='bbox 1557 2284 1655 2337; x_wconf 82' lang='grc' dir='ltr'>καὶ</span> <span class='ocrx_word' id='word_1_169' title='bbox 1678 2290 1745 2350; x_wconf 83' lang='grc' dir='ltr'>ν’,</span> <span class='ocrx_word' id='word_1_170' title='bbox 1772 2288 1873 2355; x_wconf 76' lang='grc' dir='ltr'>τῆς</span> 
     </span>
    </p>
   </div>
   <div class='ocr_carea' id='block_1_26' title="bbox 280 2364 1873 2448">
    <p class='ocr_par' dir='ltr' id='par_1_26' title="bbox 280 2364 1873 2448">
     <span class='ocr_line' id='line_1_26' title="bbox 280 2364 1873 2448; baseline 0.006 -25"><span class='ocrx_word' id='word_1_171' title='bbox 280 2369 341 2423; x_wconf 85' lang='grc' dir='ltr'>δὲ</span> <span class='ocrx_word' id='word_1_172' title='bbox 369 2368 647 2439; x_wconf 85' lang='grc' dir='ltr'>βασιλείας</span> <span class='ocrx_word' id='word_1_173' title='bbox 678 2371 749 2435; x_wconf 83' lang='grc' dir='ltr'><strong>ζ’,</strong></span> <span class='ocrx_word' id='word_1_174' title='bbox 780 2364 855 2423; x_wconf 85' lang='grc' dir='ltr'>ὧν</span> <span class='ocrx_word' id='word_1_175' title='bbox 895 2371 937 2423; x_wconf 84' lang='grc' dir='ltr'>δ’</span> <span class='ocrx_word' id='word_1_176' title='bbox 973 2372 1138 2427; x_wconf 82' lang='grc' dir='ltr'>Γαΐου</span> <span class='ocrx_word' id='word_1_177' title='bbox 1186 2374 1564 2445; x_wconf 84' lang='grc' dir='ltr'>βασιλεύοντος</span> <span class='ocrx_word' id='word_1_178' title='bbox 1604 2372 1763 2448; x_wconf 81' lang='grc' dir='ltr'>ἦρξε,</span> <span class='ocrx_word' id='word_1_179' title='bbox 1804 2378 1873 2432; x_wconf 85' lang='grc' dir='ltr'><strong>τά</strong></span> 
     </span>
    </p>
   </div>
   <div class='ocr_carea' id='block_1_27' title="bbox 280 2458 1871 2544">
    <p class='ocr_par' dir='ltr' id='par_1_27' title="bbox 280 2458 1871 2544">
     <span class='ocr_line' id='line_1_27' title="bbox 280 2458 1871 2544; baseline 0.008 -30"><span class='ocrx_word' id='word_1_180' title='bbox 280 2461 385 2532; x_wconf 85' lang='grc' dir='ltr'>μὲν</span> <span class='ocrx_word' id='word_1_181' title='bbox 436 2458 485 2530; x_wconf 65' lang='grc' dir='ltr'>ι(</span> <span class='ocrx_word' id='word_1_182' title='bbox 538 2462 638 2533; x_wconf 78' lang='grc' dir='ltr'>τὴν</span> <span class='ocrx_word' id='word_1_183' title='bbox 685 2464 954 2518; x_wconf 77' lang='grc' dir='ltr'>Φιλίππου</span> <span class='ocrx_word' id='word_1_184' title='bbox 1007 2466 1146 2537; x_wconf 82' lang='grc' dir='ltr'>ἔχων</span> <span class='ocrx_word' id='word_1_185' title='bbox 1193 2471 1546 2541; x_wconf 86' lang='grc' dir='ltr'>τετραρχίαν,</span> <span class='ocrx_word' id='word_1_186' title='bbox 1601 2472 1682 2544; x_wconf 88' lang='grc' dir='ltr'>τῷ</span> <span class='ocrx_word' id='word_1_187' title='bbox 1730 2474 1772 2526; x_wconf 88' lang='grc' dir='ltr'>δ’</span> <span class='ocrx_word' id='word_1_188' title='bbox 1814 2473 1871 2527; x_wconf 81' lang='grc' dir='ltr'>δὲ</span> 
     </span>
    </p>
   </div>
   <div class='ocr_carea' id='block_1_28' title="bbox 277 2554 1873 2634">
    <p class='ocr_par' dir='ltr' id='par_1_28' title="bbox 277 2554 1873 2634">
     <span class='ocr_line' id='line_1_28' title="bbox 277 2554 1873 2634; baseline 0.006 -27"><span class='ocrx_word' id='word_1_189' title='bbox 277 2554 607 2625; x_wconf 85' lang='grc' dir='ltr'>προσλαϐὼν</span> <span class='ocrx_word' id='word_1_190' title='bbox 657 2557 752 2610; x_wconf 74' lang='grc' dir='ltr'>καὶ</span> <span class='ocrx_word' id='word_1_191' title='bbox 808 2558 908 2628; x_wconf 86' lang='grc' dir='ltr'>τὴν</span> <span class='ocrx_word' id='word_1_192' title='bbox 970 2558 1236 2629; x_wconf 81' lang='grc' dir='ltr'>Ἡρώδου,</span> <span class='ocrx_word' id='word_1_193' title='bbox 1276 2564 1345 2617; x_wconf 81' lang='grc' dir='ltr'>τὰ</span> <span class='ocrx_word' id='word_1_194' title='bbox 1395 2564 1453 2617; x_wconf 81' lang='grc' dir='ltr'>δὲ</span> <span class='ocrx_word' id='word_1_195' title='bbox 1491 2566 1654 2619; x_wconf 85' lang='grc' dir='ltr'>λοιπὰ</span> <span class='ocrx_word' id='word_1_196' title='bbox 1691 2572 1739 2634; x_wconf 95' lang='grc' dir='ltr'>γ’</span> <span class='ocrx_word' id='word_1_197' title='bbox 1778 2566 1873 2619; x_wconf 79' lang='grc' dir='ltr'><strong>ἐπὶ</strong></span> 
     </span>
    </p>
   </div>
   <div class='ocr_carea' id='block_1_29' title="bbox 276 2643 1874 2727">
    <p class='ocr_par' dir='ltr' id='par_1_29' title="bbox 276 2643 1874 2727">
     <span class='ocr_line' id='line_1_29' title="bbox 276 2643 1874 2727; baseline 0.011 -31"><span class='ocrx_word' id='word_1_198' title='bbox 276 2644 573 2710; x_wconf 80' lang='grc' dir='ltr'>Κλαυδίου,</span> <span class='ocrx_word' id='word_1_199' title='bbox 618 2648 679 2700; x_wconf 81' lang='grc' dir='ltr'>ὲν</span> <span class='ocrx_word' id='word_1_200' title='bbox 728 2643 809 2711; x_wconf 78' lang='grc' dir='ltr'>οἷς</span> <span class='ocrx_word' id='word_1_201' title='bbox 849 2649 1111 2705; x_wconf 86' lang='grc' dir='ltr'>Ἰουδαίαν</span> <span class='ocrx_word' id='word_1_202' title='bbox 1160 2670 1221 2706; x_wconf 90' lang='grc' dir='ltr'><strong>τε</strong></span> <span class='ocrx_word' id='word_1_203' title='bbox 1265 2656 1361 2708; x_wconf 72' lang='grc' dir='ltr'>καὶ</span> <span class='ocrx_word' id='word_1_204' title='bbox 1408 2656 1728 2727; x_wconf 84' lang='grc' dir='ltr'>Σαμάρειαν</span> <span class='ocrx_word' id='word_1_205' title='bbox 1778 2661 1874 2713; x_wconf 80' lang='grc' dir='ltr'>καὶ</span> 
     </span>
    </p>
   </div>
   <div class='ocr_carea' id='block_1_30' title="bbox 278 2734 1873 2816">
    <p class='ocr_par' dir='ltr' id='par_1_30' title="bbox 278 2734 1873 2816">
     <span class='ocr_line' id='line_1_30' title="bbox 278 2734 1873 2816; baseline 0.01 -29"><span class='ocrx_word' id='word_1_206' title='bbox 278 2734 626 2807; x_wconf 79' lang='grc' dir='ltr'>Καισάρειαν</span> <span class='ocrx_word' id='word_1_207' title='bbox 676 2737 958 2810; x_wconf 82' lang='grc' dir='ltr'>Καίσαρος</span> <span class='ocrx_word' id='word_1_208' title='bbox 992 2741 1173 2805; x_wconf 87' lang='grc' dir='ltr'>δόντος</span> <span class='ocrx_word' id='word_1_209' title='bbox 1202 2747 1639 2816; x_wconf 87' lang='grc' dir='ltr'>προσεκτήσατο.</span> <span class='ocrx_word' id='word_1_210' title='bbox 1686 2748 1873 2814; x_wconf 83' lang='grc' dir='ltr'>Οὕτως</span> 
     </span>
    </p>
   </div>
   <div class='ocr_carea' id='block_1_31' title="bbox 288 2826 1873 2909">
    <p class='ocr_par' dir='ltr' id='par_1_31' title="bbox 288 2826 1873 2909">
     <span class='ocr_line' id='line_1_31' title="bbox 288 2826 1873 2909; baseline 0.011 -31"><span class='ocrx_word' id='word_1_211' title='bbox 288 2826 609 2898; x_wconf 82' lang='grc' dir='ltr'>Ἀγρίππας</span> <span class='ocrx_word' id='word_1_212' title='bbox 646 2830 894 2903; x_wconf 81' lang='grc' dir='ltr'>τελευτᾷ,</span> <span class='ocrx_word' id='word_1_213' title='bbox 927 2832 1023 2885; x_wconf 80' lang='grc' dir='ltr'><strong>τοῦ</strong></span> <span class='ocrx_word' id='word_1_214' title='bbox 1069 2833 1340 2903; x_wconf 84' lang='grc' dir='ltr'>βουϐῶνος</span> <span class='ocrx_word' id='word_1_215' title='bbox 1384 2838 1500 2908; x_wconf 85' lang='grc' dir='ltr'>(τοῦ</span> <span class='ocrx_word' id='word_1_216' title='bbox 1552 2839 1760 2909; x_wconf 89' lang='grc' dir='ltr'>πτηνοῦ</span> <span class='ocrx_word' id='word_1_217' title='bbox 1810 2842 1873 2895; x_wconf 86' lang='grc' dir='ltr'>δὲ</span> 
     </span>
    </p>
   </div>
   <div class='ocr_carea' id='block_1_32' title="bbox 272 2919 1872 3004">
    <p class='ocr_par' dir='ltr' id='par_1_32' title="bbox 272 2919 1872 3004">
     <span class='ocr_line' id='line_1_32' title="bbox 272 2919 1872 3004; baseline 0.011 -33"><span class='ocrx_word' id='word_1_218' title='bbox 272 2919 514 2987; x_wconf 89' lang='grc' dir='ltr'>γένους⁷</span> <span class='ocrx_word' id='word_1_219' title='bbox 570 2924 725 2995; x_wconf 85' lang='grc' dir='ltr'>παρὰ</span> <span class='ocrx_word' id='word_1_220' title='bbox 792 2924 1089 2995; x_wconf 84' lang='grc' dir='ltr'>Ῥωμαίοις</span> <span class='ocrx_word' id='word_1_221' title='bbox 1136 2928 1286 2981; x_wconf 71' lang='grc' dir='ltr'>ἐστὶν</span> <span class='ocrx_word' id='word_1_222' title='bbox 1340 2929 1486 2984; x_wconf 71' lang='grc' dir='ltr'>οὕτω</span> <span class='ocrx_word' id='word_1_223' title='bbox 1534 2932 1872 3004; x_wconf 84' lang='grc' dir='ltr'>καλούμενον</span> 
     </span>
    </p>
   </div>
   <div class='ocr_carea' id='block_1_33' title="bbox 272 3011 1871 3097">
    <p class='ocr_par' dir='ltr' id='par_1_33' title="bbox 272 3011 1871 3097">
     <span class='ocr_line' id='line_1_33' title="bbox 272 3011 1871 3097; baseline 0.009 -32"><span class='ocrx_word' id='word_1_224' title='bbox 272 3011 438 3082; x_wconf 81' lang='grc' dir='ltr'>ζῶον)</span> <span class='ocrx_word' id='word_1_225' title='bbox 474 3013 583 3084; x_wconf 83' lang='grc' dir='ltr'>πρὸ</span> <span class='ocrx_word' id='word_1_226' title='bbox 633 3015 797 3069; x_wconf 81' lang='grc' dir='ltr'>πέντε</span> <span class='ocrx_word' id='word_1_227' title='bbox 844 3018 944 3088; x_wconf 81' lang='grc' dir='ltr'>τῆς</span> <span class='ocrx_word' id='word_1_228' title='bbox 997 3020 1257 3092; x_wconf 77' lang='grc' dir='ltr'>τελευτῆς</span> <span class='ocrx_word' id='word_1_229' title='bbox 1312 3022 1446 3093; x_wconf 75' lang='grc'><strong>[518</strong></span> <span class='ocrx_word' id='word_1_230' title='bbox 1492 3024 1588 3096; x_wconf 76' lang='grc' dir='ltr'><strong>Η.]</strong></span> <span class='ocrx_word' id='word_1_231' title='bbox 1645 3026 1871 3097; x_wconf 80' lang='grc' dir='ltr'>ἡμερῶν</span> 
     </span>
    </p>
   </div>
   <div class='ocr_carea' id='block_1_34' title="bbox 273 3101 1872 3185">
    <p class='ocr_par' dir='ltr' id='par_1_34' title="bbox 273 3101 1872 3185">
     <span class='ocr_line' id='line_1_34' title="bbox 273 3101 1872 3185; baseline 0.009 -31"><span class='ocrx_word' id='word_1_232' title='bbox 273 3101 423 3172; x_wconf 81' lang='grc' dir='ltr'>ὑπὲρ</span> <span class='ocrx_word' id='word_1_233' title='bbox 457 3103 708 3173; x_wconf 79' lang='grc' dir='ltr'>κεφαλῆς</span> <span class='ocrx_word' id='word_1_234' title='bbox 752 3103 1081 3176; x_wconf 80' lang='grc' dir='ltr'>φανέντος,ᾧ</span> <span class='ocrx_word' id='word_1_235' title='bbox 1119 3110 1217 3164; x_wconf 76' lang='grc' dir='ltr'>καὶ</span> <span class='ocrx_word' id='word_1_236' title='bbox 1245 3111 1345 3182; x_wconf 81' lang='grc' dir='ltr'>τὴν</span> <span class='ocrx_word' id='word_1_237' title='bbox 1380 3111 1658 3181; x_wconf 91' lang='grc' dir='ltr'>βασιλείαν</span> <span class='ocrx_word' id='word_1_238' title='bbox 1702 3132 1872 3185; x_wconf 86' lang='grc' dir='ltr'>προσ-</span> 
     </span>
    </p>
   </div>
   <div class='ocr_carea' id='block_1_35' title="bbox 271 3193 1869 3274">
    <p class='ocr_par' dir='ltr' id='par_1_35' title="bbox 271 3193 1869 3274">
     <span class='ocr_line' id='line_1_35' title="bbox 271 3193 1869 3274; baseline 0.008 -29"><span class='ocrx_word' id='word_1_239' title='bbox 271 3193 531 3263; x_wconf 83' lang='grc' dir='ltr'>αγγεῖλαι</span> <span class='ocrx_word' id='word_1_240' title='bbox 568 3195 590 3226; x_wconf 82' lang='grc'>⁸</span> <span class='ocrx_word' id='word_1_241' title='bbox 625 3196 833 3266; x_wconf 82' lang='grc' dir='ltr'>νομίζει</span> <span class='ocrx_word' id='word_1_242' title='bbox 864 3199 1151 3269; x_wconf 87' lang='grc' dir='ltr'>Ἰώσηπος.</span> <span class='ocrx_word' id='word_1_243' title='bbox 1186 3201 1429 3274; x_wconf 84' lang='grc' dir='ltr'>Τελευτᾷ</span> <span class='ocrx_word' id='word_1_244' title='bbox 1461 3203 1506 3255; x_wconf 86' lang='grc' dir='ltr'>δ’</span> <span class='ocrx_word' id='word_1_245' title='bbox 1538 3202 1631 3257; x_wconf 81' lang='grc' dir='ltr'>οὖν</span> <span class='ocrx_word' id='word_1_246' title='bbox 1670 3206 1869 3271; x_wconf 87' lang='grc' dir='ltr'>παῖδας</span> 
     </span>
    </p>
   </div>
   <div class='ocr_carea' id='block_1_36' title="bbox 272 3283 1869 3367">
    <p class='ocr_par' dir='ltr' id='par_1_36' title="bbox 272 3283 1869 3367">
     <span class='ocr_line' id='line_1_36' title="bbox 272 3283 1869 3367; baseline 0.01 -30"><span class='ocrx_word' id='word_1_247' title='bbox 272 3283 450 3340; x_wconf 78' lang='grc' dir='ltr'>λιπὼν</span> <span class='ocrx_word' id='word_1_248' title='bbox 493 3288 557 3354; x_wconf 88' lang='grc' dir='ltr'>δ’,</span> <span class='ocrx_word' id='word_1_249' title='bbox 595 3288 804 3361; x_wconf 70' lang='grc' dir='ltr'>ἄρρενα</span> <span class='ocrx_word' id='word_1_250' title='bbox 848 3292 946 3362; x_wconf 88' lang='grc' dir='ltr'>μὲν</span> <span class='ocrx_word' id='word_1_251' title='bbox 998 3294 1331 3365; x_wconf 82' lang='grc' dir='ltr'>Ἀγρίππαν,</span> <span class='ocrx_word' id='word_1_252' title='bbox 1388 3297 1453 3361; x_wconf 78' lang='grc' dir='ltr'><strong>ιζ’</strong></span> <span class='ocrx_word' id='word_1_253' title='bbox 1492 3298 1611 3361; x_wconf 73' lang='grc' dir='ltr'>ἔτος</span> <span class='ocrx_word' id='word_1_254' title='bbox 1646 3298 1869 3367; x_wconf 80' lang='grc' dir='ltr'>ἄγοντα,</span> 
     </span>
    </p>
   </div>
   <div class='ocr_carea' id='block_1_37' title="bbox 272 3375 1869 3460">
    <p class='ocr_par' dir='ltr' id='par_1_37' title="bbox 272 3375 1869 3460">
     <span class='ocr_line' id='line_1_37' title="bbox 272 3375 1869 3460; baseline 0.011 -31"><span class='ocrx_word' id='word_1_255' title='bbox 272 3375 499 3446; x_wconf 82' lang='grc' dir='ltr'>θηλείας</span> <span class='ocrx_word' id='word_1_256' title='bbox 525 3380 585 3433; x_wconf 82' lang='grc' dir='ltr'>δὲ</span> <span class='ocrx_word' id='word_1_257' title='bbox 620 3388 669 3449; x_wconf 89' lang='grc' dir='ltr'>γ’</span> <span class='ocrx_word' id='word_1_258' title='bbox 708 3381 1007 3453; x_wconf 88' lang='grc' dir='ltr'>Βερενίκην</span> <span class='ocrx_word' id='word_1_259' title='bbox 1034 3386 1385 3459; x_wconf 85' lang='grc' dir='ltr'>Μαριάμμην</span> <span class='ocrx_word' id='word_1_260' title='bbox 1412 3388 1509 3441; x_wconf 72' lang='grc' dir='ltr'>καὶ</span> <span class='ocrx_word' id='word_1_261' title='bbox 1550 3391 1869 3460; x_wconf 83' lang='grc' dir='ltr'>Δρουσίλαν.</span> 
     </span>
    </p>
   </div>
   <div class='ocr_carea' id='block_1_38' title="bbox 267 3462 1873 3555">
    <p class='ocr_par' dir='ltr' id='par_1_38' title="bbox 267 3462 1873 3555">
     <span class='ocr_line' id='line_1_38' title="bbox 267 3462 1873 3555; baseline 0.011 -35"><span class='ocrx_word' id='word_1_262' title='bbox 267 3462 379 3521; x_wconf 81' lang='grc' dir='ltr'>Ὦν</span> <span class='ocrx_word' id='word_1_263' title='bbox 426 3471 460 3540; x_wconf 86' lang='grc' dir='ltr'><strong>ή</strong></span> <span class='ocrx_word' id='word_1_264' title='bbox 494 3472 595 3541; x_wconf 87' lang='grc' dir='ltr'>μὲν</span> <span class='ocrx_word' id='word_1_265' title='bbox 642 3471 763 3536; x_wconf 81' lang='grc' dir='ltr'>ἔτος</span> <span class='ocrx_word' id='word_1_266' title='bbox 790 3474 1001 3542; x_wconf 81' lang='grc' dir='ltr'>ἄγουσα</span> <span class='ocrx_word' id='word_1_267' title='bbox 1028 3483 1103 3542; x_wconf 81' lang='grc' dir='ltr'>ις’</span> <span class='ocrx_word' id='word_1_268' title='bbox 1147 3477 1363 3549; x_wconf 81' lang='grc' dir='ltr'>Ἡρώδῃ</span> <span class='ocrx_word' id='word_1_269' title='bbox 1395 3481 1603 3551; x_wconf 77' lang='grc' dir='ltr'>πατρὸς</span> <span class='ocrx_word' id='word_1_270' title='bbox 1658 3482 1873 3555; x_wconf 73' lang='grc' dir='ltr'>ἀδελᾳῷ</span> 
     </span>
    </p>
   </div>
   <div class='ocr_carea' id='block_1_39' title="bbox 1982 533 3567 604">
    <p class='ocr_par' dir='ltr' id='par_1_39' title="bbox 1982 533 3567 604">
     <span class='ocr_line' id='line_1_39' title="bbox 1982 533 3567 604; baseline -0.001 -14"><span class='ocrx_word' id='word_1_271' title='bbox 1982 552 2110 590; x_wconf 92' lang='lat' dir='ltr'><strong>num</strong></span> <span class='ocrx_word' id='word_1_272' title='bbox 2152 535 2294 604; x_wconf 89' lang='lat' dir='ltr'><strong>turpi</strong></span> <span class='ocrx_word' id='word_1_273' title='bbox 2330 535 2523 590; x_wconf 80' lang='lat' dir='ltr'><strong>exsilio</strong></span> <span class='ocrx_word' id='word_1_274' title='bbox 2563 534 2824 590; x_wconf 86' lang='lat' dir='ltr'><strong>multatus</strong></span> <span class='ocrx_word' id='word_1_275' title='bbox 2873 538 3107 592; x_wconf 60' lang='lat' dir='ltr'><strong>abeat&quot;.</strong></span> <span class='ocrx_word' id='word_1_276' title='bbox 3143 533 3407 589; x_wconf 83' lang='lat' dir='ltr'><strong>Herodias</strong></span> <span class='ocrx_word' id='word_1_277' title='bbox 3437 552 3567 589; x_wconf 90' lang='lat' dir='ltr'><strong>vero</strong></span> 
     </span>
    </p>
   </div>
   <div class='ocr_carea' id='block_1_40' title="bbox 1981 626 3571 683">
    <p class='ocr_par' dir='ltr' id='par_1_40' title="bbox 1981 626 3571 683">
     <span class='ocr_line' id='line_1_40' title="bbox 1981 626 3571 683; baseline 0 -1"><span class='ocrx_word' id='word_1_278' title='bbox 1981 628 2160 683; x_wconf 89' lang='lat' dir='ltr'><strong>libens</strong></span> <span class='ocrx_word' id='word_1_279' title='bbox 2182 644 2305 683; x_wconf 89' lang='lat' dir='ltr'><strong>cum</strong></span> <span class='ocrx_word' id='word_1_280' title='bbox 2338 628 2536 683; x_wconf 88' lang='lat' dir='ltr'><strong>marito</strong></span> <span class='ocrx_word' id='word_1_281' title='bbox 2567 629 2622 682; x_wconf 93' lang='lat' dir='ltr'><strong>in</strong></span> <span class='ocrx_word' id='word_1_282' title='bbox 2662 629 2913 683; x_wconf 82' lang='lat' dir='ltr'><strong>exsilium</strong></span> <span class='ocrx_word' id='word_1_283' title='bbox 2966 629 3132 683; x_wconf 91' lang='lat' dir='ltr'><strong>vadit.</strong></span> <span class='ocrx_word' id='word_1_284' title='bbox 3190 626 3571 683; x_wconf 84' lang='lat' dir='ltr'><strong>Tetrarchiam</strong></span> 
     </span>
    </p>
   </div>
   <div class='ocr_carea' id='block_1_41' title="bbox 1981 721 3573 791">
    <p class='ocr_par' dir='ltr' id='par_1_41' title="bbox 1981 721 3573 791">
     <span class='ocr_line' id='line_1_41' title="bbox 1981 721 3573 791; baseline -0.001 -15"><span class='ocrx_word' id='word_1_285' title='bbox 1981 722 2153 791; x_wconf 89' lang='lat' dir='ltr'><strong>ipsius</strong></span> <span class='ocrx_word' id='word_1_286' title='bbox 2176 721 2343 777; x_wconf 84' lang='lat' dir='ltr'><strong>Caius</strong></span> <span class='ocrx_word' id='word_1_287' title='bbox 2366 721 2616 791; x_wconf 65' lang='lat' dir='ltr'><strong>Agrippae</strong></span> <span class='ocrx_word' id='word_1_288' title='bbox 2649 722 2834 778; x_wconf 83' lang='lat' dir='ltr'><strong>tradit.</strong></span> <span class='ocrx_word' id='word_1_289' title='bbox 2868 722 3023 775; x_wconf 88' lang='lat' dir='ltr'><strong>Hunc</strong></span> <span class='ocrx_word' id='word_1_290' title='bbox 3046 722 3337 791; x_wconf 83' lang='lat' dir='ltr'><strong>Agrippam</strong></span> <span class='ocrx_word' id='word_1_291' title='bbox 3364 722 3430 772; x_wconf 88' lang='lat' dir='ltr'><strong>ad</strong></span> <span class='ocrx_word' id='word_1_292' title='bbox 3461 721 3573 775; x_wconf 78' lang='lat' dir='ltr'><strong>dis-</strong></span> 
     </span>
    </p>
   </div>
   <div class='ocr_carea' id='block_1_42' title="bbox 1978 812 3573 882">
    <p class='ocr_par' dir='ltr' id='par_1_42' title="bbox 1978 812 3573 882">
     <span class='ocr_line' id='line_1_42' title="bbox 1978 812 3573 882; baseline -0.001 -15"><span class='ocrx_word' id='word_1_293' title='bbox 1978 813 2188 867; x_wconf 87' lang='lat' dir='ltr'><strong>crimen</strong></span> <span class='ocrx_word' id='word_1_294' title='bbox 2241 812 2362 877; x_wconf 81' lang='lat' dir='ltr'><strong>iilii,</strong></span> <span class='ocrx_word' id='word_1_295' title='bbox 2400 812 2569 867; x_wconf 87' lang='lat' dir='ltr'><strong>etiam</strong></span> <span class='ocrx_word' id='word_1_296' title='bbox 2614 826 2867 881; x_wconf 87' lang='lat' dir='ltr'><strong>magnum</strong></span> <span class='ocrx_word' id='word_1_297' title='bbox 2907 812 3203 882; x_wconf 86' lang='lat' dir='ltr'><strong>Agrippam</strong></span> <span class='ocrx_word' id='word_1_298' title='bbox 3240 820 3458 878; x_wconf 89' lang='lat' dir='ltr'><strong>vocant,</strong></span> <span class='ocrx_word' id='word_1_299' title='bbox 3516 822 3573 866; x_wconf 86' lang='lat' dir='ltr'><strong>et</strong></span> 
     </span>
    </p>
   </div>
   <div class='ocr_carea' id='block_1_43' title="bbox 1980 902 3573 975">
    <p class='ocr_par' dir='ltr' id='par_1_43' title="bbox 1980 902 3573 975">
     <span class='ocr_line' id='line_1_43' title="bbox 1980 902 3573 975; baseline -0.001 -17"><span class='ocrx_word' id='word_1_300' title='bbox 1980 905 2280 975; x_wconf 88' lang='lat' dir='ltr'><strong>gratiosum</strong></span> <span class='ocrx_word' id='word_1_301' title='bbox 2313 904 2458 959; x_wconf 90' lang='lat' dir='ltr'><strong>hunc</strong></span> <span class='ocrx_word' id='word_1_302' title='bbox 2482 902 2756 973; x_wconf 85' lang='lat' dir='ltr'><strong>Josephus</strong></span> <span class='ocrx_word' id='word_1_303' title='bbox 2782 904 2857 957; x_wconf 88' lang='lat' dir='ltr'><strong>ait</strong></span> <span class='ocrx_word' id='word_1_304' title='bbox 2887 902 3089 959; x_wconf 75' lang='lat' dir='ltr'><strong>Judzeis</strong></span> <span class='ocrx_word' id='word_1_305' title='bbox 3118 905 3438 974; x_wconf 85' lang='lat' dir='ltr'><strong>imperasse.</strong></span> <span class='ocrx_word' id='word_1_306' title='bbox 3471 903 3573 957; x_wconf 85' lang='lat' dir='ltr'><strong>Hic</strong></span> 
     </span>
    </p>
   </div>
   <div class='ocr_carea' id='block_1_44' title="bbox 1980 994 3573 1065">
    <p class='ocr_par' dir='ltr' id='par_1_44' title="bbox 1980 994 3573 1065">
     <span class='ocr_line' id='line_1_44' title="bbox 1980 994 3573 1065; baseline 0.001 -16"><span class='ocrx_word' id='word_1_307' title='bbox 1980 994 2204 1061; x_wconf 68' lang='lat' dir='ltr'><strong>Iudaeis,</strong></span> <span class='ocrx_word' id='word_1_308' title='bbox 2228 1004 2286 1050; x_wconf 90' lang='lat' dir='ltr'><strong>ut</strong></span> <span class='ocrx_word' id='word_1_309' title='bbox 2308 996 2614 1060; x_wconf 84' lang='lat' dir='ltr'><strong>videbatur,</strong></span> <span class='ocrx_word' id='word_1_310' title='bbox 2640 1005 2850 1065; x_wconf 78' lang='lat' dir='ltr'><strong>gratum</strong></span> <span class='ocrx_word' id='word_1_311' title='bbox 2874 994 3101 1057; x_wconf 86' lang='lat' dir='ltr'><strong>faciens,</strong></span> <span class='ocrx_word' id='word_1_312' title='bbox 3120 996 3383 1051; x_wconf 71' lang='lat' dir='ltr'><strong>Iacobum</strong></span> <span class='ocrx_word' id='word_1_313' title='bbox 3404 995 3573 1051; x_wconf 82' lang='lat' dir='ltr'><strong>Joan—</strong></span> 
     </span>
    </p>
   </div>
   <div class='ocr_carea' id='block_1_45' title="bbox 1980 1088 3573 1160">
    <p class='ocr_par' dir='ltr' id='par_1_45' title="bbox 1980 1088 3573 1160">
     <span class='ocr_line' id='line_1_45' title="bbox 1980 1088 3573 1160; baseline 0.002 -18"><span class='ocrx_word' id='word_1_314' title='bbox 1980 1088 2066 1144; x_wconf 86' lang='lat' dir='ltr'><strong>nis</strong></span> <span class='ocrx_word' id='word_1_315' title='bbox 2116 1090 2339 1143; x_wconf 82' lang='lat' dir='ltr'><strong>fratrem</strong></span> <span class='ocrx_word' id='word_1_316' title='bbox 2387 1089 2565 1156; x_wconf 85' lang='lat' dir='ltr'><strong>gladio</strong></span> <span class='ocrx_word' id='word_1_317' title='bbox 2609 1090 2899 1157; x_wconf 87' lang='lat' dir='ltr'><strong>percussit,</strong></span> <span class='ocrx_word' id='word_1_318' title='bbox 2960 1098 3015 1143; x_wconf 90' lang='lat' dir='ltr'><strong>et</strong></span> <span class='ocrx_word' id='word_1_319' title='bbox 3057 1090 3424 1160; x_wconf 86' lang='lat' dir='ltr'><strong>apostolorum</strong></span> <span class='ocrx_word' id='word_1_320' title='bbox 3476 1106 3573 1145; x_wconf 70' lang='grc' dir='ltr'>εα-</span> 
     </span>
    </p>
   </div>
   <div class='ocr_carea' id='block_1_46' title="bbox 1983 1177 3572 1249">
    <p class='ocr_par' dir='ltr' id='par_1_46' title="bbox 1983 1177 3572 1249">
     <span class='ocr_line' id='line_1_46' title="bbox 1983 1177 3572 1249; baseline 0.004 -17"><span class='ocrx_word' id='word_1_321' title='bbox 1983 1190 2078 1249; x_wconf 85' lang='lat' dir='ltr'><strong>put</strong></span> <span class='ocrx_word' id='word_1_322' title='bbox 2098 1177 2320 1235; x_wconf 83' lang='lat' dir='ltr'><strong>Petrum</strong></span> <span class='ocrx_word' id='word_1_323' title='bbox 2350 1179 2545 1243; x_wconf 80' lang='lat' dir='ltr'><strong>voluit,</strong></span> <span class='ocrx_word' id='word_1_324' title='bbox 2579 1179 2709 1234; x_wconf 85' lang='lat' dir='ltr'><strong>licet</strong></span> <span class='ocrx_word' id='word_1_325' title='bbox 2730 1178 3085 1239; x_wconf 86' lang='lat' dir='ltr'><strong>aberraverit.</strong></span> <span class='ocrx_word' id='word_1_326' title='bbox 3116 1181 3371 1236; x_wconf 84' lang='lat' dir='ltr'><strong>occidere</strong></span> <span class='ocrx_word' id='word_1_327' title='bbox 3393 1188 3439 1236; x_wconf 89' lang='lat'><strong>°.</strong></span> <span class='ocrx_word' id='word_1_328' title='bbox 3470 1180 3572 1238; x_wconf 82' lang='lat' dir='ltr'><strong>Hic</strong></span> 
     </span>
    </p>
   </div>
   <div class='ocr_carea' id='block_1_47' title="bbox 1978 1270 3569 1341">
    <p class='ocr_par' dir='ltr' id='par_1_47' title="bbox 1978 1270 3569 1341">
     <span class='ocr_line' id='line_1_47' title="bbox 1978 1270 3569 1341; baseline 0.003 -21"><span class='ocrx_word' id='word_1_329' title='bbox 1978 1282 2045 1320; x_wconf 78' lang='lat' dir='ltr'><strong>ex</strong></span> <span class='ocrx_word' id='word_1_330' title='bbox 2092 1280 2320 1337; x_wconf 85' lang='lat' dir='ltr'><strong>argento</strong></span> <span class='ocrx_word' id='word_1_331' title='bbox 2372 1278 2680 1323; x_wconf 80' lang='lat' dir='ltr'><strong>contextam</strong></span> <span class='ocrx_word' id='word_1_332' title='bbox 2716 1279 2921 1323; x_wconf 85' lang='lat' dir='ltr'><strong>vestem</strong></span> <span class='ocrx_word' id='word_1_333' title='bbox 2964 1270 3208 1334; x_wconf 85' lang='lat' dir='ltr'><strong>indutus,</strong></span> <span class='ocrx_word' id='word_1_334' title='bbox 3258 1281 3310 1324; x_wconf 87' lang='lat' dir='ltr'><strong>et</strong></span> <span class='ocrx_word' id='word_1_335' title='bbox 3357 1270 3569 1341; x_wconf 88' lang='lat' dir='ltr'><strong>plebem</strong></span> 
     </span>
    </p>
   </div>
   <div class='ocr_carea' id='block_1_48' title="bbox 1979 1360 3574 1433">
    <p class='ocr_par' dir='ltr' id='par_1_48' title="bbox 1979 1360 3574 1433">
     <span class='ocr_line' id='line_1_48' title="bbox 1979 1360 3574 1433; baseline 0.003 -20"><span class='ocrx_word' id='word_1_336' title='bbox 1979 1360 2269 1423; x_wconf 91' lang='lat' dir='ltr'><strong>allocutus,</strong></span> <span class='ocrx_word' id='word_1_337' title='bbox 2301 1376 2424 1415; x_wconf 92' lang='lat' dir='ltr'><strong>cum</strong></span> <span class='ocrx_word' id='word_1_338' title='bbox 2456 1376 2619 1417; x_wconf 87' lang='lat' dir='ltr'><strong>voces</strong></span> <span class='ocrx_word' id='word_1_339' title='bbox 2655 1361 2769 1431; x_wconf 89' lang='lat'><strong>(89)</strong></span> <span class='ocrx_word' id='word_1_340' title='bbox 2810 1362 2928 1431; x_wconf 85' lang='lat' dir='ltr'><strong>ejus</strong></span> <span class='ocrx_word' id='word_1_341' title='bbox 2954 1362 3279 1433; x_wconf 86' lang='lat' dir='ltr'><strong>&#39;(postquam</strong></span> <span class='ocrx_word' id='word_1_342' title='bbox 3323 1372 3574 1418; x_wconf 87' lang='lat' dir='ltr'><strong>assenta-</strong></span> 
     </span>
    </p>
   </div>
   <div class='ocr_carea' id='block_1_49' title="bbox 1982 1454 3572 1527">
    <p class='ocr_par' dir='ltr' id='par_1_49' title="bbox 1982 1454 3572 1527">
     <span class='ocr_line' id='line_1_49' title="bbox 1982 1454 3572 1527; baseline 0.001 -20"><span class='ocrx_word' id='word_1_343' title='bbox 1982 1454 2143 1508; x_wconf 90' lang='lat' dir='ltr'><strong>tionis</strong></span> <span class='ocrx_word' id='word_1_344' title='bbox 2168 1455 2386 1507; x_wconf 81' lang='lat' dir='ltr'><strong>modum</strong></span> <span class='ocrx_word' id='word_1_345' title='bbox 2429 1457 2780 1519; x_wconf 81' lang='lat' dir='ltr'><strong>excessisset,</strong></span> <span class='ocrx_word' id='word_1_346' title='bbox 2822 1464 2876 1509; x_wconf 91' lang='lat' dir='ltr'><strong>et</strong></span> <span class='ocrx_word' id='word_1_347' title='bbox 2906 1457 2971 1509; x_wconf 89' lang='lat' dir='ltr'><strong>ad</strong></span> <span class='ocrx_word' id='word_1_348' title='bbox 3010 1471 3282 1509; x_wconf 88' lang='lat' dir='ltr'><strong>summam</strong></span> <span class='ocrx_word' id='word_1_349' title='bbox 3321 1457 3572 1527; x_wconf 84' lang='lat' dir='ltr'><strong>impieta-</strong></span> 
     </span>
    </p>
   </div>
   <div class='ocr_carea' id='block_1_50' title="bbox 1979 1547 3573 1619">
    <p class='ocr_par' dir='ltr' id='par_1_50' title="bbox 1979 1547 3573 1619">
     <span class='ocr_line' id='line_1_50' title="bbox 1979 1547 3573 1619; baseline 0.002 -18"><span class='ocrx_word' id='word_1_350' title='bbox 1979 1555 2086 1601; x_wconf 91' lang='lat' dir='ltr'><strong>tem</strong></span> <span class='ocrx_word' id='word_1_351' title='bbox 2110 1547 2471 1617; x_wconf 84' lang='lat' dir='ltr'><strong>pervenisset)</strong></span> <span class='ocrx_word' id='word_1_352' title='bbox 2503 1549 2755 1613; x_wconf 86' lang='lat' dir='ltr'><strong>audiens,</strong></span> <span class='ocrx_word' id='word_1_353' title='bbox 2788 1563 2892 1602; x_wconf 90' lang='lat' dir='ltr'><strong>non</strong></span> <span class='ocrx_word' id='word_1_354' title='bbox 2926 1547 3216 1617; x_wconf 85' lang='lat' dir='ltr'><strong>increpans</strong></span> <span class='ocrx_word' id='word_1_355' title='bbox 3244 1549 3429 1603; x_wconf 88' lang='lat' dir='ltr'><strong>statim</strong></span> <span class='ocrx_word' id='word_1_356' title='bbox 3453 1564 3573 1619; x_wconf 70' lang='lat' dir='ltr'><strong>pa:—</strong></span> 
     </span>
    </p>
   </div>
   <div class='ocr_carea' id='block_1_51' title="bbox 1980 1638 3570 1711">
    <p class='ocr_par' dir='ltr' id='par_1_51' title="bbox 1980 1638 3570 1711">
     <span class='ocr_line' id='line_1_51' title="bbox 1980 1638 3570 1711; baseline 0 -18"><span class='ocrx_word' id='word_1_357' title='bbox 1980 1652 2083 1694; x_wconf 88' lang='lat' dir='ltr'><strong>nas</strong></span> <span class='ocrx_word' id='word_1_358' title='bbox 2104 1639 2251 1695; x_wconf 86' lang='lat' dir='ltr'><strong>dedit</strong></span> <span class='ocrx_word' id='word_1_359' title='bbox 2281 1638 2528 1711; x_wconf 89' lang='lat' dir='ltr'><strong>,‘Iugcnti</strong></span> <span class='ocrx_word' id='word_1_360' title='bbox 2559 1640 2705 1694; x_wconf 92' lang='lat' dir='ltr'><strong>enim</strong></span> <span class='ocrx_word' id='word_1_361' title='bbox 2745 1639 2889 1694; x_wconf 87' lang='lat' dir='ltr'><strong>circa</strong></span> <span class='ocrx_word' id='word_1_362' title='bbox 2916 1649 3162 1695; x_wconf 86' lang='lat' dir='ltr'><strong>ventrem</strong></span> <span class='ocrx_word' id='word_1_363' title='bbox 3198 1639 3388 1695; x_wconf 90' lang='lat' dir='ltr'><strong>dolore</strong></span> <span class='ocrx_word' id='word_1_364' title='bbox 3418 1649 3570 1703; x_wconf 81' lang='lat' dir='ltr'><strong>nato,</strong></span> 
     </span>
    </p>
   </div>
   <div class='ocr_carea' id='block_1_52' title="bbox 1978 1732 3569 1801">
    <p class='ocr_par' dir='ltr' id='par_1_52' title="bbox 1978 1732 3569 1801">
     <span class='ocr_line' id='line_1_52' title="bbox 1978 1732 3569 1801; baseline 0.001 -16"><span class='ocrx_word' id='word_1_365' title='bbox 1978 1740 2102 1799; x_wconf 88' lang='lat' dir='ltr'><strong>post</strong></span> <span class='ocrx_word' id='word_1_366' title='bbox 2138 1732 2381 1801; x_wconf 91' lang='lat' dir='ltr'><strong>quinque</strong></span> <span class='ocrx_word' id='word_1_367' title='bbox 2422 1732 2541 1787; x_wconf 86' lang='lat' dir='ltr'><strong>dies</strong></span> <span class='ocrx_word' id='word_1_368' title='bbox 2584 1732 2908 1799; x_wconf 88' lang='lat' dir='ltr'><strong>absumptus</strong></span> <span class='ocrx_word' id='word_1_369' title='bbox 2955 1742 3039 1785; x_wconf 89' lang='lat' dir='ltr'><strong>est</strong></span> <span class='ocrx_word' id='word_1_370' title='bbox 3083 1749 3096 1785; x_wconf 91' lang='lat'><strong>:</strong></span> <span class='ocrx_word' id='word_1_371' title='bbox 3139 1732 3317 1787; x_wconf 76' lang='lat' dir='ltr'><strong>:etatis</strong></span> <span class='ocrx_word' id='word_1_372' title='bbox 3365 1747 3569 1786; x_wconf 90' lang='lat' dir='ltr'><strong>annum</strong></span> 
     </span>
    </p>
   </div>
   <div class='ocr_carea' id='block_1_53' title="bbox 1906 1818 3563 1894">
    <p class='ocr_par' dir='ltr' id='par_1_53' title="bbox 1906 1818 3563 1894">
     <span class='ocr_line' id='line_1_53' title="bbox 1906 1818 3563 1894; baseline 0.002 -21"><span class='ocrx_word' id='word_1_373' title='bbox 1906 1818 1949 1873; x_wconf 87' lang='grc' dir='ltr'><strong>Β</strong></span> <span class='ocrx_word' id='word_1_374' title='bbox 1979 1839 2143 1892; x_wconf 83' lang='lat' dir='ltr'><strong>agens</strong></span> <span class='ocrx_word' id='word_1_375' title='bbox 2188 1822 2697 1894; x_wconf 79' lang='lat' dir='ltr'><strong>quinquagesimum</strong></span> <span class='ocrx_word' id='word_1_376' title='bbox 2737 1833 3017 1891; x_wconf 88' lang='lat' dir='ltr'><strong>quartum,</strong></span> <span class='ocrx_word' id='word_1_377' title='bbox 3068 1824 3217 1894; x_wconf 88' lang='lat' dir='ltr'><strong>regni</strong></span> <span class='ocrx_word' id='word_1_378' title='bbox 3250 1824 3563 1892; x_wconf 88' lang='lat' dir='ltr'><strong>septimum.</strong></span> 
     </span>
    </p>
   </div>
   <div class='ocr_carea' id='block_1_54' title="bbox 1977 1912 3568 1984">
    <p class='ocr_par' dir='ltr' id='par_1_54' title="bbox 1977 1912 3568 1984">
     <span class='ocr_line' id='line_1_54' title="bbox 1977 1912 3568 1984; baseline 0.001 -19"><span class='ocrx_word' id='word_1_379' title='bbox 1977 1913 2219 1980; x_wconf 82' lang='lat' dir='ltr'><strong>Quorum</strong></span> <span class='ocrx_word' id='word_1_380' title='bbox 2251 1925 2487 1984; x_wconf 87' lang='lat' dir='ltr'><strong>quatuor</strong></span> <span class='ocrx_word' id='word_1_381' title='bbox 2519 1912 2653 1969; x_wconf 87' lang='lat' dir='ltr'><strong>Caio</strong></span> <span class='ocrx_word' id='word_1_382' title='bbox 2688 1912 2875 1968; x_wconf 66' lang='lat' dir='ltr'><strong>Romae</strong></span> <span class='ocrx_word' id='word_1_383' title='bbox 2923 1914 3247 1984; x_wconf 89' lang='lat' dir='ltr'><strong>imperante,</strong></span> <span class='ocrx_word' id='word_1_384' title='bbox 3280 1916 3568 1984; x_wconf 77' lang='lat' dir='ltr'><strong>regnavit;</strong></span> 
     </span>
    </p>
   </div>
   <div class='ocr_carea' id='block_1_55' title="bbox 1977 2004 3569 2077">
    <p class='ocr_par' dir='ltr' id='par_1_55' title="bbox 1977 2004 3569 2077">
     <span class='ocr_line' id='line_1_55' title="bbox 1977 2004 3569 2077; baseline 0.003 -20"><span class='ocrx_word' id='word_1_385' title='bbox 1977 2006 2152 2060; x_wconf 89' lang='lat' dir='ltr'><strong>tribus</strong></span> <span class='ocrx_word' id='word_1_386' title='bbox 2190 2006 2403 2060; x_wconf 60' lang='lat' dir='ltr'><strong>caeteris</strong></span> <span class='ocrx_word' id='word_1_387' title='bbox 2442 2004 2677 2075; x_wconf 89' lang='lat' dir='ltr'><strong>Philippi</strong></span> <span class='ocrx_word' id='word_1_388' title='bbox 2721 2007 2894 2060; x_wconf 90' lang='lat' dir='ltr'><strong>tenuit</strong></span> <span class='ocrx_word' id='word_1_389' title='bbox 2950 2007 3325 2072; x_wconf 84' lang='lat' dir='ltr'><strong>tetrarchiam,</strong></span> <span class='ocrx_word' id='word_1_390' title='bbox 3372 2018 3569 2077; x_wconf 87' lang='lat' dir='ltr'><strong>quarto</strong></span> 
     </span>
    </p>
   </div>
   <div class='ocr_carea' id='block_1_56' title="bbox 1975 2097 3571 2166">
    <p class='ocr_par' dir='ltr' id='par_1_56' title="bbox 1975 2097 3571 2166">
     <span class='ocr_line' id='line_1_56' title="bbox 1975 2097 3571 2166; baseline 0.001 -16"><span class='ocrx_word' id='word_1_391' title='bbox 1975 2111 2118 2150; x_wconf 86' lang='lat' dir='ltr'><strong>auuo</strong></span> <span class='ocrx_word' id='word_1_392' title='bbox 2147 2097 2419 2165; x_wconf 86' lang='lat' dir='ltr'><strong>accipiens</strong></span> <span class='ocrx_word' id='word_1_393' title='bbox 2456 2097 2685 2151; x_wconf 84' lang='lat' dir='ltr'><strong>Herodis</strong></span> <span class='ocrx_word' id='word_1_394' title='bbox 2718 2098 3093 2152; x_wconf 84' lang='lat' dir='ltr'><strong>tetrarchiam.</strong></span> <span class='ocrx_word' id='word_1_395' title='bbox 3148 2098 3406 2166; x_wconf 80' lang='lat' dir='ltr'><strong>Reliquos</strong></span> <span class='ocrx_word' id='word_1_396' title='bbox 3457 2109 3571 2153; x_wconf 87' lang='lat' dir='ltr'><strong>tres</strong></span> 
     </span>
    </p>
   </div>
   <div class='ocr_carea' id='block_1_57' title="bbox 1976 2190 3569 2260">
    <p class='ocr_par' dir='ltr' id='par_1_57' title="bbox 1976 2190 3569 2260">
     <span class='ocr_line' id='line_1_57' title="bbox 1976 2190 3569 2260; baseline 0 -15"><span class='ocrx_word' id='word_1_397' title='bbox 1976 2192 2076 2245; x_wconf 87' lang='lat' dir='ltr'><strong>sub</strong></span> <span class='ocrx_word' id='word_1_398' title='bbox 2097 2191 2346 2254; x_wconf 89' lang='lat' dir='ltr'><strong>Claudio,</strong></span> <span class='ocrx_word' id='word_1_399' title='bbox 2372 2191 2569 2260; x_wconf 87' lang='lat' dir='ltr'><strong>quibus</strong></span> <span class='ocrx_word' id='word_1_400' title='bbox 2589 2190 2856 2256; x_wconf 79' lang='lat' dir='ltr'><strong>Judaeam,</strong></span> <span class='ocrx_word' id='word_1_401' title='bbox 2886 2191 3215 2255; x_wconf 81' lang='lat' dir='ltr'><strong>Samariam,</strong></span> <span class='ocrx_word' id='word_1_402' title='bbox 3235 2190 3569 2259; x_wconf 66' lang='lat' dir='ltr'><strong>Cmsaream,</strong></span> 
     </span>
    </p>
   </div>
   <div class='ocr_carea' id='block_1_58' title="bbox 1975 2281 3569 2353">
    <p class='ocr_par' dir='ltr' id='par_1_58' title="bbox 1975 2281 3569 2353">
     <span class='ocr_line' id='line_1_58' title="bbox 1975 2281 3569 2353; baseline -0.001 -17"><span class='ocrx_word' id='word_1_403' title='bbox 1975 2282 2328 2353; x_wconf 87' lang='lat' dir='ltr'><strong>permittente</strong></span> <span class='ocrx_word' id='word_1_404' title='bbox 2377 2283 2611 2346; x_wconf 63' lang='lat' dir='ltr'><strong>Caesare,</strong></span> <span class='ocrx_word' id='word_1_405' title='bbox 2659 2282 2925 2351; x_wconf 91' lang='lat' dir='ltr'><strong>possedit.</strong></span> <span class='ocrx_word' id='word_1_406' title='bbox 2972 2282 3066 2336; x_wconf 88' lang='lat' dir='ltr'><strong>Sic</strong></span> <span class='ocrx_word' id='word_1_407' title='bbox 3114 2281 3253 2335; x_wconf 90' lang='lat' dir='ltr'><strong>obiit.</strong></span> <span class='ocrx_word' id='word_1_408' title='bbox 3304 2282 3569 2352; x_wconf 81' lang='lat' dir='ltr'><strong>Agrippa,</strong></span> 
     </span>
    </p>
   </div>
   <div class='ocr_carea' id='block_1_59' title="bbox 1975 2372 3571 2444">
    <p class='ocr_par' dir='ltr' id='par_1_59' title="bbox 1975 2372 3571 2444">
     <span class='ocr_line' id='line_1_59' title="bbox 1975 2372 3571 2444; baseline -0.002 -15"><span class='ocrx_word' id='word_1_409' title='bbox 1975 2375 2191 2429; x_wconf 90' lang='lat' dir='ltr'><strong>bubone</strong></span> <span class='ocrx_word' id='word_1_410' title='bbox 2218 2374 2358 2443; x_wconf 86' lang='lat' dir='ltr'><strong>(avis</strong></span> <span class='ocrx_word' id='word_1_411' title='bbox 2386 2388 2558 2444; x_wconf 88' lang='lat' dir='ltr'><strong>genus</strong></span> <span class='ocrx_word' id='word_1_412' title='bbox 2579 2374 2659 2428; x_wconf 92' lang='lat' dir='ltr'><strong>sic</strong></span> <span class='ocrx_word' id='word_1_413' title='bbox 2685 2373 2825 2443; x_wconf 88' lang='lat' dir='ltr'><strong>apud</strong></span> <span class='ocrx_word' id='word_1_414' title='bbox 2856 2372 3130 2428; x_wconf 83' lang='lat' dir='ltr'><strong>Romanos</strong></span> <span class='ocrx_word' id='word_1_415' title='bbox 3152 2373 3317 2444; x_wconf 81' lang='lat'><strong>317</strong></span> <span class='ocrx_word' id='word_1_416' title='bbox 3346 2390 3378 2427; x_wconf 93' lang='lat' dir='ltr'><strong>a</strong></span> <span class='ocrx_word' id='word_1_417' title='bbox 3410 2389 3571 2427; x_wconf 81' lang='lat' dir='ltr'><strong>voca-</strong></span> 
     </span>
    </p>
   </div>
   <div class='ocr_carea' id='block_1_60' title="bbox 1974 2465 3571 2537">
    <p class='ocr_par' dir='ltr' id='par_1_60' title="bbox 1974 2465 3571 2537">
     <span class='ocr_line' id='line_1_60' title="bbox 1974 2465 3571 2537; baseline -0.002 -15"><span class='ocrx_word' id='word_1_418' title='bbox 1974 2477 2086 2523; x_wconf 89' lang='lat' dir='ltr'><strong>turn</strong></span> <span class='ocrx_word' id='word_1_419' title='bbox 2114 2468 2219 2536; x_wconf 88' lang='lat' dir='ltr'><strong>est)</strong></span> <span class='ocrx_word' id='word_1_420' title='bbox 2265 2468 2507 2537; x_wconf 89' lang='lat' dir='ltr'><strong>quinque</strong></span> <span class='ocrx_word' id='word_1_421' title='bbox 2536 2476 2665 2520; x_wconf 88' lang='lat' dir='ltr'><strong>ante</strong></span> <span class='ocrx_word' id='word_1_422' title='bbox 2696 2475 2927 2521; x_wconf 87' lang='lat' dir='ltr'><strong>mortem</strong></span> <span class='ocrx_word' id='word_1_423' title='bbox 2964 2465 3157 2520; x_wconf 89' lang='lat' dir='ltr'><strong>diebus</strong></span> <span class='ocrx_word' id='word_1_424' title='bbox 3197 2481 3361 2533; x_wconf 84' lang='lat' dir='ltr'><strong>super</strong></span> <span class='ocrx_word' id='word_1_425' title='bbox 3390 2466 3571 2534; x_wconf 89' lang='lat' dir='ltr'><strong>capite</strong></span> 
     </span>
    </p>
   </div>
   <div class='ocr_carea' id='block_1_61' title="bbox 1973 2556 3570 2629">
    <p class='ocr_par' dir='ltr' id='par_1_61' title="bbox 1973 2556 3570 2629">
     <span class='ocr_line' id='line_1_61' title="bbox 1973 2556 3570 2629; baseline 0 -16"><span class='ocrx_word' id='word_1_426' title='bbox 1973 2568 2289 2628; x_wconf 89' lang='lat' dir='ltr'><strong>apparente,</strong></span> <span class='ocrx_word' id='word_1_427' title='bbox 2320 2558 2410 2628; x_wconf 91' lang='lat' dir='ltr'><strong>qui</strong></span> <span class='ocrx_word' id='word_1_428' title='bbox 2443 2567 2498 2612; x_wconf 92' lang='lat' dir='ltr'><strong>et</strong></span> <span class='ocrx_word' id='word_1_429' title='bbox 2528 2574 2756 2628; x_wconf 83' lang='lat' dir='ltr'><strong>regnum</strong></span> <span class='ocrx_word' id='word_1_430' title='bbox 2798 2559 3211 2629; x_wconf 60' lang='lat' dir='ltr'><strong>praenuntiassel</strong></span> <span class='ocrx_word' id='word_1_431' title='bbox 3235 2568 3382 2627; x_wconf 87' lang='lat' dir='ltr'><strong>putat</strong></span> <span class='ocrx_word' id='word_1_432' title='bbox 3413 2556 3570 2613; x_wconf 85' lang='lat' dir='ltr'><strong>Josc-</strong></span> 
     </span>
    </p>
   </div>
   <div class='ocr_carea' id='block_1_62' title="bbox 1974 2649 3569 2720">
    <p class='ocr_par' dir='ltr' id='par_1_62' title="bbox 1974 2649 3569 2720">
     <span class='ocr_line' id='line_1_62' title="bbox 1974 2649 3569 2720; baseline 0.001 -17"><span class='ocrx_word' id='word_1_433' title='bbox 1974 2652 2135 2720; x_wconf 87' lang='lat' dir='ltr'><strong>phus.</strong></span> <span class='ocrx_word' id='word_1_434' title='bbox 2169 2650 2398 2704; x_wconf 82' lang='lat' dir='ltr'><strong>Moritur</strong></span> <span class='ocrx_word' id='word_1_435' title='bbox 2431 2660 2665 2720; x_wconf 88' lang='lat' dir='ltr'><strong>quatuor</strong></span> <span class='ocrx_word' id='word_1_436' title='bbox 2692 2649 2895 2705; x_wconf 88' lang='lat' dir='ltr'><strong>relictis</strong></span> <span class='ocrx_word' id='word_1_437' title='bbox 2946 2650 3156 2715; x_wconf 90' lang='lat' dir='ltr'><strong>liberis,</strong></span> <span class='ocrx_word' id='word_1_438' title='bbox 3184 2649 3293 2703; x_wconf 79' lang='lat' dir='ltr'><strong>filio</strong></span> <span class='ocrx_word' id='word_1_439' title='bbox 3330 2651 3569 2720; x_wconf 81' lang='lat' dir='ltr'><strong>Agrippa</strong></span> 
     </span>
    </p>
   </div>
   <div class='ocr_carea' id='block_1_63' title="bbox 1974 2745 3571 2814">
    <p class='ocr_par' dir='ltr' id='par_1_63' title="bbox 1974 2745 3571 2814">
     <span class='ocr_line' id='line_1_63' title="bbox 1974 2745 3571 2814; baseline 0.002 -14"><span class='ocrx_word' id='word_1_440' title='bbox 1974 2745 2245 2800; x_wconf 90' lang='lat' dir='ltr'><strong>decimum</strong></span> <span class='ocrx_word' id='word_1_441' title='bbox 2263 2747 2559 2814; x_wconf 84' lang='lat' dir='ltr'><strong>septimum</strong></span> <span class='ocrx_word' id='word_1_442' title='bbox 2578 2746 2755 2800; x_wconf 63' lang='lat' dir='ltr'><strong>aetatis</strong></span> <span class='ocrx_word' id='word_1_443' title='bbox 2769 2761 2973 2800; x_wconf 87' lang='lat' dir='ltr'><strong>annum</strong></span> <span class='ocrx_word' id='word_1_444' title='bbox 2995 2756 3222 2814; x_wconf 79' lang='lat' dir='ltr'><strong>agente;</strong></span> <span class='ocrx_word' id='word_1_445' title='bbox 3249 2746 3421 2801; x_wconf 90' lang='lat' dir='ltr'><strong>tribus</strong></span> <span class='ocrx_word' id='word_1_446' title='bbox 3440 2762 3571 2803; x_wconf 84' lang='lat' dir='ltr'><strong>vero</strong></span> 
     </span>
    </p>
   </div>
   <div class='ocr_carea' id='block_1_64' title="bbox 1975 2836 3569 2908">
    <p class='ocr_par' dir='ltr' id='par_1_64' title="bbox 1975 2836 3569 2908">
     <span class='ocr_line' id='line_1_64' title="bbox 1975 2836 3569 2908; baseline 0.001 -18"><span class='ocrx_word' id='word_1_447' title='bbox 1975 2837 2192 2891; x_wconf 84' lang='lat' dir='ltr'><strong>ﬁliabus</strong></span> <span class='ocrx_word' id='word_1_448' title='bbox 2214 2837 2502 2904; x_wconf 88' lang='lat' dir='ltr'><strong>Berenice,</strong></span> <span class='ocrx_word' id='word_1_449' title='bbox 2548 2836 2852 2891; x_wconf 81' lang='lat' dir='ltr'><strong>Mariamne</strong></span> <span class='ocrx_word' id='word_1_450' title='bbox 2879 2876 2894 2901; x_wconf 89' lang='lat'><strong>,</strong></span> <span class='ocrx_word' id='word_1_451' title='bbox 2933 2847 2989 2893; x_wconf 88' lang='lat' dir='ltr'><strong>et</strong></span> <span class='ocrx_word' id='word_1_452' title='bbox 3026 2838 3261 2893; x_wconf 79' lang='lat' dir='ltr'><strong>Drusilla</strong></span> <span class='ocrx_word' id='word_1_453' title='bbox 3293 2856 3309 2892; x_wconf 90' lang='lat'><strong>:</strong></span> <span class='ocrx_word' id='word_1_454' title='bbox 3338 2853 3569 2908; x_wconf 87' lang='lat' dir='ltr'><strong>quarum</strong></span> 
     </span>
    </p>
   </div>
   <div class='ocr_carea' id='block_1_65' title="bbox 1975 2929 3571 3001">
    <p class='ocr_par' dir='ltr' id='par_1_65' title="bbox 1975 2929 3571 3001">
     <span class='ocr_line' id='line_1_65' title="bbox 1975 2929 3571 3001; baseline 0.003 -18"><span class='ocrx_word' id='word_1_455' title='bbox 1975 2929 2066 2983; x_wconf 91' lang='lat' dir='ltr'><strong>illa</strong></span> <span class='ocrx_word' id='word_1_456' title='bbox 2097 2940 2253 2993; x_wconf 83' lang='lat' dir='ltr'><strong>sexto</strong></span> <span class='ocrx_word' id='word_1_457' title='bbox 2296 2929 2511 2983; x_wconf 74' lang='lat' dir='ltr'><strong>decimo</strong></span> <span class='ocrx_word' id='word_1_458' title='bbox 2542 2929 2720 2984; x_wconf 70' lang='lat' dir='ltr'><strong>aetatis</strong></span> <span class='ocrx_word' id='word_1_459' title='bbox 2763 2944 2907 2983; x_wconf 90' lang='lat' dir='ltr'><strong>anno</strong></span> <span class='ocrx_word' id='word_1_460' title='bbox 2949 2929 3148 2985; x_wconf 83' lang='lat' dir='ltr'><strong>Herodi</strong></span> <span class='ocrx_word' id='word_1_461' title='bbox 3194 2932 3363 3001; x_wconf 88' lang='lat' dir='ltr'><strong>patris</strong></span> <span class='ocrx_word' id='word_1_462' title='bbox 3414 2932 3571 2988; x_wconf 84' lang='lat' dir='ltr'><strong>fratri</strong></span> 
     </span>
    </p>
   </div>
   <div class='ocr_carea' id='block_1_66' title="bbox 1976 3022 3571 3093">
    <p class='ocr_par' dir='ltr' id='par_1_66' title="bbox 1976 3022 3571 3093">
     <span class='ocr_line' id='line_1_66' title="bbox 1976 3022 3571 3093; baseline 0.002 -17"><span class='ocrx_word' id='word_1_463' title='bbox 1976 3023 2179 3092; x_wconf 87' lang='lat' dir='ltr'><strong>nupsit.</strong></span> <span class='ocrx_word' id='word_1_464' title='bbox 2224 3022 2524 3077; x_wconf 90' lang='lat' dir='ltr'><strong>Mariamne</strong></span> <span class='ocrx_word' id='word_1_465' title='bbox 2549 3022 2847 3086; x_wconf 90' lang='lat' dir='ltr'><strong>decimum,</strong></span> <span class='ocrx_word' id='word_1_466' title='bbox 2880 3023 3114 3079; x_wconf 88' lang='lat' dir='ltr'><strong>Drusilla</strong></span> <span class='ocrx_word' id='word_1_467' title='bbox 3148 3026 3438 3093; x_wconf 88' lang='lat' dir='ltr'><strong>septimum</strong></span> <span class='ocrx_word' id='word_1_468' title='bbox 3468 3040 3571 3079; x_wconf 85' lang='lat' dir='ltr'><strong>an-</strong></span> 
     </span>
    </p>
   </div>
   <div class='ocr_carea' id='block_1_67' title="bbox 1979 3114 3562 3181">
    <p class='ocr_par' dir='ltr' id='par_1_67' title="bbox 1979 3114 3562 3181">
     <span class='ocr_line' id='line_1_67' title="bbox 1979 3114 3562 3181; baseline 0.001 -12"><span class='ocrx_word' id='word_1_469' title='bbox 1979 3130 2107 3169; x_wconf 91' lang='lat' dir='ltr'><strong>num</strong></span> <span class='ocrx_word' id='word_1_470' title='bbox 2141 3115 2471 3170; x_wconf 82' lang='lat' dir='ltr'><strong>absolverat.</strong></span> <span class='ocrx_word' id='word_1_471' title='bbox 2502 3115 2649 3181; x_wconf 86' lang='lat' dir='ltr'><strong>Quas</strong></span> <span class='ocrx_word' id='word_1_472' title='bbox 2685 3114 2975 3170; x_wconf 88' lang='lat' dir='ltr'><strong>Sebasteni</strong></span> <span class='ocrx_word' id='word_1_473' title='bbox 3008 3115 3150 3169; x_wconf 92' lang='lat' dir='ltr'><strong>nulla</strong></span> <span class='ocrx_word' id='word_1_474' title='bbox 3174 3116 3242 3170; x_wconf 88' lang='lat' dir='ltr'><strong>de</strong></span> <span class='ocrx_word' id='word_1_475' title='bbox 3270 3131 3432 3171; x_wconf 89' lang='lat' dir='ltr'><strong>causa</strong></span> <span class='ocrx_word' id='word_1_476' title='bbox 3456 3116 3562 3171; x_wconf 90' lang='lat' dir='ltr'><strong>nisi</strong></span> 
     </span>
    </p>
   </div>
   <div class='ocr_carea' id='block_1_68' title="bbox 1974 3207 3571 3279">
    <p class='ocr_par' dir='ltr' id='par_1_68' title="bbox 1974 3207 3571 3279">
     <span class='ocr_line' id='line_1_68' title="bbox 1974 3207 3571 3279; baseline -0.001 -17"><span class='ocrx_word' id='word_1_477' title='bbox 1974 3209 2043 3262; x_wconf 86' lang='lat' dir='ltr'><strong>ob</strong></span> <span class='ocrx_word' id='word_1_478' title='bbox 2063 3222 2217 3261; x_wconf 88' lang='lat' dir='ltr'><strong>suam</strong></span> <span class='ocrx_word' id='word_1_479' title='bbox 2251 3208 2580 3262; x_wconf 87' lang='lat' dir='ltr'><strong>dementiam</strong></span> <span class='ocrx_word' id='word_1_480' title='bbox 2612 3207 2879 3262; x_wconf 82' lang='lat' dir='ltr'><strong>violenter</strong></span> <span class='ocrx_word' id='word_1_481' title='bbox 2910 3207 3208 3277; x_wconf 88' lang='lat' dir='ltr'><strong>rapientes,</strong></span> <span class='ocrx_word' id='word_1_482' title='bbox 3232 3218 3287 3262; x_wconf 86' lang='lat' dir='ltr'><strong>et</strong></span> <span class='ocrx_word' id='word_1_483' title='bbox 3321 3210 3371 3263; x_wconf 93' lang='lat' dir='ltr'><strong>in</strong></span> <span class='ocrx_word' id='word_1_484' title='bbox 3398 3207 3571 3279; x_wconf 80' lang='lat' dir='ltr'><strong>Lupa-</strong></span> 
     </span>
    </p>
   </div>
   <div class='ocr_carea' id='block_1_69' title="bbox 1976 3299 3564 3370">
    <p class='ocr_par' dir='ltr' id='par_1_69' title="bbox 1976 3299 3564 3370">
     <span class='ocr_line' id='line_1_69' title="bbox 1976 3299 3564 3370; baseline 0.002 -17"><span class='ocrx_word' id='word_1_485' title='bbox 1976 3299 2199 3354; x_wconf 89' lang='lat' dir='ltr'><strong>naribus</strong></span> <span class='ocrx_word' id='word_1_486' title='bbox 2227 3300 2579 3366; x_wconf 89' lang='lat' dir='ltr'><strong>collocantes,</strong></span> <span class='ocrx_word' id='word_1_487' title='bbox 2610 3315 2825 3355; x_wconf 87' lang='lat' dir='ltr'><strong>omnem</strong></span> <span class='ocrx_word' id='word_1_488' title='bbox 2845 3301 2898 3355; x_wconf 91' lang='lat' dir='ltr'><strong>in</strong></span> <span class='ocrx_word' id='word_1_489' title='bbox 2920 3301 3043 3355; x_wconf 90' lang='lat' dir='ltr'><strong>illas</strong></span> <span class='ocrx_word' id='word_1_490' title='bbox 3065 3301 3315 3370; x_wconf 88' lang='lat' dir='ltr'><strong>iujuriam</strong></span> <span class='ocrx_word' id='word_1_491' title='bbox 3344 3302 3564 3356; x_wconf 85' lang='lat' dir='ltr'><strong>fandam</strong></span> 
     </span>
    </p>
   </div>
   <div class='ocr_carea' id='block_1_70' title="bbox 1976 3389 3566 3461">
    <p class='ocr_par' dir='ltr' id='par_1_70' title="bbox 1976 3389 3566 3461">
     <span class='ocr_line' id='line_1_70' title="bbox 1976 3389 3566 3461; baseline 0.002 -17"><span class='ocrx_word' id='word_1_492' title='bbox 1976 3401 2139 3461; x_wconf 89' lang='lat' dir='ltr'><strong>atque</strong></span> <span class='ocrx_word' id='word_1_493' title='bbox 2171 3389 2450 3445; x_wconf 85' lang='lat' dir='ltr'><strong>infandam</strong></span> <span class='ocrx_word' id='word_1_494' title='bbox 2473 3393 2853 3447; x_wconf 88' lang='lat' dir='ltr'><strong>ostenderunt.</strong></span> <span class='ocrx_word' id='word_1_495' title='bbox 2892 3393 3101 3459; x_wconf 84' lang='lat' dir='ltr'><strong>Quibus</strong></span> <span class='ocrx_word' id='word_1_496' title='bbox 3129 3391 3378 3447; x_wconf 86' lang='lat' dir='ltr'><strong>infensus</strong></span> <span class='ocrx_word' id='word_1_497' title='bbox 3402 3393 3566 3448; x_wconf 84' lang='lat' dir='ltr'><strong>Clau-</strong></span> 
     </span>
    </p>
   </div>
   <div class='ocr_carea' id='block_1_71' title="bbox 1976 3484 3460 3556">
    <p class='ocr_par' dir='ltr' id='par_1_71' title="bbox 1976 3484 3460 3556">
     <span class='ocr_line' id='line_1_71' title="bbox 1976 3484 3460 3556; baseline 0 -17"><span class='ocrx_word' id='word_1_498' title='bbox 1976 3484 2123 3549; x_wconf 87' lang='lat' dir='ltr'><strong>ditts,</strong></span> <span class='ocrx_word' id='word_1_499' title='bbox 2158 3484 2292 3539; x_wconf 90' lang='lat' dir='ltr'><strong>nihil</strong></span> <span class='ocrx_word' id='word_1_500' title='bbox 2319 3497 2497 3540; x_wconf 89' lang='lat' dir='ltr'><strong>tamen</strong></span> <span class='ocrx_word' id='word_1_501' title='bbox 2534 3486 2757 3556; x_wconf 85' lang='lat' dir='ltr'><strong>dignum</strong></span> <span class='ocrx_word' id='word_1_502' title='bbox 2796 3486 2899 3540; x_wconf 90' lang='lat' dir='ltr'><strong>hac</strong></span> <span class='ocrx_word' id='word_1_503' title='bbox 2934 3485 3226 3539; x_wconf 84' lang='lat' dir='ltr'><strong>insolentia</strong></span> <span class='ocrx_word' id='word_1_504' title='bbox 3256 3486 3460 3541; x_wconf 81' lang='lat' dir='ltr'><strong>eﬂ&#39;ecit.</strong></span> 
     </span>
    </p>
   </div>
   <div class='ocr_carea' id='block_1_72' title="bbox 268 3562 3569 3649">
    <p class='ocr_par' dir='ltr' id='par_1_72' title="bbox 268 3562 3569 3649">
     <span class='ocr_line' id='line_1_72' title="bbox 268 3562 3569 3649; baseline 0.005 -36"><span class='ocrx_word' id='word_1_505' title='bbox 268 3562 615 3634; x_wconf 72' lang='grc' dir='ltr'>ἐγεγάμητο,</span> <span class='ocrx_word' id='word_1_506' title='bbox 646 3566 965 3639; x_wconf 80' lang='grc' dir='ltr'>Μαριάμμῃ</span> <span class='ocrx_word' id='word_1_507' title='bbox 990 3568 1035 3620; x_wconf 84' lang='grc' dir='ltr'>δ’</span> <span class='ocrx_word' id='word_1_508' title='bbox 1065 3570 1261 3639; x_wconf 74' lang='grc' dir='ltr'>ἠνύετο</span> <span class='ocrx_word' id='word_1_509' title='bbox 1292 3573 1518 3626; x_wconf 86' lang='grc' dir='ltr'>δέκατον</span> <span class='ocrx_word' id='word_1_510' title='bbox 1560 3576 1656 3629; x_wconf 79' lang='grc' dir='ltr'>καὶ</span> <span class='ocrx_word' id='word_1_511' title='bbox 1707 3576 1980 3649; x_wconf 81' lang='grc' dir='ltr'>Δρουσίλᾳ</span> <span class='ocrx_word' id='word_1_512' title='bbox 2045 3576 2205 3631; x_wconf 73' lang='grc' dir='ltr'>ἕκτον</span> <span class='ocrx_word' id='word_1_513' title='bbox 2231 3593 2245 3606; x_wconf 88' lang='grc'><strong>·</strong></span> <span class='ocrx_word' id='word_1_514' title='bbox 2318 3577 2386 3641; x_wconf 76' lang='grc' dir='ltr'><strong>εις</strong></span> <span class='ocrx_word' id='word_1_515' title='bbox 2422 3579 2471 3631; x_wconf 79' lang='grc' dir='ltr'>οἱ</span> <span class='ocrx_word' id='word_1_516' title='bbox 2525 3577 2860 3648; x_wconf 75' lang='grc' dir='ltr'>Σεϐαστηνοὶ</span> <span class='ocrx_word' id='word_1_517' title='bbox 2913 3578 3034 3630; x_wconf 81' lang='grc' dir='ltr'>κατ’</span> <span class='ocrx_word' id='word_1_518' title='bbox 3080 3577 3335 3649; x_wconf 79' lang='grc' dir='ltr'>οὐδεμίαν</span> <span class='ocrx_word' id='word_1_519' title='bbox 3400 3579 3569 3648; x_wconf 78' lang='grc' dir='ltr'>ἄλλην</span> 
     </span>
    </p>
   </div>
   <div class='ocr_carea' id='block_1_73' title="bbox 268 3653 3569 3745">
    <p class='ocr_par' dir='ltr' id='par_1_73' title="bbox 268 3653 3569 3745">
     <span class='ocr_line' id='line_1_73' title="bbox 268 3653 3569 3745; baseline 0.007 -42"><span class='ocrx_word' id='word_1_520' title='bbox 268 3653 553 3721; x_wconf 78' lang='grc' dir='ltr'>πρόφασιν</span> <span class='ocrx_word' id='word_1_521' title='bbox 586 3657 730 3728; x_wconf 80' lang='grc' dir='ltr'>πλὴν</span> <span class='ocrx_word' id='word_1_522' title='bbox 757 3658 856 3710; x_wconf 80' lang='grc' dir='ltr'>τοῦ</span> <span class='ocrx_word' id='word_1_523' title='bbox 892 3660 1134 3731; x_wconf 85' lang='grc' dir='ltr'>μανῆναι</span> <span class='ocrx_word' id='word_1_524' title='bbox 1153 3664 1523 3734; x_wconf 81' lang='grc' dir='ltr'>ιάρπάσαντες</span> <span class='ocrx_word' id='word_1_525' title='bbox 1554 3668 1750 3741; x_wconf 88' lang='grc' dir='ltr'>ἀθρόον</span> <span class='ocrx_word' id='word_1_526' title='bbox 1778 3672 1874 3725; x_wconf 79' lang='grc' dir='ltr'>καὶ</span> <span class='ocrx_word' id='word_1_527' title='bbox 1913 3673 2188 3743; x_wconf 89' lang='grc' dir='ltr'>πορνείοις</span> <span class='ocrx_word' id='word_1_528' title='bbox 2213 3672 2747 3741; x_wconf 77' lang='grc' dir='ltr'>ὲγκαταστήσαντες,</span> <span class='ocrx_word' id='word_1_529' title='bbox 2777 3673 2961 3725; x_wconf 78' lang='grc' dir='ltr'>πᾶσαν</span> <span class='ocrx_word' id='word_1_530' title='bbox 2985 3672 3176 3734; x_wconf 84' lang='grc' dir='ltr'>αὐταῖς</span> <span class='ocrx_word' id='word_1_531' title='bbox 3212 3723 3232 3737; x_wconf 45' lang='grc' dir='ltr'><strong>ι</strong></span> <span class='ocrx_word' id='word_1_532' title='bbox 3251 3671 3410 3743; x_wconf 78' lang='grc' dir='ltr'>ὕϐριν</span> <span class='ocrx_word' id='word_1_533' title='bbox 3470 3676 3569 3745; x_wconf 84' lang='grc' dir='ltr'>ρη,</span> 
     </span>
    </p>
   </div>
   <div class='ocr_carea' id='block_1_74' title="bbox 267 3747 3425 3837">
    <p class='ocr_par' dir='ltr' id='par_1_74' title="bbox 267 3747 3425 3837">
     <span class='ocr_line' id='line_1_74' title="bbox 267 3747 3425 3837; baseline 0.007 -39"><span class='ocrx_word' id='word_1_534' title='bbox 267 3747 377 3815; x_wconf 84' lang='grc' dir='ltr'>τὴν</span> <span class='ocrx_word' id='word_1_535' title='bbox 404 3747 502 3801; x_wconf 78' lang='grc' dir='ltr'>καὶ</span> <span class='ocrx_word' id='word_1_536' title='bbox 537 3748 781 3819; x_wconf 79' lang='grc' dir='ltr'>ἄρρητον</span> <span class='ocrx_word' id='word_1_537' title='bbox 811 3752 1177 3817; x_wconf 76' lang='grc' dir='ltr'>ἐπεδείξαντο.</span> <span class='ocrx_word' id='word_1_538' title='bbox 1212 3754 1309 3820; x_wconf 77' lang='grc' dir='ltr'>Οἷς</span> <span class='ocrx_word' id='word_1_539' title='bbox 1337 3760 1651 3831; x_wconf 88' lang='grc' dir='ltr'>χαλεπήνας</span> <span class='ocrx_word' id='word_1_540' title='bbox 1684 3764 1952 3830; x_wconf 84' lang='grc' dir='ltr'>Κλαύδιος</span> <span class='ocrx_word' id='word_1_541' title='bbox 1987 3765 2140 3836; x_wconf 81' lang='grc' dir='ltr'>ὅμως</span> <span class='ocrx_word' id='word_1_542' title='bbox 2166 3765 2320 3820; x_wconf 80' lang='grc' dir='ltr'>οὐδὲν</span> <span class='ocrx_word' id='word_1_543' title='bbox 2354 3765 2505 3831; x_wconf 80' lang='grc' dir='ltr'>ἄξιον</span> <span class='ocrx_word' id='word_1_544' title='bbox 2532 3768 2632 3835; x_wconf 83' lang='grc' dir='ltr'>τῆς</span> <span class='ocrx_word' id='word_1_545' title='bbox 2659 3767 3009 3837; x_wconf 86' lang='grc' dir='ltr'>παρανομίας</span> <span class='ocrx_word' id='word_1_546' title='bbox 3042 3764 3425 3833; x_wconf 69' lang='grc' dir='ltr'>εἰσεπράξατο.</span> 
     </span>
    </p>
   </div>
   <div class='ocr_carea' id='block_1_75' title="bbox 359 3838 1869 3926">
    <p class='ocr_par' dir='ltr' id='par_1_75' title="bbox 359 3838 1869 3926">
     <span class='ocr_line' id='line_1_75' title="bbox 359 3838 1869 3926; baseline 0.011 -36"><span class='ocrx_word' id='word_1_547' title='bbox 359 3838 483 3891; x_wconf 82' lang='grc' dir='ltr'>Ὅτι</span> <span class='ocrx_word' id='word_1_548' title='bbox 523 3839 833 3911; x_wconf 83' lang='grc' dir='ltr'>’Δγρίππας</span> <span class='ocrx_word' id='word_1_549' title='bbox 874 3843 1014 3896; x_wconf 81' lang='grc' dir='ltr'>ὁτοῦ</span> <span class='ocrx_word' id='word_1_550' title='bbox 1070 3845 1378 3917; x_wconf 80' lang='grc' dir='ltr'>Ἀγρίππου</span> <span class='ocrx_word' id='word_1_551' title='bbox 1432 3854 1563 3915; x_wconf 90' lang='grc' dir='ltr'>παῖς</span> <span class='ocrx_word' id='word_1_552' title='bbox 1610 3853 1869 3926; x_wconf 85' lang='grc' dir='ltr'>τελευτή-</span> 
     </span>
    </p>
   </div>
   <div class='ocr_carea' id='block_1_76' title="bbox 272 3930 1872 4013">
    <p class='ocr_par' dir='ltr' id='par_1_76' title="bbox 272 3930 1872 4013">
     <span class='ocr_line' id='line_1_76' title="bbox 272 3930 1872 4013; baseline 0.01 -30"><span class='ocrx_word' id='word_1_553' title='bbox 272 3945 471 3992; x_wconf 85' lang='grc' dir='ltr'>σαντος</span> <span class='ocrx_word' id='word_1_554' title='bbox 500 3930 651 4001; x_wconf 85' lang='grc' dir='ltr'>αὑτῷ</span> <span class='ocrx_word' id='word_1_555' title='bbox 676 3931 771 3985; x_wconf 82' lang='grc' dir='ltr'>τοῦ</span> <span class='ocrx_word' id='word_1_556' title='bbox 794 3934 1000 4003; x_wconf 81' lang='grc' dir='ltr'>πατρὸς</span> <span class='ocrx_word' id='word_1_557' title='bbox 1023 3937 1104 3999; x_wconf 81' lang='grc' dir='ltr'><strong>είς</strong></span> <span class='ocrx_word' id='word_1_558' title='bbox 1146 3936 1367 4009; x_wconf 86' lang='grc' dir='ltr'>Ῥώμην</span> <span class='ocrx_word' id='word_1_559' title='bbox 1388 3942 1637 4013; x_wconf 82' lang='grc' dir='ltr'>ἀπαίρει.</span> <span class='ocrx_word' id='word_1_560' title='bbox 1690 3944 1872 3998; x_wconf 82' lang='grc' dir='ltr'>Κλαύ-</span> 
     </span>
    </p>
   </div>
   <div class='ocr_carea' id='block_1_77' title="bbox 268 4020 1865 4107">
    <p class='ocr_par' dir='ltr' id='par_1_77' title="bbox 268 4020 1865 4107">
     <span class='ocr_line' id='line_1_77' title="bbox 268 4020 1865 4107; baseline 0.01 -32"><span class='ocrx_word' id='word_1_561' title='bbox 268 4021 385 4083; x_wconf 81' lang='grc' dir='ltr'>διος</span> <span class='ocrx_word' id='word_1_562' title='bbox 413 4020 457 4073; x_wconf 85' lang='grc' dir='ltr'>δ’</span> <span class='ocrx_word' id='word_1_563' title='bbox 491 4022 644 4093; x_wconf 80' lang='grc' dir='ltr'>αὐτῷ</span> <span class='ocrx_word' id='word_1_564' title='bbox 664 4023 765 4093; x_wconf 79' lang='grc' dir='ltr'>τὴν</span> <span class='ocrx_word' id='word_1_565' title='bbox 804 4025 1066 4097; x_wconf 83' lang='grc' dir='ltr'>πατρῴαν</span> <span class='ocrx_word' id='word_1_566' title='bbox 1091 4029 1267 4100; x_wconf 83' lang='grc' dir='ltr'>ἀρχὴν</span> <span class='ocrx_word' id='word_1_567' title='bbox 1298 4032 1530 4100; x_wconf 81' lang='grc' dir='ltr'>ἐγνώκει</span> <span class='ocrx_word' id='word_1_568' title='bbox 1549 4036 1865 4107; x_wconf 72' lang='grc' dir='ltr'>χειρίζεινο,</span> 
     </span>
    </p>
   </div>
   <div class='ocr_carea' id='block_1_78' title="bbox 268 4115 1865 4201">
    <p class='ocr_par' dir='ltr' id='par_1_78' title="bbox 268 4115 1865 4201">
     <span class='ocr_line' id='line_1_78' title="bbox 268 4115 1865 4201; baseline 0.012 -34"><span class='ocrx_word' id='word_1_569' title='bbox 268 4116 577 4178; x_wconf 72' lang='grc' dir='ltr'>ἁνακοπεὶς</span> <span class='ocrx_word' id='word_1_570' title='bbox 628 4115 673 4169; x_wconf 88' lang='grc' dir='ltr'>δ’</span> <span class='ocrx_word' id='word_1_571' title='bbox 729 4116 889 4172; x_wconf 73' lang='grc' dir='ltr'>ἐνίων</span> <span class='ocrx_word' id='word_1_572' title='bbox 955 4119 1172 4190; x_wconf 89' lang='grc' dir='ltr'>βουλαῖς</span> <span class='ocrx_word' id='word_1_573' title='bbox 1226 4124 1289 4176; x_wconf 83' lang='grc' dir='ltr'>τὸ</span> <span class='ocrx_word' id='word_1_574' title='bbox 1338 4127 1456 4180; x_wconf 91' lang='grc' dir='ltr'>νέον</span> <span class='ocrx_word' id='word_1_575' title='bbox 1513 4131 1613 4199; x_wconf 84' lang='grc' dir='ltr'>τῆς</span> <span class='ocrx_word' id='word_1_576' title='bbox 1651 4131 1865 4201; x_wconf 82' lang='grc' dir='ltr'>ἡλικίας</span> 
     </span>
    </p>
   </div>
   <div class='ocr_carea' id='block_1_79' title="bbox 285 4206 1868 4291">
    <p class='ocr_par' dir='ltr' id='par_1_79' title="bbox 285 4206 1868 4291">
     <span class='ocr_line' id='line_1_79' title="bbox 285 4206 1868 4291; baseline 0.01 -31"><span class='ocrx_word' id='word_1_577' title='bbox 285 4206 572 4277; x_wconf 80' lang='grc' dir='ltr'>Ἀγρίππα</span> <span class='ocrx_word' id='word_1_578' title='bbox 621 4209 1051 4280; x_wconf 74' lang='grc' dir='ltr'>αἰτιασαμένων,</span> <span class='ocrx_word' id='word_1_579' title='bbox 1104 4214 1275 4268; x_wconf 79' lang='grc' dir='ltr'>Φάδον</span> <span class='ocrx_word' id='word_1_580' title='bbox 1308 4218 1407 4286; x_wconf 81' lang='grc' dir='ltr'>μὲν</span> <span class='ocrx_word' id='word_1_581' title='bbox 1444 4221 1742 4291; x_wconf 76' lang='grc' dir='ltr'>ἐπίτροπον</span> <span class='ocrx_word' id='word_1_582' title='bbox 1781 4225 1868 4276; x_wconf 78' lang='grc' dir='ltr'><strong>ἐκ·</strong></span> 
     </span>
    </p>
   </div>
   <div class='ocr_carea' id='block_1_80' title="bbox 268 4296 1863 4377">
    <p class='ocr_par' dir='ltr' id='par_1_80' title="bbox 268 4296 1863 4377">
     <span class='ocr_line' id='line_1_80' title="bbox 268 4296 1863 4377; baseline 0.013 -30"><span class='ocrx_word' id='word_1_583' title='bbox 268 4296 488 4365; x_wconf 75' lang='grc' dir='ltr'>πέμπει</span> <span class='ocrx_word' id='word_1_584' title='bbox 550 4298 649 4367; x_wconf 84' lang='grc' dir='ltr'>τῆς</span> <span class='ocrx_word' id='word_1_585' title='bbox 701 4299 981 4368; x_wconf 83' lang='grc' dir='ltr'>Ἰουδαίας,</span> <span class='ocrx_word' id='word_1_586' title='bbox 1056 4302 1366 4375; x_wconf 86' lang='grc' dir='ltr'>Ἀγρίππαν</span> <span class='ocrx_word' id='word_1_587' title='bbox 1434 4309 1490 4361; x_wconf 84' lang='grc' dir='ltr'>δὲ</span> <span class='ocrx_word' id='word_1_588' title='bbox 1548 4311 1863 4377; x_wconf 83' lang='grc' dir='ltr'>Χαλκίδος,</span> 
     </span>
    </p>
   </div>
   <div class='ocr_carea' id='block_1_81' title="bbox 280 4387 1866 4474">
    <p class='ocr_par' dir='ltr' id='par_1_81' title="bbox 280 4387 1866 4474">
     <span class='ocr_line' id='line_1_81' title="bbox 280 4387 1866 4474; baseline 0.009 -31"><span class='ocrx_word' id='word_1_589' title='bbox 280 4387 533 4458; x_wconf 83' lang='grc' dir='ltr'>Ἡρώδου</span> <span class='ocrx_word' id='word_1_590' title='bbox 557 4389 991 4460; x_wconf 82' lang='grc' dir='ltr'>τελευτήσαντος</span> <span class='ocrx_word' id='word_1_591' title='bbox 1020 4394 1114 4447; x_wconf 81' lang='grc' dir='ltr'>τοῦ</span> <span class='ocrx_word' id='word_1_592' title='bbox 1148 4396 1354 4468; x_wconf 88' lang='grc' dir='ltr'>ταύτης</span> <span class='ocrx_word' id='word_1_593' title='bbox 1404 4399 1620 4471; x_wconf 78' lang='grc' dir='ltr'>ἔχοντος</span> <span class='ocrx_word' id='word_1_594' title='bbox 1646 4404 1747 4473; x_wconf 82' lang='grc' dir='ltr'>τὴν</span> <span class='ocrx_word' id='word_1_595' title='bbox 1771 4403 1866 4474; x_wconf 90' lang='grc' dir='ltr'>βα-</span> 
     </span>
    </p>
   </div>
   <div class='ocr_carea' id='block_1_82' title="bbox 269 4478 1865 4566">
    <p class='ocr_par' dir='ltr' id='par_1_82' title="bbox 269 4478 1865 4566">
     <span class='ocr_line' id='line_1_82' title="bbox 269 4478 1865 4566; baseline 0.012 -35"><span class='ocrx_word' id='word_1_596' title='bbox 269 4478 505 4543; x_wconf 86' lang='grc' dir='ltr'>σιλείαν,</span> <span class='ocrx_word' id='word_1_597' title='bbox 537 4482 618 4543; x_wconf 86' lang='grc' dir='ltr'><strong>είς</strong></span> <span class='ocrx_word' id='word_1_598' title='bbox 655 4481 881 4549; x_wconf 83' lang='grc' dir='ltr'>βασιλέα</span> <span class='ocrx_word' id='word_1_599' title='bbox 920 4484 1237 4558; x_wconf 88' lang='grc' dir='ltr'>καθίστησι.</span> <span class='ocrx_word' id='word_1_600' title='bbox 1289 4492 1448 4544; x_wconf 72' lang='grc' dir='ltr'>Μετὰ</span> <span class='ocrx_word' id='word_1_601' title='bbox 1498 4493 1555 4546; x_wconf 86' lang='grc' dir='ltr'>δὲ</span> <span class='ocrx_word' id='word_1_602' title='bbox 1601 4495 1865 4566; x_wconf 89' lang='grc' dir='ltr'>τέταρτον</span> 
     </span>
    </p>
   </div>
   <div class='ocr_carea' id='block_1_83' title="bbox 2051 3854 3669 3926">
    <p class='ocr_par' dir='ltr' id='par_1_83' title="bbox 2051 3854 3669 3926">
     <span class='ocr_line' id='line_1_83' title="bbox 2051 3854 3669 3926; baseline -0.001 -16"><span class='ocrx_word' id='word_1_603' title='bbox 2051 3857 2291 3926; x_wconf 78' lang='lat' dir='ltr'><strong>Agrippa</strong></span> <span class='ocrx_word' id='word_1_604' title='bbox 2344 3856 2596 3925; x_wconf 69' lang='lat' dir='ltr'><strong>Agrippa:</strong></span> <span class='ocrx_word' id='word_1_605' title='bbox 2645 3855 2810 3920; x_wconf 84' lang='lat' dir='ltr'><strong>filius,</strong></span> <span class='ocrx_word' id='word_1_606' title='bbox 2860 3864 3077 3911; x_wconf 90' lang='lat' dir='ltr'><strong>mortuo</strong></span> <span class='ocrx_word' id='word_1_607' title='bbox 3133 3865 3285 3925; x_wconf 85' lang='lat' dir='ltr'><strong>patre</strong></span> <span class='ocrx_word' id='word_1_608' title='bbox 3339 3854 3567 3909; x_wconf 76' lang='lat' dir='ltr'><strong>Romam</strong></span> <span class='ocrx_word' id='word_1_609' title='bbox 3660 3906 3669 3915; x_wconf 88' lang='grc'><strong>,</strong></span> 
     </span>
    </p>
   </div>
   <div class='ocr_carea' id='block_1_84' title="bbox 1978 3946 3568 4019">
    <p class='ocr_par' dir='ltr' id='par_1_84' title="bbox 1978 3946 3568 4019">
     <span class='ocr_line' id='line_1_84' title="bbox 1978 3946 3568 4019; baseline 0.002 -19"><span class='ocrx_word' id='word_1_610' title='bbox 1978 3949 2218 4017; x_wconf 81' lang='lat' dir='ltr'><strong>navigat.</strong></span> <span class='ocrx_word' id='word_1_611' title='bbox 2250 3946 2510 4002; x_wconf 89' lang='lat' dir='ltr'><strong>Claudius</strong></span> <span class='ocrx_word' id='word_1_612' title='bbox 2540 3962 2669 4002; x_wconf 90' lang='lat' dir='ltr'><strong>vero</strong></span> <span class='ocrx_word' id='word_1_613' title='bbox 2696 3949 2769 4002; x_wconf 93' lang='lat' dir='ltr'><strong>illi</strong></span> <span class='ocrx_word' id='word_1_614' title='bbox 2794 3958 3081 4017; x_wconf 84' lang='lat' dir='ltr'><strong>paternum</strong></span> <span class='ocrx_word' id='word_1_615' title='bbox 3118 3949 3403 4019; x_wconf 84' lang='lat' dir='ltr'><strong>imperium</strong></span> <span class='ocrx_word' id='word_1_616' title='bbox 3434 3948 3568 4003; x_wconf 88' lang='lat' dir='ltr'><strong>dare</strong></span> 
     </span>
    </p>
   </div>
   <div class='ocr_carea' id='block_1_85' title="bbox 1977 4036 3564 4107">
    <p class='ocr_par' dir='ltr' id='par_1_85' title="bbox 1977 4036 3564 4107">
     <span class='ocr_line' id='line_1_85' title="bbox 1977 4036 3564 4107; baseline 0 -15"><span class='ocrx_word' id='word_1_617' title='bbox 1977 4048 2270 4101; x_wconf 88' lang='lat' dir='ltr'><strong>statuerat,</strong></span> <span class='ocrx_word' id='word_1_618' title='bbox 2305 4039 2400 4093; x_wconf 87' lang='lat' dir='ltr'><strong>sed</strong></span> <span class='ocrx_word' id='word_1_619' title='bbox 2434 4048 2681 4094; x_wconf 87' lang='lat' dir='ltr'><strong>retentus</strong></span> <span class='ocrx_word' id='word_1_620' title='bbox 2720 4040 3106 4093; x_wconf 91' lang='lat' dir='ltr'><strong>nonnullorum</strong></span> <span class='ocrx_word' id='word_1_621' title='bbox 3153 4036 3442 4094; x_wconf 75' lang='lat' dir='ltr'><strong>sententiis</strong></span> <span class='ocrx_word' id='word_1_622' title='bbox 3472 4038 3564 4107; x_wconf 89' lang='lat' dir='ltr'><strong>qui</strong></span> 
     </span>
    </p>
   </div>
   <div class='ocr_carea' id='block_1_86' title="bbox 1974 4128 3563 4203">
    <p class='ocr_par' dir='ltr' id='par_1_86' title="bbox 1974 4128 3563 4203">
     <span class='ocr_line' id='line_1_86' title="bbox 1974 4128 3563 4203; baseline 0.001 -19"><span class='ocrx_word' id='word_1_623' title='bbox 1974 4138 2187 4184; x_wconf 64' lang='lat' dir='ltr'><strong>aetatem</strong></span> <span class='ocrx_word' id='word_1_624' title='bbox 2237 4130 2531 4200; x_wconf 72' lang='lat' dir='ltr'><strong>iuvenilem</strong></span> <span class='ocrx_word' id='word_1_625' title='bbox 2589 4132 2840 4203; x_wconf 59' lang='lat' dir='ltr'><strong>Agrippae</strong></span> <span class='ocrx_word' id='word_1_626' title='bbox 2885 4141 3247 4187; x_wconf 88' lang='lat' dir='ltr'><strong>causarentur</strong></span> <span class='ocrx_word' id='word_1_627' title='bbox 3279 4172 3294 4198; x_wconf 93' lang='lat'><strong>,</strong></span> <span class='ocrx_word' id='word_1_628' title='bbox 3361 4128 3563 4185; x_wconf 84' lang='lat' dir='ltr'><strong>Fadum</strong></span> 
     </span>
    </p>
   </div>
   <div class='ocr_carea' id='block_1_87' title="bbox 1973 4221 3562 4294">
    <p class='ocr_par' dir='ltr' id='par_1_87' title="bbox 1973 4221 3562 4294">
     <span class='ocr_line' id='line_1_87' title="bbox 1973 4221 3562 4294; baseline 0.001 -18"><span class='ocrx_word' id='word_1_629' title='bbox 1973 4221 2175 4277; x_wconf 68' lang='lat' dir='ltr'><strong>Iudaea:</strong></span> <span class='ocrx_word' id='word_1_630' title='bbox 2206 4235 2492 4294; x_wconf 63' lang='lat' dir='ltr'><strong>praetorem</strong></span> <span class='ocrx_word' id='word_1_631' title='bbox 2535 4224 2725 4289; x_wconf 90' lang='lat' dir='ltr'><strong>mittit,</strong></span> <span class='ocrx_word' id='word_1_632' title='bbox 2763 4227 3055 4294; x_wconf 86' lang='lat' dir='ltr'><strong>Agrippam</strong></span> <span class='ocrx_word' id='word_1_633' title='bbox 3101 4238 3230 4279; x_wconf 88' lang='lat' dir='ltr'><strong>vero</strong></span> <span class='ocrx_word' id='word_1_634' title='bbox 3264 4223 3562 4287; x_wconf 87' lang='lat' dir='ltr'><strong>Chalcidis,</strong></span> 
     </span>
    </p>
   </div>
   <div class='ocr_carea' id='block_1_88' title="bbox 1971 4316 3558 4387">
    <p class='ocr_par' dir='ltr' id='par_1_88' title="bbox 1971 4316 3558 4387">
     <span class='ocr_line' id='line_1_88' title="bbox 1971 4316 3558 4387; baseline 0 -16"><span class='ocrx_word' id='word_1_635' title='bbox 1971 4317 2061 4372; x_wconf 91' lang='lat' dir='ltr'><strong>cui</strong></span> <span class='ocrx_word' id='word_1_636' title='bbox 2096 4327 2223 4371; x_wconf 89' lang='lat' dir='ltr'><strong>ante</strong></span> <span class='ocrx_word' id='word_1_637' title='bbox 2268 4316 2507 4371; x_wconf 89' lang='lat' dir='ltr'><strong>Herodes</strong></span> <span class='ocrx_word' id='word_1_638' title='bbox 2537 4328 2787 4372; x_wconf 87' lang='lat' dir='ltr'><strong>mortuus</strong></span> <span class='ocrx_word' id='word_1_639' title='bbox 2822 4318 3140 4387; x_wconf 64' lang='lat' dir='ltr'><strong>praefuerat,</strong></span> <span class='ocrx_word' id='word_1_640' title='bbox 3176 4331 3356 4387; x_wconf 85' lang='lat' dir='ltr'><strong>regem</strong></span> <span class='ocrx_word' id='word_1_641' title='bbox 3388 4325 3558 4371; x_wconf 84' lang='lat' dir='ltr'><strong>creat.</strong></span> 
     </span>
    </p>
   </div>
   <div class='ocr_carea' id='block_1_89' title="bbox 1972 4407 3558 4478">
    <p class='ocr_par' dir='ltr' id='par_1_89' title="bbox 1972 4407 3558 4478">
     <span class='ocr_line' id='line_1_89' title="bbox 1972 4407 3558 4478; baseline -0.001 -17"><span class='ocrx_word' id='word_1_642' title='bbox 1972 4407 2180 4475; x_wconf 84' lang='lat' dir='ltr'><strong>Quarto</strong></span> <span class='ocrx_word' id='word_1_643' title='bbox 2203 4420 2326 4478; x_wconf 87' lang='lat' dir='ltr'><strong>post</strong></span> <span class='ocrx_word' id='word_1_644' title='bbox 2354 4424 2501 4462; x_wconf 90' lang='lat' dir='ltr'><strong>anno</strong></span> <span class='ocrx_word' id='word_1_645' title='bbox 2522 4409 2689 4463; x_wconf 85' lang='lat' dir='ltr'><strong>donat</strong></span> <span class='ocrx_word' id='word_1_646' title='bbox 2709 4417 2765 4464; x_wconf 91' lang='lat' dir='ltr'><strong>et</strong></span> <span class='ocrx_word' id='word_1_647' title='bbox 2795 4409 2870 4463; x_wconf 93' lang='lat' dir='ltr'><strong>illi</strong></span> <span class='ocrx_word' id='word_1_648' title='bbox 2908 4407 3144 4477; x_wconf 87' lang='lat' dir='ltr'><strong>Philippi</strong></span> <span class='ocrx_word' id='word_1_649' title='bbox 3182 4408 3558 4470; x_wconf 85' lang='lat' dir='ltr'><strong>tetrarchiam,</strong></span> 
     </span>
    </p>
   </div>
   <div class='ocr_carea' id='block_1_90' title="bbox 1971 4500 3559 4571">
    <p class='ocr_par' dir='ltr' id='par_1_90' title="bbox 1971 4500 3559 4571">
     <span class='ocr_line' id='line_1_90' title="bbox 1971 4500 3559 4571; baseline -0.003 -16"><span class='ocrx_word' id='word_1_650' title='bbox 1971 4511 2025 4557; x_wconf 89' lang='lat' dir='ltr'><strong>et</strong></span> <span class='ocrx_word' id='word_1_651' title='bbox 2055 4501 2389 4567; x_wconf 68' lang='lat' dir='ltr'><strong>Batanazam,</strong></span> <span class='ocrx_word' id='word_1_652' title='bbox 2421 4502 2721 4571; x_wconf 83' lang='lat' dir='ltr'><strong>adjungens</strong></span> <span class='ocrx_word' id='word_1_653' title='bbox 2748 4511 2805 4555; x_wconf 91' lang='lat' dir='ltr'><strong>et</strong></span> <span class='ocrx_word' id='word_1_654' title='bbox 2832 4500 3211 4562; x_wconf 82' lang='lat' dir='ltr'><strong>Trachonitin,</strong></span> <span class='ocrx_word' id='word_1_655' title='bbox 3242 4514 3364 4569; x_wconf 71' lang='lat' dir='ltr'><strong>quae</strong></span> <span class='ocrx_word' id='word_1_656' title='bbox 3399 4510 3559 4552; x_wconf 87' lang='lat' dir='ltr'><strong>antea</strong></span> 
     </span>
    </p>
   </div>
   <div class='ocr_carea' id='block_1_91' title="bbox 260 4571 1872 4666">
    <p class='ocr_par' dir='ltr' id='par_1_91' title="bbox 260 4571 1865 4657">
     <span class='ocr_line' id='line_1_91' title="bbox 260 4571 1865 4657; baseline 0.012 -35"><span class='ocrx_word' id='word_1_657' title='bbox 260 4571 392 4655; x_wconf 16' lang='grc' dir='ltr'>ζετος</span> <span class='ocrx_word' id='word_1_658' title='bbox 429 4571 683 4642; x_wconf 87' lang='grc' dir='ltr'>δωρεῖται</span> <span class='ocrx_word' id='word_1_659' title='bbox 712 4574 877 4628; x_wconf 77' lang='grc' dir='ltr'>αὑτὸν</span> <span class='ocrx_word' id='word_1_660' title='bbox 922 4580 989 4647; x_wconf 87' lang='grc' dir='ltr'>τῇ</span> <span class='ocrx_word' id='word_1_661' title='bbox 1018 4594 1079 4630; x_wconf 89' lang='grc' dir='ltr'><strong>τε</strong></span> <span class='ocrx_word' id='word_1_662' title='bbox 1102 4580 1373 4634; x_wconf 82' lang='grc' dir='ltr'>Φιλίππου</span> <span class='ocrx_word' id='word_1_663' title='bbox 1425 4586 1724 4657; x_wconf 75' lang='grc' dir='ltr'>τετραρχίᾳ</span> <span class='ocrx_word' id='word_1_664' title='bbox 1770 4589 1865 4642; x_wconf 78' lang='grc' dir='ltr'>καὶ</span> 
     </span>
    </p>
   </div>
   <div class='ocr_carea' id='block_1_92' title="bbox 1978 4571 3554 4666">
    <p class='ocr_par' dir='ltr' id='par_1_92' title="bbox 1978 4592 3554 4666">
     <span class='ocr_line' id='line_1_92' title="bbox 1978 4592 3554 4666; baseline -0.001 -19"><span class='ocrx_word' id='word_1_665' title='bbox 1978 4593 2219 4666; x_wconf 74' lang='lat' dir='ltr'><strong>Lysaniae</strong></span> <span class='ocrx_word' id='word_1_666' title='bbox 2263 4594 2386 4657; x_wconf 87' lang='lat' dir='ltr'><strong>fuit,</strong></span> <span class='ocrx_word' id='word_1_667' title='bbox 2420 4605 2476 4649; x_wconf 89' lang='lat' dir='ltr'><strong>et</strong></span> <span class='ocrx_word' id='word_1_668' title='bbox 2522 4594 2611 4648; x_wconf 87' lang='lat' dir='ltr'><strong>illa</strong></span> <span class='ocrx_word' id='word_1_669' title='bbox 2652 4593 2832 4648; x_wconf 87' lang='lat' dir='ltr'><strong>dando</strong></span> <span class='ocrx_word' id='word_1_670' title='bbox 2866 4594 3069 4646; x_wconf 77' lang='lat' dir='ltr'><strong>ademit</strong></span> <span class='ocrx_word' id='word_1_671' title='bbox 3112 4593 3185 4645; x_wconf 90' lang='lat' dir='ltr'><strong>illi</strong></span> <span class='ocrx_word' id='word_1_672' title='bbox 3221 4592 3554 4646; x_wconf 81' lang='lat' dir='ltr'><strong>Chalcidem.</strong></span> 
     </span>
    </p>
   </div>
   <div class='ocr_carea' id='block_1_93' title="bbox 270 4663 1872 4756">
    <p class='ocr_par' dir='ltr' id='par_1_93' title="bbox 270 4663 1861 4756">
     <span class='ocr_line' id='line_1_93' title="bbox 270 4663 1861 4756; baseline 0.011 -41"><span class='ocrx_word' id='word_1_673' title='bbox 270 4663 588 4756; x_wconf 72' lang='grc' dir='ltr'>Βαταναίᾳ,</span> <span class='ocrx_word' id='word_1_674' title='bbox 643 4666 904 4735; x_wconf 77' lang='grc' dir='ltr'>προσθεὶς</span> <span class='ocrx_word' id='word_1_675' title='bbox 958 4668 1107 4740; x_wconf 83' lang='grc' dir='ltr'><strong>αὑτῷ</strong></span> <span class='ocrx_word' id='word_1_676' title='bbox 1170 4672 1265 4724; x_wconf 73' lang='grc' dir='ltr'>καὶ</span> <span class='ocrx_word' id='word_1_677' title='bbox 1323 4674 1424 4745; x_wconf 83' lang='grc' dir='ltr'>τὴν</span> <span class='ocrx_word' id='word_1_678' title='bbox 1489 4677 1861 4748; x_wconf 87' lang='grc' dir='ltr'>Τραχωνῖτιν·</span> 
     </span>
    </p>
   </div>
   <div class='ocr_carea' id='block_1_94' title="bbox 1978 4663 3557 4756">
    <p class='ocr_par' dir='ltr' id='par_1_94' title="bbox 1978 4663 3557 4756">
     <span class='ocr_line' id='line_1_94' title="bbox 1978 4663 3557 4756; baseline -0.003 -16"><span class='ocrx_word' id='word_1_679' title='bbox 1978 4663 2202 4756; x_wconf 54' lang='lat' dir='ltr'><strong>agrippa</strong></span> <span class='ocrx_word' id='word_1_680' title='bbox 2264 4700 2508 4741; x_wconf 91' lang='lat' dir='ltr'><strong>sororem</strong></span> <span class='ocrx_word' id='word_1_681' title='bbox 2564 4684 2850 4739; x_wconf 88' lang='lat' dir='ltr'><strong>Drusillam</strong></span> <span class='ocrx_word' id='word_1_682' title='bbox 2909 4684 3075 4736; x_wconf 84' lang='lat' dir='ltr'><strong>Azizo</strong></span> <span class='ocrx_word' id='word_1_683' title='bbox 3136 4683 3393 4737; x_wconf 66' lang='lat' dir='ltr'><strong>Emesaraa</strong></span> <span class='ocrx_word' id='word_1_684' title='bbox 3444 4681 3557 4753; x_wconf 89' lang='lat' dir='ltr'><strong>regi</strong></span> 
     </span>
    </p>
   </div>
   <div class='ocr_carea' id='block_1_95' title="bbox 274 4755 1872 4843">
    <p class='ocr_par' dir='ltr' id='par_1_95' title="bbox 274 4755 1863 4835">
     <span class='ocr_line' id='line_1_95' title="bbox 274 4755 1863 4835; baseline 0.013 -30"><span class='ocrx_word' id='word_1_685' title='bbox 274 4755 543 4808; x_wconf 79' lang='grc' dir='ltr'>Λυσανίου</span> <span class='ocrx_word' id='word_1_686' title='bbox 567 4756 612 4808; x_wconf 85' lang='grc' dir='ltr'>δ’</span> <span class='ocrx_word' id='word_1_687' title='bbox 634 4756 772 4828; x_wconf 76' lang='grc' dir='ltr'>αὕτη</span> <span class='ocrx_word' id='word_1_688' title='bbox 800 4761 1096 4830; x_wconf 84' lang='grc' dir='ltr'>τετραρχία</span> <span class='ocrx_word' id='word_1_689' title='bbox 1119 4763 1383 4832; x_wconf 81' lang='grc' dir='ltr'>ἐγεγόνει.</span> <span class='ocrx_word' id='word_1_690' title='bbox 1413 4768 1521 4821; x_wconf 80' lang='grc' dir='ltr'><strong>Καὶ</strong></span> <span class='ocrx_word' id='word_1_691' title='bbox 1544 4769 1719 4823; x_wconf 81' lang='grc' dir='ltr'>ταῦτα</span> <span class='ocrx_word' id='word_1_692' title='bbox 1738 4772 1863 4835; x_wconf 87' lang='grc' dir='ltr'>δοὺς</span> 
     </span>
    </p>
   </div>
   <div class='ocr_carea' id='block_1_96' title="bbox 1978 4755 3556 4843">
    <p class='ocr_par' dir='ltr' id='par_1_96' title="bbox 1978 4755 3556 4843">
     <span class='ocr_line' id='line_1_96' title="bbox 1978 4755 3556 4843; baseline 0 -14"><span class='ocrx_word' id='word_1_693' title='bbox 1978 4755 2291 4832; x_wconf 87' lang='lat' dir='ltr'><strong>:ircumciso</strong></span> <span class='ocrx_word' id='word_1_694' title='bbox 2314 4779 2368 4831; x_wconf 92' lang='lat' dir='ltr'><strong>in</strong></span> <span class='ocrx_word' id='word_1_695' title='bbox 2401 4792 2626 4831; x_wconf 81' lang='lat' dir='ltr'><strong>uxorem</strong></span> <span class='ocrx_word' id='word_1_696' title='bbox 2653 4776 2827 4832; x_wconf 88' lang='lat' dir='ltr'><strong>dedit.</strong></span> <span class='ocrx_word' id='word_1_697' title='bbox 2858 4774 3172 4843; x_wconf 84' lang='lat' dir='ltr'><strong>Epiphanes</strong></span> <span class='ocrx_word' id='word_1_698' title='bbox 3189 4774 3332 4827; x_wconf 90' lang='lat' dir='ltr'><strong>enim</strong></span> <span class='ocrx_word' id='word_1_699' title='bbox 3360 4774 3556 4829; x_wconf 81' lang='lat' dir='ltr'><strong>Antio-</strong></span> 
     </span>
    </p>
   </div>
   <div class='ocr_carea' id='block_1_97' title="bbox 271 4845 1872 4938">
    <p class='ocr_par' dir='ltr' id='par_1_97' title="bbox 271 4845 1861 4929">
     <span class='ocr_line' id='line_1_97' title="bbox 271 4845 1861 4929; baseline 0.009 -31"><span class='ocrx_word' id='word_1_700' title='bbox 271 4845 594 4918; x_wconf 83' lang='grc' dir='ltr'>ἀφαιρεῖται</span> <span class='ocrx_word' id='word_1_701' title='bbox 644 4850 745 4919; x_wconf 86' lang='grc' dir='ltr'>τὴν</span> <span class='ocrx_word' id='word_1_702' title='bbox 799 4851 1063 4905; x_wconf 86' lang='grc' dir='ltr'>Χαλκίδα.</span> <span class='ocrx_word' id='word_1_703' title='bbox 1116 4853 1429 4924; x_wconf 78' lang='grc' dir='ltr'>’Δγρίππας</span> <span class='ocrx_word' id='word_1_704' title='bbox 1473 4858 1529 4912; x_wconf 76' lang='grc' dir='ltr'>δὲ</span> <span class='ocrx_word' id='word_1_705' title='bbox 1563 4860 1861 4929; x_wconf 84' lang='grc' dir='ltr'>Δρουσίλαν</span> 
     </span>
    </p>
   </div>
   <div class='ocr_carea' id='block_1_98' title="bbox 1978 4845 3557 4938">
    <p class='ocr_par' dir='ltr' id='par_1_98' title="bbox 1978 4867 3557 4938">
     <span class='ocr_line' id='line_1_98' title="bbox 1978 4867 3557 4938; baseline -0.003 -15"><span class='ocrx_word' id='word_1_706' title='bbox 1978 4868 2045 4923; x_wconf 83' lang='lat' dir='ltr'><strong>:hi</strong></span> <span class='ocrx_word' id='word_1_707' title='bbox 2066 4884 2378 4938; x_wconf 86' lang='lat' dir='ltr'><strong>quanquam</strong></span> <span class='ocrx_word' id='word_1_708' title='bbox 2400 4867 2672 4937; x_wconf 86' lang='lat' dir='ltr'><strong>pollicitus</strong></span> <span class='ocrx_word' id='word_1_709' title='bbox 2706 4868 3178 4923; x_wconf 88' lang='lat' dir='ltr'><strong>circumcisionem</strong></span> <span class='ocrx_word' id='word_1_710' title='bbox 3202 4883 3305 4921; x_wconf 91' lang='lat' dir='ltr'><strong>non</strong></span> <span class='ocrx_word' id='word_1_711' title='bbox 3325 4869 3557 4937; x_wconf 79' lang='lat' dir='ltr'><strong>accepit.</strong></span> 
     </span>
    </p>
   </div>
   <div class='ocr_carea' id='block_1_99' title="bbox 266 4935 1872 5031">
    <p class='ocr_par' dir='ltr' id='par_1_99' title="bbox 266 4935 1858 5031">
     <span class='ocr_line' id='line_1_99' title="bbox 266 4935 1858 5031; baseline 0.013 -44"><span class='ocrx_word' id='word_1_712' title='bbox 266 4935 374 5031; x_wconf 71' lang='grc' dir='ltr'>τὴν</span> <span class='ocrx_word' id='word_1_713' title='bbox 404 4937 644 5031; x_wconf 74' lang='grc' dir='ltr'>ἀδελφὴν</span> <span class='ocrx_word' id='word_1_714' title='bbox 685 4941 882 5011; x_wconf 76' lang='grc' dir='ltr'>Ἀξιζῴ</span> <span class='ocrx_word' id='word_1_715' title='bbox 932 4943 1011 5012; x_wconf 87' lang='grc' dir='ltr'>τῷ</span> <span class='ocrx_word' id='word_1_716' title='bbox 1066 4943 1311 5013; x_wconf 88' lang='grc' dir='ltr'>Ἐμέσων</span> <span class='ocrx_word' id='word_1_717' title='bbox 1342 4946 1551 5017; x_wconf 90' lang='grc' dir='ltr'>βασιλεῖ</span> <span class='ocrx_word' id='word_1_718' title='bbox 1578 4969 1858 5025; x_wconf 84' lang='grc' dir='ltr'>περιτμη-</span> 
     </span>
    </p>
   </div>
   <div class='ocr_carea' id='block_1_100' title="bbox 1978 4935 3558 5031">
    <p class='ocr_par' dir='ltr' id='par_1_100' title="bbox 1978 4935 3558 5031">
     <span class='ocr_line' id='line_1_100' title="bbox 1978 4935 3558 5031; baseline 0 -19"><span class='ocrx_word' id='word_1_719' title='bbox 1978 4935 2101 5013; x_wconf 63' lang='grc' dir='ltr'>ιιόέ</span> <span class='ocrx_word' id='word_1_720' title='bbox 2123 4935 2413 5031; x_wconf 77' lang='lat' dir='ltr'><strong>sponsalia</strong></span> <span class='ocrx_word' id='word_1_721' title='bbox 2438 4961 2614 5015; x_wconf 86' lang='lat' dir='ltr'><strong>soluta</strong></span> <span class='ocrx_word' id='word_1_722' title='bbox 2641 4972 2788 5015; x_wconf 85' lang='lat' dir='ltr'><strong>sunt.</strong></span> <span class='ocrx_word' id='word_1_723' title='bbox 2825 4960 3068 5015; x_wconf 82' lang='lat' dir='ltr'><strong>Solvitur</strong></span> <span class='ocrx_word' id='word_1_724' title='bbox 3107 4970 3165 5015; x_wconf 90' lang='lat' dir='ltr'><strong>et</strong></span> <span class='ocrx_word' id='word_1_725' title='bbox 3210 4935 3469 5013; x_wconf 68' lang='lat' dir='ltr'><strong>Drusilla</strong></span> <span class='ocrx_word' id='word_1_726' title='bbox 3490 4963 3558 5013; x_wconf 90' lang='lat' dir='ltr'><strong>ah</strong></span> 
     </span>
    </p>
   </div>
   <div class='ocr_carea' id='block_1_101' title="bbox 269 5028 1872 5121">
    <p class='ocr_par' dir='ltr' id='par_1_101' title="bbox 269 5028 1855 5121">
     <span class='ocr_line' id='line_1_101' title="bbox 269 5028 1855 5121; baseline 0.012 -41"><span class='ocrx_word' id='word_1_727' title='bbox 269 5028 420 5121; x_wconf 82' lang='grc' dir='ltr'>θέντι</span> <span class='ocrx_word' id='word_1_728' title='bbox 478 5030 663 5089; x_wconf 86' lang='grc' dir='ltr'>δίδωσι</span> <span class='ocrx_word' id='word_1_729' title='bbox 709 5038 979 5102; x_wconf 80' lang='grc' dir='ltr'>γυναῖκατ</span> <span class='ocrx_word' id='word_1_730' title='bbox 1050 5036 1352 5109; x_wconf 84' lang='grc' dir='ltr'>Ἐπιφανὴς</span> <span class='ocrx_word' id='word_1_731' title='bbox 1392 5042 1501 5113; x_wconf 79' lang='grc' dir='ltr'><strong>γάρ</strong></span> <span class='ocrx_word' id='word_1_732' title='bbox 1560 5044 1855 5115; x_wconf 85' lang='grc' dir='ltr'>Ἀντιόχου.</span> 
     </span>
    </p>
   </div>
   <div class='ocr_carea' id='block_1_102' title="bbox 1978 5028 3557 5121">
    <p class='ocr_par' dir='ltr' id='par_1_102' title="bbox 1978 5028 3557 5121">
     <span class='ocr_line' id='line_1_102' title="bbox 1978 5028 3557 5121; baseline -0.001 -19"><span class='ocrx_word' id='word_1_733' title='bbox 1978 5028 2166 5113; x_wconf 73' lang='grc' dir='ltr'>Αῑίῑο,</span> <span class='ocrx_word' id='word_1_734' title='bbox 2190 5060 2243 5104; x_wconf 90' lang='lat' dir='ltr'><strong>et</strong></span> <span class='ocrx_word' id='word_1_735' title='bbox 2280 5049 2447 5105; x_wconf 87' lang='lat' dir='ltr'><strong>Felici</strong></span> <span class='ocrx_word' id='word_1_736' title='bbox 2480 5048 2680 5106; x_wconf 69' lang='lat' dir='ltr'><strong>Judaete</strong></span> <span class='ocrx_word' id='word_1_737' title='bbox 2702 5049 2958 5121; x_wconf 68' lang='lat' dir='ltr'><strong>praefecto</strong></span> <span class='ocrx_word' id='word_1_738' title='bbox 2987 5066 3109 5106; x_wconf 86' lang='lat' dir='ltr'><strong>curn</strong></span> <span class='ocrx_word' id='word_1_739' title='bbox 3145 5050 3309 5104; x_wconf 89' lang='lat' dir='ltr'><strong>multa</strong></span> <span class='ocrx_word' id='word_1_740' title='bbox 3336 5051 3407 5104; x_wconf 90' lang='lat' dir='ltr'><strong>ob</strong></span> <span class='ocrx_word' id='word_1_741' title='bbox 3437 5049 3557 5118; x_wconf 86' lang='lat' dir='ltr'><strong>pul-</strong></span> 
     </span>
    </p>
   </div>
   <div class='ocr_carea' id='block_1_103' title="bbox 268 5120 1872 5213">
    <p class='ocr_par' dir='ltr' id='par_1_103' title="bbox 268 5120 1858 5207">
     <span class='ocr_line' id='line_1_103' title="bbox 268 5120 1858 5207; baseline 0.012 -35"><span class='ocrx_word' id='word_1_742' title='bbox 268 5120 452 5174; x_wconf 85' lang='grc' dir='ltr'>καίτοι</span> <span class='ocrx_word' id='word_1_743' title='bbox 482 5122 876 5197; x_wconf 82' lang='grc' dir='ltr'>ὑποσχόμενος,</span> <span class='ocrx_word' id='word_1_744' title='bbox 905 5126 1007 5179; x_wconf 84' lang='grc' dir='ltr'>οὐκ</span> <span class='ocrx_word' id='word_1_745' title='bbox 1055 5126 1272 5198; x_wconf 72' lang='grc' dir='ltr'>ἐδέχετο</span> <span class='ocrx_word' id='word_1_746' title='bbox 1313 5131 1414 5201; x_wconf 81' lang='grc' dir='ltr'>τὴν</span> <span class='ocrx_word' id='word_1_747' title='bbox 1447 5135 1769 5207; x_wconf 82' lang='grc' dir='ltr'>περιτομὴν,</span> <span class='ocrx_word' id='word_1_748' title='bbox 1798 5138 1858 5204; x_wconf 80' lang='grc' dir='ltr'>ἐξ</span> 
     </span>
    </p>
   </div>
   <div class='ocr_carea' id='block_1_104' title="bbox 1978 5120 3557 5213">
    <p class='ocr_par' dir='ltr' id='par_1_104' title="bbox 1978 5120 3557 5213">
     <span class='ocr_line' id='line_1_104' title="bbox 1978 5120 3557 5213; baseline -0.001 -17"><span class='ocrx_word' id='word_1_749' title='bbox 1978 5143 2329 5197; x_wconf 78' lang='lat' dir='ltr'><strong>chritudinem</strong></span> <span class='ocrx_word' id='word_1_750' title='bbox 2355 5143 2473 5213; x_wconf 83' lang='lat' dir='ltr'><strong>ejus</strong></span> <span class='ocrx_word' id='word_1_751' title='bbox 2517 5120 2821 5213; x_wconf 87' lang='lat' dir='ltr'><strong>moliretur,</strong></span> <span class='ocrx_word' id='word_1_752' title='bbox 2854 5144 3026 5199; x_wconf 90' lang='lat' dir='ltr'><strong>nubit.</strong></span> <span class='ocrx_word' id='word_1_753' title='bbox 3055 5142 3403 5197; x_wconf 75' lang='lat' dir='ltr'><strong>Mariamucm</strong></span> <span class='ocrx_word' id='word_1_754' title='bbox 3428 5156 3557 5197; x_wconf 81' lang='lat' dir='ltr'><strong>vero</strong></span> 
     </span>
    </p>
   </div>
   <div class='ocr_carea' id='block_1_105' title="bbox 347 5259 2677 5353">
    <p class='ocr_par' dir='ltr' id='par_1_105' title="bbox 347 5259 2677 5353">
     <span class='ocr_line' id='line_1_105' title="bbox 347 5259 2677 5353; baseline 0.01 -38"><span class='ocrx_word' id='word_1_755' title='bbox 347 5259 512 5317; x_wconf 74' lang='lat' dir='ltr'><strong>l&#39;Lib.</strong></span> <span class='ocrx_word' id='word_1_756' title='bbox 545 5278 699 5334; x_wconf 83' lang='lat' dir='ltr'><strong>xvnr,</strong></span> <span class='ocrx_word' id='word_1_757' title='bbox 745 5266 799 5321; x_wconf 92' lang='lat'><strong>9.</strong></span> <span class='ocrx_word' id='word_1_758' title='bbox 876 5264 1117 5323; x_wconf 78' lang='lat' dir='ltr'><strong>°Matth.</strong></span> <span class='ocrx_word' id='word_1_759' title='bbox 1148 5270 1350 5337; x_wconf 77' lang='lat' dir='ltr'><strong>xrv,3;</strong></span> <span class='ocrx_word' id='word_1_760' title='bbox 1373 5269 1636 5343; x_wconf 81' lang='lat' dir='ltr'><strong>Marc.vr,</strong></span> <span class='ocrx_word' id='word_1_761' title='bbox 1663 5275 2015 5345; x_wconf 57' lang='lat' dir='ltr'><strong>l7;&#39;Luc.tn,</strong></span> <span class='ocrx_word' id='word_1_762' title='bbox 2039 5280 2142 5346; x_wconf 75' lang='lat' dir='ltr'><strong>i9;</strong></span> <span class='ocrx_word' id='word_1_763' title='bbox 2168 5281 2289 5335; x_wconf 82' lang='lat' dir='ltr'><strong>Act.</strong></span> <span class='ocrx_word' id='word_1_764' title='bbox 2326 5296 2426 5347; x_wconf 76' lang='grc' dir='ltr'>ιιι,</span> <span class='ocrx_word' id='word_1_765' title='bbox 2480 5281 2506 5335; x_wconf 80' lang='grc'><strong>1</strong></span> <span class='ocrx_word' id='word_1_766' title='bbox 2556 5297 2677 5353; x_wconf 84' lang='lat' dir='ltr'><strong>sqq.</strong></span> 
     </span>
    </p>
   </div>
   <div class='ocr_carea' id='block_1_106' title="bbox 1564 5410 2263 5474">
    <p class='ocr_par' dir='ltr' id='par_1_106' title="bbox 1564 5410 2263 5474">
     <span class='ocr_line' id='line_1_106' title="bbox 1564 5410 2263 5474; baseline 0.011 -10"><span class='ocrx_word' id='word_1_767' title='bbox 1564 5410 1803 5468; x_wconf 64' lang='lat' dir='ltr'><strong>VARIIE</strong></span> <span class='ocrx_word' id='word_1_768' title='bbox 1854 5414 2263 5474; x_wconf 83' lang='lat' dir='ltr'><strong>LECTIONES.</strong></span> 
     </span>
    </p>
   </div>
   <div class='ocr_carea' id='block_1_107' title="bbox 345 5507 3550 5614">
    <p class='ocr_par' dir='ltr' id='par_1_107' title="bbox 345 5507 3550 5614">
     <span class='ocr_line' id='line_1_107' title="bbox 345 5507 3550 5614; baseline 0.012 -53"><span class='ocrx_word' id='word_1_769' title='bbox 345 5507 609 5614; x_wconf 43' lang='grc' dir='ltr'>ζῆὶιανὸν]</span> <span class='ocrx_word' id='word_1_770' title='bbox 634 5512 1358 5614; x_wconf 37' lang='grc' dir='ltr'>ἒηῖανδνμιέφεοιιξιίυρ..ῌ⁸</span> <span class='ocrx_word' id='word_1_771' title='bbox 1390 5522 1661 5614; x_wconf 43' lang='grc' dir='ltr'>ε’ῐάκωϐον</span> <span class='ocrx_word' id='word_1_772' title='bbox 1691 5543 1801 5582; x_wconf 88' lang='lat' dir='ltr'><strong>om.</strong></span> <span class='ocrx_word' id='word_1_773' title='bbox 1819 5530 1898 5614; x_wconf 54' lang='grc' dir='ltr'>ρ.</span> <span class='ocrx_word' id='word_1_774' title='bbox 1975 5531 2084 5614; x_wconf 39' lang='lat' dir='ltr'><strong>te}.</strong></span> <span class='ocrx_word' id='word_1_775' title='bbox 2107 5559 2179 5614; x_wconf 52' lang='grc' dir='ltr'><strong>τ-</strong></span> <span class='ocrx_word' id='word_1_776' title='bbox 2204 5530 2381 5614; x_wconf 41' lang='grc' dir='ltr'>ῆκεινι]</span> <span class='ocrx_word' id='word_1_777' title='bbox 2426 5533 2609 5587; x_wconf 88' lang='lat' dir='ltr'><strong>malim</strong></span> <span class='ocrx_word' id='word_1_778' title='bbox 2634 5532 2728 5614; x_wconf 57' lang='grc' dir='ltr'>τοῖς</span> <span class='ocrx_word' id='word_1_779' title='bbox 2757 5564 2824 5614; x_wconf 61' lang='lat'><strong>:-</strong></span> <span class='ocrx_word' id='word_1_780' title='bbox 2850 5531 3125 5614; x_wconf 53' lang='lat' dir='ltr'><strong>ﬁx_oticaz;._</strong></span> <span class='ocrx_word' id='word_1_781' title='bbox 3205 5528 3225 5559; x_wconf 84' lang='grc'><strong>⁷</strong></span> <span class='ocrx_word' id='word_1_782' title='bbox 3253 5527 3446 5614; x_wconf 49' lang='grc' dir='ltr'>γένοιλς</span> <span class='ocrx_word' id='word_1_783' title='bbox 3474 5526 3550 5582; x_wconf 64' lang='grc' dir='ltr'>(ἶῖ</span> 
     </span>
    </p>
   </div>
   <div class='ocr_carea' id='block_1_108' title="bbox 264 5579 3453 5675">
    <p class='ocr_par' dir='ltr' id='par_1_108' title="bbox 264 5579 3453 5675">
     <span class='ocr_line' id='line_1_108' title="bbox 264 5579 3453 5675; baseline 0.005 -39"><span class='ocrx_word' id='word_1_784' title='bbox 264 5579 429 5653; x_wconf 78' lang='grc' dir='ltr'>γένος</span> <span class='ocrx_word' id='word_1_785' title='bbox 451 5597 511 5642; x_wconf 80' lang='grc' dir='ltr'>ς.</span> <span class='ocrx_word' id='word_1_786' title='bbox 586 5579 609 5614; x_wconf 78' lang='grc'><strong>⁸</strong></span> <span class='ocrx_word' id='word_1_787' title='bbox 634 5579 680 5652; x_wconf 82' lang='grc' dir='ltr'>ᾧ</span> <span class='ocrx_word' id='word_1_788' title='bbox 699 5579 779 5625; x_wconf 53' lang='grc'><strong>⁷-</strong></span> <span class='ocrx_word' id='word_1_789' title='bbox 805 5591 1225 5659; x_wconf 72' lang='grc' dir='ltr'>προσαγγεῖλαιῖ</span> <span class='ocrx_word' id='word_1_790' title='bbox 1255 5593 1363 5649; x_wconf 87' lang='lat' dir='ltr'><strong>imo</strong></span> <span class='ocrx_word' id='word_1_791' title='bbox 1386 5592 1447 5648; x_wconf 85' lang='grc' dir='ltr'>ὃν</span> <span class='ocrx_word' id='word_1_792' title='bbox 1475 5626 1547 5636; x_wconf 93' lang='grc'><strong>-</strong></span> <span class='ocrx_word' id='word_1_793' title='bbox 1567 5579 1951 5669; x_wconf 71' lang='grc' dir='ltr'>προαγγεῖλαι.</span> <span class='ocrx_word' id='word_1_794' title='bbox 2119 5579 2748 5675; x_wconf 38' lang='lat' dir='ltr'><strong>vti,</strong></span> <span class='ocrx_word' id='word_1_795' title='bbox 2780 5605 2833 5658; x_wconf 87' lang='lat'><strong>7.</strong></span> <span class='ocrx_word' id='word_1_796' title='bbox 2857 5579 3207 5673; x_wconf 51' lang='grc' dir='ltr'>Τῖχαρῖξειν</span> <span class='ocrx_word' id='word_1_797' title='bbox 3389 5579 3453 5654; x_wconf 68' lang='grc' dir='ltr'>οἱ</span> 
     </span>
    </p>
   </div>
   <div class='ocr_carea' id='block_1_109' title="bbox 342 5711 2159 5879">
    <p class='ocr_par' dir='ltr' id='par_1_109' title="bbox 342 5711 2159 5879">
     <span class='ocr_line' id='line_1_109' title="bbox 342 5711 2159 5879; baseline 0.014 -36"><span class='ocrx_word' id='word_1_798' title='bbox 342 5787 457 5861; x_wconf 82' lang='grc'><strong>(89)</strong></span> <span class='ocrx_word' id='word_1_799' title='bbox 481 5790 570 5848; x_wconf 91' lang='lat' dir='ltr'><strong>Sc.</strong></span> <span class='ocrx_word' id='word_1_800' title='bbox 601 5793 775 5864; x_wconf 84' lang='lat' dir='ltr'><strong>plebis</strong></span> <span class='ocrx_word' id='word_1_801' title='bbox 803 5795 1035 5856; x_wconf 79' lang='lat' dir='ltr'><strong>dicentis</strong></span> <span class='ocrx_word' id='word_1_802' title='bbox 1070 5797 1166 5856; x_wconf 78' lang='lat' dir='ltr'><strong>Dei</strong></span> <span class='ocrx_word' id='word_1_803' title='bbox 1200 5816 1386 5861; x_wconf 86' lang='lat' dir='ltr'><strong>vocem</strong></span> <span class='ocrx_word' id='word_1_804' title='bbox 1418 5818 1476 5862; x_wconf 85' lang='lat' dir='ltr'><strong>se</strong></span> <span class='ocrx_word' id='word_1_805' title='bbox 1521 5808 1728 5879; x_wconf 86' lang='lat' dir='ltr'><strong>audire,</strong></span> <span class='ocrx_word' id='word_1_806' title='bbox 1758 5711 2159 5870; x_wconf 44' lang='lat' dir='ltr'><strong>nofoh&#39;lofihis.</strong></span> 
     </span>
    </p>
   </div>
  </div>
