3954 6430
496 311 627 377 1191
1326 278 1331 283 ’
1673 311 1937 373 ΡΗΟΤΙΙ
1990 312 2494 375 ΡιιΤῐιῐΑιιοΗίΕ
2534 315 2643 377 CP.
3002 372 3011 381 .
3608 328 3712 397 1192

494 436 587 486 dat
632 431 905 487 Archelao
937 430 1046 485 ﬁlio
1084 428 1309 495 llelciae,
1341 429 1429 486 cui
1459 440 1513 487 et
1535 429 1723 485 vivens
1764 441 1918 500 pater
1971 445 2087 483 eam

2193 426 2256 485 οὗ
2296 433 2392 486 καὶ⁸
2423 434 2455 503 ή
2489 434 2589 503 τῆς
2621 433 2940 503 ἐγγυήσεως
2987 432 3229 497 διάλυσις
3260 436 3549 506 ἠκολούθει.
3589 446 3716 515 Δρου-

491 524 884 588 destinaverat,
918 534 973 578 et
1001 538 1068 578 ex
1110 522 1220 578 illis
1261 524 1504 577 nascitur
1537 522 1818 577 Berenice.
1858 520 2087 576 Claudio

2192 521 2313 574 σίλα
2343 522 2400 575 δὲ
2445 524 2539 576 καὶ
2606 522 2818 589 Ἀξιζοῦ
2872 522 3167 587 διαλύεται,
3227 530 3321 578 καὶ
3358 528 3537 597 ⁴1)·ήλικι
3566 533 3629 602 τῷ
3648 539 3719 606 τῆς

491 616 748 671 defuncto
784 618 1083 672 succedens
1114 615 1278 679 Nero,
1315 616 1482 670 donat
1508 613 1762 685 Agrippa:
1792 612 1906 668 fato
1949 628 2087 681 quo-

2201 613 2467 677 Ἰουδαίας
2491 616 2797 686 ἐπιτρόπῳ,
2817 615 2991 669 πολλά
3022 617 3420 683 σπουδάσαντος
3449 623 3634 678 ἐκείνου
3652 629 3716 683 διὰ

490 708 614 761 dam
650 708 889 763 Galilacie
918 705 1284 775 Tiberiadem,
1321 717 1378 761 et
1402 706 1764 773 Tarichaeam,
1810 708 2087 776 imperans

2192 705 2253 758 τὸ
2311 706 2525 768 κάλλος,
2581 710 2865 776 γαμεῖται.
2908 710 3017 762 Καὶ
3066 711 3409 783 Μαριάμμην
3460 715 3514 767 δέ
3553 717 3722 775 δίδωσιν

492 814 552 856 ιιι
584 803 685 871 ipsi
712 803 979 856 obediret.
1008 802 1172 855 Addit
1201 799 1538 855 etJuliadem
1569 799 1761 855 urbem
1782 798 2007 863 Persem,
2033 808 2087 853 et

2205 798 2484 869 Ἀρχελάῳ
2523 800 2678 852 παιδὶ
2706 799 2785 870 τῷ
2818 799 3054 864 Ἐλκιοῦ,
3082 796 3126 870 ᾧ
3154 805 3246 856 καὶ
3279 804 3389 867 ζῶν
3407 806 3435 857 6
3467 811 3630 880 πατὴρ
3653 814 3724 882 ᾕρ.

491 893 677 948 decem
710 895 917 949 circum
946 895 1163 964 Oppida.
1201 894 1301 949 Hic
1332 903 1415 947 est
1445 893 1706 963 Agrippa,
1746 891 1888 960 apud
1918 905 2083 961 quem

2197 889 2402 957 μόσατο
2428 904 2441 918 ·
2481 888 2608 959 [977
2643 888 2735 961 IL]
2763 890 2821 957 ἐξ
2859 884 2933 943 ὧν
2960 892 3203 945 τίκτεται
3230 894 3563 966 Βερενίκη¹⁶.
3586 901 3725 953 Κλαυ-

493 989 650 1043 divus
684 987 910 1051 Paulus,
938 988 1266 1058 praesidente
1294 985 1477 1051 Festo,
1507 985 1784 1055 peroravit
1802 993 1851 1037 Ρ.

2200 980 2314 1033 δίου
2362 979 2423 1033 δὲ
2477 981 2905 1050 τελευτήσαντος
2956 982 3149 1055 Νέρων
3214 987 3487 1051 καταστὰς
3535 988 3729 1061 διάδοχος

491 1078 746 1152 δωρεῖται
781 1080 1093 1151 Ἀγρίππαν
1129 1080 1296 1149 μοίρᾳ
1341 1079 1450 1132 τινὶ
1516 1078 1619 1147 τῆς
1685 1078 2000 1144 Γαλιλαίας,
2068 1076 2371 1147 Τιϐεριάδα
2420 1076 2515 1129 καὶ
2561 1074 2869 1147 Ταριχαίαν
2936 1076 3197 1143 κελεύσας
3264 1081 3413 1151 αὐτῷ
3465 1082 3727 1146 ὑπακούειν,

493 1175 819 1245 προστίθησι
852 1176 907 1228 δέ
928 1178 1023 1229 καὶ
1066 1173 1322 1227 Ἰουλιάδα
1356 1173 1513 1226 πόλιν
1553 1174 1653 1243 τῆς
1685 1174 1945 1244 Περαίας,
1978 1174 2074 1227 καὶ
2114 1170 2309 1243 κώμας
2338 1169 2437 1235 τὰς
2463 1170 2593 1240 περὶ
2614 1171 2786 1241 αὐτὴν
2813 1170 2967 1225 δέκα.
3036 1165 3206 1236 Οὗτός
3231 1174 3378 1226 ἐστιν
3445 1174 3726 1245 ’Δγρίππας,

495 1268 581 1337 ἐφ’
625 1261 686 1321 οὗ
718 1268 747 1320 ό
776 1267 916 1330 θεῖος
948 1266 1162 1336 Παῦλος
1194 1266 1403 1334 Φήστου
1426 1266 1870 1337 συνεδριάζοντος
1900 1264 2339 1336 ἐδημηγόρησεν.

565 1360 695 1414 Post
742 1358 973 1423 Fadum,
1013 1359 1211 1414 Judazae
1255 1370 1570 1430 praetorem,
1608 1359 1848 1413 tuittitur
1882 1358 2085 1413 Cuma-

494 1467 618 1515 nus,
649 1460 763 1521 post
793 1465 951 1519 quem
988 1450 1213 1504 Romam
1244 1452 1312 1504 ob
1342 1452 1576 1505 crimina
1608 1461 1893 1507 evocatum
1926 1449 2081 1506 Felix

494 1547 757 1613 mittitur;
791 1554 913 1616 post
944 1560 1105 1615 quem
1135 1545 1355 1612 Festus,
1383 1546 1580 1601 deinde
1597 1545 1846 1611 Albinus,
1870 1554 2087 1616 postre-

493 1654 584 1694 mo
633 1638 850 1692 Florus.
887 1637 1055 1708 Cujus
1091 1638 1332 1693 secundo
1365 1651 1507 1693 anno
1542 1649 1771 1707 prepter
1797 1637 1937 1691 mala
1965 1650 2089 1706 qua

2273 1359 2398 1411 Ὅτι
2434 1358 2572 1428 μετὰ
2632 1358 2803 1413 Φάδον
2850 1358 3148 1431 ἐπίτροπον
3194 1359 3456 1423 Ἰουδαίας
3498 1361 3730 1433 Κουμανὸς

2209 1450 2521 1520 πέμπεται·
2558 1449 2677 1520 μεθ’
2697 1451 2757 1504 δν
2790 1452 2871 1513 εἰς
2904 1451 3126 1522 Ῥώμην
3155 1452 3457 1523 ἀναχθέντα
3485 1455 3729 1522 ἐπάίτίαις

2206 1541 2373 1610 Φῆλιξ
2392 1543 2693 1611 πέμπεται·
2721 1542 2841 1613 μεθ’
2856 1542 2913 1596 ὃν
2934 1543 3165 1612 Φῆστος,
3189 1539 3309 1597 εἷτα
3324 1543 3574 1611 Ἀλϐῖνος,
3593 1546 3729 1612 λοιπὸς

2196 1633 2438 1702 Φλῶρος.
2462 1629 2538 1689 Οὗ
2562 1634 2803 1707 δευτέρῳ
2825 1634 2935 1689 ἐτει
2954 1635 3041 1688 διὰ
3062 1636 3163 1707 τὴν
3185 1634 3487 1707 ὑπερϐολήν
3514 1638 3610 1690 τῶν
3636 1646 3729 1711 παρ’

494 1733 564 1786 ab
596 1730 686 1784 illo
739 1745 903 1800 supra
958 1730 1174 1785 modum
1229 1729 1453 1794 ﬁebant,
1520 1728 1807 1785 Judaicum
1882 1729 2083 1784 bellum

2194 1726 2347 1797 αὐτῷ
2365 1728 2553 1781 κακῶν
2568 1731 2597 1783 6
2610 1729 2746 1800 πρὸς
2763 1728 3064 1799 Ῥωμαίους
3082 1731 3351 1785 Ἰουδαίων
3364 1732 3587 1802 πόλεμος
3601 1733 3731 1805 ἀρχὴν

492 1834 681 1878 contra
741 1821 1013 1878 Romanos
1069 1822 1220 1878 duxit
1277 1823 1514 1889 initium,
1554 1821 1881 1877 duodecimo
1936 1837 2081 1877 anno

2192 1788 2420 1888 δέχεται,
2454 1788 2706 1893 Νέρωνος
2722 1788 2839 1885 ἐτος
2855 1788 3158 1876 δωδέκατον
3202 1825 3259 1876 ὲν
3280 1828 3345 1896 τῇ
3387 1788 3524 1897 ἀρχῇ

494 1913 645 1983 impii
679 1912 930 1969 Neronis.
976 1913 1141 1985 317
1178 1914 1207 1966 b
1251 1914 1475 1968 Ananus
1523 1911 1699 1967 Anani
1756 1912 1900 1968 ﬁlius
1949 1928 2085 1983 pon-

496 2008 761 2062 tiﬁcatum
813 2008 1062 2076 adeptus,
1115 2020 1223 2075 quo
1269 2006 1515 2077 privatur
1563 2004 1856 2074 Josephus,
1904 2007 2082 2059 audax

496 2101 619 2163 fuit,
653 2111 707 2154 et
747 2114 911 2168 supra
947 2099 1166 2154 modum
1216 2100 1562 2154 temerarius.
1613 2098 1748 2153 Erat
1788 2098 1935 2153 enim
1997 2111 2087 2151 se-

493 2205 601 2248 ctte
631 2192 1073 2255 Sadducaeorum,
1122 2189 1215 2259 qui
1263 2191 1513 2245 crudeles
1569 2198 1699 2244 sunt
1755 2188 1809 2243 in
1845 2187 2086 2256 iudiciis,

496 2297 552 2341 et
601 2288 667 2340 ad
716 2299 934 2339 onmem
1005 2284 1375 2354 arrogantiam
1428 2282 1780 2338 inclinantes.
1839 2280 1939 2336 Hic
1988 2282 2089 2352 igi-

499 2386 589 2432 tur
648 2376 895 2441 Auanus,
926 2375 1088 2431 Festo
1145 2377 1197 2429 in
1254 2373 1441 2429 Iudaea
1499 2376 1775 2441 defuncto,
1812 2383 1865 2429 et
1895 2373 2089 2428 Albino

497 2470 735 2523 nomium
770 2468 1051 2521 obtinente
1072 2465 1331 2532 oﬁlcium,
1368 2468 1692 2521 auctoritate
1743 2481 1839 2521 sua
1886 2480 2090 2535 praeses

496 2560 621 2628 fuit,
654 2559 1000 2615 etJacobum
1049 2557 1279 2614 fratrem
1337 2557 1552 2614 Domini
1611 2572 1736 2613 cum
1784 2557 1908 2611 aliis
1958 2572 2092 2612 con-

498 2654 760 2709 deumans
796 2666 854 2707 ut
896 2653 1027 2723 legis
1058 2652 1350 2709 violatores
1386 2652 1655 2721 lapidibus
1682 2650 1857 2706 occidi
1884 2650 2087 2722 jussit:

501 2746 645 2797 unde
697 2728 1007 2797 Judaeorum
1045 2742 1319 2797 mitissimi
1348 2741 1633 2813 indignati,
1664 2750 1718 2796 et
1754 2742 1870 2813 ipse
1897 2741 2092 2812 Agrip-

498 2850 568 2905 pa
603 2849 717 2898 rex,
753 2834 997 2902 eliciunt,
1039 2849 1167 2889 cum
1209 2834 1387 2889 tribus
1423 2834 1704 2889 mensibus
1738 2836 2089 2905 imperasset,

496 2934 557 2977 et
583 2923 701 2977 loco
736 2922 880 2979 illius
904 2921 1091 2978 Jesum
1124 2923 1425 2979 Damneum
1475 2924 1834 2979 collocarunt.

577 3081 791 3137 Mortuo
848 3082 1067 3139 Aarone
1121 3083 1292 3139 fratre
1332 3081 1542 3149 Hosis,
1596 3083 1690 3139 ﬁlii
1729 3085 1848 3155 ejus
1897 3085 1948 3140 in
2004 3101 2094 3142 sa-

497 3175 798 3228 cerdotium
856 3175 1175 3241 succedunt,
1209 3186 1265 3231 et
1306 3177 1567 3247 deinceps
1620 3192 1808 3233 omnes
1852 3194 1921 3233 ex
1969 3179 2087 3248 eius

499 3262 693 3332 stirpe.
746 3262 1056 3319 lnvaluerat
1111 3266 1255 3320 enim
1286 3266 1372 3321 lex
1399 3269 1597 3336 patria,
1646 3284 1714 3323 ne
1744 3275 1866 3341 quis
1904 3272 2011 3327 nisi
2058 3287 2090 3325 e

504 3357 781 3425 sanguine
802 3357 987 3411 Aaron
1009 3358 1373 3412 sacerdotium
1398 3372 1631 3426 gereret.
1663 3361 1904 3417 Fuerunt
1926 3363 2088 3433 igitur

500 3448 567 3501 ab
604 3449 824 3503 Aarone
874 3463 1044 3517 usque
1073 3451 1140 3503 ad
1183 3448 1514 3518 Pltanasutn,
1560 3455 1651 3522 qui
1694 3464 1939 3525 tempore
1964 3455 2090 3510 belli

498 3556 530 3591 a
577 3540 1031 3597 tumultuantibus
1085 3544 1458 3612 pontiﬁcatum
1490 3547 1721 3617 accepit,
1753 3549 1881 3603 anni
1935 3558 2090 3602 octo-

498 3634 649 3700 ginta
698 3643 829 3688 tres.
886 3632 1012 3689 lude
1072 3649 1105 3688 a
1180 3635 1510 3692 deductione
1551 3640 1849 3708 edeserto,
1893 3639 1985 3694 ubi
2033 3649 2090 3695 et

495 3727 914 3783 tabernaculum
969 3726 1296 3783 fabricatum
1336 3738 1445 3794 est,
1474 3746 1647 3801 usque
1704 3734 1772 3789 ad
1831 3733 2087 3803 templum

494 3819 645 3886 quod
668 3818 922 3873 Salomon
955 3821 1248 3889 exstruxit,
1280 3823 1542 3878 tredecim
1570 3826 1946 3894 pontiﬁcatum
1969 3842 2089 3896 ges-

500 3922 731 3977 serunt;
775 3913 867 3981 qui
902 3912 1101 3982 singuli
1135 3929 1258 3969 eum
1311 3930 1409 3984 per
1436 3926 1603 3972 totam
1634 3918 1804 3974 vitam
1831 3919 2086 3976 obtinue-

500 4015 653 4059 runt.
705 4000 830 4056 Fuit
856 4004 1074 4057 illorqu
1130 4006 1431 4060 dominatio
1496 4009 1669 4078 prima
1702 4011 2085 4067 aristocratica

501 4097 618 4151 sive
648 4098 1009 4166 Optituatum;
1052 4097 1251 4154 deinde
1290 4099 1364 4154 ad
1404 4114 1571 4153 unum
1609 4099 1829 4155 redacta
1880 4112 1987 4168 est,
2017 4104 2084 4157 ad

504 4202 661 4259 reges
679 4189 858 4244 tertio.
889 4188 1058 4258 Igitur
1077 4190 1147 4245 ab
1172 4191 1317 4244 exitu
1337 4206 1403 4246 ex
1430 4191 1656 4263 Egypto,
1675 4207 1845 4262 usque
1873 4196 1942 4249 ad
1956 4196 2085 4250 aedi-

504 4281 812 4334 licationem
862 4282 1047 4352 templi
1092 4281 1593 4354 Hierosolymitani,
1630 4285 1756 4339 anni
1792 4295 1920 4339 sunt
1955 4301 2086 4341 sex-

497 4372 645 4427 centi
666 4382 722 4426 et
740 4373 1043 4429 duodecim.
1084 4374 1219 4429 Post
1259 4377 1358 4430 nos
1387 4390 1518 4431 vero
1552 4377 1813 4432 tredecim
1863 4378 2086 4449 pontiﬁ-

2189 1926 2302 1973 τος.
2346 1912 2471 1967 Ὀτι
2505 1916 2737 1980 Ἀνανος
2777 1918 2806 1970 ό
2847 1916 3069 1971 ’Δνάνου
3100 1920 3229 1979 παῖς
3249 1919 3348 1989 τὴν
3376 1921 3728 1992 ἀρχιερωσύνην

2191 2002 2553 2071 παραλαϐὼν,
2601 2007 2994 2077 ἀφαιρεθέντος
3051 2007 3222 2078 αὐτὴν
3255 2009 3539 2080 Ἰωσήπου,
3569 2010 3728 2080 θρασὺς

2193 2098 2263 2173 ἦν
2297 2098 2392 2151 καὶ
2414 2095 2695 2168 τολμητὴς
2720 2098 3089 2170 διαφερόντως
3110 2113 3126 2129 ·
3154 2099 3366 2170 αἵρεσιν
3394 2100 3503 2172 γὰρ
3525 2102 3615 2171 τὴν
3634 2102 3729 2155 Σαδ‹

2191 2191 2460 2247 δουκαίων
2500 2188 2691 2261 μετῄει
2720 2206 2734 2219 ·
2770 2185 2919 2243 οὗτοι
2967 2190 3078 2263 γάρ
3105 2190 3249 2262 ὠμοί
3278 2208 3338 2245 τε
3370 2192 3499 2264 περὶ
3522 2194 3611 2257 τὰς
3646 2195 3727 2264 κρί-

2193 2303 2307 2349 σεις
2334 2284 2430 2337 καὶ
2463 2281 2601 2353 πρὸς
2624 2282 2809 2336 πᾶσαν
2839 2282 3133 2336 αὐθάδειαν
3160 2283 3395 2353 ἕτοιμοι.
3428 2281 3589 2349 Οὗτος
3621 2286 3727 2340 οὒνό

2195 2377 2428 2437 Ἀνανος
2479 2374 2691 2443 Φήστου
2742 2374 2840 2444 μὲν
2900 2376 2959 2427 ἐν
3028 2375 3261 2447 Ἰουδαίᾳ
3312 2376 3725 2447 τελευτήσαντος,

2194 2466 2325 2541 [519
2356 2464 2453 2539 Η.]
2501 2465 2745 2519 Ἀλϐίνου
2776 2466 2833 2518 δέ
2856 2466 3011 2520 οὔπω
3039 2466 3463 2532 καταλαϐόντος,
3514 2469 3727 2541 αὑθεντή-

2195 2575 2294 2621 σας
2324 2557 2542 2621 καθίζει
2574 2556 2873 2627 συνέδριον,
2897 2560 2993 2611 καὶ
3035 2559 3294 2613 Ἰάκωϐον
3321 2561 3419 2614 τὸν
3440 2561 3647 2629 ἀδελφὸν
3664 2563 3727 2613 τοῦ

2193 2651 2401 2721 Κυρίου
2430 2652 2530 2703 σὺν
2562 2650 3161 2722 ἐτέροις,παρανομίαν
3177 2653 3580 2723 αἰτιασάμενος,
3607 2652 3730 2716 λίθοις

2193 2741 2552 2812 ἀναιρεθῆναι
2599 2741 3035 2812 παρασκευάζει.
3095 2743 3210 2811 Ἐφ’
3254 2736 3299 2811 ᾧ
3344 2744 3461 2795 τῶν
3519 2743 3728 2796 Ἰουδαίων

2196 2834 2299 2887 ὐπε
2308 2833 2685 2906 ραλγήσαντες
2697 2835 2748 2885 oi
2771 2835 2809 2865 “
2836 2835 3143 2887 ὲπιεικέστε
3153 2852 3256 2905 ροι,
3274 2836 3369 2889 καὶ
3383 2835 3543 2898 αὐτὸς
3561 2836 3730 2905 Ἀγρίπ-

2194 2931 2342 2989 παςό
2363 2925 2637 2995 βασιλεὺς,
2662 2924 3017 2978 ἐκϐάλλουσιν
3035 2924 3279 2996 ἄρξαντα
3313 2927 3447 2996 μηνὶ
3475 2933 3541 2995 γ’,
3576 2923 3729 2995 Ἰησοῦν

2193 3017 2238 3070 δ’
2260 3017 2374 3070 ἀντ’
2401 3015 2567 3070 αὐτοῦ
2597 3016 2686 3068 τὸν
2713 3016 2957 3087 Δάμνεον
2980 3017 3409 3089 ἐγκατέστησαν.

2270 3110 2396 3163 Ὀτι
2438 3110 2651 3181 Ἀαρὼν
2711 3110 3162 3181 τελευτήσαντος,
3208 3112 3494 3175 Μωῦσέως
3530 3109 3729 3179 ἀδελφοῦ,

2196 3203 2246 3256 oi
2276 3202 2469 3266 παῖδες
2518 3203 2833 3273 ἐκδέχονται
2889 3204 2993 3275 τὴν
3044 3204 3482 3276 ἀρχιερωσύνην,
3513 3200 3621 3257 εἶτα
3640 3203 3731 3271 ἑξῆς

2195 3292 2245 3344 oi
2271 3293 2478 3345 τούτων
2538 3290 2787 3361 ἔκγονοι*
2842 3293 3008 3363 νόμος
3042 3295 3153 3363 γὰρ
3184 3293 3394 3363 μηδένα
3449 3293 3482 3363 ἦ
3525 3293 3607 3345 τὸν
3642 3290 3733 3355 ²²ὲξ

2196 3384 2427 3454 αἵματος
2455 3384 2667 3456 Ἀαρὼν
2722 3387 2824 3456 τὴν
2848 3385 3261 3458 ἀρχιερωσύνην
3324 3383 3730 3457 εἰσδέχεσθαι

2195 3493 2350 3549 τριος
2388 3478 2638 3549 ἐκράτει.
2681 3478 2965 3546 Ἐγένοντο
3014 3476 3107 3533 οὖν
3157 3481 3267 3534 ἀπὸ
3305 3480 3575 3552 Ἀαρῶνος
3615 3480 3729 3548 μέχρι

2194 3569 2441 3623 Φανάσου
2471 3569 2567 3622 τοῦ
2591 3570 2735 3624 κατά
2752 3570 2846 3623 τὸν
2872 3571 3111 3641 πόλεμον
3169 3571 3275 3624 ὑπὸ
3302 3571 3415 3623 τῶν
3449 3570 3731 3624 στασιαστῶν

2196 3659 2606 3730 ἀναδειχθέντος
2668 3662 2971 3733 ἀρχιερέως
3023 3660 3114 3731 πγ⁸
3158 3662 3277 3732 ἔτη.
3307 3663 3407 3716 Ἐκ
3445 3662 3635 3715 τούτων
3658 3659 3730 3712 ἀπὸ

2194 3753 2295 3823 τῆς
2320 3753 2379 3805 ἐν
2408 3754 2475 3823 τῇ
2504 3754 2700 3824 ἐρήμῳ
2750 3753 3053 3823 διαγωγῆς,
3083 3755 3141 3805 ὲν
3253 3756 3347 3806 καὶ
3374 3756 3409 3824 ή
3446 3752 3611 3823 σκηνὴ
3634 3752 3727 3819 Exi,-

2195 3861 2382 3914 γνυτο,
2411 3846 2574 3916 μέχρι
2604 3845 2699 3898 τοῦ
2722 3844 2898 3899 νεὼδν
2922 3846 3147 3917 ἤγειρεν
3165 3846 3193 3898 ὁ
3226 3844 3481 3916 βασιλεὺς
3511 3842 3721 3914 Σολομὼν.

2194 3939 2633 4010 ἀρχιεράτευσαν
2656 3937 2963 4010 δεκατρεῖς,
2993 3938 3094 4009 τὴν
3115 3940 3530 4010 ἀρχιερωσύνην
3552 3940 3631 3991 διὰ
3649 3937 3726 4006 βίω

2195 4029 2563 4100 κατασχόντες
2590 4029 2843 4095 ἕκαστος.
2870 4030 3122 4098 Ἐγένετο
3149 4031 3205 4084 δὲ
3237 4031 3419 4084 αὐτῶν
3452 4033 3728 4103 ἀριστοκρα-

2195 4122 2391 4193 τορικὴ
2417 4121 2516 4190 μὲν
2536 4123 2572 4191 ή
2605 4121 2797 4193 πρώτη
2840 4121 3108 4188 πολιτεία,
3175 4119 3296 4176 εἶτα
3343 4123 3619 4194 μοναρχία,
3645 4116 3727 4172 εἶτα

2195 4215 2511 4285 βασιλέωνή
2560 4214 2741 4284 τρίτη.
2774 4214 2911 4269 Ἀπὸ
2946 4214 3078 4283 γοῦν
3119 4216 3218 4285 τῆς
3245 4216 3340 4271 ἀπ’
3367 4216 3633 4285 Atyn-mou
3657 4212 3722 4275 ἐξ·

2193 4307 2312 4360 ὁδου
2335 4306 2441 4369 ἓως
2477 4306 2570 4360 τοῦ
2601 4308 2659 4359 ἐν
2694 4307 3086 4379 Ἰεροσολύμοις
3109 4308 3215 4361 νεὼ
3232 4310 3329 4379 τῆς
3364 4306 3724 4378 οίκοδομῆςέτη

2194 4398 2401 4466 γίνεται
2461 4396 2527 4469 ιβ’
2581 4398 2677 4451 καὶ
2737 4405 2808 4469 χ’.
2850 4400 3007 4453 Μετά
3038 4399 3096 4453 δέ
3136 4401 3265 4463 τοὺς
3299 4401 3645 4479 ιγ’ἀρχιερείς
3661 4397 3729 4449 καὶ

498 4479 614 4531 ces,
646 4475 703 4520 et
727 4476 847 4534 post
866 4466 1282 4522 aediﬁcationem
1316 4468 1500 4537 templi
1539 4468 1841 4524 octodecim
1867 4473 2087 4541 pontiﬁ-

2193 4488 2291 4559 τήν
2342 4466 2638 4559 οἰκοδομὴν
2673 4466 2771 4542 tofi
2818 4488 2926 4543 νεὼ
2971 4488 3001 4543 ι’
3032 4491 3129 4544 καὶ
3156 4498 3206 4562 η’
3233 4466 3341 4563 τὴν
3361 4466 3728 4562 ἀρχιερωσύνην

501 4568 682 4611 catum
708 4568 995 4626 gesserunt
1015 4574 1045 4613 a
1076 4559 1367 4615 Salomone
1396 4574 1543 4631 rege,
1570 4562 1624 4616 in
1646 4563 1845 4632 templo
1865 4566 2089 4622 sacrati.

502 4646 687 4704 Donec
731 4648 1235 4706 Nabuchodonosor
1263 4648 1574 4723 Babyloniae
1614 4668 1711 4708 rex
1758 4657 1962 4726 templo
2001 4658 2088 4713 in-

501 4756 668 4796 censo
694 4739 912 4797 Juda-os
938 4743 1185 4811 captivos
1216 4743 1269 4797 in
1303 4744 1661 4816 Babyloniam
1688 4748 1871 4802 avexit
1904 4746 2090 4804 Ama

499 4836 779 4902 pontiﬁce.
851 4834 1054 4892 Horum
1096 4846 1307 4905 tempus
1370 4839 1720 4909 pontiﬁcatus
1768 4852 1898 4898 sunt
1957 4844 2088 4900 anni

504 4930 733 4983 trecenti
764 4931 1044 4998 sexaginta
1091 4944 1208 4993 sex,
1266 4946 1481 4988 menses
1535 4947 1657 5001 sex,
1709 4936 1898 4992 decem
1942 4938 2082 4994 dies.

502 5024 635 5077 Post
689 5024 1058 5092 captivitatem
1113 5039 1242 5081 vero
1299 5026 1641 5097 septuaginta
1682 5028 1884 5097 elapsis
1930 5031 2088 5086 annis

501 5120 698 5191 Cyrus,
743 5120 1031 5176 Persarum
1080 5138 1196 5187 rex,
1262 5127 1505 5195 captivos
1554 5126 1607 5180 in
1650 5127 1884 5196 patriam
1929 5142 2085 5183 suam

501 5213 653 5269 abire
719 5214 984 5282 permisit.
1049 5213 1204 5270 Unus
1274 5215 1437 5287 igitur
1488 5218 1810 5273 e.reductis
1857 5221 2084 5290 captivis

502 5306 872 5375 pontiﬁcatum
925 5306 1144 5375 accipit,
1198 5316 1254 5362 et
1294 5307 1421 5363 inde
1476 5305 1789 5377 quindecim
1839 5311 1957 5381 ejus
1984 5312 2097 5383 μοι’

574 5451 604 5494 Ρ
634 5442 758 5501 Act.
788 5460 943 5513 xxnt,
984 5445 1010 5500 ί
1046 5459 1165 5515 sqq.

575 5653 618 5684 ‘°
652 5652 794 5706 τίκτ.
848 5651 942 5704 καὶ
972 5652 1098 5722 Bap.
1133 5669 1194 5715 ς.

2190 4581 2348 4652 ἔσχον
2372 4583 2484 4635 ἀπὸ
2508 4584 2828 4653 Σολομῶνος
2851 4585 3119 4655 βασιλέως
3135 4588 3194 4640 ἐν
3208 4586 3286 4657 τῷ
3306 4588 3420 4658 ναῷ
3450 4587 3725 4657 ίερούμενοι.

2188 4674 2294 4737 ἓως
2360 4674 2843 4747 Ναϐουχοδονόσορ
2886 4679 2916 4730 ό
2961 4676 3322 4732 Βαϐυλωνίων
3376 4679 3623 4750 βασιλεὺς
3665 4675 3728 4727 τὸν

2187 4765 2326 4820 νεὼν
2360 4768 2656 4838 ἐμπρήσας
2682 4768 3071 4841 αἰχμαλώτους
3123 4771 3185 4823 τὸ
3214 4771 3485 4826 Ἰουδαίων
3516 4772 3653 4832 ἔθνος
3674 4769 3729 4828 εἰς

2187 4855 2485 4910 Βαϐυλῶνα
2516 4862 2857 4928 μετήνεγκεν
2914 4861 3110 4931 Ἀμαῖε
3147 4862 3187 4894 ³³
3219 4864 3284 4916 ἐκ
3327 4864 3421 4917 τοῦ
3446 4862 3725 4935 ἀρχιερέωςο

2186 4949 2403 5004 Τούτων
2424 4952 2618 5021 χρόνος
2649 4954 2768 5006 ἐστὶ
2792 4955 2892 5024 τῆς
2922 4956 3334 5027 ἀρχιερωσύνης
3364 4957 3563 5023 “rEg’,
3595 4958 3727 5026 μῆνες

2186 5047 2262 5105 ς’,
2297 5044 2505 5114 ἡμέραι
2537 5052 2589 5099 ι’.
2616 5046 2773 5100 Μετὰ
2796 5046 2854 5100 δὲ
2883 5047 2982 5119 τὴν
3001 5046 3199 5103 ἁλῶσιν
3225 5050 3362 5104 ἐτῶν
3386 5049 3425 5104 o'
3452 5050 3724 5104 διελθόντων

2184 5131 2366 5203 Κῦρος
2417 5135 2447 5186 ό
2515 5137 2744 5208 Περσῶν
2796 5139 3050 5210 βασιλεὺς
3092 5146 3219 5205 τοὺς
3248 5142 3618 5214 αἰχμαλώτους
3648 5142 3725 5193 ἀπ-

2182 5224 2373 5278 έλυσεν
2412 5229 2493 5290 είς
2540 5230 2641 5298 τὴν
2697 5230 2834 5283 ίδίαν
2887 5232 3065 5287 ἐλθεῖν
3113 5235 3367 5307 πατρίδα.
3409 5231 3502 5301 Εἷς
3524 5232 3608 5289 οὖν
3640 5232 3723 5285 τῶν

2183 5318 2350 5388 ἀναχθ
2358 5318 2905 5393 ἐντωναίχμαλώτων
2921 5324 3193 5397 λαμϐάνει
3219 5329 3319 5400 τὴν
3333 5328 3720 5400 ἀρχιερωσύνηνο

1688 5490 1699 5501 ‘
1798 5516 2035 5574 VARI/ﬁ
2066 5518 2471 5580 LECTIONES.

1914 5658 2029 5746 176v]
2055 5658 2238 5746 conp.
2319 5663 2362 5696 “
2391 5664 2559 5746 ἀμαΐε
2589 5666 2651 5746 ἐκ
2682 5664 2776 5718 τοῦ
2806 5668 2881 5723 C:
2927 5670 3126 5740 ’Ᾱμαῖη
3162 5673 3226 5726 ἐκ
3248 5673 3341 5728 τοῦ
3365 5693 3419 5741 ς.
3453 5674 3713 5746 Legendi")!

505 5724 621 5818 ipa
663 5722 934 5818 Ἰωσεδέκο
967 5720 1216 5804 sitientm
1252 5720 1538 5818 Ioseplxms.
1589 5724 1951 5784 llmschelius.
1991 5720 2303 5799 ’ίωσάδοκος
2339 5720 2783 5801 ιὀΓἸωτάδωκος
2818 5720 2909 5795 ⁷εει
2944 5720 3419 5818 vx):
3450 5720 3710 5809 ξ

504 5791 551 5824 ιι
580 5802 700 5862 post
750 5791 1157 5862 ἀρχιερωσύνης
1191 5795 1391 5849 excidit
1421 5795 1536 5865 ἐτη.
