3954 6444
240 355 388 421 1192

1177 364 1683 427 BlBLIOTHECA
1745 394 1813 408 —
1868 370 2030 432 COD.
2086 373 2495 437 CCXXXVlli.

3378 383 3513 448 1194

237 471 344 523 καὶ
370 466 582 521 ἐκεῖθεν
620 467 667 519 οἱ
695 464 755 531 ἐξ
776 464 938 519 αὐτοῦ
981 466 1195 537 ἔκγονοι
1240 476 1301 523 ιε’
1322 471 1516 542 μέχρις
1557 475 1831 546 Ἀντιόχου

1940 480 2068 533 steri
2107 497 2277 549 usque
2303 484 2369 536 ad
2396 485 2740 550 Antiochum,
2777 485 3062 557 Eupatoris
3095 490 3284 556 ﬁlium,
3315 498 3511 564 p0pu|o

233 560 341 611 τοῦ
383 559 719 628 Εὐπάτορος,
748 558 1025 621 πολιτείας
1054 559 1221 631 οὔσης
1250 563 1309 614 ὲν
1326 562 1509 627 αὐτοῖς
1543 565 1827 636 δημοκρα-

233 650 493 723 τορικῆς.
521 651 630 702 Καὶ
661 650 868 704 τούτων
919 653 976 705 δὲ
1014 654 1203 723 χρόνος
1250 656 1345 724 ἐτη
1367 655 1487 710 υιδ’.
1530 656 1751 728 Πρῶτος
1782 657 1826 709 δ’

232 740 401 805 οὗτος
433 742 708 811 Ἀντίοχος
732 742 826 795 καὶ
867 743 894 794 ὁ
935 745 1239 812 στρατηγὸς
1290 747 1459 801 αὑτοῦ
1502 748 1711 812 Λυσίας
1736 750 1828 803 τὸν

235 834 450 899 Ὀνίαν,
546 831 825 894 Μενέλαος
859 833 1112 905 ἐπίκλην,
1157 836 1392 889 παύουσι
1421 839 1522 909 τῆς
1560 839 1829 911 ἀρχιερω-

236 926 435 993 σύνης,
471 924 751 987 ἀνελόντες
774 924 933 977 αὐτὸν
969 926 1026 977 ἐν
1071 925 1287 999 Βεροίᾳ,
1313 930 1406 983 καὶ
1438 931 1830 985 ἀντικαθιστῶ-

239 1033 334 1069 σιν
366 1015 624 1085 Ἰάκιμον,
653 1016 846 1083 γένους
878 1017 978 1086 μὲν
1001 1018 1094 1071 τοῦ
1120 1020 1414 1088 Ἀαρῶνος,
1447 1022 1508 1074 ού
1531 1022 1629 1091 τῆς
1657 1023 1829 1092 αὐτῆς

234 1106 291 1158 δ’
320 1106 517 1168 οίκίας.
543 1103 672 1176 [980
696 1106 757 1159 R.
770 1122 789 1177 ι
829 1108 927 1159 Διά
946 1107 1107 1160 τοῦτο
1156 1111 1253 1162 καὶ
1284 1110 1534 1173 Ἀνανίας
1556 1114 1583 1164 ὁ
1603 1110 1698 1164 τοῦ
1740 1130 1829 1165 τε·

236 1197 608 1265 λευτήσαντος
656 1196 834 1250 Ὀνίου
886 1197 1195 1266 ἐξάδελφος,
1229 1200 1310 1263 είς
1330 1200 1609 1268 Αἴγυπτον
1636 1203 1830 1270 ἀφικό-

244 1301 411 1355 μενος
444 1286 539 1340 καὶ
568 1285 890 1356 Πτολεμαίῳ
919 1286 996 1356 τῷ
1017 1288 1346 1359 Φιλομήτορι
1378 1290 1471 1343 καὶ
1501 1292 1830 1365 Κλεοπάτρᾳ

238 1378 313 1445 τῇ
375 1376 598 1443 γυναικὶ
645 1374 732 1427 διὰ
772 1376 957 1443 φιλίας
988 1376 1180 1442 ἐλθὼν,
1218 1379 1393 1431 πείθει
1422 1381 1645 1445 τούτους
1687 1384 1830 1436 κατά

240 1467 341 1520 τὸν
387 1467 797 1536 Ἡλιουπολίτην
814 1468 976 1536 νομὸν
996 1469 1323 1539 δειμάμενος
1344 1473 1386 1503 ¹⁵
1407 1471 1486 1541 τῷ
1502 1472 1621 1543 Θεῷ
1651 1491 1830 1543 παρα-

243 1561 478 1629 πλήσιον
506 1558 600 1612 τοῦ
631 1561 689 1613 ἐν
737 1559 1132 1630 Ἱεροσολύμοις
1158 1562 1321 1615 αὑτὸν
1355 1564 1615 1633 ἀρχιερέα
1654 1582 1827 1619 κατα-

243 1653 469 1720 στῆσαι.
539 1652 598 1704 '0
647 1652 833 1721 μέντοι
859 1652 1103 1722 Ἰάκιμος
1152 1654 1249 1722 ἐτη
1301 1662 1346 1721 γ’
1390 1656 1829 1727 ἀρχιερατεύσας

240 1744 479 1813 τελευτᾷ
500 1758 514 1771 ·
543 1734 604 1795 οὗ
637 1741 879 1812 διάδοχος
895 1742 1069 1805 οὐδεὶς
1082 1744 1316 1814 κατέστη
1351 1745 1442 1798 ἐπὶ
1470 1745 1647 1799 ἐτεσιν
1668 1748 1828 1801 ἑπτά.

246 1834 422 1889 Πάλιν
457 1834 515 1886 δέ
552 1834 601 1886 οἱ
654 1832 764 1886 τῶν
813 1832 1193 1903 Ἀσαμωναίου
1232 1836 1440 1889 παίδων
1492 1837 1703 1905 ἔκγονοι
1732 1839 1833 1907 τὴν
1866 1821 1906 1875 Β

246 1924 590 1996 προστασίαν
607 1924 700 1976 τοῦ
718 1922 903 1986 ἔθνους
919 1925 1427 1992 πιστευθέντες,καὶ
1443 1929 1720 1983 Μακεδόσι
1742 1948 1834 1984 πο-

246 2020 309 2070 λε
319 2019 612 2088 μήσαντες,
628 2016 885 2087 Ἰωάννην
910 2019 1170 2089 ἀρχιερέα
1190 2020 1544 2086 καθιστῶσιν,
1562 2021 1622 2084 ὃς
1656 2021 1831 2093 ἄρξας

247 2108 530 2170 ἐνιαυτοὺς
547 2107 688 2160 ἐπτά
705 2107 953 2178 τελευτᾷ,
982 2108 1276 2178 Τρύφωνος
1316 2110 1626 2174 ἐπιϐουλαῖς
1640 2111 1836 2183 διαμη-

243 2201 579 2271 χανηθείσης
600 2198 730 2271 [520
752 2198 846 2271 Η.]
895 2200 1042 2271 αύτῷ
1065 2201 1165 2271 τῆς
1194 2201 1453 2270 τελευτῆς
1475 2196 1565 2255 ὀὗ
1592 2203 1835 2272 διάδοχος

243 2292 432 2361 Σίμων
475 2293 805 2346 καθίσταται
847 2291 876 2342 ὁ
936 2291 1185 2358 ἁδελφός.
1237 2292 1348 2345 Καὶ
1368 2289 1559 2345 τοῦτον
1604 2292 1659 2345 δὲ
1698 2294 1835 2364 δόλῳ

246 2382 406 2452 παρὰ
438 2382 481 2412 ¹⁶
501 2381 562 2434 τὸ
611 2380 913 2450 συμπόσιον
969 2380 1337 2451 διαφθαρέντα
1394 2381 1498 2433 ὑπὸ
1538 2382 1633 2436 τοῦ
1688 2400 1836 2451 γαμ-

242 2472 385 2543 ϐροῦ
414 2471 721 2541 διαδέχεται
747 2473 874 2533 παῖς
911 2471 1184 2542 Ὑρκανὸς
1236 2471 1410 2539 ὄνομα
1434 2488 1446 2501 ’
1474 2473 1532 2535 ὃς
1569 2473 1835 2526 τελευτῶν

245 2564 425 2635 Ἰούδᾳ
461 2564 538 2635 τῷ
569 2563 665 2617 καὶ
690 2565 746 2615 Ἀ
756 2562 1088 2633 ριστοὸούλῳ
1114 2562 1367 2631 κληθέντι
1386 2564 1710 2619 καταλείπει
1738 2568 1836 2634 τὴν

242 2658 453 2728 ἀρχήν.
483 2658 827 2729 κληρονομεῖ
855 2657 911 2709 δὲ
944 2658 1038 2709 καὶ
1081 2656 1270 2709 τοῦτον
1311 2658 1540 2726 ἀδελφὸς
1580 2660 1832 2725 Ἀλέξαν-

242 2748 399 2815 δρος,
447 2748 552 2801 ὑπὸ
602 2748 756 2801 νόσου
808 2746 908 2815 μὲν
947 2745 1370 2815 τελευτήσαντα,
1408 2746 1505 2818 τὴν
1536 2749 1838 2819 ἱερωσύνην

240 2840 308 2893 δὲ
344 2839 688 2909 κατασχόντα
721 2838 864 2908 μετά
892 2837 990 2906 τῆς
1020 2836 1298 2907 βασιλείας
1329 2838 1574 2909 (καὶγὰρ
1600 2840 1838 2911 διάδημα

244 2933 537 3001 περιέθετο
560 2931 774 3002 πρῶτος
812 2929 1039 3001 Ἰούδας)
1070 2930 1316 2982 ἐνιαυτὸν
1345 2930 1462 2984 ἕνα.
1497 2932 1839 2997 Βασιλεύσας

240 3023 295 3077 δ’
323 3025 350 3076 ὁ
378 3022 728 3093 Ἀλέξανδρος
759 3022 853 3075 καὶ
880 3018 1207 3090 ἱερατεύσας
1235 3018 1332 3089 ἐτη
1364 3021 1446 3085 κζ’
1467 3023 1839 3093 καταστρέφει

245 3122 345 3175 τὸν
371 3118 505 3186 βίον,
534 3113 861 3183 Ἀλεξάνδρα
892 3109 999 3183 [δὲ]
1031 3114 1097 3181 τῇ
1114 3113 1339 3173 γυναικὶ
1377 3113 1721 3183 καταστῆσαι
1743 3117 1838 3169 τὸν

246 3214 816 3285 ἀρχιερατευσόμενον
839 3208 1163 3280 ἐπιτρέψας.
1181 3209 1245 3262 Ἡ
1271 3210 1311 3242 ¹⁷
1326 3210 1384 3263 δὲ
1407 3213 1506 3282 τὴν
1527 3212 1625 3281 μὲν
1652 3213 1839 3282 ἀρχιε-

252 3309 506 3381 ρωσύνην
556 3304 810 3378 ’Υρκανῷ
830 3304 1012 3358 δίδωσι
1042 3302 1153 3355 τῶν
1184 3301 1316 3355 υἱῶν
1351 3302 1429 3373 τῷ
1456 3304 1837 3375 πρεσϐυτέρῳ,

248 3402 398 3473 αὐτὴ
429 3403 486 3454 δὲ
514 3401 613 3471 τὴν
634 3402 675 3433 ιθ
713 3397 992 3469 βασιλείαν
1017 3397 1111 3466 ἐτη
1132 3399 1177 3451 θ’
1201 3397 1551 3466 κατασχοῦσα
1580 3397 1837 3468 τελευτᾷ·

249 3496 352 3549 τὸν
385 3497 497 3549 ἴσον
531 3495 589 3548 δὲ
621 3494 809 3566 χρόνον
837 3494 1218 3565 ἀρχιερατεύει
1245 3494 1339 3545 καὶ
1370 3490 1656 3562 Ὑρκανός.
1684 3490 1842 3547 Μετὰ

248 3588 369 3657 γὰρ
389 3589 480 3639 τὸν
501 3587 717 3655 ἐκείνης
779 3584 1008 3639 θάνατον
1048 3589 1076 3639 ὁ
1111 3584 1375 3655 νεώτερος
1418 3585 1548 3646 παῖς
1584 3582 1720 3653 πρὸς
1748 3582 1841 3636 τὸν

251 3678 493 3746 ἀδελφὸν
515 3677 830 3747 πολεμήσας
868 3677 1303 3747 (Ἀριστόϐουλος
1334 3674 1484 3745 αὐτῷ
1522 3674 1717 3745 ὖνομα)
1747 3674 1842 3726 καὶ

250 3772 476 3841 ἀφελὼν
503 3772 611 3843 τὴν
662 3770 1103 3840 ἀρχιερωσύνην,
1164 3770 1375 3839 ταύτην
1398 3786 1459 3822 τε
1494 3770 1588 3822 καλ.
1613 3767 1713 3839 τὴν
1740 3768 1842 3837 τῆς

256 3862 472 3933 μητρδς
502 3860 782 3932 βασιλείαν
814 3860 977 3923 αὐτὸς
1035 3860 1446 3931 περιϐάλλεται,
1486 3861 1639 3912 Ἔτει
1666 3859 1721 3912 δέ
1744 3860 1843 3929 τῆς

251 3954 439 4022 ἀρχῆς
472 3954 660 4023 τρίτῳ,
693 3954 788 4005 καὶ
843 3953 978 4020 πρὸς
1036 3954 1171 4021 μησὶ
1216 3954 1328 4013 τοῖς
1351 3951 1507 4016 ἴσοις,
1559 3952 1843 4020 Πομπήϊος

250 4041 431 4102 ἐλθὼν
466 4047 560 4100 καὶ
594 4045 694 4114 τὴν
730 4045 886 4097 πόλιν
919 4046 1038 4096 κατ’
1073 4043 1253 4113 ἄκρας
1290 4042 1429 4095 ἐλὼν
1458 4043 1619 4097 αὑτὸν
1643 4043 1741 4112 μὲν
1763 4043 1843 4104 είς

263 4139 488 4210 Ῥώμην
522 4139 661 4209 μετά
690 4138 800 4190 τῶν
826 4137 1032 4189 τέκνων
1056 4137 1226 4206 δήσας
1250 4135 1487 4206 ἔπεμψε,
1514 4133 1594 4205 τῷ
1621 4134 1666 4186 δ’
1710 4134 1843 4204 ’Υρ-

248 4234 412 4302 κανῷ
443 4232 544 4301 τὴν
572 4228 990 4301 ἀρχιερωσύνην
1018 4228 1254 4291 ἀποδοὺς
1276 4227 1376 4298 τὴν
1408 4228 1509 4297 μὲν
1532 4225 1625 4279 τοῦ
1657 4224 1843 4288 ἔθνους

248 4323 601 4394 προστασίαν
625 4322 915 4393 ἐπέτρεψε,
964 4322 1115 4399 suae},
1124 4339 1203 4392 μα
1222 4321 1281 4373 δὲ
1333 4323 1521 4389 φορεῖν
1544 4318 1839 4373 ἐκώλυσεν.

248 4418 435 4489 ἾΙρξε
465 4419 523 4472 δὲ
550 4418 690 4489 πρὸς
708 4421 821 4481 τοῖς
844 4418 886 4470 θ’
906 4420 1016 4479 τοῖς
1034 4417 1079 4448 ¹⁹
1101 4414 1340 4486 πρώτοις
1366 4414 1460 4484 ἔτη
1477 4414 1719 4484 τέσσαρα
1748 4413 1843 4466 καὶ

1935 570 2234 640 imperante
2268 615 2284 639 ,
2316 585 2371 629 et
2402 577 2593 631 borum
2666 589 2874 648 tempus
2939 582 3065 635 anni
3136 583 3513 656 quadringenti

1932 672 1988 717 et
2051 669 2476 734 quatuordecim.
2538 670 2751 725 Primus
2809 673 2895 727 hic
2954 674 3254 729 Antiochus
3311 685 3364 731 et
3405 678 3514 731 dux

1933 752 2049 821 ejus
2082 754 2291 824 Lysias,
2339 755 2535 822 Onian,
2566 758 2836 814 Menelaus
2869 774 3246 832 cognomento,
3305 766 3517 833 pontiﬁ-

1933 854 2055 898 catu
2087 846 2357 911 abdicant,
2391 847 2781 905 interficientes
2806 851 2953 905 illum
2981 854 3031 905 in
3062 853 3275 918 Beroea,
3301 864 3357 909 et
3381 869 3513 911 con-

1935 943 2015 986 tra
2045 935 2375 990 substituunt
2425 936 2689 993 Jacimum
2717 984 2730 1006 ,
2754 955 2784 995 e
2817 941 2987 1010 stirpe
3013 942 3228 1010 quidem
3254 944 3510 1009 Aaronis,

1934 1024 2025 1077 sed
2052 1038 2154 1077 non
2185 1039 2215 1079 e
2246 1035 2393 1079 recta
2427 1027 2587 1083 linea.
2623 1028 2743 1083 ideo
2773 1037 2827 1083 et
2857 1032 3096 1085 Ananias
3126 1035 3319 1088 mortui
3360 1033 3511 1089 Onire

1934 1115 2196 1182 patruelis
2232 1116 2285 1170 in
2319 1116 2610 1188 Egyptum
2650 1120 2945 1189 profectus,
2975 1122 3027 1175 in
3058 1123 3333 1178 Ptolemaei
3382 1124 3512 1179 Phi-

1934 1202 2210 1258 lometoris
2236 1215 2290 1259 et
2338 1207 2636 1276 Cleopatrte
2678 1211 2859 1264 uxoris
2909 1212 3201 1267 amicitiam
3264 1216 3507 1283 veniens,

1934 1296 2220 1365 persuadet
2246 1294 2370 1361 illis,
2404 1297 2644 1352 condens
2699 1300 2750 1353 in
2800 1300 3060 1371 lleliopoii
3103 1305 3362 1374 templum
3398 1305 3511 1361 Deo

1935 1390 2110 1444 simile
2148 1390 2196 1445 ei
2250 1390 2390 1457 quod
2418 1401 2499 1445 est
2530 1392 2581 1443 in
2614 1391 2936 1457 Jerusalem,
2991 1405 3047 1447 ut
3086 1411 3145 1450 se
3195 1398 3507 1467 pontificem

1936 1491 2205 1536 crearent.
2270 1481 2510 1536 Jacimus
2570 1499 2739 1537 annos
2799 1494 2907 1539 tres
2962 1488 3322 1542 sacerdotium
3385 1506 3510 1545 cum

1938 1573 2165 1627 rexisset
2209 1573 2474 1628 moritur:
2517 1575 2601 1629 cui
2664 1575 2804 1629 intra
2871 1585 3075 1645 septem
3128 1594 3300 1633 annos
3352 1596 3512 1637 nemo

1936 1663 2198 1717 succedit.
2231 1662 2467 1717 Rursum
2502 1679 2629 1719 vero
2679 1667 2880 1734 posteri
2932 1668 3164 1723 ﬁliorum
3206 1672 3509 1727 Asamonazi

1939 1753 2223 1821 imperium
2271 1755 2453 1823 p0puli
2501 1757 2666 1820 nacti,
2707 1768 2762 1811 et
2794 1773 2917 1812 cum
2965 1760 3353 1818 Macedonibus
3408 1754 3513 1833 pu-

1936 1855 2164 1915 gnantes
2196 1845 2461 1901 Joannem
2515 1848 2833 1916 pontiﬁcem
2886 1860 3096 1917 creant,
3127 1852 3219 1921 qui
3261 1868 3379 1907 cum
3429 1869 3517 1909 se-

1936 1946 2078 2005 ptem
2123 1938 2279 1991 annis
2310 1937 2616 2006 praefuisset
2674 1941 2924 2005 moritur,
2980 1940 3270 2012 Tryphone
3311 1944 3386 1998 illi
3416 1962 3511 1999 ne-

1934 2038 2049 2077 cem
2095 2026 2370 2092 moliente,
2419 2027 2504 2081 cui
2553 2028 2794 2083 succedit
2847 2030 3033 2085 Simon
3085 2031 3271 2087 frater.
3315 2032 3511 2090 Verum

1934 2123 1985 2166 et
2034 2112 2179 2168 lumc
2214 2115 2336 2169 dolo
2376 2117 2429 2169 in
2481 2116 2792 2171 convivium
2852 2119 3192 2175 interfectum
3244 2136 3273 2175 a
3316 2136 3513 2191 genero

1936 2207 2180 2275 sequitur
2207 2207 2347 2262 ﬁlius
2379 2209 2594 2263 nomine
2624 2207 2922 2280 Hyrcanus.
2958 2208 3055 2264 Hic
3082 2212 3336 2277 moriens,
3365 2210 3515 2267 ludas

1936 2295 2102 2362 quiet
2133 2297 2481 2351 Aristobulus
2536 2299 2923 2353 nominabatur
2961 2300 3215 2367 relinquit
3264 2316 3511 2372 regnum.

1938 2387 2197 2455 Sequitur
2247 2389 2390 2443 hunc
2433 2388 2602 2442 frater
2639 2388 2969 2455 Alexander,
3027 2391 3214 2446 morbo
3290 2393 3512 2462 quidem

1935 2479 2290 2543 exstinctum,
2354 2481 2451 2535 sed
2483 2481 2847 2535 sacerdotium
2891 2497 3012 2537 cum
3063 2497 3227 2552 regno
3264 2484 3515 2537 obtinen-

1940 2580 2067 2635 tem,
2128 2586 2252 2624 nam
2301 2580 2356 2625 et
2407 2571 2654 2626 diadema
2708 2572 2894 2626 habuit
2934 2574 3141 2643 primus
3187 2574 3357 2630 Judas
3405 2589 3518 2630 uno

1937 2677 2098 2716 anno.
2139 2662 2414 2731 :chnans
2462 2678 2590 2716 vero
2651 2662 2962 2719 Alexander
3003 2675 3058 2719 et
3141 2665 3513 2733 pontificatum

1936 2766 2150 2821 gerens,
2184 2767 2356 2806 annos
2383 2753 2452 2805 27
2484 2753 2651 2808 vitam
2689 2754 2827 2820 ﬁnit,
2863 2755 3184 2810 Alexandra:
3209 2757 3363 2811 uxori
3389 2771 3517 2825 per-

1939 2845 2160 2898 mittens
2236 2844 2571 2899 constituere
2630 2848 3002 2915 pontificatum
3064 2858 3360 2914 gerentem.
3436 2849 3515 2904 ibi

1938 2936 2027 2990 illa
2084 2936 2459 3005 pontiﬁcatum
2508 2937 2759 3008 Hyrcano
2813 2940 2905 2994 dat
2950 2940 3057 2994 ﬁlio
3105 2950 3234 2995 natu
3285 2940 3511 3011 majori;

1941 3026 2052 3094 ipsa
2084 3042 2308 3094 regnum
2366 3042 2557 3083 novem
2608 3044 2785 3084 annos
2822 3045 2943 3084 cum
2998 3031 3353 3100 gubernasset
3395 3048 3515 3087 mo-

1946 3118 2108 3169 ritur:
2163 3119 2385 3174 tutidem
2434 3120 2589 3174 annis
2633 3120 2995 3176 sacerdotium
3034 3122 3173 3192 gerit
3211 3121 3512 3193 Hyrcanus.

1942 3206 2073 3262 Pust
2123 3208 2284 3278 hujus
2343 3221 2575 3265 mortem
2613 3210 2799 3280 junior
2855 3212 2994 3266 frlius
3049 3221 3239 3267 contra
3294 3213 3514 3269 fratrem

1943 3302 2139 3356 bellum
2179 3317 2397 3371 gerens,
2479 3304 2700 3357 nomine
2767 3303 3131 3370 Aristobulus,
3180 3311 3234 3357 et
3261 3305 3516 3361 auferens

1942 3395 2337 3463 pontificatum,
2396 3403 2505 3447 tam
2555 3393 2676 3457 hoc,
2728 3409 2888 3463 quam
2944 3397 3134 3449 matris
3180 3410 3345 3465 regno
3371 3399 3515 3464 poti-

1944 3494 2049 3539 tur.
2110 3485 2298 3538 Tertio
2360 3499 2505 3538 anno
2564 3485 2799 3553 imperii,
2850 3494 2905 3539 et
2944 3487 3222 3541 mensibus
3295 3490 3514 3543 totidem

1942 3577 2233 3646 Pompeius
2263 3577 2505 3639 veniens,
2537 3586 2592 3631 et
2622 3579 2808 3631 urbem
2843 3579 2891 3630 vi
2923 3580 3161 3647 capiens,
3197 3581 3372 3648 ipsum
3405 3581 3515 3637 Ro-

1942 3683 2084 3722 mam
2112 3684 2232 3722 cum
2264 3667 2388 3723 ﬁliis
2417 3669 2686 3737 captivum
2714 3670 2877 3723 misit.
2907 3670 3214 3740 Hyrcanum
3239 3685 3367 3726 vero
3394 3688 3522 3740 pon-

1944 3759 2143 3814 tiﬁcem
2176 3758 2474 3828 designans
2507 3759 2688 3829 populi
2732 3761 3018 3829 imperium
3057 3763 3103 3817 ei
3128 3764 3395 3832 permisit,
3423 3767 3520 3819 sed

1942 3873 2200 3914 coronam
2243 3874 2365 3913 eum
2398 3858 2539 3913 ferre
2568 3858 2760 3913 noluit.
2800 3858 3088 3926 Imperavit
3140 3873 3270 3913 vero
3326 3870 3523 3928 praeter

1944 3964 2137 4004 novem
2200 3950 2427 4018 primos,
2483 3950 2642 4003 annis
2707 3958 2943 4019 quatuor
2979 3958 3035 4003 et
3081 3949 3293 4019 viginti.
3356 3949 3493 4005 Basa

1943 4043 2275 4112 pharmanes
2331 4050 2387 4096 et
2424 4041 2660 4096 Pacorus
2710 4043 2954 4110 dynastas
3003 4042 3351 4107 Parthorum,
3396 4056 3520 4097 cum

1944 4135 2199 4205 Hyrcano
2247 4134 2443 4188 bellum
2498 4142 2768 4205 gerentes,
2816 4149 2941 4187 eum
3001 4135 3177 4188 vivum
3224 4144 3519 4204 ceperunt:

1944 4228 2272 4297 Antigonum
2322 4240 2453 4281 vero
2523 4224 2816 4279 Aristobuli
2869 4223 3035 4277 filium
3082 4237 3263 4291 regem
3310 4224 3520 4277 consti-

1947 4329 2189 4376 tuerunt.
2231 4320 2367 4373 Tres
2430 4332 2561 4372 vero
2615 4331 2790 4369 annos
2846 4324 2901 4370 et
2957 4324 3066 4369 tres
3111 4330 3327 4371 menses
3371 4315 3523 4370 illum

1948 4412 2303 4481 imperantem
2366 4407 2555 4463 Sosius
2610 4407 2807 4477 318b
2867 4416 2921 4459 et
2956 4404 3198 4459 Herodes
3244 4420 3525 4476 eXpngna-

254 4515 458 4568 εἴκοσι.
502 4511 951 4581 Βαζαφαρμάνης
982 4510 1041 4561 δὲ
1064 4510 1159 4561 καὶ
1181 4508 1450 4579 Πάκορος,
1481 4507 1531 4559 οἱ
1559 4506 1657 4575 τῆς
1685 4506 1836 4574 Παρ-

1943 4513 2088 4557 runt.
2139 4501 2408 4555 Antonius
2437 4514 2567 4554 vero
2596 4507 2811 4567 captum
2842 4496 3143 4551 Antiochiae
3188 4498 3364 4550 securi
3396 4510 3524 4565 per-

251 4605 463 4674 Θυηνῆς
488 4604 770 4665 δυνάσται,
806 4602 1218 4671 πολεμήσαντες
1252 4598 1511 4669 Ὑρκανῷ
1552 4598 1715 4651 αὑτὸν
1742 4598 1843 4667 μὲν

253 4698 471 4767 ζωγρίᾳ
517 4698 561 4728 ³⁸
620 4695 833 4760 ἔλαῦον,
865 4693 1169 4760 Ἀντίγονον
1205 4691 1261 4744 δέ
1293 4691 1385 4744 τὸν
1425 4688 1841 4761 Ἀριστοϐούλου

252 4787 373 4841 υἱὸν
401 4786 627 4856 βασιλέα
662 4785 1026 4853 κατέστησαν.
1060 4783 1112 4834 Γ⁹
1130 4782 1189 4836 δὲ
1220 4782 1314 4850 ἐτη
1345 4782 1442 4835 καὶ
1475 4781 1650 4850 μῆνας
1673 4786 1722 4847 γ’
1743 4779 1841 4848 ἄρ-

249 4884 426 4946 ξαντα
456 4878 644 4930 τοῦτον
671 4877 890 4939 Σόσσιος
925 4875 1021 4929 καὶ
1066 4872 1313 4945 Ἡρώδης
1360 4871 1841 4943 ἐξεπολιόρκησαν,

249 4969 543 5032 Ἀντώνιος
584 4968 641 5022 δὲ
697 4967 1000 5037 ἀναχθέντα
1049 4967 1108 5018 ἐν
1160 4964 1464 5033 Ἀντιοχείᾳ
1498 4963 1835 5018 ἐπελέκισεν.

248 5062 370 5133 Τὴν
410 5062 465 5114 δὲ
509 5061 787 5131 βασιλείαν
838 5056 1084 5129 Ἡρώδης
1127 5058 1278 5126 παρὰ
1334 5056 1620 5126 Ῥωμαίων
1667 5057 1842 5124 ἐγχει-

250 5154 464 5226 ρισθεὶς
485 5154 668 5206 οὐκέτι
690 5156 754 5204 ὲκ
788 5151 883 5203 τοῦ
902 5150 1277 5219 Ἀσαμωναίου
1304 5149 1490 5215 γένους
1517 5147 1839 5217 καθίστησιν

249 5247 556 5315 ἀρχιερεῖς,
592 5244 839 5313 ἀσήμους
863 5240 919 5295 δέ
956 5257 1109 5302 τινας
1146 5240 1243 5293 καὶ
1271 5239 1431 5307 μόνον
1459 5239 1515 5305 ἐξ
1535 5238 1727 5308 ἱερέων
1752 5236 1840 5291 ὅν-

247 5354 378 5397 τας,
411 5336 551 5405 πλὴν
585 5335 701 5396 ἑνός
727 5350 741 5364 ·
780 5332 1194 5403 Ἀριστόϐουλος
1244 5330 1287 5383 δ’
1316 5325 1385 5399 ἦν
1435 5324 1611 5391 οὗτος,
1645 5326 1839 5390 υἱωνὸς

246 5429 299 5481 δ’
327 5424 395 5498 ἦν
422 5422 578 5490 οὗτος
609 5428 673 5479 ἐκ
703 5425 971 5495 θυγατρὸς
1016 5421 1287 5493 Ὑρκανοῦ
1335 5420 1430 5474 τοῦ
1470 5421 1577 5474 ὑπὸ
1607 5419 1838 5489 Πάρθων

245 5521 578 5593 ληφθέντος,
600 5513 663 5571 οὗ
692 5521 787 5572 καὶ
812 5521 879 5589 τῇ
902 5517 1103 5587 ἀδελφῇ
1136 5517 1180 5546 ¹¹
1235 5514 1466 5585 συνῴκει
1494 5513 1837 5583 Μαριάμμη.

1947 4591 2135 4647 cussit.
2203 4588 2448 4660 Regnum
2509 4596 2689 4642 autem
2740 4580 2976 4641 Herodes
3010 4600 3039 4638 a
3076 4583 3335 4639 Romanis
3393 4586 3524 4638 ade-

1948 4693 2090 4750 ptus,
2147 4695 2253 4735 non
2297 4679 2530 4748 amplius
2580 4692 2611 4733 e
2650 4690 2847 4744 genere
2891 4677 3210 4729 Asamonaeo
3242 4676 3526 4744 pontifices

1949 4774 2262 4829 constituit:
2306 4772 2568 4827 obscuros
2620 4784 2748 4823 vero
2803 4769 3039 4837 aliquos,
3076 4777 3131 4821 et
3163 4767 3333 4821 solum
3378 4782 3409 4821 e
3438 4782 3527 4822 sa-

1949 4864 2255 4921 cerdotibus
2311 4863 2589 4924 oriundos,
2638 4868 2834 4929 praeter
2885 4874 3046 4911 unum
3129 4857 3521 4919 Aristobulum.

1949 4966 2201 5025 nepotem
2244 4970 2276 5011 e
2331 4954 2442 5009 ﬁlia
2493 4952 2726 5024 llyrcani
2780 4967 2807 5005 a
2862 4951 3080 5005 Parthis
3136 4953 3300 5019 capti,
3364 4952 3523 5021 cujus

1947 5065 2103 5106 soror
2129 5065 2248 5103 cum
2282 5047 2575 5101 Mariamne
2602 5046 2755 5099 vixit.
2792 5044 2944 5097 Hunc
2991 5030 3359 5098 Aristobulum
3408 5058 3526 5099 mc-

1949 5153 2105 5198 tuens
2135 5153 2387 5211 tanquam
2429 5139 2686 5203 nobilem,
2716 5148 2769 5193 et
2803 5152 2898 5204 per
2944 5152 3002 5191 se
3048 5137 3425 5207 conspicuum,
3457 5152 3527 5189 ne

1947 5232 2177 5303 populus
2231 5232 2297 5284 ad
2333 5244 2455 5285 eum
2501 5227 2809 5289 inclinaret,
2858 5225 3177 5281 Jerichunte
3214 5225 3267 5277 in
3316 5225 3526 5291 piscina

1947 5324 2198 5381 sutioeari
2240 5322 2425 5393 jussit.
2460 5321 2536 5375 De
2562 5317 2907 5373 sacerdotum
2938 5317 3327 5372 constitutione
3373 5314 3526 5367 simia

1948 5420 2016 5474 lia
2067 5416 2283 5472 molitus
2330 5415 2475 5468 ﬁlius
2502 5413 2618 5481 ejus
2651 5410 2969 5472 Archelaus,
3003 5417 3060 5461 et
3085 5415 3202 5476 post
3236 5405 3384 5459 illum
3416 5405 3527 5457 Ro-

1947 5511 2120 5577 mani,
2169 5509 2263 5579 qui
2326 5507 2614 5574 imperium
2677 5504 3009 5557 invaserunt.
3073 5498 3212 5552 Sunt
3241 5497 3403 5565 igitur
3457 5495 3528 5548 ah

1479 5628 1718 5683 VARl/E
1772 5623 2180 5682 LECTIONES.

334 5732 377 5763 ”
403 5726 768 5797 δειμαμένους
786 5724 1157 5797 ίιιῳεοιιειίιιε.
1190 5723 1352 5797 Deest
1389 5730 1569 5797 autem
1596 5720 1770 5797 “vada.

1887 5718 1927 5748 ¹⁶
1959 5716 2131 5787 παρὰ]
2148 5715 2293 5787 περὶ
2325 5714 2387 5769 C.

2489 5715 2530 5745 ¹⁷
2564 5714 2597 5782 ἡ
2632 5711 2672 5767 C
2723 5729 2735 5764 :
2773 5709 2909 5780 αύτὴ
2936 5725 2995 5771 ς.
3102 5704 3144 5735 ⁸⁸
3168 5703 3266 5775 τὴν
3297 5701 3420 5757 add.
3453 5698 3523 5760 C.

253 5803 301 5837 ιο
329 5802 441 5864 τοις
478 5785 598 5869 [nisi
630 5798 673 5848 θ’
700 5785 824 5849 add.
857 5793 920 5849 C.
992 5796 1037 5826 πο
1074 5794 1316 5864 ξωγρίαν
1348 5811 1407 5856 ς.
1454 5795 1531 5879 κισ
1556 5795 1624 5862 τῇ
1653 5789 1853 5860 ἀδελφῇ
1882 5788 1959 5843 C:
1997 5785 2254 5858 ήάδελφὴ
2293 5803 2350 5850 ς.

618 5890 894 5950 Ρλτιιοι.
934 5886 1055 5948 Gn.
1100 5887 1255 5947 Clll.

3012 5868 3093 5931 38
