  <div class='ocr_page' id='page_1' title='image "/cluster/home/n/w/nwhite01/storage/ocr_20150623/103:no.3/coo.31924054870070/614.png"; bbox 0 0 3954 6432; ppageno 0'>
   <div class='ocr_carea' id='block_1_1' title="bbox 202 381 340 448">
    <p class='ocr_par' dir='ltr' id='par_1_1' title="bbox 202 381 340 448">
     <span class='ocr_line' id='line_1_1' title="bbox 202 381 340 448; baseline 0 -4"><span class='ocrx_word' id='word_1_1' title='bbox 202 381 340 448; x_wconf 80' lang='grc'>1197</span> 
     </span>
    </p>
   </div>
   <div class='ocr_carea' id='block_1_2' title="bbox 1186 383 2387 446">
    <p class='ocr_par' dir='ltr' id='par_1_2' title="bbox 1186 383 2387 446">
     <span class='ocr_line' id='line_1_2' title="bbox 1186 383 2387 446; baseline 0 -1"><span class='ocrx_word' id='word_1_2' title='bbox 1186 384 1719 445; x_wconf 83' lang='lat' dir='ltr'>BIBLIOTHECA.</span> <span class='ocrx_word' id='word_1_3' title='bbox 1749 409 1811 419; x_wconf 90' lang='grc'>·-</span> <span class='ocrx_word' id='word_1_4' title='bbox 1836 383 2000 445; x_wconf 90' lang='lat' dir='ltr'><strong>COD.</strong></span> <span class='ocrx_word' id='word_1_5' title='bbox 2030 384 2387 446; x_wconf 79' lang='lat' dir='ltr'><strong>CCXXXIX.</strong></span> 
     </span>
    </p>
   </div>
   <div class='ocr_carea' id='block_1_3' title="bbox 3358 384 3497 453">
    <p class='ocr_par' dir='ltr' id='par_1_3' title="bbox 3358 384 3497 453">
     <span class='ocr_line' id='line_1_3' title="bbox 3358 384 3497 453; baseline 0.036 -5"><span class='ocrx_word' id='word_1_6' title='bbox 3358 384 3497 453; x_wconf 79' lang='lat'><strong>1198</strong></span> 
     </span>
    </p>
   </div>
   <div class='ocr_carea' id='block_1_4' title="bbox 195 492 1796 567">
    <p class='ocr_par' dir='ltr' id='par_1_4' title="bbox 195 492 1794 567">
     <span class='ocr_line' id='line_1_4' title="bbox 195 492 1794 567; baseline -0.003 -17"><span class='ocrx_word' id='word_1_7' title='bbox 195 493 428 567; x_wconf 79' lang='grc' dir='ltr'>ποιητὴν</span> <span class='ocrx_word' id='word_1_8' title='bbox 463 493 558 548; x_wconf 66' lang='grc' dir='ltr'>κα)⁵</span> <span class='ocrx_word' id='word_1_9' title='bbox 578 494 606 547; x_wconf 86' lang='grc' dir='ltr'>ό</span> <span class='ocrx_word' id='word_1_10' title='bbox 625 492 975 565; x_wconf 79' lang='grc' dir='ltr'>Δημοσθένης</span> <span class='ocrx_word' id='word_1_11' title='bbox 993 493 1083 547; x_wconf 86' lang='grc' dir='ltr'>τὸν</span> <span class='ocrx_word' id='word_1_12' title='bbox 1099 493 1144 525; x_wconf 70' lang='grc'>⁸⁷</span> <span class='ocrx_word' id='word_1_13' title='bbox 1168 494 1372 566; x_wconf 77' lang='grc' dir='ltr'>ῥήτορα</span> <span class='ocrx_word' id='word_1_14' title='bbox 1388 492 1707 565; x_wconf 82' lang='grc' dir='ltr'>ᾠκειώσατο</span> <span class='ocrx_word' id='word_1_15' title='bbox 1728 493 1794 559; x_wconf 68' lang='grc'>⁸⁸,</span> 
     </span>
    </p>
   </div>
   <div class='ocr_carea' id='block_1_5' title="bbox 1904 492 3496 567">
    <p class='ocr_par' dir='ltr' id='par_1_5' title="bbox 1904 493 3496 564">
     <span class='ocr_line' id='line_1_5' title="bbox 1904 493 3496 564; baseline 0.006 -17"><span class='ocrx_word' id='word_1_16' title='bbox 1904 493 2167 549; x_wconf 82' lang='lat' dir='ltr'><strong>Homerus</strong></span> <span class='ocrx_word' id='word_1_17' title='bbox 2197 504 2371 564; x_wconf 80' lang='lat' dir='ltr'><strong>poetae</strong></span> <span class='ocrx_word' id='word_1_18' title='bbox 2422 507 2617 550; x_wconf 90' lang='lat' dir='ltr'><strong>nomen</strong></span> <span class='ocrx_word' id='word_1_19' title='bbox 2652 495 2793 561; x_wconf 82' lang='lat' dir='ltr'><strong>sibi,</strong></span> <span class='ocrx_word' id='word_1_20' title='bbox 2835 504 2889 551; x_wconf 89' lang='lat' dir='ltr'>et</span> <span class='ocrx_word' id='word_1_21' title='bbox 2932 496 3327 555; x_wconf 73' lang='lat' dir='ltr'>Demosthenes</span> <span class='ocrx_word' id='word_1_22' title='bbox 3370 517 3496 556; x_wconf 84' lang='lat' dir='ltr'><strong>ora-</strong></span> 
     </span>
    </p>
   </div>
   <div class='ocr_carea' id='block_1_6' title="bbox 193 585 1799 658">
    <p class='ocr_par' dir='ltr' id='par_1_6' title="bbox 193 585 1799 658">
     <span class='ocr_line' id='line_1_6' title="bbox 193 585 1799 658; baseline -0.001 -18"><span class='ocrx_word' id='word_1_23' title='bbox 193 587 320 640; x_wconf 79' lang='grc' dir='ltr'>ὲπεὶ</span> <span class='ocrx_word' id='word_1_24' title='bbox 372 585 469 639; x_wconf 78' lang='grc' dir='ltr'>καὶ</span> <span class='ocrx_word' id='word_1_25' title='bbox 500 585 569 638; x_wconf 86' lang='grc' dir='ltr'>τὰ</span> <span class='ocrx_word' id='word_1_26' title='bbox 598 585 871 655; x_wconf 88' lang='grc' dir='ltr'>τρίμετρα</span> <span class='ocrx_word' id='word_1_27' title='bbox 916 585 1023 658; x_wconf 80' lang='grc' dir='ltr'>ἔπη</span> <span class='ocrx_word' id='word_1_28' title='bbox 1074 586 1504 658; x_wconf 85' lang='grc' dir='ltr'>προσηγόρευον.</span> <span class='ocrx_word' id='word_1_29' title='bbox 1542 587 1799 655; x_wconf 78' lang='grc' dir='ltr'>Γεγόνασι</span> 
     </span>
    </p>
   </div>
   <div class='ocr_carea' id='block_1_7' title="bbox 190 678 1798 750">
    <p class='ocr_par' dir='ltr' id='par_1_7' title="bbox 190 678 1798 750">
     <span class='ocr_line' id='line_1_7' title="bbox 190 678 1798 750; baseline -0.001 -17"><span class='ocrx_word' id='word_1_30' title='bbox 190 680 251 733; x_wconf 86' lang='grc' dir='ltr'>δὲ</span> <span class='ocrx_word' id='word_1_31' title='bbox 278 680 373 731; x_wconf 82' lang='grc' dir='ltr'>τοῦ</span> <span class='ocrx_word' id='word_1_32' title='bbox 405 678 572 742; x_wconf 75' lang='grc' dir='ltr'>ἔπους</span> <span class='ocrx_word' id='word_1_33' title='bbox 596 678 823 749; x_wconf 74' lang='grc' dir='ltr'>ποιηταὶ</span> <span class='ocrx_word' id='word_1_34' title='bbox 838 678 1120 749; x_wconf 80' lang='grc' dir='ltr'>κράτιστοι</span> <span class='ocrx_word' id='word_1_35' title='bbox 1138 679 1181 711; x_wconf 69' lang='grc' dir='ltr'>δ’</span> <span class='ocrx_word' id='word_1_36' title='bbox 1215 679 1315 750; x_wconf 82' lang='grc' dir='ltr'>μὲν</span> <span class='ocrx_word' id='word_1_37' title='bbox 1330 680 1598 750; x_wconf 85' lang='grc' dir='ltr'>Ὄμηρος,</span> <span class='ocrx_word' id='word_1_38' title='bbox 1618 680 1798 733; x_wconf 75' lang='grc' dir='ltr'>Ἠσίο-</span> 
     </span>
    </p>
   </div>
   <div class='ocr_carea' id='block_1_8' title="bbox 189 768 1798 840">
    <p class='ocr_par' dir='ltr' id='par_1_8' title="bbox 189 768 1798 840">
     <span class='ocr_line' id='line_1_8' title="bbox 189 768 1798 840; baseline -0.001 -16"><span class='ocrx_word' id='word_1_39' title='bbox 189 770 303 834; x_wconf 85' lang='grc' dir='ltr'>δος,</span> <span class='ocrx_word' id='word_1_40' title='bbox 323 769 651 839; x_wconf 89' lang='grc' dir='ltr'>Πείσανδρος</span> <span class='ocrx_word' id='word_1_41' title='bbox 663 770 732 835; x_wconf 77' lang='grc' dir='ltr'>⁵ο,</span> <span class='ocrx_word' id='word_1_42' title='bbox 755 768 1052 833; x_wconf 88' lang='grc' dir='ltr'>Πανύασις,</span> <span class='ocrx_word' id='word_1_43' title='bbox 1071 768 1415 840; x_wconf 87' lang='grc' dir='ltr'>’Λντίμαχος.</span> <span class='ocrx_word' id='word_1_44' title='bbox 1438 770 1719 840; x_wconf 79' lang='grc' dir='ltr'>Διέρχεται</span> <span class='ocrx_word' id='word_1_45' title='bbox 1741 771 1798 823; x_wconf 79' lang='grc' dir='ltr'>δὲ</span> 
     </span>
    </p>
   </div>
   <div class='ocr_carea' id='block_1_9' title="bbox 188 852 1797 935">
    <p class='ocr_par' dir='ltr' id='par_1_9' title="bbox 188 852 1797 935">
     <span class='ocr_line' id='line_1_9' title="bbox 188 852 1797 935; baseline 0.001 -22"><span class='ocrx_word' id='word_1_46' title='bbox 188 860 422 922; x_wconf 88' lang='grc' dir='ltr'>τούτων,</span> <span class='ocrx_word' id='word_1_47' title='bbox 454 859 529 922; x_wconf 87' lang='grc' dir='ltr'>ὡς</span> <span class='ocrx_word' id='word_1_48' title='bbox 559 852 673 912; x_wconf 72' lang='grc' dir='ltr'>οἶόν</span> <span class='ocrx_word' id='word_1_49' title='bbox 705 877 787 925; x_wconf 89' lang='grc' dir='ltr'>τε,</span> <span class='ocrx_word' id='word_1_50' title='bbox 805 860 912 935; x_wconf 63' lang='grc' dir='ltr'>διαὶ</span> <span class='ocrx_word' id='word_1_51' title='bbox 942 862 1095 928; x_wconf 84' lang='grc' dir='ltr'>γένος</span> <span class='ocrx_word' id='word_1_52' title='bbox 1142 861 1238 915; x_wconf 80' lang='grc' dir='ltr'>καὶ</span> <span class='ocrx_word' id='word_1_53' title='bbox 1260 863 1301 893; x_wconf 81' lang='grc'><strong><em>⁵³</em></strong></span> <span class='ocrx_word' id='word_1_54' title='bbox 1341 860 1607 931; x_wconf 72' lang='grc' dir='ltr'>πατρίδας</span> <span class='ocrx_word' id='word_1_55' title='bbox 1626 862 1672 893; x_wconf 76' lang='grc'>⁸³</span> <span class='ocrx_word' id='word_1_56' title='bbox 1705 864 1797 915; x_wconf 85' lang='grc' dir='ltr'>καί</span> 
     </span>
    </p>
   </div>
   <div class='ocr_carea' id='block_1_10' title="bbox 187 949 1800 1024">
    <p class='ocr_par' dir='ltr' id='par_1_10' title="bbox 187 949 1800 1024">
     <span class='ocr_line' id='line_1_10' title="bbox 187 949 1800 1024; baseline 0 -21"><span class='ocrx_word' id='word_1_57' title='bbox 187 968 345 1013; x_wconf 83' lang='grc' dir='ltr'>τινας</span> <span class='ocrx_word' id='word_1_58' title='bbox 372 951 465 1003; x_wconf 76' lang='grc' dir='ltr'>ἐπὶ</span> <span class='ocrx_word' id='word_1_59' title='bbox 496 949 698 1020; x_wconf 83' lang='grc' dir='ltr'>μέρους</span> <span class='ocrx_word' id='word_1_60' title='bbox 720 950 766 981; x_wconf 80' lang='grc'>⁸³</span> <span class='ocrx_word' id='word_1_61' title='bbox 800 951 1052 1020; x_wconf 80' lang='grc' dir='ltr'>πράξεις.</span> <span class='ocrx_word' id='word_1_62' title='bbox 1072 951 1440 1021; x_wconf 82' lang='grc' dir='ltr'>Διαλαμϐἀνει</span> <span class='ocrx_word' id='word_1_63' title='bbox 1468 952 1525 1005; x_wconf 85' lang='grc' dir='ltr'>δὲ</span> <span class='ocrx_word' id='word_1_64' title='bbox 1556 951 1800 1024; x_wconf 76' lang='grc' dir='ltr'>καὶπερὶ</span> 
     </span>
    </p>
   </div>
   <div class='ocr_carea' id='block_1_11' title="bbox 188 1042 1799 1116">
    <p class='ocr_par' dir='ltr' id='par_1_11' title="bbox 188 1042 1799 1116">
     <span class='ocr_line' id='line_1_11' title="bbox 188 1042 1799 1116; baseline 0.002 -20"><span class='ocrx_word' id='word_1_65' title='bbox 188 1043 289 1096; x_wconf 78' lang='grc' dir='ltr'>τοῦ</span> <span class='ocrx_word' id='word_1_66' title='bbox 340 1042 637 1113; x_wconf 75' lang='grc' dir='ltr'>λεγομένου</span> <span class='ocrx_word' id='word_1_67' title='bbox 684 1042 879 1096; x_wconf 83' lang='grc' dir='ltr'>ὲπικοῦ</span> <span class='ocrx_word' id='word_1_68' title='bbox 927 1043 1152 1107; x_wconf 83' lang='grc' dir='ltr'>κύκλου,</span> <span class='ocrx_word' id='word_1_69' title='bbox 1184 1045 1241 1108; x_wconf 87' lang='grc' dir='ltr'>ὃς</span> <span class='ocrx_word' id='word_1_70' title='bbox 1258 1044 1303 1078; x_wconf 70' lang='grc'>⁸⁸</span> <span class='ocrx_word' id='word_1_71' title='bbox 1333 1045 1561 1116; x_wconf 82' lang='grc' dir='ltr'>ἄρχεται</span> <span class='ocrx_word' id='word_1_72' title='bbox 1606 1046 1703 1114; x_wconf 84' lang='grc' dir='ltr'>μὲν</span> <span class='ocrx_word' id='word_1_73' title='bbox 1734 1050 1799 1100; x_wconf 83' lang='grc' dir='ltr'>ἐκ</span> 
     </span>
    </p>
   </div>
   <div class='ocr_carea' id='block_1_12' title="bbox 188 1132 1797 1208">
    <p class='ocr_par' dir='ltr' id='par_1_12' title="bbox 188 1132 1797 1208">
     <span class='ocr_line' id='line_1_12' title="bbox 188 1132 1797 1208; baseline 0.002 -21"><span class='ocrx_word' id='word_1_74' title='bbox 188 1136 293 1205; x_wconf 82' lang='grc' dir='ltr'>τῆς</span> <span class='ocrx_word' id='word_1_75' title='bbox 337 1132 586 1206; x_wconf 80' lang='grc' dir='ltr'>Οὐρανοῦ</span> <span class='ocrx_word' id='word_1_76' title='bbox 621 1135 716 1188; x_wconf 61' lang='grc' dir='ltr'>καὶ⁵</span> <span class='ocrx_word' id='word_1_77' title='bbox 745 1135 853 1204; x_wconf 82' lang='grc' dir='ltr'>Γῆς</span> <span class='ocrx_word' id='word_1_78' title='bbox 871 1137 916 1168; x_wconf 81' lang='grc'>⁵⁸</span> <span class='ocrx_word' id='word_1_79' title='bbox 955 1135 1431 1207; x_wconf 80' lang='grc' dir='ltr'>μυθολογουμένης</span> <span class='ocrx_word' id='word_1_80' title='bbox 1487 1137 1709 1208; x_wconf 74' lang='grc' dir='ltr'>μίξεως,</span> <span class='ocrx_word' id='word_1_81' title='bbox 1738 1138 1797 1205; x_wconf 77' lang='grc' dir='ltr'>ἐξ</span> 
     </span>
    </p>
   </div>
   <div class='ocr_carea' id='block_1_13' title="bbox 187 1224 1796 1302">
    <p class='ocr_par' dir='ltr' id='par_1_13' title="bbox 187 1224 1796 1302">
     <span class='ocr_line' id='line_1_13' title="bbox 187 1224 1796 1302; baseline 0.002 -20"><span class='ocrx_word' id='word_1_82' title='bbox 187 1224 260 1299; x_wconf 78' lang='grc' dir='ltr'>ἧς</span> <span class='ocrx_word' id='word_1_83' title='bbox 289 1227 439 1298; x_wconf 82' lang='grc' dir='ltr'>αὐτῷ</span> <span class='ocrx_word' id='word_1_84' title='bbox 461 1229 558 1282; x_wconf 70' lang='grc' dir='ltr'>καὶ</span> <span class='ocrx_word' id='word_1_85' title='bbox 587 1232 739 1298; x_wconf 85' lang='grc' dir='ltr'>τρεῖς</span> <span class='ocrx_word' id='word_1_86' title='bbox 768 1230 963 1293; x_wconf 87' lang='grc' dir='ltr'>παῖδας</span> <span class='ocrx_word' id='word_1_87' title='bbox 984 1231 1029 1261; x_wconf 77' lang='grc'>⁸⁸</span> <span class='ocrx_word' id='word_1_88' title='bbox 1050 1231 1510 1301; x_wconf 84' lang='grc' dir='ltr'>ἐκατοντάχειρας</span> <span class='ocrx_word' id='word_1_89' title='bbox 1532 1233 1625 1287; x_wconf 63' lang='grc' dir='ltr'>καὶ¹</span> <span class='ocrx_word' id='word_1_90' title='bbox 1647 1235 1796 1302; x_wconf 81' lang='grc' dir='ltr'>τρεῖς</span> 
     </span>
    </p>
   </div>
   <div class='ocr_carea' id='block_1_14' title="bbox 187 1318 1796 1390">
    <p class='ocr_par' dir='ltr' id='par_1_14' title="bbox 187 1318 1796 1390">
     <span class='ocr_line' id='line_1_14' title="bbox 187 1318 1796 1390; baseline 0.001 -17"><span class='ocrx_word' id='word_1_91' title='bbox 187 1319 428 1387; x_wconf 80' lang='grc' dir='ltr'>γεννῶσι</span> <span class='ocrx_word' id='word_1_92' title='bbox 444 1319 487 1350; x_wconf 82' lang='grc'><strong>⁸⁷</strong></span> <span class='ocrx_word' id='word_1_93' title='bbox 521 1318 854 1385; x_wconf 82' lang='grc' dir='ltr'>Κύκλωπας,</span> <span class='ocrx_word' id='word_1_94' title='bbox 883 1320 1271 1390; x_wconf 84' lang='grc' dir='ltr'>διαπορεύεται</span> <span class='ocrx_word' id='word_1_95' title='bbox 1288 1322 1334 1352; x_wconf 80' lang='grc'>⁸⁸</span> <span class='ocrx_word' id='word_1_96' title='bbox 1359 1321 1416 1374; x_wconf 74' lang='grc' dir='ltr'>δὲ</span> <span class='ocrx_word' id='word_1_97' title='bbox 1442 1323 1511 1375; x_wconf 86' lang='grc' dir='ltr'>τά</span> <span class='ocrx_word' id='word_1_98' title='bbox 1537 1339 1596 1374; x_wconf 89' lang='grc' dir='ltr'>τε</span> <span class='ocrx_word' id='word_1_99' title='bbox 1620 1322 1796 1385; x_wconf 78' lang='grc' dir='ltr'>ἄλλως</span> 
     </span>
    </p>
   </div>
   <div class='ocr_carea' id='block_1_15' title="bbox 188 1410 1794 1483">
    <p class='ocr_par' dir='ltr' id='par_1_15' title="bbox 188 1410 1794 1483">
     <span class='ocr_line' id='line_1_15' title="bbox 188 1410 1794 1483; baseline 0.001 -18"><span class='ocrx_word' id='word_1_100' title='bbox 188 1413 324 1483; x_wconf 73' lang='grc' dir='ltr'>περὶ</span> <span class='ocrx_word' id='word_1_101' title='bbox 354 1411 491 1465; x_wconf 86' lang='grc' dir='ltr'>θεῶν</span> <span class='ocrx_word' id='word_1_102' title='bbox 516 1413 628 1474; x_wconf 88' lang='grc' dir='ltr'>τοῖς</span> <span class='ocrx_word' id='word_1_103' title='bbox 651 1410 881 1481; x_wconf 84' lang='grc' dir='ltr'>Ἕλλησι</span> <span class='ocrx_word' id='word_1_104' title='bbox 919 1411 1367 1483; x_wconf 84' lang='grc' dir='ltr'>μυθολογούμενα</span> <span class='ocrx_word' id='word_1_105' title='bbox 1388 1453 1402 1477; x_wconf 88' lang='grc'>,</span> <span class='ocrx_word' id='word_1_106' title='bbox 1452 1413 1547 1465; x_wconf 77' lang='grc' dir='ltr'>καὶ</span> <span class='ocrx_word' id='word_1_107' title='bbox 1597 1415 1650 1466; x_wconf 83' lang='grc' dir='ltr'>εί</span> <span class='ocrx_word' id='word_1_108' title='bbox 1692 1413 1794 1466; x_wconf 81' lang='grc' dir='ltr'>πού</span> 
     </span>
    </p>
   </div>
   <div class='ocr_carea' id='block_1_16' title="bbox 186 1504 1796 1576">
    <p class='ocr_par' dir='ltr' id='par_1_16' title="bbox 186 1504 1796 1576">
     <span class='ocr_line' id='line_1_16' title="bbox 186 1504 1796 1576; baseline 0.002 -20"><span class='ocrx_word' id='word_1_109' title='bbox 186 1522 243 1556; x_wconf 80' lang='grc' dir='ltr'>τι</span> <span class='ocrx_word' id='word_1_110' title='bbox 278 1505 372 1559; x_wconf 86' lang='grc' dir='ltr'>καὶ</span> <span class='ocrx_word' id='word_1_111' title='bbox 404 1505 538 1574; x_wconf 81' lang='grc' dir='ltr'>πρὸς</span> <span class='ocrx_word' id='word_1_112' title='bbox 571 1504 817 1575; x_wconf 70' lang='grc' dir='ltr'>ἱστορίαν</span> <span class='ocrx_word' id='word_1_113' title='bbox 851 1504 1255 1574; x_wconf 77' lang='grc' dir='ltr'>ὲξαληθίζεται.</span> <span class='ocrx_word' id='word_1_114' title='bbox 1296 1506 1408 1560; x_wconf 74' lang='grc' dir='ltr'>Καὶ</span> <span class='ocrx_word' id='word_1_115' title='bbox 1458 1506 1796 1576; x_wconf 83' lang='grc' dir='ltr'>περατοῦται</span> 
     </span>
    </p>
   </div>
   <div class='ocr_carea' id='block_1_17' title="bbox 185 1596 1799 1668">
    <p class='ocr_par' dir='ltr' id='par_1_17' title="bbox 185 1596 1799 1668">
     <span class='ocr_line' id='line_1_17' title="bbox 185 1596 1799 1668; baseline 0.001 -18"><span class='ocrx_word' id='word_1_116' title='bbox 185 1599 217 1650; x_wconf 83' lang='grc' dir='ltr'>ό</span> <span class='ocrx_word' id='word_1_117' title='bbox 248 1597 443 1661; x_wconf 80' lang='grc' dir='ltr'>ὲπικὸς</span> <span class='ocrx_word' id='word_1_118' title='bbox 472 1596 671 1660; x_wconf 83' lang='grc' dir='ltr'>κύκλος</span> <span class='ocrx_word' id='word_1_119' title='bbox 691 1597 759 1662; x_wconf 75' lang='grc'>⁸⁸,</span> <span class='ocrx_word' id='word_1_120' title='bbox 785 1598 850 1651; x_wconf 85' lang='grc' dir='ltr'>ὲκ</span> <span class='ocrx_word' id='word_1_121' title='bbox 874 1596 1150 1668; x_wconf 84' lang='grc' dir='ltr'>διαφόρων</span> <span class='ocrx_word' id='word_1_122' title='bbox 1178 1598 1420 1667; x_wconf 84' lang='grc' dir='ltr'>ποιητῶν</span> <span class='ocrx_word' id='word_1_123' title='bbox 1443 1597 1799 1668; x_wconf 86' lang='grc' dir='ltr'>συμπληρού-</span> 
     </span>
    </p>
   </div>
   <div class='ocr_carea' id='block_1_18' title="bbox 191 1688 1797 1761">
    <p class='ocr_par' dir='ltr' id='par_1_18' title="bbox 191 1688 1797 1761">
     <span class='ocr_line' id='line_1_18' title="bbox 191 1688 1797 1761; baseline 0.002 -20"><span class='ocrx_word' id='word_1_124' title='bbox 191 1707 361 1758; x_wconf 87' lang='grc' dir='ltr'>μενος</span> <span class='ocrx_word' id='word_1_125' title='bbox 378 1690 444 1755; x_wconf 76' lang='grc' dir='ltr'>⁵ο,</span> <span class='ocrx_word' id='word_1_126' title='bbox 479 1689 640 1759; x_wconf 87' lang='grc' dir='ltr'>μέχρι</span> <span class='ocrx_word' id='word_1_127' title='bbox 670 1688 772 1756; x_wconf 83' lang='grc' dir='ltr'>τῆς</span> <span class='ocrx_word' id='word_1_128' title='bbox 801 1689 1125 1753; x_wconf 83' lang='grc' dir='ltr'>ἀποϐάσεως</span> <span class='ocrx_word' id='word_1_129' title='bbox 1141 1690 1183 1721; x_wconf 84' lang='grc'>⁶¹</span> <span class='ocrx_word' id='word_1_130' title='bbox 1224 1690 1525 1755; x_wconf 84' lang='grc' dir='ltr'>Ὀδυσσέως</span> <span class='ocrx_word' id='word_1_131' title='bbox 1570 1691 1671 1761; x_wconf 83' lang='grc' dir='ltr'>τῆς</span> <span class='ocrx_word' id='word_1_132' title='bbox 1719 1693 1797 1755; x_wconf 75' lang='grc' dir='ltr'>εἰς</span> 
     </span>
    </p>
   </div>
   <div class='ocr_carea' id='block_1_19' title="bbox 201 1778 1797 1855">
    <p class='ocr_par' dir='ltr' id='par_1_19' title="bbox 201 1778 1797 1855">
     <span class='ocr_line' id='line_1_19' title="bbox 201 1778 1797 1855; baseline 0.003 -20"><span class='ocrx_word' id='word_1_133' title='bbox 201 1782 445 1852; x_wconf 80' lang='grc' dir='ltr'>Ἰθάκην,</span> <span class='ocrx_word' id='word_1_134' title='bbox 493 1784 553 1835; x_wconf 83' lang='grc' dir='ltr'>ὲν</span> <span class='ocrx_word' id='word_1_135' title='bbox 678 1783 834 1837; x_wconf 65' lang='lat' dir='ltr'><strong>xui&quot;</strong></span> <span class='ocrx_word' id='word_1_136' title='bbox 879 1783 986 1836; x_wconf 82' lang='grc' dir='ltr'>ὑπὸ</span> <span class='ocrx_word' id='word_1_137' title='bbox 1036 1784 1129 1837; x_wconf 83' lang='grc' dir='ltr'>τοῦ</span> <span class='ocrx_word' id='word_1_138' title='bbox 1178 1784 1369 1848; x_wconf 77' lang='grc' dir='ltr'>παιδὸς</span> <span class='ocrx_word' id='word_1_139' title='bbox 1421 1784 1729 1855; x_wconf 81' lang='grc' dir='ltr'>Τηλεγόνου</span> <span class='ocrx_word' id='word_1_140' title='bbox 1752 1785 1797 1818; x_wconf 75' lang='grc'>⁸³</span> 
     </span>
    </p>
   </div>
   <div class='ocr_carea' id='block_1_20' title="bbox 1906 584 3493 659">
    <p class='ocr_par' dir='ltr' id='par_1_20' title="bbox 1906 584 3493 659">
     <span class='ocr_line' id='line_1_20' title="bbox 1906 584 3493 659; baseline 0.006 -22"><span class='ocrx_word' id='word_1_141' title='bbox 1906 584 2040 639; x_wconf 89' lang='lat' dir='ltr'><strong>toris</strong></span> <span class='ocrx_word' id='word_1_142' title='bbox 2069 587 2371 652; x_wconf 80' lang='lat' dir='ltr'>usurpavit.</span> <span class='ocrx_word' id='word_1_143' title='bbox 2402 585 2629 653; x_wconf 85' lang='lat' dir='ltr'>Quando</span> <span class='ocrx_word' id='word_1_144' title='bbox 2657 595 2711 641; x_wconf 81' lang='lat' dir='ltr'>et</span> <span class='ocrx_word' id='word_1_145' title='bbox 2737 586 2983 642; x_wconf 87' lang='lat' dir='ltr'><strong>trimetra</strong></span> <span class='ocrx_word' id='word_1_146' title='bbox 3010 586 3116 659; x_wconf 72' lang='grc' dir='ltr'>ἔπη</span> <span class='ocrx_word' id='word_1_147' title='bbox 3142 601 3493 646; x_wconf 81' lang='lat' dir='ltr'><strong>vocaverunt.</strong></span> 
     </span>
    </p>
   </div>
   <div class='ocr_carea' id='block_1_21' title="bbox 1902 675 3495 748">
    <p class='ocr_par' dir='ltr' id='par_1_21' title="bbox 1902 675 3495 748">
     <span class='ocr_line' id='line_1_21' title="bbox 1902 675 3495 748; baseline 0.005 -18"><span class='ocrx_word' id='word_1_148' title='bbox 1902 675 2053 732; x_wconf 86' lang='lat' dir='ltr'><strong>inter</strong></span> <span class='ocrx_word' id='word_1_149' title='bbox 2093 679 2278 745; x_wconf 83' lang='lat' dir='ltr'>epicos</span> <span class='ocrx_word' id='word_1_150' title='bbox 2314 693 2443 733; x_wconf 90' lang='lat' dir='ltr'><strong>vero</strong></span> <span class='ocrx_word' id='word_1_151' title='bbox 2483 687 2673 748; x_wconf 87' lang='lat' dir='ltr'><strong>poetas</strong></span> <span class='ocrx_word' id='word_1_152' title='bbox 2723 680 2941 734; x_wconf 76' lang='lat' dir='ltr'>excellit</span> <span class='ocrx_word' id='word_1_153' title='bbox 2968 681 3256 748; x_wconf 84' lang='lat' dir='ltr'>Homerus,</span> <span class='ocrx_word' id='word_1_154' title='bbox 3302 681 3495 739; x_wconf 83' lang='lat' dir='ltr'><strong>Hesio-</strong></span> 
     </span>
    </p>
   </div>
   <div class='ocr_carea' id='block_1_22' title="bbox 1903 768 3497 844">
    <p class='ocr_par' dir='ltr' id='par_1_22' title="bbox 1903 768 3497 844">
     <span class='ocr_line' id='line_1_22' title="bbox 1903 768 3497 844; baseline 0.004 -19"><span class='ocrx_word' id='word_1_155' title='bbox 1903 771 2023 837; x_wconf 86' lang='lat' dir='ltr'>dus,</span> <span class='ocrx_word' id='word_1_156' title='bbox 2060 768 2345 836; x_wconf 88' lang='lat' dir='ltr'><strong>Pisander,</strong></span> <span class='ocrx_word' id='word_1_157' title='bbox 2408 770 2668 844; x_wconf 84' lang='lat' dir='ltr'><strong>Panynsis</strong></span> <span class='ocrx_word' id='word_1_158' title='bbox 2712 783 2766 826; x_wconf 90' lang='lat' dir='ltr'>et</span> <span class='ocrx_word' id='word_1_159' title='bbox 2795 774 3175 832; x_wconf 82' lang='lat' dir='ltr'><strong>Antimachus.</strong></span> <span class='ocrx_word' id='word_1_160' title='bbox 3225 776 3497 833; x_wconf 81' lang='lat' dir='ltr'><strong>Recenset</strong></span> 
     </span>
    </p>
   </div>
   <div class='ocr_carea' id='block_1_23' title="bbox 1903 863 3497 939">
    <p class='ocr_par' dir='ltr' id='par_1_23' title="bbox 1903 863 3497 939">
     <span class='ocr_line' id='line_1_23' title="bbox 1903 863 3497 939; baseline 0.006 -23"><span class='ocrx_word' id='word_1_161' title='bbox 1903 863 2122 926; x_wconf 88' lang='lat' dir='ltr'><strong>horum,</strong></span> <span class='ocrx_word' id='word_1_162' title='bbox 2166 875 2430 935; x_wconf 85' lang='lat' dir='ltr'><strong>quantum</strong></span> <span class='ocrx_word' id='word_1_163' title='bbox 2489 867 2604 920; x_wconf 82' lang='lat' dir='ltr'><strong>ﬁeri</strong></span> <span class='ocrx_word' id='word_1_164' title='bbox 2650 878 2865 937; x_wconf 84' lang='lat' dir='ltr'><strong>potest,</strong></span> <span class='ocrx_word' id='word_1_165' title='bbox 2915 884 3108 939; x_wconf 78' lang='lat' dir='ltr'><strong>genus,</strong></span> <span class='ocrx_word' id='word_1_166' title='bbox 3145 870 3407 939; x_wconf 88' lang='lat' dir='ltr'><strong>patriam,</strong></span> <span class='ocrx_word' id='word_1_167' title='bbox 3440 880 3497 925; x_wconf 87' lang='lat' dir='ltr'>et</span> 
     </span>
    </p>
   </div>
   <div class='ocr_carea' id='block_1_24' title="bbox 1901 958 3495 1034">
    <p class='ocr_par' dir='ltr' id='par_1_24' title="bbox 1901 958 3495 1034">
     <span class='ocr_line' id='line_1_24' title="bbox 1901 958 3495 1034; baseline 0.009 -28"><span class='ocrx_word' id='word_1_168' title='bbox 1901 958 2147 1022; x_wconf 62' lang='lat' dir='ltr'><strong>quaedam</strong></span> <span class='ocrx_word' id='word_1_169' title='bbox 2210 973 2414 1028; x_wconf 84' lang='lat' dir='ltr'><strong>opera,</strong></span> <span class='ocrx_word' id='word_1_170' title='bbox 2474 975 2594 1029; x_wconf 64' lang='lat' dir='ltr'><strong>quae</strong></span> <span class='ocrx_word' id='word_1_171' title='bbox 2646 963 2981 1019; x_wconf 84' lang='lat' dir='ltr'><strong>carminibus</strong></span> <span class='ocrx_word' id='word_1_172' title='bbox 3042 975 3495 1034; x_wconf 90' lang='lat' dir='ltr'><strong>composuerunt.</strong></span> 
     </span>
    </p>
   </div>
   <div class='ocr_carea' id='block_1_25' title="bbox 1904 1049 3497 1130">
    <p class='ocr_par' dir='ltr' id='par_1_25' title="bbox 1904 1049 3497 1130">
     <span class='ocr_line' id='line_1_25' title="bbox 1904 1049 3497 1130; baseline 0.008 -28"><span class='ocrx_word' id='word_1_173' title='bbox 1904 1049 2281 1107; x_wconf 87' lang='lat' dir='ltr'><strong>Disseritvero</strong></span> <span class='ocrx_word' id='word_1_174' title='bbox 2319 1062 2374 1107; x_wconf 90' lang='lat' dir='ltr'>et</span> <span class='ocrx_word' id='word_1_175' title='bbox 2418 1053 2484 1109; x_wconf 90' lang='lat' dir='ltr'>de</span> <span class='ocrx_word' id='word_1_176' title='bbox 2525 1056 2702 1125; x_wconf 89' lang='lat' dir='ltr'><strong>epico,</strong></span> <span class='ocrx_word' id='word_1_177' title='bbox 2730 1072 2890 1126; x_wconf 89' lang='lat' dir='ltr'><strong>quem</strong></span> <span class='ocrx_word' id='word_1_178' title='bbox 2935 1065 3135 1114; x_wconf 80' lang='lat' dir='ltr'><strong>vocant</strong></span> <span class='ocrx_word' id='word_1_179' title='bbox 3172 1059 3359 1130; x_wconf 87' lang='lat' dir='ltr'><strong>Cyclo,</strong></span> <span class='ocrx_word' id='word_1_180' title='bbox 3401 1059 3497 1128; x_wconf 86' lang='lat' dir='ltr'>qui</span> 
     </span>
    </p>
   </div>
   <div class='ocr_carea' id='block_1_26' title="bbox 1899 1142 3494 1215">
    <p class='ocr_par' dir='ltr' id='par_1_26' title="bbox 1899 1142 3494 1215">
     <span class='ocr_line' id='line_1_26' title="bbox 1899 1142 3494 1215; baseline 0.007 -20"><span class='ocrx_word' id='word_1_181' title='bbox 1899 1158 1964 1195; x_wconf 79' lang='lat' dir='ltr'><strong>ex</strong></span> <span class='ocrx_word' id='word_1_182' title='bbox 2007 1142 2140 1197; x_wconf 83' lang='lat' dir='ltr'><strong>Coeli</strong></span> <span class='ocrx_word' id='word_1_183' title='bbox 2176 1155 2230 1199; x_wconf 92' lang='lat' dir='ltr'>et</span> <span class='ocrx_word' id='word_1_184' title='bbox 2259 1143 2461 1210; x_wconf 73' lang='lat' dir='ltr'><strong>Terrre,</strong></span> <span class='ocrx_word' id='word_1_185' title='bbox 2492 1162 2652 1215; x_wconf 87' lang='lat' dir='ltr'><strong>quam</strong></span> <span class='ocrx_word' id='word_1_186' title='bbox 2684 1158 2855 1215; x_wconf 73' lang='lat' dir='ltr'><strong>poetae</strong></span> <span class='ocrx_word' id='word_1_187' title='bbox 2885 1148 3219 1215; x_wconf 75' lang='lat' dir='ltr'><strong>fabulantur,</strong></span> <span class='ocrx_word' id='word_1_188' title='bbox 3265 1151 3494 1206; x_wconf 87' lang='lat' dir='ltr'><strong>commi-</strong></span> 
     </span>
    </p>
   </div>
   <div class='ocr_carea' id='block_1_27' title="bbox 1899 1234 3496 1311">
    <p class='ocr_par' dir='ltr' id='par_1_27' title="bbox 1899 1234 3496 1311">
     <span class='ocr_line' id='line_1_27' title="bbox 1899 1234 3496 1311; baseline 0.008 -24"><span class='ocrx_word' id='word_1_189' title='bbox 1899 1234 2076 1288; x_wconf 90' lang='lat' dir='ltr'><strong>stione</strong></span> <span class='ocrx_word' id='word_1_190' title='bbox 2106 1235 2371 1303; x_wconf 82' lang='lat' dir='ltr'><strong>originem</strong></span> <span class='ocrx_word' id='word_1_191' title='bbox 2413 1238 2603 1304; x_wconf 84' lang='lat' dir='ltr'><strong>duxit;</strong></span> <span class='ocrx_word' id='word_1_192' title='bbox 2639 1238 2894 1309; x_wconf 80' lang='lat' dir='ltr'><strong>deinceps</strong></span> <span class='ocrx_word' id='word_1_193' title='bbox 2938 1258 3003 1296; x_wconf 75' lang='lat' dir='ltr'><strong>ex</strong></span> <span class='ocrx_word' id='word_1_194' title='bbox 3046 1242 3160 1311; x_wconf 88' lang='lat' dir='ltr'><strong>ipsa</strong></span> <span class='ocrx_word' id='word_1_195' title='bbox 3191 1242 3347 1299; x_wconf 64' lang='lat' dir='ltr'><strong>Caelo</strong></span> <span class='ocrx_word' id='word_1_196' title='bbox 3383 1253 3496 1299; x_wconf 87' lang='lat' dir='ltr'><strong>tres</strong></span> 
     </span>
    </p>
   </div>
   <div class='ocr_carea' id='block_1_28' title="bbox 1902 1324 3496 1405">
    <p class='ocr_par' dir='ltr' id='par_1_28' title="bbox 1902 1324 3496 1405">
     <span class='ocr_line' id='line_1_28' title="bbox 1902 1324 3496 1405; baseline 0.01 -29"><span class='ocrx_word' id='word_1_197' title='bbox 1902 1324 2041 1378; x_wconf 83' lang='lat' dir='ltr'><strong>iiiios</strong></span> <span class='ocrx_word' id='word_1_198' title='bbox 2100 1327 2443 1382; x_wconf 78' lang='lat' dir='ltr'><strong>centimanus</strong></span> <span class='ocrx_word' id='word_1_199' title='bbox 2500 1342 2809 1400; x_wconf 82' lang='lat' dir='ltr'><strong>agnoscunt</strong></span> <span class='ocrx_word' id='word_1_200' title='bbox 2868 1335 3104 1402; x_wconf 79' lang='lat' dir='ltr'><strong>genitos,</strong></span> <span class='ocrx_word' id='word_1_201' title='bbox 3159 1336 3496 1405; x_wconf 79' lang='lat' dir='ltr'><strong>totidemque</strong></span> 
     </span>
    </p>
   </div>
   <div class='ocr_carea' id='block_1_29' title="bbox 1900 1417 3493 1498">
    <p class='ocr_par' dir='ltr' id='par_1_29' title="bbox 1900 1417 3493 1498">
     <span class='ocr_line' id='line_1_29' title="bbox 1900 1417 3493 1498; baseline 0.008 -28"><span class='ocrx_word' id='word_1_202' title='bbox 1900 1417 2034 1473; x_wconf 87' lang='lat' dir='ltr'><strong>alios</strong></span> <span class='ocrx_word' id='word_1_203' title='bbox 2059 1419 2371 1488; x_wconf 89' lang='lat' dir='ltr'><strong>producunt</strong></span> <span class='ocrx_word' id='word_1_204' title='bbox 2401 1422 2682 1492; x_wconf 85' lang='lat' dir='ltr'><strong>Cyc|0pas.</strong></span> <span class='ocrx_word' id='word_1_205' title='bbox 2718 1425 2961 1492; x_wconf 77' lang='lat' dir='ltr'><strong>Disputai</strong></span> <span class='ocrx_word' id='word_1_206' title='bbox 2989 1428 3056 1480; x_wconf 87' lang='lat' dir='ltr'>de</span> <span class='ocrx_word' id='word_1_207' title='bbox 3091 1428 3197 1482; x_wconf 91' lang='lat' dir='ltr'><strong>diis</strong></span> <span class='ocrx_word' id='word_1_208' title='bbox 3231 1428 3493 1498; x_wconf 86' lang='lat' dir='ltr'><strong>breviter,</strong></span> 
     </span>
    </p>
   </div>
   <div class='ocr_carea' id='block_1_30' title="bbox 1900 1510 3496 1588">
    <p class='ocr_par' dir='ltr' id='par_1_30' title="bbox 1900 1510 3496 1588">
     <span class='ocr_line' id='line_1_30' title="bbox 1900 1510 3496 1588; baseline 0.008 -25"><span class='ocrx_word' id='word_1_209' title='bbox 1900 1510 2129 1578; x_wconf 89' lang='lat' dir='ltr'><strong>aliisque</strong></span> <span class='ocrx_word' id='word_1_210' title='bbox 2159 1512 2340 1575; x_wconf 84' lang='lat' dir='ltr'><strong>rebus,</strong></span> <span class='ocrx_word' id='word_1_211' title='bbox 2369 1528 2490 1581; x_wconf 58' lang='lat' dir='ltr'><strong>quae</strong></span> <span class='ocrx_word' id='word_1_212' title='bbox 2531 1514 2845 1569; x_wconf 64' lang='lat' dir='ltr'><strong>Graecorum</strong></span> <span class='ocrx_word' id='word_1_213' title='bbox 2892 1518 3087 1573; x_wconf 76' lang='lat' dir='ltr'><strong>fabulis</strong></span> <span class='ocrx_word' id='word_1_214' title='bbox 3135 1522 3366 1588; x_wconf 57' lang='lat' dir='ltr'><strong>prodita!</strong></span> <span class='ocrx_word' id='word_1_215' title='bbox 3399 1537 3411 1574; x_wconf 91' lang='lat'>:</span> <span class='ocrx_word' id='word_1_216' title='bbox 3440 1530 3496 1575; x_wconf 79' lang='lat' dir='ltr'>et</span> 
     </span>
    </p>
   </div>
   <div class='ocr_carea' id='block_1_31' title="bbox 1901 1601 3493 1676">
    <p class='ocr_par' dir='ltr' id='par_1_31' title="bbox 1901 1601 3493 1676">
     <span class='ocr_line' id='line_1_31' title="bbox 1901 1601 3493 1676; baseline 0.008 -24"><span class='ocrx_word' id='word_1_217' title='bbox 1901 1601 2160 1669; x_wconf 82' lang='lat' dir='ltr'><strong>quidquid</strong></span> <span class='ocrx_word' id='word_1_218' title='bbox 2182 1602 2341 1655; x_wconf 89' lang='lat' dir='ltr'><strong>etiam</strong></span> <span class='ocrx_word' id='word_1_219' title='bbox 2366 1603 2433 1655; x_wconf 88' lang='lat' dir='ltr'>ad</span> <span class='ocrx_word' id='word_1_220' title='bbox 2477 1603 2722 1660; x_wconf 74' lang='lat' dir='ltr'><strong>historiae</strong></span> <span class='ocrx_word' id='word_1_221' title='bbox 2753 1607 3038 1661; x_wconf 84' lang='lat' dir='ltr'><strong>veritatem</strong></span> <span class='ocrx_word' id='word_1_222' title='bbox 3066 1608 3326 1676; x_wconf 91' lang='lat' dir='ltr'><strong>pertinet.</strong></span> <span class='ocrx_word' id='word_1_223' title='bbox 3357 1609 3493 1665; x_wconf 90' lang='lat' dir='ltr'><strong>Ter-</strong></span> 
     </span>
    </p>
   </div>
   <div class='ocr_carea' id='block_1_32' title="bbox 1901 1694 3494 1770">
    <p class='ocr_par' dir='ltr' id='par_1_32' title="bbox 1901 1694 3494 1770">
     <span class='ocr_line' id='line_1_32' title="bbox 1901 1694 3494 1770; baseline 0.006 -24"><span class='ocrx_word' id='word_1_224' title='bbox 1901 1694 2143 1747; x_wconf 85' lang='lat' dir='ltr'><strong>minatur</strong></span> <span class='ocrx_word' id='word_1_225' title='bbox 2189 1696 2375 1763; x_wconf 83' lang='lat' dir='ltr'><strong>epicus</strong></span> <span class='ocrx_word' id='word_1_226' title='bbox 2406 1695 2627 1765; x_wconf 82' lang='lat' dir='ltr'><strong>Cyclus,</strong></span> <span class='ocrx_word' id='word_1_227' title='bbox 2672 1713 2737 1751; x_wconf 80' lang='lat' dir='ltr'><strong>ex</strong></span> <span class='ocrx_word' id='word_1_228' title='bbox 2768 1700 2939 1754; x_wconf 82' lang='lat' dir='ltr'><strong>variis</strong></span> <span class='ocrx_word' id='word_1_229' title='bbox 2980 1701 3153 1769; x_wconf 89' lang='lat' dir='ltr'><strong>poetis</strong></span> <span class='ocrx_word' id='word_1_230' title='bbox 3192 1702 3494 1770; x_wconf 79' lang='lat' dir='ltr'><strong>perfectus,</strong></span> 
     </span>
    </p>
   </div>
   <div class='ocr_carea' id='block_1_33' title="bbox 1902 1784 3494 1864">
    <p class='ocr_par' dir='ltr' id='par_1_33' title="bbox 1902 1784 3494 1864">
     <span class='ocr_line' id='line_1_33' title="bbox 1902 1784 3494 1864; baseline 0.008 -26"><span class='ocrx_word' id='word_1_231' title='bbox 1902 1784 1969 1839; x_wconf 85' lang='lat' dir='ltr'>ad</span> <span class='ocrx_word' id='word_1_232' title='bbox 2001 1787 2415 1843; x_wconf 82' lang='lat' dir='ltr'><strong>exscensionem</strong></span> <span class='ocrx_word' id='word_1_233' title='bbox 2448 1803 2618 1858; x_wconf 90' lang='lat' dir='ltr'><strong>usque</strong></span> <span class='ocrx_word' id='word_1_234' title='bbox 2653 1787 2862 1859; x_wconf 81' lang='lat' dir='ltr'><strong>Ulyssis</strong></span> <span class='ocrx_word' id='word_1_235' title='bbox 2902 1791 2957 1845; x_wconf 91' lang='lat' dir='ltr'>in</span> <span class='ocrx_word' id='word_1_236' title='bbox 2996 1790 3259 1859; x_wconf 85' lang='lat' dir='ltr'><strong>Ithacam,</strong></span> <span class='ocrx_word' id='word_1_237' title='bbox 3300 1794 3353 1849; x_wconf 92' lang='lat' dir='ltr'>in</span> <span class='ocrx_word' id='word_1_238' title='bbox 3386 1810 3494 1864; x_wconf 87' lang='lat' dir='ltr'>qua</span> 
     </span>
    </p>
   </div>
   <div class='ocr_carea' id='block_1_34' title="bbox 186 1873 1796 1951">
    <p class='ocr_par' dir='ltr' id='par_1_34' title="bbox 186 1873 1795 1943">
     <span class='ocr_line' id='line_1_34' title="bbox 186 1873 1795 1943; baseline 0.003 -17"><span class='ocrx_word' id='word_1_239' title='bbox 186 1873 516 1941; x_wconf 78' lang='grc' dir='ltr'>ἀγνοοῦντος</span> <span class='ocrx_word' id='word_1_240' title='bbox 536 1876 829 1928; x_wconf 76' lang='grc' dir='ltr'>κτείνεται.</span> <span class='ocrx_word' id='word_1_241' title='bbox 846 1876 1008 1943; x_wconf 82' lang='grc' dir='ltr'>Λέγει</span> <span class='ocrx_word' id='word_1_242' title='bbox 1025 1876 1083 1929; x_wconf 81' lang='grc' dir='ltr'>δὲ</span> <span class='ocrx_word' id='word_1_243' title='bbox 1102 1876 1178 1940; x_wconf 85' lang='grc' dir='ltr'>ὡς</span> <span class='ocrx_word' id='word_1_244' title='bbox 1199 1875 1293 1929; x_wconf 82' lang='grc' dir='ltr'>τοῦ</span> <span class='ocrx_word' id='word_1_245' title='bbox 1308 1876 1351 1906; x_wconf 72' lang='grc'>⁸⁸</span> <span class='ocrx_word' id='word_1_246' title='bbox 1374 1876 1569 1930; x_wconf 80' lang='grc' dir='ltr'>ὲπικοῦ</span> <span class='ocrx_word' id='word_1_247' title='bbox 1592 1877 1795 1931; x_wconf 78' lang='grc' dir='ltr'>κύκλου</span> 
     </span>
    </p>
   </div>
   <div class='ocr_carea' id='block_1_35' title="bbox 1904 1873 3494 1951">
    <p class='ocr_par' dir='ltr' id='par_1_35' title="bbox 1904 1877 3494 1951">
     <span class='ocr_line' id='line_1_35' title="bbox 1904 1877 3494 1951; baseline 0.006 -20"><span class='ocrx_word' id='word_1_248' title='bbox 1904 1888 1953 1931; x_wconf 90' lang='lat' dir='ltr'>et</span> <span class='ocrx_word' id='word_1_249' title='bbox 1985 1892 2013 1930; x_wconf 71' lang='grc' dir='ltr'>τι</span> <span class='ocrx_word' id='word_1_250' title='bbox 2050 1877 2161 1931; x_wconf 78' lang='lat' dir='ltr'><strong>[ilio</strong></span> <span class='ocrx_word' id='word_1_251' title='bbox 2194 1878 2487 1950; x_wconf 71' lang='lat' dir='ltr'><strong>Telegono,</strong></span> <span class='ocrx_word' id='word_1_252' title='bbox 2527 1882 2716 1949; x_wconf 80' lang='lat' dir='ltr'><strong>ignaro</strong></span> <span class='ocrx_word' id='word_1_253' title='bbox 2746 1883 2891 1950; x_wconf 91' lang='lat' dir='ltr'><strong>quod</strong></span> <span class='ocrx_word' id='word_1_254' title='bbox 2927 1895 3083 1951; x_wconf 91' lang='lat' dir='ltr'><strong>pater</strong></span> <span class='ocrx_word' id='word_1_255' title='bbox 3110 1895 3279 1951; x_wconf 89' lang='lat' dir='ltr'><strong>esset,</strong></span> <span class='ocrx_word' id='word_1_256' title='bbox 3324 1887 3494 1943; x_wconf 85' lang='lat' dir='ltr'><strong>inter-</strong></span> 
     </span>
    </p>
   </div>
   <div class='ocr_carea' id='block_1_36' title="bbox 184 1968 1797 2037">
    <p class='ocr_par' dir='ltr' id='par_1_36' title="bbox 184 1968 1797 2037">
     <span class='ocr_line' id='line_1_36' title="bbox 184 1968 1797 2037; baseline 0.001 -17"><span class='ocrx_word' id='word_1_257' title='bbox 184 1968 261 2021; x_wconf 84' lang='grc' dir='ltr'>τὰ</span> <span class='ocrx_word' id='word_1_258' title='bbox 298 1969 576 2037; x_wconf 83' lang='grc' dir='ltr'>ποιήματα</span> <span class='ocrx_word' id='word_1_259' title='bbox 604 1968 940 2032; x_wconf 81' lang='grc' dir='ltr'>διασώζεται</span> <span class='ocrx_word' id='word_1_260' title='bbox 969 1970 1065 2023; x_wconf 73' lang='grc' dir='ltr'>καὶ</span> <span class='ocrx_word' id='word_1_261' title='bbox 1106 1970 1469 2033; x_wconf 80' lang='grc' dir='ltr'>σπουδάζεται</span> <span class='ocrx_word' id='word_1_262' title='bbox 1512 1972 1626 2031; x_wconf 85' lang='grc' dir='ltr'>τοῖς</span> <span class='ocrx_word' id='word_1_263' title='bbox 1672 1970 1797 2022; x_wconf 86' lang='grc' dir='ltr'>πολ-</span> 
     </span>
    </p>
   </div>
   <div class='ocr_carea' id='block_1_37' title="bbox 185 2058 1798 2134">
    <p class='ocr_par' dir='ltr' id='par_1_37' title="bbox 185 2058 1798 2134">
     <span class='ocr_line' id='line_1_37' title="bbox 185 2058 1798 2134; baseline 0.001 -21"><span class='ocrx_word' id='word_1_264' title='bbox 185 2058 307 2124; x_wconf 79' lang='grc' dir='ltr'>λοῖς</span> <span class='ocrx_word' id='word_1_265' title='bbox 342 2062 440 2132; x_wconf 86' lang='grc' dir='ltr'>ούχ</span> <span class='ocrx_word' id='word_1_266' title='bbox 468 2061 614 2116; x_wconf 79' lang='grc' dir='ltr'>οὕτω</span> <span class='ocrx_word' id='word_1_267' title='bbox 641 2062 731 2116; x_wconf 86' lang='grc' dir='ltr'>διὰ</span> <span class='ocrx_word' id='word_1_268' title='bbox 759 2062 860 2132; x_wconf 80' lang='grc' dir='ltr'>τὴν</span> <span class='ocrx_word' id='word_1_269' title='bbox 890 2062 1094 2134; x_wconf 83' lang='grc' dir='ltr'>ἀρετὴν</span> <span class='ocrx_word' id='word_1_270' title='bbox 1124 2063 1201 2121; x_wconf 87' lang='grc' dir='ltr'>ὼς</span> <span class='ocrx_word' id='word_1_271' title='bbox 1231 2061 1320 2114; x_wconf 83' lang='grc' dir='ltr'>διὰ</span> <span class='ocrx_word' id='word_1_272' title='bbox 1354 2062 1449 2132; x_wconf 80' lang='grc' dir='ltr'>τὴν</span> <span class='ocrx_word' id='word_1_273' title='bbox 1474 2061 1798 2114; x_wconf 81' lang='grc' dir='ltr'>ἀκολουθίαν</span> 
     </span>
    </p>
   </div>
   <div class='ocr_carea' id='block_1_38' title="bbox 184 2154 1799 2227">
    <p class='ocr_par' dir='ltr' id='par_1_38' title="bbox 184 2154 1799 2227">
     <span class='ocr_line' id='line_1_38' title="bbox 184 2154 1799 2227; baseline 0.004 -21"><span class='ocrx_word' id='word_1_274' title='bbox 184 2154 305 2207; x_wconf 85' lang='grc' dir='ltr'>τῶν</span> <span class='ocrx_word' id='word_1_275' title='bbox 336 2156 394 2207; x_wconf 83' lang='grc' dir='ltr'>έν</span> <span class='ocrx_word' id='word_1_276' title='bbox 426 2154 578 2224; x_wconf 87' lang='grc' dir='ltr'>αύτῷ</span> <span class='ocrx_word' id='word_1_277' title='bbox 612 2155 978 2225; x_wconf 82' lang='grc' dir='ltr'>πραγμάτων.</span> <span class='ocrx_word' id='word_1_278' title='bbox 1014 2154 1179 2223; x_wconf 83' lang='grc' dir='ltr'>Λέγει</span> <span class='ocrx_word' id='word_1_279' title='bbox 1197 2156 1242 2188; x_wconf 80' lang='grc'>⁸⁵</span> <span class='ocrx_word' id='word_1_280' title='bbox 1265 2156 1321 2208; x_wconf 85' lang='grc' dir='ltr'>δὲ</span> <span class='ocrx_word' id='word_1_281' title='bbox 1350 2158 1443 2209; x_wconf 74' lang='grc' dir='ltr'>καὶ</span> <span class='ocrx_word' id='word_1_282' title='bbox 1465 2156 1535 2209; x_wconf 91' lang='grc' dir='ltr'>τά</span> <span class='ocrx_word' id='word_1_283' title='bbox 1557 2157 1799 2227; x_wconf 83' lang='grc' dir='ltr'>ὀνόματα</span> 
     </span>
    </p>
   </div>
   <div class='ocr_carea' id='block_1_39' title="bbox 188 2242 1796 2316">
    <p class='ocr_par' dir='ltr' id='par_1_39' title="bbox 188 2242 1796 2316">
     <span class='ocr_line' id='line_1_39' title="bbox 188 2242 1796 2316; baseline 0.004 -21"><span class='ocrx_word' id='word_1_284' title='bbox 188 2242 411 2307; x_wconf 75' lang='grc' dir='ltr'>καὶτὰς</span> <span class='ocrx_word' id='word_1_285' title='bbox 441 2244 709 2315; x_wconf 88' lang='grc' dir='ltr'>πατρίδας</span> <span class='ocrx_word' id='word_1_286' title='bbox 735 2245 843 2297; x_wconf 83' lang='grc' dir='ltr'>τῶν</span> <span class='ocrx_word' id='word_1_287' title='bbox 871 2247 1464 2316; x_wconf 82' lang='grc' dir='ltr'>πραγματευσαμένων</span> <span class='ocrx_word' id='word_1_288' title='bbox 1490 2248 1580 2301; x_wconf 83' lang='grc' dir='ltr'>τὸν</span> <span class='ocrx_word' id='word_1_289' title='bbox 1608 2249 1796 2301; x_wconf 73' lang='grc' dir='ltr'>ἐπικὸν</span> 
     </span>
    </p>
   </div>
   <div class='ocr_carea' id='block_1_40' title="bbox 185 2333 1795 2411">
    <p class='ocr_par' dir='ltr' id='par_1_40' title="bbox 185 2333 1795 2411">
     <span class='ocr_line' id='line_1_40' title="bbox 185 2333 1795 2411; baseline 0.006 -25"><span class='ocrx_word' id='word_1_290' title='bbox 185 2333 416 2388; x_wconf 85' lang='grc' dir='ltr'>κύκλον.</span> <span class='ocrx_word' id='word_1_291' title='bbox 470 2336 633 2403; x_wconf 89' lang='grc' dir='ltr'>Λέγει</span> <span class='ocrx_word' id='word_1_292' title='bbox 666 2336 723 2388; x_wconf 83' lang='grc' dir='ltr'>δὲ</span> <span class='ocrx_word' id='word_1_293' title='bbox 769 2337 864 2391; x_wconf 80' lang='grc' dir='ltr'>καὶ</span> <span class='ocrx_word' id='word_1_294' title='bbox 906 2338 1034 2407; x_wconf 86' lang='grc' dir='ltr'>περί</span> <span class='ocrx_word' id='word_1_295' title='bbox 1065 2356 1227 2392; x_wconf 90' lang='grc' dir='ltr'>τινων</span> <span class='ocrx_word' id='word_1_296' title='bbox 1258 2340 1522 2411; x_wconf 83' lang='grc' dir='ltr'>Κυπρίων</span> <span class='ocrx_word' id='word_1_297' title='bbox 1554 2344 1795 2411; x_wconf 84' lang='grc' dir='ltr'>ποιημὰ-</span> 
     </span>
    </p>
   </div>
   <div class='ocr_carea' id='block_1_41' title="bbox 184 2427 1796 2503">
    <p class='ocr_par' dir='ltr' id='par_1_41' title="bbox 184 2427 1796 2503">
     <span class='ocr_line' id='line_1_41' title="bbox 184 2427 1796 2503; baseline 0.005 -24"><span class='ocrx_word' id='word_1_298' title='bbox 184 2427 457 2491; x_wconf 79' lang='grc' dir='ltr'>των⁶⁸·⁶⁷,</span> <span class='ocrx_word' id='word_1_299' title='bbox 493 2428 589 2481; x_wconf 65' lang='grc' dir='ltr'>καὶ</span> <span class='ocrx_word' id='word_1_300' title='bbox 634 2430 710 2493; x_wconf 87' lang='grc' dir='ltr'>ὡς</span> <span class='ocrx_word' id='word_1_301' title='bbox 742 2430 791 2482; x_wconf 80' lang='grc' dir='ltr'>οἱ</span> <span class='ocrx_word' id='word_1_302' title='bbox 825 2430 922 2499; x_wconf 85' lang='grc' dir='ltr'>μὲν</span> <span class='ocrx_word' id='word_1_303' title='bbox 954 2429 1083 2501; x_wconf 71' lang='lat'><strong>[529.</strong></span> <span class='ocrx_word' id='word_1_304' title='bbox 1110 2429 1200 2503; x_wconf 84' lang='lat' dir='ltr'>H.]</span> <span class='ocrx_word' id='word_1_305' title='bbox 1235 2432 1406 2485; x_wconf 84' lang='grc' dir='ltr'>ταῦτα</span> <span class='ocrx_word' id='word_1_306' title='bbox 1432 2434 1508 2495; x_wconf 79' lang='grc' dir='ltr'>είς</span> <span class='ocrx_word' id='word_1_307' title='bbox 1538 2434 1796 2487; x_wconf 86' lang='grc' dir='ltr'>Στασῖνον</span> 
     </span>
    </p>
   </div>
   <div class='ocr_carea' id='block_1_42' title="bbox 182 2519 1795 2595">
    <p class='ocr_par' dir='ltr' id='par_1_42' title="bbox 182 2519 1795 2595">
     <span class='ocr_line' id='line_1_42' title="bbox 182 2519 1795 2595; baseline 0.004 -23"><span class='ocrx_word' id='word_1_308' title='bbox 182 2519 532 2590; x_wconf 80' lang='grc' dir='ltr'>ἀναφέρουσι</span> <span class='ocrx_word' id='word_1_309' title='bbox 562 2519 833 2590; x_wconf 84' lang='grc' dir='ltr'>Κύπριον,</span> <span class='ocrx_word' id='word_1_310' title='bbox 866 2520 993 2592; x_wconf 67' lang='grc' dir='ltr'>[98ι</span> <span class='ocrx_word' id='word_1_311' title='bbox 1022 2521 1116 2594; x_wconf 61' lang='lat' dir='ltr'>IL]</span> <span class='ocrx_word' id='word_1_312' title='bbox 1147 2525 1195 2577; x_wconf 78' lang='grc' dir='ltr'>οἱ</span> <span class='ocrx_word' id='word_1_313' title='bbox 1225 2524 1283 2576; x_wconf 79' lang='grc' dir='ltr'>δὲ</span> <span class='ocrx_word' id='word_1_314' title='bbox 1324 2524 1615 2595; x_wconf 80' lang='grc' dir='ltr'>Ἡγησῐνον</span> <span class='ocrx_word' id='word_1_315' title='bbox 1635 2526 1680 2557; x_wconf 79' lang='grc'>⁸⁸</span> <span class='ocrx_word' id='word_1_316' title='bbox 1702 2526 1795 2579; x_wconf 84' lang='grc' dir='ltr'>τὸν</span> 
     </span>
    </p>
   </div>
   <div class='ocr_carea' id='block_1_43' title="bbox 187 2610 1791 2688">
    <p class='ocr_par' dir='ltr' id='par_1_43' title="bbox 187 2610 1791 2688">
     <span class='ocr_line' id='line_1_43' title="bbox 187 2610 1791 2688; baseline 0.004 -26"><span class='ocrx_word' id='word_1_317' title='bbox 187 2610 528 2681; x_wconf 82' lang='grc' dir='ltr'>Σαλαμίνιον</span> <span class='ocrx_word' id='word_1_318' title='bbox 581 2613 768 2675; x_wconf 79' lang='grc' dir='ltr'>αὐτοῖς</span> <span class='ocrx_word' id='word_1_319' title='bbox 832 2614 1235 2685; x_wconf 79' lang='grc' dir='ltr'>ἐπιγράφουσιν</span> <span class='ocrx_word' id='word_1_320' title='bbox 1261 2655 1277 2680; x_wconf 94' lang='grc'>,</span> <span class='ocrx_word' id='word_1_321' title='bbox 1322 2617 1372 2669; x_wconf 77' lang='lat' dir='ltr'>oi</span> <span class='ocrx_word' id='word_1_322' title='bbox 1419 2617 1475 2669; x_wconf 81' lang='grc' dir='ltr'>δὲ</span> <span class='ocrx_word' id='word_1_323' title='bbox 1500 2617 1751 2688; x_wconf 86' lang='grc' dir='ltr'>’Όμηρον</span> <span class='ocrx_word' id='word_1_324' title='bbox 1778 2634 1791 2649; x_wconf 76' lang='grc' dir='ltr'><strong><em>ο</em></strong></span> 
     </span>
    </p>
   </div>
   <div class='ocr_carea' id='block_1_44' title="bbox 183 2704 1796 2777">
    <p class='ocr_par' dir='ltr' id='par_1_44' title="bbox 183 2704 1796 2777">
     <span class='ocr_line' id='line_1_44' title="bbox 183 2704 1796 2777; baseline 0.002 -20"><span class='ocrx_word' id='word_1_325' title='bbox 183 2704 439 2757; x_wconf 79' lang='grc' dir='ltr'>δοῦναι⁶⁹</span> <span class='ocrx_word' id='word_1_326' title='bbox 471 2704 529 2758; x_wconf 85' lang='grc' dir='ltr'>δὲ</span> <span class='ocrx_word' id='word_1_327' title='bbox 563 2704 705 2775; x_wconf 77' lang='grc' dir='ltr'>ὑπὲρ</span> <span class='ocrx_word' id='word_1_328' title='bbox 738 2705 838 2773; x_wconf 84' lang='grc' dir='ltr'>τῆς</span> <span class='ocrx_word' id='word_1_329' title='bbox 868 2706 1136 2776; x_wconf 77' lang='grc' dir='ltr'>θυγατρὸς</span> <span class='ocrx_word' id='word_1_330' title='bbox 1170 2707 1436 2777; x_wconf 87' lang='grc' dir='ltr'>Στασίνῳ,</span> <span class='ocrx_word' id='word_1_331' title='bbox 1466 2709 1557 2762; x_wconf 62' lang='grc' dir='ltr'>καὶ¹</span> <span class='ocrx_word' id='word_1_332' title='bbox 1584 2709 1671 2762; x_wconf 82' lang='grc' dir='ltr'>διὰ</span> <span class='ocrx_word' id='word_1_333' title='bbox 1699 2709 1796 2777; x_wconf 79' lang='grc' dir='ltr'>τὴν</span> 
     </span>
    </p>
   </div>
   <div class='ocr_carea' id='block_1_45' title="bbox 184 2795 1797 2869">
    <p class='ocr_par' dir='ltr' id='par_1_45' title="bbox 184 2795 1797 2869">
     <span class='ocr_line' id='line_1_45' title="bbox 184 2795 1797 2869; baseline 0.002 -21"><span class='ocrx_word' id='word_1_334' title='bbox 184 2795 366 2849; x_wconf 77' lang='grc' dir='ltr'>αὐτοῦ</span> <span class='ocrx_word' id='word_1_335' title='bbox 388 2796 621 2867; x_wconf 77' lang='grc' dir='ltr'>πατρίδα</span> <span class='ocrx_word' id='word_1_336' title='bbox 646 2797 869 2867; x_wconf 83' lang='grc' dir='ltr'>Κύπρια</span> <span class='ocrx_word' id='word_1_337' title='bbox 889 2797 932 2828; x_wconf 84' lang='grc'><strong>⁷⁰</strong></span> <span class='ocrx_word' id='word_1_338' title='bbox 953 2798 1043 2852; x_wconf 82' lang='grc' dir='ltr'>τὸν</span> <span class='ocrx_word' id='word_1_339' title='bbox 1064 2798 1223 2851; x_wconf 83' lang='grc' dir='ltr'>πόνον</span> <span class='ocrx_word' id='word_1_340' title='bbox 1244 2799 1625 2869; x_wconf 75' lang='grc' dir='ltr'>ἐπικληθῆναι.</span> <span class='ocrx_word' id='word_1_341' title='bbox 1645 2800 1769 2852; x_wconf 78' lang='grc' dir='ltr'>Ἀλλ</span> <span class='ocrx_word' id='word_1_342' title='bbox 1783 2802 1797 2821; x_wconf 83' lang='grc'>’</span> 
     </span>
    </p>
   </div>
   <div class='ocr_carea' id='block_1_46' title="bbox 184 2887 1797 2963">
    <p class='ocr_par' dir='ltr' id='par_1_46' title="bbox 184 2887 1797 2963">
     <span class='ocr_line' id='line_1_46' title="bbox 184 2887 1797 2963; baseline 0.003 -24"><span class='ocrx_word' id='word_1_343' title='bbox 184 2888 256 2940; x_wconf 81' lang='grc' dir='ltr'>οὐ</span> <span class='ocrx_word' id='word_1_344' title='bbox 296 2887 502 2941; x_wconf 88' lang='grc' dir='ltr'>τίθεται</span> <span class='ocrx_word' id='word_1_345' title='bbox 530 2888 581 2959; x_wconf 82' lang='grc' dir='ltr'>[ὁ</span> <span class='ocrx_word' id='word_1_346' title='bbox 612 2890 971 2959; x_wconf 79' lang='grc' dir='ltr'>συγγραφεὺς</span> <span class='ocrx_word' id='word_1_347' title='bbox 991 2888 1059 2961; x_wconf 72' lang='grc'><strong>⁷⁷]</strong></span> <span class='ocrx_word' id='word_1_348' title='bbox 1094 2890 1266 2963; x_wconf 81' lang='grc' dir='ltr'>ταύτῃ</span> <span class='ocrx_word' id='word_1_349' title='bbox 1292 2893 1357 2961; x_wconf 80' lang='grc' dir='ltr'>τῇ</span> <span class='ocrx_word' id='word_1_350' title='bbox 1389 2891 1623 2961; x_wconf 73' lang='grc' dir='ltr'>αἱτίᾳ⁷”</span> <span class='ocrx_word' id='word_1_351' title='bbox 1663 2892 1797 2962; x_wconf 78' lang='grc' dir='ltr'>μηδὲ</span> 
     </span>
    </p>
   </div>
   <div class='ocr_carea' id='block_1_47' title="bbox 187 2978 1799 3055">
    <p class='ocr_par' dir='ltr' id='par_1_47' title="bbox 187 2978 1799 3055">
     <span class='ocr_line' id='line_1_47' title="bbox 187 2978 1799 3055; baseline 0.002 -24"><span class='ocrx_word' id='word_1_352' title='bbox 187 2980 309 3045; x_wconf 80' lang='grc' dir='ltr'>γὰρ</span> <span class='ocrx_word' id='word_1_353' title='bbox 337 2978 563 3050; x_wconf 83' lang='grc' dir='ltr'>Κύπρια</span> <span class='ocrx_word' id='word_1_354' title='bbox 598 2980 1091 3051; x_wconf 81' lang='grc' dir='ltr'>προπαροξυτόνως</span> <span class='ocrx_word' id='word_1_355' title='bbox 1123 2982 1525 3052; x_wconf 77' lang='grc' dir='ltr'>ἐπιγράφεσθαι</span> <span class='ocrx_word' id='word_1_356' title='bbox 1551 2984 1619 3037; x_wconf 82' lang='grc' dir='ltr'>τά</span> <span class='ocrx_word' id='word_1_357' title='bbox 1643 2987 1799 3055; x_wconf 82' lang='grc' dir='ltr'>ποιή-</span> 
     </span>
    </p>
   </div>
   <div class='ocr_carea' id='block_1_48' title="bbox 186 3086 369 3140">
    <p class='ocr_par' dir='ltr' id='par_1_48' title="bbox 186 3086 369 3140">
     <span class='ocr_line' id='line_1_48' title="bbox 186 3086 369 3140; baseline 0.011 -19"><span class='ocrx_word' id='word_1_358' title='bbox 186 3086 369 3140; x_wconf 82' lang='grc' dir='ltr'>ματα.</span> 
     </span>
    </p>
   </div>
   <div class='ocr_carea' id='block_1_49' title="bbox 270 3159 1794 3233">
    <p class='ocr_par' dir='ltr' id='par_1_49' title="bbox 270 3159 1794 3233">
     <span class='ocr_line' id='line_1_49' title="bbox 270 3159 1794 3233; baseline 0.001 -19"><span class='ocrx_word' id='word_1_359' title='bbox 270 3161 382 3232; x_wconf 81' lang='grc' dir='ltr'>Τὴν</span> <span class='ocrx_word' id='word_1_360' title='bbox 407 3160 464 3214; x_wconf 78' lang='grc' dir='ltr'>δὲ</span> <span class='ocrx_word' id='word_1_361' title='bbox 494 3159 743 3230; x_wconf 83' lang='grc' dir='ltr'>ἐλεγείαν</span> <span class='ocrx_word' id='word_1_362' title='bbox 771 3160 1093 3229; x_wconf 78' lang='grc' dir='ltr'>συγκεῖσθαι</span> <span class='ocrx_word' id='word_1_363' title='bbox 1126 3160 1225 3231; x_wconf 85' lang='grc' dir='ltr'>μὲν</span> <span class='ocrx_word' id='word_1_364' title='bbox 1246 3161 1306 3225; x_wconf 80' lang='grc' dir='ltr'>ἐξ</span> <span class='ocrx_word' id='word_1_365' title='bbox 1329 3160 1511 3233; x_wconf 79' lang='grc' dir='ltr'>ἡρῴου</span> <span class='ocrx_word' id='word_1_366' title='bbox 1545 3163 1640 3215; x_wconf 73' lang='grc' dir='ltr'>καὶ</span> <span class='ocrx_word' id='word_1_367' title='bbox 1667 3180 1794 3215; x_wconf 85' lang='grc' dir='ltr'>πεν-</span> 
     </span>
    </p>
   </div>
   <div class='ocr_carea' id='block_1_50' title="bbox 1904 1970 3492 2048">
    <p class='ocr_par' dir='ltr' id='par_1_50' title="bbox 1904 1970 3492 2048">
     <span class='ocr_line' id='line_1_50' title="bbox 1904 1970 3492 2048; baseline 0.007 -25"><span class='ocrx_word' id='word_1_368' title='bbox 1904 1970 2102 2025; x_wconf 84' lang='lat' dir='ltr'><strong>ﬁcitur.</strong></span> <span class='ocrx_word' id='word_1_369' title='bbox 2140 1971 2289 2040; x_wconf 87' lang='lat' dir='ltr'><strong>Epici</strong></span> <span class='ocrx_word' id='word_1_370' title='bbox 2322 1988 2449 2027; x_wconf 87' lang='lat' dir='ltr'><strong>vero</strong></span> <span class='ocrx_word' id='word_1_371' title='bbox 2479 1972 2630 2043; x_wconf 88' lang='lat' dir='ltr'><strong>Cycli</strong></span> <span class='ocrx_word' id='word_1_372' title='bbox 2680 1987 2930 2045; x_wconf 86' lang='lat' dir='ltr'><strong>poemata</strong></span> <span class='ocrx_word' id='word_1_373' title='bbox 2974 1979 3242 2048; x_wconf 85' lang='lat' dir='ltr'><strong>hodieque</strong></span> <span class='ocrx_word' id='word_1_374' title='bbox 3281 1982 3492 2035; x_wconf 85' lang='lat' dir='ltr'><strong>servari</strong></span> 
     </span>
    </p>
   </div>
   <div class='ocr_carea' id='block_1_51' title="bbox 1901 2063 3491 2136">
    <p class='ocr_par' dir='ltr' id='par_1_51' title="bbox 1901 2063 3491 2136">
     <span class='ocr_line' id='line_1_51' title="bbox 1901 2063 3491 2136; baseline 0.008 -22"><span class='ocrx_word' id='word_1_375' title='bbox 1901 2063 1994 2125; x_wconf 88' lang='lat' dir='ltr'><strong>ait,</strong></span> <span class='ocrx_word' id='word_1_376' title='bbox 2024 2063 2373 2132; x_wconf 85' lang='lat' dir='ltr'><strong>studioseque</strong></span> <span class='ocrx_word' id='word_1_377' title='bbox 2399 2080 2427 2117; x_wconf 91' lang='lat' dir='ltr'>a</span> <span class='ocrx_word' id='word_1_378' title='bbox 2458 2065 2644 2121; x_wconf 89' lang='lat' dir='ltr'><strong>multis</strong></span> <span class='ocrx_word' id='word_1_379' title='bbox 2676 2066 3046 2136; x_wconf 81' lang='lat' dir='ltr'><strong>frequentari,</strong></span> <span class='ocrx_word' id='word_1_380' title='bbox 3083 2087 3189 2124; x_wconf 89' lang='lat' dir='ltr'>non</span> <span class='ocrx_word' id='word_1_381' title='bbox 3235 2081 3341 2125; x_wconf 92' lang='lat' dir='ltr'>tam</span> <span class='ocrx_word' id='word_1_382' title='bbox 3379 2072 3491 2126; x_wconf 86' lang='lat' dir='ltr'><strong>vir-</strong></span> 
     </span>
    </p>
   </div>
   <div class='ocr_carea' id='block_1_52' title="bbox 1904 2153 3494 2227">
    <p class='ocr_par' dir='ltr' id='par_1_52' title="bbox 1904 2153 3494 2227">
     <span class='ocr_line' id='line_1_52' title="bbox 1904 2153 3494 2227; baseline 0.009 -21"><span class='ocrx_word' id='word_1_383' title='bbox 1904 2153 2031 2206; x_wconf 88' lang='lat' dir='ltr'><strong>tutis</strong></span> <span class='ocrx_word' id='word_1_384' title='bbox 2061 2169 2247 2218; x_wconf 89' lang='lat' dir='ltr'><strong>causa,</strong></span> <span class='ocrx_word' id='word_1_385' title='bbox 2283 2170 2443 2223; x_wconf 89' lang='lat' dir='ltr'><strong>quam</strong></span> <span class='ocrx_word' id='word_1_386' title='bbox 2487 2168 2713 2225; x_wconf 87' lang='lat' dir='ltr'><strong>propter</strong></span> <span class='ocrx_word' id='word_1_387' title='bbox 2733 2170 2916 2227; x_wconf 89' lang='lat' dir='ltr'><strong>aptum</strong></span> <span class='ocrx_word' id='word_1_388' title='bbox 2952 2163 3199 2216; x_wconf 87' lang='lat' dir='ltr'><strong>ordinem</strong></span> <span class='ocrx_word' id='word_1_389' title='bbox 3227 2173 3282 2216; x_wconf 88' lang='lat' dir='ltr'>et</span> <span class='ocrx_word' id='word_1_390' title='bbox 3310 2164 3494 2219; x_wconf 75' lang='lat' dir='ltr'><strong>cohae-</strong></span> 
     </span>
    </p>
   </div>
   <div class='ocr_carea' id='block_1_53' title="bbox 1903 2251 3495 2320">
    <p class='ocr_par' dir='ltr' id='par_1_53' title="bbox 1903 2251 3495 2320">
     <span class='ocr_line' id='line_1_53' title="bbox 1903 2251 3495 2320; baseline 0.009 -23"><span class='ocrx_word' id='word_1_391' title='bbox 1903 2254 2111 2299; x_wconf 89' lang='lat' dir='ltr'><strong>rentem</strong></span> <span class='ocrx_word' id='word_1_392' title='bbox 2142 2260 2329 2301; x_wconf 88' lang='lat' dir='ltr'><strong>earum</strong></span> <span class='ocrx_word' id='word_1_393' title='bbox 2360 2263 2540 2302; x_wconf 90' lang='lat' dir='ltr'><strong>rerum</strong></span> <span class='ocrx_word' id='word_1_394' title='bbox 2579 2265 2699 2318; x_wconf 70' lang='lat' dir='ltr'><strong>qua:</strong></span> <span class='ocrx_word' id='word_1_395' title='bbox 2729 2251 2781 2304; x_wconf 92' lang='lat' dir='ltr'>in</span> <span class='ocrx_word' id='word_1_396' title='bbox 2835 2251 2966 2320; x_wconf 92' lang='lat' dir='ltr'><strong>ipsis</strong></span> <span class='ocrx_word' id='word_1_397' title='bbox 2989 2254 3355 2308; x_wconf 71' lang='lat' dir='ltr'><strong>continentur.</strong></span> <span class='ocrx_word' id='word_1_398' title='bbox 3383 2254 3495 2311; x_wconf 80' lang='lat' dir='ltr'>Me-</span> 
     </span>
    </p>
   </div>
   <div class='ocr_carea' id='block_1_54' title="bbox 1902 2338 3493 2415">
    <p class='ocr_par' dir='ltr' id='par_1_54' title="bbox 1902 2338 3493 2415">
     <span class='ocr_line' id='line_1_54' title="bbox 1902 2338 3493 2415; baseline 0.008 -28"><span class='ocrx_word' id='word_1_399' title='bbox 1902 2346 2078 2390; x_wconf 92' lang='lat' dir='ltr'><strong>morat</strong></span> <span class='ocrx_word' id='word_1_400' title='bbox 2117 2338 2283 2391; x_wconf 87' lang='lat' dir='ltr'><strong>etiam</strong></span> <span class='ocrx_word' id='word_1_401' title='bbox 2337 2340 2551 2395; x_wconf 89' lang='lat' dir='ltr'><strong>nomina</strong></span> <span class='ocrx_word' id='word_1_402' title='bbox 2602 2349 2657 2395; x_wconf 89' lang='lat' dir='ltr'>et</span> <span class='ocrx_word' id='word_1_403' title='bbox 2688 2344 2920 2410; x_wconf 89' lang='lat' dir='ltr'><strong>patriam</strong></span> <span class='ocrx_word' id='word_1_404' title='bbox 2964 2358 3177 2409; x_wconf 84' lang='lat' dir='ltr'><strong>eorum,</strong></span> <span class='ocrx_word' id='word_1_405' title='bbox 3232 2346 3324 2415; x_wconf 91' lang='lat' dir='ltr'>qui</span> <span class='ocrx_word' id='word_1_406' title='bbox 3372 2349 3493 2415; x_wconf 87' lang='lat' dir='ltr'><strong>epi-</strong></span> 
     </span>
    </p>
   </div>
   <div class='ocr_carea' id='block_1_55' title="bbox 1901 2428 3491 2508">
    <p class='ocr_par' dir='ltr' id='par_1_55' title="bbox 1901 2428 3491 2508">
     <span class='ocr_line' id='line_1_55' title="bbox 1901 2428 3491 2508; baseline 0.009 -26"><span class='ocrx_word' id='word_1_407' title='bbox 1901 2442 2026 2482; x_wconf 93' lang='lat' dir='ltr'>cum</span> <span class='ocrx_word' id='word_1_408' title='bbox 2062 2428 2285 2498; x_wconf 85' lang='lat' dir='ltr'><strong>Cyelum</strong></span> <span class='ocrx_word' id='word_1_409' title='bbox 2312 2430 2744 2499; x_wconf 80' lang='lat' dir='ltr'><strong>fecerunt.Quin</strong></span> <span class='ocrx_word' id='word_1_410' title='bbox 2778 2435 2944 2489; x_wconf 89' lang='lat' dir='ltr'><strong>etiam</strong></span> <span class='ocrx_word' id='word_1_411' title='bbox 2983 2438 3050 2492; x_wconf 87' lang='lat' dir='ltr'>de</span> <span class='ocrx_word' id='word_1_412' title='bbox 3095 2436 3309 2508; x_wconf 87' lang='lat' dir='ltr'><strong>Cypriis</strong></span> <span class='ocrx_word' id='word_1_413' title='bbox 3357 2456 3491 2508; x_wconf 89' lang='lat' dir='ltr'><strong>poe-</strong></span> 
     </span>
    </p>
   </div>
   <div class='ocr_carea' id='block_1_56' title="bbox 1903 2520 3490 2600">
    <p class='ocr_par' dir='ltr' id='par_1_56' title="bbox 1903 2520 3490 2600">
     <span class='ocr_line' id='line_1_56' title="bbox 1903 2520 3490 2600; baseline 0.009 -29"><span class='ocrx_word' id='word_1_414' title='bbox 1903 2520 2065 2573; x_wconf 89' lang='lat' dir='ltr'><strong>matis</strong></span> <span class='ocrx_word' id='word_1_415' title='bbox 2093 2530 2299 2575; x_wconf 90' lang='lat' dir='ltr'><strong>narrat.</strong></span> <span class='ocrx_word' id='word_1_416' title='bbox 2333 2521 2397 2576; x_wconf 88' lang='lat' dir='ltr'>Et</span> <span class='ocrx_word' id='word_1_417' title='bbox 2432 2525 2527 2576; x_wconf 87' lang='lat' dir='ltr'>hos</span> <span class='ocrx_word' id='word_1_418' title='bbox 2566 2525 2784 2594; x_wconf 91' lang='lat' dir='ltr'><strong>quidem</strong></span> <span class='ocrx_word' id='word_1_419' title='bbox 2820 2528 2885 2580; x_wconf 90' lang='lat' dir='ltr'>ad</span> <span class='ocrx_word' id='word_1_420' title='bbox 2923 2525 3205 2581; x_wconf 88' lang='lat' dir='ltr'><strong>Stasinum</strong></span> <span class='ocrx_word' id='word_1_421' title='bbox 3231 2529 3490 2600; x_wconf 86' lang='lat' dir='ltr'><strong>Cyprium</strong></span> 
     </span>
    </p>
   </div>
   <div class='ocr_carea' id='block_1_57' title="bbox 1904 2612 3493 2691">
    <p class='ocr_par' dir='ltr' id='par_1_57' title="bbox 1904 2612 3493 2691">
     <span class='ocr_line' id='line_1_57' title="bbox 1904 2612 3493 2691; baseline 0.007 -27"><span class='ocrx_word' id='word_1_422' title='bbox 1904 2612 2019 2665; x_wconf 72' lang='lat' dir='ltr'><strong>hazc</strong></span> <span class='ocrx_word' id='word_1_423' title='bbox 2046 2612 2251 2667; x_wconf 83' lang='lat' dir='ltr'><strong>referre</strong></span> <span class='ocrx_word' id='word_1_424' title='bbox 2286 2632 2300 2667; x_wconf 92' lang='lat'><strong>:</strong></span> <span class='ocrx_word' id='word_1_425' title='bbox 2349 2614 2467 2669; x_wconf 92' lang='lat' dir='ltr'><strong>illos</strong></span> <span class='ocrx_word' id='word_1_426' title='bbox 2520 2631 2649 2671; x_wconf 90' lang='lat' dir='ltr'><strong>vero</strong></span> <span class='ocrx_word' id='word_1_427' title='bbox 2680 2618 2745 2671; x_wconf 90' lang='lat' dir='ltr'>ad</span> <span class='ocrx_word' id='word_1_428' title='bbox 2780 2616 3065 2687; x_wconf 74' lang='lat' dir='ltr'><strong>Hegesiam</strong></span> <span class='ocrx_word' id='word_1_429' title='bbox 3099 2620 3297 2691; x_wconf 79' lang='lat' dir='ltr'>319b</span> <span class='ocrx_word' id='word_1_430' title='bbox 3336 2621 3493 2677; x_wconf 85' lang='lat' dir='ltr'><strong>Sala-</strong></span> 
     </span>
    </p>
   </div>
   <div class='ocr_carea' id='block_1_58' title="bbox 1902 2700 3492 2777">
    <p class='ocr_par' dir='ltr' id='par_1_58' title="bbox 1902 2700 3492 2777">
     <span class='ocr_line' id='line_1_58' title="bbox 1902 2700 3492 2777; baseline 0.01 -26"><span class='ocrx_word' id='word_1_431' title='bbox 1902 2700 2177 2753; x_wconf 89' lang='lat' dir='ltr'><strong>minium:</strong></span> <span class='ocrx_word' id='word_1_432' title='bbox 2229 2704 2489 2771; x_wconf 81' lang='lat' dir='ltr'><strong>quosdam</strong></span> <span class='ocrx_word' id='word_1_433' title='bbox 2541 2707 2705 2759; x_wconf 89' lang='lat' dir='ltr'><strong>etiam</strong></span> <span class='ocrx_word' id='word_1_434' title='bbox 2761 2706 2999 2764; x_wconf 88' lang='lat' dir='ltr'><strong>Homero</strong></span> <span class='ocrx_word' id='word_1_435' title='bbox 3042 2711 3307 2777; x_wconf 79' lang='lat' dir='ltr'><strong>tribucre,</strong></span> <span class='ocrx_word' id='word_1_436' title='bbox 3363 2714 3492 2768; x_wconf 84' lang='lat' dir='ltr'><strong>data</strong></span> 
     </span>
    </p>
   </div>
   <div class='ocr_carea' id='block_1_59' title="bbox 1904 2794 3493 2874">
    <p class='ocr_par' dir='ltr' id='par_1_59' title="bbox 1904 2794 3493 2874">
     <span class='ocr_line' id='line_1_59' title="bbox 1904 2794 3493 2874; baseline 0.011 -32"><span class='ocrx_word' id='word_1_437' title='bbox 1904 2805 2030 2845; x_wconf 85' lang='lat' dir='ltr'><strong>vero</strong></span> <span class='ocrx_word' id='word_1_438' title='bbox 2060 2808 2159 2861; x_wconf 92' lang='lat' dir='ltr'>pro</span> <span class='ocrx_word' id='word_1_439' title='bbox 2206 2794 2313 2848; x_wconf 88' lang='lat' dir='ltr'><strong>tilia</strong></span> <span class='ocrx_word' id='word_1_440' title='bbox 2355 2795 2596 2862; x_wconf 74' lang='lat' dir='ltr'><strong>Stusino,</strong></span> <span class='ocrx_word' id='word_1_441' title='bbox 2650 2814 2681 2853; x_wconf 94' lang='lat' dir='ltr'>a</span> <span class='ocrx_word' id='word_1_442' title='bbox 2736 2800 2887 2868; x_wconf 88' lang='lat' dir='ltr'><strong>cujus</strong></span> <span class='ocrx_word' id='word_1_443' title='bbox 2932 2803 3108 2872; x_wconf 86' lang='lat' dir='ltr'><strong>patria</strong></span> <span class='ocrx_word' id='word_1_444' title='bbox 3150 2803 3352 2874; x_wconf 88' lang='lat' dir='ltr'><strong>Cypria</strong></span> <span class='ocrx_word' id='word_1_445' title='bbox 3390 2804 3493 2860; x_wconf 87' lang='lat' dir='ltr'>hoc</span> 
     </span>
    </p>
   </div>
   <div class='ocr_carea' id='block_1_60' title="bbox 1899 2886 3492 2955">
    <p class='ocr_par' dir='ltr' id='par_1_60' title="bbox 1899 2886 3492 2955">
     <span class='ocr_line' id='line_1_60' title="bbox 1899 2886 3492 2955; baseline 0.009 -18"><span class='ocrx_word' id='word_1_446' title='bbox 1899 2898 2038 2952; x_wconf 90' lang='lat' dir='ltr'><strong>opus</strong></span> <span class='ocrx_word' id='word_1_447' title='bbox 2088 2886 2417 2955; x_wconf 90' lang='lat' dir='ltr'><strong>appellatum</strong></span> <span class='ocrx_word' id='word_1_448' title='bbox 2476 2906 2490 2943; x_wconf 92' lang='lat'><strong>:</strong></span> <span class='ocrx_word' id='word_1_449' title='bbox 2551 2891 2644 2946; x_wconf 86' lang='lat' dir='ltr'>sed</span> <span class='ocrx_word' id='word_1_450' title='bbox 2707 2893 2836 2947; x_wconf 89' lang='lat' dir='ltr'><strong>huic</strong></span> <span class='ocrx_word' id='word_1_451' title='bbox 2886 2894 3084 2949; x_wconf 85' lang='lat' dir='ltr'><strong>rationi</strong></span> <span class='ocrx_word' id='word_1_452' title='bbox 3139 2907 3331 2952; x_wconf 82' lang='lat' dir='ltr'><strong>auctor</strong></span> <span class='ocrx_word' id='word_1_453' title='bbox 3383 2913 3492 2951; x_wconf 89' lang='lat' dir='ltr'>non</span> 
     </span>
    </p>
   </div>
   <div class='ocr_carea' id='block_1_61' title="bbox 1902 2978 3493 3059">
    <p class='ocr_par' dir='ltr' id='par_1_61' title="bbox 1902 2978 3493 3059">
     <span class='ocr_line' id='line_1_61' title="bbox 1902 2978 3493 3059; baseline 0.009 -29"><span class='ocrx_word' id='word_1_454' title='bbox 1902 2978 2201 3033; x_wconf 81' lang='lat' dir='ltr'><strong>assentitur</strong></span> <span class='ocrx_word' id='word_1_455' title='bbox 2234 2997 2248 3033; x_wconf 89' lang='lat'><strong>:</strong></span> <span class='ocrx_word' id='word_1_456' title='bbox 2291 2994 2467 3049; x_wconf 90' lang='lat' dir='ltr'><strong>neque</strong></span> <span class='ocrx_word' id='word_1_457' title='bbox 2495 2984 2640 3036; x_wconf 86' lang='lat' dir='ltr'><strong>enim</strong></span> <span class='ocrx_word' id='word_1_458' title='bbox 2671 2983 2900 3055; x_wconf 87' lang='grc' dir='ltr'>Κύπρια</span> <span class='ocrx_word' id='word_1_459' title='bbox 2929 2996 3158 3042; x_wconf 90' lang='lat' dir='ltr'><strong>accentu</strong></span> <span class='ocrx_word' id='word_1_460' title='bbox 3189 2987 3268 3058; x_wconf 92' lang='lat' dir='ltr'><strong>(ut</strong></span> <span class='ocrx_word' id='word_1_461' title='bbox 3316 2988 3493 3059; x_wconf 90' lang='lat' dir='ltr'><strong>loqui-</strong></span> 
     </span>
    </p>
   </div>
   <div class='ocr_carea' id='block_1_62' title="bbox 1904 3071 3253 3150">
    <p class='ocr_par' dir='ltr' id='par_1_62' title="bbox 1904 3071 3253 3150">
     <span class='ocr_line' id='line_1_62' title="bbox 1904 3071 3253 3150; baseline 0.01 -28"><span class='ocrx_word' id='word_1_462' title='bbox 1904 3071 2012 3138; x_wconf 89' lang='lat' dir='ltr'><strong>tur)</strong></span> <span class='ocrx_word' id='word_1_463' title='bbox 2040 3073 2090 3124; x_wconf 91' lang='lat' dir='ltr'>in</span> <span class='ocrx_word' id='word_1_464' title='bbox 2123 3074 2552 3141; x_wconf 87' lang='lat' dir='ltr'><strong>antepenultima</strong></span> <span class='ocrx_word' id='word_1_465' title='bbox 2584 3076 2808 3132; x_wconf 89' lang='lat' dir='ltr'><strong>inscribi</strong></span> <span class='ocrx_word' id='word_1_466' title='bbox 2836 3078 2953 3133; x_wconf 62' lang='lat' dir='ltr'><strong>haec</strong></span> <span class='ocrx_word' id='word_1_467' title='bbox 2980 3090 3253 3150; x_wconf 85' lang='lat' dir='ltr'><strong>poemata.</strong></span> 
     </span>
    </p>
   </div>
   <div class='ocr_carea' id='block_1_63' title="bbox 1978 3162 3497 3237">
    <p class='ocr_par' dir='ltr' id='par_1_63' title="bbox 1978 3162 3497 3237">
     <span class='ocr_line' id='line_1_63' title="bbox 1978 3162 3497 3237; baseline 0.006 -21"><span class='ocrx_word' id='word_1_468' title='bbox 1978 3162 2218 3233; x_wconf 78' lang='lat' dir='ltr'><strong>Elegiam</strong></span> <span class='ocrx_word' id='word_1_469' title='bbox 2260 3180 2390 3220; x_wconf 89' lang='lat' dir='ltr'><strong>vero</strong></span> <span class='ocrx_word' id='word_1_470' title='bbox 2424 3166 2646 3222; x_wconf 87' lang='lat' dir='ltr'><strong>heroico</strong></span> <span class='ocrx_word' id='word_1_471' title='bbox 2675 3178 2733 3222; x_wconf 89' lang='lat' dir='ltr'>et</span> <span class='ocrx_word' id='word_1_472' title='bbox 2780 3162 3124 3237; x_wconf 75' lang='lat' dir='ltr'><strong>pentametro</strong></span> <span class='ocrx_word' id='word_1_473' title='bbox 3169 3187 3325 3226; x_wconf 82' lang='lat' dir='ltr'><strong>versu</strong></span> <span class='ocrx_word' id='word_1_474' title='bbox 3373 3187 3497 3225; x_wconf 87' lang='lat' dir='ltr'><strong>con-</strong></span> 
     </span>
    </p>
   </div>
   <div class='ocr_carea' id='block_1_64' title="bbox 181 3232 1796 3329">
    <p class='ocr_par' dir='ltr' id='par_1_64' title="bbox 181 3232 1793 3328">
     <span class='ocr_line' id='line_1_64' title="bbox 181 3232 1793 3328; baseline 0.001 -19"><span class='ocrx_word' id='word_1_475' title='bbox 181 3256 475 3327; x_wconf 84' lang='grc' dir='ltr'>ταμέτρου</span> <span class='ocrx_word' id='word_1_476' title='bbox 529 3256 735 3327; x_wconf 86' lang='grc' dir='ltr'>στίχου,</span> <span class='ocrx_word' id='word_1_477' title='bbox 791 3256 1058 3327; x_wconf 80' lang='grc' dir='ltr'>ἁρμόζειν</span> <span class='ocrx_word' id='word_1_478' title='bbox 1108 3258 1166 3311; x_wconf 87' lang='grc' dir='ltr'>δὲ</span> <span class='ocrx_word' id='word_1_479' title='bbox 1216 3261 1328 3321; x_wconf 87' lang='grc' dir='ltr'>τοῖς</span> <span class='ocrx_word' id='word_1_480' title='bbox 1360 3259 1793 3328; x_wconf 84' lang='grc' dir='ltr'>κατοιχομένοις.</span> 
     </span>
    </p>
   </div>
   <div class='ocr_carea' id='block_1_65' title="bbox 1904 3232 3493 3329">
    <p class='ocr_par' dir='ltr' id='par_1_65' title="bbox 1904 3259 3493 3329">
     <span class='ocr_line' id='line_1_65' title="bbox 1904 3259 3493 3329; baseline 0.006 -20"><span class='ocrx_word' id='word_1_481' title='bbox 1904 3265 2074 3320; x_wconf 77' lang='lat' dir='ltr'><strong>stare,</strong></span> <span class='ocrx_word' id='word_1_482' title='bbox 2114 3259 2287 3327; x_wconf 89' lang='lat' dir='ltr'><strong>aptari</strong></span> <span class='ocrx_word' id='word_1_483' title='bbox 2322 3273 2453 3313; x_wconf 87' lang='lat' dir='ltr'><strong>vero</strong></span> <span class='ocrx_word' id='word_1_484' title='bbox 2498 3260 2564 3313; x_wconf 92' lang='lat' dir='ltr'>iis</span> <span class='ocrx_word' id='word_1_485' title='bbox 2608 3260 2697 3328; x_wconf 91' lang='lat' dir='ltr'>qui</span> <span class='ocrx_word' id='word_1_486' title='bbox 2730 3262 2986 3329; x_wconf 88' lang='lat' dir='ltr'><strong>obierint,</strong></span> <span class='ocrx_word' id='word_1_487' title='bbox 3037 3264 3179 3318; x_wconf 91' lang='lat' dir='ltr'><strong>unde</strong></span> <span class='ocrx_word' id='word_1_488' title='bbox 3209 3272 3265 3319; x_wconf 83' lang='lat' dir='ltr'>et</span> <span class='ocrx_word' id='word_1_489' title='bbox 3296 3280 3493 3319; x_wconf 89' lang='lat' dir='ltr'><strong>nomen</strong></span> 
     </span>
    </p>
   </div>
   <div class='ocr_carea' id='block_1_66' title="bbox 186 3346 1799 3419">
    <p class='ocr_par' dir='ltr' id='par_1_66' title="bbox 186 3346 1799 3419">
     <span class='ocr_line' id='line_1_66' title="bbox 186 3346 1799 3419; baseline 0.001 -20"><span class='ocrx_word' id='word_1_490' title='bbox 186 3346 365 3399; x_wconf 83' lang='grc' dir='ltr'>Ὅθεν</span> <span class='ocrx_word' id='word_1_491' title='bbox 415 3346 511 3399; x_wconf 70' lang='grc' dir='ltr'>καὶ</span> <span class='ocrx_word' id='word_1_492' title='bbox 556 3346 652 3401; x_wconf 78' lang='grc' dir='ltr'>τοῦ</span> <span class='ocrx_word' id='word_1_493' title='bbox 703 3347 968 3418; x_wconf 85' lang='grc' dir='ltr'>ὀνόματος</span> <span class='ocrx_word' id='word_1_494' title='bbox 1004 3348 1162 3419; x_wconf 73' lang='grc' dir='ltr'>ἔτυχε</span> <span class='ocrx_word' id='word_1_495' title='bbox 1183 3364 1199 3381; x_wconf 76' lang='grc' dir='ltr'><strong><em>ο</em></strong></span> <span class='ocrx_word' id='word_1_496' title='bbox 1227 3349 1289 3402; x_wconf 83' lang='grc' dir='ltr'>τὸ</span> <span class='ocrx_word' id='word_1_497' title='bbox 1318 3350 1427 3418; x_wconf 84' lang='grc' dir='ltr'>γὰρ</span> <span class='ocrx_word' id='word_1_498' title='bbox 1454 3350 1649 3419; x_wconf 82' lang='grc' dir='ltr'>θρῆνος</span> <span class='ocrx_word' id='word_1_499' title='bbox 1682 3349 1799 3401; x_wconf 74' lang='grc' dir='ltr'>ξλε-</span> 
     </span>
    </p>
   </div>
   <div class='ocr_carea' id='block_1_67' title="bbox 183 3437 1798 3512">
    <p class='ocr_par' dir='ltr' id='par_1_67' title="bbox 183 3437 1798 3512">
     <span class='ocr_line' id='line_1_67' title="bbox 183 3437 1798 3512; baseline 0.002 -21"><span class='ocrx_word' id='word_1_500' title='bbox 183 3454 294 3505; x_wconf 87' lang='grc' dir='ltr'>γον</span> <span class='ocrx_word' id='word_1_501' title='bbox 314 3439 358 3469; x_wconf 83' lang='grc'><strong>⁷³</strong></span> <span class='ocrx_word' id='word_1_502' title='bbox 390 3437 619 3491; x_wconf 73' lang='grc' dir='ltr'>ἐκάλουν</span> <span class='ocrx_word' id='word_1_503' title='bbox 670 3439 719 3491; x_wconf 73' lang='lat' dir='ltr'>oi</span> <span class='ocrx_word' id='word_1_504' title='bbox 774 3438 1017 3504; x_wconf 76' lang='grc' dir='ltr'>παλαιοὶ,</span> <span class='ocrx_word' id='word_1_505' title='bbox 1052 3442 1151 3494; x_wconf 77' lang='grc' dir='ltr'>καὶ</span> <span class='ocrx_word' id='word_1_506' title='bbox 1186 3441 1313 3504; x_wconf 79' lang='grc' dir='ltr'>τοὺς</span> <span class='ocrx_word' id='word_1_507' title='bbox 1340 3441 1798 3512; x_wconf 78' lang='grc' dir='ltr'>τετελευτηκότας</span> 
     </span>
    </p>
   </div>
   <div class='ocr_carea' id='block_1_68' title="bbox 182 3528 1799 3606">
    <p class='ocr_par' dir='ltr' id='par_1_68' title="bbox 182 3528 1799 3606">
     <span class='ocr_line' id='line_1_68' title="bbox 182 3528 1799 3606; baseline 0.004 -24"><span class='ocrx_word' id='word_1_508' title='bbox 182 3528 269 3583; x_wconf 80' lang='grc' dir='ltr'>δι’</span> <span class='ocrx_word' id='word_1_509' title='bbox 301 3528 464 3583; x_wconf 73' lang='grc' dir='ltr'>αὑτοῦ</span> <span class='ocrx_word' id='word_1_510' title='bbox 511 3530 788 3599; x_wconf 78' lang='grc' dir='ltr'>εύλόγουν.</span> <span class='ocrx_word' id='word_1_511' title='bbox 839 3534 902 3585; x_wconf 77' lang='lat' dir='ltr'><strong>0i</strong></span> <span class='ocrx_word' id='word_1_512' title='bbox 954 3533 1139 3602; x_wconf 88' lang='grc' dir='ltr'>μέντοι</span> <span class='ocrx_word' id='word_1_513' title='bbox 1187 3534 1313 3603; x_wconf 54' lang='lat' dir='ltr'><strong>re&quot;</strong></span> <span class='ocrx_word' id='word_1_514' title='bbox 1346 3536 1799 3606; x_wconf 81' lang='grc' dir='ltr'>μεταγενέστεροι</span> 
     </span>
    </p>
   </div>
   <div class='ocr_carea' id='block_1_69' title="bbox 181 3623 1798 3699">
    <p class='ocr_par' dir='ltr' id='par_1_69' title="bbox 181 3623 1798 3699">
     <span class='ocr_line' id='line_1_69' title="bbox 181 3623 1798 3699; baseline 0.001 -22"><span class='ocrx_word' id='word_1_515' title='bbox 181 3626 310 3686; x_wconf 75' lang='grc' dir='ltr'>τοῖς</span> <span class='ocrx_word' id='word_1_516' title='bbox 344 3623 605 3692; x_wconf 80' lang='grc' dir='ltr'>ἐλεγείοις</span> <span class='ocrx_word' id='word_1_517' title='bbox 625 3626 671 3657; x_wconf 84' lang='grc'><strong>⁷⁸</strong></span> <span class='ocrx_word' id='word_1_518' title='bbox 705 3626 843 3696; x_wconf 83' lang='grc' dir='ltr'>πρὸς</span> <span class='ocrx_word' id='word_1_519' title='bbox 886 3626 1180 3698; x_wconf 81' lang='grc' dir='ltr'>διαφόρους</span> <span class='ocrx_word' id='word_1_520' title='bbox 1214 3627 1504 3693; x_wconf 81' lang='grc' dir='ltr'>ὑποθέσεις</span> <span class='ocrx_word' id='word_1_521' title='bbox 1549 3630 1798 3699; x_wconf 79' lang='grc' dir='ltr'>ἀπεχρή-</span> 
     </span>
    </p>
   </div>
   <div class='ocr_carea' id='block_1_70' title="bbox 185 3716 1797 3792">
    <p class='ocr_par' dir='ltr' id='par_1_70' title="bbox 185 3716 1797 3792">
     <span class='ocr_line' id='line_1_70' title="bbox 185 3716 1797 3792; baseline 0.003 -23"><span class='ocrx_word' id='word_1_522' title='bbox 185 3733 382 3773; x_wconf 75' lang='grc' dir='ltr'>σαντο.</span> <span class='ocrx_word' id='word_1_523' title='bbox 416 3716 581 3785; x_wconf 81' lang='grc' dir='ltr'>Λέγει</span> <span class='ocrx_word' id='word_1_524' title='bbox 612 3717 667 3770; x_wconf 79' lang='grc' dir='ltr'>δὲ</span> <span class='ocrx_word' id='word_1_525' title='bbox 694 3721 788 3771; x_wconf 83' lang='grc' dir='ltr'>καὶ</span> <span class='ocrx_word' id='word_1_526' title='bbox 823 3718 1160 3787; x_wconf 82' lang='grc' dir='ltr'>ἀριστεῦσαι’</span> <span class='ocrx_word' id='word_1_527' title='bbox 1190 3719 1269 3790; x_wconf 84' lang='grc' dir='ltr'>τῷ</span> <span class='ocrx_word' id='word_1_528' title='bbox 1321 3719 1505 3792; x_wconf 83' lang='grc' dir='ltr'>μέτρῳ</span> <span class='ocrx_word' id='word_1_529' title='bbox 1530 3720 1797 3775; x_wconf 80' lang='grc' dir='ltr'>Καλλῖνόν</span> 
     </span>
    </p>
   </div>
   <div class='ocr_carea' id='block_1_71' title="bbox 180 3810 1797 3883">
    <p class='ocr_par' dir='ltr' id='par_1_71' title="bbox 180 3810 1797 3883">
     <span class='ocr_line' id='line_1_71' title="bbox 180 3810 1797 3883; baseline 0.001 -18"><span class='ocrx_word' id='word_1_530' title='bbox 180 3828 257 3865; x_wconf 80' lang='grc' dir='ltr'>τε</span> <span class='ocrx_word' id='word_1_531' title='bbox 288 3810 380 3864; x_wconf 75' lang='grc' dir='ltr'>τὸν</span> <span class='ocrx_word' id='word_1_532' title='bbox 414 3810 664 3879; x_wconf 81' lang='grc' dir='ltr'>Ἐφέσιον</span> <span class='ocrx_word' id='word_1_533' title='bbox 686 3810 781 3865; x_wconf 77' lang='grc' dir='ltr'>καὶ</span> <span class='ocrx_word' id='word_1_534' title='bbox 810 3812 1139 3881; x_wconf 82' lang='grc' dir='ltr'>Μίμνερμον</span> <span class='ocrx_word' id='word_1_535' title='bbox 1160 3812 1252 3866; x_wconf 83' lang='grc' dir='ltr'>τὸν</span> <span class='ocrx_word' id='word_1_536' title='bbox 1273 3813 1637 3883; x_wconf 81' lang='grc' dir='ltr'>Κολοφώνιον,</span> <span class='ocrx_word' id='word_1_537' title='bbox 1659 3814 1797 3868; x_wconf 87' lang='grc' dir='ltr'>ἀλλά</span> 
     </span>
    </p>
   </div>
   <div class='ocr_carea' id='block_1_72' title="bbox 184 3900 1797 3977">
    <p class='ocr_par' dir='ltr' id='par_1_72' title="bbox 184 3900 1797 3977">
     <span class='ocr_line' id='line_1_72' title="bbox 184 3900 1797 3977; baseline 0.003 -21"><span class='ocrx_word' id='word_1_538' title='bbox 184 3902 296 3956; x_wconf 77' lang='grc' dir='ltr'>καὶ</span> <span class='ocrx_word' id='word_1_539' title='bbox 343 3901 435 3954; x_wconf 80' lang='grc' dir='ltr'>τὸν</span> <span class='ocrx_word' id='word_1_540' title='bbox 470 3900 587 3973; x_wconf 81' lang='grc' dir='ltr'>[τοῦ</span> <span class='ocrx_word' id='word_1_541' title='bbox 604 3900 673 3973; x_wconf 84' lang='grc'>⁷⁸]</span> <span class='ocrx_word' id='word_1_542' title='bbox 726 3901 977 3972; x_wconf 78' lang='grc' dir='ltr'>Τηλέφου</span> <span class='ocrx_word' id='word_1_543' title='bbox 1020 3904 1256 3975; x_wconf 79' lang='grc' dir='ltr'>Φιλητᾶν</span> <span class='ocrx_word' id='word_1_544' title='bbox 1278 3904 1320 3936; x_wconf 89' lang='grc'>⁷⁷</span> <span class='ocrx_word' id='word_1_545' title='bbox 1357 3905 1450 3959; x_wconf 87' lang='grc' dir='ltr'>τὸν</span> <span class='ocrx_word' id='word_1_546' title='bbox 1496 3906 1656 3977; x_wconf 82' lang='grc' dir='ltr'>Κῷον</span> <span class='ocrx_word' id='word_1_547' title='bbox 1700 3906 1797 3960; x_wconf 76' lang='grc' dir='ltr'>καὶ</span> 
     </span>
    </p>
   </div>
   <div class='ocr_carea' id='block_1_73' title="bbox 183 3988 1793 4069">
    <p class='ocr_par' dir='ltr' id='par_1_73' title="bbox 183 3988 1793 4069">
     <span class='ocr_line' id='line_1_73' title="bbox 183 3988 1793 4069; baseline 0.003 -21"><span class='ocrx_word' id='word_1_548' title='bbox 183 3993 553 4066; x_wconf 85' lang='grc' dir='ltr'>Καλλίμαχον</span> <span class='ocrx_word' id='word_1_549' title='bbox 605 3995 699 4049; x_wconf 80' lang='grc' dir='ltr'>τὸν</span> <span class='ocrx_word' id='word_1_550' title='bbox 756 3995 963 4051; x_wconf 86' lang='grc' dir='ltr'>Βάττου</span> <span class='ocrx_word' id='word_1_551' title='bbox 979 3993 1060 4027; x_wconf 76' lang='grc' dir='ltr'>’⁸ο</span> <span class='ocrx_word' id='word_1_552' title='bbox 1111 3999 1424 4069; x_wconf 81' lang='grc' dir='ltr'>Κυρηναῖος</span> <span class='ocrx_word' id='word_1_553' title='bbox 1470 3997 1515 4051; x_wconf 84' lang='grc' dir='ltr'>δ’</span> <span class='ocrx_word' id='word_1_554' title='bbox 1568 3988 1726 4063; x_wconf 74' lang='grc' dir='ltr'>οὗτος</span> <span class='ocrx_word' id='word_1_555' title='bbox 1751 4000 1793 4032; x_wconf 86' lang='grc'>⁷⁹</span> 
     </span>
    </p>
   </div>
   <div class='ocr_carea' id='block_1_74' title="bbox 183 4106 286 4158">
    <p class='ocr_par' dir='ltr' id='par_1_74' title="bbox 183 4106 286 4158">
     <span class='ocr_line' id='line_1_74' title="bbox 183 4106 286 4158; baseline -0.019 -17"><span class='ocrx_word' id='word_1_556' title='bbox 183 4106 286 4158; x_wconf 67' lang='grc' dir='ltr'>ην.</span> 
     </span>
    </p>
   </div>
   <div class='ocr_carea' id='block_1_75' title="bbox 272 4179 1793 4255">
    <p class='ocr_par' dir='ltr' id='par_1_75' title="bbox 272 4179 1793 4255">
     <span class='ocr_line' id='line_1_75' title="bbox 272 4179 1793 4255; baseline 0.005 -23"><span class='ocrx_word' id='word_1_557' title='bbox 272 4179 322 4232; x_wconf 74' lang='grc' dir='ltr'><strong><em>Ἀ</em></strong></span> <span class='ocrx_word' id='word_1_558' title='bbox 335 4179 437 4233; x_wconf 86' lang='grc' dir='ltr'>λλά</span> <span class='ocrx_word' id='word_1_559' title='bbox 464 4180 573 4252; x_wconf 84' lang='grc' dir='ltr'>γὰρ</span> <span class='ocrx_word' id='word_1_560' title='bbox 604 4180 698 4236; x_wconf 78' lang='grc' dir='ltr'>καὶ</span> <span class='ocrx_word' id='word_1_561' title='bbox 725 4181 819 4236; x_wconf 81' lang='grc' dir='ltr'>τὸν</span> <span class='ocrx_word' id='word_1_562' title='bbox 858 4182 1056 4254; x_wconf 75' lang='grc' dir='ltr'>ἴαμϐον</span> <span class='ocrx_word' id='word_1_563' title='bbox 1084 4183 1374 4239; x_wconf 86' lang='grc' dir='ltr'>τάττεσθαι</span> <span class='ocrx_word' id='word_1_564' title='bbox 1407 4184 1509 4255; x_wconf 80' lang='grc' dir='ltr'>μὲν</span> <span class='ocrx_word' id='word_1_565' title='bbox 1545 4187 1638 4239; x_wconf 77' lang='grc' dir='ltr'>ἐπὶ</span> <span class='ocrx_word' id='word_1_566' title='bbox 1684 4186 1793 4240; x_wconf 85' lang='grc' dir='ltr'>λοι-</span> 
     </span>
    </p>
   </div>
   <div class='ocr_carea' id='block_1_76' title="bbox 182 4273 1795 4349">
    <p class='ocr_par' dir='ltr' id='par_1_76' title="bbox 182 4273 1795 4349">
     <span class='ocr_line' id='line_1_76' title="bbox 182 4273 1795 4349; baseline 0.002 -21"><span class='ocrx_word' id='word_1_567' title='bbox 182 4273 381 4343; x_wconf 85' lang='grc' dir='ltr'>δορίας</span> <span class='ocrx_word' id='word_1_568' title='bbox 427 4275 489 4327; x_wconf 79' lang='grc' dir='ltr'>τὸ</span> <span class='ocrx_word' id='word_1_569' title='bbox 536 4275 764 4330; x_wconf 86' lang='grc' dir='ltr'>παλαιόν</span> <span class='ocrx_word' id='word_1_570' title='bbox 786 4291 801 4305; x_wconf 83' lang='grc'><em>’</em></span> <span class='ocrx_word' id='word_1_571' title='bbox 851 4277 947 4331; x_wconf 65' lang='grc' dir='ltr'>καλ⁸</span> <span class='ocrx_word' id='word_1_572' title='bbox 988 4278 1099 4349; x_wconf 85' lang='grc' dir='ltr'>γάρ</span> <span class='ocrx_word' id='word_1_573' title='bbox 1132 4277 1227 4331; x_wconf 79' lang='grc' dir='ltr'>καὶ</span> <span class='ocrx_word' id='word_1_574' title='bbox 1256 4279 1316 4332; x_wconf 88' lang='grc' dir='ltr'>τὸ</span> <span class='ocrx_word' id='word_1_575' title='bbox 1344 4278 1617 4348; x_wconf 74' lang='grc' dir='ltr'>ἰαμϐίζειν</span> <span class='ocrx_word' id='word_1_576' title='bbox 1652 4280 1795 4332; x_wconf 86' lang='grc' dir='ltr'>κατά</span> 
     </span>
    </p>
   </div>
   <div class='ocr_carea' id='block_1_77' title="bbox 184 4362 1794 4439">
    <p class='ocr_par' dir='ltr' id='par_1_77' title="bbox 184 4362 1794 4439">
     <span class='ocr_line' id='line_1_77' title="bbox 184 4362 1794 4439; baseline 0.004 -23"><span class='ocrx_word' id='word_1_577' title='bbox 184 4380 318 4416; x_wconf 86' lang='grc' dir='ltr'>τινα</span> <span class='ocrx_word' id='word_1_578' title='bbox 345 4362 597 4430; x_wconf 87' lang='grc' dir='ltr'>γλῶσσαν</span> <span class='ocrx_word' id='word_1_579' title='bbox 626 4364 884 4437; x_wconf 88' lang='grc' dir='ltr'>λοιδορεῖν</span> <span class='ocrx_word' id='word_1_580' title='bbox 913 4366 1120 4436; x_wconf 75' lang='grc' dir='ltr'>ἔλεγον.</span> <span class='ocrx_word' id='word_1_581' title='bbox 1150 4369 1213 4422; x_wconf 80' lang='lat' dir='ltr'>Oi</span> <span class='ocrx_word' id='word_1_582' title='bbox 1242 4367 1298 4421; x_wconf 89' lang='grc' dir='ltr'>δὲ</span> <span class='ocrx_word' id='word_1_583' title='bbox 1328 4369 1439 4422; x_wconf 90' lang='grc' dir='ltr'>ἀπό</span> <span class='ocrx_word' id='word_1_584' title='bbox 1468 4384 1612 4433; x_wconf 84' lang='grc' dir='ltr'>τινος</span> <span class='ocrx_word' id='word_1_585' title='bbox 1647 4370 1794 4439; x_wconf 82' lang='grc' dir='ltr'>Ἰάμ-</span> 
     </span>
    </p>
   </div>
   <div class='ocr_carea' id='block_1_78' title="bbox 185 4453 1789 4530">
    <p class='ocr_par' dir='ltr' id='par_1_78' title="bbox 185 4453 1789 4530">
     <span class='ocr_line' id='line_1_78' title="bbox 185 4453 1789 4530; baseline 0.004 -23"><span class='ocrx_word' id='word_1_586' title='bbox 185 4453 299 4523; x_wconf 82' lang='grc' dir='ltr'>ϐης</span> <span class='ocrx_word' id='word_1_587' title='bbox 319 4454 365 4485; x_wconf 80' lang='grc'>⁸⁸</span> <span class='ocrx_word' id='word_1_588' title='bbox 392 4453 793 4525; x_wconf 82' lang='grc' dir='ltr'>θεραπαινίδος,</span> <span class='ocrx_word' id='word_1_589' title='bbox 814 4457 1065 4529; x_wconf 81' lang='grc' dir='ltr'>Θρᾴττης</span> <span class='ocrx_word' id='word_1_590' title='bbox 1094 4459 1155 4513; x_wconf 84' lang='grc' dir='ltr'>τὺ</span> <span class='ocrx_word' id='word_1_591' title='bbox 1181 4460 1338 4528; x_wconf 87' lang='grc' dir='ltr'>γένος</span> <span class='ocrx_word' id='word_1_592' title='bbox 1357 4477 1371 4492; x_wconf 79' lang='grc' dir='ltr'><strong>ο</strong></span> <span class='ocrx_word' id='word_1_593' title='bbox 1403 4459 1611 4530; x_wconf 83' lang='grc' dir='ltr'>ταύτην</span> <span class='ocrx_word' id='word_1_594' title='bbox 1633 4461 1789 4530; x_wconf 75' lang='grc' dir='ltr'>φασὶ,</span> 
     </span>
    </p>
   </div>
   <div class='ocr_carea' id='block_1_79' title="bbox 1903 3349 3493 3425">
    <p class='ocr_par' dir='ltr' id='par_1_79' title="bbox 1903 3349 3493 3425">
     <span class='ocr_line' id='line_1_79' title="bbox 1903 3349 3493 3425; baseline 0.006 -23"><span class='ocrx_word' id='word_1_595' title='bbox 1903 3349 2113 3415; x_wconf 84' lang='lat' dir='ltr'><strong>accepit</strong></span> <span class='ocrx_word' id='word_1_596' title='bbox 2147 3367 2161 3403; x_wconf 87' lang='lat'><strong>:</strong></span> <span class='ocrx_word' id='word_1_597' title='bbox 2195 3350 2398 3404; x_wconf 86' lang='lat' dir='ltr'><strong>luctum</strong></span> <span class='ocrx_word' id='word_1_598' title='bbox 2445 3353 2589 3405; x_wconf 90' lang='lat' dir='ltr'><strong>enim</strong></span> <span class='ocrx_word' id='word_1_599' title='bbox 2640 3350 2829 3420; x_wconf 79' lang='grc' dir='ltr'>ἔλεγον</span> <span class='ocrx_word' id='word_1_600' title='bbox 2880 3364 3095 3410; x_wconf 84' lang='lat' dir='ltr'><strong>veteres</strong></span> <span class='ocrx_word' id='word_1_601' title='bbox 3125 3356 3493 3425; x_wconf 86' lang='lat' dir='ltr'><strong>appellarunt,</strong></span> 
     </span>
    </p>
   </div>
   <div class='ocr_carea' id='block_1_80' title="bbox 1902 3439 3498 3509">
    <p class='ocr_par' dir='ltr' id='par_1_80' title="bbox 1902 3439 3498 3509">
     <span class='ocr_line' id='line_1_80' title="bbox 1902 3439 3498 3509; baseline 0.007 -18"><span class='ocrx_word' id='word_1_602' title='bbox 1902 3452 2105 3503; x_wconf 87' lang='lat' dir='ltr'><strong>eosque</strong></span> <span class='ocrx_word' id='word_1_603' title='bbox 2131 3439 2221 3507; x_wconf 91' lang='lat' dir='ltr'>qui</span> <span class='ocrx_word' id='word_1_604' title='bbox 2262 3440 2373 3494; x_wconf 86' lang='lat' dir='ltr'><strong>vita</strong></span> <span class='ocrx_word' id='word_1_605' title='bbox 2416 3439 2587 3494; x_wconf 82' lang='lat' dir='ltr'><strong>functi</strong></span> <span class='ocrx_word' id='word_1_606' title='bbox 2622 3450 2826 3509; x_wconf 87' lang='lat' dir='ltr'><strong>essent,</strong></span> <span class='ocrx_word' id='word_1_607' title='bbox 2864 3444 2947 3497; x_wconf 89' lang='lat' dir='ltr'>his</span> <span class='ocrx_word' id='word_1_608' title='bbox 2982 3444 3350 3501; x_wconf 86' lang='lat' dir='ltr'><strong>celebrarunt.</strong></span> <span class='ocrx_word' id='word_1_609' title='bbox 3392 3446 3498 3502; x_wconf 85' lang='lat' dir='ltr'>Po-</span> 
     </span>
    </p>
   </div>
   <div class='ocr_carea' id='block_1_81' title="bbox 1901 3530 3497 3598">
    <p class='ocr_par' dir='ltr' id='par_1_81' title="bbox 1901 3530 3497 3598">
     <span class='ocr_line' id='line_1_81' title="bbox 1901 3530 3497 3598; baseline 0.004 -14"><span class='ocrx_word' id='word_1_610' title='bbox 1901 3530 2166 3585; x_wconf 85' lang='lat' dir='ltr'><strong>steriores</strong></span> <span class='ocrx_word' id='word_1_611' title='bbox 2196 3545 2326 3587; x_wconf 93' lang='lat' dir='ltr'><strong>vero</strong></span> <span class='ocrx_word' id='word_1_612' title='bbox 2360 3530 2548 3598; x_wconf 78' lang='lat' dir='ltr'><strong>elegiis</strong></span> <span class='ocrx_word' id='word_1_613' title='bbox 2578 3533 2644 3586; x_wconf 91' lang='lat' dir='ltr'>ad</span> <span class='ocrx_word' id='word_1_614' title='bbox 2676 3549 2762 3587; x_wconf 91' lang='lat' dir='ltr'>res</span> <span class='ocrx_word' id='word_1_615' title='bbox 2795 3535 2976 3589; x_wconf 88' lang='lat' dir='ltr'><strong>varias</strong></span> <span class='ocrx_word' id='word_1_616' title='bbox 3001 3536 3157 3591; x_wconf 88' lang='lat' dir='ltr'><strong>abusi</strong></span> <span class='ocrx_word' id='word_1_617' title='bbox 3204 3547 3355 3593; x_wconf 90' lang='lat' dir='ltr'><strong>sunt.</strong></span> <span class='ocrx_word' id='word_1_618' title='bbox 3383 3537 3497 3593; x_wconf 86' lang='lat' dir='ltr'><strong>Hoc</strong></span> 
     </span>
    </p>
   </div>
   <div class='ocr_carea' id='block_1_82' title="bbox 1903 3620 3497 3695">
    <p class='ocr_par' dir='ltr' id='par_1_82' title="bbox 1903 3620 3497 3695">
     <span class='ocr_line' id='line_1_82' title="bbox 1903 3620 3497 3695; baseline 0.007 -24"><span class='ocrx_word' id='word_1_619' title='bbox 1903 3629 2076 3673; x_wconf 88' lang='lat' dir='ltr'><strong>metro</strong></span> <span class='ocrx_word' id='word_1_620' title='bbox 2124 3620 2446 3675; x_wconf 83' lang='lat' dir='ltr'><strong>excelluisse</strong></span> <span class='ocrx_word' id='word_1_621' title='bbox 2492 3622 2659 3677; x_wconf 81' lang='lat' dir='ltr'><strong>refert</strong></span> <span class='ocrx_word' id='word_1_622' title='bbox 2719 3621 2992 3679; x_wconf 81' lang='lat' dir='ltr'><strong>Gallinum</strong></span> <span class='ocrx_word' id='word_1_623' title='bbox 3052 3626 3387 3695; x_wconf 87' lang='lat' dir='ltr'><strong>Ephesium,</strong></span> <span class='ocrx_word' id='word_1_624' title='bbox 3440 3638 3497 3684; x_wconf 92' lang='lat' dir='ltr'>et</span> 
     </span>
    </p>
   </div>
   <div class='ocr_carea' id='block_1_83' title="bbox 1900 3710 3495 3783">
    <p class='ocr_par' dir='ltr' id='par_1_83' title="bbox 1900 3710 3495 3783">
     <span class='ocr_line' id='line_1_83' title="bbox 1900 3710 3495 3783; baseline 0.008 -18"><span class='ocrx_word' id='word_1_625' title='bbox 1900 3710 2280 3766; x_wconf 81' lang='lat' dir='ltr'><strong>Mimnermum</strong></span> <span class='ocrx_word' id='word_1_626' title='bbox 2315 3712 2745 3783; x_wconf 89' lang='lat' dir='ltr'><strong>Colophonium,</strong></span> <span class='ocrx_word' id='word_1_627' title='bbox 2793 3717 2886 3771; x_wconf 88' lang='lat' dir='ltr'>sed</span> <span class='ocrx_word' id='word_1_628' title='bbox 2915 3726 2971 3771; x_wconf 86' lang='lat' dir='ltr'>et</span> <span class='ocrx_word' id='word_1_629' title='bbox 3005 3717 3273 3775; x_wconf 87' lang='lat' dir='ltr'><strong>Pbiletam</strong></span> <span class='ocrx_word' id='word_1_630' title='bbox 3318 3722 3495 3778; x_wconf 72' lang='lat' dir='ltr'><strong>Coum</strong></span> 
     </span>
    </p>
   </div>
   <div class='ocr_carea' id='block_1_84' title="bbox 1899 3803 3497 3883">
    <p class='ocr_par' dir='ltr' id='par_1_84' title="bbox 1899 3803 3497 3883">
     <span class='ocr_line' id='line_1_84' title="bbox 1899 3803 3497 3883; baseline 0.01 -26"><span class='ocrx_word' id='word_1_631' title='bbox 1899 3803 2127 3873; x_wconf 86' lang='lat' dir='ltr'><strong>Telephi</strong></span> <span class='ocrx_word' id='word_1_632' title='bbox 2164 3804 2332 3859; x_wconf 85' lang='lat' dir='ltr'><strong>lilium</strong></span> <span class='ocrx_word' id='word_1_633' title='bbox 2376 3816 2431 3861; x_wconf 92' lang='lat' dir='ltr'>et</span> <span class='ocrx_word' id='word_1_634' title='bbox 2478 3805 2878 3864; x_wconf 85' lang='lat' dir='ltr'><strong>Callimachum</strong></span> <span class='ocrx_word' id='word_1_635' title='bbox 2919 3808 3062 3866; x_wconf 88' lang='lat' dir='ltr'><strong>Batti</strong></span> <span class='ocrx_word' id='word_1_636' title='bbox 3111 3811 3279 3867; x_wconf 82' lang='lat' dir='ltr'><strong>tilium</strong></span> <span class='ocrx_word' id='word_1_637' title='bbox 3323 3814 3497 3883; x_wconf 74' lang='lat' dir='ltr'><strong>Cyrt-</strong></span> 
     </span>
    </p>
   </div>
   <div class='ocr_carea' id='block_1_85' title="bbox 1899 3913 2094 3953">
    <p class='ocr_par' dir='ltr' id='par_1_85' title="bbox 1899 3913 2094 3953">
     <span class='ocr_line' id='line_1_85' title="bbox 1899 3913 2094 3953; baseline 0.005 -1"><span class='ocrx_word' id='word_1_638' title='bbox 1899 3913 2071 3953; x_wconf 56' lang='grc' dir='ltr'><strong>ηὲΙΙΙΙΙ</strong></span> <span class='ocrx_word' id='word_1_639' title='bbox 2082 3941 2094 3953; x_wconf 91' lang='grc'>.</span> 
     </span>
    </p>
   </div>
   <div class='ocr_carea' id='block_1_86' title="bbox 1970 4170 3490 4245">
    <p class='ocr_par' dir='ltr' id='par_1_86' title="bbox 1970 4170 3490 4245">
     <span class='ocr_line' id='line_1_86' title="bbox 1970 4170 3490 4245; baseline 0.005 -20"><span class='ocrx_word' id='word_1_640' title='bbox 1970 4170 2213 4226; x_wconf 73' lang='lat' dir='ltr'><strong>lumbum</strong></span> <span class='ocrx_word' id='word_1_641' title='bbox 2267 4172 2521 4228; x_wconf 84' lang='lat' dir='ltr'><strong>similiter</strong></span> <span class='ocrx_word' id='word_1_642' title='bbox 2572 4174 2639 4227; x_wconf 84' lang='lat' dir='ltr'>ad</span> <span class='ocrx_word' id='word_1_643' title='bbox 2696 4175 3114 4231; x_wconf 85' lang='lat' dir='ltr'><strong>convicianduut</strong></span> <span class='ocrx_word' id='word_1_644' title='bbox 3171 4179 3323 4244; x_wconf 88' lang='lat' dir='ltr'><strong>olim,</strong></span> <span class='ocrx_word' id='word_1_645' title='bbox 3390 4181 3490 4245; x_wconf 89' lang='lat' dir='ltr'><strong>ait,</strong></span> 
     </span>
    </p>
   </div>
   <div class='ocr_carea' id='block_1_87' title="bbox 1896 4267 3491 4340">
    <p class='ocr_par' dir='ltr' id='par_1_87' title="bbox 1896 4267 3491 4340">
     <span class='ocr_line' id='line_1_87' title="bbox 1896 4267 3491 4340; baseline 0.004 -21"><span class='ocrx_word' id='word_1_646' title='bbox 1896 4275 2273 4335; x_wconf 85' lang='lat' dir='ltr'><strong>comparatum</strong></span> <span class='ocrx_word' id='word_1_647' title='bbox 2303 4276 2352 4319; x_wconf 73' lang='grc' dir='ltr'>ι’.</span> <span class='ocrx_word' id='word_1_648' title='bbox 2399 4267 2701 4337; x_wconf 62' lang='grc' dir='ltr'>Ἰαμϐίῇειν</span> <span class='ocrx_word' id='word_1_649' title='bbox 2719 4270 2864 4323; x_wconf 90' lang='lat' dir='ltr'><strong>enim</strong></span> <span class='ocrx_word' id='word_1_650' title='bbox 2894 4270 3340 4339; x_wconf 67' lang='lat' dir='ltr'><strong>linguaiqnadam</strong></span> <span class='ocrx_word' id='word_1_651' title='bbox 3366 4288 3491 4340; x_wconf 85' lang='lat' dir='ltr'><strong>pro-</strong></span> 
     </span>
    </p>
   </div>
   <div class='ocr_carea' id='block_1_88' title="bbox 1896 4360 3489 4435">
    <p class='ocr_par' dir='ltr' id='par_1_88' title="bbox 1896 4360 3489 4435">
     <span class='ocr_line' id='line_1_88' title="bbox 1896 4360 3489 4435; baseline 0.006 -23"><span class='ocrx_word' id='word_1_652' title='bbox 1896 4360 2146 4427; x_wconf 81' lang='lat' dir='ltr'><strong>prietate,</strong></span> <span class='ocrx_word' id='word_1_653' title='bbox 2188 4361 2567 4415; x_wconf 78' lang='lat' dir='ltr'><strong>contumeliam</strong></span> <span class='ocrx_word' id='word_1_654' title='bbox 2618 4363 2791 4416; x_wconf 81' lang='lat' dir='ltr'><strong>dicere</strong></span> <span class='ocrx_word' id='word_1_655' title='bbox 2813 4402 2828 4425; x_wconf 94' lang='lat'>,</span> <span class='ocrx_word' id='word_1_656' title='bbox 2859 4363 3203 4435; x_wconf 77' lang='lat' dir='ltr'><strong>signiﬁcabat</strong></span> <span class='ocrx_word' id='word_1_657' title='bbox 3236 4384 3248 4419; x_wconf 92' lang='lat'><strong>:</strong></span> <span class='ocrx_word' id='word_1_658' title='bbox 3294 4367 3385 4421; x_wconf 90' lang='lat' dir='ltr'><strong>alii</strong></span> <span class='ocrx_word' id='word_1_659' title='bbox 3419 4382 3489 4422; x_wconf 79' lang='lat' dir='ltr'><strong>ex</strong></span> 
     </span>
    </p>
   </div>
   <div class='ocr_carea' id='block_1_89' title="bbox 1895 4450 3489 4521">
    <p class='ocr_par' dir='ltr' id='par_1_89' title="bbox 1895 4450 3489 4521">
     <span class='ocr_line' id='line_1_89' title="bbox 1895 4450 3489 4521; baseline 0.003 -15"><span class='ocrx_word' id='word_1_660' title='bbox 1895 4450 2080 4507; x_wconf 77' lang='lat' dir='ltr'><strong>lambe</strong></span> <span class='ocrx_word' id='word_1_661' title='bbox 2135 4452 2367 4515; x_wconf 83' lang='lat' dir='ltr'><strong>ancilla,</strong></span> <span class='ocrx_word' id='word_1_662' title='bbox 2429 4466 2632 4521; x_wconf 79' lang='lat' dir='ltr'><strong>genere</strong></span> <span class='ocrx_word' id='word_1_663' title='bbox 2681 4451 2951 4516; x_wconf 83' lang='lat' dir='ltr'><strong>Thressa,</strong></span> <span class='ocrx_word' id='word_1_664' title='bbox 3003 4453 3277 4507; x_wconf 84' lang='lat' dir='ltr'><strong>derivant.</strong></span> <span class='ocrx_word' id='word_1_665' title='bbox 3336 4454 3489 4511; x_wconf 84' lang='lat' dir='ltr'><strong>Hanc</strong></span> 
     </span>
    </p>
   </div>
   <div class='ocr_carea' id='block_1_90' title="bbox 184 4544 1796 4631">
    <p class='ocr_par' dir='ltr' id='par_1_90' title="bbox 184 4546 1790 4623">
     <span class='ocr_line' id='line_1_90' title="bbox 184 4546 1790 4623; baseline 0.004 -23"><span class='ocrx_word' id='word_1_666' title='bbox 184 4546 295 4617; x_wconf 79' lang='grc' dir='ltr'>τῆς</span> <span class='ocrx_word' id='word_1_667' title='bbox 320 4546 610 4618; x_wconf 88' lang='grc' dir='ltr'>Δήμητρος</span> <span class='ocrx_word' id='word_1_668' title='bbox 628 4548 938 4620; x_wconf 86' lang='grc' dir='ltr'>άνιωμένης</span> <span class='ocrx_word' id='word_1_669' title='bbox 969 4551 1063 4603; x_wconf 76' lang='grc' dir='ltr'>ἐπὶ</span> <span class='ocrx_word' id='word_1_670' title='bbox 1094 4553 1160 4623; x_wconf 74' lang='grc' dir='ltr'>τῇ</span> <span class='ocrx_word' id='word_1_671' title='bbox 1187 4552 1287 4623; x_wconf 83' lang='grc' dir='ltr'>τῆς</span> <span class='ocrx_word' id='word_1_672' title='bbox 1314 4551 1585 4622; x_wconf 81' lang='grc' dir='ltr'>θυγατρὸς</span> <span class='ocrx_word' id='word_1_673' title='bbox 1614 4554 1790 4623; x_wconf 84' lang='grc' dir='ltr'>ἁρπα-</span> 
     </span>
    </p>
   </div>
   <div class='ocr_carea' id='block_1_91' title="bbox 1904 4544 3488 4631">
    <p class='ocr_par' dir='ltr' id='par_1_91' title="bbox 1904 4544 3488 4611">
     <span class='ocr_line' id='line_1_91' title="bbox 1904 4544 3488 4611; baseline 0.003 -11"><span class='ocrx_word' id='word_1_674' title='bbox 1904 4546 2101 4611; x_wconf 82' lang='lat' dir='ltr'><strong>i&#39;erunt,</strong></span> <span class='ocrx_word' id='word_1_675' title='bbox 2150 4544 2350 4600; x_wconf 88' lang='lat' dir='ltr'><strong>Cerere</strong></span> <span class='ocrx_word' id='word_1_676' title='bbox 2390 4547 2459 4598; x_wconf 92' lang='lat' dir='ltr'>oh</span> <span class='ocrx_word' id='word_1_677' title='bbox 2504 4554 2711 4611; x_wconf 85' lang='lat' dir='ltr'><strong>raptam</strong></span> <span class='ocrx_word' id='word_1_678' title='bbox 2770 4544 2933 4597; x_wconf 83' lang='lat' dir='ltr'><strong>tiliam</strong></span> <span class='ocrx_word' id='word_1_679' title='bbox 2986 4545 3208 4599; x_wconf 89' lang='lat' dir='ltr'><strong>tristitia</strong></span> <span class='ocrx_word' id='word_1_680' title='bbox 3268 4545 3488 4606; x_wconf 73' lang='lat' dir='ltr'><strong>affecta.</strong></span> 
     </span>
    </p>
   </div>
   <div class='ocr_carea' id='block_1_92' title="bbox 185 4638 1793 4715">
    <p class='ocr_par' dir='ltr' id='par_1_92' title="bbox 185 4638 1793 4715">
     <span class='ocr_line' id='line_1_92' title="bbox 185 4638 1793 4715; baseline 0.005 -25"><span class='ocrx_word' id='word_1_681' title='bbox 185 4641 289 4709; x_wconf 73' lang='grc' dir='ltr'>γῇ,</span> <span class='ocrx_word' id='word_1_682' title='bbox 322 4638 642 4709; x_wconf 81' lang='grc' dir='ltr'>προσελθεῖν</span> <span class='ocrx_word' id='word_1_683' title='bbox 673 4641 802 4711; x_wconf 74' lang='grc' dir='ltr'>περὶ</span> <span class='ocrx_word' id='word_1_684' title='bbox 822 4640 865 4671; x_wconf 68' lang='grc'><strong>⁸⁷</strong></span> <span class='ocrx_word' id='word_1_685' title='bbox 900 4641 989 4694; x_wconf 85' lang='grc' dir='ltr'>τὸν</span> <span class='ocrx_word' id='word_1_686' title='bbox 1004 4641 1283 4697; x_wconf 85' lang='grc' dir='ltr'>Ἐλευσῖνα</span> <span class='ocrx_word' id='word_1_687' title='bbox 1316 4645 1408 4697; x_wconf 78' lang='grc' dir='ltr'>ἐπὶ</span> <span class='ocrx_word' id='word_1_688' title='bbox 1436 4647 1501 4715; x_wconf 83' lang='grc' dir='ltr'>τῇ</span> <span class='ocrx_word' id='word_1_689' title='bbox 1527 4644 1793 4714; x_wconf 76' lang='grc' dir='ltr'>νῦνἋγε-</span> 
     </span>
    </p>
   </div>
   <div class='ocr_carea' id='block_1_93' title="bbox 187 4727 1794 4803">
    <p class='ocr_par' dir='ltr' id='par_1_93' title="bbox 187 4727 1794 4803">
     <span class='ocr_line' id='line_1_93' title="bbox 187 4727 1794 4803; baseline 0.004 -22"><span class='ocrx_word' id='word_1_690' title='bbox 187 4728 376 4798; x_wconf 84' lang='grc' dir='ltr'>λάστῳ</span> <span class='ocrx_word' id='word_1_691' title='bbox 410 4727 723 4803; x_wconf 80' lang='grc' dir='ltr'>καλουμένῃ</span> <span class='ocrx_word' id='word_1_692' title='bbox 754 4731 934 4801; x_wconf 64' lang='grc' dir='ltr'>πέτρᾳ</span> <span class='ocrx_word' id='word_1_693' title='bbox 970 4730 1290 4803; x_wconf 85' lang='grc' dir='ltr'>καθημένην</span> <span class='ocrx_word' id='word_1_694' title='bbox 1312 4733 1359 4766; x_wconf 81' lang='grc'>⁸³</span> <span class='ocrx_word' id='word_1_695' title='bbox 1392 4734 1487 4787; x_wconf 77' lang='grc' dir='ltr'>καὶ</span> <span class='ocrx_word' id='word_1_696' title='bbox 1515 4733 1605 4787; x_wconf 90' lang='grc' dir='ltr'>διά</span> <span class='ocrx_word' id='word_1_697' title='bbox 1630 4751 1794 4788; x_wconf 90' lang='grc' dir='ltr'>τινων</span> 
     </span>
    </p>
   </div>
   <div class='ocr_carea' id='block_1_94' title="bbox 187 4823 1791 4899">
    <p class='ocr_par' dir='ltr' id='par_1_94' title="bbox 187 4823 1791 4899">
     <span class='ocr_line' id='line_1_94' title="bbox 187 4823 1791 4899; baseline 0.004 -24"><span class='ocrx_word' id='word_1_698' title='bbox 187 4823 593 4895; x_wconf 85' lang='grc' dir='ltr'>χλευασμάτων</span> <span class='ocrx_word' id='word_1_699' title='bbox 639 4824 720 4887; x_wconf 79' lang='grc' dir='ltr'>είς</span> <span class='ocrx_word' id='word_1_700' title='bbox 769 4824 984 4892; x_wconf 87' lang='grc' dir='ltr'>γέλωτα</span> <span class='ocrx_word' id='word_1_701' title='bbox 1036 4827 1450 4897; x_wconf 89' lang='grc' dir='ltr'>προαγαγέσθαι</span> <span class='ocrx_word' id='word_1_702' title='bbox 1504 4828 1605 4899; x_wconf 79' lang='grc' dir='ltr'>τὴν</span> <span class='ocrx_word' id='word_1_703' title='bbox 1637 4827 1791 4882; x_wconf 89' lang='grc' dir='ltr'>Θεόν.</span> 
     </span>
    </p>
   </div>
   <div class='ocr_carea' id='block_1_95' title="bbox 303 4935 1224 5007">
    <p class='ocr_par' dir='ltr' id='par_1_95' title="bbox 303 4935 1224 5007">
     <span class='ocr_line' id='line_1_95' title="bbox 303 4935 1224 5007; baseline 0.01 -19"><span class='ocrx_word' id='word_1_704' title='bbox 303 4948 332 4988; x_wconf 82' lang='lat' dir='ltr'><strong>p</strong></span> <span class='ocrx_word' id='word_1_705' title='bbox 370 4935 740 5007; x_wconf 82' lang='lat' dir='ltr'><strong>Apollodorus</strong></span> <span class='ocrx_word' id='word_1_706' title='bbox 769 4938 865 4994; x_wconf 91' lang='lat' dir='ltr'><strong>lib.</strong></span> <span class='ocrx_word' id='word_1_707' title='bbox 894 4955 933 4994; x_wconf 87' lang='grc' dir='ltr'>ιι</span> <span class='ocrx_word' id='word_1_708' title='bbox 963 4938 1224 4998; x_wconf 90' lang='lat' dir='ltr'><strong>Bibliotb.</strong></span> 
     </span>
    </p>
   </div>
   <div class='ocr_carea' id='block_1_96' title="bbox 1893 4635 3487 4706">
    <p class='ocr_par' dir='ltr' id='par_1_96' title="bbox 1893 4635 3487 4706">
     <span class='ocr_line' id='line_1_96' title="bbox 1893 4635 3487 4706; baseline -0.001 -13"><span class='ocrx_word' id='word_1_709' title='bbox 1893 4638 2204 4693; x_wconf 87' lang='lat' dir='ltr'><strong>Eleusinem</strong></span> <span class='ocrx_word' id='word_1_710' title='bbox 2256 4636 2493 4701; x_wconf 84' lang='lat' dir='ltr'><strong>venisse,</strong></span> <span class='ocrx_word' id='word_1_711' title='bbox 2522 4646 2577 4689; x_wconf 88' lang='lat' dir='ltr'>et</span> <span class='ocrx_word' id='word_1_712' title='bbox 2608 4635 2793 4704; x_wconf 88' lang='lat' dir='ltr'><strong>lapidi,</strong></span> <span class='ocrx_word' id='word_1_713' title='bbox 2837 4636 2930 4704; x_wconf 85' lang='lat' dir='ltr'>qui</span> <span class='ocrx_word' id='word_1_714' title='bbox 2980 4636 3250 4705; x_wconf 88' lang='lat' dir='ltr'><strong>hodieque</strong></span> <span class='ocrx_word' id='word_1_715' title='bbox 3283 4638 3487 4706; x_wconf 83' lang='grc' dir='ltr'>ἀγέλα-</span> 
     </span>
    </p>
   </div>
   <div class='ocr_carea' id='block_1_97' title="bbox 1898 4728 3491 4797">
    <p class='ocr_par' dir='ltr' id='par_1_97' title="bbox 1898 4728 3491 4797">
     <span class='ocr_line' id='line_1_97' title="bbox 1898 4728 3491 4797; baseline 0.002 -15"><span class='ocrx_word' id='word_1_716' title='bbox 1898 4745 2044 4792; x_wconf 86' lang='grc' dir='ltr'>στος,</span> <span class='ocrx_word' id='word_1_717' title='bbox 2084 4728 2239 4797; x_wconf 81' lang='lat' dir='ltr'><strong>quasi</strong></span> <span class='ocrx_word' id='word_1_718' title='bbox 2276 4728 2420 4780; x_wconf 88' lang='lat' dir='ltr'><strong>risus</strong></span> <span class='ocrx_word' id='word_1_719' title='bbox 2450 4741 2680 4794; x_wconf 78' lang='lat' dir='ltr'><strong>expers,</strong></span> <span class='ocrx_word' id='word_1_720' title='bbox 2730 4736 2786 4781; x_wconf 90' lang='lat' dir='ltr'>et</span> <span class='ocrx_word' id='word_1_721' title='bbox 2828 4728 3034 4792; x_wconf 89' lang='lat' dir='ltr'><strong>tristis,</strong></span> <span class='ocrx_word' id='word_1_722' title='bbox 3071 4740 3319 4795; x_wconf 82' lang='lat' dir='ltr'><strong>vocatur,</strong></span> <span class='ocrx_word' id='word_1_723' title='bbox 3360 4731 3491 4786; x_wconf 85' lang='lat' dir='ltr'><strong>insi-</strong></span> 
     </span>
    </p>
   </div>
   <div class='ocr_carea' id='block_1_98' title="bbox 1896 4818 3492 4887">
    <p class='ocr_par' dir='ltr' id='par_1_98' title="bbox 1896 4818 3492 4887">
     <span class='ocr_line' id='line_1_98' title="bbox 1896 4818 3492 4887; baseline 0.003 -12"><span class='ocrx_word' id='word_1_724' title='bbox 1896 4823 2136 4884; x_wconf 83' lang='lat' dir='ltr'><strong>dentem,</strong></span> <span class='ocrx_word' id='word_1_725' title='bbox 2185 4818 2412 4873; x_wconf 88' lang='lat' dir='ltr'><strong>ludicris</strong></span> <span class='ocrx_word' id='word_1_726' title='bbox 2461 4819 2794 4887; x_wconf 87' lang='lat' dir='ltr'><strong>quibusdam</strong></span> <span class='ocrx_word' id='word_1_727' title='bbox 2846 4820 3094 4876; x_wconf 86' lang='lat' dir='ltr'><strong>dicteriis</strong></span> <span class='ocrx_word' id='word_1_728' title='bbox 3152 4823 3324 4879; x_wconf 74' lang='lat' dir='ltr'><strong>risum</strong></span> <span class='ocrx_word' id='word_1_729' title='bbox 3374 4824 3492 4880; x_wconf 69' lang='lat' dir='ltr'><strong>deae</strong></span> 
     </span>
    </p>
   </div>
   <div class='ocr_carea' id='block_1_99' title="bbox 1475 5001 2177 5063">
    <p class='ocr_par' dir='ltr' id='par_1_99' title="bbox 1475 5001 2177 5063">
     <span class='ocr_line' id='line_1_99' title="bbox 1475 5001 2177 5063; baseline -0.009 0"><span class='ocrx_word' id='word_1_730' title='bbox 1475 5006 1714 5063; x_wconf 65' lang='lat' dir='ltr'>VABIIE</span> <span class='ocrx_word' id='word_1_731' title='bbox 1770 5001 2177 5062; x_wconf 79' lang='lat' dir='ltr'>LECTIONES.</span> 
     </span>
    </p>
   </div>
   <div class='ocr_carea' id='block_1_100' title="bbox 240 5098 3491 5179">
    <p class='ocr_par' dir='ltr' id='par_1_100' title="bbox 240 5098 3491 5179">
     <span class='ocr_line' id='line_1_100' title="bbox 240 5098 3491 5179; baseline -0.002 -15"><span class='ocrx_word' id='word_1_732' title='bbox 240 5107 286 5140; x_wconf 79' lang='lat'><strong>&quot;</strong></span> <span class='ocrx_word' id='word_1_733' title='bbox 314 5108 408 5165; x_wconf 79' lang='grc' dir='ltr'>τὸν</span> <span class='ocrx_word' id='word_1_734' title='bbox 438 5118 565 5166; x_wconf 89' lang='lat' dir='ltr'><strong>ante</strong></span> <span class='ocrx_word' id='word_1_735' title='bbox 582 5108 813 5179; x_wconf 77' lang='grc' dir='ltr'>ποιητὴν</span> <span class='ocrx_word' id='word_1_736' title='bbox 832 5106 1055 5179; x_wconf 78' lang='lat' dir='ltr'><strong>add._A.</strong></span> <span class='ocrx_word' id='word_1_737' title='bbox 1076 5176 1088 5179; x_wconf 28' lang='grc' dir='ltr'><strong>Α</strong></span> <span class='ocrx_word' id='word_1_738' title='bbox 1134 5104 1181 5179; x_wconf 74' lang='lat'>“_</span> <span class='ocrx_word' id='word_1_739' title='bbox 1212 5104 1527 5179; x_wconf 84' lang='grc' dir='ltr'>ᾠκειώσατο</span> <span class='ocrx_word' id='word_1_740' title='bbox 1546 5120 1655 5179; x_wconf 86' lang='lat' dir='ltr'>om.</span> <span class='ocrx_word' id='word_1_741' title='bbox 1692 5105 1797 5179; x_wconf 68' lang='lat' dir='ltr'>Ah.</span> <span class='ocrx_word' id='word_1_742' title='bbox 1856 5102 1909 5179; x_wconf 49' lang='grc' dir='ltr'>⁸θὴ</span> <span class='ocrx_word' id='word_1_743' title='bbox 1936 5101 2217 5179; x_wconf 57' lang='grc' dir='ltr'>κράτιστοι</span> <span class='ocrx_word' id='word_1_744' title='bbox 2247 5098 2329 5152; x_wconf 86' lang='lat' dir='ltr'>Ah</span> <span class='ocrx_word' id='word_1_745' title='bbox 2352 5114 2365 5150; x_wconf 91' lang='lat'><strong>:</strong></span> <span class='ocrx_word' id='word_1_746' title='bbox 2392 5098 2685 5179; x_wconf 71' lang='grc' dir='ltr'>κράτιστος</span> <span class='ocrx_word' id='word_1_747' title='bbox 2710 5117 2771 5165; x_wconf 83' lang='grc' dir='ltr'>ς.</span> <span class='ocrx_word' id='word_1_748' title='bbox 2792 5101 3223 5179; x_wconf 26' lang='grc' dir='ltr'>η”ᾼΙῘείσανδρος</span> <span class='ocrx_word' id='word_1_749' title='bbox 3243 5118 3407 5179; x_wconf 84' lang='lat' dir='ltr'><strong>om.r</strong></span> <span class='ocrx_word' id='word_1_750' title='bbox 3432 5116 3491 5179; x_wconf 60' lang='lat' dir='ltr'>et</span> 
     </span>
    </p>
   </div>
   <div class='ocr_carea' id='block_1_101' title="bbox 182 5176 1673 5250">
    <p class='ocr_par' dir='ltr' id='par_1_101' title="bbox 182 5176 1673 5250">
     <span class='ocr_line' id='line_1_101' title="bbox 182 5176 1673 5250; baseline -0.005 -15"><span class='ocrx_word' id='word_1_751' title='bbox 182 5190 305 5250; x_wconf 75' lang='lat' dir='ltr'><strong>mg.</strong></span> <span class='ocrx_word' id='word_1_752' title='bbox 329 5181 384 5250; x_wconf 65' lang='lat' dir='ltr'><strong>It.</strong></span> <span class='ocrx_word' id='word_1_753' title='bbox 446 5181 492 5213; x_wconf 77' lang='lat'>“</span> <span class='ocrx_word' id='word_1_754' title='bbox 526 5182 623 5234; x_wconf 80' lang='grc' dir='ltr'>καὶ</span> <span class='ocrx_word' id='word_1_755' title='bbox 642 5176 800 5249; x_wconf 75' lang='grc' dir='ltr'>γένος</span> <span class='ocrx_word' id='word_1_756' title='bbox 831 5177 927 5232; x_wconf 69' lang='grc' dir='ltr'>καὶ</span> <span class='ocrx_word' id='word_1_757' title='bbox 957 5177 1001 5230; x_wconf 88' lang='grc' dir='ltr'>Λ</span> <span class='ocrx_word' id='word_1_758' title='bbox 1020 5192 1053 5250; x_wconf 51' lang='grc' dir='ltr'>Ξ</span> <span class='ocrx_word' id='word_1_759' title='bbox 1073 5176 1381 5250; x_wconf 45' lang='grc' dir='ltr'>ἐστὶ-γένος</span> <span class='ocrx_word' id='word_1_760' title='bbox 1401 5176 1582 5250; x_wconf 75' lang='grc' dir='ltr'>τεκαὶ</span> <span class='ocrx_word' id='word_1_761' title='bbox 1613 5193 1673 5240; x_wconf 88' lang='grc' dir='ltr'>ς.</span> 
     </span>
    </p>
   </div>
   <div class='ocr_carea' id='block_1_102' title="bbox 1749 5171 2959 5241">
    <p class='ocr_par' dir='ltr' id='par_1_102' title="bbox 1749 5171 2959 5241">
     <span class='ocr_line' id='line_1_102' title="bbox 1749 5171 2959 5241; baseline -0.001 -15"><span class='ocrx_word' id='word_1_762' title='bbox 1749 5174 1795 5206; x_wconf 80' lang='grc'><strong><em>⁸⁸</em></strong></span> <span class='ocrx_word' id='word_1_763' title='bbox 1827 5173 1921 5226; x_wconf 80' lang='grc' dir='ltr'>καὶ</span> <span class='ocrx_word' id='word_1_764' title='bbox 1952 5171 2218 5241; x_wconf 82' lang='grc' dir='ltr'>πατρίδας</span> <span class='ocrx_word' id='word_1_765' title='bbox 2245 5186 2355 5225; x_wconf 90' lang='lat' dir='ltr'>om.</span> <span class='ocrx_word' id='word_1_766' title='bbox 2388 5186 2414 5222; x_wconf 92' lang='lat' dir='ltr'>r</span> <span class='ocrx_word' id='word_1_767' title='bbox 2443 5180 2496 5223; x_wconf 92' lang='lat' dir='ltr'>et</span> <span class='ocrx_word' id='word_1_768' title='bbox 2523 5186 2631 5241; x_wconf 77' lang='lat' dir='ltr'><strong>mg.</strong></span> <span class='ocrx_word' id='word_1_769' title='bbox 2659 5171 2712 5224; x_wconf 79' lang='lat' dir='ltr'><strong>Ir.</strong></span> <span class='ocrx_word' id='word_1_770' title='bbox 2789 5171 2837 5202; x_wconf 90' lang='grc'><em>⁸³</em></span> <span class='ocrx_word' id='word_1_771' title='bbox 2866 5172 2959 5225; x_wconf 78' lang='grc' dir='ltr'>ἐπι</span> 
     </span>
    </p>
   </div>
   <div class='ocr_carea' id='block_1_103' title="bbox 2967 5174 3490 5245">
    <p class='ocr_par' dir='ltr' id='par_1_103' title="bbox 2967 5174 3490 5245">
     <span class='ocr_line' id='line_1_103' title="bbox 2967 5174 3490 5245; baseline 0.01 -20"><span class='ocrx_word' id='word_1_772' title='bbox 2967 5174 3202 5245; x_wconf 76' lang='grc' dir='ltr'>μέτρους</span> <span class='ocrx_word' id='word_1_773' title='bbox 3230 5192 3277 5229; x_wconf 89' lang='lat' dir='ltr'>r.</span> <span class='ocrx_word' id='word_1_774' title='bbox 3355 5178 3402 5209; x_wconf 77' lang='lat'><strong>“</strong></span> <span class='ocrx_word' id='word_1_775' title='bbox 3428 5177 3490 5241; x_wconf 80' lang='grc' dir='ltr'>ὃς</span> 
     </span>
    </p>
   </div>
   <div class='ocr_carea' id='block_1_104' title="bbox 181 5240 3490 5329">
    <p class='ocr_par' dir='ltr' id='par_1_104' title="bbox 181 5240 3490 5329">
     <span class='ocr_line' id='line_1_104' title="bbox 181 5240 3490 5329; baseline -0 1"><span class='ocrx_word' id='word_1_776' title='bbox 181 5240 284 5305; x_wconf 74' lang='grc' dir='ltr'>Αῖ</span> <span class='ocrx_word' id='word_1_777' title='bbox 311 5249 389 5313; x_wconf 76' lang='grc' dir='ltr'>ὡς</span> <span class='ocrx_word' id='word_1_778' title='bbox 425 5268 488 5315; x_wconf 76' lang='grc' dir='ltr'>ςο</span> <span class='ocrx_word' id='word_1_779' title='bbox 563 5252 609 5283; x_wconf 87' lang='lat'><strong>&quot;</strong></span> <span class='ocrx_word' id='word_1_780' title='bbox 642 5240 737 5304; x_wconf 58' lang='grc' dir='ltr'>έαι</span> <span class='ocrx_word' id='word_1_781' title='bbox 760 5240 861 5319; x_wconf 62' lang='grc' dir='ltr'>γῆς</span> <span class='ocrx_word' id='word_1_782' title='bbox 884 5247 1110 5329; x_wconf 76' lang='grc' dir='ltr'>⁰¹“;.Β’.</span> <span class='ocrx_word' id='word_1_783' title='bbox 1161 5240 1847 5329; x_wconf 31' lang='grc' dir='ltr'>’Ἶριειθπαῖδςιςλοιηηέιι</span> <span class='ocrx_word' id='word_1_784' title='bbox 1869 5243 2029 5329; x_wconf 51' lang='lat' dir='ltr'><strong>emisi</strong></span> <span class='ocrx_word' id='word_1_785' title='bbox 2064 5240 2571 5329; x_wconf 60' lang='grc' dir='ltr'>γινώῖδεουσξγοηζτ</span> <span class='ocrx_word' id='word_1_786' title='bbox 2603 5240 2992 5329; x_wconf 43' lang='lat' dir='ltr'><strong>aereae“</strong></span> <span class='ocrx_word' id='word_1_787' title='bbox 3028 5240 3261 5329; x_wconf 65' lang='grc' dir='ltr'>έέἔροξις.</span> <span class='ocrx_word' id='word_1_788' title='bbox 3301 5246 3490 5329; x_wconf 57' lang='lat' dir='ltr'>depri-</span> 
     </span>
    </p>
   </div>
   <div class='ocr_carea' id='block_1_105' title="bbox 182 5310 3484 5389">
    <p class='ocr_par' dir='ltr' id='par_1_105' title="bbox 182 5310 3484 5389">
     <span class='ocr_line' id='line_1_105' title="bbox 182 5310 3484 5389; baseline -0 -17"><span class='ocrx_word' id='word_1_789' title='bbox 182 5335 348 5373; x_wconf 81' lang='grc' dir='ltr'>τουσι</span> <span class='ocrx_word' id='word_1_790' title='bbox 367 5310 453 5384; x_wconf 52' lang='grc' dir='ltr'>ἐξ</span> <span class='ocrx_word' id='word_1_791' title='bbox 502 5322 549 5354; x_wconf 85' lang='grc'><strong><em>⁸³</em></strong></span> <span class='ocrx_word' id='word_1_792' title='bbox 565 5310 952 5389; x_wconf 79' lang='grc' dir='ltr'>διαπορεύεται</span> <span class='ocrx_word' id='word_1_793' title='bbox 973 5317 1031 5371; x_wconf 80' lang='grc' dir='ltr'>δὲ</span> <span class='ocrx_word' id='word_1_794' title='bbox 1052 5318 1120 5371; x_wconf 85' lang='grc' dir='ltr'>τά</span> <span class='ocrx_word' id='word_1_795' title='bbox 1134 5333 1195 5370; x_wconf 82' lang='grc' dir='ltr'>τε</span> <span class='ocrx_word' id='word_1_796' title='bbox 1217 5310 1391 5379; x_wconf 72' lang='grc' dir='ltr'>ἄλλως</span> <span class='ocrx_word' id='word_1_797' title='bbox 1416 5316 1548 5389; x_wconf 79' lang='grc' dir='ltr'>περὶ</span> <span class='ocrx_word' id='word_1_798' title='bbox 1568 5315 1709 5369; x_wconf 86' lang='grc' dir='ltr'>θεῶν</span> <span class='ocrx_word' id='word_1_799' title='bbox 1726 5314 1810 5389; x_wconf 24' lang='lat' dir='ltr'><strong>A‘h</strong></span> <span class='ocrx_word' id='word_1_800' title='bbox 1831 5312 2201 5389; x_wconf 55' lang='lat' dir='ltr'>:_6Ls§épx_erai</span> <span class='ocrx_word' id='word_1_801' title='bbox 2220 5311 2276 5363; x_wconf 77' lang='grc' dir='ltr'>δὲ</span> <span class='ocrx_word' id='word_1_802' title='bbox 2292 5312 2423 5389; x_wconf 65' lang='grc' dir='ltr'>περὶ</span> <span class='ocrx_word' id='word_1_803' title='bbox 2448 5310 2587 5389; x_wconf 79' lang='grc' dir='ltr'>θεῷν</span> <span class='ocrx_word' id='word_1_804' title='bbox 2612 5311 2766 5389; x_wconf 33' lang='grc' dir='ltr'>τάᾼτε</span> <span class='ocrx_word' id='word_1_805' title='bbox 2797 5310 3014 5389; x_wconf 34' lang='grc' dir='ltr'>ἀλλα-ς.</span> <span class='ocrx_word' id='word_1_806' title='bbox 3068 5310 3341 5389; x_wconf 47' lang='lat' dir='ltr'><strong>&quot;Ecdicio;</strong></span> <span class='ocrx_word' id='word_1_807' title='bbox 3361 5317 3445 5370; x_wconf 86' lang='lat' dir='ltr'>Ah</span> <span class='ocrx_word' id='word_1_808' title='bbox 3470 5334 3484 5371; x_wconf 88' lang='lat'><strong>:</strong></span> 
     </span>
    </p>
   </div>
   <div class='ocr_carea' id='block_1_106' title="bbox 184 5387 1634 5459">
    <p class='ocr_par' dir='ltr' id='par_1_106' title="bbox 184 5387 1634 5459">
     <span class='ocr_line' id='line_1_106' title="bbox 184 5387 1634 5459; baseline -0.001 -17"><span class='ocrx_word' id='word_1_809' title='bbox 184 5389 355 5457; x_wconf 84' lang='grc' dir='ltr'>λόγος</span> <span class='ocrx_word' id='word_1_810' title='bbox 383 5408 445 5455; x_wconf 85' lang='grc' dir='ltr'>ς.</span> <span class='ocrx_word' id='word_1_811' title='bbox 554 5392 599 5424; x_wconf 78' lang='grc'>⁸⁸</span> <span class='ocrx_word' id='word_1_812' title='bbox 626 5387 1123 5459; x_wconf 69' lang='grc' dir='ltr'>συμπληρούμενος</span> <span class='ocrx_word' id='word_1_813' title='bbox 1149 5396 1277 5442; x_wconf 79' lang='lat' dir='ltr'><strong>ante</strong></span> <span class='ocrx_word' id='word_1_814' title='bbox 1296 5389 1369 5459; x_wconf 51' lang='lat' dir='ltr'><strong>ex</strong></span> <span class='ocrx_word' id='word_1_815' title='bbox 1398 5388 1548 5459; x_wconf 84' lang='lat' dir='ltr'><strong>ponit</strong></span> <span class='ocrx_word' id='word_1_816' title='bbox 1573 5403 1634 5451; x_wconf 83' lang='grc' dir='ltr'>ς.</span> 
     </span>
    </p>
   </div>
   <div class='ocr_carea' id='block_1_107' title="bbox 201 5459 1213 5529">
    <p class='ocr_par' dir='ltr' id='par_1_107' title="bbox 201 5459 1213 5529">
     <span class='ocr_line' id='line_1_107' title="bbox 201 5459 1213 5529; baseline 0 -18"><span class='ocrx_word' id='word_1_817' title='bbox 201 5459 430 5529; x_wconf 79' lang='grc' dir='ltr'>Ἰθάκην</span> <span class='ocrx_word' id='word_1_818' title='bbox 456 5461 786 5523; x_wconf 88' lang='grc' dir='ltr'>ἀποϐάσεως</span> <span class='ocrx_word' id='word_1_819' title='bbox 814 5459 1118 5529; x_wconf 83' lang='grc' dir='ltr'>Ὀδυσσέως</span> <span class='ocrx_word' id='word_1_820' title='bbox 1151 5475 1213 5521; x_wconf 84' lang='grc' dir='ltr'>ς.</span> 
     </span>
    </p>
   </div>
   <div class='ocr_carea' id='block_1_108' title="bbox 187 5527 1629 5601">
    <p class='ocr_par' dir='ltr' id='par_1_108' title="bbox 187 5527 1629 5601">
     <span class='ocr_line' id='line_1_108' title="bbox 187 5527 1629 5601; baseline -0.004 -18"><span class='ocrx_word' id='word_1_821' title='bbox 187 5527 396 5601; x_wconf 81' lang='grc' dir='ltr'>πατὴρ</span> <span class='ocrx_word' id='word_1_822' title='bbox 427 5531 513 5600; x_wconf 75' lang='grc' dir='ltr'>εἴη</span> <span class='ocrx_word' id='word_1_823' title='bbox 541 5550 603 5597; x_wconf 82' lang='grc' dir='ltr'>ς.</span> <span class='ocrx_word' id='word_1_824' title='bbox 662 5600 683 5601; x_wconf 27' lang='lat'><em>7</em></span> <span class='ocrx_word' id='word_1_825' title='bbox 703 5530 759 5601; x_wconf 10' lang='lat' dir='ltr'>‘fﬁ</span> <span class='ocrx_word' id='word_1_826' title='bbox 777 5528 871 5581; x_wconf 83' lang='grc' dir='ltr'>τοῦ</span> <span class='ocrx_word' id='word_1_827' title='bbox 901 5531 981 5582; x_wconf 84' lang='lat' dir='ltr'><strong>A:</strong></span> <span class='ocrx_word' id='word_1_828' title='bbox 1010 5530 1075 5581; x_wconf 77' lang='grc' dir='ltr'>ὲκ</span> <span class='ocrx_word' id='word_1_829' title='bbox 1097 5529 1193 5601; x_wconf 70' lang='grc' dir='ltr'>τού</span> <span class='ocrx_word' id='word_1_830' title='bbox 1220 5544 1281 5591; x_wconf 85' lang='grc' dir='ltr'>ς.</span> <span class='ocrx_word' id='word_1_831' title='bbox 1390 5527 1629 5601; x_wconf 37' lang='grc' dir='ltr'>έῗ-λέγει.</span> 
     </span>
    </p>
   </div>
   <div class='ocr_carea' id='block_1_109' title="bbox 182 5595 2070 5716">
    <p class='ocr_par' dir='ltr' id='par_1_109' title="bbox 182 5595 2070 5716">
     <span class='ocr_line' id='line_1_109' title="bbox 182 5595 2070 5696; baseline -0.005 -41"><span class='ocrx_word' id='word_1_832' title='bbox 182 5599 303 5664; x_wconf 78' lang='lat' dir='ltr'>Ab,</span> <span class='ocrx_word' id='word_1_833' title='bbox 340 5595 621 5672; x_wconf 79' lang='grc' dir='ltr'>’Ἡγησίαν</span> <span class='ocrx_word' id='word_1_834' title='bbox 653 5599 972 5671; x_wconf 78' lang='lat' dir='ltr'><strong>Sylburgius</strong></span> <span class='ocrx_word' id='word_1_835' title='bbox 996 5614 1061 5653; x_wconf 79' lang='lat' dir='ltr'>ex</span> <span class='ocrx_word' id='word_1_836' title='bbox 1092 5599 1358 5653; x_wconf 66' lang='lat' dir='ltr'><strong>Athenaeo</strong></span> <span class='ocrx_word' id='word_1_837' title='bbox 1385 5599 1499 5683; x_wconf 57' lang='lat' dir='ltr'><strong>(d5,</strong></span> <span class='ocrx_word' id='word_1_838' title='bbox 1531 5613 1583 5666; x_wconf 88' lang='lat' dir='ltr'>p.</span> <span class='ocrx_word' id='word_1_839' title='bbox 1616 5595 1721 5649; x_wconf 72' lang='lat'>682</span> <span class='ocrx_word' id='word_1_840' title='bbox 1746 5595 1831 5696; x_wconf 54' lang='grc' dir='ltr'>Ε),</span> <span class='ocrx_word' id='word_1_841' title='bbox 1875 5595 2070 5680; x_wconf 63' lang='grc' dir='ltr'>’ξιγησι</span> 
     </span>
     <span class='ocr_line' id='line_1_110' title="bbox 186 5665 2070 5716; baseline 0 0"><span class='ocrx_word' id='word_1_842' title='bbox 186 5670 241 5702; x_wconf 78' lang='grc' dir='ltr'>ἠ</span> <span class='ocrx_word' id='word_1_843' title='bbox 268 5673 480 5716; x_wconf 65' lang='lat' dir='ltr'>mutata</span> <span class='ocrx_word' id='word_1_844' title='bbox 511 5674 547 5716; x_wconf 77' lang='grc' dir='ltr'><strong>Α</strong></span> <span class='ocrx_word' id='word_1_845' title='bbox 572 5682 628 5716; x_wconf 71' lang='lat' dir='ltr'>et</span> <span class='ocrx_word' id='word_1_846' title='bbox 656 5686 766 5716; x_wconf 72' lang='lat' dir='ltr'><strong>ma.</strong></span> <span class='ocrx_word' id='word_1_847' title='bbox 790 5670 845 5716; x_wconf 85' lang='grc' dir='ltr'>Ιι-</span> <span class='ocrx_word' id='word_1_848' title='bbox 944 5670 989 5701; x_wconf 71' lang='grc'>⁷⁷</span> <span class='ocrx_word' id='word_1_849' title='bbox 1020 5671 1050 5716; x_wconf 85' lang='grc' dir='ltr'>ὁ</span> <span class='ocrx_word' id='word_1_850' title='bbox 1095 5685 1451 5716; x_wconf 75' lang='grc' dir='ltr'>συγγοαωευε</span> <span class='ocrx_word' id='word_1_851' title='bbox 1482 5682 1591 5716; x_wconf 84' lang='lat' dir='ltr'>um.</span> <span class='ocrx_word' id='word_1_852' title='bbox 1620 5666 1689 5716; x_wconf 87' lang='lat' dir='ltr'>A.</span> <span class='ocrx_word' id='word_1_853' title='bbox 1813 5666 1832 5694; x_wconf 81' lang='lat'>&#39;</span> <span class='ocrx_word' id='word_1_854' title='bbox 1856 5681 1923 5716; x_wconf 81' lang='grc' dir='ltr'>τη</span> <span class='ocrx_word' id='word_1_855' title='bbox 1959 5665 2070 5716; x_wconf 81' lang='grc' dir='ltr'>αιτί</span> 
     </span>
    </p>
   </div>
   <div class='ocr_carea' id='block_1_110' title="bbox 1639 5676 3486 5805">
    <p class='ocr_par' dir='ltr' id='par_1_110' title="bbox 1639 5676 3486 5805">
     <span class='ocr_line' id='line_1_111' title="bbox 1639 5676 3481 5735; baseline 0 -16"><span class='ocrx_word' id='word_1_856' title='bbox 1639 5676 1689 5719; x_wconf 68' lang='grc' dir='ltr'>ὶ.</span> <span class='ocrx_word' id='word_1_857' title='bbox 1788 5676 1832 5696; x_wconf 80' lang='grc'>’⁸³</span> <span class='ocrx_word' id='word_1_858' title='bbox 1856 5676 1923 5735; x_wconf 83' lang='grc' dir='ltr'>τῇ</span> <span class='ocrx_word' id='word_1_859' title='bbox 1959 5676 2109 5735; x_wconf 77' lang='grc' dir='ltr'>αιτιᾳ</span> <span class='ocrx_word' id='word_1_860' title='bbox 2134 5676 2310 5733; x_wconf 84' lang='grc' dir='ltr'>ταυτῃ</span> <span class='ocrx_word' id='word_1_861' title='bbox 2340 5679 2402 5726; x_wconf 83' lang='grc' dir='ltr'>ς.</span> <span class='ocrx_word' id='word_1_862' title='bbox 2507 5676 2548 5694; x_wconf 90' lang='lat'>&quot;</span> <span class='ocrx_word' id='word_1_863' title='bbox 2575 5676 2760 5733; x_wconf 75' lang='grc' dir='ltr'>εολεγος</span> <span class='ocrx_word' id='word_1_864' title='bbox 2790 5678 2901 5735; x_wconf 80' lang='lat' dir='ltr'><strong>mg.</strong></span> <span class='ocrx_word' id='word_1_865' title='bbox 2934 5676 2989 5720; x_wconf 81' lang='lat' dir='ltr'><strong>It.</strong></span> <span class='ocrx_word' id='word_1_866' title='bbox 3067 5676 3111 5697; x_wconf 74' lang='grc'><strong>⁷⁵</strong></span> <span class='ocrx_word' id='word_1_867' title='bbox 3145 5682 3209 5733; x_wconf 87' lang='grc' dir='ltr'>γε</span> <span class='ocrx_word' id='word_1_868' title='bbox 3257 5676 3382 5721; x_wconf 85' lang='lat' dir='ltr'><strong>add.</strong></span> <span class='ocrx_word' id='word_1_869' title='bbox 3416 5676 3481 5719; x_wconf 84' lang='lat' dir='ltr'>A.</span> 
     </span>
     <span class='ocr_line' id='line_1_112' title="bbox 1639 5731 3486 5805; baseline 0 -18"><span class='ocrx_word' id='word_1_870' title='bbox 1639 5738 1683 5769; x_wconf 86' lang='grc'>⁷⁷</span> <span class='ocrx_word' id='word_1_871' title='bbox 1714 5735 1945 5805; x_wconf 84' lang='grc' dir='ltr'>φιλῆταν</span> <span class='ocrx_word' id='word_1_872' title='bbox 1970 5737 2038 5800; x_wconf 86' lang='grc' dir='ltr'>Λ,</span> <span class='ocrx_word' id='word_1_873' title='bbox 2091 5734 2323 5804; x_wconf 85' lang='grc' dir='ltr'>φιλήταν</span> <span class='ocrx_word' id='word_1_874' title='bbox 2348 5733 2412 5805; x_wconf 68' lang='grc' dir='ltr'>β,</span> <span class='ocrx_word' id='word_1_875' title='bbox 2436 5732 2635 5805; x_wconf 80' lang='grc' dir='ltr'>φίλητα</span> <span class='ocrx_word' id='word_1_876' title='bbox 2672 5752 2731 5797; x_wconf 80' lang='grc' dir='ltr'>ς.</span> <span class='ocrx_word' id='word_1_877' title='bbox 2825 5736 2871 5767; x_wconf 79' lang='grc'><strong>⁷³</strong></span> <span class='ocrx_word' id='word_1_878' title='bbox 2903 5735 3068 5805; x_wconf 75' lang='grc' dir='ltr'>βάτου</span> <span class='ocrx_word' id='word_1_879' title='bbox 3100 5738 3165 5791; x_wconf 83' lang='grc' dir='ltr'>Α.</span> <span class='ocrx_word' id='word_1_880' title='bbox 3241 5736 3285 5768; x_wconf 78' lang='grc'>⁷⁸</span> <span class='ocrx_word' id='word_1_881' title='bbox 3315 5738 3360 5791; x_wconf 81' lang='grc' dir='ltr'>δ’</span> <span class='ocrx_word' id='word_1_882' title='bbox 3390 5731 3486 5791; x_wconf 75' lang='grc' dir='ltr'>οὖ-</span> 
     </span>
    </p>
   </div>
   <div class='ocr_carea' id='block_1_111' title="bbox 1234 5809 1853 5881">
    <p class='ocr_par' dir='ltr' id='par_1_111' title="bbox 1234 5809 1853 5881">
     <span class='ocr_line' id='line_1_113' title="bbox 1234 5809 1853 5881; baseline -0.005 -19"><span class='ocrx_word' id='word_1_883' title='bbox 1234 5810 1277 5843; x_wconf 70' lang='lat'><strong>&quot;</strong></span> <span class='ocrx_word' id='word_1_884' title='bbox 1318 5812 1449 5881; x_wconf 79' lang='grc' dir='ltr'>περὶ</span> <span class='ocrx_word' id='word_1_885' title='bbox 1490 5809 1610 5864; x_wconf 88' lang='lat' dir='ltr'>Ah:</span> <span class='ocrx_word' id='word_1_886' title='bbox 1665 5809 1758 5862; x_wconf 78' lang='grc' dir='ltr'>ἐπὶ</span> <span class='ocrx_word' id='word_1_887' title='bbox 1792 5824 1853 5871; x_wconf 82' lang='grc' dir='ltr'>ς.</span> 
     </span>
    </p>
   </div>
   <div class='ocr_carea' id='block_1_112' title="bbox 186 5670 845 5742">
    <p class='ocr_par' dir='ltr' id='par_1_112' title="bbox 186 5670 845 5742">
     <span class='ocr_line' id='line_1_114' title="bbox 186 5670 845 5742; baseline 0.003 -20"><span class='ocrx_word' id='word_1_888' title='bbox 268 5670 490 5742; x_wconf 80' lang='grc' dir='ltr'>κυπρία</span> <span class='ocrx_word' id='word_1_889' title='bbox 508 5674 551 5725; x_wconf 85' lang='grc' dir='ltr'>Λ</span> <span class='ocrx_word' id='word_1_890' title='bbox 572 5682 628 5727; x_wconf 87' lang='lat' dir='ltr'>et</span> <span class='ocrx_word' id='word_1_891' title='bbox 656 5670 766 5742; x_wconf 62' lang='lat' dir='ltr'><strong>mg.</strong></span> <span class='ocrx_word' id='word_1_892' title='bbox 790 5670 845 5724; x_wconf 82' lang='lat' dir='ltr'><strong>It.</strong></span> 
     </span>
    </p>
   </div>
   <div class='ocr_carea' id='block_1_113' title="bbox 187 5740 1035 5813">
    <p class='ocr_par' dir='ltr' id='par_1_113' title="bbox 187 5740 1035 5813">
     <span class='ocr_line' id='line_1_115' title="bbox 187 5740 1035 5813; baseline 0.006 -22"><span class='ocrx_word' id='word_1_893' title='bbox 187 5740 241 5771; x_wconf 80' lang='grc'>’⁵</span> <span class='ocrx_word' id='word_1_894' title='bbox 263 5740 686 5813; x_wconf 30' lang='grc' dir='ltr'>τοῖςζὲλεγείοις]</span> <span class='ocrx_word' id='word_1_895' title='bbox 722 5740 1035 5813; x_wconf 43' lang='grc' dir='ltr'>ἐλεγεῖα-Λ.</span> 
     </span>
    </p>
   </div>
   <div class='ocr_carea' id='block_1_114' title="bbox 190 5806 1133 5884">
    <p class='ocr_par' dir='ltr' id='par_1_114' title="bbox 190 5806 1133 5884">
     <span class='ocr_line' id='line_1_116' title="bbox 190 5806 1133 5884; baseline 0 -20"><span class='ocrx_word' id='word_1_896' title='bbox 190 5809 315 5884; x_wconf 84' lang='grc' dir='ltr'>τος]</span> <span class='ocrx_word' id='word_1_897' title='bbox 342 5806 574 5877; x_wconf 63' lang='grc' dir='ltr'>οὗτοςδ</span> <span class='ocrx_word' id='word_1_898' title='bbox 606 5806 686 5867; x_wconf 55' lang='lat' dir='ltr'><strong>Af</strong></span> <span class='ocrx_word' id='word_1_899' title='bbox 748 5811 794 5843; x_wconf 83' lang='grc'>⁸⁰</span> <span class='ocrx_word' id='word_1_900' title='bbox 829 5810 1031 5881; x_wconf 84' lang='grc' dir='ltr'>ἰαμϐῆς</span> <span class='ocrx_word' id='word_1_901' title='bbox 1068 5810 1133 5864; x_wconf 86' lang='lat' dir='ltr'>A.</span> 
     </span>
    </p>
   </div>
   <div class='ocr_carea' id='block_1_115' title="bbox 944 5666 1689 5793">
    <p class='ocr_par' dir='ltr' id='par_1_115' title="bbox 944 5666 1689 5793">
     <span class='ocr_line' id='line_1_117' title="bbox 944 5666 1689 5739; baseline -0.003 -18"><span class='ocrx_word' id='word_1_902' title='bbox 944 5670 989 5701; x_wconf 76' lang='grc'>⁷⁷</span> <span class='ocrx_word' id='word_1_903' title='bbox 1020 5671 1050 5721; x_wconf 87' lang='grc' dir='ltr'>ὁ</span> <span class='ocrx_word' id='word_1_904' title='bbox 1095 5671 1451 5739; x_wconf 80' lang='grc' dir='ltr'>συγγραφεὺς</span> <span class='ocrx_word' id='word_1_905' title='bbox 1482 5682 1591 5720; x_wconf 88' lang='lat' dir='ltr'>om.</span> <span class='ocrx_word' id='word_1_906' title='bbox 1620 5666 1689 5719; x_wconf 89' lang='lat' dir='ltr'>A.</span> 
     </span>
     <span class='ocr_line' id='line_1_118' title="bbox 969 5736 1683 5793; baseline -0.003 0"><span class='ocrx_word' id='word_1_907' title='bbox 969 5740 1035 5793; x_wconf 84' lang='lat' dir='ltr'>A.</span> <span class='ocrx_word' id='word_1_908' title='bbox 1141 5740 1188 5771; x_wconf 75' lang='lat'>7&quot;</span> <span class='ocrx_word' id='word_1_909' title='bbox 1216 5739 1312 5792; x_wconf 82' lang='grc' dir='ltr'>τοῦ</span> <span class='ocrx_word' id='word_1_910' title='bbox 1344 5754 1454 5793; x_wconf 93' lang='lat' dir='ltr'>om.</span> <span class='ocrx_word' id='word_1_911' title='bbox 1481 5736 1539 5791; x_wconf 87' lang='grc' dir='ltr'>Β.</span> <span class='ocrx_word' id='word_1_912' title='bbox 1639 5738 1683 5769; x_wconf 88' lang='grc'>⁷⁷</span> 
     </span>
    </p>
   </div>
   <div class='ocr_carea' id='block_1_116' title="bbox 1289 5456 1831 5511">
    <p class='ocr_par' dir='ltr' id='par_1_116' title="bbox 1289 5456 1831 5511">
     <span class='ocr_line' id='line_1_119' title="bbox 1289 5456 1831 5511; baseline 0 -1"><span class='ocrx_word' id='word_1_913' title='bbox 1289 5458 1335 5488; x_wconf 74' lang='grc'>⁸³</span> <span class='ocrx_word' id='word_1_914' title='bbox 1362 5458 1458 5510; x_wconf 72' lang='grc' dir='ltr'>καὶ</span> <span class='ocrx_word' id='word_1_915' title='bbox 1490 5472 1600 5511; x_wconf 90' lang='grc' dir='ltr'>οιιι.</span> <span class='ocrx_word' id='word_1_916' title='bbox 1628 5458 1692 5509; x_wconf 83' lang='grc' dir='ltr'>Α.</span> <span class='ocrx_word' id='word_1_917' title='bbox 1786 5456 1831 5486; x_wconf 86' lang='grc'>⁸³</span> 
     </span>
    </p>
   </div>
   <div class='ocr_carea' id='block_1_117' title="bbox 1741 5381 3489 5456">
    <p class='ocr_par' dir='ltr' id='par_1_117' title="bbox 1741 5381 3489 5456">
     <span class='ocr_line' id='line_1_120' title="bbox 1741 5381 3489 5456; baseline -0.005 -9"><span class='ocrx_word' id='word_1_918' title='bbox 1741 5386 1784 5416; x_wconf 76' lang='grc'>⁸⁸</span> <span class='ocrx_word' id='word_1_919' title='bbox 1810 5385 1910 5453; x_wconf 79' lang='grc' dir='ltr'>τῆς</span> <span class='ocrx_word' id='word_1_920' title='bbox 1932 5381 2277 5456; x_wconf 50' lang='grc' dir='ltr'>,ἀπρὸάσςως</span> <span class='ocrx_word' id='word_1_921' title='bbox 2315 5381 2619 5456; x_wconf 72' lang='grc' dir='ltr'>’ρδυσσὲως</span> <span class='ocrx_word' id='word_1_922' title='bbox 2645 5381 2748 5456; x_wconf 66' lang='grc' dir='ltr'>τῇς</span> <span class='ocrx_word' id='word_1_923' title='bbox 2765 5384 2857 5456; x_wconf 72' lang='grc' dir='ltr'>είς</span> <span class='ocrx_word' id='word_1_924' title='bbox 2895 5384 3111 5455; x_wconf 85' lang='grc' dir='ltr'>Ἰθάκην</span> <span class='ocrx_word' id='word_1_925' title='bbox 3139 5384 3256 5456; x_wconf 87' lang='lat' dir='ltr'>Ah:</span> <span class='ocrx_word' id='word_1_926' title='bbox 3283 5386 3385 5456; x_wconf 83' lang='grc' dir='ltr'>τῆς</span> <span class='ocrx_word' id='word_1_927' title='bbox 3405 5390 3489 5450; x_wconf 80' lang='grc' dir='ltr'>εἰς</span> 
     </span>
    </p>
   </div>
   <div class='ocr_carea' id='block_1_118' title="bbox 1859 5450 3485 5525">
    <p class='ocr_par' dir='ltr' id='par_1_118' title="bbox 1859 5450 3485 5525">
     <span class='ocr_line' id='line_1_121' title="bbox 1859 5450 3485 5525; baseline -0.008 -20"><span class='ocrx_word' id='word_1_928' title='bbox 1859 5450 2151 5525; x_wconf 81' lang='grc' dir='ltr'>τηλεγόνου</span> <span class='ocrx_word' id='word_1_929' title='bbox 2177 5450 2499 5519; x_wconf 82' lang='grc' dir='ltr'>ἀγνοοῦντος</span> <span class='ocrx_word' id='word_1_930' title='bbox 2527 5452 2645 5525; x_wconf 83' lang='lat' dir='ltr'><strong>Ah:</strong></span> <span class='ocrx_word' id='word_1_931' title='bbox 2680 5450 2984 5525; x_wconf 73' lang='grc' dir='ltr'>Τηλέγονος</span> <span class='ocrx_word' id='word_1_932' title='bbox 3009 5450 3377 5525; x_wconf 48' lang='grc' dir='ltr'>ᾴῇνοούμενός</span> <span class='ocrx_word' id='word_1_933' title='bbox 3407 5457 3485 5519; x_wconf 71' lang='grc' dir='ltr'>ὼς</span> 
     </span>
    </p>
   </div>
   <div class='ocr_carea' id='block_1_119' title="bbox 1733 5522 2621 5594">
    <p class='ocr_par' dir='ltr' id='par_1_119' title="bbox 1733 5522 2621 5594">
     <span class='ocr_line' id='line_1_122' title="bbox 1733 5522 2621 5594; baseline -0.007 -16"><span class='ocrx_word' id='word_1_934' title='bbox 1733 5526 1778 5557; x_wconf 73' lang='grc'>⁸⁸</span> <span class='ocrx_word' id='word_1_935' title='bbox 1807 5522 2130 5594; x_wconf 83' lang='grc' dir='ltr'>ποιημάτων</span> <span class='ocrx_word' id='word_1_936' title='bbox 2160 5537 2274 5576; x_wconf 91' lang='lat' dir='ltr'>om.</span> <span class='ocrx_word' id='word_1_937' title='bbox 2301 5530 2539 5594; x_wconf 31' lang='lat' dir='ltr'><strong>ret‘ing.</strong></span> <span class='ocrx_word' id='word_1_938' title='bbox 2567 5522 2621 5594; x_wconf 58' lang='lat' dir='ltr'><strong>Ii.</strong></span> 
     </span>
    </p>
   </div>
   <div class='ocr_carea' id='block_1_120' title="bbox 1875 5594 2231 5676">
    <p class='ocr_par' dir='ltr' id='par_1_120' title="bbox 1875 5594 2231 5676">
     <span class='ocr_line' id='line_1_123' title="bbox 1875 5594 2231 5676; baseline 0 0"><span class='ocrx_word' id='word_1_939' title='bbox 1875 5594 2135 5676; x_wconf 65' lang='grc' dir='ltr'>’ξιγισξον</span> <span class='ocrx_word' id='word_1_940' title='bbox 2167 5610 2231 5676; x_wconf 75' lang='grc' dir='ltr'>ςς</span> 
     </span>
    </p>
   </div>
   <div class='ocr_carea' id='block_1_121' title="bbox 2698 5522 3487 5595">
    <p class='ocr_par' dir='ltr' id='par_1_121' title="bbox 2698 5522 3487 5595">
     <span class='ocr_line' id='line_1_124' title="bbox 2698 5522 3487 5595; baseline 0.005 -20"><span class='ocrx_word' id='word_1_941' title='bbox 2698 5524 2739 5554; x_wconf 80' lang='grc'><strong>⁸⁷</strong></span> <span class='ocrx_word' id='word_1_942' title='bbox 2760 5522 2823 5595; x_wconf 83' lang='grc' dir='ltr'>δὲ</span> <span class='ocrx_word' id='word_1_943' title='bbox 2844 5526 2971 5595; x_wconf 83' lang='lat' dir='ltr'><strong>add.</strong></span> <span class='ocrx_word' id='word_1_944' title='bbox 3003 5524 3064 5578; x_wconf 88' lang='grc' dir='ltr'>Β.</span> <span class='ocrx_word' id='word_1_945' title='bbox 3144 5526 3187 5556; x_wconf 84' lang='grc'>⁸⁸</span> <span class='ocrx_word' id='word_1_946' title='bbox 3214 5526 3487 5595; x_wconf 14' lang='grc' dir='ltr'>ίήγησῖνον</span> 
     </span>
    </p>
   </div>
   <div class='ocr_carea' id='block_1_122' title="bbox 2333 5590 3484 5667">
    <p class='ocr_par' dir='ltr' id='par_1_122' title="bbox 2333 5590 3484 5667">
     <span class='ocr_line' id='line_1_125' title="bbox 2333 5590 3484 5667; baseline 0.008 -24"><span class='ocrx_word' id='word_1_947' title='bbox 2333 5591 2378 5622; x_wconf 73' lang='grc' dir='ltr'>ε’</span> <span class='ocrx_word' id='word_1_948' title='bbox 2397 5590 2607 5667; x_wconf 68' lang='grc' dir='ltr'>δοῦναι]</span> <span class='ocrx_word' id='word_1_949' title='bbox 2635 5594 2845 5663; x_wconf 78' lang='grc' dir='ltr'>γράψαι</span> <span class='ocrx_word' id='word_1_950' title='bbox 2866 5594 3171 5667; x_wconf 13' lang='grc' dir='ltr'>Λ,ίγράψαι</span> <span class='ocrx_word' id='word_1_951' title='bbox 3203 5590 3389 5650; x_wconf 77' lang='grc' dir='ltr'>δοῦναι</span> <span class='ocrx_word' id='word_1_952' title='bbox 3422 5597 3484 5652; x_wconf 84' lang='grc' dir='ltr'>Β.</span> 
     </span>
    </p>
   </div>
   <div class='ocr_carea' id='block_1_123' title="bbox 2502 5663 3481 5735">
    <p class='ocr_par' dir='ltr' id='par_1_123' title="bbox 2502 5663 3481 5735">
     <span class='ocr_line' id='line_1_126' title="bbox 2502 5663 3481 5735; baseline -0.012 -4"><span class='ocrx_word' id='word_1_953' title='bbox 2502 5663 2548 5735; x_wconf 48' lang='grc'>7³</span> <span class='ocrx_word' id='word_1_954' title='bbox 2575 5663 2760 5733; x_wconf 62' lang='grc' dir='ltr'>ἔλεγος</span> <span class='ocrx_word' id='word_1_955' title='bbox 2790 5678 2901 5735; x_wconf 72' lang='lat' dir='ltr'>mg.</span> <span class='ocrx_word' id='word_1_956' title='bbox 2934 5663 3011 5720; x_wconf 50' lang='lat' dir='ltr'><strong>hf</strong></span> <span class='ocrx_word' id='word_1_957' title='bbox 3067 5668 3111 5697; x_wconf 65' lang='grc'><strong>⁷⁸</strong></span> <span class='ocrx_word' id='word_1_958' title='bbox 3145 5682 3209 5733; x_wconf 90' lang='grc' dir='ltr'>γε</span> <span class='ocrx_word' id='word_1_959' title='bbox 3257 5668 3382 5721; x_wconf 88' lang='lat' dir='ltr'><strong>add.</strong></span> <span class='ocrx_word' id='word_1_960' title='bbox 3416 5669 3481 5735; x_wconf 72' lang='grc' dir='ltr'>ᾼ.</span> 
     </span>
    </p>
   </div>
   <div class='ocr_carea' id='block_1_124' title="bbox 1950 5803 2595 5875">
    <p class='ocr_par' dir='ltr' id='par_1_124' title="bbox 1950 5803 2595 5875">
     <span class='ocr_line' id='line_1_127' title="bbox 1950 5803 2595 5875; baseline -0.011 -12"><span class='ocrx_word' id='word_1_961' title='bbox 1950 5805 1997 5838; x_wconf 79' lang='grc'>⁸³</span> <span class='ocrx_word' id='word_1_962' title='bbox 2026 5803 2208 5862; x_wconf 87' lang='lat' dir='ltr'><strong>nonne</strong></span> <span class='ocrx_word' id='word_1_963' title='bbox 2266 5803 2595 5875; x_wconf 73' lang='grc' dir='ltr'>καθημένῃῖ</span> 
     </span>
    </p>
   </div>
  </div>
