3954 6448
218 412 351 477 1201

1251 423 1780 486 BIBLlOTH‘EC-A.
1802 448 1874 462 -
1914 423 2078 485 COD.
2105 425 2461 487 CCXXXIX.

3361 425 3503 493 1202

213 524 509 596 ὃεύτερονδ
535 516 593 579 δὲ
636 528 703 581 ἐκ
734 525 832 581 τοῦ
866 529 1062 601 μηροῦ.
1099 531 1404 604 Εὐμθῆναι
1448 535 1507 589 δέ
1534 527 1627 588 τόν
1655 535 1802 588 δίθύο

1929 552 1977 592 :x
2005 537 2243 601 Semele,
2277 538 2585 607 iterumque
2634 552 2699 592 cx
2751 538 2978 593 femore.
3028 538 3321 608 Repertum
3371 556 3504 597 vero

216 617 429 687 ραμϐον
449 617 714 689 Πίνδαρος
744 620 801 673 ἐν
819 621 1069 692 Κορίνθῳ
1091 621 1240 691 λέγει
1264 641 1277 653 ·
1303 626 1394 678 τὸν
1421 626 1479 679 δέ
1500 626 1808 697 ἀρξάμενον

210 708 315 779 τῆς
372 708 517 779 ᾠδῆς
564 709 940 781 Ἀριστοτέλης
991 711 1237 784 Ἀρίονά-ἰ
1288 733 1453 787 φησιν
1502 713 1700 785 εἶναι’,
1750 719 1809 783 ὃς

218 802 436 871 πρῶτος
468 801 562 857 τὸν
589 802 812 860 κύκλιον
842 804 1019 874 ἤγαγε
1044 808 1224 878 χορόν.

301 987 359 1039 '0
391 987 577 1057 μέντοι
606 989 770 1059 νόμος
797 990 1072 1060 γράφεται
1107 992 1208 1063 μὲν
1242 995 1323 1059 είς
1346 997 1673 1064 Ἀπόλλωνα,
1695 1000 1809 1071 ἔχει

211 1074 273 1128 δὲ
326 1075 421 1130 καὶ
465 1076 568 1149 τὴν
606 1079 927 1149 ἐπωνυμίαν
971 1083 1067 1135 ἀπ’
1096 1084 1265 1138 αὑτοῦ
1308 1085 1613 1160 (νόμιμος⁷
1642 1091 1753 1163 γάρ
1782 1095 1812 1148 6

227 1165 507 1222 Ἀπόλλων
524 1168 800 1242 ἐπεκλήθη
816 1172 885 1243 ⁸),
902 1172 985 1226 ὅτι
1004 1172 1115 1227 τῶν
1136 1175 1384 1247 ἀρχαίων
1410 1182 1606 1251 χοροὺς
1629 1183 1811 1237 ἱστάν-

212 1270 327 1307 των
354 1256 448 1308 καὶ
474 1256 613 1327 πρὸς
643 1257 806 1312 αὐλὸν
835 1259 869 1330 ἢ
903 1258 1072 1333 λύραν
1095 1261 1331 1333 ᾀδόντων
1356 1265 1450 1320 τὸν
1473 1268 1638 1339 νόμον
1659 1271 1702 1324 Χ
1712 1288 1810 1342 ρυ-

215 1345 443 1418 σόθεμις
474 1348 666 1419 Κρὴς⁹
696 1348 935 1421 πρῶτος,
966 1352 1126 1425 στολῇ
1162 1356 1505 1427 χρησάμενος
1543 1361 1814 1431 ἐκπρεπεῖ

214 1440 315 1491 καὶ
354 1439 585 1511 κιθάραν
611 1441 898 1497 ἀναλαϐὼν
932 1445 1013 1508 είς
1044 1444 1280 1517 μίμησιν
1312 1447 1408 1503 τοῦ
1455 1451 1810 1521 Ἀπόλλωνος,

217 1530 382 1601 μόνος
406 1528 507 1607 ᾖσε
546 1531 732 1603 νόμον,
757 1534 853 1589 καὶ
882 1536 1346 1611 εὐδοκιμήσαντος
1363 1541 1407 1573 ¹⁰
1431 1538 1599 1597 αὐτοῦ
1620 1544 1813 1616 διαμέ-

212 1640 302 1676 νει
332 1624 361 1677 ὁ
393 1622 593 1694 τρόπος
622 1625 716 1679 τοῦ
743 1628 1152 1700 ἀγωνίσματος.
1193 1632 1355 1685 Δοκεῖ
1381 1632 1438 1687 δὲ
1464 1632 1814 1709 Τέρπανδρος

218 1715 323 1805 μέν
350 1715 570 1785 πρῶτος
599 1718 884 1775 τελειῶσαι
909 1722 1004 1776 τὸν
1038 1723 1202 1795 νόμον
1226 1764 1242 1790 ,
1272 1724 1437 1797 ἡρῴῳ
1469 1727 1654 1800 μέτρῳ
1677 1748 1816 1803 χρη-

216 1809 477 1877 σάμενος,
500 1808 695 1865 ἔπειτα
728 1812 926 1881 ’Δρίων
945 1816 973 1868 6
993 1815 1353 1888 Μηθυμναῖος
1383 1818 1483 1872 οὐκ
1507 1818 1664 1888 ὀλίγα
1690 1839 1815 1877 συν-

1914 629 2082 684 l'nisse
2111 628 2355 683 Corinthi
2387 628 2795 699 dithyrambum
2832 628 3107 685 Pindarus
3150 630 3338 687 refert.
3386 631 3504 687 Pri.

1914 734 2060 772 mum
2124 733 2254 774 vero
2302 719 2394 788 qni
2457 719 2561 773 hoc
2613 720 2860 774 carmine
2906 721 3190 785 cecinerit,
3235 720 3505 779 Aristote-

1912 807 1992 863 les
2020 806 2132 880 (91)
2164 809 2422 864 Arionem
2446 808 2617 866 fuisse
2645 811 2846 879 prodit,
2877 812 2969 881 qui
3030 813 3236 882 primus
3270 814 3505 885 cyclium

1913 899 2136 954 chorum
2170 900 2343 955 duxit.

1986 987 2189 1045 Nomos
2218 990 2438 1060 quidem
2464 991 2517 1046 in
2536 991 2844 1062 Apollinem
2895 995 3263 1065 conscriptus,
3314 1010 3343 1049 a
3394 1009 3507 1065 quo

1915 1079 2336 1151 appellationem
2367 1082 2620 1151 sumpsit.
2651 1080 2937 1140 Nomimus
2975 1087 3121 1141 enim
3154 1086 3366 1157 Apollo,
3408 1088 3507 1155 qui

1916 1173 1992 1228 ita
2028 1172 2441 1242 appellatusest
2465 1176 2612 1246 quod
2630 1176 2909 1232 veteribus
2942 1177 3141 1234 choros
3163 1180 3508 1234 constituen-

1915 1264 2083 1331 tibus,
2130 1273 2187 1320 et
2236 1265 2302 1320 ad
2344 1266 2530 1321 tibiam
2565 1266 2650 1323 vel
2700 1268 2885 1339 lyram
2925 1269 3120 1339 3206
3172 1285 3369 1324 nomon
3413 1285 3507 1324 ca-

1916 1356 2197 1420 nentibus,
2254 1356 2670 1428 Cbrysothemis
2749 1361 3034 1417 Cretensis
3100 1362 3309 1430 primus
3369 1362 3508 1416 stola

1916 1462 2053 1502 usus
2078 1445 2300 1516 insigni,
2338 1456 2393 1503 et
2418 1459 2641 1519 accepta
2660 1451 2894 1517 cithara,
2926 1450 3231 1522 Apollinem
3264 1452 3510 1507 imitatus

1916 1538 2063 1594 solus
2091 1539 2353 1594 cecinerit
2385 1556 2610 1606 nomon,
2643 1542 2736 1612 qui
2790 1558 2914 1598 cum
2975 1558 3040 1599 eo
3089 1559 3290 1613 genere
3342 1544 3510 1600 vehe-

1917 1640 2134 1686 menter
2158 1632 2419 1701 probatus
2455 1643 2626 1701 esset,
2663 1636 3076 1704 permansithic
3104 1636 3296 1691 modus
3327 1646 3510 1690 certa-

1918 1723 2104 1779 minis.
2136 1723 2513 1794 Terpandrum
2544 1740 2673 1781 vero
2710 1740 2913 1782 nomon
2931 1726 3234 1782 absolvisse
3263 1737 3509 1796 apparet,

1920 1830 2043 1871 cum
2063 1815 2343 1871 heroicum
2363 1832 2584 1872 carmen
2604 1818 2882 1873 adhibuit:
2908 1827 3030 1887 post
3052 1818 3218 1873 Arion
3240 1818 3510 1890 Methym-

214 1901 476 1971 αυξῆσαι,
495 1903 657 1967 αὐτὸς
679 1900 776 1957 καὶ
801 1906 1032 1978 ποιητὴς
1054 1880 1149 1962 καὶ
1164 1880 1480 1981 *κιθαρῳδὸς
1497 1880 1810 1982 γενόμενος.

1929 1921 2069 1961 naeus
2107 1921 2212 1961 non
2243 1922 2435 1976 parum
2470 1907 2640 1969 auxit.
2677 1917 2835 1975 poeta
2871 1880 3009 1978 ipse,
3041 1918 3098 1964 et
3153 1880 3509 1965 citharoedus.

214 1992 419 2063 Φρῦνις
436 1996 479 2027 ¹¹
512 1996 569 2050 δὲ
611 1997 641 2050 6
667 1996 1039 2068 Μιτυληναῖος
1066 2000 1496 2071 ἐκαινοτόμησεν
1522 2002 1687 2056 αὐτόν
1712 2020 1727 2035 ·
1755 2006 1817 2057 τό

213 2105 280 2143 τε
322 2089 433 2160 γάρ
464 2087 768 2161 ἑξάμετρον
793 2089 871 2161 τῷ
900 2092 1179 2165 λελυμένῳ
1212 2093 1442 2165 συνῆψε,
1475 2095 1570 2149 καὶ
1599 2096 1819 2169 χορδαῖς

213 2182 330 2235 τῶν
358 2180 404 2247 ζ’
439 2181 683 2237 πλείοσιν
712 2184 1006 2256 ἐχρήσατο.
1044 2186 1310 2257 Τιμόθεος
1360 2186 1420 2242 δέ
1471 2186 1700 2261 ὕστερον
1736 2194 1818 2257 εἰς

216 2275 321 2344 τὴν
359 2273 456 2329 νῦν
492 2274 657 2330 αὐτὸν
680 2276 724 2307 ¹²
763 2277 941 2347 ἤγαγε
978 2278 1156 2344 τάξιν.

296 2455 487 2511 Ἔστιν
536 2450 630 2510 οὖν
646 2455 693 2489 ¹³
723 2456 753 2510 6
790 2468 891 2526 μεν
936 2456 1273 2529 διθύραμϐος
1317 2462 1676 2534 κεκινημένος
1726 2463 1819 2517 καὶ

220 2546 361 2602 πολὺ
407 2547 469 2602 τδ
515 2547 868 2612 ἐνθουσιῶδες
922 2549 1062 2620 μετά
1116 2551 1338 2621 χορείας
1382 2552 1689 2623 ἐμφαίνων,
1737 2557 1820 2619 είς

220 2640 373 2713 πάθη
394 2641 940 2713 κατασκευαζόμενος
958 2642 1027 2697 τὰ
1056 2642 1291 2714 μάλιστα
1311 2646 1488 2701 οίκεῖα
1503 2646 1581 2717 τῷ
1598 2646 1717 2717 Θεῷ
1737 2648 1779 2681 ίδ
1800 2663 1815 2679 ο

220 2732 319 2787 καὶ
352 2733 642 2804 σεσόϐηται
670 2733 771 2804 μὲν
797 2734 893 2787 καὶ
926 2734 1039 2798 τοῖς
1075 2734 1306 2807 ῥυθμοῖς
1326 2776 1342 2801 ,
1376 2738 1472 2791 καλ⁷
1515 2738 1819 2792 ἁπλουστέ-

226 2841 352 2896 ραις
369 2826 413 2857 ¹⁸
447 2826 715 2897 κέχρηται
747 2828 869 2890 ταῖς
896 2823 1129 2891 λέξεσιν.
1148 2825 1205 2880 '0
1230 2826 1289 2880 δὲ
1321 2828 1485 2899 νόμος
1505 2831 1820 2885 τούναντίον

222 2917 314 2972 διὰ
340 2917 448 2973 τῶν
478 2917 614 2971 θεῶν
646 2920 856 2972 ἀνεῖται
902 2919 1257 2990 τεταγμένως
1277 2919 1322 2951 ¹⁶
1350 2921 1441 2974 καὶ
1480 2922 1822 2995 μεγαλοπρε-

225 3009 369 3075 πῶς,
394 3010 492 3062 καὶ
511 3011 623 3072 τοῖς
655 3009 884 3081 ῥυθμοῖς
910 3010 1142 3077 ἀνεῖται,
1176 3010 1275 3064 καὶ
1295 3011 1613 3078 διπλασίαις
1634 3014 1675 3045 ¹⁷
1701 3017 1819 3080 ταῖς

222 3098 407 3166 λέξεσι
448 3100 735 3172 κέχρηται.
766 3101 842 3155 Οὐ
882 3102 989 3173 μὴν
1023 3102 1176 3170 ⁵ἀλλὰ
1222 3103 1319 3157 καὶ
1366 3106 1489 3168 ταῖς
1529 3106 1823 3177 ἁρμονίαις

1916 1998 2165 2072 Phrynes
2190 2014 2318 2054 vero
2349 1998 2691 2070 Mitylenaaus
2707 2014 2901 2054 novam
2936 2000 3198 2054 rationem
3229 2015 3514 2055 commen-

1919 2100 2011 2145 tus
2040 2100 2144 2145 est.
2206 2088 2603 2145 Hexametrum
2638 2105 2875 2160 namque
2912 2106 3035 2145 cum
3067 2090 3244 2145 soluto
3271 2092 3517 2146 carmine

1918 2181 2222 2250 conjunxit,
2260 2181 2505 2251 pluribus
2558 2182 2746 2248 etiam,
2804 2196 2968 2251 quam
3027 2192 3237 2251 septem
3293 2184 3517 2238 chordis

1919 2290 2051 2329 usus
2078 2292 2091 2329 :
2112 2284 2296 2343 postea
2331 2274 2652 2329 Timotheus
2673 2289 2820 2341 eum,
2843 2275 2935 2344 qui
2963 2287 3109 2329 nunc
3139 2282 3242 2340 est,
3265 2274 3518 2329 ordinem

1920 2366 2133 2420 induxit

1992 2458 2087 2512 Est
2124 2467 2307 2527 autem
2344 2458 2725 2529 dithyrambus
2776 2459 3064 2523 incitatus,
3096 2467 3152 2512 et
3177 2457 3405 2511 multum
3434 2456 3519 2511 l‘no

1921 2549 2063 2605 roris
2096 2564 2220 2605 cum
2253 2549 2544 2604 saltatione
2593 2550 2914 2616 ostendens,
2947 2550 3014 2603 ad
3048 2550 3520 2604 vehementiores-

1922 2658 2030 2712 que
2058 2642 2285 2698 allectus
2311 2652 2685 2713 comparatus,
2724 2642 2790 2697 ad
2823 2656 2917 2697 eos
2942 2643 3271 2709 praesertim,
3307 2643 3399 2711 qui
3441 2642 3520 2696 illi

1925 2733 2133 2787 numini
2157 2741 2283 2788 sunt
2311 2743 2674 2802 congruentes
2695 2751 2709 2787 :
2728 2742 2784 2787 et
2802 2733 3114 2787 concitatus
3141 2742 3226 2787 est
3254 2732 3518 2795 numeris,

1922 2834 1977 2880 et
2006 2824 2245 2880 dictione
2278 2825 2453 2879 utitur
2510 2824 2832 2894 simpliciori
2868 2866 2883 2891 ,
2949 2839 3141 2879 nomos
3193 2834 3379 2878 contra
3425 2838 3522 2891 pcr

1925 2915 2150 2973 affectus
2209 2925 2262 2970 et
2294 2930 2551 2971 numeros
2580 2915 2819 2973 leniores
2854 2916 3171 2982 remittitur,
3219 2917 3524 2985 Composito

1926 3011 2117 3080 gradu,
2154 3018 2208 3065 et
2232 3008 2523 3079 magniﬁco
2557 3008 2855 3065 incedens:
2889 3008 3074 3065 verbis
3115 3018 3381 3078 praeterea
3408 3009 3525 3063 dn-

1927 3101 2159 3171 plicibus
2186 3099 2379 3155 utitur.
2421 3100 2561 3169 Quin
2603 3109 2979 3171 etutrumque
3007 3100 3203 3173 [genus
3236 3096 3524 3172 carminis]

223 3194 455 3257 οἰκείαις
482 3194 745 3267 ἑκάτερος
768 3191 812 3225 ⁸⁸
844 3194 1043 3265 χρῆται
1068 3210 1082 3225 '
1114 3196 1143 3249 6
1178 3194 1279 3265 μὲν
1313 3193 1469 3268 [γάρ]
1497 3196 1589 3249 τὸν
1610 3199 1651 3230 ¹⁹
1675 3198 1819 3270 Φρύ-

1929 3194 2248 3261 congruenti
2280 3193 2455 3247 utitur
2482 3190 2797 3247 harmonia.
2822 3191 2956 3245 lllud
2987 3190 3209 3261 quidem
3232 3190 3524 3261 Phrygiam

222 3304 348 3355 γιον
376 3288 471 3340 καὶ
513 3285 885 3356 ’Υποφρύγιον
919 3284 1253 3357 ἁρμόζεται,
1284 3287 1312 3339 6
1335 3286 1502 3357 νόμος
1528 3287 1585 3341 δέ
1619 3286 1697 3360 τῷ
1728 3308 1823 3342 συ-

225 3380 466 3450 στήματι
498 3378 576 3447 τῷ
608 3378 719 3433 τῶν
764 3378 1087 3449 κιθαρῳδῶν
1128 3378 1527 3451 Λυδίῳ.¹Ἐοικε
1572 3382 1629 3435 δὲ
1662 3383 1691 3434 6
1723 3381 1823 3452 μὲν

223 3470 567 3542 διθύραμϐος
593 3468 703 3524 ἀπὸ
727 3470 831 3540 τῆς
858 3470 1002 3524 κατά
1053 3472 1179 3535 τοὺς
1214 3472 1419 3541 ἀγροὺς
1469 3473 1685 3537 παιδιᾶς
1730 3475 1824 3527 καὶ

221 3562 330 3631 τῆς
356 3561 414 3613 ἐν
440 3562 556 3624 τοῖς
589 3561 776 3623 πότοις
803 3558 1146 3647 εὑιξροσύνης
1179 3562 1491 3633 εὑρεθῆναι,
1523 3566 1552 3617 6
1578 3564 1635 3618 δέ
1660 3567 1823 3635 νόμος

225 3648 377 3704 δοκει
413 3650 513 3721 μὲν
541 3651 649 3704 ἀπὸ
678 3649 772 3704 τοῦ
804 3652 1034 3715 παιᾶνος
1067 3650 1299 3721 ῥυῆναι·
1342 3653 1371 3705 6
1425 3653 1528 3723 μὲν
1572 3655 1681 3725 γάρ
1707 3656 1823 3709 ἐστι

226 3742 556 3813 κοινότερος,
587 3743 665 3806 είς
692 3741 879 3795 κακῶν
905 3743 1241 3815 παραίτησιν
1272 3745 1681 3815 γεγραμμένος,
1706 3749 1733 3800 6
1765 3747 1823 3799 δὲ

229 3833 381 3897 ιδίως
413 3835 494 3897 είς
517 3832 830 3889 Ἀπόλλωνα
844 3832 1087 3887 ⁸⁰.”Οθεν
1118 3834 1180 3888 τὸ
1209 3835 1309 3905 μὲν
1337 3836 1686 3901 ἐνθουσιῶδες
1725 3840 1825 3894 οὐκ

223 3925 365 3997 ἔχει,
400 3926 477 3990 ὡς
528 3929 557 3981 6
604 3926 972 3998 διθύραμϐος·
1006 3929 1126 3982 ἐκεῖ
1178 3929 1279 3998 μὲν
1325 3927 1434 4000 γὰρ
1478 3928 1698 3999 μέθαι¹¹
1728 3931 1825 3985 καὶ

223 4022 463 4095 παιδιαὶ,
495 4019 730 4076 ἐνταῦθα
767 4021 827 4076 δέ
861 4022 1090 4075 ἱκετεῖαι
1138 4023 1235 4075 καὶ
1281 4022 1453 4093 πολλὴ
1477 4024 1632 4091 τάξις
1660 4040 1672 4053 ·
1728 4025 1825 4079 καὶ

222 4112 342 4183 γάρ
362 4111 521 4176 αὐτὸς
542 4114 570 4166 6
589 4110 723 4176 Θεὸς
746 4114 805 4167 ἐν
826 4113 978 4178 τάξει
1004 4114 1101 4168 καὶ
1130 4115 1300 4186 συστὴ
1310 4118 1497 4184 ματι¹²
1521 4117 1824 4171 κατεσταλ-

224 4203 369 4275 μένῃ
394 4200 759 4276 ’περιέρχεται
800 4202 931 4276 [524
970 4204 1064 4278 IL]
1106 4210 1198 4262 τὸν
1237 4210 1534 4277 κρουσμόν.

303 4295 584 4350 Ἀδωνίδια
604 4295 652 4329 ³³
686 4295 742 4349 δὲ
770 4296 988 4365 λέγεται
1015 4298 1083 4351 τά
1116 4297 1197 4361 είς
1220 4297 1449 4351 ’Ἄδωνιν
1484 4299 1827 4370 ἀναφερόμε-

220 4388 524 4463 να.ᾚδετο
551 4388 608 4443 δὲ
639 4390 668 4443 6
687 4388 965 4461 Ἰόϐακχος
991 4391 1051 4444 ἐν
1078 4391 1294 4460 ἑορταῖς
1336 4390 1432 4443 κάὶ
1461 4390 1675 4456 θυσίαις
1705 4394 1825 4446 Διο-

221 4480 417 4546 νόσου,
453 4480 888 4552 βεϐαπτισμένος
917 4481 1098 4551 πολλῷ
1133 4482 1475 4554 φρυάγματι.
1496 4483 1827 4555 Ὑπόρχημα

1930 3294 1985 3339 et
2016 3284 2460 3356 Hypophrygiam
2495 3285 2718 3340 adhibet
2749 3301 2765 3351 ;
2826 3299 3021 3340 nomos
3064 3297 3195 3337 vero
3226 3292 3527 3365 systentate

1930 3378 2383 3443 citharmdorum,
2415 3375 2589 3449 Lydio
2610 3376 2845 3441 scilicet,
2890 3384 3246 3445 temperatur.
3298 3373 3528 3429 Videtur

1932 3480 2111 3523 autem
2144 3468 2522 3540 dithyrambus
2558 3469 2609 3523 in
2638 3471 2964 3523 rusticorum
3002 3467 3121 3521 lusu
3146 3475 3200 3520 et
3227 3466 3525 3530 hilaritate,

1932 3562 2075 3614 inter
2099 3560 2288 3630 pocula
2316 3570 2567 3629 repertus
2622 3574 2788 3614 esse:
2832 3574 3024 3613 nomos
3078 3574 3206 3613 vero
3253 3574 3282 3611 a
3340 3572 3529 3627 paeane

1930 3648 2153 3705 ﬂuxisse
2186 3665 2201 3715 ;
2236 3652 2330 3705 sed
2352 3651 2439 3704 hic
2464 3659 2613 3721 patet
2644 3650 2827 3715 latius,
2856 3650 3080 3718 admala
3106 3650 3523 3703 averruncanda

1930 3743 2299 3812 conscriptus,
2338 3742 2430 3797 ille
2478 3757 2610 3797 vero
2642 3742 2865 3813 proprie
2900 3740 2952 3796 in
2984 3741 3256 3811 Apollinis
3287 3739 3528 3807 laudem,
3608 3806 3613 3810 ι

1933 3836 2075 3890 unde
2108 3845 2162 3890 et
2186 3835 2539 3889 furibundum
2598 3832 2735 3889 nihil
2786 3833 2968 3900 habet,
3023 3843 3079 3886 ut
3130 3831 3527 3901 dithyrambus.

1932 3927 2045 3983 lllic
2079 3928 2222 3984 enim
2250 3927 2565 3982 teinulentia
2596 3937 2651 3983 et
2702 3926 2909 3981 ludicra
2947 3924 3178 3995 puerilia
3236 3931 3363 3977 sunt
3396 3922 3525 3988 ;hic

1932 4035 2064 4074 vero
2113 4019 2565 4091 supplicationes,
2630 4017 2821 4074 varius
2888 4018 3055 4071 etiam
3133 4016 3287 4069 ordo.
3331 4012 3534 4069 Ordine

1934 4126 2171 4182 namque
2204 4120 2257 4167 et
2314 4118 2617 4183 systeinate
2671 4108 2958 4165 moderato
2986 4107 3189 4163 incedit
3234 4106 3354 4177 ejus
3396 4122 3533 4161 con-

1932 4216 2146 4263 centus.

2004 4297 2272 4353 Adonidia
2301 4298 2580 4364 dicuntur,
2607 4311 2730 4366 qua:
2762 4294 2815 4350 in
2862 4292 3096 4350 Adonim
3138 4290 3535 4346 referebantur.

1933 4388 2235 4447 lobacchus
2258 4388 2633 4446 canebaturin
2667 4388 2825 4444 festis
2879 4395 2935 4441 et
2988 4383 3277 4441 sacriﬁciis
3312 4381 3535 4464 Bacchi,

1938 4483 2139 4537 tinctus
2188 4481 2356 4536 multo
2413 4491 2467 4535 et
2526 4478 2782 4535 insolenti
2854 4477 3098 4533 fremitu.
3154 4474 3538 4545 llyporchema

219 4568 289 4628 εέ·
302 4573 349 4605 ’δ
379 4573 442 4626 τὸ
473 4577 591 4644 μετ’
621 4573 906 4644 ὀρχήσεως
955 4575 1216 4646 ᾀδόμενον
1252 4575 1413 4645 μέλος
1445 4575 1698 4645 ἐλέγετο·
1733 4581 1819 4632 καὶ

1942 4576 2212 4628 vocabant
2247 4588 2467 4627 carmen
2497 4586 2619 4624 cum
2644 4570 2937 4625 saltatione
2981 4568 3333 4623 decantatum
3370 4582 3384 4630 ;
3431 4563 3541 4615 ὑπὸ

221 4663 344 4735 γάρ
368 4665 419 4718 οῖ
448 4664 667 4719 παλαιοὶ
702 4664 800 4734 τὴν
830 4665 952 4721 ὑπὸ
981 4665 1103 4718 ἀντὶ
1126 4664 1227 4734 τῆς
1246 4665 1396 4734 μετὰ
1426 4663 1551 4737 [988
1580 4664 1674 4739 3.]
1712 4669 1840 4720 πολ-

1940 4667 2085 4720 enim
2105 4675 2315 4719 veteres
2333 4681 2428 4734 pro
2451 4663 2589 4735 μετὰ
2606 4678 2749 4732 saepe
2769 4661 2970 4733 321a
2991 4669 3345 4730 usurparunt.
3368 4655 3541 4724 Hujus

225 4755 392 4821 λάκις
426 4756 753 4828 ἐλάμϐανον.
791 4757 1036 4830 Εὑρετάς
1084 4756 1141 4811 δέ
1185 4757 1391 4812 τούτων
1436 4759 1689 4827 λέγουσιν
1706 4761 1751 4791 ³⁸
1787 4780 1814 4813 ο

1942 4758 2254 4813 inventores
2286 4756 2453 4811 fuisse
2484 4756 2749 4821 referunt,
2778 4756 2831 4808 hi
2882 4753 3103 4824 quidem
3135 4752 3387 4815 Curetas,
3445 4748 3540 4803 alii

229 4846 340 4918 μὲν
371 4840 682 4919 Κούρητας,
711 4849 761 4902 οί
790 4848 847 4904 δέ
882 4851 1097 4921 Πύρρον
1132 4849 1223 4901 τὸν
1250 4849 1564 4920 Ἀχιλλέως,
1597 4850 1720 4904 ὅθεν
1744 4851 1819 4904 κα¹

1941 4866 2071 4905 vero
2098 4849 2367 4921 Pyrrhum
2423 4849 2652 4903 Achillis
2691 4847 2857 4902 [ilium
2890 4865 2903 4902 :
2940 4846 3081 4902 unde
3109 4843 3417 4901 saltationis
3447 4858 3542 4913 ge-

223 4938 519 5008 Πυρρίχην
542 4935 681 5002 εἶδός
714 4957 769 4992 τι
790 4940 838 4971 ¹⁶
867 4940 1148 5010 ὀρχήσεως
1178 4940 1450 5008 λέγουσιν.
1470 4939 1529 4994 '0
1564 4940 1621 4994 δὲ
1660 4941 1834 4994 ἐπίνι-

224 5045 332 5094 κος
353 5032 396 5062 ³⁷
429 5031 523 5085 ὑπ’
552 5031 714 5087 αὐτὸν
747 5031 839 5087 τὸν
863 5031 1054 5102 καιρὸν
1085 5032 1183 5103 τῆς
1212 5031 1368 5101 νίκης
1393 5035 1507 5097 τοῖς
1536 5032 1834 5103 προτεροῦ-

1941 4960 2043 4999 nus
2060 4943 2331 5013 quoddam
2364 4940 2704 5012 Pyrrichiam
2723 4938 3071 5013 [Pyrrichan,
3090 4940 3176 4994 vel
3202 4933 3531 5009 Pyrrichen]

1948 5034 2255 5089 nominant.
2287 5032 2586 5103 Epinicios,
2618 5044 2813 5088 cantus
2861 5043 2987 5103 post
3041 5033 3327 5087 victoriam
3372 5028 3423 5083 in
3448 5029 3543 5082 lio-

1529 5170 1766 5226 VARUE
1824 5170 2236 5230 LECTIONES.

312 5264 334 5295 ‘
364 5262 631 5335 6sijtspov_
761 5262 851 5335 _Ah
883 5281 915 5335 _:
950 5262 1045 5317 καὶ
1169 5262 1392 5335 εὐτερον
1446 5281 1508 5329 ς.

1615 5263 1639 5296 ⁵
1668 5264 1904 5332 Ἀρίωνα
1972 5283 2035 5330 ς.

2140 5267 2161 5299 ⁸
2194 5283 2360 5338 φησιν
2405 5230 2555 5338 ,εἶναι
2612 5264 2695 5319 A:
2728 5264 2875 5333 λέγει
2912 5282 3002 5338 ς.-
3085 5258 3545 5338 τμνλόμιοςβυίιοι-

224 5343 345 5418 938-
430 5330 802 5418 ’.ἐάκέήθηί
835 5333 1065 5418 νὲμιμος
1106 5333 1163 5387 δὲ
1218 5330 1574 5418 έῆλήεὲη.Α¹ιο.
1597 5406 1612 5418 .
1639 5330 1865 5418 2X99?-
1893 5338 1922 5418 ἐ
1949 5337 2103 5418 Κρὴς
2132 5330 2217 5418 εἰ
2256 5330 3021 5418 κεὶεὲδρκιμίιτξαθτοςλὲιι
3043 5330 3545 5418 λεὺδοκιεήέέγτυς

220 5405 292 5458 δὲ
313 5421 377 5467 ς.
474 5405 521 5475 ιε
541 5402 836 5475 φρῦνιςΒι
867 5402 1081 5475 Φρύνης
1110 5422 1172 5468 ς.

224 5475 451 5546 στέρως
467 5474 550 5546 Alt
570 5474 607 5546 ελ
620 5474 1017 5546 ἁπλουστέραις
1038 5474 1099 5528 ⁷δέ
1116 5491 1178 5539 ς’.
1225 5476 1281 5546 ί¹⁶
1308 5490 1476 5543 τεταγ

221 5688 293 5753 5,
329 5688 378 5741 ‘4.
453 5688 500 5719 “
521 5686 579 5740 δέ
612 5702 723 5743 om.
748 5690 812 5742 A.
866 5686 935 5720 7"
958 5686 1209 5756 λέγουσιν
1230 5686 1348 5741 Ah:
1384 5690 1547 5756 φασὶν
1577 5706 1635 5753 ς.

1248 5406 1293 5437 ¹²
1319 5402 1483 5459 αὑτὸν
1508 5406 1719 5462 add.A.
1746 5402 1757 5407 ’
1793 5407 1836 5437 ³³
1864 5402 1957 5460 οὖν
1984 5402 2104 5461 Ali:
2136 5408 2192 5461 δέ
2220 5426 2282 5472 ς.

1483 5477 1641 5546 μένος
1666 5478 1734 5535 Α.
1815 5477 1856 5510 ⁸⁷
1888 5476 2191 5541 διπλασίοις
2219 5479 2325 5535 Ah.
2391 5478 2436 5509 “
2469 5476 2630 5531 ἐκάτε

229 5547 285 5619 ίὲ
317 5544 438 5617 τὸν]
459 5544 559 5617 τὴν
592 5544 929 5619 Sylburgius.
1008 5545 1401 5619 'f_’Ar:6nwva.
1429 5544 1512 5619 Ah
1540 5566 1553 5599 :
1585 5546 1831 5601 Ἀπόλλω
1854 5565 1933 5612 ς.,
2021 5550 2065 5581 ³¹

224 5618 281 5647 ’³
316 5619 559 5688 σχήματι
582 5617 1012 5688 κατεσταλμένῳ
1036 5617 1377 5688 Hermannus
1409 5618 1475 5671 ad
1508 5618 1735 5671 Aristot.
1770 5620 1947 5688 Poen,
1976 5634 2028 5688 p.
2065 5619 2153 5674 90.

1715 5688 1760 5720 ’⁵
1794 5685 1932 5752 εἶδός
1961 5685 2014 5743 τι
2038 5692 2153 5745 Ah:
2182 5707 2233 5743 τι
2265 5686 2402 5753 εἶδος
2427 5707 2487 5753 ς.

3261 5402 3305 5431 ³⁵
3335 5399 3545 5453 ἁπλου-

2640 5476 2787 5548 ροςΒ
2818 5489 2849 5530 e
2878 5488 3021 5548 corr.
3054 5475 3133 5526 A:
3169 5470 3447 5548 ἐκατέρευς
3483 5487 3545 5532 ς.

2106 5540 2269 5617 μέθαι
2326 5549 2422 5601 καὶ
2476 5540 2687 5601 παιδιαὶ
2722 5548 2804 5600 Ah
2850 5544 3038 5615 εμέθη
3099 5543 3193 5617 καὶ
3259 5540 3448 5595 παιδιά
3483 5552 3545 5604 ς.

2262 5621 2308 5651 ’³
2329 5618 2641 5672 Ἀδωνίδεια
2665 5612 2939 5670 Bentleius
2974 5612 3039 5666 ad
3097 5612 3265 5666 Horat
3292 5624 3459 5665 serm.
3498 5622 3535 5674 I,

2603 5692 2647 5722 ³⁷
2677 5688 2920 5749 ἐπίνικος
2942 5685 3023 5739 Alt
3070 5700 3083 5736 :
3122 5682 3387 5743 ἐπινίκιος
3414 5695 3477 5742 ς’.

2364 5407 2409 5439 ¹⁸
2433 5406 2510 5477 τῷ
2542 5402 2651 5478 θεῷ
2679 5402 2764 5478 Ah
2791 5426 2803 5459 :
2837 5405 2932 5459 τοῦ
2967 5402 3091 5478 θεοῦ
3110 5419 3173 5467 ς.

1788 5797 1996 5854 NOTAE

317 5897 435 5966 (91)
468 5892 687 5964 Agclius
717 5893 814 5950 lib.
852 5909 907 5959 ι,
941 5908 1059 5964 cap.
1120 5894 1205 5962 19,
1252 5885 1515 5953 Orchium
1574 5896 1845 5954 cecinisse
1885 5895 2146 5954 Arionem
2176 5908 2241 5951 ex
2276 5891 2547 5950 llcrodoto
2591 5896 3005 5948 commemorat.
