3954 6482
294 426 435 493 1205

1321 428 1849 489 BIBLIUTHECA.
1884 450 1958 465 -
1996 427 2160 489 COD.
2192 430 2550 495 CCXXXIX.

3428 444 3566 508 1206

283 545 633 618 δαφνηφορία
658 562 673 577 ⁶
731 544 887 611 ξύλον
956 546 1139 610 ἐλαίας
1195 546 1597 614 καταστέφουσι
1645 546 1862 613 δάφναις

1978 557 2093 598 mos
2132 544 2229 615 ille
2280 546 2529 615 religiose
2582 548 2921 605 observatus.
2971 548 3098 607 Haec
3148 552 3563 625 Daphnephoria

284 640 387 693 καὶ
444 638 711 703 ποικίλοις
749 638 958 704 ἄνθεσι,
1029 638 1125 691 καὶ¹
1183 640 1269 690 ἐπ’
1309 640 1480 708 ἄκρου
1542 639 1640 709 μὲν
1695 638 1875 708 χαλκῆ

283 731 668 803 ὲφαρμόζεται
734 733 962 801 σφαῖρα,
1025 730 1091 784 ὲκ
1160 730 1219 783 δὲ
1271 730 1474 800 ταύτης
1547 730 1875 801 μικροτέρας

282 822 600 893 ἑξαρτῶσι·
644 821 774 894 [989
829 821 924 894 R.]
975 821 1119 877 κατὰ
1167 822 1224 875 δὲ
1266 822 1327 873 τὸ
1361 824 1526 891 μέσον
1564 821 1661 875 τοῦ
1711 821 1872 888 ξύλου

284 912 612 983 περιθέντες
646 912 913 966 ἐλάσσονα
938 912 1039 982 τῆς
1066 912 1152 965 ἐπ’
1180 913 1335 985 ἄκρῳ
1360 913 1406 944 ⁵⁸
1459 912 1694 983 σφαίρας
1737 913 1875 967 καθ-

282 1006 522 1059 άπτουσι
569 1005 831 1073 πορφυρᾶ
889 1003 1213 1073 στέμματαο
1259 1004 1329 1057 τὰ
1366 1002 1424 1056 δὲ
1468 1003 1753 1058 τελευταῖα
1778 1002 1873 1057 τοῦ

284 1092 451 1160 ξύλου
501 1092 914 1164 περιστέλλουσι
961 1094 1247 1165 κροκωτῷ.
1280 1093 1543 1147 Βούλεται
1589 1094 1635 1146 δ’
1686 1095 1873 1159 αὐτοῖς

282 1187 326 1256 ἠ
362 1185 460 1257 μὲν
495 1185 761 1241 ἀνωτάτω
785 1188 988 1257 σφαῖρα
1019 1186 1112 1241 τὸν
1135 1186 1311 1258 ἥλιον,
1342 1180 1387 1256 ᾧ
1416 1187 1512 1242 καὶ
1538 1188 1631 1241 τὸν
1671 1187 1870 1241 Ἀπόλ-

281 1276 435 1330 λωνα
468 1277 856 1347 ἀναφέρουσιν,
892 1278 926 1347 ἠ
954 1277 1008 1330 δὲ
1031 1277 1364 1349 ὑποκειμένη
1402 1278 1502 1347 τὴν
1525 1278 1777 1349 σελήνην.
1804 1278 1873 1332 τά

281 1368 346 1422 δὲ
367 1370 797 1445 προσηρτημένα
811 1369 920 1422 τῶν
934 1370 1203 1440 σφαιρίων
1224 1370 1401 1441 ἄστρα
1422 1388 1484 1424 τε
1507 1371 1599 1424 καὶ
1610 1372 1867 1441 ἀστέρας,

280 1461 360 1515 τὰ
386 1462 441 1516 δέ
471 1478 536 1531 γε
567 1462 860 1532 στέμματα
900 1462 993 1516 τὸν
1029 1461 1300 1516 ἐνιαύσιον
1347 1462 1548 1534 δρόμον
1571 1480 1587 1496 ο
1635 1465 1730 1517 καὶ
1759 1463 1869 1535 γὰρ

283 1553 385 1606 καὶ
416 1552 522 1619 τξε’
551 1550 799 1606 ποιοῦσιν
834 1551 997 1608 αὑτά.
1040 1553 1234 1624 Ἀρχει
1265 1552 1322 1606 δὲ
1352 1554 1451 1623 τῆς
1495 1553 1867 1626 δαφνηφορίας

285 1643 423 1705 παῖς
460 1640 798 1711 ἀμφιθαλὴς,
826 1642 921 1695 καὶ
945 1642 974 1694 ό
1009 1640 1245 1712 μάλιστα
1266 1641 1415 1712 αύτῷ
1436 1644 1635 1706 οἰκεῖος
1660 1641 1867 1712 βαστά-

284 1734 374 1797 ζει
408 1732 468 1786 τὸ
505 1735 945 1805 κατεστεμμένον
999 1732 1173 1800 ξύλον,
1204 1735 1233 1789 ὃ
1284 1734 1457 1790 κωπὼ
1485 1736 1534 1768 ⁵³
1565 1737 1821 1791 καλοῦσιν
1848 1757 1862 1770 ο

283 1824 451 1888 αύτδς
470 1826 527 1878 δὲ
550 1825 934 1896 όδαφνηφόρος
960 1826 1227 1896 ἑπόμενος
1249 1827 1349 1896 τῆς
1393 1828 1600 1899 δάφνης
1629 1831 1865 1898 ἐφάπτε-

282 1932 398 1979 ται,
426 1915 524 1977 τάς
552 1914 653 1984 μὲν
685 1916 860 1986 κόμας
882 1915 1205 1986 καθειμένος
1232 1918 1300 1983 ⁸⁸,
1315 1917 1552 1989 χρυσοῦν
1578 1919 1634 1973 δὲ
1668 1922 1870 1989 στέφα-

282 2024 377 2060 νον
403 2008 604 2079 φέρων,
650 2009 745 2060 καὶ
784 2008 1047 2078 λαμπράν
1078 2008 1282 2080 ἐσθῆτα
1314 2010 1528 2082 ποδήρη
1549 2013 1867 2083 ἐστολισμέ-

282 2114 396 2162 νος,
424 2097 768 2167 ίφικρατίδας
793 2098 840 2129 ⁵⁸
869 2115 928 2150 τε
957 2098 1348 2170 ὑποδεδεμένος
1369 2116 1383 2129 ·
1429 2096 1474 2168 ᾧ
1515 2103 1672 2173 χορὸς
1721 2122 1867 2175 παρ-

286 2188 459 2241 θένων
497 2188 878 2253 ἐπακολουθεῖ,
915 2190 1218 2259 προτείνων
1250 2192 1465 2257 κλῶνας
1504 2194 1642 2266 πρὸς
1684 2195 1867 2265 ἱκετη-

282 2278 408 2350 ρίαν
435 2278 544 2332 τῶν
571 2280 617 2313 ⁸⁸
656 2278 862 2351 ὕμνων.
895 2280 1268 2352 Παρέπεμπον
1287 2282 1343 2336 δὲ
1360 2284 1459 2355 τὴν
1495 2284 1869 2358 δαφνηφορίαν

281 2371 366 2436 είς
402 2362 740 2437 Ἀπόλλωνος
770 2372 1040 2445 Ἰσμηνίου
1057 2375 1103 2407 ⁸⁷
1131 2374 1229 2429 καὶ
1249 2375 1503 2447 χαλαζίου
1516 2378 1584 2430 ⁵⁸.

357 2553 429 2604 Τὸ
455 2552 514 2605 δὲ
544 2552 1002 2624 τριποδηφορικὸν
1031 2554 1078 2587 δ’
1115 2555 1277 2623 μέλος
1307 2557 1563 2627 τρίποδος
1595 2577 1868 2631 προηγου-

281 2642 450 2712 μένου
478 2643 630 2714 παρά
658 2647 772 2708 τοῖς
800 2646 1057 2710 Βοιωτοῖς
1098 2646 1275 2717 ᾔδετο.
1310 2648 1477 2719 Ἔσχε
1507 2651 1563 2704 δὲ
1587 2654 1682 2705 καὶ
1708 2654 1866 2708 τοῦτο

278 2737 462 2792 αἰτίαν
490 2737 747 2804 τοιαύτην
779 2751 794 2767 ο
837 2738 1133 2807 Πελασγῶν
1175 2757 1319 2803 τινες
1366 2742 1725 2797 Πάνακτον’⁶⁰
1767 2748 1866 2817 τῆς

278 2828 545 2893 Βοιωτίας
570 2828 858 2900 ἐπόρθουν,
875 2829 1103 2900 Θηϐαῖοι
1131 2830 1186 2884 δὲ
1202 2831 1411 2902 ἤμυνον
1439 2834 1537 2887 καὶ
1552 2835 1867 2906 πέμψαντες

277 2922 365 2984 είς
392 2920 653 2991 Δωδώνην
692 2922 821 2990 περὶ
850 2921 949 2991 τῆς
984 2921 1078 2974 τοῦ
1124 2922 1363 2994 πολέμου
1398 2925 1557 2996 νίκης
1604 2927 1861 2997 ἐχρῶντο.

274 3013 547 3084 Χρησμὸς
573 3013 629 3065 δὲ
656 3013 768 3076 τοῖς
801 3011 1061 3079 Θηϐαίοις
1105 3009 1364 3079 ἐξέπεσεν
1394 3017 1490 3083 ὡς,
1519 3019 1567 3070 εί
1608 3019 1864 3088 μέγιστον

273 3104 537 3175 ἀσέϐημα
560 3103 911 3173 ἀσεϐήσουσι,
943 3104 1278 3173 νικήσουσιν.
1312 3105 1533 3172 Ἔδοξεν
1561 3104 1654 3162 οὖν
1682 3110 1865 3177 αὐτοῖς

1977 639 2315 706 oleagineum
2366 638 2567 708 lignum
2612 641 2782 696 lauris
2826 654 3107 712 coronant,
3159 649 3431 717 variisque
3469 651 3567 705 flo—

1979 730 2128 784 ribus
2176 739 2467 795 exornant,
2498 730 2652 799 cujus
2689 733 2740 786 in
2784 734 2937 803 apice
2998 750 3147 790 aenea
3199 738 3407 805 sphaera
3460 741 3566 796 im-

1976 820 2150 888 posita
2182 835 2198 885 ;
2224 835 2290 875 ex
2316 820 2418 875 bac
2441 822 2677 876 minores
2698 823 3033 892 dependent:
3062 826 3241 881 medio
3264 844 3394 883 vero
3421 830 3567 901 ligno

1976 924 2260 980 purpureae
2288 925 2509 966 corona:
2573 912 2921 981 adaptantur,
2966 917 3207 972 minores
3236 934 3396 987 quam
3437 935 3559 991 quae

1975 1016 2190 1057 summo
2222 1001 2442 1071 fastigio
2474 1002 2764 1072 impositae.
2801 1003 2969 1059 lmam
3006 1022 3138 1062 vero
3178 1007 3305 1078 ligni
3346 1020 3559 1079 partem

1976 1092 2425 1148 circumvestiunt
2476 1094 2778 1149 crocotula.
2851 1095 3135 1166 Significat
3188 1109 3367 1154 autem
3435 1101 3568 1168 ipsis

1974 1199 2226 1254 suprema
2285 1185 2500 1253 quidem
2542 1186 2776 1255 sphaera,
2828 1188 3038 1251 solem,
3091 1203 3199 1258 quo
3256 1189 3561 1259 Apollinem

1977 1275 2261 1345 designant
2294 1292 2309 1329 :
2342 1275 2469 1331 huic
2518 1292 2649 1331 vero
2708 1277 2977 1346 subjecta,
3034 1277 3221 1333 lunam
3272 1279 3562 1349 significat.

1973 1366 2187 1421 Globuli
2217 1380 2347 1421 vero
2379 1368 2628 1437 appensi,
2664 1368 2836 1423 stella:
2863 1380 2919 1423 et
2966 1379 3111 1425 astra
3140 1380 3269 1425 sunt
3298 1388 3315 1438 ;
3344 1386 3562 1427 coronae

1972 1472 2210 1512 annuum
2272 1472 2491 1512 cursum
2549 1459 2906 1528 significant:
2963 1469 3237 1516 trecentas
3299 1463 3447 1516 enim
3508 1473 3563 1516 et

1969 1549 2252 1620 sexaginta
2314 1550 2553 1621 quinque
2617 1551 2935 1606 conficiunt.
2980 1550 3182 1606 Praeest
3233 1562 3414 1607 autem
3462 1554 3562 1607 da-

1970 1639 2324 1711 phnephoriis
2364 1654 2500 1710 puer
2526 1641 2826 1709 patrimus,
2867 1650 2923 1695 et
2966 1640 3273 1705 matrimus,
3304 1641 3389 1695 cui
3448 1656 3563 1695 ma-

1967 1735 2114 1789 xime
2159 1734 2506 1802 coniunctus,
2564 1741 2742 1801 gestat
2776 1741 3101 1786 coronatum
3151 1732 3381 1802 lignum,
3410 1732 3557 1802 quod

1972 1821 2145 1877 κωπὼ
2184 1822 2285 1891 ipsi
2350 1828 2566 1876 vocant.
2616 1819 3043 1888 Daphnephorus
3105 1833 3235 1874 vero
3289 1817 3559 1886 sequitur,

1980 1927 2208 1986 tangens
2247 1913 2459 1967 laurum
2488 1931 2500 1967 :
2535 1912 2706 1966 comis
2727 1911 2946 1980 quidem
2980 1910 3230 1964 demissis
3278 1919 3333 1965 et
3374 1908 3561 1975 fluxis,

1977 2021 2250 2076 aureaque
2309 2019 2507 2059 corona
2580 2002 2887 2065 redimitus,
2939 2001 3329 2071 splendidaque
3381 2010 3558 2068 veste,

1976 2109 2031 2155 et
2051 2098 2206 2152 talari
2239 2097 2483 2161 indutus,
2516 2094 2848 2162 calceisque,
2875 2092 3095 2161 quosab
3117 2092 3384 2162 lphricate
3428 2093 3561 2160 Ἰφι-

1976 2189 2236 2261 κρατίδας
2277 2186 2453 2242 Grreci
2480 2195 2675 2255 vocant
2718 2185 2765 2237 ’.
2822 2183 2978 2238 Hunc
3033 2184 3303 2252 virginum
3353 2183 3558 2238 chorus

1976 2282 2292 2343 comitatur,
2329 2291 2510 2331 ramos
2551 2275 2615 2329 ad
2662 2274 3143 2345 supplicationem,
3175 2289 3295 2342 quae
3337 2275 3557 2344 hymnis

1977 2370 2378 2435 celebrabatur,
2440 2364 2800 2435 praetendens.
2850 2360 3135 2416 Mittebant
3183 2371 3363 2416 autem
3418 2362 3556 2415 lauri

1974 2463 2333 2533 gestationem
2366 2460 2430 2514 ad
2450 2457 2714 2527 Apollinis
2744 2454 2962 2511 lsmenii
3022 2464 3076 2510 et
3110 2454 3321 2510 Galaxii
3345 2454 3553 2513 fanum.

2045 2552 2505 2629 Τριποδιφορικδν
2539 2566 2790 2615 carmen,
2826 2549 3035 2619 tripode
3066 2549 3291 2619 praelato
3326 2564 3354 2601 a
3389 2547 3553 2603 Boeo-

1974 2649 2043 2704 tis
2074 2647 2393 2711 cauebatur,
2436 2643 2859 2710 institutumque
2889 2641 2990 2694 hac
3024 2641 3091 2695 de
3120 2655 3307 2695 causa.
3339 2639 3551 2709 Pelasgi

1973 2741 2192 2812 quidam
2235 2737 2555 2799 Panactum,
2592 2732 2812 2786 Boeotiae
2841 2732 3029 2784 urbem
3069 2729 3379 2796 vastabant,
3406 2728 3550 2783 The-

1975 2832 2099 2889 bani
2132 2843 2259 2885 vero
2296 2826 2674 2890 defensabant,
2724 2822 3019 2891 missisque
3065 2822 3117 2875 in
3160 2822 3439 2875 Dodonam
3472 2822 3552 2875 le-

1973 2925 2133 2995 gatis,
2167 2923 2234 2977 de
2263 2918 2390 2976 belli
2428 2917 2654 2972 victoria
2685 2914 3071 2971 consulebant.
3108 2912 3401 2968 Oraculum
3426 2929 3555 2967 vero

1974 3014 2252 3072 Thebanis
2286 3023 2612 3080 responsum
2642 3007 2814 3071 dedit,
2839 3005 2883 3061 si
2915 3004 3116 3075 322a
3169 3004 3553 3074 impiissimum

1972 3107 2181 3165 crimen
2230 3103 2601 3165 admitterent,
2655 3096 2773 3153 fore
2823 3106 2884 3151 ut
2932 3096 3166 3150 victoria
3220 3095 3552 3165 potirentur.

269 3194 643 3264 ἀσεϐημάτων
683 3188 823 3246 εἶναι
860 3193 1116 3263 μέγιστον
1163 3194 1224 3247 τὸ
1258 3196 1357 3267 τὴν
1387 3199 1862 3270 χρησμῳδήσασαν

1978 3199 2165 3254 Visum
2194 3196 2361 3265 igitur
2393 3192 2549 3262 ipsis,
2581 3189 2877 3261 impiorum
2919 3186 3222 3241 facinorum
3256 3189 3550 3241 maximum

270 3286 463 3347 αὐτοίς
492 3285 583 3338 τὸν
617 3284 864 3355 χρησμὸν
885 3283 1133 3338 -ἀνελεῖνο
1162 3287 1256 3339 καὶ
1284 3287 1514 3343 ἀνεῖλον.
1546 3292 1610 3343 Αἱ
1641 3292 1698 3345 δὲ
1731 3295 1859 3364 περὶ

262 3377 339 3429 τὸ
364 3376 587 3446 τέμενος
617 3376 911 3446 συνιέρειαι
929 3374 1085 3447 δίκην
1122 3376 1305 3431 λαϐεῖν
1336 3379 1580 3451 ἀπῄτουν
1616 3384 1711 3438 τοῦ
1761 3387 1859 3455 φό-

259 3486 369 3521 νου
417 3470 544 3532 τοὺς
609 3468 900 3539 Θηϐαίους.
960 3469 1185 3538 Θηϐαῖοι
1238 3472 1294 3525 δὲ
1347 3474 1448 3528 ούκ
1501 3476 1858 3549 ἐπιτρέπουσι

259 3559 492 3626 γυναιξὶ
545 3559 737 3629 μόναις
782 3560 885 3628 τὴν
951 3562 1081 3632 περὶ
1138 3562 1319 3616 αὐτῶν
1373 3564 1591 3633 δίκην⁶¹
1627 3584 1640 3598 ·
1673 3572 1860 3641 κοινῆς

258 3647 335 3701 δὲ
364 3648 601 3719 κρίσεως
637 3648 850 3719 ἀνδρῶν
876 3648 974 3702 καὶ
1018 3652 1293 3719 γυναικῶν
1331 3656 1728 3726 γεγενημένης,
1759 3646 1885 3714 καὶ’

258 3737 384 3791 τῶν
422 3739 631 3810 ἀνδρῶν
685 3738 885 3805 λευκάς
939 3741 1125 3805 αὐτοῖς
1166 3746 1574 3813 ὲπενεγκόντων
1620 3749 1854 3820 ψήφους,

265 3829 561 3898 ἀπέφυγον
605 3830 656 3882 οἱ
714 3831 964 3901 Θηϐαῖοι.
1021 3832 1289 3905 ’Ὕστερον
1345 3836 1402 3889 δὲ
1454 3838 1498 3869 ⁶²
1545 3839 1859 3908 ἐπιγνόντες

262 3919 460 3982 αὐτοῖς
485 3920 545 3972 τὸ
577 3919 682 3974 ύπὺ
718 3920 813 3973 τοῦ
835 3922 1086 3993 χρησμοῦ
1116 3929 1614 3999 προστασσόμενον,
1653 3930 1857 4000 βαστά-

267 4023 469 4069 σαντες
516 4008 627 4061 τῶν
671 4009 814 4063 κατά
859 4011 959 4080 τὴν
1010 4012 1274 4066 Βοιωτίαν
1304 4015 1464 4086 ἱερῶν
1519 4019 1788 4087 τριπόδων
1811 4020 1857 4053 ⁸³

264 4095 390 4160 ἕνα,
418 4096 512 4150 καὶ
544 4098 1025 4168 κατακαλύψαντες
1076 4102 1151 4165 ὡς
1197 4104 1480 4172 ἱερόσυλοι,
1535 4109 1857 4179 ἀνέπεμψαν

263 4187 356 4249 είς
384 4186 665 4257 Δωδώνην.
701 4189 1164 4261 Εύπραγήσαντες
1194 4193 1253 4246 δὲ
1287 4195 1344 4261 ἐξ
1373 4195 1587 4250 ἐκείνου
1621 4199 1717 4251 τοῦ
1747 4199 1857 4254 λοι-

264 4276 377 4329 ποῦ
408 4277 507 4348 τὴν
532 4278 733 4350 πρᾶξιν
756 4279 949 4353 ἑορτὴν
978 4282 1214 4338 ἐποίουν.

353 4368 717 4442 Ὠσχοφορικά
756 4372 801 4404 ⁸⁸
839 4373 897 4426 δὲ
951 4374 1087 4446 μέλη
1140 4378 1269 4449 παρ’
1313 4379 1616 4451 Ἀθηναίοις
1663 4383 1854 4455 ᾔδετο·

260 4461 366 4516 τοῦ
398 4461 561 4533 χοροῦ
592 4463 650 4517 δὲ
688 4464 733 4497 ⁸⁸
781 4465 876 4519 δύο
911 4469 1149 4534 νεανίαι,
1192 4471 1334 4524 κατὰ
1383 4476 1649 4540 γυναῖκας
1696 4478 1853 4530 ἐστο-

1962 3300 2099 3357 fore,
2172 3295 2351 3342 vatem
2424 3299 2549 3354 quae
2636 3280 2963 3336 reddidisset
3040 3279 3175 3347 ipsis
3248 3278 3551 3342 oraculum,

1962 3386 2367 3446 interfecerunt.
2398 3377 2529 3444 Quae
2548 3388 2681 3430 vero
2706 3372 3014 3428 sacerdotes
3031 3371 3234 3439 templo
3261 3381 3549 3441 praeerant.

1972 3476 2293 3549 repetebant
2316 3466 2641 3539 supplicium
2660 3465 2728 3519 de
2751 3464 2898 3518 caede
2928 3478 2957 3516 a
2986 3461 3284 3517 Thebanis.
3306 3462 3549 3517 Thebani

1961 3585 2090 3626 vero
2134 3575 2191 3621 ut
2224 3562 2352 3619 solae
2406 3558 2664 3614 mulieres
2714 3554 3046 3611 sententiam
3093 3556 3159 3609 de
3205 3569 3265 3608 se
3313 3553 3544 3618 ferrem,

1965 3655 2369 3716 detrectabant.
2406 3648 2694 3724 communi
2737 3647 2921 3715 itaque
2964 3644 3169 3715 judicio
3200 3643 3367 3711 facto,
3400 3646 3549 3700 viro-

1961 3766 2082 3807 rum
2112 3746 2272 3805 simul
2300 3759 2364 3799 ac
2401 3741 2717 3803 mulierum,
2748 3747 2803 3793 et
2837 3738 2972 3793 viris
2999 3737 3262 3792 candidos
3302 3736 3548 3792 calculus

1966 3860 2066 3916 pro
2095 3841 2202 3897 illis
2228 3834 2554 3900 ferentibus,
2587 3831 2829 3902 effugere
2863 3829 3131 3885 Thebani.
3161 3828 3393 3899 Cognito
3419 3839 3544 3882 tan-

1964 3939 2086 3992 dem
2140 3934 2193 3989 id
2219 3932 2289 3988 ab
2327 3926 2553 3986 oraculo
2579 3925 2688 3981 illis
2718 3923 3033 3979 mandatum
3059 3922 3247 3987 fuisse,
3278 3922 3542 3991 tripodem

1959 4041 2124 4081 ultum
2161 4040 2227 4081 ex
2264 4024 2354 4089 iis,
2391 4020 2485 4092 qui
2516 4016 2662 4075 sacri
2703 4027 2863 4072 erant
2889 4016 3031 4085 apud
3057 4015 3297 4079 Boeotos,
3324 4024 3544 4085 gestan-

1960 4130 2061 4184 tes,
2106 4133 2170 4172 ac
2225 4124 2390 4179 tecte,
2438 4122 2694 4181 tanquam
2741 4108 3014 4178 sacrilegi,
3068 4108 3541 4172 circumferentes,

1958 4209 2241 4265 Dodonam
2295 4206 2647 4261 remiserunt.
2698 4200 2830 4268 Qua:
2876 4215 2963 4255 res
2996 4214 3120 4253 cum
3151 4198 3383 4256 feliciter
3426 4216 3544 4256 ces-

1957 4302 2141 4368 sisset,
2171 4297 2368 4355 exinde
2403 4296 2458 4350 in
2495 4294 2738 4350 solemne
2767 4289 2966 4346 festum
2998 4290 3164 4346 vertit

2030 4389 2441 4459 Oscbophorica
2501 4400 2633 4440 vero
2678 4381 2940 4439 carmina
2991 4382 3060 4437 ab
3105 4380 3538 4436 Atheniensibus

1960 4483 2297 4539 canebantur
2323 4497 2338 4534 :
2364 4477 2515 4534 chori
2566 4486 2747 4530 autem
2786 4474 3161 4529 adolescentes
3190 4473 3318 4536 duo,
3352 4472 3541 4525 mulie-

260 4555 535 4626 λισμένοι,
593 4557 779 4629 κλῆμα
827 4559 876 4591 ⁸⁸
938 4559 1187 4629 ἀμπέλου
1249 4564 1588 4634 κομίζοντες,
1653 4570 1851 4640 μεστὸν

1971 4575 2041 4631 πί
2077 4582 2229 4629 veste
2278 4570 2480 4635 induti,
2531 4567 2788 4638 palmites
2831 4564 2957 4619 vitis
3004 4573 3302 4634 gestantes,
3352 4561 3540 4631 plenos

255 4646 509 4701 εύθαλῶν
535 4650 778 4721 βοτρύων
810 4651 1058 4722 (ἐκάλουν
1088 4653 1146 4707 δὲ
1174 4654 1308 4710 αὐτὸ
1338 4654 1522 4729 ῶσχην
1557 4660 1625 4724 ⁸⁷,
1663 4662 1757 4731 ἀφ’
1788 4655 1851 4716 οὗ

258 4740 361 4793 καὶ
386 4742 499 4803 τοῖς
519 4741 741 4811 μέλεσιν
768 4744 1133 4813 ήὲπωνυμία)
1153 4746 1254 4816 τῆς
1276 4748 1470 4819 ἑορτῆς
1489 4749 1848 4821 καθηγοῦντο.

262 4830 465 4901 Ἀρξαι
516 4832 576 4885 δέ
622 4850 757 4902 φασι
798 4835 984 4906 Θησέα
1014 4837 1060 4869 ⁸⁸
1093 4839 1311 4910 πρῶτον
1355 4840 1451 4894 τοῦ
1494 4841 1656 4913 ἔργου
1682 4862 1695 4875 ·
1728 4847 1851 4899 ἐπεὶ

252 4922 372 5009 γὰρ
400 4923 649 4989 ἑκούσιος
676 4926 917 4992 ύποστάς
954 4930 1047 4983 τὸν
1094 4932 1175 4994 είς
1209 4933 1436 5003 Κρήτην
1466 4934 1633 4989 πλοῦν
1675 4938 1850 5009 ἀπήλ-

250 5006 388 5071 λαξε
421 5010 519 5080 τὴν
551 5012 790 5084 πατρίδα
836 5016 936 5085 τῆς
976 5017 1119 5070 κατὰ
1166 5018 1259 5072 τὸν
1300 5020 1505 5092 δασμὸν
1540 5006 1848 5098 συμφοράς,

250 5103 592 5191 χαριστήρια
625 5104 912 5170 ἀποδιδοὺς
952 5106 1156 5180 Ἀθηνᾷ
1190 5110 1286 5164 καὶ⁹
1328 5114 1591 5187 Διονύσῳ,
1623 5117 1672 5169 οἳ
1699 5118 1850 5191 αύτῷ

250 5188 402 5243 κστά
460 5190 559 5245 τὴν
613 5193 774 5266 νῆσον
828 5195 927 5267 τὴν
974 5194 1107 5250 Δίαν
1163 5199 1537 5273 ἐπεφάνησαν,
1612 5188 1848 5277 ἔπραττε

1954 4666 2184 4721 maturis
2226 4663 2367 4729 uvis,
2410 4661 2554 4732 quod
2598 4659 2698 4729 ipsi
2754 4657 2935 4729 ὂσχην
2970 4664 3255 4722 vocarunt,
3306 4656 3447 4709 unde
3486 4664 3543 4708 et
3632 4660 3643 4669 ‘

1952 4755 2290 4811 carminibus
2324 4767 2521 4808 nomen
2552 4751 2807 4814 inditum,
2840 4749 3037 4803 festum
3085 4746 3533 4816 auspicabantur.

1951 4847 2199 4903 Primum
2239 4859 2371 4901 vero
2411 4844 2621 4899 Thesea
2652 4844 2755 4898 hoc
2802 4841 3100 4896 inchoasse
3137 4840 3339 4895 ferunt.
3386 4838 3543 4894 Post-

1951 4954 2115 5009 quam
2141 4939 2287 4993 enim
2315 4946 2509 5007 sponte
2545 4950 2645 4991 sua
2675 4935 2728 4989 in
2756 4935 2972 4990 Cretam
3020 4933 3419 5001 navigationem
3455 4931 3541 4985 in-

1949 5024 2246 5090 stituisset,
2281 5024 2513 5093 patriam
2556 5022 2745 5077 tributi
2782 5024 3077 5077 vexatione
3111 5021 3365 5075 liberavit
3396 5038 3410 5073 :
3446 5023 3540 5074 be-

1952 5116 2203 5172 neficium
2238 5115 2587 5186 gratitudiuis
2613 5129 2744 5187 ergo
2789 5114 3027 5170 reddens
3052 5114 3329 5177 Minervae,
3360 5122 3415 5167 et
3440 5111 3533 5165 Li-

1951 5211 2102 5275 bero,
2146 5210 2240 5281 qui
2268 5208 2369 5278 ipsi
2398 5209 2450 5262 in
2478 5208 2572 5263 Dia
2608 5207 2790 5264 insula
2815 5216 3201 5278 apparuerant.
3223 5204 3413 5261 Fiebat
3444 5218 3536 5258 au-

326 5336 358 5378 ιι
394 5325 665 5386 Diodorus
711 5331 930 5388 Siculus
972 5332 1064 5390 lib.
1092 5348 1161 5388 xv
1188 5332 1461 5403 Biblioth;
1505 5339 1704 5398 Suidas
1750 5352 1806 5398 et
1832 5344 2041 5401 Pollux.

1603 5475 1838 5533 νΑῐιιλΕ
1870 5478 2279 5537 LECTIONES.

326 5557 393 5634 "_
402 5557 673 5634 ἐλάσσονα.
683 5560 781 5629 τῆς
790 5561 830 5634 ⁸ὲ
836 5561 890 5615 π’
905 5562 976 5634 ᾄκ
981 5580 1059 5634 ρῳ

1094 5564 1159 5640 ᾼμ,
1188 5563 1453 5640 ἐλάσσονα
1474 5567 1571 5635 τῆς
1596 5567 1882 5640 ἐπ’ῌάκρου
1917 5570 1971 5636 Ιι,
2006 5570 2302 5634 ἐλάσσονας
2330 5570 2431 5640 τῆς
2450 5570 2549 5640 τοῦ,
2569 5571 2729 5638 ξύλου
2762 5589 2823 5635 ς.
2886 5572 2933 5606 ⁵³
2966 5571 3119 5624 κόπω
3146 5583 3231 5638 pr.
3265 5569 3335 5633 Α,
3379 5569 3533 5640 κοπέῦ

254 5627 501 5712 (nardum.
524 5627 584 5683 Β.
611 5629 684 5712 ’ξι
708 5627 1043 5712 καθειμένος
1063 5634 1182 5688 AB:
1210 5627 1539 5712 καθειμένας
1689 5638 1734 5669 ⁸⁸
1772 5627 2132 5712 ίφικρατίδας]
2150 5627 2504 5711 ἐπικρατίδας
2522 5627 2630 5712 Ab.
2683 5643 2754 5712 -ξθ
2770 5627 2886 5712 τῶν
2903 5655 3014 5712 om.
3030 5642 3099 5712 Α.
3146 5627 3217 5679 ’⁸⁷
3252 5627 3535 5712 ἰσάνίευηβν

252 5699 462 5777 ίσυᾳνίου
479 5698 579 5777 It.“
609 5696 657 5733 ⁸⁸
684 5696 1053 5777 χαλαςίουᾼίι
1091 5720 1105 5757 :
1151 5696 1410 5777 γαλαξίου
1445 5696 1533 5770 ς(
1562 5696 1625 5739 ’⁵⁸
1658 5696 1967 5777 τριπόδικὸν
2001 5711 2061 5764 Β.

2164 5712 2209 5743 θ’
2234 5708 2539 5782 Πάνακτον]
2574 5710 2647 5782 cf.
2680 5709 3273 5782 Muller.70rchor_nen.,
3305 5725 3359 5779 p.
3407 5708 3533 5782 585.

250 5766 1081 5866 :1sazwrnv'eswme;
1145 5766 1432 5866 sese
1453 5766 1530 5831 λε
1606 5766 2094 5866 ετεριπάδωγ.Αιι.ε
2121 5780 2349 5852 τρίποδα
2458 5766 3069 5866 Momm:
3107 5766 3439 5853 ἀσκοφοιικά
3472 5795 3532 5848 ει

254 5839 302 5876 ⁸⁸
330 5837 386 5891 δὲ
426 5837 538 5893 oni.
563 5837 652 5895 Af
729 5842 773 5873 °°
829 5842 1085 5913 κλήματα
1107 5874 1179 5887 -—
1205 5845 1418 5916 μεστῶν
1450 5865 1510 5912 ς.

1611 5848 1653 5887 ⁸⁷
1686 5848 1867 5921 ὥσχην
1894 5849 1976 5907 Ah
2003 5867 2015 5904 :
2052 5848 2220 5924 δσχην
2253 5870 2313 5919 ς.

2390 5852 2433 5885 ⁸⁸
2456 5852 2638 5924 Θησέα
2668 5852 2801 5921 φασὶ
2831 5868 2890 5917 ς.
