  <div class='ocr_page' id='page_1' title='image "/cluster/home/n/w/nwhite01/storage/ocr_20150623/103:no.3/coo.31924054870070/620.png"; bbox 0 0 3954 6456; ppageno 0'>
   <div class='ocr_carea' id='block_1_1' title="bbox 280 392 418 459">
    <p class='ocr_par' dir='ltr' id='par_1_1' title="bbox 280 392 418 459">
     <span class='ocr_line' id='line_1_1' title="bbox 280 392 418 459; baseline 0.029 -4"><span class='ocrx_word' id='word_1_1' title='bbox 280 392 418 459; x_wconf 72' lang='grc'>1209</span> 
     </span>
    </p>
   </div>
   <div class='ocr_carea' id='block_1_2' title="bbox 1364 402 2448 469">
    <p class='ocr_par' dir='ltr' id='par_1_2' title="bbox 1364 402 2448 469">
     <span class='ocr_line' id='line_1_2' title="bbox 1364 402 2448 469; baseline 0.006 -9"><span class='ocrx_word' id='word_1_2' title='bbox 1364 402 1890 464; x_wconf 76' lang='lat' dir='ltr'><strong>BIBLIOTHECA.</strong></span> <span class='ocrx_word' id='word_1_3' title='bbox 1926 430 1993 441; x_wconf 92' lang='grc'><strong>-</strong></span> <span class='ocrx_word' id='word_1_4' title='bbox 2016 404 2179 465; x_wconf 84' lang='lat' dir='ltr'><strong>COD.</strong></span> <span class='ocrx_word' id='word_1_5' title='bbox 2238 405 2448 469; x_wconf 87' lang='lat' dir='ltr'><strong>CCXL.</strong></span> 
     </span>
    </p>
   </div>
   <div class='ocr_carea' id='block_1_3' title="bbox 3399 406 3539 473">
    <p class='ocr_par' dir='ltr' id='par_1_3' title="bbox 3399 406 3539 473">
     <span class='ocr_line' id='line_1_3' title="bbox 3399 406 3539 473; baseline 0 -2"><span class='ocrx_word' id='word_1_6' title='bbox 3399 406 3539 473; x_wconf 76' lang='lat'><strong>1210</strong></span> 
     </span>
    </p>
   </div>
   <div class='ocr_carea' id='block_1_4' title="bbox 348 496 1858 586">
    <p class='ocr_par' dir='ltr' id='par_1_4' title="bbox 348 496 1847 580">
     <span class='ocr_line' id='line_1_4' title="bbox 348 496 1847 580; baseline 0.006 -25"><span class='ocrx_word' id='word_1_7' title='bbox 348 505 473 555; x_wconf 82' lang='grc' dir='ltr'><strong>Ὅτι</strong></span> <span class='ocrx_word' id='word_1_8' title='bbox 504 503 706 567; x_wconf 80' lang='grc' dir='ltr'><strong>σκοπὸς</strong></span> <span class='ocrx_word' id='word_1_9' title='bbox 733 496 799 573; x_wconf 81' lang='grc' dir='ltr'><strong>ἦν</strong></span> <span class='ocrx_word' id='word_1_10' title='bbox 823 503 899 574; x_wconf 81' lang='grc' dir='ltr'><strong>τῷ</strong></span> <span class='ocrx_word' id='word_1_11' title='bbox 932 504 1124 559; x_wconf 84' lang='grc' dir='ltr'><strong>Μωσεῖ</strong></span> <span class='ocrx_word' id='word_1_12' title='bbox 1145 505 1269 559; x_wconf 80' lang='grc' dir='ltr'><strong>οὔτε</strong></span> <span class='ocrx_word' id='word_1_13' title='bbox 1298 511 1695 580; x_wconf 83' lang='grc' dir='ltr'><strong>φυσιολογῆσαι</strong></span> <span class='ocrx_word' id='word_1_14' title='bbox 1723 511 1847 564; x_wconf 73' lang='grc' dir='ltr'><strong>οὕτε</strong></span> 
     </span>
    </p>
   </div>
   <div class='ocr_carea' id='block_1_5' title="bbox 1966 496 3530 586">
    <p class='ocr_par' dir='ltr' id='par_1_5' title="bbox 2025 512 3530 586">
     <span class='ocr_line' id='line_1_5' title="bbox 2025 512 3530 586; baseline 0.004 -22"><span class='ocrx_word' id='word_1_15' title='bbox 2025 512 2201 567; x_wconf 78' lang='lat' dir='ltr'><strong>Moses</strong></span> <span class='ocrx_word' id='word_1_16' title='bbox 2220 530 2319 569; x_wconf 89' lang='lat' dir='ltr'><strong>nec</strong></span> <span class='ocrx_word' id='word_1_17' title='bbox 2338 515 2622 586; x_wconf 89' lang='lat' dir='ltr'><strong>physicum</strong></span> <span class='ocrx_word' id='word_1_18' title='bbox 2643 528 2744 570; x_wconf 90' lang='lat' dir='ltr'><strong>nec</strong></span> <span class='ocrx_word' id='word_1_19' title='bbox 2766 523 3141 571; x_wconf 83' lang='lat' dir='ltr'><strong>astronomum</strong></span> <span class='ocrx_word' id='word_1_20' title='bbox 3163 529 3322 585; x_wconf 76' lang='lat' dir='ltr'><strong>agere</strong></span> <span class='ocrx_word' id='word_1_21' title='bbox 3341 517 3530 583; x_wconf 87' lang='lat' dir='ltr'><strong>voluit,</strong></span> 
     </span>
    </p>
   </div>
   <div class='ocr_carea' id='block_1_6' title="bbox 274 593 1853 672">
    <p class='ocr_par' dir='ltr' id='par_1_6' title="bbox 274 593 1853 672">
     <span class='ocr_line' id='line_1_6' title="bbox 274 593 1853 672; baseline 0.006 -25"><span class='ocrx_word' id='word_1_22' title='bbox 274 594 710 664; x_wconf 62' lang='grc' dir='ltr'><strong>ἀστροωμῆσαι,</strong></span> <span class='ocrx_word' id='word_1_23' title='bbox 763 593 881 648; x_wconf 83' lang='grc' dir='ltr'><strong>ἀλλ’</strong></span> <span class='ocrx_word' id='word_1_24' title='bbox 933 597 1012 659; x_wconf 80' lang='grc' dir='ltr'><strong>εἰς</strong></span> <span class='ocrx_word' id='word_1_25' title='bbox 1074 598 1403 665; x_wconf 82' lang='grc' dir='ltr'><strong>θεογνωσίαν</strong></span> <span class='ocrx_word' id='word_1_26' title='bbox 1460 604 1554 655; x_wconf 73' lang='grc' dir='ltr'><strong>καὶ</strong></span> <span class='ocrx_word' id='word_1_27' title='bbox 1604 603 1694 655; x_wconf 75' lang='grc' dir='ltr'><strong>διὰ</strong></span> <span class='ocrx_word' id='word_1_28' title='bbox 1752 603 1853 672; x_wconf 84' lang='grc' dir='ltr'><strong>τῆς</strong></span> 
     </span>
    </p>
   </div>
   <div class='ocr_carea' id='block_1_7' title="bbox 273 684 1854 765">
    <p class='ocr_par' dir='ltr' id='par_1_7' title="bbox 273 684 1854 765">
     <span class='ocr_line' id='line_1_7' title="bbox 273 684 1854 765; baseline 0.008 -28"><span class='ocrx_word' id='word_1_29' title='bbox 273 686 636 755; x_wconf 83' lang='grc' dir='ltr'><strong>κοσμογονίας</strong></span> <span class='ocrx_word' id='word_1_30' title='bbox 685 684 1009 755; x_wconf 81' lang='grc' dir='ltr'>ἀνθρώπους</span> <span class='ocrx_word' id='word_1_31' title='bbox 1059 688 1310 757; x_wconf 81' lang='grc' dir='ltr'><strong>ἀγαγεῖν,</strong></span> <span class='ocrx_word' id='word_1_32' title='bbox 1364 694 1460 745; x_wconf 77' lang='grc' dir='ltr'><strong>καὶ</strong></span> <span class='ocrx_word' id='word_1_33' title='bbox 1506 696 1854 765; x_wconf 69' lang='grc' dir='ltr'><strong>παραστῆσαι</strong></span> 
     </span>
    </p>
   </div>
   <div class='ocr_carea' id='block_1_8' title="bbox 272 775 1857 858">
    <p class='ocr_par' dir='ltr' id='par_1_8' title="bbox 272 775 1857 858">
     <span class='ocr_line' id='line_1_8' title="bbox 272 775 1857 858; baseline 0.008 -30"><span class='ocrx_word' id='word_1_34' title='bbox 272 777 355 829; x_wconf 80' lang='grc' dir='ltr'><strong>ὅτι</strong></span> <span class='ocrx_word' id='word_1_35' title='bbox 393 776 459 846; x_wconf 80' lang='grc' dir='ltr'><strong>δὴ</strong></span> <span class='ocrx_word' id='word_1_36' title='bbox 486 775 549 828; x_wconf 85' lang='grc' dir='ltr'><strong>τὸ</strong></span> <span class='ocrx_word' id='word_1_37' title='bbox 576 776 720 846; x_wconf 77' lang='grc' dir='ltr'><strong>μέγα</strong></span> <span class='ocrx_word' id='word_1_38' title='bbox 748 777 906 830; x_wconf 82' lang='grc' dir='ltr'><strong>τοῦτο</strong></span> <span class='ocrx_word' id='word_1_39' title='bbox 944 779 1039 831; x_wconf 76' lang='grc' dir='ltr'><strong>καὶ</strong></span> <span class='ocrx_word' id='word_1_40' title='bbox 1084 778 1339 852; x_wconf 83' lang='grc' dir='ltr'><strong>λαμπρόν</strong></span> <span class='ocrx_word' id='word_1_41' title='bbox 1367 782 1462 837; x_wconf 78' lang='grc' dir='ltr'><strong>τοῦ</strong></span> <span class='ocrx_word' id='word_1_42' title='bbox 1519 787 1727 857; x_wconf 78' lang='grc' dir='ltr'><strong>κόσμου</strong></span> <span class='ocrx_word' id='word_1_43' title='bbox 1756 786 1857 858; x_wconf 86' lang='grc' dir='ltr'><strong>δη-</strong></span> 
     </span>
    </p>
   </div>
   <div class='ocr_carea' id='block_1_9' title="bbox 274 869 1857 947">
    <p class='ocr_par' dir='ltr' id='par_1_9' title="bbox 274 869 1857 947">
     <span class='ocr_line' id='line_1_9' title="bbox 274 869 1857 947; baseline 0.006 -24"><span class='ocrx_word' id='word_1_44' title='bbox 274 869 596 941; x_wconf 83' lang='grc' dir='ltr'><strong>μιούργημα</strong></span> <span class='ocrx_word' id='word_1_45' title='bbox 637 870 751 942; x_wconf 75' lang='grc' dir='ltr'><strong>ἔχει</strong></span> <span class='ocrx_word' id='word_1_46' title='bbox 796 873 889 927; x_wconf 82' lang='grc' dir='ltr'><strong>τὸν</strong></span> <span class='ocrx_word' id='word_1_47' title='bbox 938 872 1074 928; x_wconf 84' lang='grc' dir='ltr'><strong>Θεὸν</strong></span> <span class='ocrx_word' id='word_1_48' title='bbox 1108 877 1363 947; x_wconf 79' lang='grc' dir='ltr'><strong>ποιητὴν,</strong></span> <span class='ocrx_word' id='word_1_49' title='bbox 1409 878 1505 930; x_wconf 74' lang='grc' dir='ltr'><strong>καὶ</strong></span> <span class='ocrx_word' id='word_1_50' title='bbox 1536 877 1661 931; x_wconf 77' lang='grc' dir='ltr'><strong>οὔτε</strong></span> <span class='ocrx_word' id='word_1_51' title='bbox 1703 878 1857 932; x_wconf 86' lang='grc' dir='ltr'><strong>αὐτό-</strong></span> 
     </span>
    </p>
   </div>
   <div class='ocr_carea' id='block_1_10' title="bbox 276 961 1857 1040">
    <p class='ocr_par' dir='ltr' id='par_1_10' title="bbox 276 961 1857 1040">
     <span class='ocr_line' id='line_1_10' title="bbox 276 961 1857 1040; baseline 0.007 -26"><span class='ocrx_word' id='word_1_52' title='bbox 276 979 449 1031; x_wconf 86' lang='grc' dir='ltr'><strong>ματον</strong></span> <span class='ocrx_word' id='word_1_53' title='bbox 480 961 607 1033; x_wconf 74' lang='grc' dir='ltr'><strong>ἔσχε</strong></span> <span class='ocrx_word' id='word_1_54' title='bbox 636 964 734 1034; x_wconf 84' lang='grc' dir='ltr'><strong>τὴν</strong></span> <span class='ocrx_word' id='word_1_55' title='bbox 775 964 1011 1038; x_wconf 79' lang='grc' dir='ltr'><strong>ὕπαρξιν</strong></span> <span class='ocrx_word' id='word_1_56' title='bbox 1044 964 1170 1022; x_wconf 77' lang='grc' dir='ltr'><strong>οὔτε</strong></span> <span class='ocrx_word' id='word_1_57' title='bbox 1199 968 1464 1040; x_wconf 80' lang='grc' dir='ltr'><strong>ἀγένητον</strong></span> <span class='ocrx_word' id='word_1_58' title='bbox 1491 969 1588 1040; x_wconf 83' lang='grc' dir='ltr'><strong>τὴν</strong></span> <span class='ocrx_word' id='word_1_59' title='bbox 1622 970 1857 1025; x_wconf 80' lang='grc' dir='ltr'><strong>ὑπόστα-</strong></span> 
     </span>
    </p>
   </div>
   <div class='ocr_carea' id='block_1_11' title="bbox 274 1055 1855 1135">
    <p class='ocr_par' dir='ltr' id='par_1_11' title="bbox 274 1055 1855 1135">
     <span class='ocr_line' id='line_1_11' title="bbox 274 1055 1855 1135; baseline 0.006 -28"><span class='ocrx_word' id='word_1_60' title='bbox 274 1070 361 1107; x_wconf 85' lang='grc' dir='ltr'><strong>σιν</strong></span> <span class='ocrx_word' id='word_1_61' title='bbox 386 1055 478 1108; x_wconf 78' lang='grc' dir='ltr'><strong>καὶ</strong></span> <span class='ocrx_word' id='word_1_62' title='bbox 498 1055 576 1126; x_wconf 88' lang='grc' dir='ltr'>τῷ</span> <span class='ocrx_word' id='word_1_63' title='bbox 609 1055 729 1127; x_wconf 86' lang='grc' dir='ltr'><strong>Θεῷ</strong></span> <span class='ocrx_word' id='word_1_64' title='bbox 764 1059 1054 1113; x_wconf 81' lang='grc' dir='ltr'><strong>συναῖδιον.</strong></span> <span class='ocrx_word' id='word_1_65' title='bbox 1088 1061 1200 1114; x_wconf 64' lang='grc' dir='ltr'><strong>Καὶ⁵</strong></span> <span class='ocrx_word' id='word_1_66' title='bbox 1226 1060 1491 1115; x_wconf 83' lang='grc' dir='ltr'><strong>Πλάτωνα</strong></span> <span class='ocrx_word' id='word_1_67' title='bbox 1523 1062 1584 1116; x_wconf 84' lang='grc' dir='ltr'><strong>δὲ</strong></span> <span class='ocrx_word' id='word_1_68' title='bbox 1608 1062 1701 1117; x_wconf 84' lang='grc' dir='ltr'><strong>τὸν</strong></span> <span class='ocrx_word' id='word_1_69' title='bbox 1723 1064 1855 1135; x_wconf 85' lang='grc' dir='ltr'><strong>παρ’</strong></span> 
     </span>
    </p>
   </div>
   <div class='ocr_carea' id='block_1_12' title="bbox 277 1145 1857 1219">
    <p class='ocr_par' dir='ltr' id='par_1_12' title="bbox 277 1145 1857 1219">
     <span class='ocr_line' id='line_1_12' title="bbox 277 1145 1857 1219; baseline 0.008 -23"><span class='ocrx_word' id='word_1_70' title='bbox 277 1145 501 1215; x_wconf 82' lang='grc' dir='ltr'><strong>Ἕλλησι</strong></span> <span class='ocrx_word' id='word_1_71' title='bbox 551 1147 876 1217; x_wconf 81' lang='grc' dir='ltr'><strong>νομισθέντα</strong></span> <span class='ocrx_word' id='word_1_72' title='bbox 942 1149 1254 1219; x_wconf 78' lang='grc' dir='ltr'><strong>σοφώτατον</strong></span> <span class='ocrx_word' id='word_1_73' title='bbox 1281 1192 1297 1217; x_wconf 92' lang='grc'><strong>,</strong></span> <span class='ocrx_word' id='word_1_74' title='bbox 1377 1154 1555 1207; x_wconf 88' lang='grc' dir='ltr'><strong>καίτοι</strong></span> <span class='ocrx_word' id='word_1_75' title='bbox 1632 1154 1857 1219; x_wconf 79' lang='grc' dir='ltr'><strong>πολλαῖς</strong></span> 
     </span>
    </p>
   </div>
   <div class='ocr_carea' id='block_1_13' title="bbox 276 1235 1856 1317">
    <p class='ocr_par' dir='ltr' id='par_1_13' title="bbox 276 1235 1856 1317">
     <span class='ocr_line' id='line_1_13' title="bbox 276 1235 1856 1317; baseline 0.008 -29"><span class='ocrx_word' id='word_1_76' title='bbox 276 1235 502 1308; x_wconf 76' lang='grc' dir='ltr'><strong>ὕστερον</strong></span> <span class='ocrx_word' id='word_1_77' title='bbox 558 1242 773 1306; x_wconf 79' lang='grc' dir='ltr'><strong>γενεαῖς</strong></span> <span class='ocrx_word' id='word_1_78' title='bbox 819 1241 1080 1310; x_wconf 80' lang='grc' dir='ltr'><strong>γεγονότα</strong></span> <span class='ocrx_word' id='word_1_79' title='bbox 1129 1243 1225 1296; x_wconf 76' lang='grc' dir='ltr'><strong>καὶ</strong></span> <span class='ocrx_word' id='word_1_80' title='bbox 1267 1245 1330 1298; x_wconf 87' lang='grc' dir='ltr'><strong>οὐ</strong></span> <span class='ocrx_word' id='word_1_81' title='bbox 1387 1246 1587 1316; x_wconf 83' lang='grc' dir='ltr'><strong>πλήθει</strong></span> <span class='ocrx_word' id='word_1_82' title='bbox 1635 1246 1856 1317; x_wconf 79' lang='grc' dir='ltr'><strong>τυχόντι</strong></span> 
     </span>
    </p>
   </div>
   <div class='ocr_carea' id='block_1_14' title="bbox 272 1329 1857 1409">
    <p class='ocr_par' dir='ltr' id='par_1_14' title="bbox 272 1329 1857 1409">
     <span class='ocr_line' id='line_1_14' title="bbox 272 1329 1857 1409; baseline 0.006 -29"><span class='ocrx_word' id='word_1_83' title='bbox 272 1330 400 1392; x_wconf 83' lang='grc' dir='ltr'><strong>τοὺς</strong></span> <span class='ocrx_word' id='word_1_84' title='bbox 451 1329 642 1397; x_wconf 83' lang='grc' dir='ltr'><strong>λόγους</strong></span> <span class='ocrx_word' id='word_1_85' title='bbox 694 1330 1041 1400; x_wconf 83' lang='grc' dir='ltr'><strong>ποιούμενον,</strong></span> <span class='ocrx_word' id='word_1_86' title='bbox 1077 1333 1215 1387; x_wconf 80' lang='grc' dir='ltr'><strong>ἀλλὰ</strong></span> <span class='ocrx_word' id='word_1_87' title='bbox 1260 1336 1373 1398; x_wconf 91' lang='grc' dir='ltr'><strong>τοῖς</strong></span> <span class='ocrx_word' id='word_1_88' title='bbox 1421 1335 1516 1388; x_wconf 74' lang='grc' dir='ltr'><strong>ἐπὶ</strong></span> <span class='ocrx_word' id='word_1_89' title='bbox 1566 1336 1857 1409; x_wconf 74' lang='grc' dir='ltr'>φιλοσοφίᾳ</span> 
     </span>
    </p>
   </div>
   <div class='ocr_carea' id='block_1_15' title="bbox 271 1413 1853 1499">
    <p class='ocr_par' dir='ltr' id='par_1_15' title="bbox 271 1413 1853 1499">
     <span class='ocr_line' id='line_1_15' title="bbox 271 1413 1853 1499; baseline 0.007 -28"><span class='ocrx_word' id='word_1_90' title='bbox 271 1421 382 1474; x_wconf 84' lang='grc' dir='ltr'><strong>τῶν</strong></span> <span class='ocrx_word' id='word_1_91' title='bbox 406 1413 961 1493; x_wconf 77' lang='grc' dir='ltr'><strong>ἄλλων’προῦχουσιν,</strong></span> <span class='ocrx_word' id='word_1_92' title='bbox 988 1425 1141 1495; x_wconf 85' lang='grc' dir='ltr'><strong>ὅμως</strong></span> <span class='ocrx_word' id='word_1_93' title='bbox 1176 1427 1381 1482; x_wconf 79' lang='grc' dir='ltr'><strong>Μωσέα</strong></span> <span class='ocrx_word' id='word_1_94' title='bbox 1400 1428 1673 1482; x_wconf 89' lang='grc' dir='ltr'><strong>δείκνυσιν</strong></span> <span class='ocrx_word' id='word_1_95' title='bbox 1695 1430 1754 1482; x_wconf 82' lang='grc' dir='ltr'><strong>ὲν</strong></span> <span class='ocrx_word' id='word_1_96' title='bbox 1785 1432 1853 1499; x_wconf 78' lang='grc' dir='ltr'><strong>τῇ</strong></span> 
     </span>
    </p>
   </div>
   <div class='ocr_carea' id='block_1_16' title="bbox 271 1511 1853 1589">
    <p class='ocr_par' dir='ltr' id='par_1_16' title="bbox 271 1511 1853 1589">
     <span class='ocr_line' id='line_1_16' title="bbox 271 1511 1853 1589; baseline 0.006 -25"><span class='ocrx_word' id='word_1_97' title='bbox 271 1511 373 1581; x_wconf 83' lang='grc' dir='ltr'><strong>τῆς</strong></span> <span class='ocrx_word' id='word_1_98' title='bbox 421 1515 781 1584; x_wconf 88' lang='grc' dir='ltr'><strong>κοσμογονίας</strong></span> <span class='ocrx_word' id='word_1_99' title='bbox 857 1515 1023 1568; x_wconf 81' lang='grc' dir='ltr'><strong>αὑτοῦ</strong></span> <span class='ocrx_word' id='word_1_100' title='bbox 1096 1517 1348 1588; x_wconf 70' lang='grc' dir='ltr'><strong>διηγήσει</strong></span> <span class='ocrx_word' id='word_1_101' title='bbox 1424 1519 1853 1589; x_wconf 82' lang='grc' dir='ltr'><strong>ἐκμιμούμενον.</strong></span> 
     </span>
    </p>
   </div>
   <div class='ocr_carea' id='block_1_17' title="bbox 275 1601 1857 1677">
    <p class='ocr_par' dir='ltr' id='par_1_17' title="bbox 275 1601 1857 1677">
     <span class='ocr_line' id='line_1_17' title="bbox 275 1601 1857 1677; baseline 0.005 -22"><span class='ocrx_word' id='word_1_102' title='bbox 275 1601 417 1656; x_wconf 86' lang='grc' dir='ltr'><strong>Πολὺ</strong></span> <span class='ocrx_word' id='word_1_103' title='bbox 456 1603 514 1656; x_wconf 83' lang='grc' dir='ltr'><strong>δὲ</strong></span> <span class='ocrx_word' id='word_1_104' title='bbox 569 1605 1152 1677; x_wconf 81' lang='grc' dir='ltr'><strong>μεγαλοπρεπέστερον</strong></span> <span class='ocrx_word' id='word_1_105' title='bbox 1199 1608 1401 1661; x_wconf 81' lang='grc' dir='ltr'><strong>Μωσέα</strong></span> <span class='ocrx_word' id='word_1_106' title='bbox 1446 1608 1738 1674; x_wconf 86' lang='grc' dir='ltr'><strong>Πλάτωνος</strong></span> <span class='ocrx_word' id='word_1_107' title='bbox 1767 1628 1857 1665; x_wconf 91' lang='grc' dir='ltr'><strong>τε-</strong></span> 
     </span>
    </p>
   </div>
   <div class='ocr_carea' id='block_1_18' title="bbox 273 1693 1855 1771">
    <p class='ocr_par' dir='ltr' id='par_1_18' title="bbox 273 1693 1855 1771">
     <span class='ocr_line' id='line_1_18' title="bbox 273 1693 1855 1771; baseline 0.005 -23"><span class='ocrx_word' id='word_1_108' title='bbox 273 1693 661 1765; x_wconf 88' lang='grc' dir='ltr'><strong>θεολογηκέναι</strong></span> <span class='ocrx_word' id='word_1_109' title='bbox 691 1698 1045 1769; x_wconf 82' lang='grc' dir='ltr'><strong>παρίστησιν.</strong></span> <span class='ocrx_word' id='word_1_110' title='bbox 1068 1699 1190 1753; x_wconf 75' lang='grc' dir='ltr'><strong>Ὀτι</strong></span> <span class='ocrx_word' id='word_1_111' title='bbox 1216 1700 1368 1753; x_wconf 79' lang='grc' dir='ltr'><strong>οὐδέν</strong></span> <span class='ocrx_word' id='word_1_112' title='bbox 1391 1717 1555 1771; x_wconf 88' lang='grc' dir='ltr'><strong>φησιν</strong></span> <span class='ocrx_word' id='word_1_113' title='bbox 1586 1702 1695 1755; x_wconf 86' lang='grc' dir='ltr'><strong>οὐδ’</strong></span> <span class='ocrx_word' id='word_1_114' title='bbox 1719 1701 1855 1767; x_wconf 82' lang='grc' dir='ltr'><strong>ὅλως</strong></span> 
     </span>
    </p>
   </div>
   <div class='ocr_carea' id='block_1_19' title="bbox 273 1788 1857 1863">
    <p class='ocr_par' dir='ltr' id='par_1_19' title="bbox 273 1788 1857 1863">
     <span class='ocr_line' id='line_1_19' title="bbox 273 1788 1857 1863; baseline 0.002 -22"><span class='ocrx_word' id='word_1_115' title='bbox 273 1789 382 1841; x_wconf 91' lang='grc' dir='ltr'><strong>τῶν</strong></span> <span class='ocrx_word' id='word_1_116' title='bbox 428 1788 487 1842; x_wconf 85' lang='grc' dir='ltr'><strong>ὲν</strong></span> <span class='ocrx_word' id='word_1_117' title='bbox 522 1790 588 1859; x_wconf 84' lang='grc' dir='ltr'><strong>τῇ</strong></span> <span class='ocrx_word' id='word_1_118' title='bbox 619 1790 949 1863; x_wconf 76' lang='grc' dir='ltr'><strong>κοσμογονίᾳ</strong></span> <span class='ocrx_word' id='word_1_119' title='bbox 989 1790 1084 1843; x_wconf 83' lang='grc' dir='ltr'><strong>τοῦ</strong></span> <span class='ocrx_word' id='word_1_120' title='bbox 1112 1791 1393 1861; x_wconf 81' lang='grc' dir='ltr'><strong>προφήτου</strong></span> <span class='ocrx_word' id='word_1_121' title='bbox 1421 1793 1488 1862; x_wconf 81' lang='grc' dir='ltr'><strong>τῇ</strong></span> <span class='ocrx_word' id='word_1_122' title='bbox 1516 1790 1611 1845; x_wconf 81' lang='grc' dir='ltr'><strong>τοῦ</strong></span> <span class='ocrx_word' id='word_1_123' title='bbox 1655 1793 1857 1857; x_wconf 65' lang='grc' dir='ltr'><strong>παντὸς</strong></span> 
     </span>
    </p>
   </div>
   <div class='ocr_carea' id='block_1_20' title="bbox 1957 605 3532 677">
    <p class='ocr_par' dir='ltr' id='par_1_20' title="bbox 1957 605 3532 677">
     <span class='ocr_line' id='line_1_20' title="bbox 1957 605 3532 677; baseline 0.001 -17"><span class='ocrx_word' id='word_1_124' title='bbox 1957 605 2051 660; x_wconf 82' lang='lat' dir='ltr'><strong>sed</strong></span> <span class='ocrx_word' id='word_1_125' title='bbox 2086 606 2337 661; x_wconf 81' lang='lat' dir='ltr'><strong>homines</strong></span> <span class='ocrx_word' id='word_1_126' title='bbox 2385 609 2453 661; x_wconf 91' lang='lat' dir='ltr'><strong>ad</strong></span> <span class='ocrx_word' id='word_1_127' title='bbox 2480 606 2572 662; x_wconf 90' lang='lat' dir='ltr'><strong>Dei</strong></span> <span class='ocrx_word' id='word_1_128' title='bbox 2603 608 2990 677; x_wconf 89' lang='lat' dir='ltr'><strong>cognitionem,</strong></span> <span class='ocrx_word' id='word_1_129' title='bbox 3020 622 3115 675; x_wconf 91' lang='lat' dir='ltr'><strong>per</strong></span> <span class='ocrx_word' id='word_1_130' title='bbox 3140 608 3323 663; x_wconf 85' lang='lat' dir='ltr'><strong>mundi</strong></span> <span class='ocrx_word' id='word_1_131' title='bbox 3369 611 3532 663; x_wconf 86' lang='lat' dir='ltr'><strong>etiam</strong></span> 
     </span>
    </p>
   </div>
   <div class='ocr_carea' id='block_1_21' title="bbox 1958 698 3533 767">
    <p class='ocr_par' dir='ltr' id='par_1_21' title="bbox 1958 698 3533 767">
     <span class='ocr_line' id='line_1_21' title="bbox 1958 698 3533 767; baseline 0 -16"><span class='ocrx_word' id='word_1_132' title='bbox 1958 698 2291 752; x_wconf 74' lang='lat' dir='ltr'><strong>creationem</strong></span> <span class='ocrx_word' id='word_1_133' title='bbox 2321 698 2537 753; x_wconf 88' lang='lat' dir='ltr'><strong>trahere</strong></span> <span class='ocrx_word' id='word_1_134' title='bbox 2558 708 2614 754; x_wconf 91' lang='lat' dir='ltr'><strong>et</strong></span> <span class='ocrx_word' id='word_1_135' title='bbox 2638 698 2870 752; x_wconf 78' lang='lat' dir='ltr'><strong>invitare</strong></span> <span class='ocrx_word' id='word_1_136' title='bbox 2890 708 3123 753; x_wconf 86' lang='lat' dir='ltr'><strong>conatus</strong></span> <span class='ocrx_word' id='word_1_137' title='bbox 3149 708 3255 752; x_wconf 88' lang='lat' dir='ltr'><strong>est.</strong></span> <span class='ocrx_word' id='word_1_138' title='bbox 3282 698 3533 767; x_wconf 78' lang='lat' dir='ltr'><strong>Magnum</strong></span> 
     </span>
    </p>
   </div>
   <div class='ocr_carea' id='block_1_22' title="bbox 1956 788 3539 858">
    <p class='ocr_par' dir='ltr' id='par_1_22' title="bbox 1956 788 3539 858">
     <span class='ocr_line' id='line_1_22' title="bbox 1956 788 3539 858; baseline 0.001 -16"><span class='ocrx_word' id='word_1_139' title='bbox 1956 788 2061 843; x_wconf 89' lang='lat' dir='ltr'><strong>hoc</strong></span> <span class='ocrx_word' id='word_1_140' title='bbox 2096 798 2152 844; x_wconf 86' lang='lat' dir='ltr'><strong>et</strong></span> <span class='ocrx_word' id='word_1_141' title='bbox 2183 790 2525 858; x_wconf 78' lang='lat' dir='ltr'><strong>Splendidum</strong></span> <span class='ocrx_word' id='word_1_142' title='bbox 2555 790 2739 844; x_wconf 91' lang='lat' dir='ltr'><strong>mundi</strong></span> <span class='ocrx_word' id='word_1_143' title='bbox 2774 803 2911 857; x_wconf 88' lang='lat' dir='ltr'><strong>opus</strong></span> <span class='ocrx_word' id='word_1_144' title='bbox 2949 805 2978 843; x_wconf 91' lang='lat' dir='ltr'><strong>a</strong></span> <span class='ocrx_word' id='word_1_145' title='bbox 3022 789 3132 843; x_wconf 81' lang='lat' dir='ltr'><strong>Deo</strong></span> <span class='ocrx_word' id='word_1_146' title='bbox 3166 788 3391 851; x_wconf 78' lang='lat' dir='ltr'><strong>factum,</strong></span> <span class='ocrx_word' id='word_1_147' title='bbox 3442 805 3539 843; x_wconf 85' lang='lat' dir='ltr'><strong>ne-</strong></span> 
     </span>
    </p>
   </div>
   <div class='ocr_carea' id='block_1_23' title="bbox 1955 878 3535 949">
    <p class='ocr_par' dir='ltr' id='par_1_23' title="bbox 1955 878 3535 949">
     <span class='ocr_line' id='line_1_23' title="bbox 1955 878 3535 949; baseline -0.002 -16"><span class='ocrx_word' id='word_1_148' title='bbox 1955 893 2064 948; x_wconf 90' lang='lat' dir='ltr'><strong>que</strong></span> <span class='ocrx_word' id='word_1_149' title='bbox 2096 894 2125 932; x_wconf 87' lang='lat' dir='ltr'><strong>a</strong></span> <span class='ocrx_word' id='word_1_150' title='bbox 2166 896 2227 935; x_wconf 88' lang='lat' dir='ltr'><strong>se</strong></span> <span class='ocrx_word' id='word_1_151' title='bbox 2255 880 2583 949; x_wconf 91' lang='lat' dir='ltr'><strong>principium</strong></span> <span class='ocrx_word' id='word_1_152' title='bbox 2636 880 2861 944; x_wconf 88' lang='lat' dir='ltr'><strong>habere,</strong></span> <span class='ocrx_word' id='word_1_153' title='bbox 2890 892 3067 947; x_wconf 90' lang='lat' dir='ltr'><strong>neque</strong></span> <span class='ocrx_word' id='word_1_154' title='bbox 3111 878 3535 945; x_wconf 88' lang='lat' dir='ltr'><strong>ingenerabilem</strong></span> 
     </span>
    </p>
   </div>
   <div class='ocr_carea' id='block_1_24' title="bbox 1954 966 3535 1038">
    <p class='ocr_par' dir='ltr' id='par_1_24' title="bbox 1954 966 3535 1038">
     <span class='ocr_line' id='line_1_24' title="bbox 1954 966 3535 1038; baseline -0.003 -13"><span class='ocrx_word' id='word_1_155' title='bbox 1954 970 2264 1034; x_wconf 85' lang='lat' dir='ltr'><strong>materiam,</strong></span> <span class='ocrx_word' id='word_1_156' title='bbox 2332 984 2508 1038; x_wconf 84' lang='lat' dir='ltr'><strong>neque</strong></span> <span class='ocrx_word' id='word_1_157' title='bbox 2559 969 2674 1024; x_wconf 88' lang='lat' dir='ltr'><strong>Deo</strong></span> <span class='ocrx_word' id='word_1_158' title='bbox 2724 978 3076 1023; x_wconf 83' lang='lat' dir='ltr'><strong>coaeternam.</strong></span> <span class='ocrx_word' id='word_1_159' title='bbox 3122 966 3535 1036; x_wconf 89' lang='lat' dir='ltr'><strong>Platonemque,</strong></span> 
     </span>
    </p>
   </div>
   <div class='ocr_carea' id='block_1_25' title="bbox 1955 1058 3540 1131">
    <p class='ocr_par' dir='ltr' id='par_1_25' title="bbox 1955 1058 3540 1131">
     <span class='ocr_line' id='line_1_25' title="bbox 1955 1058 3540 1131; baseline -0.001 -18"><span class='ocrx_word' id='word_1_160' title='bbox 1955 1076 2117 1131; x_wconf 88' lang='lat' dir='ltr'><strong>quem</strong></span> <span class='ocrx_word' id='word_1_161' title='bbox 2148 1060 2322 1117; x_wconf 82' lang='lat' dir='ltr'><strong>Graeci</strong></span> <span class='ocrx_word' id='word_1_162' title='bbox 2354 1060 2815 1129; x_wconf 86' lang='lat' dir='ltr'><strong>sapientissimum</strong></span> <span class='ocrx_word' id='word_1_163' title='bbox 2846 1058 3257 1121; x_wconf 74' lang='lat' dir='ltr'><strong>existimarunt,</strong></span> <span class='ocrx_word' id='word_1_164' title='bbox 3287 1058 3391 1112; x_wconf 89' lang='lat' dir='ltr'><strong>etsi</strong></span> <span class='ocrx_word' id='word_1_165' title='bbox 3433 1074 3540 1113; x_wconf 84' lang='lat' dir='ltr'><strong>sae-</strong></span> 
     </span>
    </p>
   </div>
   <div class='ocr_carea' id='block_1_26' title="bbox 1956 1151 3542 1224">
    <p class='ocr_par' dir='ltr' id='par_1_26' title="bbox 1956 1151 3542 1224">
     <span class='ocr_line' id='line_1_26' title="bbox 1956 1151 3542 1224; baseline -0.004 -11"><span class='ocrx_word' id='word_1_166' title='bbox 1956 1157 2092 1213; x_wconf 90' lang='lat' dir='ltr'><strong>culis</strong></span> <span class='ocrx_word' id='word_1_167' title='bbox 2128 1155 2316 1211; x_wconf 89' lang='lat' dir='ltr'><strong>multis</strong></span> <span class='ocrx_word' id='word_1_168' title='bbox 2362 1154 2635 1224; x_wconf 86' lang='lat' dir='ltr'><strong>posterior</strong></span> <span class='ocrx_word' id='word_1_169' title='bbox 2669 1153 2858 1217; x_wconf 77' lang='lat' dir='ltr'><strong>fuerit,</strong></span> <span class='ocrx_word' id='word_1_170' title='bbox 2902 1165 3005 1207; x_wconf 90' lang='lat' dir='ltr'><strong>nec</strong></span> <span class='ocrx_word' id='word_1_171' title='bbox 3033 1166 3102 1205; x_wconf 80' lang='lat' dir='ltr'><strong>ex</strong></span> <span class='ocrx_word' id='word_1_172' title='bbox 3146 1151 3301 1220; x_wconf 83' lang='lat' dir='ltr'><strong>plebe</strong></span> <span class='ocrx_word' id='word_1_173' title='bbox 3346 1152 3542 1219; x_wconf 82' lang='lat' dir='ltr'><strong>cuique</strong></span> 
     </span>
    </p>
   </div>
   <div class='ocr_carea' id='block_1_27' title="bbox 1956 1241 3541 1314">
    <p class='ocr_par' dir='ltr' id='par_1_27' title="bbox 1956 1241 3541 1314">
     <span class='ocr_line' id='line_1_27' title="bbox 1956 1241 3541 1314; baseline -0.004 -13"><span class='ocrx_word' id='word_1_174' title='bbox 1956 1248 2128 1302; x_wconf 88' lang='lat' dir='ltr'><strong>libros</strong></span> <span class='ocrx_word' id='word_1_175' title='bbox 2172 1260 2300 1301; x_wconf 86' lang='lat' dir='ltr'><strong>suos</strong></span> <span class='ocrx_word' id='word_1_176' title='bbox 2352 1245 2658 1314; x_wconf 82' lang='lat' dir='ltr'><strong>scripserit,</strong></span> <span class='ocrx_word' id='word_1_177' title='bbox 2712 1245 2808 1298; x_wconf 87' lang='lat' dir='ltr'><strong>sed</strong></span> <span class='ocrx_word' id='word_1_178' title='bbox 2857 1243 2925 1297; x_wconf 87' lang='lat' dir='ltr'><strong>iis</strong></span> <span class='ocrx_word' id='word_1_179' title='bbox 2973 1242 3063 1311; x_wconf 89' lang='lat' dir='ltr'><strong>qui</strong></span> <span class='ocrx_word' id='word_1_180' title='bbox 3099 1257 3213 1311; x_wconf 65' lang='lat' dir='ltr'><strong>prae</strong></span> <span class='ocrx_word' id='word_1_181' title='bbox 3241 1241 3452 1296; x_wconf 70' lang='lat' dir='ltr'><strong>caneris</strong></span> <span class='ocrx_word' id='word_1_182' title='bbox 3487 1242 3541 1294; x_wconf 86' lang='lat' dir='ltr'><strong>in</strong></span> 
     </span>
    </p>
   </div>
   <div class='ocr_carea' id='block_1_28' title="bbox 1956 1333 3541 1410">
    <p class='ocr_par' dir='ltr' id='par_1_28' title="bbox 1956 1333 3541 1410">
     <span class='ocr_line' id='line_1_28' title="bbox 1956 1333 3541 1410; baseline -0.005 -15"><span class='ocrx_word' id='word_1_183' title='bbox 1956 1338 2295 1410; x_wconf 81' lang='lat' dir='ltr'><strong>philosophia</strong></span> <span class='ocrx_word' id='word_1_184' title='bbox 2352 1339 2597 1407; x_wconf 76' lang='lat' dir='ltr'><strong>ingentes</strong></span> <span class='ocrx_word' id='word_1_185' title='bbox 2638 1351 2958 1407; x_wconf 86' lang='lat' dir='ltr'><strong>progressus</strong></span> <span class='ocrx_word' id='word_1_186' title='bbox 3024 1335 3292 1400; x_wconf 80' lang='lat' dir='ltr'><strong>fecerunt,</strong></span> <span class='ocrx_word' id='word_1_187' title='bbox 3339 1333 3541 1387; x_wconf 83' lang='lat' dir='ltr'><strong>Mosem</strong></span> 
     </span>
    </p>
   </div>
   <div class='ocr_carea' id='block_1_29' title="bbox 1958 1422 3543 1485">
    <p class='ocr_par' dir='ltr' id='par_1_29' title="bbox 1958 1422 3543 1485">
     <span class='ocr_line' id='line_1_29' title="bbox 1958 1422 3543 1485; baseline -0.006 0"><span class='ocrx_word' id='word_1_188' title='bbox 1958 1430 2011 1485; x_wconf 88' lang='lat' dir='ltr'><strong>in</strong></span> <span class='ocrx_word' id='word_1_189' title='bbox 2041 1430 2225 1485; x_wconf 89' lang='lat' dir='ltr'><strong>mundi</strong></span> <span class='ocrx_word' id='word_1_190' title='bbox 2261 1430 2466 1484; x_wconf 83' lang='lat' dir='ltr'><strong>conditi</strong></span> <span class='ocrx_word' id='word_1_191' title='bbox 2498 1429 2849 1483; x_wconf 81' lang='lat' dir='ltr'><strong>enarratione</strong></span> <span class='ocrx_word' id='word_1_192' title='bbox 2892 1426 3163 1481; x_wconf 88' lang='lat' dir='ltr'><strong>imitatum</strong></span> <span class='ocrx_word' id='word_1_193' title='bbox 3199 1423 3389 1478; x_wconf 78' lang='lat' dir='ltr'><strong>fuisse.</strong></span> <span class='ocrx_word' id='word_1_194' title='bbox 3435 1422 3543 1477; x_wconf 87' lang='lat' dir='ltr'><strong>Sed</strong></span> 
     </span>
    </p>
   </div>
   <div class='ocr_carea' id='block_1_30' title="bbox 1956 1514 3543 1575">
    <p class='ocr_par' dir='ltr' id='par_1_30' title="bbox 1956 1514 3543 1575">
     <span class='ocr_line' id='line_1_30' title="bbox 1956 1514 3543 1575; baseline -0.006 0"><span class='ocrx_word' id='word_1_195' title='bbox 1956 1520 2157 1575; x_wconf 86' lang='lat' dir='ltr'><strong>Mosem</strong></span> <span class='ocrx_word' id='word_1_196' title='bbox 2183 1521 2469 1575; x_wconf 85' lang='lat' dir='ltr'><strong>sublimius</strong></span> <span class='ocrx_word' id='word_1_197' title='bbox 2505 1520 2673 1574; x_wconf 91' lang='lat' dir='ltr'><strong>multo</strong></span> <span class='ocrx_word' id='word_1_198' title='bbox 2705 1534 2820 1574; x_wconf 91' lang='lat' dir='ltr'><strong>rem</strong></span> <span class='ocrx_word' id='word_1_199' title='bbox 2847 1517 3016 1573; x_wconf 79' lang='lat' dir='ltr'><strong>refert</strong></span> <span class='ocrx_word' id='word_1_200' title='bbox 3060 1531 3369 1572; x_wconf 86' lang='lat' dir='ltr'><strong>enarrasse.</strong></span> <span class='ocrx_word' id='word_1_201' title='bbox 3398 1514 3543 1567; x_wconf 86' lang='lat' dir='ltr'><strong>Nihil</strong></span> 
     </span>
    </p>
   </div>
   <div class='ocr_carea' id='block_1_31' title="bbox 1962 1606 3545 1677">
    <p class='ocr_par' dir='ltr' id='par_1_31' title="bbox 1962 1606 3545 1677">
     <span class='ocr_line' id='line_1_31' title="bbox 1962 1606 3545 1677; baseline -0.005 -11"><span class='ocrx_word' id='word_1_202' title='bbox 1962 1614 2039 1666; x_wconf 87' lang='lat' dir='ltr'><strong>ait</strong></span> <span class='ocrx_word' id='word_1_203' title='bbox 2101 1613 2396 1666; x_wconf 70' lang='lat' dir='ltr'><strong>inmundi</strong></span> <span class='ocrx_word' id='word_1_204' title='bbox 2456 1611 2733 1665; x_wconf 78' lang='lat' dir='ltr'><strong>creatione</strong></span> <span class='ocrx_word' id='word_1_205' title='bbox 2782 1624 2926 1677; x_wconf 90' lang='lat' dir='ltr'><strong>esse,</strong></span> <span class='ocrx_word' id='word_1_206' title='bbox 2988 1623 3280 1677; x_wconf 86' lang='lat' dir='ltr'><strong>rerumque</strong></span> <span class='ocrx_word' id='word_1_207' title='bbox 3353 1606 3545 1660; x_wconf 89' lang='lat' dir='ltr'><strong>ordine</strong></span> 
     </span>
    </p>
   </div>
   <div class='ocr_carea' id='block_1_32' title="bbox 1957 1697 3542 1770">
    <p class='ocr_par' dir='ltr' id='par_1_32' title="bbox 1957 1697 3542 1770">
     <span class='ocr_line' id='line_1_32' title="bbox 1957 1697 3542 1770; baseline -0.004 -17"><span class='ocrx_word' id='word_1_208' title='bbox 1957 1700 2086 1770; x_wconf 91' lang='lat' dir='ltr'><strong>quin</strong></span> <span class='ocrx_word' id='word_1_209' title='bbox 2135 1700 2299 1756; x_wconf 84' lang='lat' dir='ltr'><strong>Mosis</strong></span> <span class='ocrx_word' id='word_1_210' title='bbox 2346 1699 2526 1756; x_wconf 82' lang='lat' dir='ltr'><strong>verbis</strong></span> <span class='ocrx_word' id='word_1_211' title='bbox 2574 1700 2933 1769; x_wconf 81' lang='lat' dir='ltr'><strong>respondeat;</strong></span> <span class='ocrx_word' id='word_1_212' title='bbox 2965 1708 3154 1753; x_wconf 89' lang='lat' dir='ltr'><strong>contra</strong></span> <span class='ocrx_word' id='word_1_213' title='bbox 3207 1711 3347 1751; x_wconf 85' lang='lat' dir='ltr'><strong>vero</strong></span> <span class='ocrx_word' id='word_1_214' title='bbox 3374 1697 3542 1749; x_wconf 85' lang='lat' dir='ltr'><strong>multa</strong></span> 
     </span>
    </p>
   </div>
   <div class='ocr_carea' id='block_1_33' title="bbox 1958 1788 3542 1861">
    <p class='ocr_par' dir='ltr' id='par_1_33' title="bbox 1958 1788 3542 1861">
     <span class='ocr_line' id='line_1_33' title="bbox 1958 1788 3542 1861; baseline -0.005 -15"><span class='ocrx_word' id='word_1_215' title='bbox 1958 1806 2168 1856; x_wconf 90' lang='lat' dir='ltr'><strong>eorum,</strong></span> <span class='ocrx_word' id='word_1_216' title='bbox 2240 1806 2471 1860; x_wconf 89' lang='lat' dir='ltr'><strong>quorum</strong></span> <span class='ocrx_word' id='word_1_217' title='bbox 2529 1806 2558 1844; x_wconf 87' lang='lat' dir='ltr'><strong>a</strong></span> <span class='ocrx_word' id='word_1_218' title='bbox 2614 1791 2852 1861; x_wconf 78' lang='lat' dir='ltr'><strong>physicis</strong></span> <span class='ocrx_word' id='word_1_219' title='bbox 2925 1788 3265 1859; x_wconf 64' lang='lat' dir='ltr'><strong>investigata:</strong></span> <span class='ocrx_word' id='word_1_220' title='bbox 3338 1800 3542 1851; x_wconf 65' lang='lat' dir='ltr'><strong>causas,</strong></span> 
     </span>
    </p>
   </div>
   <div class='ocr_carea' id='block_1_34' title="bbox 267 1860 1858 1950">
    <p class='ocr_par' dir='ltr' id='par_1_34' title="bbox 267 1860 1853 1948">
     <span class='ocr_line' id='line_1_34' title="bbox 267 1860 1853 1948; baseline 0.006 -19"><span class='ocrx_word' id='word_1_221' title='bbox 267 1875 508 1942; x_wconf 78' lang='grc' dir='ltr'><strong>διατάξει</strong></span> <span class='ocrx_word' id='word_1_222' title='bbox 542 1877 872 1948; x_wconf 81' lang='grc' dir='ltr'><strong>ἀσύμφωνον</strong></span> <span class='ocrx_word' id='word_1_223' title='bbox 895 1860 1262 1934; x_wconf 42' lang='grc' dir='ltr'><strong>(τούναντίον</strong></span> <span class='ocrx_word' id='word_1_224' title='bbox 1286 1860 1359 1933; x_wconf 77' lang='grc' dir='ltr'><strong>δὲ</strong></span> <span class='ocrx_word' id='word_1_225' title='bbox 1415 1860 1512 1934; x_wconf 66' lang='grc' dir='ltr'><strong>κάι</strong></span> <span class='ocrx_word' id='word_1_226' title='bbox 1555 1882 1723 1936; x_wconf 83' lang='grc' dir='ltr'><strong>πολλὰ</strong></span> <span class='ocrx_word' id='word_1_227' title='bbox 1744 1884 1853 1938; x_wconf 91' lang='grc' dir='ltr'><strong>τῶν</strong></span> 
     </span>
    </p>
   </div>
   <div class='ocr_carea' id='block_1_35' title="bbox 1966 1860 3545 1950">
    <p class='ocr_par' dir='ltr' id='par_1_35' title="bbox 1966 1860 3545 1950">
     <span class='ocr_line' id='line_1_35' title="bbox 1966 1860 3545 1950; baseline -0.006 -13"><span class='ocrx_word' id='word_1_228' title='bbox 1966 1895 1987 1937; x_wconf 78' lang='lat' dir='ltr'><strong>e</strong></span> <span class='ocrx_word' id='word_1_229' title='bbox 2020 1880 2185 1937; x_wconf 80' lang='lat' dir='ltr'><strong>Mosis</strong></span> <span class='ocrx_word' id='word_1_230' title='bbox 2226 1882 2446 1950; x_wconf 90' lang='lat' dir='ltr'><strong>scriptis</strong></span> <span class='ocrx_word' id='word_1_231' title='bbox 2493 1860 2779 1949; x_wconf 85' lang='lat' dir='ltr'><strong>desumpta</strong></span> <span class='ocrx_word' id='word_1_232' title='bbox 2807 1888 2955 1933; x_wconf 90' lang='lat' dir='ltr'><strong>sunt.</strong></span> <span class='ocrx_word' id='word_1_233' title='bbox 2988 1878 3043 1933; x_wconf 91' lang='lat' dir='ltr'><strong>ln</strong></span> <span class='ocrx_word' id='word_1_234' title='bbox 3072 1878 3259 1933; x_wconf 90' lang='lat' dir='ltr'><strong>multis</strong></span> <span class='ocrx_word' id='word_1_235' title='bbox 3289 1890 3545 1947; x_wconf 82' lang='lat' dir='ltr'><strong>magnum</strong></span> 
     </span>
    </p>
   </div>
   <div class='ocr_carea' id='block_1_36' title="bbox 267 1964 1854 2040">
    <p class='ocr_par' dir='ltr' id='par_1_36' title="bbox 267 1964 1854 2040">
     <span class='ocr_line' id='line_1_36' title="bbox 267 1964 1854 2040; baseline 0.006 -22"><span class='ocrx_word' id='word_1_236' title='bbox 267 1964 496 2036; x_wconf 78' lang='grc' dir='ltr'><strong>ὕστερον</strong></span> <span class='ocrx_word' id='word_1_237' title='bbox 541 1966 1021 2040; x_wconf 81' lang='grc' dir='ltr'><strong>αίτιολογηθέντων</strong></span> <span class='ocrx_word' id='word_1_238' title='bbox 1061 1968 1165 2021; x_wconf 83' lang='grc' dir='ltr'><strong>ὑπὸ</strong></span> <span class='ocrx_word' id='word_1_239' title='bbox 1195 1967 1305 2023; x_wconf 88' lang='grc' dir='ltr'><strong>τῶν</strong></span> <span class='ocrx_word' id='word_1_240' title='bbox 1350 1971 1599 2039; x_wconf 84' lang='grc' dir='ltr'><strong>φυσικῶν</strong></span> <span class='ocrx_word' id='word_1_241' title='bbox 1639 1974 1704 2024; x_wconf 82' lang='grc' dir='ltr'><strong>ἐκ</strong></span> <span class='ocrx_word' id='word_1_242' title='bbox 1745 1972 1854 2027; x_wconf 89' lang='grc' dir='ltr'><strong>τῶν</strong></span> 
     </span>
    </p>
   </div>
   <div class='ocr_carea' id='block_1_37' title="bbox 266 2057 1852 2132">
    <p class='ocr_par' dir='ltr' id='par_1_37' title="bbox 266 2057 1852 2132">
     <span class='ocr_line' id='line_1_37' title="bbox 266 2057 1852 2132; baseline 0.004 -19"><span class='ocrx_word' id='word_1_243' title='bbox 266 2058 512 2124; x_wconf 84' lang='grc' dir='ltr'>Μωσέως</span> <span class='ocrx_word' id='word_1_244' title='bbox 534 2061 857 2130; x_wconf 80' lang='grc' dir='ltr'><strong>γραφέντων</strong></span> <span class='ocrx_word' id='word_1_245' title='bbox 891 2059 1085 2131; x_wconf 73' lang='grc' dir='ltr'><strong>εἴληφε</strong></span> <span class='ocrx_word' id='word_1_246' title='bbox 1114 2057 1213 2131; x_wconf 71' lang='grc' dir='ltr'><strong>τὴν</strong></span> <span class='ocrx_word' id='word_1_247' title='bbox 1253 2062 1451 2132; x_wconf 84' lang='grc' dir='ltr'><strong>ἀρχήν.</strong></span> <span class='ocrx_word' id='word_1_248' title='bbox 1488 2062 1614 2117; x_wconf 73' lang='grc' dir='ltr'><strong>Ὀτι</strong></span> <span class='ocrx_word' id='word_1_249' title='bbox 1642 2066 1700 2117; x_wconf 85' lang='grc' dir='ltr'><strong>ὲν</strong></span> <span class='ocrx_word' id='word_1_250' title='bbox 1714 2066 1852 2119; x_wconf 82' lang='grc' dir='ltr'><strong>πολ-</strong></span> 
     </span>
    </p>
   </div>
   <div class='ocr_carea' id='block_1_38' title="bbox 267 2147 1855 2223">
    <p class='ocr_par' dir='ltr' id='par_1_38' title="bbox 267 2147 1855 2223">
     <span class='ocr_line' id='line_1_38' title="bbox 267 2147 1855 2223; baseline 0.006 -22"><span class='ocrx_word' id='word_1_251' title='bbox 267 2147 380 2212; x_wconf 75' lang='grc' dir='ltr'><strong>λοῖς</strong></span> <span class='ocrx_word' id='word_1_252' title='bbox 423 2151 589 2215; x_wconf 82' lang='grc' dir='ltr'>ἀξίως</span> <span class='ocrx_word' id='word_1_253' title='bbox 646 2151 739 2205; x_wconf 81' lang='grc' dir='ltr'><strong>τὸν</strong></span> <span class='ocrx_word' id='word_1_254' title='bbox 795 2152 972 2223; x_wconf 82' lang='grc' dir='ltr'><strong>μέγαν</strong></span> <span class='ocrx_word' id='word_1_255' title='bbox 1024 2153 1344 2218; x_wconf 80' lang='grc' dir='ltr'><strong>ἀποθειάζει</strong></span> <span class='ocrx_word' id='word_1_256' title='bbox 1393 2153 1698 2222; x_wconf 81' lang='grc' dir='ltr'><strong>Βασίλειον,</strong></span> <span class='ocrx_word' id='word_1_257' title='bbox 1759 2157 1855 2210; x_wconf 73' lang='grc' dir='ltr'><strong>καὶ</strong></span> 
     </span>
    </p>
   </div>
   <div class='ocr_carea' id='block_1_39' title="bbox 1956 1968 3548 2040">
    <p class='ocr_par' dir='ltr' id='par_1_39' title="bbox 1956 1968 3548 2040">
     <span class='ocr_line' id='line_1_39' title="bbox 1956 1968 3548 2040; baseline -0.004 -13"><span class='ocrx_word' id='word_1_258' title='bbox 1956 1970 2237 2040; x_wconf 87' lang='lat' dir='ltr'><strong>Basilium,</strong></span> <span class='ocrx_word' id='word_1_259' title='bbox 2274 1982 2327 2028; x_wconf 91' lang='lat' dir='ltr'><strong>et</strong></span> <span class='ocrx_word' id='word_1_260' title='bbox 2367 1972 2710 2028; x_wconf 86' lang='lat' dir='ltr'><strong>Theodorum</strong></span> <span class='ocrx_word' id='word_1_261' title='bbox 2757 1970 3107 2039; x_wconf 53' lang='lat' dir='ltr'><strong>Mopsuestia;</strong></span> <span class='ocrx_word' id='word_1_262' title='bbox 3143 1968 3397 2024; x_wconf 86' lang='lat' dir='ltr'><strong>laudibus</strong></span> <span class='ocrx_word' id='word_1_263' title='bbox 3438 1981 3548 2021; x_wconf 89' lang='lat' dir='ltr'><strong>me-</strong></span> 
     </span>
    </p>
   </div>
   <div class='ocr_carea' id='block_1_40' title="bbox 1959 2058 3546 2133">
    <p class='ocr_par' dir='ltr' id='par_1_40' title="bbox 1959 2058 3546 2133">
     <span class='ocr_line' id='line_1_40' title="bbox 1959 2058 3546 2133; baseline -0.005 -12"><span class='ocrx_word' id='word_1_264' title='bbox 1959 2068 2067 2121; x_wconf 90' lang='lat' dir='ltr'><strong>rito</strong></span> <span class='ocrx_word' id='word_1_265' title='bbox 2102 2066 2334 2132; x_wconf 83' lang='lat' dir='ltr'><strong>extollit,</strong></span> <span class='ocrx_word' id='word_1_266' title='bbox 2368 2066 2475 2121; x_wconf 84' lang='lat' dir='ltr'><strong>etsi</strong></span> <span class='ocrx_word' id='word_1_267' title='bbox 2510 2080 2617 2119; x_wconf 87' lang='lat' dir='ltr'><strong>non</strong></span> <span class='ocrx_word' id='word_1_268' title='bbox 2646 2066 2700 2118; x_wconf 91' lang='lat' dir='ltr'><strong>in</strong></span> <span class='ocrx_word' id='word_1_269' title='bbox 2727 2064 2983 2119; x_wconf 89' lang='lat' dir='ltr'><strong>omnibus</strong></span> <span class='ocrx_word' id='word_1_270' title='bbox 3012 2075 3132 2133; x_wconf 64' lang='lat' dir='ltr'><strong>qua:</strong></span> <span class='ocrx_word' id='word_1_271' title='bbox 3169 2058 3546 2131; x_wconf 86' lang='lat' dir='ltr'><strong>reprehendit,</strong></span> 
     </span>
    </p>
   </div>
   <div class='ocr_carea' id='block_1_41' title="bbox 1960 2155 2860 2230">
    <p class='ocr_par' dir='ltr' id='par_1_41' title="bbox 1960 2155 2860 2230">
     <span class='ocr_line' id='line_1_41' title="bbox 1960 2155 2860 2230; baseline 0 -19"><span class='ocrx_word' id='word_1_272' title='bbox 1960 2158 2089 2213; x_wconf 89' lang='lat' dir='ltr'><strong>licet</strong></span> <span class='ocrx_word' id='word_1_273' title='bbox 2122 2174 2228 2213; x_wconf 88' lang='lat' dir='ltr'><strong>non</strong></span> <span class='ocrx_word' id='word_1_274' title='bbox 2257 2173 2429 2230; x_wconf 89' lang='lat' dir='ltr'><strong>pauca</strong></span> <span class='ocrx_word' id='word_1_275' title='bbox 2457 2156 2583 2227; x_wconf 89' lang='lat' dir='ltr'><strong>jure</strong></span> <span class='ocrx_word' id='word_1_276' title='bbox 2622 2155 2860 2211; x_wconf 86' lang='lat' dir='ltr'><strong>vellicet.</strong></span> 
     </span>
    </p>
   </div>
   <div class='ocr_carea' id='block_1_42' title="bbox 265 2244 3546 2323">
    <p class='ocr_par' dir='ltr' id='par_1_42' title="bbox 265 2244 3546 2323">
     <span class='ocr_line' id='line_1_42' title="bbox 265 2244 3546 2323; baseline 0 -25"><span class='ocrx_word' id='word_1_277' title='bbox 265 2246 544 2316; x_wconf 83' lang='grc' dir='ltr'><strong>Θεόδωρον</strong></span> <span class='ocrx_word' id='word_1_278' title='bbox 567 2244 658 2300; x_wconf 82' lang='grc' dir='ltr'><strong>τὸν</strong></span> <span class='ocrx_word' id='word_1_279' title='bbox 679 2245 1076 2317; x_wconf 83' lang='grc' dir='ltr'><strong>Μοψουεστίας,</strong></span> <span class='ocrx_word' id='word_1_280' title='bbox 1124 2249 1174 2301; x_wconf 81' lang='grc' dir='ltr'><strong>εἰ</strong></span> <span class='ocrx_word' id='word_1_281' title='bbox 1220 2249 1314 2301; x_wconf 75' lang='grc' dir='ltr'><strong>καὶ</strong></span> <span class='ocrx_word' id='word_1_282' title='bbox 1361 2249 1437 2319; x_wconf 85' lang='grc' dir='ltr'><strong>μὴ</strong></span> <span class='ocrx_word' id='word_1_283' title='bbox 1478 2250 1536 2303; x_wconf 76' lang='grc' dir='ltr'><strong>ἐν</strong></span> <span class='ocrx_word' id='word_1_284' title='bbox 1589 2250 1755 2305; x_wconf 80' lang='grc' dir='ltr'><strong>πᾶσιν</strong></span> <span class='ocrx_word' id='word_1_285' title='bbox 1787 2247 1869 2316; x_wconf 75' lang='grc' dir='ltr'><strong>οἷς</strong></span> <span class='ocrx_word' id='word_1_286' title='bbox 1905 2254 2241 2323; x_wconf 76' lang='grc' dir='ltr'><strong>ἐπαιτιᾶται,</strong></span> <span class='ocrx_word' id='word_1_287' title='bbox 2289 2252 2404 2307; x_wconf 83' lang='grc' dir='ltr'><strong>ἀλλ’</strong></span> <span class='ocrx_word' id='word_1_288' title='bbox 2438 2251 2531 2307; x_wconf 78' lang='grc' dir='ltr'><strong>οὖν</strong></span> <span class='ocrx_word' id='word_1_289' title='bbox 2562 2252 2663 2306; x_wconf 80' lang='grc' dir='ltr'><strong>οὑκ</strong></span> <span class='ocrx_word' id='word_1_290' title='bbox 2722 2252 2781 2304; x_wconf 79' lang='grc' dir='ltr'><strong>ὲν</strong></span> <span class='ocrx_word' id='word_1_291' title='bbox 2844 2248 3051 2317; x_wconf 78' lang='grc' dir='ltr'><strong>ὀλίγοις</strong></span> <span class='ocrx_word' id='word_1_292' title='bbox 3106 2246 3546 2318; x_wconf 75' lang='grc' dir='ltr'><strong>ἐπιλαμϐάνεται</strong></span> 
     </span>
    </p>
   </div>
   <div class='ocr_carea' id='block_1_43' title="bbox 261 2337 511 2401">
    <p class='ocr_par' dir='ltr' id='par_1_43' title="bbox 261 2337 511 2401">
     <span class='ocr_line' id='line_1_43' title="bbox 261 2337 511 2401; baseline 0.012 -10"><span class='ocrx_word' id='word_1_293' title='bbox 261 2337 511 2401; x_wconf 85' lang='grc' dir='ltr'><strong>δικαίως.</strong></span> 
     </span>
    </p>
   </div>
   <div class='ocr_carea' id='block_1_44' title="bbox 341 2429 1859 2507">
    <p class='ocr_par' dir='ltr' id='par_1_44' title="bbox 341 2429 1859 2507">
     <span class='ocr_line' id='line_1_44' title="bbox 341 2429 1859 2507; baseline 0.003 -20"><span class='ocrx_word' id='word_1_294' title='bbox 341 2431 470 2505; x_wconf 76' lang='grc'>[995</span> <span class='ocrx_word' id='word_1_295' title='bbox 505 2429 596 2503; x_wconf 82' lang='lat' dir='ltr'><strong>R.]</strong></span> <span class='ocrx_word' id='word_1_296' title='bbox 641 2430 768 2486; x_wconf 86' lang='grc' dir='ltr'><strong>Ὅτι</strong></span> <span class='ocrx_word' id='word_1_297' title='bbox 817 2431 921 2502; x_wconf 84' lang='grc' dir='ltr'><strong>τῆς</strong></span> <span class='ocrx_word' id='word_1_298' title='bbox 970 2432 1145 2504; x_wconf 82' lang='grc' dir='ltr'><strong>ἀρχῆς</strong></span> <span class='ocrx_word' id='word_1_299' title='bbox 1183 2433 1468 2505; x_wconf 80' lang='grc' dir='ltr'><strong>πολλαχῶς</strong></span> <span class='ocrx_word' id='word_1_300' title='bbox 1521 2452 1654 2505; x_wconf 89' lang='grc' dir='ltr'><strong>φησι</strong></span> <span class='ocrx_word' id='word_1_301' title='bbox 1704 2438 1859 2507; x_wconf 86' lang='grc' dir='ltr'><strong>λεγο-</strong></span> 
     </span>
    </p>
   </div>
   <div class='ocr_carea' id='block_1_45' title="bbox 269 2522 1859 2600">
    <p class='ocr_par' dir='ltr' id='par_1_45' title="bbox 269 2522 1859 2600">
     <span class='ocr_line' id='line_1_45' title="bbox 269 2522 1859 2600; baseline 0.003 -24"><span class='ocrx_word' id='word_1_302' title='bbox 269 2525 445 2595; x_wconf 76' lang='grc' dir='ltr'><strong>μένης</strong></span> <span class='ocrx_word' id='word_1_303' title='bbox 466 2524 546 2587; x_wconf 76' lang='grc' dir='ltr'><strong>τὸ,</strong></span> <span class='ocrx_word' id='word_1_304' title='bbox 585 2524 691 2579; x_wconf 80' lang='grc' dir='ltr'><em>Ἔν</em></span> <span class='ocrx_word' id='word_1_305' title='bbox 720 2522 902 2594; x_wconf 76' lang='grc' dir='ltr'><strong>ἀρχῇ,</strong></span> <span class='ocrx_word' id='word_1_306' title='bbox 920 2524 984 2577; x_wconf 85' lang='grc' dir='ltr'><strong>τὸ</strong></span> <span class='ocrx_word' id='word_1_307' title='bbox 1006 2525 1101 2579; x_wconf 81' lang='grc' dir='ltr'><strong>νῦν</strong></span> <span class='ocrx_word' id='word_1_308' title='bbox 1113 2525 1271 2594; x_wconf 69' lang='grc' dir='ltr'><strong>τὴντδ</strong></span> <span class='ocrx_word' id='word_1_309' title='bbox 1295 2526 1438 2580; x_wconf 83' lang='grc' dir='ltr'><strong>κατά</strong></span> <span class='ocrx_word' id='word_1_310' title='bbox 1466 2527 1657 2598; x_wconf 82' lang='grc' dir='ltr'><strong>χρόνον</strong></span> <span class='ocrx_word' id='word_1_311' title='bbox 1682 2529 1859 2600; x_wconf 83' lang='grc' dir='ltr'><strong>ἀρχὴν</strong></span> 
     </span>
    </p>
   </div>
   <div class='ocr_carea' id='block_1_46' title="bbox 264 2612 1861 2690">
    <p class='ocr_par' dir='ltr' id='par_1_46' title="bbox 264 2612 1861 2690">
     <span class='ocr_line' id='line_1_46' title="bbox 264 2612 1861 2690; baseline 0.004 -23"><span class='ocrx_word' id='word_1_312' title='bbox 264 2613 486 2684; x_wconf 84' lang='grc' dir='ltr'><strong>δηλοῦν.</strong></span> <span class='ocrx_word' id='word_1_313' title='bbox 513 2615 672 2669; x_wconf 79' lang='grc' dir='ltr'><strong>Κατὰ</strong></span> <span class='ocrx_word' id='word_1_314' title='bbox 702 2617 894 2685; x_wconf 86' lang='grc' dir='ltr'><strong>χρόνον</strong></span> <span class='ocrx_word' id='word_1_315' title='bbox 924 2614 982 2668; x_wconf 85' lang='grc' dir='ltr'><strong>δὲ</strong></span> <span class='ocrx_word' id='word_1_316' title='bbox 1006 2614 1187 2684; x_wconf 82' lang='grc' dir='ltr'><strong>λέγειν</strong></span> <span class='ocrx_word' id='word_1_317' title='bbox 1236 2617 1401 2688; x_wconf 75' lang='grc' dir='ltr'><strong>φησὶν</strong></span> <span class='ocrx_word' id='word_1_318' title='bbox 1438 2618 1537 2689; x_wconf 85' lang='grc' dir='ltr'><strong>οὐχ</strong></span> <span class='ocrx_word' id='word_1_319' title='bbox 1563 2612 1625 2673; x_wconf 76' lang='grc' dir='ltr'><strong>οὗ</strong></span> <span class='ocrx_word' id='word_1_320' title='bbox 1650 2620 1750 2690; x_wconf 84' lang='grc' dir='ltr'><strong>τῆς</strong></span> <span class='ocrx_word' id='word_1_321' title='bbox 1771 2637 1861 2688; x_wconf 83' lang='grc' dir='ltr'><strong>γε⁴</strong></span> 
     </span>
    </p>
   </div>
   <div class='ocr_carea' id='block_1_47' title="bbox 262 2706 1865 2779">
    <p class='ocr_par' dir='ltr' id='par_1_47' title="bbox 262 2706 1865 2779">
     <span class='ocr_line' id='line_1_47' title="bbox 262 2706 1865 2779; baseline 0.002 -18"><span class='ocrx_word' id='word_1_322' title='bbox 262 2710 475 2771; x_wconf 75' lang='grc' dir='ltr'><strong>γὲσεως</strong></span> <span class='ocrx_word' id='word_1_323' title='bbox 496 2708 815 2778; x_wconf 68' lang='grc' dir='ltr'><strong>προηγεῖι-αι</strong></span> <span class='ocrx_word' id='word_1_324' title='bbox 834 2707 1044 2779; x_wconf 85' lang='grc' dir='ltr'><strong>χρόνος,</strong></span> <span class='ocrx_word' id='word_1_325' title='bbox 1076 2706 1154 2771; x_wconf 81' lang='grc' dir='ltr'><strong>ὡς</strong></span> <span class='ocrx_word' id='word_1_326' title='bbox 1180 2708 1338 2779; x_wconf 88' lang='grc' dir='ltr'><strong>ήμῶν</strong></span> <span class='ocrx_word' id='word_1_327' title='bbox 1364 2711 1619 2777; x_wconf 69' lang='grc' dir='ltr'><strong>ἑκάστου,</strong></span> <span class='ocrx_word' id='word_1_328' title='bbox 1642 2711 1776 2765; x_wconf 84' lang='grc' dir='ltr'><strong>ἀλλὰ</strong></span> <span class='ocrx_word' id='word_1_329' title='bbox 1802 2711 1865 2765; x_wconf 79' lang='grc' dir='ltr'><strong>τὸ</strong></span> 
     </span>
    </p>
   </div>
   <div class='ocr_carea' id='block_1_48' title="bbox 270 2794 1863 2873">
    <p class='ocr_par' dir='ltr' id='par_1_48' title="bbox 270 2794 1863 2873">
     <span class='ocr_line' id='line_1_48' title="bbox 270 2794 1863 2873; baseline 0.001 -19"><span class='ocrx_word' id='word_1_330' title='bbox 270 2800 495 2871; x_wconf 65' lang='grc' dir='ltr'><strong>’.πρῶτον</strong></span> <span class='ocrx_word' id='word_1_331' title='bbox 522 2800 617 2853; x_wconf 83' lang='grc' dir='ltr'><strong>τοῦ</strong></span> <span class='ocrx_word' id='word_1_332' title='bbox 656 2800 852 2871; x_wconf 85' lang='grc' dir='ltr'><strong>χρόνου</strong></span> <span class='ocrx_word' id='word_1_333' title='bbox 883 2798 999 2867; x_wconf 82' lang='grc' dir='ltr'><strong>νῦν,</strong></span> <span class='ocrx_word' id='word_1_334' title='bbox 1059 2801 1119 2853; x_wconf 83' lang='grc' dir='ltr'><strong>ὲν</strong></span> <span class='ocrx_word' id='word_1_335' title='bbox 1156 2794 1201 2867; x_wconf 83' lang='grc' dir='ltr'><strong>ᾧ</strong></span> <span class='ocrx_word' id='word_1_336' title='bbox 1246 2801 1339 2854; x_wconf 77' lang='grc' dir='ltr'><strong>τὸν</strong></span> <span class='ocrx_word' id='word_1_337' title='bbox 1368 2802 1596 2871; x_wconf 75' lang='grc' dir='ltr'><strong>οὐρανὸν</strong></span> <span class='ocrx_word' id='word_1_338' title='bbox 1637 2803 1732 2855; x_wconf 80' lang='grc' dir='ltr'><strong>καὶ</strong></span> <span class='ocrx_word' id='word_1_339' title='bbox 1763 2803 1863 2873; x_wconf 83' lang='grc' dir='ltr'><strong>τὴν</strong></span> 
     </span>
    </p>
   </div>
   <div class='ocr_carea' id='block_1_49' title="bbox 268 2887 1864 2964">
    <p class='ocr_par' dir='ltr' id='par_1_49' title="bbox 268 2887 1864 2964">
     <span class='ocr_line' id='line_1_49' title="bbox 268 2887 1864 2964; baseline 0.003 -23"><span class='ocrx_word' id='word_1_340' title='bbox 268 2887 382 2960; x_wconf 80' lang='grc' dir='ltr'><strong>γῆν</strong></span> <span class='ocrx_word' id='word_1_341' title='bbox 413 2890 737 2961; x_wconf 83' lang='grc' dir='ltr'><strong>παρήγαγεν</strong></span> <span class='ocrx_word' id='word_1_342' title='bbox 767 2894 796 2946; x_wconf 86' lang='grc' dir='ltr'><strong>ό</strong></span> <span class='ocrx_word' id='word_1_343' title='bbox 823 2892 979 2955; x_wconf 79' lang='grc' dir='ltr'><strong>Θεὸς,</strong></span> <span class='ocrx_word' id='word_1_344' title='bbox 1036 2888 1165 2964; x_wconf 73' lang='lat'><strong>[527</strong></span> <span class='ocrx_word' id='word_1_345' title='bbox 1211 2889 1304 2963; x_wconf 71' lang='lat'><strong>8.]</strong></span> <span class='ocrx_word' id='word_1_346' title='bbox 1352 2893 1557 2956; x_wconf 77' lang='grc' dir='ltr'><strong>παντὸς</strong></span> <span class='ocrx_word' id='word_1_347' title='bbox 1608 2893 1864 2962; x_wconf 81' lang='grc' dir='ltr'><strong>χρονικοῦ</strong></span> 
     </span>
    </p>
   </div>
   <div class='ocr_carea' id='block_1_50' title="bbox 270 2979 1867 3056">
    <p class='ocr_par' dir='ltr' id='par_1_50' title="bbox 270 2979 1867 3056">
     <span class='ocr_line' id='line_1_50' title="bbox 270 2979 1867 3056; baseline 0.002 -20"><span class='ocrx_word' id='word_1_348' title='bbox 270 2984 446 3054; x_wconf 65' lang='grc' dir='ltr'><strong>χωρὶς</strong></span> <span class='ocrx_word' id='word_1_349' title='bbox 483 2984 875 3054; x_wconf 84' lang='grc' dir='ltr'><strong>διαστήματος.</strong></span> <span class='ocrx_word' id='word_1_350' title='bbox 914 2984 1105 3038; x_wconf 81' lang='grc' dir='ltr'><strong>Πᾶσαν</strong></span> <span class='ocrx_word' id='word_1_351' title='bbox 1146 2984 1254 3056; x_wconf 78' lang='grc' dir='ltr'><strong>γὰρ</strong></span> <span class='ocrx_word' id='word_1_352' title='bbox 1280 2983 1456 3054; x_wconf 76' lang='grc' dir='ltr'><strong>ἀρχὴν</strong></span> <span class='ocrx_word' id='word_1_353' title='bbox 1491 2982 1687 3055; x_wconf 81' lang='grc' dir='ltr'><strong>ἑτέραν</strong></span> <span class='ocrx_word' id='word_1_354' title='bbox 1725 2979 1867 3039; x_wconf 75' lang='grc' dir='ltr'><strong>εῖναι</strong></span> 
     </span>
    </p>
   </div>
   <div class='ocr_carea' id='block_1_51' title="bbox 271 3070 1869 3146">
    <p class='ocr_par' dir='ltr' id='par_1_51' title="bbox 271 3070 1869 3146">
     <span class='ocr_line' id='line_1_51' title="bbox 271 3070 1869 3146; baseline 0.001 -17"><span class='ocrx_word' id='word_1_355' title='bbox 271 3075 500 3138; x_wconf 81' lang='grc' dir='ltr'><strong>πάντως</strong></span> <span class='ocrx_word' id='word_1_356' title='bbox 548 3079 736 3146; x_wconf 83' lang='grc' dir='ltr'><strong>φησὶν,</strong></span> <span class='ocrx_word' id='word_1_357' title='bbox 792 3070 963 3138; x_wconf 76' lang='grc' dir='ltr'><strong>οὗπερ</strong></span> <span class='ocrx_word' id='word_1_358' title='bbox 991 3076 1209 3142; x_wconf 77' lang='grc' dir='ltr'><strong>λέγεται</strong></span> <span class='ocrx_word' id='word_1_359' title='bbox 1251 3076 1398 3146; x_wconf 84' lang='grc' dir='ltr'><strong>ἀρχή</strong></span> <span class='ocrx_word' id='word_1_360' title='bbox 1424 3092 1439 3108; x_wconf 80' lang='grc' dir='ltr'><strong>ο</strong></span> <span class='ocrx_word' id='word_1_361' title='bbox 1469 3076 1563 3129; x_wconf 78' lang='grc' dir='ltr'><strong>καὶ</strong></span> <span class='ocrx_word' id='word_1_362' title='bbox 1591 3075 1753 3131; x_wconf 82' lang='grc' dir='ltr'><strong>τοῦτο</strong></span> <span class='ocrx_word' id='word_1_363' title='bbox 1779 3076 1869 3131; x_wconf 81' lang='grc' dir='ltr'><strong>διὰ</strong></span> 
     </span>
    </p>
   </div>
   <div class='ocr_carea' id='block_1_52' title="bbox 2035 2429 3552 2512">
    <p class='ocr_par' dir='ltr' id='par_1_52' title="bbox 2035 2429 3552 2512">
     <span class='ocr_line' id='line_1_52' title="bbox 2035 2429 3552 2512; baseline -0.009 -16"><span class='ocrx_word' id='word_1_364' title='bbox 2035 2440 2370 2512; x_wconf 90' lang='lat' dir='ltr'><strong>Principium</strong></span> <span class='ocrx_word' id='word_1_365' title='bbox 2420 2439 2588 2494; x_wconf 90' lang='lat' dir='ltr'><strong>variis</strong></span> <span class='ocrx_word' id='word_1_366' title='bbox 2628 2437 2805 2494; x_wconf 90' lang='lat' dir='ltr'><strong>modis</strong></span> <span class='ocrx_word' id='word_1_367' title='bbox 2840 2451 2965 2492; x_wconf 91' lang='lat' dir='ltr'><strong>cum</strong></span> <span class='ocrx_word' id='word_1_368' title='bbox 3008 2434 3240 2500; x_wconf 88' lang='lat' dir='ltr'><strong>dicatur,</strong></span> <span class='ocrx_word' id='word_1_369' title='bbox 3282 2429 3452 2486; x_wconf 83' lang='lat' dir='ltr'><strong>refert</strong></span> <span class='ocrx_word' id='word_1_370' title='bbox 3482 2430 3552 2485; x_wconf 85' lang='lat' dir='ltr'><strong>il-</strong></span> 
     </span>
    </p>
   </div>
   <div class='ocr_carea' id='block_1_53' title="bbox 1966 2522 3545 2601">
    <p class='ocr_par' dir='ltr' id='par_1_53' title="bbox 1966 2522 3545 2601">
     <span class='ocr_line' id='line_1_53' title="bbox 1966 2522 3545 2601; baseline -0.006 -17"><span class='ocrx_word' id='word_1_371' title='bbox 1966 2532 2094 2586; x_wconf 89' lang='lat' dir='ltr'><strong>lud:</strong></span> <span class='ocrx_word' id='word_1_372' title='bbox 2127 2528 2194 2585; x_wconf 83' lang='lat' dir='ltr'><strong>In</strong></span> <span class='ocrx_word' id='word_1_373' title='bbox 2234 2531 2514 2601; x_wconf 76' lang='lat' dir='ltr'><strong>principio,</strong></span> <span class='ocrx_word' id='word_1_374' title='bbox 2578 2543 2723 2584; x_wconf 86' lang='lat' dir='ltr'><strong>nunc</strong></span> <span class='ocrx_word' id='word_1_375' title='bbox 2776 2526 3168 2596; x_wconf 80' lang='lat' dir='ltr'><strong>temporarium</strong></span> <span class='ocrx_word' id='word_1_376' title='bbox 3214 2522 3545 2594; x_wconf 88' lang='lat' dir='ltr'><strong>principium</strong></span> 
     </span>
    </p>
   </div>
   <div class='ocr_carea' id='block_1_54' title="bbox 1965 2618 3546 2689">
    <p class='ocr_par' dir='ltr' id='par_1_54' title="bbox 1965 2618 3546 2689">
     <span class='ocr_line' id='line_1_54' title="bbox 1965 2618 3546 2689; baseline -0.006 -12"><span class='ocrx_word' id='word_1_377' title='bbox 1965 2621 2208 2678; x_wconf 84' lang='lat' dir='ltr'><strong>indicare</strong></span> <span class='ocrx_word' id='word_1_378' title='bbox 2250 2640 2265 2677; x_wconf 89' lang='lat'><strong>:</strong></span> <span class='ocrx_word' id='word_1_379' title='bbox 2314 2623 2496 2677; x_wconf 88' lang='lat' dir='ltr'><strong>dicere</strong></span> <span class='ocrx_word' id='word_1_380' title='bbox 2540 2635 2691 2689; x_wconf 88' lang='lat' dir='ltr'><strong>vero,</strong></span> <span class='ocrx_word' id='word_1_381' title='bbox 2746 2620 2944 2689; x_wconf 87' lang='lat' dir='ltr'><strong>inquit,</strong></span> <span class='ocrx_word' id='word_1_382' title='bbox 2977 2618 3396 2687; x_wconf 85' lang='lat' dir='ltr'><strong>temporarium,</strong></span> <span class='ocrx_word' id='word_1_383' title='bbox 3436 2628 3546 2669; x_wconf 83' lang='lat' dir='ltr'><strong>non</strong></span> 
     </span>
    </p>
   </div>
   <div class='ocr_carea' id='block_1_55' title="bbox 1972 2708 3551 2785">
    <p class='ocr_par' dir='ltr' id='par_1_55' title="bbox 1972 2708 3551 2785">
     <span class='ocr_line' id='line_1_55' title="bbox 1972 2708 3551 2785; baseline -0.007 -15"><span class='ocrx_word' id='word_1_384' title='bbox 1972 2714 2129 2783; x_wconf 86' lang='lat' dir='ltr'><strong>cujus</strong></span> <span class='ocrx_word' id='word_1_385' title='bbox 2153 2716 2555 2785; x_wconf 83' lang='lat' dir='ltr'><strong>generationem</strong></span> <span class='ocrx_word' id='word_1_386' title='bbox 2588 2722 2804 2781; x_wconf 84' lang='lat' dir='ltr'><strong>tempus</strong></span> <span class='ocrx_word' id='word_1_387' title='bbox 2829 2709 3126 2779; x_wconf 73' lang='lat' dir='ltr'><strong>praecedat,</strong></span> <span class='ocrx_word' id='word_1_388' title='bbox 3153 2717 3213 2762; x_wconf 92' lang='lat' dir='ltr'><strong>ut</strong></span> <span class='ocrx_word' id='word_1_389' title='bbox 3257 2708 3418 2761; x_wconf 91' lang='lat' dir='ltr'><strong>unius</strong></span> <span class='ocrx_word' id='word_1_390' title='bbox 3444 2722 3551 2761; x_wconf 89' lang='lat' dir='ltr'><strong>cu-</strong></span> 
     </span>
    </p>
   </div>
   <div class='ocr_carea' id='block_1_56' title="bbox 1970 2801 3548 2877">
    <p class='ocr_par' dir='ltr' id='par_1_56' title="bbox 1970 2801 3548 2877">
     <span class='ocr_line' id='line_1_56' title="bbox 1970 2801 3548 2877; baseline -0.005 -16"><span class='ocrx_word' id='word_1_391' title='bbox 1970 2808 2162 2877; x_wconf 77' lang='lat' dir='ltr'><strong>iusque</strong></span> <span class='ocrx_word' id='word_1_392' title='bbox 2192 2816 2439 2862; x_wconf 91' lang='lat' dir='ltr'><strong>nostrum</strong></span> <span class='ocrx_word' id='word_1_393' title='bbox 2473 2823 2487 2859; x_wconf 92' lang='lat'><strong>:</strong></span> <span class='ocrx_word' id='word_1_394' title='bbox 2528 2808 2626 2860; x_wconf 92' lang='lat' dir='ltr'><strong>sed</strong></span> <span class='ocrx_word' id='word_1_395' title='bbox 2655 2805 2894 2875; x_wconf 89' lang='lat' dir='ltr'><strong>primum</strong></span> <span class='ocrx_word' id='word_1_396' title='bbox 2933 2801 3202 2870; x_wconf 88' lang='lat' dir='ltr'><strong>temporis</strong></span> <span class='ocrx_word' id='word_1_397' title='bbox 3236 2814 3401 2862; x_wconf 87' lang='lat' dir='ltr'><strong>nunc,</strong></span> <span class='ocrx_word' id='word_1_398' title='bbox 3434 2814 3548 2867; x_wconf 88' lang='lat' dir='ltr'><strong>quo</strong></span> 
     </span>
    </p>
   </div>
   <div class='ocr_carea' id='block_1_57' title="bbox 1972 2891 3551 2960">
    <p class='ocr_par' dir='ltr' id='par_1_57' title="bbox 1972 2891 3551 2960">
     <span class='ocr_line' id='line_1_57' title="bbox 1972 2891 3551 2960; baseline -0.003 -10"><span class='ocrx_word' id='word_1_399' title='bbox 1972 2894 2112 2951; x_wconf 86' lang='lat' dir='ltr'><strong>Deus</strong></span> <span class='ocrx_word' id='word_1_400' title='bbox 2156 2896 2355 2953; x_wconf 67' lang='lat' dir='ltr'><strong>caelum</strong></span> <span class='ocrx_word' id='word_1_401' title='bbox 2400 2905 2452 2951; x_wconf 90' lang='lat' dir='ltr'><strong>et</strong></span> <span class='ocrx_word' id='word_1_402' title='bbox 2506 2906 2718 2951; x_wconf 90' lang='lat' dir='ltr'><strong>terram</strong></span> <span class='ocrx_word' id='word_1_403' title='bbox 2752 2895 2805 2949; x_wconf 91' lang='lat' dir='ltr'><strong>in</strong></span> <span class='ocrx_word' id='word_1_404' title='bbox 2850 2892 3087 2948; x_wconf 91' lang='lat' dir='ltr'><strong>medium</strong></span> <span class='ocrx_word' id='word_1_405' title='bbox 3128 2891 3406 2960; x_wconf 78' lang='lat' dir='ltr'><strong>produxit,</strong></span> <span class='ocrx_word' id='word_1_406' title='bbox 3430 2892 3551 2945; x_wconf 86' lang='lat' dir='ltr'><strong>sine</strong></span> 
     </span>
    </p>
   </div>
   <div class='ocr_carea' id='block_1_58' title="bbox 1970 2983 3551 3058">
    <p class='ocr_par' dir='ltr' id='par_1_58' title="bbox 1970 2983 3551 3058">
     <span class='ocr_line' id='line_1_58' title="bbox 1970 2983 3551 3058; baseline -0.006 -15"><span class='ocrx_word' id='word_1_407' title='bbox 1970 2989 2083 3043; x_wconf 92' lang='lat' dir='ltr'><strong>ullo</strong></span> <span class='ocrx_word' id='word_1_408' title='bbox 2138 2988 2400 3058; x_wconf 91' lang='lat' dir='ltr'><strong>temporis</strong></span> <span class='ocrx_word' id='word_1_409' title='bbox 2448 2987 2761 3043; x_wconf 88' lang='lat' dir='ltr'><strong>intervallo.</strong></span> <span class='ocrx_word' id='word_1_410' title='bbox 2810 2986 2988 3042; x_wconf 82' lang='lat' dir='ltr'><strong>Omne</strong></span> <span class='ocrx_word' id='word_1_411' title='bbox 3034 2988 3181 3038; x_wconf 87' lang='lat' dir='ltr'><strong>enim</strong></span> <span class='ocrx_word' id='word_1_412' title='bbox 3221 2983 3551 3052; x_wconf 88' lang='lat' dir='ltr'><strong>principium</strong></span> 
     </span>
    </p>
   </div>
   <div class='ocr_carea' id='block_1_59' title="bbox 1970 3075 3552 3147">
    <p class='ocr_par' dir='ltr' id='par_1_59' title="bbox 1970 3075 3552 3147">
     <span class='ocr_line' id='line_1_59' title="bbox 1970 3075 3552 3147; baseline -0.005 -13"><span class='ocrx_word' id='word_1_413' title='bbox 1970 3079 2191 3134; x_wconf 91' lang='lat' dir='ltr'><strong>omnino</strong></span> <span class='ocrx_word' id='word_1_414' title='bbox 2214 3078 2360 3134; x_wconf 88' lang='lat' dir='ltr'><strong>aliud</strong></span> <span class='ocrx_word' id='word_1_415' title='bbox 2388 3092 2510 3134; x_wconf 90' lang='lat' dir='ltr'><strong>esse</strong></span> <span class='ocrx_word' id='word_1_416' title='bbox 2543 3078 2697 3144; x_wconf 89' lang='lat' dir='ltr'><strong>dicit,</strong></span> <span class='ocrx_word' id='word_1_417' title='bbox 2715 3092 2880 3147; x_wconf 88' lang='lat' dir='ltr'><strong>quam</strong></span> <span class='ocrx_word' id='word_1_418' title='bbox 2913 3076 2968 3131; x_wconf 92' lang='lat' dir='ltr'><strong>in</strong></span> <span class='ocrx_word' id='word_1_419' title='bbox 2991 3075 3147 3144; x_wconf 84' lang='lat' dir='ltr'><strong>cujus</strong></span> <span class='ocrx_word' id='word_1_420' title='bbox 3172 3075 3377 3131; x_wconf 89' lang='lat' dir='ltr'><strong>dicitur</strong></span> <span class='ocrx_word' id='word_1_421' title='bbox 3400 3075 3552 3144; x_wconf 84' lang='lat' dir='ltr'><strong>prin--</strong></span> 
     </span>
    </p>
   </div>
   <div class='ocr_carea' id='block_1_60' title="bbox 274 3165 1858 3242">
    <p class='ocr_par' dir='ltr' id='par_1_60' title="bbox 274 3165 1858 3240">
     <span class='ocr_line' id='line_1_60' title="bbox 274 3165 1858 3240; baseline 0.003 -24"><span class='ocrx_word' id='word_1_422' title='bbox 274 3166 744 3237; x_wconf 80' lang='grc' dir='ltr'><strong>παραδειγμάτων</strong></span> <span class='ocrx_word' id='word_1_423' title='bbox 773 3165 1197 3230; x_wconf 81' lang='grc' dir='ltr'><strong>κατασκευάζει.</strong></span> <span class='ocrx_word' id='word_1_424' title='bbox 1228 3167 1393 3219; x_wconf 83' lang='grc' dir='ltr'><strong>Ὥστε</strong></span> <span class='ocrx_word' id='word_1_425' title='bbox 1420 3168 1479 3221; x_wconf 75' lang='grc' dir='ltr'><strong>ἐν</strong></span> <span class='ocrx_word' id='word_1_426' title='bbox 1499 3169 1565 3238; x_wconf 84' lang='grc' dir='ltr'><strong>τῇ</strong></span> <span class='ocrx_word' id='word_1_427' title='bbox 1596 3168 1740 3240; x_wconf 79' lang='grc' dir='ltr'><strong>ἀρχῇ</strong></span> <span class='ocrx_word' id='word_1_428' title='bbox 1768 3165 1858 3220; x_wconf 81' lang='grc' dir='ltr'><strong>τοῦ</strong></span> 
     </span>
    </p>
   </div>
   <div class='ocr_carea' id='block_1_61' title="bbox 1966 3165 3552 3242">
    <p class='ocr_par' dir='ltr' id='par_1_61' title="bbox 1968 3168 3552 3242">
     <span class='ocr_line' id='line_1_61' title="bbox 1968 3168 3552 3242; baseline -0.004 -15"><span class='ocrx_word' id='word_1_429' title='bbox 1968 3169 2192 3240; x_wconf 89' lang='lat' dir='ltr'><strong>cipium,</strong></span> <span class='ocrx_word' id='word_1_430' title='bbox 2227 3171 2393 3242; x_wconf 86' lang='lat' dir='ltr'><strong>idque</strong></span> <span class='ocrx_word' id='word_1_431' title='bbox 2438 3170 2706 3240; x_wconf 84' lang='lat' dir='ltr'><strong>exemplis</strong></span> <span class='ocrx_word' id='word_1_432' title='bbox 2735 3170 2994 3226; x_wconf 84' lang='lat' dir='ltr'><strong>ostendit.</strong></span> <span class='ocrx_word' id='word_1_433' title='bbox 3032 3168 3216 3235; x_wconf 84' lang='lat' dir='ltr'><strong>Quare</strong></span> <span class='ocrx_word' id='word_1_434' title='bbox 3258 3168 3311 3221; x_wconf 91' lang='lat' dir='ltr'><strong>in</strong></span> <span class='ocrx_word' id='word_1_435' title='bbox 3350 3168 3552 3237; x_wconf 86' lang='lat' dir='ltr'><strong>princi-</strong></span> 
     </span>
    </p>
   </div>
   <div class='ocr_carea' id='block_1_62' title="bbox 270 3256 1862 3331">
    <p class='ocr_par' dir='ltr' id='par_1_62' title="bbox 270 3256 1862 3331">
     <span class='ocr_line' id='line_1_62' title="bbox 270 3256 1862 3331; baseline 0.003 -24"><span class='ocrx_word' id='word_1_436' title='bbox 270 3256 473 3326; x_wconf 70' lang='grc' dir='ltr'><strong>χρόνου</strong></span> <span class='ocrx_word' id='word_1_437' title='bbox 499 3259 593 3310; x_wconf 77' lang='grc' dir='ltr'><strong>καὶ</strong></span> <span class='ocrx_word' id='word_1_438' title='bbox 614 3258 715 3313; x_wconf 79' lang='grc' dir='ltr'><strong>οὐκ</strong></span> <span class='ocrx_word' id='word_1_439' title='bbox 762 3260 821 3312; x_wconf 77' lang='grc' dir='ltr'><strong>ὲν</strong></span> <span class='ocrx_word' id='word_1_440' title='bbox 863 3259 1038 3330; x_wconf 75' lang='grc' dir='ltr'><strong>χρόνῳ</strong></span> <span class='ocrx_word' id='word_1_441' title='bbox 1089 3259 1181 3312; x_wconf 82' lang='grc' dir='ltr'><strong>τὸν</strong></span> <span class='ocrx_word' id='word_1_442' title='bbox 1216 3257 1447 3328; x_wconf 81' lang='grc' dir='ltr'><strong>οὐρανὸν</strong></span> <span class='ocrx_word' id='word_1_443' title='bbox 1486 3259 1581 3313; x_wconf 80' lang='grc' dir='ltr'><strong>καὶ</strong></span> <span class='ocrx_word' id='word_1_444' title='bbox 1627 3259 1727 3331; x_wconf 82' lang='grc' dir='ltr'><strong>τὴν</strong></span> <span class='ocrx_word' id='word_1_445' title='bbox 1756 3258 1862 3328; x_wconf 77' lang='grc' dir='ltr'><strong>γῆν</strong></span> 
     </span>
    </p>
   </div>
   <div class='ocr_carea' id='block_1_63' title="bbox 260 3348 1864 3422">
    <p class='ocr_par' dir='ltr' id='par_1_63' title="bbox 260 3348 1864 3422">
     <span class='ocr_line' id='line_1_63' title="bbox 260 3348 1864 3422; baseline 0.003 -22"><span class='ocrx_word' id='word_1_446' title='bbox 260 3348 532 3417; x_wconf 75' lang='grc' dir='ltr'><strong>ἐποίησεν</strong></span> <span class='ocrx_word' id='word_1_447' title='bbox 562 3351 592 3402; x_wconf 88' lang='grc' dir='ltr'><strong>ό</strong></span> <span class='ocrx_word' id='word_1_448' title='bbox 634 3351 788 3415; x_wconf 84' lang='grc' dir='ltr'><strong>Θεός.</strong></span> <span class='ocrx_word' id='word_1_449' title='bbox 835 3352 976 3405; x_wconf 81' lang='grc' dir='ltr'><strong>Ἀλλ’</strong></span> <span class='ocrx_word' id='word_1_450' title='bbox 1023 3351 1081 3404; x_wconf 80' lang='grc' dir='ltr'><strong>ἓν</strong></span> <span class='ocrx_word' id='word_1_451' title='bbox 1124 3351 1284 3404; x_wconf 80' lang='grc' dir='ltr'><strong>τοῦτο</strong></span> <span class='ocrx_word' id='word_1_452' title='bbox 1330 3350 1731 3422; x_wconf 82' lang='grc' dir='ltr'><strong>σημαινόμενον</strong></span> <span class='ocrx_word' id='word_1_453' title='bbox 1762 3350 1864 3419; x_wconf 82' lang='grc' dir='ltr'><strong>τῆς</strong></span> 
     </span>
    </p>
   </div>
   <div class='ocr_carea' id='block_1_64' title="bbox 264 3430 1863 3511">
    <p class='ocr_par' dir='ltr' id='par_1_64' title="bbox 264 3430 1863 3511">
     <span class='ocr_line' id='line_1_64' title="bbox 264 3430 1863 3511; baseline 0.003 -20"><span class='ocrx_word' id='word_1_454' title='bbox 264 3440 338 3491; x_wconf 72' lang='grc' dir='ltr'><strong>ἐν</strong></span> <span class='ocrx_word' id='word_1_455' title='bbox 367 3430 412 3506; x_wconf 80' lang='grc' dir='ltr'>ᾧ</span> <span class='ocrx_word' id='word_1_456' title='bbox 443 3437 671 3507; x_wconf 78' lang='grc' dir='ltr'><strong>γέγονεν</strong></span> <span class='ocrx_word' id='word_1_457' title='bbox 707 3440 882 3511; x_wconf 81' lang='grc' dir='ltr'><strong>ἀρχῆς</strong></span> <span class='ocrx_word' id='word_1_458' title='bbox 931 3441 960 3493; x_wconf 77' lang='grc' dir='ltr'><strong>ό</strong></span> <span class='ocrx_word' id='word_1_459' title='bbox 997 3441 1225 3511; x_wconf 83' lang='grc' dir='ltr'><strong>οὐρανὸς</strong></span> <span class='ocrx_word' id='word_1_460' title='bbox 1268 3442 1363 3494; x_wconf 71' lang='grc' dir='ltr'><strong>καὶ</strong></span> <span class='ocrx_word' id='word_1_461' title='bbox 1401 3442 1435 3509; x_wconf 85' lang='grc' dir='ltr'><strong>ή</strong></span> <span class='ocrx_word' id='word_1_462' title='bbox 1466 3441 1558 3511; x_wconf 83' lang='grc' dir='ltr'><strong>γῆ.</strong></span> <span class='ocrx_word' id='word_1_463' title='bbox 1599 3440 1863 3511; x_wconf 80' lang='grc' dir='ltr'><strong>Δεύτερον</strong></span> 
     </span>
    </p>
   </div>
   <div class='ocr_carea' id='block_1_65' title="bbox 263 3529 1860 3604">
    <p class='ocr_par' dir='ltr' id='par_1_65' title="bbox 263 3529 1860 3604">
     <span class='ocr_line' id='line_1_65' title="bbox 263 3529 1860 3604; baseline 0.005 -22"><span class='ocrx_word' id='word_1_464' title='bbox 263 3531 341 3583; x_wconf 78' lang='grc' dir='ltr'><strong>τὸ</strong></span> <span class='ocrx_word' id='word_1_465' title='bbox 376 3529 595 3603; x_wconf 88' lang='grc' dir='ltr'><strong>πρῶτον</strong></span> <span class='ocrx_word' id='word_1_466' title='bbox 623 3530 720 3584; x_wconf 76' lang='grc' dir='ltr'><strong>τοῦ</strong></span> <span class='ocrx_word' id='word_1_467' title='bbox 749 3532 1273 3603; x_wconf 83' lang='grc' dir='ltr'><strong>κατασκευάσματος</strong></span> <span class='ocrx_word' id='word_1_468' title='bbox 1310 3532 1520 3604; x_wconf 89' lang='grc' dir='ltr'><strong>μόριον,</strong></span> <span class='ocrx_word' id='word_1_469' title='bbox 1549 3534 1625 3597; x_wconf 81' lang='grc' dir='ltr'><strong>ὡς</strong></span> <span class='ocrx_word' id='word_1_470' title='bbox 1653 3533 1797 3604; x_wconf 83' lang='grc' dir='ltr'><strong>ἀρχὴ</strong></span> <span class='ocrx_word' id='word_1_471' title='bbox 1826 3535 1860 3603; x_wconf 86' lang='grc' dir='ltr'><strong>ή</strong></span> 
     </span>
    </p>
   </div>
   <div class='ocr_carea' id='block_1_66' title="bbox 262 3621 1863 3695">
    <p class='ocr_par' dir='ltr' id='par_1_66' title="bbox 262 3621 1863 3695">
     <span class='ocr_line' id='line_1_66' title="bbox 262 3621 1863 3695; baseline 0.002 -20"><span class='ocrx_word' id='word_1_472' title='bbox 262 3622 470 3692; x_wconf 82' lang='grc' dir='ltr'><strong>τρόπις</strong></span> <span class='ocrx_word' id='word_1_473' title='bbox 496 3622 590 3676; x_wconf 83' lang='grc' dir='ltr'><strong>τοῦ</strong></span> <span class='ocrx_word' id='word_1_474' title='bbox 622 3621 809 3677; x_wconf 85' lang='grc' dir='ltr'><strong>πλοίου</strong></span> <span class='ocrx_word' id='word_1_475' title='bbox 855 3625 949 3678; x_wconf 78' lang='grc' dir='ltr'><strong>καὶ</strong></span> <span class='ocrx_word' id='word_1_476' title='bbox 980 3626 1028 3677; x_wconf 82' lang='grc' dir='ltr'><strong>οἱ</strong></span> <span class='ocrx_word' id='word_1_477' title='bbox 1059 3624 1298 3694; x_wconf 79' lang='grc' dir='ltr'><strong>θεμέλιοι</strong></span> <span class='ocrx_word' id='word_1_478' title='bbox 1336 3624 1435 3695; x_wconf 77' lang='grc' dir='ltr'><strong>τῆς</strong></span> <span class='ocrx_word' id='word_1_479' title='bbox 1464 3625 1658 3689; x_wconf 76' lang='grc' dir='ltr'><strong>οἰκίας.</strong></span> <span class='ocrx_word' id='word_1_480' title='bbox 1690 3624 1863 3694; x_wconf 80' lang='grc' dir='ltr'><strong>Δῆλον</strong></span> 
     </span>
    </p>
   </div>
   <div class='ocr_carea' id='block_1_67' title="bbox 257 3707 1861 3786">
    <p class='ocr_par' dir='ltr' id='par_1_67' title="bbox 257 3707 1861 3786">
     <span class='ocr_line' id='line_1_67' title="bbox 257 3707 1861 3786; baseline 0.002 -22"><span class='ocrx_word' id='word_1_481' title='bbox 257 3707 322 3764; x_wconf 82' lang='grc' dir='ltr'><strong>δ’</strong></span> <span class='ocrx_word' id='word_1_482' title='bbox 343 3709 424 3762; x_wconf 83' lang='grc' dir='ltr'><strong>ὅτι</strong></span> <span class='ocrx_word' id='word_1_483' title='bbox 455 3708 552 3763; x_wconf 81' lang='grc' dir='ltr'><strong>καὶ</strong></span> <span class='ocrx_word' id='word_1_484' title='bbox 581 3710 727 3765; x_wconf 83' lang='grc' dir='ltr'><strong>κατὰ</strong></span> <span class='ocrx_word' id='word_1_485' title='bbox 761 3712 919 3766; x_wconf 74' lang='grc' dir='ltr'><strong>τοῦτό</strong></span> <span class='ocrx_word' id='word_1_486' title='bbox 944 3730 1079 3784; x_wconf 84' lang='grc' dir='ltr'><strong>φησι</strong></span> <span class='ocrx_word' id='word_1_487' title='bbox 1118 3712 1603 3785; x_wconf 81' lang='grc' dir='ltr'><strong>τδσημαινόμενον</strong></span> <span class='ocrx_word' id='word_1_488' title='bbox 1629 3717 1726 3784; x_wconf 81' lang='grc' dir='ltr'><strong>τῆς</strong></span> <span class='ocrx_word' id='word_1_489' title='bbox 1759 3717 1861 3786; x_wconf 83' lang='grc' dir='ltr'><strong>ἀρ-</strong></span> 
     </span>
    </p>
   </div>
   <div class='ocr_carea' id='block_1_68' title="bbox 259 3799 1860 3875">
    <p class='ocr_par' dir='ltr' id='par_1_68' title="bbox 259 3799 1860 3875">
     <span class='ocr_line' id='line_1_68' title="bbox 259 3799 1860 3875; baseline 0.001 -20"><span class='ocrx_word' id='word_1_490' title='bbox 259 3799 378 3870; x_wconf 69' lang='grc' dir='ltr'><strong>χῆς</strong></span> <span class='ocrx_word' id='word_1_491' title='bbox 398 3799 625 3855; x_wconf 85' lang='grc' dir='ltr'><strong>δυνατὸν</strong></span> <span class='ocrx_word' id='word_1_492' title='bbox 656 3801 907 3873; x_wconf 77' lang='grc' dir='ltr'><strong>ἐννοῆσαι</strong></span> <span class='ocrx_word' id='word_1_493' title='bbox 926 3802 1014 3856; x_wconf 81' lang='grc' dir='ltr'><strong>τὸν</strong></span> <span class='ocrx_word' id='word_1_494' title='bbox 1034 3802 1262 3873; x_wconf 82' lang='grc' dir='ltr'><strong>οὐρανὸν</strong></span> <span class='ocrx_word' id='word_1_495' title='bbox 1282 3803 1379 3857; x_wconf 80' lang='grc' dir='ltr'><strong>καὶ</strong></span> <span class='ocrx_word' id='word_1_496' title='bbox 1393 3803 1494 3875; x_wconf 79' lang='grc' dir='ltr'><strong>τὴν</strong></span> <span class='ocrx_word' id='word_1_497' title='bbox 1515 3803 1619 3873; x_wconf 81' lang='grc' dir='ltr'><strong>γῆν</strong></span> <span class='ocrx_word' id='word_1_498' title='bbox 1638 3806 1696 3858; x_wconf 83' lang='grc' dir='ltr'><strong>ὲν</strong></span> <span class='ocrx_word' id='word_1_499' title='bbox 1714 3806 1860 3875; x_wconf 74' lang='grc' dir='ltr'><strong>ἀρχῇ</strong></span> 
     </span>
    </p>
   </div>
   <div class='ocr_carea' id='block_1_69' title="bbox 272 3887 1861 3967">
    <p class='ocr_par' dir='ltr' id='par_1_69' title="bbox 272 3887 1861 3967">
     <span class='ocr_line' id='line_1_69' title="bbox 272 3887 1861 3967; baseline 0.003 -22"><span class='ocrx_word' id='word_1_500' title='bbox 272 3893 615 3963; x_wconf 71' lang='grc' dir='ltr'><strong>γεγενῆσθαι</strong></span> <span class='ocrx_word' id='word_1_501' title='bbox 634 3910 649 3924; x_wconf 75' lang='grc' dir='ltr'><strong>ο</strong></span> <span class='ocrx_word' id='word_1_502' title='bbox 681 3887 793 3947; x_wconf 80' lang='grc' dir='ltr'><strong>οἷον</strong></span> <span class='ocrx_word' id='word_1_503' title='bbox 825 3895 935 3966; x_wconf 88' lang='grc' dir='ltr'><strong>γὰρ</strong></span> <span class='ocrx_word' id='word_1_504' title='bbox 964 3895 1214 3966; x_wconf 82' lang='grc' dir='ltr'><strong>θεμέλιον</strong></span> <span class='ocrx_word' id='word_1_505' title='bbox 1243 3892 1339 3948; x_wconf 75' lang='grc' dir='ltr'><strong>καὶ</strong></span> <span class='ocrx_word' id='word_1_506' title='bbox 1362 3893 1537 3967; x_wconf 80' lang='grc' dir='ltr'><strong>ἀρχὴν</strong></span> <span class='ocrx_word' id='word_1_507' title='bbox 1566 3896 1675 3951; x_wconf 85' lang='grc' dir='ltr'><strong>τῶν</strong></span> <span class='ocrx_word' id='word_1_508' title='bbox 1697 3913 1861 3964; x_wconf 88' lang='grc' dir='ltr'><strong>γεγο-</strong></span> 
     </span>
    </p>
   </div>
   <div class='ocr_carea' id='block_1_70' title="bbox 260 3984 1857 4060">
    <p class='ocr_par' dir='ltr' id='par_1_70' title="bbox 260 3984 1857 4060">
     <span class='ocr_line' id='line_1_70' title="bbox 260 3984 1857 4060; baseline 0.007 -23"><span class='ocrx_word' id='word_1_509' title='bbox 260 3985 443 4039; x_wconf 84' lang='grc' dir='ltr'><strong>νότων</strong></span> <span class='ocrx_word' id='word_1_510' title='bbox 462 3987 490 4038; x_wconf 86' lang='grc' dir='ltr'>ὁ</span> <span class='ocrx_word' id='word_1_511' title='bbox 511 3984 644 4051; x_wconf 79' lang='grc' dir='ltr'><strong>Θεὸς</strong></span> <span class='ocrx_word' id='word_1_512' title='bbox 670 3985 761 4042; x_wconf 75' lang='grc' dir='ltr'><strong>τὸν</strong></span> <span class='ocrx_word' id='word_1_513' title='bbox 789 3987 1018 4057; x_wconf 77' lang='grc' dir='ltr'><strong>οὐρανὸν</strong></span> <span class='ocrx_word' id='word_1_514' title='bbox 1036 3990 1129 4040; x_wconf 75' lang='grc' dir='ltr'><strong>καὶ</strong></span> <span class='ocrx_word' id='word_1_515' title='bbox 1157 3987 1255 4060; x_wconf 79' lang='grc' dir='ltr'><strong>τὴν</strong></span> <span class='ocrx_word' id='word_1_516' title='bbox 1275 3989 1377 4059; x_wconf 80' lang='grc' dir='ltr'><strong>γῆν</strong></span> <span class='ocrx_word' id='word_1_517' title='bbox 1401 3990 1857 4058; x_wconf 80' lang='grc' dir='ltr'><strong>προκατεὸάλετο.</strong></span> 
     </span>
    </p>
   </div>
   <div class='ocr_carea' id='block_1_71' title="bbox 260 4075 1856 4149">
    <p class='ocr_par' dir='ltr' id='par_1_71' title="bbox 260 4075 1856 4149">
     <span class='ocr_line' id='line_1_71' title="bbox 260 4075 1856 4149; baseline 0.002 -17"><span class='ocrx_word' id='word_1_518' title='bbox 260 4076 434 4132; x_wconf 76' lang='grc' dir='ltr'><strong>Κατὰ</strong></span> <span class='ocrx_word' id='word_1_519' title='bbox 473 4076 531 4130; x_wconf 82' lang='grc' dir='ltr'><strong>δὲ</strong></span> <span class='ocrx_word' id='word_1_520' title='bbox 577 4075 649 4130; x_wconf 79' lang='grc' dir='ltr'><strong>τὰ</strong></span> <span class='ocrx_word' id='word_1_521' title='bbox 690 4077 829 4131; x_wconf 71' lang='grc' dir='ltr'><strong>ἀλλα</strong></span> <span class='ocrx_word' id='word_1_522' title='bbox 876 4077 977 4147; x_wconf 79' lang='grc' dir='ltr'><strong>τῆς</strong></span> <span class='ocrx_word' id='word_1_523' title='bbox 1033 4075 1207 4149; x_wconf 84' lang='grc' dir='ltr'><strong>ἀρχῆς</strong></span> <span class='ocrx_word' id='word_1_524' title='bbox 1239 4080 1616 4149; x_wconf 83' lang='grc' dir='ltr'><strong>σημαινόμενα</strong></span> <span class='ocrx_word' id='word_1_525' title='bbox 1650 4081 1856 4137; x_wconf 77' lang='grc' dir='ltr'><strong>οὐκέτι.</strong></span> 
     </span>
    </p>
   </div>
   <div class='ocr_carea' id='block_1_72' title="bbox 352 4168 1861 4244">
    <p class='ocr_par' dir='ltr' id='par_1_72' title="bbox 352 4168 1861 4244">
     <span class='ocr_line' id='line_1_72' title="bbox 352 4168 1861 4244; baseline 0.003 -21"><span class='ocrx_word' id='word_1_526' title='bbox 352 4170 479 4223; x_wconf 86' lang='grc' dir='ltr'><strong>Ὅτι</strong></span> <span class='ocrx_word' id='word_1_527' title='bbox 496 4170 621 4224; x_wconf 74' lang='grc' dir='ltr'><strong>ἀντὶ</strong></span> <span class='ocrx_word' id='word_1_528' title='bbox 636 4170 683 4203; x_wconf 76' lang='grc'><strong>⁷⁸</strong></span> <span class='ocrx_word' id='word_1_529' title='bbox 705 4168 821 4235; x_wconf 85' lang='grc' dir='ltr'><strong>τοῦ,</strong></span> <span class='ocrx_word' id='word_1_530' title='bbox 854 4172 959 4224; x_wconf 76' lang='grc' dir='ltr'><strong>Ἐν</strong></span> <span class='ocrx_word' id='word_1_531' title='bbox 983 4168 1158 4240; x_wconf 75' lang='grc' dir='ltr'><strong>ἀρχῇ,</strong></span> <span class='ocrx_word' id='word_1_532' title='bbox 1181 4189 1200 4221; x_wconf 84' lang='grc' dir='ltr'><strong>ι</strong></span> <span class='ocrx_word' id='word_1_533' title='bbox 1225 4172 1283 4223; x_wconf 83' lang='grc' dir='ltr'><strong>ὲν</strong></span> <span class='ocrx_word' id='word_1_534' title='bbox 1300 4172 1583 4244; x_wconf 83' lang='grc' dir='ltr'><strong>κεφαλαίῳ</strong></span> <span class='ocrx_word' id='word_1_535' title='bbox 1605 4192 1624 4226; x_wconf 76' lang='grc' dir='ltr'><strong>ι</strong></span> <span class='ocrx_word' id='word_1_536' title='bbox 1647 4173 1817 4226; x_wconf 81' lang='grc' dir='ltr'><strong>εἰπὼν</strong></span> <span class='ocrx_word' id='word_1_537' title='bbox 1833 4175 1861 4227; x_wconf 91' lang='grc' dir='ltr'><strong>ό</strong></span> 
     </span>
    </p>
   </div>
   <div class='ocr_carea' id='block_1_73' title="bbox 275 4263 1860 4338">
    <p class='ocr_par' dir='ltr' id='par_1_73' title="bbox 275 4263 1860 4338">
     <span class='ocr_line' id='line_1_73' title="bbox 275 4263 1860 4338; baseline 0.003 -22"><span class='ocrx_word' id='word_1_538' title='bbox 275 4264 519 4329; x_wconf 84' lang='grc' dir='ltr'><strong>Ἀκύλας</strong></span> <span class='ocrx_word' id='word_1_539' title='bbox 566 4264 784 4319; x_wconf 85' lang='grc' dir='ltr'><strong>δίδωσιν</strong></span> <span class='ocrx_word' id='word_1_540' title='bbox 809 4266 1011 4318; x_wconf 80' lang='grc' dir='ltr'><strong>ἐννοεῖν</strong></span> <span class='ocrx_word' id='word_1_541' title='bbox 1051 4266 1175 4319; x_wconf 72' lang='grc' dir='ltr'><strong>ἀντὶ</strong></span> <span class='ocrx_word' id='word_1_542' title='bbox 1203 4263 1298 4319; x_wconf 82' lang='grc' dir='ltr'><strong>τοῦ</strong></span> <span class='ocrx_word' id='word_1_543' title='bbox 1340 4267 1737 4338; x_wconf 79' lang='grc' dir='ltr'><strong>συνῃρημένως</strong></span> <span class='ocrx_word' id='word_1_544' title='bbox 1766 4268 1860 4322; x_wconf 76' lang='grc' dir='ltr'><strong>καὶ</strong></span> 
     </span>
    </p>
   </div>
   <div class='ocr_carea' id='block_1_74' title="bbox 255 4355 1856 4429">
    <p class='ocr_par' dir='ltr' id='par_1_74' title="bbox 255 4355 1856 4429">
     <span class='ocr_line' id='line_1_74' title="bbox 255 4355 1856 4429; baseline 0.002 -19"><span class='ocrx_word' id='word_1_545' title='bbox 255 4356 408 4427; x_wconf 68' lang='grc' dir='ltr'><strong>ὁμοῦ</strong></span> <span class='ocrx_word' id='word_1_546' title='bbox 456 4356 710 4426; x_wconf 80' lang='grc' dir='ltr'><strong>γενέσθαι</strong></span> <span class='ocrx_word' id='word_1_547' title='bbox 732 4357 823 4410; x_wconf 82' lang='grc' dir='ltr'><strong>τὸν</strong></span> <span class='ocrx_word' id='word_1_548' title='bbox 844 4355 1070 4426; x_wconf 83' lang='grc' dir='ltr'><strong>οὐρανὸν</strong></span> <span class='ocrx_word' id='word_1_549' title='bbox 1096 4357 1381 4427; x_wconf 88' lang='grc' dir='ltr'><strong>σημαίνειν</strong></span> <span class='ocrx_word' id='word_1_550' title='bbox 1415 4357 1494 4422; x_wconf 88' lang='grc' dir='ltr'><strong>τὸ,</strong></span> <span class='ocrx_word' id='word_1_551' title='bbox 1540 4360 1643 4411; x_wconf 79' lang='grc' dir='ltr'><em>Ἐν</em></span> <span class='ocrx_word' id='word_1_552' title='bbox 1670 4359 1856 4429; x_wconf 71' lang='grc' dir='ltr'><strong>ἀρχῇ·</strong></span> 
     </span>
    </p>
   </div>
   <div class='ocr_carea' id='block_1_75' title="bbox 254 4448 1861 4522">
    <p class='ocr_par' dir='ltr' id='par_1_75' title="bbox 254 4448 1861 4522">
     <span class='ocr_line' id='line_1_75' title="bbox 254 4448 1861 4522; baseline 0 -17"><span class='ocrx_word' id='word_1_553' title='bbox 254 4448 394 4505; x_wconf 77' lang='grc' dir='ltr'><strong>οὐδὲ</strong></span> <span class='ocrx_word' id='word_1_554' title='bbox 424 4450 533 4521; x_wconf 84' lang='grc' dir='ltr'><strong>γὰρ</strong></span> <span class='ocrx_word' id='word_1_555' title='bbox 554 4450 615 4505; x_wconf 79' lang='grc' dir='ltr'><strong>τὸ</strong></span> <span class='ocrx_word' id='word_1_556' title='bbox 651 4449 751 4520; x_wconf 83' lang='grc' dir='ltr'><strong>μὲν</strong></span> <span class='ocrx_word' id='word_1_557' title='bbox 799 4450 978 4504; x_wconf 83' lang='grc' dir='ltr'><strong>αὐτῶν</strong></span> <span class='ocrx_word' id='word_1_558' title='bbox 1032 4449 1319 4521; x_wconf 86' lang='grc' dir='ltr'><strong>πρότερον,</strong></span> <span class='ocrx_word' id='word_1_559' title='bbox 1345 4451 1404 4503; x_wconf 81' lang='grc' dir='ltr'><strong>τὸ</strong></span> <span class='ocrx_word' id='word_1_560' title='bbox 1430 4450 1486 4503; x_wconf 81' lang='grc' dir='ltr'><strong>δὲ</strong></span> <span class='ocrx_word' id='word_1_561' title='bbox 1524 4450 1750 4522; x_wconf 77' lang='grc' dir='ltr'><strong>ὕστερον</strong></span> <span class='ocrx_word' id='word_1_562' title='bbox 1770 4452 1861 4520; x_wconf 81' lang='grc' dir='ltr'><strong>γέ-</strong></span> 
     </span>
    </p>
   </div>
   <div class='ocr_carea' id='block_1_76' title="bbox 256 4516 1935 4614">
    <p class='ocr_par' dir='ltr' id='par_1_76' title="bbox 256 4516 1935 4614">
     <span class='ocr_line' id='line_1_76' title="bbox 256 4516 1935 4614; baseline 0.001 -18"><span class='ocrx_word' id='word_1_563' title='bbox 256 4516 449 4612; x_wconf 64' lang='grc' dir='ltr'><strong>γονεν.</strong></span> <span class='ocrx_word' id='word_1_564' title='bbox 504 4516 795 4612; x_wconf 63' lang='grc' dir='ltr'><strong>Ὲίώθαμεν</strong></span> <span class='ocrx_word' id='word_1_565' title='bbox 826 4540 933 4611; x_wconf 86' lang='grc' dir='ltr'><strong>γὰρ</strong></span> <span class='ocrx_word' id='word_1_566' title='bbox 996 4516 1294 4610; x_wconf 67' lang='grc' dir='ltr'><strong>κεφάλαιον</strong></span> <span class='ocrx_word' id='word_1_567' title='bbox 1334 4541 1522 4597; x_wconf 86' lang='grc' dir='ltr'><strong>καλεῖν</strong></span> <span class='ocrx_word' id='word_1_568' title='bbox 1551 4516 1740 4614; x_wconf 30' lang='grc' dir='ltr'><strong>τὴν-ὲν</strong></span> <span class='ocrx_word' id='word_1_569' title='bbox 1776 4516 1859 4598; x_wconf 53' lang='lat' dir='ltr'><strong>svi.</strong></span> <span class='ocrx_word' id='word_1_570' title='bbox 1896 4516 1935 4569; x_wconf 70' lang='grc' dir='ltr'>θ</span> 
     </span>
    </p>
   </div>
   <div class='ocr_carea' id='block_1_77' title="bbox 259 4633 1861 4707">
    <p class='ocr_par' dir='ltr' id='par_1_77' title="bbox 259 4633 1861 4707">
     <span class='ocr_line' id='line_1_77' title="bbox 259 4633 1861 4707; baseline 0 -19"><span class='ocrx_word' id='word_1_571' title='bbox 259 4634 485 4688; x_wconf 81' lang='grc' dir='ltr'><strong>πολλῶν</strong></span> <span class='ocrx_word' id='word_1_572' title='bbox 499 4634 543 4665; x_wconf 77' lang='grc'><strong>⁷⁷</strong></span> <span class='ocrx_word' id='word_1_573' title='bbox 574 4633 694 4705; x_wconf 74' lang='grc' dir='ltr'><strong>ἅμα</strong></span> <span class='ocrx_word' id='word_1_574' title='bbox 714 4635 1024 4704; x_wconf 88' lang='grc' dir='ltr'><strong>συναίρεσιν</strong></span> <span class='ocrx_word' id='word_1_575' title='bbox 1043 4651 1056 4665; x_wconf 83' lang='grc'><em>’</em></span> <span class='ocrx_word' id='word_1_576' title='bbox 1093 4635 1185 4688; x_wconf 77' lang='grc' dir='ltr'><strong>καὶ</strong></span> <span class='ocrx_word' id='word_1_577' title='bbox 1206 4634 1376 4706; x_wconf 84' lang='grc' dir='ltr'><strong>πολλὴ</strong></span> <span class='ocrx_word' id='word_1_578' title='bbox 1409 4634 1442 4705; x_wconf 81' lang='grc' dir='ltr'><strong>ἡ</strong></span> <span class='ocrx_word' id='word_1_579' title='bbox 1470 4635 1685 4705; x_wconf 83' lang='grc' dir='ltr'><strong>χρῆσις.</strong></span> <span class='ocrx_word' id='word_1_580' title='bbox 1705 4634 1861 4707; x_wconf 84' lang='grc' dir='ltr'><strong>Ἐδή-</strong></span> 
     </span>
    </p>
   </div>
   <div class='ocr_carea' id='block_1_78' title="bbox 258 4723 1861 4797">
    <p class='ocr_par' dir='ltr' id='par_1_78' title="bbox 258 4723 1861 4797">
     <span class='ocr_line' id='line_1_78' title="bbox 258 4723 1861 4797; baseline 0.002 -21"><span class='ocrx_word' id='word_1_581' title='bbox 258 4725 410 4777; x_wconf 78' lang='grc' dir='ltr'><strong>λωσε</strong></span> <span class='ocrx_word' id='word_1_582' title='bbox 455 4723 513 4777; x_wconf 81' lang='grc' dir='ltr'><strong>δὲ</strong></span> <span class='ocrx_word' id='word_1_583' title='bbox 578 4724 673 4777; x_wconf 79' lang='grc' dir='ltr'><strong>καὶ</strong></span> <span class='ocrx_word' id='word_1_584' title='bbox 702 4726 735 4794; x_wconf 84' lang='grc' dir='ltr'><strong>ή</strong></span> <span class='ocrx_word' id='word_1_585' title='bbox 764 4724 864 4794; x_wconf 83' lang='grc' dir='ltr'><strong>τῆς</strong></span> <span class='ocrx_word' id='word_1_586' title='bbox 891 4725 1013 4778; x_wconf 80' lang='grc' dir='ltr'><strong>σὺν</strong></span> <span class='ocrx_word' id='word_1_587' title='bbox 1037 4726 1346 4797; x_wconf 85' lang='grc' dir='ltr'><strong>προσθήκη,</strong></span> <span class='ocrx_word' id='word_1_588' title='bbox 1400 4726 1739 4797; x_wconf 78' lang='grc' dir='ltr'><strong>συνδυασμὸν</strong></span> <span class='ocrx_word' id='word_1_589' title='bbox 1784 4728 1861 4791; x_wconf 81' lang='grc' dir='ltr'><strong>ὠς</strong></span> 
     </span>
    </p>
   </div>
   <div class='ocr_carea' id='block_1_79' title="bbox 255 4800 1861 4891">
    <p class='ocr_par' dir='ltr' id='par_1_79' title="bbox 255 4800 1861 4891">
     <span class='ocr_line' id='line_1_79' title="bbox 255 4800 1861 4891; baseline 0 -17"><span class='ocrx_word' id='word_1_590' title='bbox 255 4820 339 4874; x_wconf 70' lang='grc' dir='ltr'><strong>τὰ</strong></span> <span class='ocrx_word' id='word_1_591' title='bbox 374 4818 544 4873; x_wconf 79' lang='grc' dir='ltr'><strong>πολλὰ</strong></span> <span class='ocrx_word' id='word_1_592' title='bbox 567 4818 823 4891; x_wconf 84' lang='grc' dir='ltr'><strong>δηλοῦσα.</strong></span> <span class='ocrx_word' id='word_1_593' title='bbox 852 4822 963 4874; x_wconf 73' lang='grc' dir='ltr'><strong>Καὶ</strong></span> <span class='ocrx_word' id='word_1_594' title='bbox 987 4821 1094 4891; x_wconf 84' lang='grc' dir='ltr'><strong>γὰρ</strong></span> <span class='ocrx_word' id='word_1_595' title='bbox 1110 4800 1298 4888; x_wconf 61' lang='grc' dir='ltr'><strong>εῖτ-νῶν,</strong></span> <span class='ocrx_word' id='word_1_596' title='bbox 1318 4822 1419 4875; x_wconf 84' lang='grc' dir='ltr'><strong>Ἐν</strong></span> <span class='ocrx_word' id='word_1_597' title='bbox 1435 4822 1743 4891; x_wconf 69' lang='grc' dir='ltr'><strong>κεφαλαίῳ</strong></span> <span class='ocrx_word' id='word_1_598' title='bbox 1763 4822 1861 4875; x_wconf 77' lang='grc' dir='ltr'><strong>ἐκ·</strong></span> 
     </span>
    </p>
   </div>
   <div class='ocr_carea' id='block_1_80' title="bbox 254 4911 1857 4985">
    <p class='ocr_par' dir='ltr' id='par_1_80' title="bbox 254 4911 1857 4985">
     <span class='ocr_line' id='line_1_80' title="bbox 254 4911 1857 4985; baseline 0.001 -18"><span class='ocrx_word' id='word_1_599' title='bbox 254 4929 403 4967; x_wconf 83' lang='grc' dir='ltr'><strong>τισε</strong></span> <span class='ocrx_word' id='word_1_600' title='bbox 466 4911 590 4966; x_wconf 84' lang='grc' dir='ltr'><strong>σὺν</strong></span> <span class='ocrx_word' id='word_1_601' title='bbox 628 4913 735 4966; x_wconf 80' lang='grc' dir='ltr'><strong>τὸν</strong></span> <span class='ocrx_word' id='word_1_602' title='bbox 805 4912 1087 4980; x_wconf 59' lang='grc' dir='ltr'><strong>θήραν-ὸν,</strong></span> <span class='ocrx_word' id='word_1_603' title='bbox 1138 4912 1263 4966; x_wconf 82' lang='grc' dir='ltr'><strong>σὺν</strong></span> <span class='ocrx_word' id='word_1_604' title='bbox 1300 4911 1419 4979; x_wconf 83' lang='grc' dir='ltr'><strong>τὴν</strong></span> <span class='ocrx_word' id='word_1_605' title='bbox 1459 4913 1599 4981; x_wconf 76' lang='grc' dir='ltr'><strong>γῆν,</strong></span> <span class='ocrx_word' id='word_1_606' title='bbox 1634 4915 1692 4966; x_wconf 84' lang='grc' dir='ltr'><strong>ὲν</strong></span> <span class='ocrx_word' id='word_1_607' title='bbox 1715 4914 1857 4985; x_wconf 80' lang='grc' dir='ltr'><strong>ἀρχῇ</strong></span> 
     </span>
    </p>
   </div>
   <div class='ocr_carea' id='block_1_81' title="bbox 255 5002 1854 5075">
    <p class='ocr_par' dir='ltr' id='par_1_81' title="bbox 255 5002 1854 5075">
     <span class='ocr_line' id='line_1_81' title="bbox 255 5002 1854 5075; baseline 0.001 -18"><span class='ocrx_word' id='word_1_608' title='bbox 255 5003 516 5075; x_wconf 76' lang='grc' dir='ltr'><strong>παρέσχε</strong></span> <span class='ocrx_word' id='word_1_609' title='bbox 571 5002 672 5074; x_wconf 82' lang='grc' dir='ltr'><strong>τὴν</strong></span> <span class='ocrx_word' id='word_1_610' title='bbox 705 5002 936 5075; x_wconf 84' lang='grc' dir='ltr'><strong>δήλωσιν</strong></span> <span class='ocrx_word' id='word_1_611' title='bbox 970 5002 1064 5057; x_wconf 74' lang='grc' dir='ltr'><strong>τοῦ</strong></span> <span class='ocrx_word' id='word_1_612' title='bbox 1127 5004 1245 5075; x_wconf 76' lang='grc' dir='ltr'><strong>ἅμα</strong></span> <span class='ocrx_word' id='word_1_613' title='bbox 1290 5004 1543 5074; x_wconf 78' lang='grc' dir='ltr'><strong>γενέσθαι</strong></span> <span class='ocrx_word' id='word_1_614' title='bbox 1604 5005 1675 5057; x_wconf 77' lang='grc' dir='ltr'><strong>τὰ</strong></span> <span class='ocrx_word' id='word_1_615' title='bbox 1742 5004 1854 5058; x_wconf 86' lang='grc' dir='ltr'><strong>δύο.</strong></span> 
     </span>
    </p>
   </div>
   <div class='ocr_carea' id='block_1_82' title="bbox 260 5096 1857 5168">
    <p class='ocr_par' dir='ltr' id='par_1_82' title="bbox 260 5096 1857 5168">
     <span class='ocr_line' id='line_1_82' title="bbox 260 5096 1857 5168; baseline 0.001 -18"><span class='ocrx_word' id='word_1_616' title='bbox 260 5097 432 5158; x_wconf 83' lang='grc' dir='ltr'><strong>Τινὲς</strong></span> <span class='ocrx_word' id='word_1_617' title='bbox 481 5096 565 5162; x_wconf 78' lang='grc' dir='ltr'><strong>τὸ,</strong></span> <span class='ocrx_word' id='word_1_618' title='bbox 597 5098 655 5150; x_wconf 85' lang='grc' dir='ltr'><strong>ὲν</strong></span> <span class='ocrx_word' id='word_1_619' title='bbox 698 5096 1010 5167; x_wconf 85' lang='grc' dir='ltr'><strong>κεφαλαίῳ,</strong></span> <span class='ocrx_word' id='word_1_620' title='bbox 1046 5098 1144 5166; x_wconf 85' lang='grc' dir='ltr'><strong>οὐχ</strong></span> <span class='ocrx_word' id='word_1_621' title='bbox 1189 5096 1384 5161; x_wconf 72' lang='grc' dir='ltr'><strong>οὕτως,</strong></span> <span class='ocrx_word' id='word_1_622' title='bbox 1418 5097 1533 5151; x_wconf 86' lang='grc' dir='ltr'><strong>ἀλλ’</strong></span> <span class='ocrx_word' id='word_1_623' title='bbox 1595 5097 1705 5150; x_wconf 82' lang='grc' dir='ltr'><strong>ἀπὸ</strong></span> <span class='ocrx_word' id='word_1_624' title='bbox 1757 5098 1857 5168; x_wconf 82' lang='grc' dir='ltr'><strong>τῆς</strong></span> 
     </span>
    </p>
   </div>
   <div class='ocr_carea' id='block_1_83' title="bbox 256 5185 1859 5257">
    <p class='ocr_par' dir='ltr' id='par_1_83' title="bbox 256 5185 1859 5257">
     <span class='ocr_line' id='line_1_83' title="bbox 256 5185 1859 5257; baseline -0.001 -17"><span class='ocrx_word' id='word_1_625' title='bbox 256 5186 446 5256; x_wconf 80' lang='grc' dir='ltr'><strong>ἀρχῆς</strong></span> <span class='ocrx_word' id='word_1_626' title='bbox 458 5185 553 5239; x_wconf 76' lang='grc' dir='ltr'><strong>τοῦ</strong></span> <span class='ocrx_word' id='word_1_627' title='bbox 586 5185 835 5257; x_wconf 86' lang='grc' dir='ltr'><strong>σώματος</strong></span> <span class='ocrx_word' id='word_1_628' title='bbox 851 5187 951 5257; x_wconf 83' lang='grc' dir='ltr'><strong>τῆς</strong></span> <span class='ocrx_word' id='word_1_629' title='bbox 977 5186 1367 5256; x_wconf 71' lang='grc' dir='ltr'><strong>κεφαλῆςξαύτὸ</strong></span> <span class='ocrx_word' id='word_1_630' title='bbox 1392 5186 1736 5256; x_wconf 77' lang='grc' dir='ltr'><strong>λογιζόμενοι</strong></span> <span class='ocrx_word' id='word_1_631' title='bbox 1762 5188 1859 5239; x_wconf 83' lang='grc' dir='ltr'><strong>ὲσ-</strong></span> 
     </span>
    </p>
   </div>
   <div class='ocr_carea' id='block_1_84' title="bbox 256 5276 1855 5351">
    <p class='ocr_par' dir='ltr' id='par_1_84' title="bbox 256 5276 1855 5351">
     <span class='ocr_line' id='line_1_84' title="bbox 256 5276 1855 5351; baseline 0.001 -20"><span class='ocrx_word' id='word_1_632' title='bbox 256 5276 636 5351; x_wconf 78' lang='grc' dir='ltr'><strong>χηματίσθαι,</strong></span> <span class='ocrx_word' id='word_1_633' title='bbox 670 5280 751 5342; x_wconf 87' lang='grc' dir='ltr'><strong>είς</strong></span> <span class='ocrx_word' id='word_1_634' title='bbox 792 5276 1050 5349; x_wconf 88' lang='grc' dir='ltr'><strong>τοιαύτην</strong></span> <span class='ocrx_word' id='word_1_635' title='bbox 1079 5276 1254 5350; x_wconf 79' lang='grc' dir='ltr'><strong>ἀρχὴν</strong></span> <span class='ocrx_word' id='word_1_636' title='bbox 1274 5277 1406 5331; x_wconf 84' lang='grc' dir='ltr'><strong>αὐτὸ</strong></span> <span class='ocrx_word' id='word_1_637' title='bbox 1440 5278 1855 5349; x_wconf 83' lang='grc' dir='ltr'><strong>μετειλήφασιν.</strong></span> 
     </span>
    </p>
   </div>
   <div class='ocr_carea' id='block_1_85' title="bbox 351 5454 1858 5529">
    <p class='ocr_par' dir='ltr' id='par_1_85' title="bbox 351 5454 1858 5529">
     <span class='ocr_line' id='line_1_85' title="bbox 351 5454 1858 5529; baseline -0.001 -19"><span class='ocrx_word' id='word_1_638' title='bbox 351 5456 475 5510; x_wconf 84' lang='grc' dir='ltr'><strong>ὐτι</strong></span> <span class='ocrx_word' id='word_1_639' title='bbox 544 5457 730 5528; x_wconf 72' lang='grc' dir='ltr'><strong>φησὶν,</strong></span> <span class='ocrx_word' id='word_1_640' title='bbox 795 5457 1037 5529; x_wconf 77' lang='grc' dir='ltr'><strong>Οὐρανὸν</strong></span> <span class='ocrx_word' id='word_1_641' title='bbox 1088 5470 1180 5510; x_wconf 84' lang='grc' dir='ltr'><strong>και</strong></span> <span class='ocrx_word' id='word_1_642' title='bbox 1246 5454 1350 5528; x_wconf 83' lang='grc' dir='ltr'><strong>γῆν</strong></span> <span class='ocrx_word' id='word_1_643' title='bbox 1418 5456 1588 5513; x_wconf 79' lang='grc' dir='ltr'><strong>εἰπὼν</strong></span> <span class='ocrx_word' id='word_1_644' title='bbox 1635 5458 1724 5511; x_wconf 86' lang='grc' dir='ltr'><strong>διὰ</strong></span> <span class='ocrx_word' id='word_1_645' title='bbox 1747 5459 1858 5511; x_wconf 88' lang='grc' dir='ltr'><strong>τῶν</strong></span> 
     </span>
    </p>
   </div>
   <div class='ocr_carea' id='block_1_86' title="bbox 346 5641 702 5710">
    <p class='ocr_par' dir='ltr' id='par_1_86' title="bbox 346 5641 702 5710">
     <span class='ocr_line' id='line_1_86' title="bbox 346 5641 702 5710; baseline -0.011 -9"><span class='ocrx_word' id='word_1_646' title='bbox 346 5654 367 5681; x_wconf 73' lang='grc'>⁸</span> <span class='ocrx_word' id='word_1_647' title='bbox 402 5641 539 5700; x_wconf 89' lang='lat' dir='ltr'><strong>Gen.</strong></span> <span class='ocrx_word' id='word_1_648' title='bbox 578 5658 617 5710; x_wconf 85' lang='grc' dir='ltr'><strong>ι,</strong></span> <span class='ocrx_word' id='word_1_649' title='bbox 652 5644 702 5698; x_wconf 82' lang='grc'><strong>1.</strong></span> 
     </span>
    </p>
   </div>
   <div class='ocr_carea' id='block_1_87' title="bbox 1968 3259 3553 3336">
    <p class='ocr_par' dir='ltr' id='par_1_87' title="bbox 1968 3259 3553 3336">
     <span class='ocr_line' id='line_1_87' title="bbox 1968 3259 3553 3336; baseline -0.003 -19"><span class='ocrx_word' id='word_1_650' title='bbox 1968 3264 2056 3336; x_wconf 90' lang='lat' dir='ltr'><strong>pio</strong></span> <span class='ocrx_word' id='word_1_651' title='bbox 2084 3263 2360 3334; x_wconf 86' lang='lat' dir='ltr'><strong>temporis,</strong></span> <span class='ocrx_word' id='word_1_652' title='bbox 2400 3270 2457 3317; x_wconf 92' lang='lat' dir='ltr'><strong>et</strong></span> <span class='ocrx_word' id='word_1_653' title='bbox 2486 3276 2593 3317; x_wconf 89' lang='lat' dir='ltr'><strong>non</strong></span> <span class='ocrx_word' id='word_1_654' title='bbox 2627 3262 2680 3316; x_wconf 93' lang='lat' dir='ltr'><strong>in</strong></span> <span class='ocrx_word' id='word_1_655' title='bbox 2716 3270 2980 3331; x_wconf 89' lang='lat' dir='ltr'><strong>tempore,</strong></span> <span class='ocrx_word' id='word_1_656' title='bbox 3011 3259 3208 3315; x_wconf 62' lang='lat' dir='ltr'><strong>coelum</strong></span> <span class='ocrx_word' id='word_1_657' title='bbox 3241 3267 3553 3327; x_wconf 83' lang='lat' dir='ltr'><strong>terramque</strong></span> 
     </span>
    </p>
   </div>
   <div class='ocr_carea' id='block_1_88' title="bbox 1965 3350 3550 3422">
    <p class='ocr_par' dir='ltr' id='par_1_88' title="bbox 1965 3350 3550 3422">
     <span class='ocr_line' id='line_1_88' title="bbox 1965 3350 3550 3422; baseline -0.006 -11"><span class='ocrx_word' id='word_1_658' title='bbox 1965 3357 2206 3412; x_wconf 87' lang='lat' dir='ltr'><strong>condidit</strong></span> <span class='ocrx_word' id='word_1_659' title='bbox 2263 3357 2425 3412; x_wconf 88' lang='lat' dir='ltr'><strong>Deus.</strong></span> <span class='ocrx_word' id='word_1_660' title='bbox 2474 3354 2581 3409; x_wconf 90' lang='lat' dir='ltr'><strong>Sed</strong></span> <span class='ocrx_word' id='word_1_661' title='bbox 2630 3370 2802 3408; x_wconf 92' lang='lat' dir='ltr'><strong>unum</strong></span> <span class='ocrx_word' id='word_1_662' title='bbox 2857 3354 2962 3407; x_wconf 90' lang='lat' dir='ltr'><strong>hoc</strong></span> <span class='ocrx_word' id='word_1_663' title='bbox 3019 3352 3295 3422; x_wconf 73' lang='lat' dir='ltr'><strong>significat</strong></span> <span class='ocrx_word' id='word_1_664' title='bbox 3338 3350 3550 3419; x_wconf 84' lang='lat' dir='ltr'><strong>princi-</strong></span> 
     </span>
    </p>
   </div>
   <div class='ocr_carea' id='block_1_89' title="bbox 1964 3441 3549 3520">
    <p class='ocr_par' dir='ltr' id='par_1_89' title="bbox 1964 3441 3549 3520">
     <span class='ocr_line' id='line_1_89' title="bbox 1964 3441 3549 3520; baseline -0.006 -18"><span class='ocrx_word' id='word_1_665' title='bbox 1964 3450 2133 3520; x_wconf 90' lang='lat' dir='ltr'><strong>pium,</strong></span> <span class='ocrx_word' id='word_1_666' title='bbox 2160 3450 2212 3502; x_wconf 93' lang='lat' dir='ltr'><strong>in</strong></span> <span class='ocrx_word' id='word_1_667' title='bbox 2237 3463 2344 3518; x_wconf 89' lang='lat' dir='ltr'><strong>quo</strong></span> <span class='ocrx_word' id='word_1_668' title='bbox 2367 3446 2564 3502; x_wconf 69' lang='lat' dir='ltr'><strong>malum</strong></span> <span class='ocrx_word' id='word_1_669' title='bbox 2593 3455 2651 3500; x_wconf 90' lang='lat' dir='ltr'><strong>et</strong></span> <span class='ocrx_word' id='word_1_670' title='bbox 2679 3456 2823 3500; x_wconf 90' lang='lat' dir='ltr'><strong>terra</strong></span> <span class='ocrx_word' id='word_1_671' title='bbox 2847 3444 3066 3500; x_wconf 87' lang='lat' dir='ltr'><strong>condita</strong></span> <span class='ocrx_word' id='word_1_672' title='bbox 3092 3452 3242 3497; x_wconf 88' lang='lat' dir='ltr'><strong>sunt.</strong></span> <span class='ocrx_word' id='word_1_673' title='bbox 3272 3441 3549 3507; x_wconf 85' lang='lat' dir='ltr'><strong>Secundo,</strong></span> 
     </span>
    </p>
   </div>
   <div class='ocr_carea' id='block_1_90' title="bbox 1962 3532 3554 3611">
    <p class='ocr_par' dir='ltr' id='par_1_90' title="bbox 1962 3532 3554 3611">
     <span class='ocr_line' id='line_1_90' title="bbox 1962 3532 3554 3611; baseline -0.006 -17"><span class='ocrx_word' id='word_1_674' title='bbox 1962 3540 2136 3611; x_wconf 89' lang='lat' dir='ltr'><strong>prima</strong></span> <span class='ocrx_word' id='word_1_675' title='bbox 2196 3538 2399 3609; x_wconf 76' lang='lat' dir='ltr'><strong>323a</strong></span> <span class='ocrx_word' id='word_1_676' title='bbox 2436 3535 2656 3591; x_wconf 76' lang='lat' dir='ltr'><strong>fabricae</strong></span> <span class='ocrx_word' id='word_1_677' title='bbox 2704 3549 2853 3605; x_wconf 90' lang='lat' dir='ltr'><strong>pars,</strong></span> <span class='ocrx_word' id='word_1_678' title='bbox 2904 3544 2964 3587; x_wconf 90' lang='lat' dir='ltr'><strong>ut</strong></span> <span class='ocrx_word' id='word_1_679' title='bbox 3004 3533 3216 3587; x_wconf 89' lang='lat' dir='ltr'><strong>initium</strong></span> <span class='ocrx_word' id='word_1_680' title='bbox 3268 3532 3423 3587; x_wconf 82' lang='lat' dir='ltr'><strong>navis</strong></span> <span class='ocrx_word' id='word_1_681' title='bbox 3468 3542 3554 3586; x_wconf 85' lang='lat' dir='ltr'><strong>est</strong></span> 
     </span>
    </p>
   </div>
   <div class='ocr_carea' id='block_1_91' title="bbox 1963 3623 3551 3694">
    <p class='ocr_par' dir='ltr' id='par_1_91' title="bbox 1963 3623 3551 3694">
     <span class='ocr_line' id='line_1_91' title="bbox 1963 3623 3551 3694; baseline -0.005 -10"><span class='ocrx_word' id='word_1_682' title='bbox 1963 3630 2178 3694; x_wconf 86' lang='lat' dir='ltr'><strong>carina,</strong></span> <span class='ocrx_word' id='word_1_683' title='bbox 2205 3629 2398 3683; x_wconf 92' lang='lat' dir='ltr'><strong>domus</strong></span> <span class='ocrx_word' id='word_1_684' title='bbox 2426 3625 2799 3680; x_wconf 78' lang='lat' dir='ltr'><strong>fundamenta.</strong></span> <span class='ocrx_word' id='word_1_685' title='bbox 2837 3623 2976 3678; x_wconf 87' lang='lat' dir='ltr'><strong>Hinc</strong></span> <span class='ocrx_word' id='word_1_686' title='bbox 3004 3633 3228 3693; x_wconf 86' lang='lat' dir='ltr'><strong>apparet</strong></span> <span class='ocrx_word' id='word_1_687' title='bbox 3265 3631 3319 3678; x_wconf 93' lang='lat' dir='ltr'><strong>et</strong></span> <span class='ocrx_word' id='word_1_688' title='bbox 3359 3626 3551 3677; x_wconf 88' lang='lat' dir='ltr'><strong>eodem</strong></span> 
     </span>
    </p>
   </div>
   <div class='ocr_carea' id='block_1_92' title="bbox 1964 3714 3550 3791">
    <p class='ocr_par' dir='ltr' id='par_1_92' title="bbox 1964 3714 3550 3791">
     <span class='ocr_line' id='line_1_92' title="bbox 1964 3714 3550 3791; baseline -0.004 -17"><span class='ocrx_word' id='word_1_689' title='bbox 1964 3721 2124 3774; x_wconf 89' lang='lat' dir='ltr'><strong>modo</strong></span> <span class='ocrx_word' id='word_1_690' title='bbox 2142 3717 2600 3791; x_wconf 89' lang='lat' dir='ltr'><strong>signiﬁcationem</strong></span> <span class='ocrx_word' id='word_1_691' title='bbox 2621 3716 2874 3787; x_wconf 89' lang='lat' dir='ltr'><strong>principii</strong></span> <span class='ocrx_word' id='word_1_692' title='bbox 2895 3715 3118 3783; x_wconf 84' lang='lat' dir='ltr'><strong>intelligi</strong></span> <span class='ocrx_word' id='word_1_693' title='bbox 3149 3730 3329 3782; x_wconf 84' lang='lat' dir='ltr'><strong>posse,</strong></span> <span class='ocrx_word' id='word_1_694' title='bbox 3346 3714 3550 3770; x_wconf 62' lang='lat' dir='ltr'><strong>caelum</strong></span> 
     </span>
    </p>
   </div>
   <div class='ocr_carea' id='block_1_93' title="bbox 1960 3806 3556 3881">
    <p class='ocr_par' dir='ltr' id='par_1_93' title="bbox 1960 3806 3556 3881">
     <span class='ocr_line' id='line_1_93' title="bbox 1960 3806 3556 3881; baseline -0.006 -11"><span class='ocrx_word' id='word_1_695' title='bbox 1960 3824 2016 3871; x_wconf 86' lang='lat' dir='ltr'><strong>et</strong></span> <span class='ocrx_word' id='word_1_696' title='bbox 2038 3824 2236 3868; x_wconf 88' lang='lat' dir='ltr'><strong>terram</strong></span> <span class='ocrx_word' id='word_1_697' title='bbox 2268 3812 2323 3866; x_wconf 90' lang='lat' dir='ltr'><strong>in</strong></span> <span class='ocrx_word' id='word_1_698' title='bbox 2360 3811 2626 3881; x_wconf 86' lang='lat' dir='ltr'><strong>principio</strong></span> <span class='ocrx_word' id='word_1_699' title='bbox 2673 3810 2815 3865; x_wconf 77' lang='lat' dir='ltr'><strong>facta</strong></span> <span class='ocrx_word' id='word_1_700' title='bbox 2847 3822 2989 3863; x_wconf 88' lang='lat' dir='ltr'><strong>esse.</strong></span> <span class='ocrx_word' id='word_1_701' title='bbox 3023 3807 3154 3862; x_wconf 87' lang='lat' dir='ltr'><strong>Tale</strong></span> <span class='ocrx_word' id='word_1_702' title='bbox 3187 3808 3333 3862; x_wconf 90' lang='lat' dir='ltr'><strong>enim</strong></span> <span class='ocrx_word' id='word_1_703' title='bbox 3367 3806 3556 3861; x_wconf 83' lang='lat' dir='ltr'><strong>funda-</strong></span> 
     </span>
    </p>
   </div>
   <div class='ocr_carea' id='block_1_94' title="bbox 1962 3900 3550 3976">
    <p class='ocr_par' dir='ltr' id='par_1_94' title="bbox 1962 3900 3550 3976">
     <span class='ocr_line' id='line_1_94' title="bbox 1962 3900 3550 3976; baseline -0.006 -14"><span class='ocrx_word' id='word_1_704' title='bbox 1962 3916 2203 3962; x_wconf 84' lang='lat' dir='ltr'><strong>mentum</strong></span> <span class='ocrx_word' id='word_1_705' title='bbox 2235 3916 2290 3961; x_wconf 89' lang='lat' dir='ltr'><strong>et</strong></span> <span class='ocrx_word' id='word_1_706' title='bbox 2334 3905 2666 3976; x_wconf 88' lang='lat' dir='ltr'><strong>principium</strong></span> <span class='ocrx_word' id='word_1_707' title='bbox 2708 3918 2914 3966; x_wconf 89' lang='lat' dir='ltr'><strong>rerum,</strong></span> <span class='ocrx_word' id='word_1_708' title='bbox 2944 3901 3088 3955; x_wconf 90' lang='lat' dir='ltr'><strong>Deus</strong></span> <span class='ocrx_word' id='word_1_709' title='bbox 3124 3900 3321 3955; x_wconf 67' lang='lat' dir='ltr'><strong>caelum</strong></span> <span class='ocrx_word' id='word_1_710' title='bbox 3354 3908 3410 3955; x_wconf 94' lang='lat' dir='ltr'><strong>et</strong></span> <span class='ocrx_word' id='word_1_711' title='bbox 3436 3910 3550 3954; x_wconf 90' lang='lat' dir='ltr'><strong>ter-</strong></span> 
     </span>
    </p>
   </div>
   <div class='ocr_carea' id='block_1_95' title="bbox 1964 3990 3551 4068">
    <p class='ocr_par' dir='ltr' id='par_1_95' title="bbox 1964 3990 3551 4068">
     <span class='ocr_line' id='line_1_95' title="bbox 1964 3990 3551 4068; baseline -0.007 -14"><span class='ocrx_word' id='word_1_712' title='bbox 1964 4014 2104 4063; x_wconf 82' lang='lat' dir='ltr'><strong>ram,</strong></span> <span class='ocrx_word' id='word_1_713' title='bbox 2138 3998 2370 4066; x_wconf 90' lang='lat' dir='ltr'><strong>primum</strong></span> <span class='ocrx_word' id='word_1_714' title='bbox 2404 3996 2607 4068; x_wconf 84' lang='lat' dir='ltr'><strong>posuit,</strong></span> <span class='ocrx_word' id='word_1_715' title='bbox 2631 3996 2686 4050; x_wconf 89' lang='lat' dir='ltr'><strong>in</strong></span> <span class='ocrx_word' id='word_1_716' title='bbox 2713 3994 2836 4051; x_wconf 86' lang='lat' dir='ltr'><strong>aliis</strong></span> <span class='ocrx_word' id='word_1_717' title='bbox 2865 3990 3369 4064; x_wconf 88' lang='lat' dir='ltr'><strong>signiﬁcationibus</strong></span> <span class='ocrx_word' id='word_1_718' title='bbox 3396 3991 3551 4059; x_wconf 93' lang='lat' dir='ltr'><strong>prin-</strong></span> 
     </span>
    </p>
   </div>
   <div class='ocr_carea' id='block_1_96' title="bbox 1963 4094 2366 4165">
    <p class='ocr_par' dir='ltr' id='par_1_96' title="bbox 1963 4094 2366 4165">
     <span class='ocr_line' id='line_1_96' title="bbox 1963 4094 2366 4165; baseline 0.002 -16"><span class='ocrx_word' id='word_1_719' title='bbox 1963 4094 2090 4165; x_wconf 87' lang='lat' dir='ltr'><strong>cipii</strong></span> <span class='ocrx_word' id='word_1_720' title='bbox 2122 4110 2228 4149; x_wconf 90' lang='lat' dir='ltr'><strong>non</strong></span> <span class='ocrx_word' id='word_1_721' title='bbox 2262 4094 2366 4150; x_wconf 89' lang='lat' dir='ltr'><strong>ita.</strong></span> 
     </span>
    </p>
   </div>
   <div class='ocr_carea' id='block_1_97' title="bbox 2034 4180 3555 4255">
    <p class='ocr_par' dir='ltr' id='par_1_97' title="bbox 2034 4180 3555 4255">
     <span class='ocr_line' id='line_1_97' title="bbox 2034 4180 3555 4255; baseline -0.004 -16"><span class='ocrx_word' id='word_1_722' title='bbox 2034 4186 2141 4241; x_wconf 88' lang='lat' dir='ltr'><strong>Pro</strong></span> <span class='ocrx_word' id='word_1_723' title='bbox 2187 4187 2273 4241; x_wconf 85' lang='lat' dir='ltr'><strong>his</strong></span> <span class='ocrx_word' id='word_1_724' title='bbox 2320 4184 2389 4239; x_wconf 84' lang='lat' dir='ltr'><strong>In</strong></span> <span class='ocrx_word' id='word_1_725' title='bbox 2422 4184 2707 4255; x_wconf 81' lang='lat' dir='ltr'><strong>principio,</strong></span> <span class='ocrx_word' id='word_1_726' title='bbox 2772 4192 2991 4239; x_wconf 80' lang='lat' dir='ltr'><strong>vertens</strong></span> <span class='ocrx_word' id='word_1_727' title='bbox 3046 4182 3126 4238; x_wconf 87' lang='lat' dir='ltr'><strong>sic</strong></span> <span class='ocrx_word' id='word_1_728' title='bbox 3181 4180 3414 4251; x_wconf 72' lang='lat' dir='ltr'><strong>Aquila,’</strong></span> <span class='ocrx_word' id='word_1_729' title='bbox 3463 4181 3555 4235; x_wconf 88' lang='grc' dir='ltr'><strong>Ἐν</strong></span> 
     </span>
    </p>
   </div>
   <div class='ocr_carea' id='block_1_98' title="bbox 1962 4273 3549 4347">
    <p class='ocr_par' dir='ltr' id='par_1_98' title="bbox 1962 4273 3549 4347">
     <span class='ocr_line' id='line_1_98' title="bbox 1962 4273 3549 4347; baseline -0.003 -17"><span class='ocrx_word' id='word_1_730' title='bbox 1962 4277 2265 4347; x_wconf 85' lang='grc' dir='ltr'><strong>κεφαλαίῳ,</strong></span> <span class='ocrx_word' id='word_1_731' title='bbox 2288 4278 2632 4333; x_wconf 85' lang='lat' dir='ltr'><strong>occasionem</strong></span> <span class='ocrx_word' id='word_1_732' title='bbox 2660 4276 2810 4331; x_wconf 85' lang='lat' dir='ltr'><strong>dedit</strong></span> <span class='ocrx_word' id='word_1_733' title='bbox 2831 4274 3129 4344; x_wconf 82' lang='lat' dir='ltr'><strong>cogitandi,</strong></span> <span class='ocrx_word' id='word_1_734' title='bbox 3146 4273 3549 4344; x_wconf 84' lang='grc' dir='ltr'><strong>συνηρημὲνως</strong></span> 
     </span>
    </p>
   </div>
   <div class='ocr_carea' id='block_1_99' title="bbox 1963 4363 3544 4437">
    <p class='ocr_par' dir='ltr' id='par_1_99' title="bbox 1963 4363 3544 4437">
     <span class='ocr_line' id='line_1_99' title="bbox 1963 4363 3544 4437; baseline -0.002 -18"><span class='ocrx_word' id='word_1_735' title='bbox 1963 4368 2044 4431; x_wconf 76' lang='grc' dir='ltr'><strong>τὸ,</strong></span> <span class='ocrx_word' id='word_1_736' title='bbox 2087 4368 2137 4421; x_wconf 89' lang='lat' dir='ltr'><strong>in</strong></span> <span class='ocrx_word' id='word_1_737' title='bbox 2177 4367 2440 4437; x_wconf 85' lang='lat' dir='ltr'><strong>principio</strong></span> <span class='ocrx_word' id='word_1_738' title='bbox 2471 4366 2782 4437; x_wconf 88' lang='lat' dir='ltr'><strong>signiﬁcare</strong></span> <span class='ocrx_word' id='word_1_739' title='bbox 2808 4364 3038 4433; x_wconf 79' lang='lat' dir='ltr'><strong>iunctim</strong></span> <span class='ocrx_word' id='word_1_740' title='bbox 3066 4376 3120 4419; x_wconf 90' lang='lat' dir='ltr'><strong>et</strong></span> <span class='ocrx_word' id='word_1_741' title='bbox 3146 4364 3309 4419; x_wconf 89' lang='lat' dir='ltr'><strong>simul</strong></span> <span class='ocrx_word' id='word_1_742' title='bbox 3345 4363 3544 4418; x_wconf 70' lang='lat' dir='ltr'><strong>coelum</strong></span> 
     </span>
    </p>
   </div>
   <div class='ocr_carea' id='block_1_100' title="bbox 1966 4454 3552 4525">
    <p class='ocr_par' dir='ltr' id='par_1_100' title="bbox 1966 4454 3552 4525">
     <span class='ocr_line' id='line_1_100' title="bbox 1966 4454 3552 4525; baseline -0.005 -12"><span class='ocrx_word' id='word_1_743' title='bbox 1966 4469 2021 4513; x_wconf 90' lang='lat' dir='ltr'><strong>et</strong></span> <span class='ocrx_word' id='word_1_744' title='bbox 2051 4470 2254 4513; x_wconf 84' lang='lat' dir='ltr'><strong>terram</strong></span> <span class='ocrx_word' id='word_1_745' title='bbox 2283 4458 2427 4513; x_wconf 81' lang='lat' dir='ltr'><strong>facta</strong></span> <span class='ocrx_word' id='word_1_746' title='bbox 2455 4473 2599 4513; x_wconf 90' lang='lat' dir='ltr'><strong>esse.</strong></span> <span class='ocrx_word' id='word_1_747' title='bbox 2617 4456 2802 4525; x_wconf 79' lang='lat' dir='ltr'><strong>Neque</strong></span> <span class='ocrx_word' id='word_1_748' title='bbox 2829 4457 2972 4511; x_wconf 88' lang='lat' dir='ltr'><strong>enim</strong></span> <span class='ocrx_word' id='word_1_749' title='bbox 3006 4456 3110 4510; x_wconf 91' lang='lat' dir='ltr'><strong>hoc</strong></span> <span class='ocrx_word' id='word_1_750' title='bbox 3145 4470 3213 4509; x_wconf 77' lang='lat' dir='ltr'><strong>ex</strong></span> <span class='ocrx_word' id='word_1_751' title='bbox 3248 4454 3354 4508; x_wconf 89' lang='lat' dir='ltr'><strong>illis</strong></span> <span class='ocrx_word' id='word_1_752' title='bbox 3379 4454 3552 4521; x_wconf 88' lang='lat' dir='ltr'><strong>prius,</strong></span> 
     </span>
    </p>
   </div>
   <div class='ocr_carea' id='block_1_101' title="bbox 1968 4546 3551 4616">
    <p class='ocr_par' dir='ltr' id='par_1_101' title="bbox 1968 4546 3551 4616">
     <span class='ocr_line' id='line_1_101' title="bbox 1968 4546 3551 4616; baseline -0.004 -13"><span class='ocrx_word' id='word_1_753' title='bbox 1968 4549 2073 4603; x_wconf 91' lang='lat' dir='ltr'><strong>hoc</strong></span> <span class='ocrx_word' id='word_1_754' title='bbox 2100 4564 2228 4604; x_wconf 90' lang='lat' dir='ltr'><strong>vero</strong></span> <span class='ocrx_word' id='word_1_755' title='bbox 2263 4548 2538 4616; x_wconf 89' lang='lat' dir='ltr'><strong>posterius</strong></span> <span class='ocrx_word' id='word_1_756' title='bbox 2573 4547 2774 4602; x_wconf 78' lang='lat' dir='ltr'><strong>factum</strong></span> <span class='ocrx_word' id='word_1_757' title='bbox 2798 4558 2905 4600; x_wconf 88' lang='lat' dir='ltr'><strong>est.</strong></span> <span class='ocrx_word' id='word_1_758' title='bbox 2931 4546 3248 4615; x_wconf 80' lang='grc' dir='ltr'><strong>Κεφάλαιον</strong></span> <span class='ocrx_word' id='word_1_759' title='bbox 3275 4546 3422 4599; x_wconf 91' lang='lat' dir='ltr'><strong>enim</strong></span> <span class='ocrx_word' id='word_1_760' title='bbox 3452 4559 3551 4613; x_wconf 91' lang='lat' dir='ltr'><strong>ap-</strong></span> 
     </span>
    </p>
   </div>
   <div class='ocr_carea' id='block_1_102' title="bbox 1968 4635 3550 4708">
    <p class='ocr_par' dir='ltr' id='par_1_102' title="bbox 1968 4635 3550 4708">
     <span class='ocr_line' id='line_1_102' title="bbox 1968 4635 3550 4708; baseline -0.002 -15"><span class='ocrx_word' id='word_1_761' title='bbox 1968 4638 2170 4708; x_wconf 81' lang='lat' dir='ltr'><strong>pellare</strong></span> <span class='ocrx_word' id='word_1_762' title='bbox 2218 4638 2453 4694; x_wconf 83' lang='lat' dir='ltr'><strong>solemus</strong></span> <span class='ocrx_word' id='word_1_763' title='bbox 2498 4637 2941 4707; x_wconf 87' lang='lat' dir='ltr'><strong>conjunctionem</strong></span> <span class='ocrx_word' id='word_1_764' title='bbox 2993 4637 3239 4692; x_wconf 89' lang='lat' dir='ltr'><strong>omnium</strong></span> <span class='ocrx_word' id='word_1_765' title='bbox 3287 4635 3449 4690; x_wconf 90' lang='lat' dir='ltr'><strong>simul</strong></span> <span class='ocrx_word' id='word_1_766' title='bbox 3496 4636 3550 4690; x_wconf 94' lang='lat' dir='ltr'><strong>in</strong></span> 
     </span>
    </p>
   </div>
   <div class='ocr_carea' id='block_1_103' title="bbox 1968 4725 3551 4797">
    <p class='ocr_par' dir='ltr' id='par_1_103' title="bbox 1968 4725 3551 4797">
     <span class='ocr_line' id='line_1_103' title="bbox 1968 4725 3551 4797; baseline -0.003 -16"><span class='ocrx_word' id='word_1_767' title='bbox 1968 4743 2154 4791; x_wconf 88' lang='lat' dir='ltr'><strong>unum,</strong></span> <span class='ocrx_word' id='word_1_768' title='bbox 2188 4736 2243 4783; x_wconf 89' lang='lat' dir='ltr'><strong>et</strong></span> <span class='ocrx_word' id='word_1_769' title='bbox 2273 4727 2527 4797; x_wconf 82' lang='lat' dir='ltr'><strong>frequens</strong></span> <span class='ocrx_word' id='word_1_770' title='bbox 2548 4727 2712 4795; x_wconf 89' lang='lat' dir='ltr'><strong>hujus</strong></span> <span class='ocrx_word' id='word_1_771' title='bbox 2747 4741 2901 4780; x_wconf 87' lang='lat' dir='ltr'><strong>usus.</strong></span> <span class='ocrx_word' id='word_1_772' title='bbox 2926 4725 3179 4781; x_wconf 87' lang='lat' dir='ltr'><strong>Ostendit</strong></span> <span class='ocrx_word' id='word_1_773' title='bbox 3218 4734 3273 4780; x_wconf 89' lang='lat' dir='ltr'><strong>et</strong></span> <span class='ocrx_word' id='word_1_774' title='bbox 3307 4726 3551 4779; x_wconf 88' lang='lat' dir='ltr'><strong>additum</strong></span> 
     </span>
    </p>
   </div>
   <div class='ocr_carea' id='block_1_104' title="bbox 1970 4815 3552 4889">
    <p class='ocr_par' dir='ltr' id='par_1_104' title="bbox 1970 4815 3552 4889">
     <span class='ocr_line' id='line_1_104' title="bbox 1970 4815 3552 4889; baseline -0.003 -17"><span class='ocrx_word' id='word_1_775' title='bbox 1970 4818 2286 4875; x_wconf 84' lang='lat' dir='ltr'><strong>vocabulum</strong></span> <span class='ocrx_word' id='word_1_776' title='bbox 2318 4818 2414 4870; x_wconf 85' lang='grc' dir='ltr'><strong>σὺν</strong></span> <span class='ocrx_word' id='word_1_777' title='bbox 2440 4816 2519 4889; x_wconf 84' lang='lat' dir='ltr'><strong>[id</strong></span> <span class='ocrx_word' id='word_1_778' title='bbox 2548 4828 2633 4872; x_wconf 90' lang='lat' dir='ltr'><strong>est</strong></span> <span class='ocrx_word' id='word_1_779' title='bbox 2664 4815 2853 4889; x_wconf 88' lang='lat' dir='ltr'><strong>simul]</strong></span> <span class='ocrx_word' id='word_1_780' title='bbox 2903 4817 3387 4886; x_wconf 86' lang='lat' dir='ltr'><strong>conjunctionem;</strong></span> <span class='ocrx_word' id='word_1_781' title='bbox 3425 4816 3552 4885; x_wconf 91' lang='lat' dir='ltr'><strong>quia</strong></span> 
     </span>
    </p>
   </div>
   <div class='ocr_carea' id='block_1_105' title="bbox 1969 4906 3553 4977">
    <p class='ocr_par' dir='ltr' id='par_1_105' title="bbox 1969 4906 3553 4977">
     <span class='ocr_line' id='line_1_105' title="bbox 1969 4906 3553 4977; baseline -0.004 -12"><span class='ocrx_word' id='word_1_782' title='bbox 1969 4912 2138 4965; x_wconf 88' lang='lat' dir='ltr'><strong>multa</strong></span> <span class='ocrx_word' id='word_1_783' title='bbox 2184 4910 2537 4965; x_wconf 58' lang='lat' dir='ltr'><strong>demonstrat.</strong></span> <span class='ocrx_word' id='word_1_784' title='bbox 2594 4908 2733 4963; x_wconf 91' lang='lat' dir='ltr'><strong>Dicit</strong></span> <span class='ocrx_word' id='word_1_785' title='bbox 2782 4910 2972 4964; x_wconf 79' lang='lat' dir='ltr'><strong>enitn:</strong></span> <span class='ocrx_word' id='word_1_786' title='bbox 3023 4906 3091 4962; x_wconf 87' lang='lat' dir='ltr'><strong>In</strong></span> <span class='ocrx_word' id='word_1_787' title='bbox 3135 4908 3304 4977; x_wconf 84' lang='lat' dir='ltr'><strong>capite</strong></span> <span class='ocrx_word' id='word_1_788' title='bbox 3360 4906 3553 4959; x_wconf 69' lang='lat' dir='ltr'><strong>creavit</strong></span> 
     </span>
    </p>
   </div>
   <div class='ocr_carea' id='block_1_106' title="bbox 1965 4999 3553 5068">
    <p class='ocr_par' dir='ltr' id='par_1_106' title="bbox 1965 4999 3553 5068">
     <span class='ocr_line' id='line_1_106' title="bbox 1965 4999 3553 5068; baseline -0.003 -12"><span class='ocrx_word' id='word_1_789' title='bbox 1965 5002 2129 5056; x_wconf 86' lang='lat' dir='ltr'><strong>simul</strong></span> <span class='ocrx_word' id='word_1_790' title='bbox 2159 5001 2368 5066; x_wconf 75' lang='lat' dir='ltr'><strong>caelum,</strong></span> <span class='ocrx_word' id='word_1_791' title='bbox 2406 5000 2563 5054; x_wconf 77' lang='lat' dir='ltr'><strong>simul</strong></span> <span class='ocrx_word' id='word_1_792' title='bbox 2589 5009 2862 5065; x_wconf 59' lang='lat' dir='ltr'><strong>terrams;</strong></span> <span class='ocrx_word' id='word_1_793' title='bbox 2896 4999 2946 5054; x_wconf 91' lang='lat' dir='ltr'><strong>in</strong></span> <span class='ocrx_word' id='word_1_794' title='bbox 2981 5000 3249 5068; x_wconf 86' lang='lat' dir='ltr'><strong>principio</strong></span> <span class='ocrx_word' id='word_1_795' title='bbox 3280 4999 3553 5065; x_wconf 81' lang='lat' dir='ltr'><strong>signiﬁcat</strong></span> 
     </span>
    </p>
   </div>
   <div class='ocr_carea' id='block_1_107' title="bbox 1962 5080 3549 5152">
    <p class='ocr_par' dir='ltr' id='par_1_107' title="bbox 1962 5080 3549 5152">
     <span class='ocr_line' id='line_1_107' title="bbox 1962 5080 3549 5152; baseline -0.008 -7"><span class='ocrx_word' id='word_1_796' title='bbox 1962 5089 2125 5145; x_wconf 89' lang='lat' dir='ltr'><strong>simul</strong></span> <span class='ocrx_word' id='word_1_797' title='bbox 2166 5090 2272 5144; x_wconf 90' lang='lat' dir='ltr'><strong>duo</strong></span> <span class='ocrx_word' id='word_1_798' title='bbox 2311 5103 2432 5144; x_wconf 88' lang='lat' dir='ltr'><strong>esse</strong></span> <span class='ocrx_word' id='word_1_799' title='bbox 2481 5087 2645 5142; x_wconf 81' lang='lat' dir='ltr'><strong>facta.</strong></span> <span class='ocrx_word' id='word_1_800' title='bbox 2684 5087 2939 5141; x_wconf 88' lang='lat' dir='ltr'><strong>Nonnulli</strong></span> <span class='ocrx_word' id='word_1_801' title='bbox 2975 5087 3129 5151; x_wconf 85' lang='lat' dir='ltr'><strong>illud,</strong></span> <span class='ocrx_word' id='word_1_802' title='bbox 3166 5088 3224 5138; x_wconf 82' lang='grc' dir='ltr'><strong>ἐν</strong></span> <span class='ocrx_word' id='word_1_803' title='bbox 3267 5080 3549 5152; x_wconf 79' lang='grc' dir='ltr'><strong>κεφαλαίῳ</strong></span> 
     </span>
    </p>
   </div>
   <div class='ocr_carea' id='block_1_108' title="bbox 1960 5174 3545 5247">
    <p class='ocr_par' dir='ltr' id='par_1_108' title="bbox 1960 5174 3545 5247">
     <span class='ocr_line' id='line_1_108' title="bbox 1960 5174 3545 5247; baseline -0.006 -13"><span class='ocrx_word' id='word_1_804' title='bbox 1960 5196 2066 5235; x_wconf 88' lang='lat' dir='ltr'><strong>non</strong></span> <span class='ocrx_word' id='word_1_805' title='bbox 2098 5195 2164 5234; x_wconf 91' lang='lat' dir='ltr'><strong>eo</strong></span> <span class='ocrx_word' id='word_1_806' title='bbox 2191 5179 2375 5244; x_wconf 91' lang='lat' dir='ltr'><strong>modo,</strong></span> <span class='ocrx_word' id='word_1_807' title='bbox 2422 5179 2518 5233; x_wconf 87' lang='lat' dir='ltr'><strong>sed</strong></span> <span class='ocrx_word' id='word_1_808' title='bbox 2568 5179 2941 5247; x_wconf 87' lang='lat' dir='ltr'><strong>metaphoram</strong></span> <span class='ocrx_word' id='word_1_809' title='bbox 2975 5193 3004 5231; x_wconf 89' lang='lat' dir='ltr'><strong>a</strong></span> <span class='ocrx_word' id='word_1_810' title='bbox 3037 5191 3254 5231; x_wconf 91' lang='lat' dir='ltr'><strong>summa</strong></span> <span class='ocrx_word' id='word_1_811' title='bbox 3297 5174 3545 5242; x_wconf 82' lang='lat' dir='ltr'><strong>corporis</strong></span> 
     </span>
    </p>
   </div>
   <div class='ocr_carea' id='block_1_109' title="bbox 1959 5269 3543 5344">
    <p class='ocr_par' dir='ltr' id='par_1_109' title="bbox 1959 5269 3543 5344">
     <span class='ocr_line' id='line_1_109' title="bbox 1959 5269 3543 5344; baseline -0.004 -17"><span class='ocrx_word' id='word_1_812' title='bbox 1959 5284 2133 5343; x_wconf 88' lang='lat' dir='ltr'><strong>parte,</strong></span> <span class='ocrx_word' id='word_1_813' title='bbox 2165 5290 2285 5344; x_wconf 70' lang='lat' dir='ltr'><strong>quae</strong></span> <span class='ocrx_word' id='word_1_814' title='bbox 2310 5284 2471 5344; x_wconf 84' lang='lat' dir='ltr'><strong>caput</strong></span> <span class='ocrx_word' id='word_1_815' title='bbox 2492 5282 2596 5336; x_wconf 88' lang='lat' dir='ltr'><strong>est,</strong></span> <span class='ocrx_word' id='word_1_816' title='bbox 2627 5273 2845 5329; x_wconf 87' lang='lat' dir='ltr'><strong>ductam</strong></span> <span class='ocrx_word' id='word_1_817' title='bbox 2872 5287 2992 5329; x_wconf 90' lang='lat' dir='ltr'><strong>esse</strong></span> <span class='ocrx_word' id='word_1_818' title='bbox 3022 5271 3227 5333; x_wconf 88' lang='lat' dir='ltr'><strong>volunt,</strong></span> <span class='ocrx_word' id='word_1_819' title='bbox 3262 5280 3315 5323; x_wconf 88' lang='lat' dir='ltr'><strong>ct</strong></span> <span class='ocrx_word' id='word_1_820' title='bbox 3345 5269 3413 5321; x_wconf 90' lang='lat' dir='ltr'><strong>ad</strong></span> <span class='ocrx_word' id='word_1_821' title='bbox 3441 5269 3543 5321; x_wconf 89' lang='lat' dir='ltr'><strong>hoc</strong></span> 
     </span>
    </p>
   </div>
   <div class='ocr_carea' id='block_1_110' title="bbox 1960 5363 2650 5433">
    <p class='ocr_par' dir='ltr' id='par_1_110' title="bbox 1960 5363 2650 5433">
     <span class='ocr_line' id='line_1_110' title="bbox 1960 5363 2650 5433; baseline 0 -18"><span class='ocrx_word' id='word_1_822' title='bbox 1960 5364 2284 5433; x_wconf 82' lang='lat' dir='ltr'><strong>principium</strong></span> <span class='ocrx_word' id='word_1_823' title='bbox 2328 5363 2650 5417; x_wconf 86' lang='lat' dir='ltr'><strong>retulerunt.</strong></span> 
     </span>
    </p>
   </div>
   <div class='ocr_carea' id='block_1_111' title="bbox 2029 5446 3545 5527">
    <p class='ocr_par' dir='ltr' id='par_1_111' title="bbox 2029 5446 3545 5527">
     <span class='ocr_line' id='line_1_111' title="bbox 2029 5446 3545 5527; baseline -0.007 -17"><span class='ocrx_word' id='word_1_824' title='bbox 2029 5457 2239 5511; x_wconf 77' lang='lat' dir='ltr'><strong>Caelum</strong></span> <span class='ocrx_word' id='word_1_825' title='bbox 2270 5466 2323 5511; x_wconf 90' lang='lat' dir='ltr'><strong>et</strong></span> <span class='ocrx_word' id='word_1_826' title='bbox 2355 5464 2553 5512; x_wconf 88' lang='lat' dir='ltr'><strong>terram</strong></span> <span class='ocrx_word' id='word_1_827' title='bbox 2581 5460 2767 5515; x_wconf 89' lang='lat' dir='ltr'><strong>dicens</strong></span> <span class='ocrx_word' id='word_1_828' title='bbox 2796 5471 2891 5527; x_wconf 85' lang='lat' dir='ltr'><strong>per</strong></span> <span class='ocrx_word' id='word_1_829' title='bbox 2920 5465 3165 5513; x_wconf 79' lang='lat' dir='ltr'><strong>extrema</strong></span> <span class='ocrx_word' id='word_1_830' title='bbox 3195 5446 3373 5506; x_wconf 66' lang='lat' dir='ltr'><strong>media</strong></span> <span class='ocrx_word' id='word_1_831' title='bbox 3407 5461 3545 5501; x_wconf 86' lang='lat' dir='ltr'><strong>con-</strong></span> 
     </span>
    </p>
   </div>
   <div class='ocr_carea' id='block_1_112' title="bbox 326 5729 2256 5803">
    <p class='ocr_par' dir='ltr' id='par_1_112' title="bbox 326 5729 2256 5803">
     <span class='ocr_line' id='line_1_112' title="bbox 326 5729 2256 5803; baseline -0.019 14"><span class='ocrx_word' id='word_1_832' title='bbox 326 5784 363 5803; x_wconf 61' lang='grc' dir='ltr'><strong>ι</strong></span> <span class='ocrx_word' id='word_1_833' title='bbox 1581 5732 1820 5794; x_wconf 67' lang='grc' dir='ltr'><strong>νΑῐιιτΕ</strong></span> <span class='ocrx_word' id='word_1_834' title='bbox 1851 5729 2256 5787; x_wconf 84' lang='lat' dir='ltr'><strong>LECTIONES.</strong></span> 
     </span>
    </p>
   </div>
   <div class='ocr_carea' id='block_1_113' title="bbox 342 5822 2293 5897">
    <p class='ocr_par' dir='ltr' id='par_1_113' title="bbox 342 5822 2293 5897">
     <span class='ocr_line' id='line_1_113' title="bbox 342 5822 2293 5897; baseline -0.012 2"><span class='ocrx_word' id='word_1_835' title='bbox 342 5823 392 5856; x_wconf 88' lang='lat'>&quot;</span> <span class='ocrx_word' id='word_1_836' title='bbox 422 5823 521 5897; x_wconf 79' lang='grc' dir='ltr'><strong>τὴν</strong></span> <span class='ocrx_word' id='word_1_837' title='bbox 548 5826 668 5883; x_wconf 64' lang='lat' dir='ltr'><strong>add.</strong></span> <span class='ocrx_word' id='word_1_838' title='bbox 700 5827 761 5884; x_wconf 71' lang='grc' dir='ltr'><strong>(Ξ.</strong></span> <span class='ocrx_word' id='word_1_839' title='bbox 838 5828 882 5860; x_wconf 76' lang='grc'><strong>⁷⁸</strong></span> <span class='ocrx_word' id='word_1_840' title='bbox 912 5829 1032 5884; x_wconf 66' lang='grc' dir='ltr'><strong>ἀντὶ</strong></span> <span class='ocrx_word' id='word_1_841' title='bbox 1061 5832 1138 5889; x_wconf 80' lang='lat' dir='ltr'><strong>C:</strong></span> <span class='ocrx_word' id='word_1_842' title='bbox 1178 5834 1269 5886; x_wconf 70' lang='grc' dir='ltr'><strong>καὶ</strong></span> <span class='ocrx_word' id='word_1_843' title='bbox 1298 5822 1419 5887; x_wconf 70' lang='grc' dir='ltr'><strong>αντὶ</strong></span> <span class='ocrx_word' id='word_1_844' title='bbox 1445 5848 1511 5895; x_wconf 77' lang='grc' dir='ltr'><strong>ς.</strong></span> <span class='ocrx_word' id='word_1_845' title='bbox 1592 5835 1635 5866; x_wconf 70' lang='lat' dir='ltr'><strong><em>vv</em></strong></span> <span class='ocrx_word' id='word_1_846' title='bbox 1669 5822 1901 5895; x_wconf 77' lang='grc' dir='ltr'><strong>πολλῶν]</strong></span> <span class='ocrx_word' id='word_1_847' title='bbox 1928 5824 2048 5881; x_wconf 87' lang='lat' dir='ltr'><strong>libri</strong></span> <span class='ocrx_word' id='word_1_848' title='bbox 2075 5822 2293 5894; x_wconf 83' lang='grc' dir='ltr'><strong>πολλήν.</strong></span> 
     </span>
    </p>
   </div>
  </div>
