  <div class='ocr_page' id='page_1' title='image "/cluster/home/n/w/nwhite01/storage/ocr_20150623/103:no.3/coo.31924054870070/621.png"; bbox 0 0 3954 6432; ppageno 0'>
   <div class='ocr_carea' id='block_1_1' title="bbox 487 394 2048 469">
    <p class='ocr_par' dir='ltr' id='par_1_1' title="bbox 487 394 2048 463">
     <span class='ocr_line' id='line_1_1' title="bbox 487 394 2048 463; baseline -0.004 0"><span class='ocrx_word' id='word_1_1' title='bbox 487 394 620 463; x_wconf 81' lang='grc'><strong>1211</strong></span> <span class='ocrx_word' id='word_1_2' title='bbox 1621 398 1885 460; x_wconf 82' lang='grc' dir='ltr'><strong>ΡΗΟΤΠ</strong></span> <span class='ocrx_word' id='word_1_3' title='bbox 1922 398 2048 458; x_wconf 85' lang='grc' dir='ltr'><strong>ΡΑἸ</strong></span> 
     </span>
    </p>
   </div>
   <div class='ocr_carea' id='block_1_2' title="bbox 2149 394 3710 469">
    <p class='ocr_par' dir='ltr' id='par_1_2' title="bbox 2149 398 3710 469">
     <span class='ocr_line' id='line_1_2' title="bbox 2149 398 3710 469; baseline 0.006 -12"><span class='ocrx_word' id='word_1_4' title='bbox 2149 398 2434 461; x_wconf 65' lang='grc' dir='ltr'><strong>,ΑΒΩΗΕ</strong></span> <span class='ocrx_word' id='word_1_5' title='bbox 2464 399 2575 460; x_wconf 89' lang='lat' dir='ltr'><strong>CP.</strong></span> <span class='ocrx_word' id='word_1_6' title='bbox 3603 399 3710 469; x_wconf 75' lang='lat'><strong>1212</strong></span> 
     </span>
    </p>
   </div>
   <div class='ocr_carea' id='block_1_3' title="bbox 480 508 2041 581">
    <p class='ocr_par' dir='ltr' id='par_1_3' title="bbox 480 508 2041 579">
     <span class='ocr_line' id='line_1_3' title="bbox 480 508 2041 579; baseline 0.003 -20"><span class='ocrx_word' id='word_1_7' title='bbox 480 510 702 579; x_wconf 82' lang='lat' dir='ltr'><strong>jnnxit,</strong></span> <span class='ocrx_word' id='word_1_8' title='bbox 780 517 839 564; x_wconf 93' lang='lat' dir='ltr'><strong>ut</strong></span> <span class='ocrx_word' id='word_1_9' title='bbox 907 509 1071 565; x_wconf 85' lang='lat' dir='ltr'><strong>etiam</strong></span> <span class='ocrx_word' id='word_1_10' title='bbox 1149 509 1332 563; x_wconf 83' lang='lat' dir='ltr'><strong>omnia</strong></span> <span class='ocrx_word' id='word_1_11' title='bbox 1413 508 1729 579; x_wconf 87' lang='lat' dir='ltr'><strong>loquuntur.</strong></span> <span class='ocrx_word' id='word_1_12' title='bbox 1821 510 2041 563; x_wconf 80' lang='lat' dir='ltr'><strong>Extrem</strong></span> 
     </span>
    </p>
   </div>
   <div class='ocr_carea' id='block_1_4' title="bbox 2153 508 3714 581">
    <p class='ocr_par' dir='ltr' id='par_1_4' title="bbox 2181 508 3714 581">
     <span class='ocr_line' id='line_1_4' title="bbox 2181 508 3714 581; baseline 0.004 -18"><span class='ocrx_word' id='word_1_13' title='bbox 2181 510 2369 581; x_wconf 76' lang='grc' dir='ltr'>ἄκρων</span> <span class='ocrx_word' id='word_1_14' title='bbox 2400 510 2499 565; x_wconf 67' lang='grc' dir='ltr'>καὶ</span> <span class='ocrx_word' id='word_1_15' title='bbox 2524 509 2592 563; x_wconf 59' lang='lat' dir='ltr'><strong>ea</strong></span> <span class='ocrx_word' id='word_1_16' title='bbox 2626 509 2767 580; x_wconf 83' lang='grc' dir='ltr'><strong>μέσα</strong></span> <span class='ocrx_word' id='word_1_17' title='bbox 2835 508 3313 581; x_wconf 82' lang='grc' dir='ltr'>συμπαρείληφεν,</span> <span class='ocrx_word' id='word_1_18' title='bbox 3345 511 3420 574; x_wconf 80' lang='grc' dir='ltr'><strong>ὡς</strong></span> <span class='ocrx_word' id='word_1_19' title='bbox 3461 512 3550 567; x_wconf 75' lang='grc' dir='ltr'>καὶ</span> <span class='ocrx_word' id='word_1_20' title='bbox 3575 515 3714 573; x_wconf 73' lang='grc' dir='ltr'>πάντα</span> 
     </span>
    </p>
   </div>
   <div class='ocr_carea' id='block_1_5' title="bbox 482 600 2043 679">
    <p class='ocr_par' dir='ltr' id='par_1_5' title="bbox 482 602 2043 666">
     <span class='ocr_line' id='line_1_5' title="bbox 482 602 2043 666; baseline 0.001 -12"><span class='ocrx_word' id='word_1_21' title='bbox 482 612 665 656; x_wconf 86' lang='lat' dir='ltr'><strong>autem</strong></span> <span class='ocrx_word' id='word_1_22' title='bbox 694 604 808 657; x_wconf 71' lang='lat' dir='ltr'><strong>haec</strong></span> <span class='ocrx_word' id='word_1_23' title='bbox 830 602 933 657; x_wconf 88' lang='lat' dir='ltr'><strong>rite</strong></span> <span class='ocrx_word' id='word_1_24' title='bbox 954 612 1241 666; x_wconf 73' lang='lat' dir='ltr'><strong>vocantur,</strong></span> <span class='ocrx_word' id='word_1_25' title='bbox 1275 612 1417 656; x_wconf 88' lang='lat' dir='ltr'><strong>terra</strong></span> <span class='ocrx_word' id='word_1_26' title='bbox 1452 603 1605 658; x_wconf 84' lang='lat' dir='ltr'><strong>orbis</strong></span> <span class='ocrx_word' id='word_1_27' title='bbox 1633 612 1880 657; x_wconf 92' lang='lat' dir='ltr'><strong>centrum</strong></span> <span class='ocrx_word' id='word_1_28' title='bbox 1914 604 2043 657; x_wconf 88' lang='lat' dir='ltr'><strong>sttsti</strong></span> 
     </span>
    </p>
   </div>
   <div class='ocr_carea' id='block_1_6' title="bbox 2156 600 3717 679">
    <p class='ocr_par' dir='ltr' id='par_1_6' title="bbox 2182 600 3717 679">
     <span class='ocr_line' id='line_1_6' title="bbox 2182 600 3717 679; baseline 0.002 -23"><span class='ocrx_word' id='word_1_29' title='bbox 2182 603 2371 671; x_wconf 87' lang='grc' dir='ltr'>φασίν.</span> <span class='ocrx_word' id='word_1_30' title='bbox 2443 604 2624 671; x_wconf 82' lang='grc' dir='ltr'>Ἀκρα</span> <span class='ocrx_word' id='word_1_31' title='bbox 2647 601 2706 655; x_wconf 84' lang='grc' dir='ltr'>δὲ</span> <span class='ocrx_word' id='word_1_32' title='bbox 2735 600 2975 668; x_wconf 79' lang='grc' dir='ltr'><strong>εὐλόγως</strong></span> <span class='ocrx_word' id='word_1_33' title='bbox 3025 602 3199 654; x_wconf 89' lang='grc' dir='ltr'>ταῦτα</span> <span class='ocrx_word' id='word_1_34' title='bbox 3248 603 3509 666; x_wconf 81' lang='grc' dir='ltr'>καλεῖται,</span> <span class='ocrx_word' id='word_1_35' title='bbox 3555 605 3626 659; x_wconf 83' lang='grc' dir='ltr'><strong>δτι</strong></span> <span class='ocrx_word' id='word_1_36' title='bbox 3662 610 3717 679; x_wconf 80' lang='grc' dir='ltr'>γῆ</span> 
     </span>
    </p>
   </div>
   <div class='ocr_carea' id='block_1_7' title="bbox 484 687 2045 764">
    <p class='ocr_par' dir='ltr' id='par_1_7' title="bbox 484 692 2045 764">
     <span class='ocr_line' id='line_1_7' title="bbox 484 692 2045 764; baseline 0.003 -19"><span class='ocrx_word' id='word_1_37' title='bbox 484 708 638 759; x_wconf 87' lang='lat' dir='ltr'><strong>nens,</strong></span> <span class='ocrx_word' id='word_1_38' title='bbox 653 695 894 747; x_wconf 90' lang='lat' dir='ltr'><strong>omnium</strong></span> <span class='ocrx_word' id='word_1_39' title='bbox 916 692 1232 746; x_wconf 77' lang='lat' dir='ltr'><strong>inferiorum</strong></span> <span class='ocrx_word' id='word_1_40' title='bbox 1249 702 1332 747; x_wconf 90' lang='lat' dir='ltr'><strong>est</strong></span> <span class='ocrx_word' id='word_1_41' title='bbox 1354 694 1676 764; x_wconf 83' lang='lat' dir='ltr'><strong>principium</strong></span> <span class='ocrx_word' id='word_1_42' title='bbox 1698 712 1714 760; x_wconf 87' lang='lat'><strong>;</strong></span> <span class='ocrx_word' id='word_1_43' title='bbox 1736 694 1931 749; x_wconf 75' lang='lat' dir='ltr'><strong>ctelum</strong></span> <span class='ocrx_word' id='word_1_44' title='bbox 1948 711 2045 750; x_wconf 48' lang='lat' dir='ltr'><strong>veri</strong></span> 
     </span>
    </p>
   </div>
   <div class='ocr_carea' id='block_1_8' title="bbox 2158 687 3719 764">
    <p class='ocr_par' dir='ltr' id='par_1_8' title="bbox 2181 687 3719 760">
     <span class='ocr_line' id='line_1_8' title="bbox 2181 687 3719 760; baseline 0.007 -20"><span class='ocrx_word' id='word_1_45' title='bbox 2181 687 2284 757; x_wconf 79' lang='grc' dir='ltr'>μὲν</span> <span class='ocrx_word' id='word_1_46' title='bbox 2340 687 2567 759; x_wconf 82' lang='grc' dir='ltr'><strong>κέντρον</strong></span> <span class='ocrx_word' id='word_1_47' title='bbox 2596 688 2692 741; x_wconf 89' lang='grc' dir='ltr'>τοῦ</span> <span class='ocrx_word' id='word_1_48' title='bbox 2736 688 2939 751; x_wconf 75' lang='grc' dir='ltr'>παντὸς</span> <span class='ocrx_word' id='word_1_49' title='bbox 2975 690 3249 760; x_wconf 76' lang='grc' dir='ltr'><strong>ἐπέχουσα</strong></span> <span class='ocrx_word' id='word_1_50' title='bbox 3280 690 3519 746; x_wconf 77' lang='grc' dir='ltr'><strong>κάτωθεν</strong></span> <span class='ocrx_word' id='word_1_51' title='bbox 3546 695 3719 750; x_wconf 74' lang='grc' dir='ltr'>πάντων</span> 
     </span>
    </p>
   </div>
   <div class='ocr_carea' id='block_1_9' title="bbox 488 780 2049 856">
    <p class='ocr_par' dir='ltr' id='par_1_9' title="bbox 488 784 2049 848">
     <span class='ocr_line' id='line_1_9' title="bbox 488 784 2049 848; baseline 0.002 -11"><span class='ocrx_word' id='word_1_52' title='bbox 488 788 675 838; x_wconf 86' lang='lat' dir='ltr'><strong>omnia</strong></span> <span class='ocrx_word' id='word_1_53' title='bbox 705 784 975 848; x_wconf 87' lang='lat' dir='ltr'><strong>ambiens,</strong></span> <span class='ocrx_word' id='word_1_54' title='bbox 999 785 1245 839; x_wconf 93' lang='lat' dir='ltr'><strong>omnium</strong></span> <span class='ocrx_word' id='word_1_55' title='bbox 1279 784 1400 839; x_wconf 86' lang='lat' dir='ltr'><strong>ﬁnis</strong></span> <span class='ocrx_word' id='word_1_56' title='bbox 1430 794 1533 840; x_wconf 89' lang='lat' dir='ltr'><strong>est.</strong></span> <span class='ocrx_word' id='word_1_57' title='bbox 1567 786 1763 840; x_wconf 90' lang='lat' dir='ltr'><strong>lterum</strong></span> <span class='ocrx_word' id='word_1_58' title='bbox 1795 802 1926 840; x_wconf 88' lang='lat' dir='ltr'><strong>vero</strong></span> <span class='ocrx_word' id='word_1_59' title='bbox 1959 802 2049 841; x_wconf 73' lang='grc' dir='ltr'><strong>(ιω</strong></span> 
     </span>
    </p>
   </div>
   <div class='ocr_carea' id='block_1_10' title="bbox 2156 780 3717 856">
    <p class='ocr_par' dir='ltr' id='par_1_10' title="bbox 2178 780 3717 856">
     <span class='ocr_line' id='line_1_10' title="bbox 2178 780 3717 856; baseline 0.006 -23"><span class='ocrx_word' id='word_1_60' title='bbox 2178 780 2329 833; x_wconf 71' lang='grc' dir='ltr'>ἐστὶν</span> <span class='ocrx_word' id='word_1_61' title='bbox 2386 781 2551 852; x_wconf 80' lang='grc' dir='ltr'>ἁρχὴ,</span> <span class='ocrx_word' id='word_1_62' title='bbox 2601 783 2775 852; x_wconf 80' lang='grc' dir='ltr'>πέρας</span> <span class='ocrx_word' id='word_1_63' title='bbox 2800 780 2860 835; x_wconf 80' lang='grc' dir='ltr'><strong>δὲ</strong></span> <span class='ocrx_word' id='word_1_64' title='bbox 2898 782 2929 834; x_wconf 81' lang='grc' dir='ltr'><strong>ὁ</strong></span> <span class='ocrx_word' id='word_1_65' title='bbox 2962 782 3141 837; x_wconf 80' lang='grc' dir='ltr'>πάντα</span> <span class='ocrx_word' id='word_1_66' title='bbox 3196 783 3465 854; x_wconf 78' lang='grc' dir='ltr'><strong>περιέχων</strong></span> <span class='ocrx_word' id='word_1_67' title='bbox 3506 786 3717 856; x_wconf 75' lang='grc' dir='ltr'>οὐρανός.</span> 
     </span>
    </p>
   </div>
   <div class='ocr_carea' id='block_1_11' title="bbox 484 872 2045 950">
    <p class='ocr_par' dir='ltr' id='par_1_11' title="bbox 484 873 2045 947">
     <span class='ocr_line' id='line_1_11' title="bbox 484 873 2045 947; baseline 0.001 -20"><span class='ocrx_word' id='word_1_68' title='bbox 484 873 595 928; x_wconf 93' lang='lat' dir='ltr'><strong>lum</strong></span> <span class='ocrx_word' id='word_1_69' title='bbox 622 876 1018 941; x_wconf 81' lang='lat' dir='ltr'><strong>descendendo,</strong></span> <span class='ocrx_word' id='word_1_70' title='bbox 1037 876 1255 930; x_wconf 91' lang='lat' dir='ltr'><strong>initium</strong></span> <span class='ocrx_word' id='word_1_71' title='bbox 1282 885 1387 940; x_wconf 90' lang='lat' dir='ltr'><strong>est,</strong></span> <span class='ocrx_word' id='word_1_72' title='bbox 1404 876 1635 946; x_wconf 85' lang='lat' dir='ltr'><strong>ejusque</strong></span> <span class='ocrx_word' id='word_1_73' title='bbox 1658 890 1904 947; x_wconf 76' lang='lat' dir='ltr'><strong>respectu</strong></span> <span class='ocrx_word' id='word_1_74' title='bbox 1927 887 2045 932; x_wconf 57' lang='lat' dir='ltr'><strong>terr.</strong></span> 
     </span>
    </p>
   </div>
   <div class='ocr_carea' id='block_1_12' title="bbox 2159 872 3720 950">
    <p class='ocr_par' dir='ltr' id='par_1_12' title="bbox 2181 872 3720 950">
     <span class='ocr_line' id='line_1_12' title="bbox 2181 872 3720 950; baseline 0.005 -25"><span class='ocrx_word' id='word_1_75' title='bbox 2181 872 2350 926; x_wconf 88' lang='grc' dir='ltr'>Πάλιν</span> <span class='ocrx_word' id='word_1_76' title='bbox 2380 872 2589 928; x_wconf 87' lang='grc' dir='ltr'>ἀνωθεν</span> <span class='ocrx_word' id='word_1_77' title='bbox 2624 873 2771 944; x_wconf 79' lang='grc' dir='ltr'>ἀρχὴ</span> <span class='ocrx_word' id='word_1_78' title='bbox 2809 873 2911 942; x_wconf 87' lang='grc' dir='ltr'><strong>μέν</strong></span> <span class='ocrx_word' id='word_1_79' title='bbox 2938 875 3086 928; x_wconf 76' lang='grc' dir='ltr'>ἐστιν</span> <span class='ocrx_word' id='word_1_80' title='bbox 3108 876 3137 927; x_wconf 89' lang='grc' dir='ltr'>ὀ</span> <span class='ocrx_word' id='word_1_81' title='bbox 3163 874 3414 945; x_wconf 76' lang='grc' dir='ltr'>οὐρανὸς,</span> <span class='ocrx_word' id='word_1_82' title='bbox 3446 878 3608 948; x_wconf 76' lang='grc' dir='ltr'>πέρας</span> <span class='ocrx_word' id='word_1_83' title='bbox 3634 879 3720 950; x_wconf 77' lang='grc' dir='ltr'><strong>δὲή</strong></span> 
     </span>
    </p>
   </div>
   <div class='ocr_carea' id='block_1_13' title="bbox 485 963 2046 1041">
    <p class='ocr_par' dir='ltr' id='par_1_13' title="bbox 485 968 2046 1041">
     <span class='ocr_line' id='line_1_13' title="bbox 485 968 2046 1041; baseline 0.004 -21"><span class='ocrx_word' id='word_1_84' title='bbox 485 978 610 1020; x_wconf 90' lang='lat' dir='ltr'><strong>tunc</strong></span> <span class='ocrx_word' id='word_1_85' title='bbox 638 968 778 1029; x_wconf 89' lang='lat' dir='ltr'><strong>linis,</strong></span> <span class='ocrx_word' id='word_1_86' title='bbox 802 969 976 1022; x_wconf 87' lang='lat' dir='ltr'><strong>media</strong></span> <span class='ocrx_word' id='word_1_87' title='bbox 1006 983 1134 1023; x_wconf 81' lang='lat' dir='ltr'><strong>vero</strong></span> <span class='ocrx_word' id='word_1_88' title='bbox 1159 979 1307 1034; x_wconf 91' lang='lat' dir='ltr'><strong>sunt,</strong></span> <span class='ocrx_word' id='word_1_89' title='bbox 1347 984 1509 1039; x_wconf 90' lang='lat' dir='ltr'><strong>aqua,</strong></span> <span class='ocrx_word' id='word_1_90' title='bbox 1538 986 1652 1037; x_wconf 89' lang='lat' dir='ltr'><strong>aer,</strong></span> <span class='ocrx_word' id='word_1_91' title='bbox 1676 983 1728 1026; x_wconf 90' lang='lat' dir='ltr'><strong>et</strong></span> <span class='ocrx_word' id='word_1_92' title='bbox 1753 972 1910 1041; x_wconf 92' lang='lat' dir='ltr'><strong>ignis.</strong></span> <span class='ocrx_word' id='word_1_93' title='bbox 1949 972 2046 1026; x_wconf 74' lang='lat' dir='ltr'><strong>Ide</strong></span> 
     </span>
    </p>
   </div>
   <div class='ocr_carea' id='block_1_14' title="bbox 2161 963 3722 1041">
    <p class='ocr_par' dir='ltr' id='par_1_14' title="bbox 2180 963 3722 1039">
     <span class='ocr_line' id='line_1_14' title="bbox 2180 963 3722 1039; baseline 0.003 -22"><span class='ocrx_word' id='word_1_94' title='bbox 2180 964 2275 1034; x_wconf 81' lang='grc' dir='ltr'><strong>γῆ.</strong></span> <span class='ocrx_word' id='word_1_95' title='bbox 2299 964 2458 1018; x_wconf 85' lang='grc' dir='ltr'>Μέσα</span> <span class='ocrx_word' id='word_1_96' title='bbox 2476 964 2535 1017; x_wconf 69' lang='grc' dir='ltr'>δὲ</span> <span class='ocrx_word' id='word_1_97' title='bbox 2557 963 2703 1035; x_wconf 79' lang='grc' dir='ltr'>ὕδωρ</span> <span class='ocrx_word' id='word_1_98' title='bbox 2755 965 2850 1019; x_wconf 82' lang='grc' dir='ltr'>καὶ</span> <span class='ocrx_word' id='word_1_99' title='bbox 2883 965 2993 1036; x_wconf 81' lang='grc' dir='ltr'>ἀὴρ</span> <span class='ocrx_word' id='word_1_100' title='bbox 3042 965 3137 1019; x_wconf 75' lang='grc' dir='ltr'>καὶ</span> <span class='ocrx_word' id='word_1_101' title='bbox 3195 966 3331 1038; x_wconf 90' lang='grc' dir='ltr'>πῦρ.</span> <span class='ocrx_word' id='word_1_102' title='bbox 3362 967 3456 1021; x_wconf 83' lang='grc' dir='ltr'><strong>Διό</strong></span> <span class='ocrx_word' id='word_1_103' title='bbox 3478 986 3629 1039; x_wconf 87' lang='grc' dir='ltr'>φησιν</span> <span class='ocrx_word' id='word_1_104' title='bbox 3648 971 3722 1038; x_wconf 73' lang='grc' dir='ltr'><strong>ἑφ-</strong></span> 
     </span>
    </p>
   </div>
   <div class='ocr_carea' id='block_1_15' title="bbox 484 1055 2045 1134">
    <p class='ocr_par' dir='ltr' id='par_1_15' title="bbox 484 1058 2045 1133">
     <span class='ocr_line' id='line_1_15' title="bbox 484 1058 2045 1133; baseline 0.002 -21"><span class='ocrx_word' id='word_1_105' title='bbox 484 1060 664 1129; x_wconf 86' lang='lat' dir='ltr'><strong>pergit</strong></span> <span class='ocrx_word' id='word_1_106' title='bbox 707 1077 720 1113; x_wconf 90' lang='lat'>:</span> <span class='ocrx_word' id='word_1_107' title='bbox 762 1058 1010 1115; x_wconf 73' lang='lat' dir='ltr'><strong>Tenebrw</strong></span> <span class='ocrx_word' id='word_1_108' title='bbox 1040 1077 1197 1130; x_wconf 98' lang='lat' dir='ltr'><strong>super</strong></span> <span class='ocrx_word' id='word_1_109' title='bbox 1246 1062 1538 1129; x_wconf 79' lang='lat' dir='ltr'><strong>abyssum;</strong></span> <span class='ocrx_word' id='word_1_110' title='bbox 1588 1078 1785 1133; x_wconf 82' lang='lat' dir='ltr'><strong>aquam</strong></span> <span class='ocrx_word' id='word_1_111' title='bbox 1823 1062 2045 1133; x_wconf 65' lang='lat' dir='ltr'><strong>abyssum</strong></span> 
     </span>
    </p>
   </div>
   <div class='ocr_carea' id='block_1_16' title="bbox 2164 1055 3725 1134">
    <p class='ocr_par' dir='ltr' id='par_1_16' title="bbox 2180 1055 3725 1134">
     <span class='ocr_line' id='line_1_16' title="bbox 2180 1055 3725 1134; baseline 0.004 -26"><span class='ocrx_word' id='word_1_112' title='bbox 2180 1055 2330 1124; x_wconf 81' lang='grc' dir='ltr'>εξῆς·</span> <span class='ocrx_word' id='word_1_113' title='bbox 2360 1056 2473 1110; x_wconf 78' lang='grc' dir='ltr'><strong>Καὶ</strong></span> <span class='ocrx_word' id='word_1_114' title='bbox 2510 1058 2735 1123; x_wconf 79' lang='grc' dir='ltr'><em>σκότος</em></span> <span class='ocrx_word' id='word_1_115' title='bbox 2748 1057 2952 1111; x_wconf 79' lang='grc' dir='ltr'>ἐπάνω</span> <span class='ocrx_word' id='word_1_116' title='bbox 2967 1055 3074 1123; x_wconf 85' lang='grc' dir='ltr'><strong>τῆς</strong></span> <span class='ocrx_word' id='word_1_117' title='bbox 3100 1058 3398 1126; x_wconf 76' lang='grc' dir='ltr'>ἀϐύσσου,</span> <span class='ocrx_word' id='word_1_118' title='bbox 3424 1060 3592 1131; x_wconf 69' lang='grc' dir='ltr'>τὸμὲν</span> <span class='ocrx_word' id='word_1_119' title='bbox 3616 1060 3725 1134; x_wconf 73' lang='grc' dir='ltr'>ὕδωρ</span> 
     </span>
    </p>
   </div>
   <div class='ocr_carea' id='block_1_17' title="bbox 484 1147 2045 1221">
    <p class='ocr_par' dir='ltr' id='par_1_17' title="bbox 484 1152 2045 1215">
     <span class='ocr_line' id='line_1_17' title="bbox 484 1152 2045 1215; baseline 0.003 -11"><span class='ocrx_word' id='word_1_120' title='bbox 484 1163 666 1215; x_wconf 74' lang='lat' dir='ltr'><strong>vocat,</strong></span> <span class='ocrx_word' id='word_1_121' title='bbox 703 1153 958 1207; x_wconf 88' lang='lat' dir='ltr'><strong>tenebras</strong></span> <span class='ocrx_word' id='word_1_122' title='bbox 988 1168 1119 1207; x_wconf 91' lang='lat' dir='ltr'><strong>vero</strong></span> <span class='ocrx_word' id='word_1_123' title='bbox 1148 1152 1278 1207; x_wconf 92' lang='lat' dir='ltr'><strong>luce</strong></span> <span class='ocrx_word' id='word_1_124' title='bbox 1309 1162 1589 1208; x_wconf 77' lang='lat' dir='ltr'><strong>carentem</strong></span> <span class='ocrx_word' id='word_1_125' title='bbox 1617 1171 1816 1210; x_wconf 74' lang='lat' dir='ltr'><strong>aerem.</strong></span> <span class='ocrx_word' id='word_1_126' title='bbox 1858 1154 2045 1210; x_wconf 86' lang='lat' dir='ltr'><strong>Etenin</strong></span> 
     </span>
    </p>
   </div>
   <div class='ocr_carea' id='block_1_18' title="bbox 2163 1147 3724 1221">
    <p class='ocr_par' dir='ltr' id='par_1_18' title="bbox 2180 1147 3724 1221">
     <span class='ocr_line' id='line_1_18' title="bbox 2180 1147 3724 1221; baseline 0.004 -20"><span class='ocrx_word' id='word_1_127' title='bbox 2180 1147 2459 1203; x_wconf 77' lang='grc' dir='ltr'>ἄϐυσσον</span> <span class='ocrx_word' id='word_1_128' title='bbox 2491 1148 2685 1214; x_wconf 77' lang='grc' dir='ltr'>εἰπὼν,</span> <span class='ocrx_word' id='word_1_129' title='bbox 2714 1148 2776 1201; x_wconf 83' lang='grc' dir='ltr'><strong>τὸ</strong></span> <span class='ocrx_word' id='word_1_130' title='bbox 2802 1148 2864 1202; x_wconf 73' lang='grc' dir='ltr'>δὲ</span> <span class='ocrx_word' id='word_1_131' title='bbox 2909 1147 3124 1213; x_wconf 81' lang='grc' dir='ltr'>σκότος’</span> <span class='ocrx_word' id='word_1_132' title='bbox 3148 1149 3242 1203; x_wconf 83' lang='grc' dir='ltr'>τὸν</span> <span class='ocrx_word' id='word_1_133' title='bbox 3270 1150 3569 1220; x_wconf 74' lang='grc' dir='ltr'><strong>ἀφώτιστον</strong></span> <span class='ocrx_word' id='word_1_134' title='bbox 3592 1153 3724 1221; x_wconf 77' lang='grc' dir='ltr'>ὰέρω</span> 
     </span>
    </p>
   </div>
   <div class='ocr_carea' id='block_1_19' title="bbox 484 1240 2045 1313">
    <p class='ocr_par' dir='ltr' id='par_1_19' title="bbox 484 1244 2045 1313">
     <span class='ocr_line' id='line_1_19' title="bbox 484 1244 2045 1313; baseline 0.005 -19"><span class='ocrx_word' id='word_1_135' title='bbox 484 1246 705 1313; x_wconf 83' lang='lat' dir='ltr'><strong>proprie</strong></span> <span class='ocrx_word' id='word_1_136' title='bbox 723 1246 979 1300; x_wconf 90' lang='lat' dir='ltr'><strong>dicuntur</strong></span> <span class='ocrx_word' id='word_1_137' title='bbox 1012 1247 1253 1301; x_wconf 65' lang='lat' dir='ltr'><strong>tenebrae</strong></span> <span class='ocrx_word' id='word_1_138' title='bbox 1279 1260 1405 1301; x_wconf 90' lang='lat' dir='ltr'><strong>cum</strong></span> <span class='ocrx_word' id='word_1_139' title='bbox 1434 1244 1616 1302; x_wconf 90' lang='lat' dir='ltr'><strong>lumen</strong></span> <span class='ocrx_word' id='word_1_140' title='bbox 1644 1245 1819 1303; x_wconf 83' lang='lat' dir='ltr'><strong>abest.</strong></span> <span class='ocrx_word' id='word_1_141' title='bbox 1851 1246 1919 1301; x_wconf 76' lang='lat' dir='ltr'><strong>Et</strong></span> <span class='ocrx_word' id='word_1_142' title='bbox 1946 1263 2045 1302; x_wconf 91' lang='lat' dir='ltr'><strong>con</strong></span> 
     </span>
    </p>
   </div>
   <div class='ocr_carea' id='block_1_20' title="bbox 2166 1240 3727 1313">
    <p class='ocr_par' dir='ltr' id='par_1_20' title="bbox 2182 1240 3727 1313">
     <span class='ocr_line' id='line_1_20' title="bbox 2182 1240 3727 1313; baseline 0.004 -19"><span class='ocrx_word' id='word_1_143' title='bbox 2182 1241 2278 1294; x_wconf 76' lang='grc' dir='ltr'><strong>καὶ</strong></span> <span class='ocrx_word' id='word_1_144' title='bbox 2326 1241 2434 1313; x_wconf 79' lang='grc' dir='ltr'>γὰρ</span> <span class='ocrx_word' id='word_1_145' title='bbox 2466 1241 2675 1312; x_wconf 77' lang='grc' dir='ltr'><strong>κυρίως</strong></span> <span class='ocrx_word' id='word_1_146' title='bbox 2718 1241 2911 1305; x_wconf 81' lang='grc' dir='ltr'><strong>σκότος</strong></span> <span class='ocrx_word' id='word_1_147' title='bbox 2939 1240 3091 1295; x_wconf 65' lang='grc' dir='ltr'>ἔστιν</span> <span class='ocrx_word' id='word_1_148' title='bbox 3113 1242 3150 1311; x_wconf 77' lang='grc' dir='ltr'><strong>ἡ</strong></span> <span class='ocrx_word' id='word_1_149' title='bbox 3176 1241 3271 1295; x_wconf 85' lang='grc' dir='ltr'><strong>τοῦ</strong></span> <span class='ocrx_word' id='word_1_150' title='bbox 3303 1244 3479 1311; x_wconf 80' lang='grc' dir='ltr'>φωτὸς</span> <span class='ocrx_word' id='word_1_151' title='bbox 3506 1245 3727 1301; x_wconf 77' lang='grc' dir='ltr'>ἀπουσία.</span> 
     </span>
    </p>
   </div>
   <div class='ocr_carea' id='block_1_21' title="bbox 486 1332 2047 1412">
    <p class='ocr_par' dir='ltr' id='par_1_21' title="bbox 486 1339 2047 1412">
     <span class='ocr_line' id='line_1_21' title="bbox 486 1339 2047 1412; baseline 0.004 -22"><span class='ocrx_word' id='word_1_152' title='bbox 486 1339 716 1390; x_wconf 87' lang='lat' dir='ltr'><strong>suetudo</strong></span> <span class='ocrx_word' id='word_1_153' title='bbox 754 1339 1006 1393; x_wconf 89' lang='lat' dir='ltr'><strong>tenebras</strong></span> <span class='ocrx_word' id='word_1_154' title='bbox 1035 1339 1327 1392; x_wconf 87' lang='lat' dir='ltr'><strong>obscurum</strong></span> <span class='ocrx_word' id='word_1_155' title='bbox 1374 1354 1559 1394; x_wconf 79' lang='lat' dir='ltr'><strong>aerem</strong></span> <span class='ocrx_word' id='word_1_156' title='bbox 1609 1348 1789 1406; x_wconf 88' lang='lat' dir='ltr'><strong>vocat,</strong></span> <span class='ocrx_word' id='word_1_157' title='bbox 1834 1340 1920 1395; x_wconf 88' lang='lat' dir='ltr'><strong>vel</strong></span> <span class='ocrx_word' id='word_1_158' title='bbox 1946 1355 2047 1412; x_wconf 86' lang='lat' dir='ltr'><strong>spe</strong></span> 
     </span>
    </p>
   </div>
   <div class='ocr_carea' id='block_1_22' title="bbox 2168 1332 3729 1412">
    <p class='ocr_par' dir='ltr' id='par_1_22' title="bbox 2180 1332 3729 1409">
     <span class='ocr_line' id='line_1_22' title="bbox 2180 1332 3729 1409; baseline 0.002 -23"><span class='ocrx_word' id='word_1_159' title='bbox 2180 1332 2291 1387; x_wconf 79' lang='lat' dir='ltr'><strong>Kal.</strong></span> <span class='ocrx_word' id='word_1_160' title='bbox 2323 1334 2357 1403; x_wconf 83' lang='grc' dir='ltr'><strong>ή</strong></span> <span class='ocrx_word' id='word_1_161' title='bbox 2392 1332 2651 1403; x_wconf 84' lang='grc' dir='ltr'>συνήθεια</span> <span class='ocrx_word' id='word_1_162' title='bbox 2672 1333 2729 1387; x_wconf 79' lang='grc' dir='ltr'>δὲ</span> <span class='ocrx_word' id='word_1_163' title='bbox 2753 1332 2948 1398; x_wconf 84' lang='grc' dir='ltr'>σκότος</span> <span class='ocrx_word' id='word_1_164' title='bbox 2979 1334 3071 1389; x_wconf 79' lang='grc' dir='ltr'><strong>τὸν</strong></span> <span class='ocrx_word' id='word_1_165' title='bbox 3097 1334 3403 1405; x_wconf 78' lang='grc' dir='ltr'><strong>ἀφώτιστον</strong></span> <span class='ocrx_word' id='word_1_166' title='bbox 3434 1336 3579 1404; x_wconf 81' lang='grc' dir='ltr'><strong>λέγει</strong></span> <span class='ocrx_word' id='word_1_167' title='bbox 3603 1337 3729 1409; x_wconf 77' lang='grc' dir='ltr'>ἀέρα,</span> 
     </span>
    </p>
   </div>
   <div class='ocr_carea' id='block_1_23' title="bbox 483 1425 2044 1500">
    <p class='ocr_par' dir='ltr' id='par_1_23' title="bbox 483 1430 1853 1497">
     <span class='ocr_line' id='line_1_23' title="bbox 483 1430 1853 1497; baseline 0 -11"><span class='ocrx_word' id='word_1_168' title='bbox 483 1431 625 1486; x_wconf 82' lang='lat' dir='ltr'><strong>ciem</strong></span> <span class='ocrx_word' id='word_1_169' title='bbox 654 1430 798 1486; x_wconf 90' lang='lat' dir='ltr'><strong>aeris</strong></span> <span class='ocrx_word' id='word_1_170' title='bbox 824 1439 1171 1497; x_wconf 84' lang='lat' dir='ltr'><strong>nocturnam,</strong></span> <span class='ocrx_word' id='word_1_171' title='bbox 1205 1430 1287 1485; x_wconf 90' lang='lat' dir='ltr'><strong>vel</strong></span> <span class='ocrx_word' id='word_1_172' title='bbox 1320 1445 1387 1485; x_wconf 77' lang='lat' dir='ltr'><strong>ex</strong></span> <span class='ocrx_word' id='word_1_173' title='bbox 1416 1430 1523 1487; x_wconf 90' lang='lat' dir='ltr'><strong>alio</strong></span> <span class='ocrx_word' id='word_1_174' title='bbox 1550 1432 1853 1489; x_wconf 86' lang='lat' dir='ltr'><strong>accidente.</strong></span> 
     </span>
    </p>
   </div>
   <div class='ocr_carea' id='block_1_24' title="bbox 2170 1425 3731 1500">
    <p class='ocr_par' dir='ltr' id='par_1_24' title="bbox 2179 1425 3731 1500">
     <span class='ocr_line' id='line_1_24' title="bbox 2179 1425 3731 1500; baseline 0.005 -23"><span class='ocrx_word' id='word_1_175' title='bbox 2179 1426 2300 1495; x_wconf 76' lang='grc' dir='ltr'>ητοι</span> <span class='ocrx_word' id='word_1_176' title='bbox 2328 1425 2389 1478; x_wconf 81' lang='grc' dir='ltr'>τὸ</span> <span class='ocrx_word' id='word_1_177' title='bbox 2418 1425 2736 1494; x_wconf 73' lang='grc' dir='ltr'><strong>νυκτερινὸν</strong></span> <span class='ocrx_word' id='word_1_178' title='bbox 2774 1425 2868 1480; x_wconf 88' lang='grc' dir='ltr'><strong>τοῦ</strong></span> <span class='ocrx_word' id='word_1_179' title='bbox 2928 1426 3093 1498; x_wconf 77' lang='grc' dir='ltr'>ἀέρος</span> <span class='ocrx_word' id='word_1_180' title='bbox 3149 1427 3478 1499; x_wconf 79' lang='grc' dir='ltr'><strong>κατάστημα</strong></span> <span class='ocrx_word' id='word_1_181' title='bbox 3506 1429 3539 1500; x_wconf 75' lang='grc' dir='ltr'>ἢ</span> <span class='ocrx_word' id='word_1_182' title='bbox 3577 1431 3659 1484; x_wconf 79' lang='grc' dir='ltr'>καὶ</span> <span class='ocrx_word' id='word_1_183' title='bbox 3686 1432 3731 1485; x_wconf 80' lang='grc' dir='ltr'><strong>τὸ</strong></span> 
     </span>
    </p>
   </div>
   <div class='ocr_carea' id='block_1_25' title="bbox 2183 1515 2853 1587">
    <p class='ocr_par' dir='ltr' id='par_1_25' title="bbox 2183 1515 2853 1587">
     <span class='ocr_line' id='line_1_25' title="bbox 2183 1515 2853 1587; baseline 0 -16"><span class='ocrx_word' id='word_1_184' title='bbox 2183 1515 2355 1579; x_wconf 64' lang='grc' dir='ltr'>ἄλλως</span> <span class='ocrx_word' id='word_1_185' title='bbox 2379 1534 2497 1581; x_wconf 89' lang='grc' dir='ltr'>πως</span> <span class='ocrx_word' id='word_1_186' title='bbox 2528 1515 2853 1587; x_wconf 73' lang='grc' dir='ltr'>συμϐαῖνον.</span> 
     </span>
    </p>
   </div>
   <div class='ocr_carea' id='block_1_26' title="bbox 554 1653 2115 1729">
    <p class='ocr_par' dir='ltr' id='par_1_26' title="bbox 554 1655 2073 1729">
     <span class='ocr_line' id='line_1_26' title="bbox 554 1655 2073 1729; baseline -0.002 -17"><span class='ocrx_word' id='word_1_187' title='bbox 554 1657 831 1714; x_wconf 88' lang='lat' dir='ltr'><strong>Tenebras</strong></span> <span class='ocrx_word' id='word_1_188' title='bbox 865 1658 1181 1729; x_wconf 87' lang='lat' dir='ltr'><strong>palpabiles,</strong></span> <span class='ocrx_word' id='word_1_189' title='bbox 1209 1656 1399 1729; x_wconf 85' lang='lat' dir='ltr'><strong>quales</strong></span> <span class='ocrx_word' id='word_1_190' title='bbox 1447 1665 1741 1713; x_wconf 86' lang='lat' dir='ltr'><strong>senserunt</strong></span> <span class='ocrx_word' id='word_1_191' title='bbox 1767 1655 2073 1727; x_wconf 62' lang='lat' dir='ltr'><strong>Egyptii‘,</strong></span> 
     </span>
    </p>
   </div>
   <div class='ocr_carea' id='block_1_27' title="bbox 2172 1653 3733 1729">
    <p class='ocr_par' dir='ltr' id='par_1_27' title="bbox 2250 1653 3733 1726">
     <span class='ocr_line' id='line_1_27' title="bbox 2250 1653 3733 1726; baseline -0.001 -17"><span class='ocrx_word' id='word_1_192' title='bbox 2250 1654 2375 1709; x_wconf 76' lang='grc' dir='ltr'>Ὀτι</span> <span class='ocrx_word' id='word_1_193' title='bbox 2401 1654 2462 1707; x_wconf 78' lang='grc' dir='ltr'><strong>τὸ</strong></span> <span class='ocrx_word' id='word_1_194' title='bbox 2487 1654 2811 1726; x_wconf 77' lang='grc' dir='ltr'>ψηλαφητὸν</span> <span class='ocrx_word' id='word_1_195' title='bbox 2841 1653 3035 1719; x_wconf 81' lang='grc' dir='ltr'><strong>σκότος</strong></span> <span class='ocrx_word' id='word_1_196' title='bbox 3084 1656 3199 1718; x_wconf 80' lang='grc' dir='ltr'>τοῖς</span> <span class='ocrx_word' id='word_1_197' title='bbox 3227 1653 3547 1723; x_wconf 72' lang='grc' dir='ltr'><strong>Αἰγυπτίοις</strong></span> <span class='ocrx_word' id='word_1_198' title='bbox 3580 1655 3733 1717; x_wconf 78' lang='grc' dir='ltr'><strong>σκότος</strong></span> 
     </span>
    </p>
   </div>
   <div class='ocr_carea' id='block_1_28' title="bbox 482 1746 2043 1821">
    <p class='ocr_par' dir='ltr' id='par_1_28' title="bbox 482 1749 2043 1821">
     <span class='ocr_line' id='line_1_28' title="bbox 482 1749 2043 1821; baseline -0.001 -18"><span class='ocrx_word' id='word_1_199' title='bbox 482 1750 691 1805; x_wconf 88' lang='lat' dir='ltr'><strong>duabus</strong></span> <span class='ocrx_word' id='word_1_200' title='bbox 718 1752 784 1806; x_wconf 89' lang='lat' dir='ltr'><strong>de</strong></span> <span class='ocrx_word' id='word_1_201' title='bbox 815 1752 995 1807; x_wconf 86' lang='lat' dir='ltr'><strong>causis</strong></span> <span class='ocrx_word' id='word_1_202' title='bbox 1024 1752 1129 1807; x_wconf 90' lang='lat' dir='ltr'><strong>dici</strong></span> <span class='ocrx_word' id='word_1_203' title='bbox 1163 1752 1299 1818; x_wconf 90' lang='lat' dir='ltr'><strong>vult,</strong></span> <span class='ocrx_word' id='word_1_204' title='bbox 1339 1751 1427 1806; x_wconf 90' lang='lat' dir='ltr'><strong>vel</strong></span> <span class='ocrx_word' id='word_1_205' title='bbox 1460 1752 1612 1821; x_wconf 89' lang='lat' dir='ltr'><strong>quod</strong></span> <span class='ocrx_word' id='word_1_206' title='bbox 1654 1750 1915 1819; x_wconf 77' lang='lat' dir='ltr'><strong>splendor</strong></span> <span class='ocrx_word' id='word_1_207' title='bbox 1952 1749 2043 1803; x_wconf 93' lang='lat' dir='ltr'><strong>nul</strong></span> 
     </span>
    </p>
   </div>
   <div class='ocr_carea' id='block_1_29' title="bbox 2173 1746 3734 1821">
    <p class='ocr_par' dir='ltr' id='par_1_29' title="bbox 2179 1746 3734 1818">
     <span class='ocr_line' id='line_1_29' title="bbox 2179 1746 3734 1818; baseline 0.001 -19"><span class='ocrx_word' id='word_1_208' title='bbox 2179 1746 2503 1817; x_wconf 69' lang='grc' dir='ltr'>ψηλαφητὸν</span> <span class='ocrx_word' id='word_1_209' title='bbox 2558 1747 2813 1818; x_wconf 80' lang='grc' dir='ltr'>εἰρῆσθαι</span> <span class='ocrx_word' id='word_1_210' title='bbox 2879 1746 2969 1802; x_wconf 79' lang='grc' dir='ltr'>διὰ</span> <span class='ocrx_word' id='word_1_211' title='bbox 2993 1747 3091 1801; x_wconf 81' lang='grc' dir='ltr'><strong>δύο</strong></span> <span class='ocrx_word' id='word_1_212' title='bbox 3129 1746 3329 1812; x_wconf 80' lang='grc' dir='ltr'><strong>αἰτίας,</strong></span> <span class='ocrx_word' id='word_1_213' title='bbox 3369 1747 3506 1817; x_wconf 80' lang='grc' dir='ltr'>ῆὸτι</span> <span class='ocrx_word' id='word_1_214' title='bbox 3533 1746 3734 1818; x_wconf 78' lang='grc' dir='ltr'><strong>μηδεμία</strong></span> 
     </span>
    </p>
   </div>
   <div class='ocr_carea' id='block_1_30' title="bbox 482 1839 2043 1931">
    <p class='ocr_par' dir='ltr' id='par_1_30' title="bbox 482 1840 2043 1909">
     <span class='ocr_line' id='line_1_30' title="bbox 482 1840 2043 1909; baseline -0.003 -12"><span class='ocrx_word' id='word_1_215' title='bbox 482 1844 570 1899; x_wconf 86' lang='lat' dir='ltr'><strong>lus</strong></span> <span class='ocrx_word' id='word_1_216' title='bbox 613 1843 855 1899; x_wconf 71' lang='lat' dir='ltr'><strong>caalestis</strong></span> <span class='ocrx_word' id='word_1_217' title='bbox 881 1844 1159 1899; x_wconf 90' lang='lat' dir='ltr'><strong>immistus</strong></span> <span class='ocrx_word' id='word_1_218' title='bbox 1182 1854 1268 1898; x_wconf 86' lang='lat' dir='ltr'><strong>est</strong></span> <span class='ocrx_word' id='word_1_219' title='bbox 1295 1845 1432 1907; x_wconf 85' lang='lat' dir='ltr'><strong>acri,</strong></span> <span class='ocrx_word' id='word_1_220' title='bbox 1456 1844 1525 1898; x_wconf 87' lang='lat' dir='ltr'><strong>ob</strong></span> <span class='ocrx_word' id='word_1_221' title='bbox 1554 1843 1881 1897; x_wconf 82' lang='lat' dir='ltr'><strong>densitatem</strong></span> <span class='ocrx_word' id='word_1_222' title='bbox 1928 1840 2043 1909; x_wconf 85' lang='lat' dir='ltr'><strong>ejus</strong></span> 
     </span>
    </p>
   </div>
   <div class='ocr_carea' id='block_1_31' title="bbox 2175 1839 3736 1931">
    <p class='ocr_par' dir='ltr' id='par_1_31' title="bbox 2184 1839 3736 1911">
     <span class='ocr_line' id='line_1_31' title="bbox 2184 1839 3736 1911; baseline -0.002 -16"><span class='ocrx_word' id='word_1_223' title='bbox 2184 1841 2342 1903; x_wconf 68' lang='grc' dir='ltr'>ἀκτὶς</span> <span class='ocrx_word' id='word_1_224' title='bbox 2402 1839 2512 1892; x_wconf 85' lang='grc' dir='ltr'>τῶν</span> <span class='ocrx_word' id='word_1_225' title='bbox 2575 1840 2843 1911; x_wconf 78' lang='grc' dir='ltr'>οὐρανίων</span> <span class='ocrx_word' id='word_1_226' title='bbox 2900 1842 3233 1911; x_wconf 83' lang='grc' dir='ltr'>είσεκρίνετο</span> <span class='ocrx_word' id='word_1_227' title='bbox 3256 1839 3333 1909; x_wconf 83' lang='grc' dir='ltr'>τῷ</span> <span class='ocrx_word' id='word_1_228' title='bbox 3366 1840 3489 1910; x_wconf 85' lang='grc' dir='ltr'>ἀέρι</span> <span class='ocrx_word' id='word_1_229' title='bbox 3542 1839 3623 1893; x_wconf 88' lang='grc' dir='ltr'>διὰ</span> <span class='ocrx_word' id='word_1_230' title='bbox 3661 1841 3736 1911; x_wconf 79' lang='grc' dir='ltr'>τὴν</span> 
     </span>
    </p>
   </div>
   <div class='ocr_carea' id='block_1_32' title="bbox 482 1926 2043 2005">
    <p class='ocr_par' dir='ltr' id='par_1_32' title="bbox 482 1931 2038 2005">
     <span class='ocr_line' id='line_1_32' title="bbox 482 1931 2038 2005; baseline -0.003 -17"><span class='ocrx_word' id='word_1_231' title='bbox 482 1945 543 1989; x_wconf 84' lang='grc' dir='ltr'>ιιι</span> <span class='ocrx_word' id='word_1_232' title='bbox 574 1934 806 2005; x_wconf 87' lang='lat' dir='ltr'><strong>palpari,</strong></span> <span class='ocrx_word' id='word_1_233' title='bbox 847 1944 903 1989; x_wconf 92' lang='lat' dir='ltr'><strong>et</strong></span> <span class='ocrx_word' id='word_1_234' title='bbox 945 1934 1093 2005; x_wconf 89' lang='lat' dir='ltr'><strong>tangi</strong></span> <span class='ocrx_word' id='word_1_235' title='bbox 1121 1949 1216 2003; x_wconf 86' lang='lat' dir='ltr'><strong>per</strong></span> <span class='ocrx_word' id='word_1_236' title='bbox 1253 1934 1621 1989; x_wconf 89' lang='lat' dir='ltr'><strong>resistentiatn</strong></span> <span class='ocrx_word' id='word_1_237' title='bbox 1646 1947 1677 1985; x_wconf 91' lang='lat' dir='ltr'><strong>a</strong></span> <span class='ocrx_word' id='word_1_238' title='bbox 1708 1931 2038 2002; x_wconf 77' lang='lat' dir='ltr'><strong>contingenti</strong></span> 
     </span>
    </p>
   </div>
   <div class='ocr_carea' id='block_1_33' title="bbox 2173 1926 3734 2005">
    <p class='ocr_par' dir='ltr' id='par_1_33' title="bbox 2178 1926 3734 2004">
     <span class='ocr_line' id='line_1_33' title="bbox 2178 1926 3734 2004; baseline 0.002 -21"><span class='ocrx_word' id='word_1_239' title='bbox 2178 1932 2380 2002; x_wconf 84' lang='grc' dir='ltr'>πολλὴν</span> <span class='ocrx_word' id='word_1_240' title='bbox 2414 1932 2579 1986; x_wconf 88' lang='grc' dir='ltr'>αὐτοῦ</span> <span class='ocrx_word' id='word_1_241' title='bbox 2640 1932 2933 2004; x_wconf 84' lang='grc' dir='ltr'>παχύτητα</span> <span class='ocrx_word' id='word_1_242' title='bbox 2981 1934 3079 1987; x_wconf 57' lang='grc' dir='ltr'><strong>καὶ⁸</strong></span> <span class='ocrx_word' id='word_1_243' title='bbox 3130 1926 3243 1986; x_wconf 77' lang='grc' dir='ltr'><em>οἷον</em></span> <span class='ocrx_word' id='word_1_244' title='bbox 3297 1931 3620 2002; x_wconf 77' lang='grc' dir='ltr'>ψηλαφητὴν</span> <span class='ocrx_word' id='word_1_245' title='bbox 3663 1935 3734 1986; x_wconf 80' lang='grc' dir='ltr'><strong>καὶ</strong></span> 
     </span>
    </p>
   </div>
   <div class='ocr_carea' id='block_1_34' title="bbox 482 2021 2043 2099">
    <p class='ocr_par' dir='ltr' id='par_1_34' title="bbox 482 2021 2040 2099">
     <span class='ocr_line' id='line_1_34' title="bbox 482 2021 2040 2099; baseline -0.008 -14"><span class='ocrx_word' id='word_1_246' title='bbox 482 2030 586 2085; x_wconf 83' lang='lat' dir='ltr'><strong>bus</strong></span> <span class='ocrx_word' id='word_1_247' title='bbox 616 2040 783 2099; x_wconf 88' lang='lat' dir='ltr'><strong>queat</strong></span> <span class='ocrx_word' id='word_1_248' title='bbox 812 2050 826 2085; x_wconf 87' lang='lat'><strong>:</strong></span> <span class='ocrx_word' id='word_1_249' title='bbox 860 2032 943 2084; x_wconf 88' lang='lat' dir='ltr'><strong>vel</strong></span> <span class='ocrx_word' id='word_1_250' title='bbox 989 2029 1134 2099; x_wconf 88' lang='lat' dir='ltr'><strong>quod</strong></span> <span class='ocrx_word' id='word_1_251' title='bbox 1163 2028 1438 2098; x_wconf 85' lang='lat' dir='ltr'><strong>tangendo</strong></span> <span class='ocrx_word' id='word_1_252' title='bbox 1468 2026 1686 2081; x_wconf 86' lang='lat' dir='ltr'><strong>duriora</strong></span> <span class='ocrx_word' id='word_1_253' title='bbox 1727 2038 1957 2092; x_wconf 88' lang='lat' dir='ltr'><strong>corpora</strong></span> <span class='ocrx_word' id='word_1_254' title='bbox 1987 2021 2040 2074; x_wconf 93' lang='lat' dir='ltr'><strong>in</strong></span> 
     </span>
    </p>
   </div>
   <div class='ocr_carea' id='block_1_35' title="bbox 2175 2021 3736 2099">
    <p class='ocr_par' dir='ltr' id='par_1_35' title="bbox 2176 2024 3736 2097">
     <span class='ocr_line' id='line_1_35' title="bbox 2176 2024 3736 2097; baseline -0.001 -20"><span class='ocrx_word' id='word_1_255' title='bbox 2176 2024 2482 2095; x_wconf 79' lang='grc' dir='ltr'>δυναμένην</span> <span class='ocrx_word' id='word_1_256' title='bbox 2534 2024 2789 2097; x_wconf 79' lang='grc' dir='ltr'>αἴσθησιν</span> <span class='ocrx_word' id='word_1_257' title='bbox 2846 2025 3172 2089; x_wconf 79' lang='grc' dir='ltr'><strong>ἀντιτυπίας</strong></span> <span class='ocrx_word' id='word_1_258' title='bbox 3230 2027 3343 2087; x_wconf 83' lang='grc' dir='ltr'>τοῖς</span> <span class='ocrx_word' id='word_1_259' title='bbox 3394 2024 3736 2093; x_wconf 75' lang='grc' dir='ltr'><strong>ἐπαφωμένοις</strong></span> 
     </span>
    </p>
   </div>
   <div class='ocr_carea' id='block_1_36' title="bbox 482 2112 2043 2187">
    <p class='ocr_par' dir='ltr' id='par_1_36' title="bbox 482 2114 2043 2187">
     <span class='ocr_line' id='line_1_36' title="bbox 482 2114 2043 2187; baseline -0.003 -15"><span class='ocrx_word' id='word_1_260' title='bbox 482 2127 599 2172; x_wconf 86' lang='lat' dir='ltr'><strong>star</strong></span> <span class='ocrx_word' id='word_1_261' title='bbox 623 2132 889 2171; x_wconf 67' lang='lat' dir='ltr'><strong>caecorum</strong></span> <span class='ocrx_word' id='word_1_262' title='bbox 921 2118 1003 2172; x_wconf 89' lang='lat' dir='ltr'><strong>sic</strong></span> <span class='ocrx_word' id='word_1_263' title='bbox 1048 2116 1487 2187; x_wconf 85' lang='lat' dir='ltr'><strong>progrediantur,</strong></span> <span class='ocrx_word' id='word_1_264' title='bbox 1523 2125 1577 2169; x_wconf 93' lang='lat' dir='ltr'><strong>et</strong></span> <span class='ocrx_word' id='word_1_265' title='bbox 1600 2114 1838 2182; x_wconf 71' lang='lat' dir='ltr'><strong>liocipin</strong></span> <span class='ocrx_word' id='word_1_266' title='bbox 1871 2127 2043 2183; x_wconf 84' lang='lat' dir='ltr'><strong>cogno</strong></span> 
     </span>
    </p>
   </div>
   <div class='ocr_carea' id='block_1_37' title="bbox 2174 2112 3735 2187">
    <p class='ocr_par' dir='ltr' id='par_1_37' title="bbox 2176 2112 3735 2187">
     <span class='ocr_line' id='line_1_37' title="bbox 2176 2112 3735 2187; baseline -0.001 -20"><span class='ocrx_word' id='word_1_267' title='bbox 2176 2116 2459 2186; x_wconf 83' lang='grc' dir='ltr'>παρέχειν,</span> <span class='ocrx_word' id='word_1_268' title='bbox 2492 2116 2525 2187; x_wconf 76' lang='grc' dir='ltr'><strong>ἢ</strong></span> <span class='ocrx_word' id='word_1_269' title='bbox 2555 2118 2638 2170; x_wconf 83' lang='grc' dir='ltr'><strong>ὅτι</strong></span> <span class='ocrx_word' id='word_1_270' title='bbox 2672 2114 2763 2169; x_wconf 80' lang='grc' dir='ltr'><strong>διὰ</strong></span> <span class='ocrx_word' id='word_1_271' title='bbox 2790 2114 2852 2169; x_wconf 83' lang='grc' dir='ltr'>τδ</span> <span class='ocrx_word' id='word_1_272' title='bbox 2878 2115 3200 2187; x_wconf 82' lang='grc' dir='ltr'>ψηλαφητὸν</span> <span class='ocrx_word' id='word_1_273' title='bbox 3232 2117 3303 2168; x_wconf 68' lang='grc' dir='ltr'>τὰ</span> <span class='ocrx_word' id='word_1_274' title='bbox 3331 2112 3735 2185; x_wconf 78' lang='grc' dir='ltr'>στερεμνιώτερα</span> 
     </span>
    </p>
   </div>
   <div class='ocr_carea' id='block_1_38' title="bbox 480 2204 2041 2278">
    <p class='ocr_par' dir='ltr' id='par_1_38' title="bbox 480 2204 2035 2277">
     <span class='ocr_line' id='line_1_38' title="bbox 480 2204 2035 2277; baseline -0.006 -12"><span class='ocrx_word' id='word_1_275' title='bbox 480 2220 639 2265; x_wconf 78' lang='lat' dir='ltr'><strong>scant</strong></span> <span class='ocrx_word' id='word_1_276' title='bbox 664 2210 743 2264; x_wconf 91' lang='lat' dir='ltr'><strong>sic</strong></span> <span class='ocrx_word' id='word_1_277' title='bbox 775 2219 1085 2265; x_wconf 87' lang='lat' dir='ltr'><strong>attrectata.</strong></span> <span class='ocrx_word' id='word_1_278' title='bbox 1110 2209 1342 2277; x_wconf 83' lang='lat' dir='ltr'><strong>Abyssus</strong></span> <span class='ocrx_word' id='word_1_279' title='bbox 1366 2210 1431 2261; x_wconf 89' lang='lat' dir='ltr'><strong>ab</strong></span> <span class='ocrx_word' id='word_1_280' title='bbox 1454 2207 1709 2260; x_wconf 88' lang='lat' dir='ltr'><strong>omnibus</strong></span> <span class='ocrx_word' id='word_1_281' title='bbox 1737 2204 1903 2258; x_wconf 88' lang='lat' dir='ltr'><strong>multa</strong></span> <span class='ocrx_word' id='word_1_282' title='bbox 1932 2219 2035 2273; x_wconf 90' lang='lat' dir='ltr'><strong>aqn</strong></span> 
     </span>
    </p>
   </div>
   <div class='ocr_carea' id='block_1_39' title="bbox 2175 2204 3736 2278">
    <p class='ocr_par' dir='ltr' id='par_1_39' title="bbox 2175 2206 3736 2278">
     <span class='ocr_line' id='line_1_39' title="bbox 2175 2206 3736 2278; baseline -0.001 -18"><span class='ocrx_word' id='word_1_283' title='bbox 2175 2206 2284 2260; x_wconf 86' lang='grc' dir='ltr'>τῶν</span> <span class='ocrx_word' id='word_1_284' title='bbox 2344 2208 2617 2278; x_wconf 82' lang='grc' dir='ltr'>σωμάτων</span> <span class='ocrx_word' id='word_1_285' title='bbox 2645 2207 2805 2278; x_wconf 89' lang='grc' dir='ltr'>δίκην</span> <span class='ocrx_word' id='word_1_286' title='bbox 2857 2207 3079 2277; x_wconf 80' lang='grc' dir='ltr'>τυφλῶν</span> <span class='ocrx_word' id='word_1_287' title='bbox 3106 2207 3204 2261; x_wconf 78' lang='grc' dir='ltr'>καὶ</span> <span class='ocrx_word' id='word_1_288' title='bbox 3232 2207 3374 2260; x_wconf 82' lang='grc' dir='ltr'><strong>οὕτω</strong></span> <span class='ocrx_word' id='word_1_289' title='bbox 3397 2208 3499 2269; x_wconf 72' lang='grc' dir='ltr'><strong>τὰς</strong></span> <span class='ocrx_word' id='word_1_290' title='bbox 3536 2206 3736 2276; x_wconf 70' lang='grc' dir='ltr'>μεταϐὰ-</span> 
     </span>
    </p>
   </div>
   <div class='ocr_carea' id='block_1_40' title="bbox 481 2299 2042 2373">
    <p class='ocr_par' dir='ltr' id='par_1_40' title="bbox 481 2300 2042 2371">
     <span class='ocr_line' id='line_1_40' title="bbox 481 2300 2042 2371; baseline -0.004 -14"><span class='ocrx_word' id='word_1_291' title='bbox 481 2302 706 2364; x_wconf 87' lang='lat' dir='ltr'><strong>dicitur.</strong></span> <span class='ocrx_word' id='word_1_292' title='bbox 739 2312 795 2356; x_wconf 92' lang='lat' dir='ltr'><strong>et</strong></span> <span class='ocrx_word' id='word_1_293' title='bbox 825 2301 878 2355; x_wconf 90' lang='lat' dir='ltr'><strong>in</strong></span> <span class='ocrx_word' id='word_1_294' title='bbox 903 2300 1234 2371; x_wconf 80' lang='lat' dir='ltr'><strong>profundum</strong></span> <span class='ocrx_word' id='word_1_295' title='bbox 1267 2300 1541 2365; x_wconf 79' lang='lat' dir='ltr'><strong>demersa,</strong></span> <span class='ocrx_word' id='word_1_296' title='bbox 1570 2312 1843 2369; x_wconf 83' lang='lat' dir='ltr'><strong>quamque</strong></span> <span class='ocrx_word' id='word_1_297' title='bbox 1875 2312 2042 2367; x_wconf 85' lang='lat' dir='ltr'><strong>caper</strong></span> 
     </span>
    </p>
   </div>
   <div class='ocr_carea' id='block_1_41' title="bbox 2174 2299 3735 2373">
    <p class='ocr_par' dir='ltr' id='par_1_41' title="bbox 2176 2299 3735 2373">
     <span class='ocr_line' id='line_1_41' title="bbox 2176 2299 3735 2373; baseline 0.001 -19"><span class='ocrx_word' id='word_1_298' title='bbox 2176 2316 2294 2365; x_wconf 84' lang='grc' dir='ltr'>σεις</span> <span class='ocrx_word' id='word_1_299' title='bbox 2318 2300 2616 2366; x_wconf 87' lang='grc' dir='ltr'>ποιεῖσθαι,</span> <span class='ocrx_word' id='word_1_300' title='bbox 2644 2299 2679 2371; x_wconf 75' lang='grc' dir='ltr'>ἢ</span> <span class='ocrx_word' id='word_1_301' title='bbox 2711 2300 2806 2355; x_wconf 82' lang='grc' dir='ltr'>καὶ</span> <span class='ocrx_word' id='word_1_302' title='bbox 2848 2301 2981 2356; x_wconf 78' lang='grc' dir='ltr'>αὐτὸ</span> <span class='ocrx_word' id='word_1_303' title='bbox 3012 2301 3174 2355; x_wconf 85' lang='grc' dir='ltr'>τοῦτο</span> <span class='ocrx_word' id='word_1_304' title='bbox 3220 2300 3509 2373; x_wconf 73' lang='grc' dir='ltr'>γνωρίζειν</span> <span class='ocrx_word' id='word_1_305' title='bbox 3541 2300 3668 2354; x_wconf 83' lang='grc' dir='ltr'>οὐτω</span> <span class='ocrx_word' id='word_1_306' title='bbox 3687 2302 3735 2355; x_wconf 71' lang='grc' dir='ltr'><strong>τὰ</strong></span> 
     </span>
    </p>
   </div>
   <div class='ocr_carea' id='block_1_42' title="bbox 480 2391 2041 2464">
    <p class='ocr_par' dir='ltr' id='par_1_42' title="bbox 480 2392 1536 2462">
     <span class='ocr_line' id='line_1_42' title="bbox 480 2392 1536 2462; baseline 0 -14"><span class='ocrx_word' id='word_1_307' title='bbox 480 2410 589 2448; x_wconf 91' lang='lat' dir='ltr'><strong>non</strong></span> <span class='ocrx_word' id='word_1_308' title='bbox 620 2394 881 2458; x_wconf 86' lang='lat' dir='ltr'><strong>valemus,</strong></span> <span class='ocrx_word' id='word_1_309' title='bbox 914 2407 1015 2449; x_wconf 90' lang='lat' dir='ltr'><strong>nec</strong></span> <span class='ocrx_word' id='word_1_310' title='bbox 1040 2393 1213 2449; x_wconf 88' lang='lat' dir='ltr'><strong>oculis</strong></span> <span class='ocrx_word' id='word_1_311' title='bbox 1252 2392 1536 2462; x_wconf 88' lang='lat' dir='ltr'><strong>consequi.</strong></span> 
     </span>
    </p>
   </div>
   <div class='ocr_carea' id='block_1_43' title="bbox 1013 2391 2574 2464">
    <p class='ocr_par' dir='ltr' id='par_1_43' title="bbox 1013 2391 2574 2464">
     <span class='ocr_line' id='line_1_43' title="bbox 1013 2391 2574 2464; baseline 0.001 -19"><span class='ocrx_word' id='word_1_312' title='bbox 1013 2415 1015 2444; x_wconf 77' lang='grc' dir='ltr'>ι</span> <span class='ocrx_word' id='word_1_313' title='bbox 1040 2393 1213 2449; x_wconf 89' lang='lat' dir='ltr'><strong>oculis</strong></span> <span class='ocrx_word' id='word_1_314' title='bbox 1252 2392 1536 2462; x_wconf 89' lang='lat' dir='ltr'><strong>consequi.</strong></span> <span class='ocrx_word' id='word_1_315' title='bbox 2173 2391 2574 2464; x_wconf 77' lang='grc' dir='ltr'><strong>ψηλαφώμενα.</strong></span> 
     </span>
    </p>
   </div>
   <div class='ocr_carea' id='block_1_44' title="bbox 552 2506 2113 2579">
    <p class='ocr_par' dir='ltr' id='par_1_44' title="bbox 552 2507 2071 2579">
     <span class='ocr_line' id='line_1_44' title="bbox 552 2507 2071 2579; baseline -0.003 -17"><span class='ocrx_word' id='word_1_316' title='bbox 552 2508 675 2563; x_wconf 84' lang='lat' dir='ltr'><strong>Ideo</strong></span> <span class='ocrx_word' id='word_1_317' title='bbox 720 2509 886 2563; x_wconf 82' lang='lat' dir='ltr'><strong>etiam</strong></span> <span class='ocrx_word' id='word_1_318' title='bbox 930 2507 1108 2564; x_wconf 77' lang='lat' dir='ltr'><strong>Moses</strong></span> <span class='ocrx_word' id='word_1_319' title='bbox 1150 2508 1411 2579; x_wconf 88' lang='lat' dir='ltr'><strong>abyssum</strong></span> <span class='ocrx_word' id='word_1_320' title='bbox 1468 2507 1608 2562; x_wconf 88' lang='lat' dir='ltr'><strong>hanc</strong></span> <span class='ocrx_word' id='word_1_321' title='bbox 1646 2520 1844 2577; x_wconf 87' lang='lat' dir='ltr'><strong>aquam</strong></span> <span class='ocrx_word' id='word_1_322' title='bbox 1888 2511 2071 2568; x_wconf 85' lang='lat' dir='ltr'><strong>vocat,</strong></span> 
     </span>
    </p>
   </div>
   <div class='ocr_carea' id='block_1_45' title="bbox 2176 2506 3737 2579">
    <p class='ocr_par' dir='ltr' id='par_1_45' title="bbox 2248 2506 3737 2578">
     <span class='ocr_line' id='line_1_45' title="bbox 2248 2506 3737 2578; baseline 0.001 -20"><span class='ocrx_word' id='word_1_323' title='bbox 2248 2506 2373 2559; x_wconf 79' lang='grc' dir='ltr'><strong>’Ότι</strong></span> <span class='ocrx_word' id='word_1_324' title='bbox 2387 2506 2662 2573; x_wconf 79' lang='grc' dir='ltr'><strong>ἄϐυσσος</strong></span> <span class='ocrx_word' id='word_1_325' title='bbox 2678 2509 2833 2578; x_wconf 82' lang='grc' dir='ltr'><strong>παρά</strong></span> <span class='ocrx_word' id='word_1_326' title='bbox 2859 2509 2993 2563; x_wconf 79' lang='grc' dir='ltr'>πᾶσι</span> <span class='ocrx_word' id='word_1_327' title='bbox 3008 2508 3070 2561; x_wconf 82' lang='grc' dir='ltr'>τδ</span> <span class='ocrx_word' id='word_1_328' title='bbox 3097 2508 3234 2563; x_wconf 87' lang='grc' dir='ltr'><strong>πολύ</strong></span> <span class='ocrx_word' id='word_1_329' title='bbox 3254 2506 3500 2563; x_wconf 76' lang='grc' dir='ltr'>καλεῖται</span> <span class='ocrx_word' id='word_1_330' title='bbox 3520 2506 3655 2576; x_wconf 75' lang='grc' dir='ltr'>ὕδωρ</span> <span class='ocrx_word' id='word_1_331' title='bbox 3670 2508 3737 2559; x_wconf 72' lang='grc' dir='ltr'><strong>καὶ</strong></span> 
     </span>
    </p>
   </div>
   <div class='ocr_carea' id='block_1_46' title="bbox 472 2592 2033 2672">
    <p class='ocr_par' dir='ltr' id='par_1_46' title="bbox 472 2592 2033 2669">
     <span class='ocr_line' id='line_1_46' title="bbox 472 2592 2033 2669; baseline -0.003 -15"><span class='ocrx_word' id='word_1_332' title='bbox 472 2592 589 2654; x_wconf 39' lang='lat' dir='ltr'><strong>\nisi</strong></span> <span class='ocrx_word' id='word_1_333' title='bbox 624 2600 767 2669; x_wconf 90' lang='lat' dir='ltr'><strong>quod</strong></span> <span class='ocrx_word' id='word_1_334' title='bbox 797 2600 964 2655; x_wconf 88' lang='lat' dir='ltr'><strong>etiam</strong></span> <span class='ocrx_word' id='word_1_335' title='bbox 1000 2599 1221 2655; x_wconf 89' lang='lat' dir='ltr'><strong>nomine</strong></span> <span class='ocrx_word' id='word_1_336' title='bbox 1244 2614 1402 2669; x_wconf 68' lang='lat' dir='ltr'><strong>aqua:</strong></span> <span class='ocrx_word' id='word_1_337' title='bbox 1430 2599 1697 2653; x_wconf 91' lang='lat' dir='ltr'><strong>nominet.</strong></span> <span class='ocrx_word' id='word_1_338' title='bbox 1734 2598 1807 2651; x_wconf 79' lang='lat' dir='ltr'><strong>Ac</strong></span> <span class='ocrx_word' id='word_1_339' title='bbox 1838 2594 2033 2663; x_wconf 76' lang='lat' dir='ltr'><strong>Spiritu</strong></span> 
     </span>
    </p>
   </div>
   <div class='ocr_carea' id='block_1_47' title="bbox 2176 2592 3737 2672">
    <p class='ocr_par' dir='ltr' id='par_1_47' title="bbox 2176 2596 3737 2672">
     <span class='ocr_line' id='line_1_47' title="bbox 2176 2596 3737 2672; baseline 0.002 -23"><span class='ocrx_word' id='word_1_340' title='bbox 2176 2596 2258 2660; x_wconf 84' lang='grc' dir='ltr'><strong>είς</strong></span> <span class='ocrx_word' id='word_1_341' title='bbox 2288 2597 2451 2667; x_wconf 82' lang='grc' dir='ltr'>βάθος</span> <span class='ocrx_word' id='word_1_342' title='bbox 2492 2599 2705 2670; x_wconf 84' lang='grc' dir='ltr'>χωροῦν</span> <span class='ocrx_word' id='word_1_343' title='bbox 2733 2600 2975 2670; x_wconf 84' lang='grc' dir='ltr'>ἀληπτον</span> <span class='ocrx_word' id='word_1_344' title='bbox 2997 2603 3155 2672; x_wconf 77' lang='grc' dir='ltr'>ἡμῖν,</span> <span class='ocrx_word' id='word_1_345' title='bbox 3180 2602 3331 2670; x_wconf 81' lang='grc' dir='ltr'><strong>παρά</strong></span> <span class='ocrx_word' id='word_1_346' title='bbox 3372 2602 3436 2655; x_wconf 76' lang='grc' dir='ltr'><strong>τὸ</strong></span> <span class='ocrx_word' id='word_1_347' title='bbox 3479 2600 3685 2671; x_wconf 77' lang='grc' dir='ltr'>μηνύειν</span> <span class='ocrx_word' id='word_1_348' title='bbox 3706 2600 3737 2630; x_wconf 80' lang='grc'><strong>⁷⁸</strong></span> 
     </span>
    </p>
   </div>
   <div class='ocr_carea' id='block_1_48' title="bbox 478 2687 2039 2763">
    <p class='ocr_par' dir='ltr' id='par_1_48' title="bbox 478 2687 2039 2763">
     <span class='ocr_line' id='line_1_48' title="bbox 478 2687 2039 2763; baseline -0.003 -16"><span class='ocrx_word' id='word_1_349' title='bbox 478 2693 619 2747; x_wconf 81' lang='lat' dir='ltr'><strong>enim</strong></span> <span class='ocrx_word' id='word_1_350' title='bbox 645 2691 839 2763; x_wconf 69' lang='lat' dir='ltr'><strong>323b</strong></span> <span class='ocrx_word' id='word_1_351' title='bbox 907 2692 1121 2747; x_wconf 82' lang='lat' dir='ltr'><strong>Domini</strong></span> <span class='ocrx_word' id='word_1_352' title='bbox 1152 2692 1423 2761; x_wconf 77' lang='lat' dir='ltr'><strong>ferebatur</strong></span> <span class='ocrx_word' id='word_1_353' title='bbox 1482 2707 1638 2759; x_wconf 83' lang='lat' dir='ltr'><strong>super</strong></span> <span class='ocrx_word' id='word_1_354' title='bbox 1673 2706 1861 2760; x_wconf 85' lang='lat' dir='ltr'><strong>aquas.</strong></span> <span class='ocrx_word' id='word_1_355' title='bbox 1899 2687 2039 2756; x_wconf 85' lang='lat' dir='ltr'><strong>Supc</strong></span> 
     </span>
    </p>
   </div>
   <div class='ocr_carea' id='block_1_49' title="bbox 2174 2687 3735 2763">
    <p class='ocr_par' dir='ltr' id='par_1_49' title="bbox 2177 2689 3735 2763">
     <span class='ocr_line' id='line_1_49' title="bbox 2177 2689 3735 2763; baseline -0.004 -12"><span class='ocrx_word' id='word_1_356' title='bbox 2177 2689 2258 2751; x_wconf 78' lang='grc' dir='ltr'><strong>εἰς</strong></span> <span class='ocrx_word' id='word_1_357' title='bbox 2292 2689 2460 2742; x_wconf 71' lang='grc' dir='ltr'>αὐτό·</span> <span class='ocrx_word' id='word_1_358' title='bbox 2506 2691 2589 2743; x_wconf 74' lang='grc' dir='ltr'>διὸ</span> <span class='ocrx_word' id='word_1_359' title='bbox 2635 2693 2733 2747; x_wconf 81' lang='grc' dir='ltr'><strong>καὶ</strong></span> <span class='ocrx_word' id='word_1_360' title='bbox 2785 2693 2996 2763; x_wconf 81' lang='grc' dir='ltr'><strong>Μωσῆς</strong></span> <span class='ocrx_word' id='word_1_361' title='bbox 3044 2693 3284 2749; x_wconf 80' lang='grc' dir='ltr'>ἀϐυσσον</span> <span class='ocrx_word' id='word_1_362' title='bbox 3335 2695 3519 2747; x_wconf 78' lang='grc' dir='ltr'>έκεῖνο</span> <span class='ocrx_word' id='word_1_363' title='bbox 3546 2692 3603 2745; x_wconf 84' lang='grc' dir='ltr'>τὸ</span> <span class='ocrx_word' id='word_1_364' title='bbox 3626 2691 3735 2762; x_wconf 75' lang='grc' dir='ltr'>ὓδωρ</span> 
     </span>
    </p>
   </div>
   <div class='ocr_carea' id='block_1_50' title="bbox 481 2779 2042 2857">
    <p class='ocr_par' dir='ltr' id='par_1_50' title="bbox 481 2779 2041 2854">
     <span class='ocr_line' id='line_1_50' title="bbox 481 2779 2041 2854; baseline -0.004 -16"><span class='ocrx_word' id='word_1_365' title='bbox 481 2799 656 2854; x_wconf 82' lang='lat' dir='ltr'><strong>aquas</strong></span> <span class='ocrx_word' id='word_1_366' title='bbox 702 2786 848 2839; x_wconf 87' lang='lat' dir='ltr'><strong>enim</strong></span> <span class='ocrx_word' id='word_1_367' title='bbox 894 2800 989 2839; x_wconf 88' lang='lat' dir='ltr'><strong>aer</strong></span> <span class='ocrx_word' id='word_1_368' title='bbox 1036 2785 1152 2853; x_wconf 86' lang='lat' dir='ltr'><strong>ipse</strong></span> <span class='ocrx_word' id='word_1_369' title='bbox 1187 2784 1421 2839; x_wconf 88' lang='lat' dir='ltr'><strong>innatat.</strong></span> <span class='ocrx_word' id='word_1_370' title='bbox 1448 2782 1663 2836; x_wconf 83' lang='lat' dir='ltr'><strong>Nomen</strong></span> <span class='ocrx_word' id='word_1_371' title='bbox 1709 2791 1889 2835; x_wconf 88' lang='lat' dir='ltr'><strong>autem</strong></span> <span class='ocrx_word' id='word_1_372' title='bbox 1930 2779 2041 2833; x_wconf 89' lang='lat' dir='ltr'><strong>aeri</strong></span> 
     </span>
    </p>
   </div>
   <div class='ocr_carea' id='block_1_51' title="bbox 2168 2779 3729 2857">
    <p class='ocr_par' dir='ltr' id='par_1_51' title="bbox 2176 2780 3729 2857">
     <span class='ocr_line' id='line_1_51' title="bbox 2176 2780 3729 2857; baseline 0.002 -24"><span class='ocrx_word' id='word_1_373' title='bbox 2176 2780 2349 2833; x_wconf 76' lang='grc' dir='ltr'>καλεῖ.</span> <span class='ocrx_word' id='word_1_374' title='bbox 2378 2781 2525 2852; x_wconf 86' lang='grc' dir='ltr'>Πλὴν</span> <span class='ocrx_word' id='word_1_375' title='bbox 2555 2785 2649 2837; x_wconf 74' lang='grc' dir='ltr'><strong>καὶ</strong></span> <span class='ocrx_word' id='word_1_376' title='bbox 2675 2783 2823 2855; x_wconf 80' lang='grc' dir='ltr'>ὕδωρ</span> <span class='ocrx_word' id='word_1_377' title='bbox 2851 2786 2984 2839; x_wconf 82' lang='grc' dir='ltr'>αὐτὸ</span> <span class='ocrx_word' id='word_1_378' title='bbox 3010 2784 3396 2857; x_wconf 74' lang='grc' dir='ltr'>κατονομάζει·</span> <span class='ocrx_word' id='word_1_379' title='bbox 3440 2785 3553 2840; x_wconf 68' lang='grc' dir='ltr'><strong>Καὶ</strong></span> <span class='ocrx_word' id='word_1_380' title='bbox 3581 2784 3729 2837; x_wconf 71' lang='grc' dir='ltr'>πνεῦ-</span> 
     </span>
    </p>
   </div>
   <div class='ocr_carea' id='block_1_52' title="bbox 481 2871 2042 2947">
    <p class='ocr_par' dir='ltr' id='par_1_52' title="bbox 481 2871 2042 2945">
     <span class='ocr_line' id='line_1_52' title="bbox 481 2871 2042 2945; baseline -0.005 -13"><span class='ocrx_word' id='word_1_381' title='bbox 481 2875 664 2932; x_wconf 78' lang='lat' dir='ltr'><strong>Iloses</strong></span> <span class='ocrx_word' id='word_1_382' title='bbox 690 2892 797 2931; x_wconf 93' lang='lat' dir='ltr'><strong>non</strong></span> <span class='ocrx_word' id='word_1_383' title='bbox 831 2877 1113 2945; x_wconf 84' lang='lat' dir='ltr'><strong>usurpavit</strong></span> <span class='ocrx_word' id='word_1_384' title='bbox 1146 2893 1162 2930; x_wconf 89' lang='lat'><strong>:</strong></span> <span class='ocrx_word' id='word_1_385' title='bbox 1199 2875 1278 2928; x_wconf 90' lang='lat' dir='ltr'><strong>vel</strong></span> <span class='ocrx_word' id='word_1_386' title='bbox 1313 2890 1377 2930; x_wconf 91' lang='lat' dir='ltr'><strong>eo</strong></span> <span class='ocrx_word' id='word_1_387' title='bbox 1411 2874 1555 2943; x_wconf 89' lang='lat' dir='ltr'><strong>quod</strong></span> <span class='ocrx_word' id='word_1_388' title='bbox 1587 2872 1799 2928; x_wconf 59' lang='grc' dir='ltr'><strong>Ποιητιιί</strong></span> <span class='ocrx_word' id='word_1_389' title='bbox 1834 2871 2042 2926; x_wconf 82' lang='lat' dir='ltr'><strong>nondun</strong></span> 
     </span>
    </p>
   </div>
   <div class='ocr_carea' id='block_1_53' title="bbox 2161 2871 3722 2947">
    <p class='ocr_par' dir='ltr' id='par_1_53' title="bbox 2171 2873 3722 2947">
     <span class='ocr_line' id='line_1_53' title="bbox 2171 2873 3722 2947; baseline 0.005 -23"><span class='ocrx_word' id='word_1_390' title='bbox 2171 2888 2258 2941; x_wconf 85' lang='grc' dir='ltr'><strong>μα</strong></span> <span class='ocrx_word' id='word_1_391' title='bbox 2296 2873 2406 2943; x_wconf 84' lang='grc' dir='ltr'><strong>γὰρ</strong></span> <span class='ocrx_word' id='word_1_392' title='bbox 2445 2876 2595 2931; x_wconf 85' lang='grc' dir='ltr'><strong>Θεοῦ</strong></span> <span class='ocrx_word' id='word_1_393' title='bbox 2620 2876 2950 2947; x_wconf 75' lang='grc' dir='ltr'><strong>ἐπεφέρετο</strong></span> <span class='ocrx_word' id='word_1_394' title='bbox 2970 2878 3172 2932; x_wconf 78' lang='grc' dir='ltr'>ἐπάνω</span> <span class='ocrx_word' id='word_1_395' title='bbox 3210 2878 3317 2933; x_wconf 80' lang='grc' dir='ltr'><strong>τοῦ</strong></span> <span class='ocrx_word' id='word_1_396' title='bbox 3346 2878 3569 2945; x_wconf 82' lang='grc' dir='ltr'>ὕδατος</span> <span class='ocrx_word' id='word_1_397' title='bbox 3591 2893 3607 2910; x_wconf 79' lang='grc' dir='ltr'><strong><em>ο</em></strong></span> <span class='ocrx_word' id='word_1_398' title='bbox 3636 2878 3722 2941; x_wconf 83' lang='grc' dir='ltr'>τοῖς</span> 
     </span>
    </p>
   </div>
   <div class='ocr_carea' id='block_1_54' title="bbox 480 2961 2041 3041">
    <p class='ocr_par' dir='ltr' id='par_1_54' title="bbox 480 2961 2041 3034">
     <span class='ocr_line' id='line_1_54' title="bbox 480 2961 2041 3034; baseline -0.005 -12"><span class='ocrx_word' id='word_1_399' title='bbox 480 2978 692 3023; x_wconf 86' lang='lat' dir='ltr'><strong>certum</strong></span> <span class='ocrx_word' id='word_1_400' title='bbox 727 2969 837 3022; x_wconf 86' lang='lat' dir='ltr'><strong>aeri</strong></span> <span class='ocrx_word' id='word_1_401' title='bbox 892 2976 1087 3022; x_wconf 88' lang='lat' dir='ltr'><strong>nomen</strong></span> <span class='ocrx_word' id='word_1_402' title='bbox 1143 2967 1445 3030; x_wconf 86' lang='lat' dir='ltr'><strong>dedissent,</strong></span> <span class='ocrx_word' id='word_1_403' title='bbox 1495 2965 1577 3019; x_wconf 88' lang='lat' dir='ltr'><strong>vel</strong></span> <span class='ocrx_word' id='word_1_404' title='bbox 1611 2965 1754 3034; x_wconf 90' lang='lat' dir='ltr'><strong>quod</strong></span> <span class='ocrx_word' id='word_1_405' title='bbox 1802 2961 2041 3017; x_wconf 77' lang='lat' dir='ltr'><strong>sntiicere</strong></span> 
     </span>
    </p>
   </div>
   <div class='ocr_carea' id='block_1_55' title="bbox 2175 2961 3736 3041">
    <p class='ocr_par' dir='ltr' id='par_1_55' title="bbox 2176 2961 3736 3041">
     <span class='ocr_line' id='line_1_55' title="bbox 2176 2961 3736 3041; baseline 0.005 -27"><span class='ocrx_word' id='word_1_406' title='bbox 2176 2961 2333 3016; x_wconf 75' lang='grc' dir='ltr'>ὕδασι</span> <span class='ocrx_word' id='word_1_407' title='bbox 2358 2964 2467 3035; x_wconf 81' lang='grc' dir='ltr'><strong>γὰρ</strong></span> <span class='ocrx_word' id='word_1_408' title='bbox 2496 2966 2607 3038; x_wconf 83' lang='grc' dir='ltr'>ἀὴρ</span> <span class='ocrx_word' id='word_1_409' title='bbox 2622 2969 2965 3040; x_wconf 77' lang='grc' dir='ltr'>ἐπινήχεται.</span> <span class='ocrx_word' id='word_1_410' title='bbox 2990 2970 3133 3024; x_wconf 84' lang='grc' dir='ltr'>Δύτὸ</span> <span class='ocrx_word' id='word_1_411' title='bbox 3150 2969 3209 3023; x_wconf 84' lang='grc' dir='ltr'>δὲ</span> <span class='ocrx_word' id='word_1_412' title='bbox 3228 2969 3289 3023; x_wconf 83' lang='grc' dir='ltr'><strong>τὸ</strong></span> <span class='ocrx_word' id='word_1_413' title='bbox 3305 2968 3400 3023; x_wconf 87' lang='grc' dir='ltr'><strong>τοῦ</strong></span> <span class='ocrx_word' id='word_1_414' title='bbox 3425 2969 3585 3041; x_wconf 81' lang='grc' dir='ltr'><em>ἀέρος</em></span> <span class='ocrx_word' id='word_1_415' title='bbox 3604 2968 3736 3037; x_wconf 75' lang='grc' dir='ltr'>ὄνομα</span> 
     </span>
    </p>
   </div>
   <div class='ocr_carea' id='block_1_56' title="bbox 480 3054 2041 3131">
    <p class='ocr_par' dir='ltr' id='par_1_56' title="bbox 480 3054 2041 3130">
     <span class='ocr_line' id='line_1_56' title="bbox 480 3054 2041 3130; baseline -0.006 -15"><span class='ocrx_word' id='word_1_416' title='bbox 480 3060 619 3115; x_wconf 85' lang='lat' dir='ltr'><strong>Mosi</strong></span> <span class='ocrx_word' id='word_1_417' title='bbox 652 3060 917 3116; x_wconf 83' lang='lat' dir='ltr'><strong>vocabulo</strong></span> <span class='ocrx_word' id='word_1_418' title='bbox 958 3077 1111 3126; x_wconf 68' lang='lat' dir='ltr'><strong>aqua:</strong></span> <span class='ocrx_word' id='word_1_419' title='bbox 1146 3071 1439 3130; x_wconf 87' lang='lat' dir='ltr'><strong>utrumque</strong></span> <span class='ocrx_word' id='word_1_420' title='bbox 1487 3060 1771 3114; x_wconf 88' lang='lat' dir='ltr'><strong>denotare.</strong></span> <span class='ocrx_word' id='word_1_421' title='bbox 1822 3054 2041 3122; x_wconf 71' lang='lat' dir='ltr'><strong>Magnam</strong></span> 
     </span>
    </p>
   </div>
   <div class='ocr_carea' id='block_1_57' title="bbox 2174 3054 3735 3131">
    <p class='ocr_par' dir='ltr' id='par_1_57' title="bbox 2174 3054 3735 3131">
     <span class='ocr_line' id='line_1_57' title="bbox 2174 3054 3735 3131; baseline -0.003 -18"><span class='ocrx_word' id='word_1_422' title='bbox 2174 3054 2329 3123; x_wconf 79' lang='grc' dir='ltr'>παρὰ</span> <span class='ocrx_word' id='word_1_423' title='bbox 2348 3059 2414 3127; x_wconf 79' lang='grc' dir='ltr'><strong>τῇ</strong></span> <span class='ocrx_word' id='word_1_424' title='bbox 2444 3058 2729 3124; x_wconf 86' lang='grc' dir='ltr'>Μωῦσέως</span> <span class='ocrx_word' id='word_1_425' title='bbox 2763 3060 2866 3114; x_wconf 88' lang='grc' dir='ltr'><strong>οὐκ</strong></span> <span class='ocrx_word' id='word_1_426' title='bbox 2896 3059 3013 3114; x_wconf 74' lang='grc' dir='ltr'>ἐστι</span> <span class='ocrx_word' id='word_1_427' title='bbox 3040 3061 3250 3131; x_wconf 76' lang='grc' dir='ltr'>γραφῇ,</span> <span class='ocrx_word' id='word_1_428' title='bbox 3275 3059 3310 3131; x_wconf 81' lang='grc' dir='ltr'>ἢ</span> <span class='ocrx_word' id='word_1_429' title='bbox 3342 3061 3520 3131; x_wconf 84' lang='grc' dir='ltr'><strong>μήπω</strong></span> <span class='ocrx_word' id='word_1_430' title='bbox 3548 3056 3735 3127; x_wconf 75' lang='grc' dir='ltr'>ἐχούσης</span> 
     </span>
    </p>
   </div>
   <div class='ocr_carea' id='block_1_58' title="bbox 480 3142 2041 3223">
    <p class='ocr_par' dir='ltr' id='par_1_58' title="bbox 480 3142 2039 3219">
     <span class='ocr_line' id='line_1_58' title="bbox 480 3142 2039 3219; baseline -0.004 -16"><span class='ocrx_word' id='word_1_431' title='bbox 480 3149 630 3204; x_wconf 91' lang='lat' dir='ltr'><strong>enim</strong></span> <span class='ocrx_word' id='word_1_432' title='bbox 655 3165 752 3205; x_wconf 88' lang='lat' dir='ltr'><strong>aer</strong></span> <span class='ocrx_word' id='word_1_433' title='bbox 782 3160 840 3204; x_wconf 89' lang='lat' dir='ltr'><strong>ct</strong></span> <span class='ocrx_word' id='word_1_434' title='bbox 872 3166 1012 3219; x_wconf 83' lang='lat' dir='ltr'><strong>aqua</strong></span> <span class='ocrx_word' id='word_1_435' title='bbox 1061 3150 1502 3205; x_wconf 86' lang='lat' dir='ltr'><strong>communionem</strong></span> <span class='ocrx_word' id='word_1_436' title='bbox 1537 3148 1760 3211; x_wconf 88' lang='lat' dir='ltr'><strong>habent,</strong></span> <span class='ocrx_word' id='word_1_437' title='bbox 1790 3152 1847 3201; x_wconf 88' lang='lat' dir='ltr'><strong>et</strong></span> <span class='ocrx_word' id='word_1_438' title='bbox 1875 3142 2039 3213; x_wconf 64' lang='lat' dir='ltr'><strong>saepiu</strong></span> 
     </span>
    </p>
   </div>
   <div class='ocr_carea' id='block_1_59' title="bbox 2175 3142 3736 3223">
    <p class='ocr_par' dir='ltr' id='par_1_59' title="bbox 2175 3142 3736 3223">
     <span class='ocr_line' id='line_1_59' title="bbox 2175 3142 3736 3223; baseline 0.006 -28"><span class='ocrx_word' id='word_1_439' title='bbox 2175 3142 2297 3197; x_wconf 87' lang='grc' dir='ltr'>τότε</span> <span class='ocrx_word' id='word_1_440' title='bbox 2316 3145 2359 3178; x_wconf 76' lang='grc'><strong>⁷³</strong></span> <span class='ocrx_word' id='word_1_441' title='bbox 2386 3148 2486 3218; x_wconf 85' lang='grc' dir='ltr'><strong>τῆς</strong></span> <span class='ocrx_word' id='word_1_442' title='bbox 2524 3150 2807 3221; x_wconf 77' lang='grc' dir='ltr'><strong>Ἐσραῖδος</strong></span> <span class='ocrx_word' id='word_1_443' title='bbox 2836 3152 3117 3207; x_wconf 82' lang='grc' dir='ltr'><strong>διαλέκτου</strong></span> <span class='ocrx_word' id='word_1_444' title='bbox 3170 3152 3563 3223; x_wconf 79' lang='grc' dir='ltr'>ἀφωρισμένον</span> <span class='ocrx_word' id='word_1_445' title='bbox 3603 3151 3736 3218; x_wconf 74' lang='grc' dir='ltr'>δνομα</span> 
     </span>
    </p>
   </div>
   <div class='ocr_carea' id='block_1_60' title="bbox 480 3223 2041 3318">
    <p class='ocr_par' dir='ltr' id='par_1_60' title="bbox 480 3239 1903 3311">
     <span class='ocr_line' id='line_1_60' title="bbox 480 3239 1903 3311; baseline -0.002 -15"><span class='ocrx_word' id='word_1_446' title='bbox 480 3242 537 3296; x_wconf 89' lang='lat' dir='ltr'><strong>in</strong></span> <span class='ocrx_word' id='word_1_447' title='bbox 562 3244 915 3311; x_wconf 84' lang='lat' dir='ltr'><strong>sequentibus</strong></span> <span class='ocrx_word' id='word_1_448' title='bbox 946 3242 1049 3296; x_wconf 88' lang='lat' dir='ltr'><strong>hoc</strong></span> <span class='ocrx_word' id='word_1_449' title='bbox 1084 3242 1303 3297; x_wconf 89' lang='lat' dir='ltr'><strong>nomine</strong></span> <span class='ocrx_word' id='word_1_450' title='bbox 1345 3244 1412 3296; x_wconf 89' lang='lat' dir='ltr'><strong>de</strong></span> <span class='ocrx_word' id='word_1_451' title='bbox 1440 3250 1674 3311; x_wconf 88' lang='lat' dir='ltr'><strong>utroque</strong></span> <span class='ocrx_word' id='word_1_452' title='bbox 1708 3239 1903 3293; x_wconf 92' lang='lat' dir='ltr'><strong>utitur.</strong></span> 
     </span>
    </p>
   </div>
   <div class='ocr_carea' id='block_1_61' title="bbox 2175 3223 3736 3318">
    <p class='ocr_par' dir='ltr' id='par_1_61' title="bbox 2175 3235 3736 3318">
     <span class='ocr_line' id='line_1_61' title="bbox 2175 3235 3736 3318; baseline -0.01 -11"><span class='ocrx_word' id='word_1_453' title='bbox 2175 3235 2253 3306; x_wconf 72' lang='grc' dir='ltr'><strong>τῷ</strong></span> <span class='ocrx_word' id='word_1_454' title='bbox 2327 3237 2491 3311; x_wconf 80' lang='grc' dir='ltr'>ἀέρι,</span> <span class='ocrx_word' id='word_1_455' title='bbox 2521 3240 2650 3314; x_wconf 76' lang='grc'><strong>[528</strong></span> <span class='ocrx_word' id='word_1_456' title='bbox 2702 3243 2795 3318; x_wconf 74' lang='lat' dir='ltr'><strong>IL]</strong></span> <span class='ocrx_word' id='word_1_457' title='bbox 2854 3244 2888 3317; x_wconf 78' lang='grc' dir='ltr'>ἢ</span> <span class='ocrx_word' id='word_1_458' title='bbox 2932 3245 3278 3317; x_wconf 80' lang='grc' dir='ltr'>ἀρκουμένου</span> <span class='ocrx_word' id='word_1_459' title='bbox 3326 3244 3605 3306; x_wconf 82' lang='grc' dir='ltr'>Μωῦσέως</span> <span class='ocrx_word' id='word_1_460' title='bbox 3671 3240 3736 3293; x_wconf 67' lang='grc' dir='ltr'>διὰ</span> 
     </span>
    </p>
   </div>
   <div class='ocr_carea' id='block_1_62' title="bbox 476 3325 3737 3408">
    <p class='ocr_par' dir='ltr' id='par_1_62' title="bbox 476 3325 3737 3408">
     <span class='ocr_line' id='line_1_62' title="bbox 476 3325 3737 3408; baseline -0.002 -22"><span class='ocrx_word' id='word_1_461' title='bbox 476 3332 579 3387; x_wconf 85' lang='grc' dir='ltr'>τοῦ</span> <span class='ocrx_word' id='word_1_462' title='bbox 610 3334 831 3401; x_wconf 82' lang='grc' dir='ltr'>ὕδατος</span> <span class='ocrx_word' id='word_1_463' title='bbox 856 3337 956 3404; x_wconf 73' lang='grc' dir='ltr'><strong>τῆς</strong></span> <span class='ocrx_word' id='word_1_464' title='bbox 980 3336 1167 3405; x_wconf 78' lang='grc' dir='ltr'>φωνῆς</span> <span class='ocrx_word' id='word_1_465' title='bbox 1196 3334 1365 3404; x_wconf 84' lang='grc' dir='ltr'>ἀμφω</span> <span class='ocrx_word' id='word_1_466' title='bbox 1402 3333 1598 3405; x_wconf 79' lang='grc' dir='ltr'>δηλοῦν</span> <span class='ocrx_word' id='word_1_467' title='bbox 1628 3350 1643 3366; x_wconf 88' lang='grc'><strong>·</strong></span> <span class='ocrx_word' id='word_1_468' title='bbox 1679 3331 1851 3401; x_wconf 78' lang='grc' dir='ltr'>πολλὴ</span> <span class='ocrx_word' id='word_1_469' title='bbox 1896 3330 2005 3401; x_wconf 83' lang='grc' dir='ltr'><strong>γὰρ</strong></span> <span class='ocrx_word' id='word_1_470' title='bbox 2044 3325 2239 3393; x_wconf 79' lang='grc' dir='ltr'>ὓδατος</span> <span class='ocrx_word' id='word_1_471' title='bbox 2281 3332 2381 3387; x_wconf 81' lang='grc' dir='ltr'><strong>καὶ</strong></span> <span class='ocrx_word' id='word_1_472' title='bbox 2416 3334 2581 3408; x_wconf 81' lang='grc' dir='ltr'>ἀέρος</span> <span class='ocrx_word' id='word_1_473' title='bbox 2615 3338 2649 3407; x_wconf 66' lang='grc' dir='ltr'>ἡ</span> <span class='ocrx_word' id='word_1_474' title='bbox 2678 3337 2953 3405; x_wconf 61' lang='grc' dir='ltr'>κοινωνία,</span> <span class='ocrx_word' id='word_1_475' title='bbox 3010 3336 3108 3392; x_wconf 75' lang='grc' dir='ltr'><strong>καὶ</strong></span> <span class='ocrx_word' id='word_1_476' title='bbox 3128 3335 3390 3401; x_wconf 74' lang='grc' dir='ltr'>πολλάκις</span> <span class='ocrx_word' id='word_1_477' title='bbox 3427 3337 3488 3389; x_wconf 68' lang='grc' dir='ltr'>ὲν</span> <span class='ocrx_word' id='word_1_478' title='bbox 3516 3336 3619 3399; x_wconf 81' lang='grc' dir='ltr'>τοῖς</span> <span class='ocrx_word' id='word_1_479' title='bbox 3643 3332 3737 3402; x_wconf 68' lang='grc' dir='ltr'><strong>ἑξῆς</strong></span> 
     </span>
    </p>
   </div>
   <div class='ocr_carea' id='block_1_63' title="bbox 482 3426 1470 3500">
    <p class='ocr_par' dir='ltr' id='par_1_63' title="bbox 482 3426 1470 3500">
     <span class='ocr_line' id='line_1_63' title="bbox 482 3426 1470 3500; baseline -0.003 -17"><span class='ocrx_word' id='word_1_480' title='bbox 482 3430 568 3483; x_wconf 78' lang='grc' dir='ltr'><strong>ἐπ’</strong></span> <span class='ocrx_word' id='word_1_481' title='bbox 595 3429 800 3500; x_wconf 79' lang='grc' dir='ltr'>ἀμφοῖν</span> <span class='ocrx_word' id='word_1_482' title='bbox 820 3428 1089 3500; x_wconf 84' lang='grc' dir='ltr'>κέχρηται</span> <span class='ocrx_word' id='word_1_483' title='bbox 1118 3426 1198 3498; x_wconf 80' lang='grc' dir='ltr'>τῷ</span> <span class='ocrx_word' id='word_1_484' title='bbox 1221 3427 1470 3497; x_wconf 80' lang='grc' dir='ltr'>ὀνόματι.</span> 
     </span>
    </p>
   </div>
   <div class='ocr_carea' id='block_1_64' title="bbox 549 3558 2110 3634">
    <p class='ocr_par' dir='ltr' id='par_1_64' title="bbox 549 3558 2065 3633">
     <span class='ocr_line' id='line_1_64' title="bbox 549 3558 2065 3633; baseline -0.004 -16"><span class='ocrx_word' id='word_1_485' title='bbox 549 3561 727 3618; x_wconf 80' lang='lat' dir='ltr'><strong>Moses</strong></span> <span class='ocrx_word' id='word_1_486' title='bbox 773 3561 1091 3633; x_wconf 87' lang='lat' dir='ltr'><strong>angelorum</strong></span> <span class='ocrx_word' id='word_1_487' title='bbox 1149 3575 1451 3632; x_wconf 90' lang='lat' dir='ltr'><strong>eorumque</strong></span> <span class='ocrx_word' id='word_1_488' title='bbox 1509 3560 1809 3615; x_wconf 88' lang='lat' dir='ltr'><strong>creationis</strong></span> <span class='ocrx_word' id='word_1_489' title='bbox 1861 3558 2065 3614; x_wconf 79' lang='lat' dir='ltr'><strong>nullam</strong></span> 
     </span>
    </p>
   </div>
   <div class='ocr_carea' id='block_1_65' title="bbox 2173 3558 3734 3634">
    <p class='ocr_par' dir='ltr' id='par_1_65' title="bbox 2235 3560 3734 3634">
     <span class='ocr_line' id='line_1_65' title="bbox 2235 3560 3734 3634; baseline -0.002 -19"><span class='ocrx_word' id='word_1_490' title='bbox 2235 3560 2358 3615; x_wconf 87' lang='grc' dir='ltr'>Ὅτι</span> <span class='ocrx_word' id='word_1_491' title='bbox 2373 3562 2503 3626; x_wconf 80' lang='grc' dir='ltr'>τοὺς</span> <span class='ocrx_word' id='word_1_492' title='bbox 2526 3561 2796 3631; x_wconf 74' lang='grc' dir='ltr'>ἀγγέλους</span> <span class='ocrx_word' id='word_1_493' title='bbox 2817 3562 2913 3616; x_wconf 81' lang='grc' dir='ltr'>καὶ</span> <span class='ocrx_word' id='word_1_494' title='bbox 2931 3562 2978 3595; x_wconf 81' lang='grc'><strong>⁸⁸</strong></span> <span class='ocrx_word' id='word_1_495' title='bbox 2998 3560 3250 3634; x_wconf 80' lang='grc' dir='ltr'>μηδαμοῦ</span> <span class='ocrx_word' id='word_1_496' title='bbox 3273 3561 3371 3632; x_wconf 77' lang='grc' dir='ltr'><strong>τῆς</strong></span> <span class='ocrx_word' id='word_1_497' title='bbox 3390 3560 3734 3633; x_wconf 81' lang='grc' dir='ltr'>προαγωγῆς⁷¹</span> 
     </span>
    </p>
   </div>
   <div class='ocr_carea' id='block_1_66' title="bbox 478 3651 2039 3727">
    <p class='ocr_par' dir='ltr' id='par_1_66' title="bbox 478 3651 2039 3721">
     <span class='ocr_line' id='line_1_66' title="bbox 478 3651 2039 3721; baseline -0.003 -13"><span class='ocrx_word' id='word_1_498' title='bbox 478 3652 813 3709; x_wconf 86' lang='lat' dir='ltr'><strong>mentionem</strong></span> <span class='ocrx_word' id='word_1_499' title='bbox 843 3652 992 3719; x_wconf 82' lang='lat' dir='ltr'><strong>facit,</strong></span> <span class='ocrx_word' id='word_1_500' title='bbox 1019 3652 1177 3721; x_wconf 89' lang='lat' dir='ltr'><strong>quasi</strong></span> <span class='ocrx_word' id='word_1_501' title='bbox 1204 3652 1393 3707; x_wconf 89' lang='lat' dir='ltr'><strong>mundi</strong></span> <span class='ocrx_word' id='word_1_502' title='bbox 1420 3651 1721 3705; x_wconf 79' lang='lat' dir='ltr'><strong>historiam</strong></span> <span class='ocrx_word' id='word_1_503' title='bbox 1764 3651 2039 3720; x_wconf 80' lang='lat' dir='ltr'><strong>scripserit</strong></span> 
     </span>
    </p>
   </div>
   <div class='ocr_carea' id='block_1_67' title="bbox 2171 3651 3732 3727">
    <p class='ocr_par' dir='ltr' id='par_1_67' title="bbox 2171 3654 3732 3727">
     <span class='ocr_line' id='line_1_67' title="bbox 2171 3654 3732 3727; baseline -0.001 -18"><span class='ocrx_word' id='word_1_504' title='bbox 2171 3654 2352 3709; x_wconf 86' lang='grc' dir='ltr'>αὐτῶν</span> <span class='ocrx_word' id='word_1_505' title='bbox 2400 3656 2648 3727; x_wconf 70' lang='grc' dir='ltr'>ἐμνήσθη</span> <span class='ocrx_word' id='word_1_506' title='bbox 2708 3655 2939 3725; x_wconf 80' lang='grc' dir='ltr'><strong>Μωσῆς,</strong></span> <span class='ocrx_word' id='word_1_507' title='bbox 2972 3656 3068 3711; x_wconf 82' lang='grc' dir='ltr'><strong>ἀτε</strong></span> <span class='ocrx_word' id='word_1_508' title='bbox 3117 3656 3226 3709; x_wconf 87' lang='grc' dir='ltr'><strong>τῶν</strong></span> <span class='ocrx_word' id='word_1_509' title='bbox 3274 3656 3589 3727; x_wconf 72' lang='grc' dir='ltr'>ἐγκοσμίων</span> <span class='ocrx_word' id='word_1_510' title='bbox 3619 3656 3732 3707; x_wconf 66' lang='lat' dir='ltr'><strong>lato-</strong></span> 
     </span>
    </p>
   </div>
   <div class='ocr_carea' id='block_1_68' title="bbox 478 3740 2039 3817">
    <p class='ocr_par' dir='ltr' id='par_1_68' title="bbox 478 3742 2039 3799">
     <span class='ocr_line' id='line_1_68' title="bbox 478 3742 2039 3799; baseline 0 -2"><span class='ocrx_word' id='word_1_511' title='bbox 478 3742 682 3798; x_wconf 83' lang='lat' dir='ltr'><strong>Vcrum</strong></span> <span class='ocrx_word' id='word_1_512' title='bbox 719 3759 827 3798; x_wconf 92' lang='lat' dir='ltr'><strong>non</strong></span> <span class='ocrx_word' id='word_1_513' title='bbox 852 3751 938 3799; x_wconf 90' lang='lat' dir='ltr'><strong>est</strong></span> <span class='ocrx_word' id='word_1_514' title='bbox 978 3743 1269 3798; x_wconf 90' lang='lat' dir='ltr'><strong>dicendum</strong></span> <span class='ocrx_word' id='word_1_515' title='bbox 1299 3743 1433 3798; x_wconf 85' lang='lat' dir='ltr'><strong>istos</strong></span> <span class='ocrx_word' id='word_1_516' title='bbox 1476 3742 1640 3796; x_wconf 91' lang='lat' dir='ltr'><strong>simul</strong></span> <span class='ocrx_word' id='word_1_517' title='bbox 1673 3742 1951 3797; x_wconf 79' lang='lat' dir='ltr'><strong>exstitisse</strong></span> <span class='ocrx_word' id='word_1_518' title='bbox 1983 3756 2039 3797; x_wconf 76' lang='lat' dir='ltr'><strong>ve</strong></span> 
     </span>
    </p>
   </div>
   <div class='ocr_carea' id='block_1_69' title="bbox 2173 3740 3734 3817">
    <p class='ocr_par' dir='ltr' id='par_1_69' title="bbox 2174 3743 3734 3817">
     <span class='ocr_line' id='line_1_69' title="bbox 2174 3743 3734 3817; baseline -0.001 -18"><span class='ocrx_word' id='word_1_519' title='bbox 2174 3746 2297 3817; x_wconf 90' lang='grc' dir='ltr'>ρίαν</span> <span class='ocrx_word' id='word_1_520' title='bbox 2348 3748 2700 3817; x_wconf 83' lang='grc' dir='ltr'>παραδιδοὺς,</span> <span class='ocrx_word' id='word_1_521' title='bbox 2752 3747 2870 3802; x_wconf 85' lang='grc' dir='ltr'>ἀλλ’</span> <span class='ocrx_word' id='word_1_522' title='bbox 2905 3743 3000 3802; x_wconf 86' lang='grc' dir='ltr'>οῦν</span> <span class='ocrx_word' id='word_1_523' title='bbox 3039 3747 3163 3801; x_wconf 82' lang='grc' dir='ltr'>οὐδὲ</span> <span class='ocrx_word' id='word_1_524' title='bbox 3190 3747 3270 3801; x_wconf 84' lang='grc' dir='ltr'><strong>δεῖ</strong></span> <span class='ocrx_word' id='word_1_525' title='bbox 3316 3747 3505 3817; x_wconf 86' lang='grc' dir='ltr'>λέγειν</span> <span class='ocrx_word' id='word_1_526' title='bbox 3544 3747 3615 3811; x_wconf 85' lang='grc' dir='ltr'><strong>ὡς</strong></span> <span class='ocrx_word' id='word_1_527' title='bbox 3642 3763 3734 3799; x_wconf 75' lang='grc' dir='ltr'>συν-</span> 
     </span>
    </p>
   </div>
   <div class='ocr_carea' id='block_1_70' title="bbox 480 3834 2041 3915">
    <p class='ocr_par' dir='ltr' id='par_1_70' title="bbox 480 3834 2041 3915">
     <span class='ocr_line' id='line_1_70' title="bbox 480 3834 2041 3915; baseline -0.003 -26"><span class='ocrx_word' id='word_1_528' title='bbox 480 3845 604 3905; x_wconf 87' lang='lat' dir='ltr'><strong>post</strong></span> <span class='ocrx_word' id='word_1_529' title='bbox 631 3836 830 3915; x_wconf 69' lang='lat' dir='ltr'><strong>caelum</strong></span> <span class='ocrx_word' id='word_1_530' title='bbox 864 3835 1035 3890; x_wconf 81' lang='lat' dir='ltr'><strong>factos</strong></span> <span class='ocrx_word' id='word_1_531' title='bbox 1066 3849 1207 3899; x_wconf 89' lang='lat' dir='ltr'><strong>esse,</strong></span> <span class='ocrx_word' id='word_1_532' title='bbox 1241 3834 1334 3889; x_wconf 88' lang='lat' dir='ltr'><strong>sed</strong></span> <span class='ocrx_word' id='word_1_533' title='bbox 1368 3844 1570 3901; x_wconf 88' lang='lat' dir='ltr'><strong>antea;</strong></span> <span class='ocrx_word' id='word_1_534' title='bbox 1611 3835 1775 3903; x_wconf 87' lang='lat' dir='ltr'><strong>idque</strong></span> <span class='ocrx_word' id='word_1_535' title='bbox 1811 3850 1842 3890; x_wconf 92' lang='lat' dir='ltr'><strong>e</strong></span> <span class='ocrx_word' id='word_1_536' title='bbox 1884 3848 2041 3889; x_wconf 88' lang='lat' dir='ltr'><strong>rerun</strong></span> 
     </span>
    </p>
   </div>
   <div class='ocr_carea' id='block_1_71' title="bbox 2168 3834 3729 3915">
    <p class='ocr_par' dir='ltr' id='par_1_71' title="bbox 2170 3838 3729 3913">
     <span class='ocr_line' id='line_1_71' title="bbox 2170 3838 3729 3913; baseline -0.001 -22"><span class='ocrx_word' id='word_1_537' title='bbox 2170 3840 2508 3911; x_wconf 83' lang='grc' dir='ltr'>υπέστησαν,</span> <span class='ocrx_word' id='word_1_538' title='bbox 2539 3842 2725 3912; x_wconf 70' lang='grc' dir='ltr'>φησιν,</span> <span class='ocrx_word' id='word_1_539' title='bbox 2750 3841 2784 3913; x_wconf 75' lang='grc' dir='ltr'>ἦ</span> <span class='ocrx_word' id='word_1_540' title='bbox 2813 3842 2910 3898; x_wconf 80' lang='grc' dir='ltr'>καὶ</span> <span class='ocrx_word' id='word_1_541' title='bbox 2943 3840 3171 3912; x_wconf 74' lang='grc' dir='ltr'>ὕστερον</span> <span class='ocrx_word' id='word_1_542' title='bbox 3198 3841 3494 3911; x_wconf 87' lang='grc' dir='ltr'>γεγόνασιν</span> <span class='ocrx_word' id='word_1_543' title='bbox 3514 3838 3729 3911; x_wconf 73' lang='grc' dir='ltr'>οὐρανοῦ,</span> 
     </span>
    </p>
   </div>
   <div class='ocr_carea' id='block_1_72' title="bbox 477 3924 2038 4006">
    <p class='ocr_par' dir='ltr' id='par_1_72' title="bbox 477 3924 2011 3994">
     <span class='ocr_line' id='line_1_72' title="bbox 477 3924 2011 3994; baseline 0.001 -15"><span class='ocrx_word' id='word_1_544' title='bbox 477 3934 702 3991; x_wconf 89' lang='lat' dir='ltr'><strong>natura,</strong></span> <span class='ocrx_word' id='word_1_545' title='bbox 748 3925 1032 3994; x_wconf 84' lang='lat' dir='ltr'><strong>sacrisque</strong></span> <span class='ocrx_word' id='word_1_546' title='bbox 1090 3924 1312 3979; x_wconf 82' lang='lat' dir='ltr'><strong>Litteris</strong></span> <span class='ocrx_word' id='word_1_547' title='bbox 1362 3937 1595 3979; x_wconf 87' lang='lat' dir='ltr'><strong>conatur</strong></span> <span class='ocrx_word' id='word_1_548' title='bbox 1633 3925 2011 3980; x_wconf 85' lang='lat' dir='ltr'><strong>demonstrare</strong></span> 
     </span>
    </p>
   </div>
   <div class='ocr_carea' id='block_1_73' title="bbox 2170 3924 3731 4006">
    <p class='ocr_par' dir='ltr' id='par_1_73' title="bbox 2170 3932 3731 4006">
     <span class='ocr_line' id='line_1_73' title="bbox 2170 3932 3731 4006; baseline -0.003 -22"><span class='ocrx_word' id='word_1_549' title='bbox 2170 3932 2437 4003; x_wconf 75' lang='grc' dir='ltr'>πρότερον</span> <span class='ocrx_word' id='word_1_550' title='bbox 2468 3932 2545 3986; x_wconf 86' lang='grc' dir='ltr'>δέ.</span> <span class='ocrx_word' id='word_1_551' title='bbox 2580 3934 2692 3988; x_wconf 71' lang='grc' dir='ltr'><strong>Καὶ</strong></span> <span class='ocrx_word' id='word_1_552' title='bbox 2723 3933 2883 3988; x_wconf 85' lang='grc' dir='ltr'>τοῦτο</span> <span class='ocrx_word' id='word_1_553' title='bbox 2945 3935 3208 4006; x_wconf 82' lang='grc' dir='ltr'>πειρᾶται</span> <span class='ocrx_word' id='word_1_554' title='bbox 3252 3934 3347 3986; x_wconf 77' lang='grc' dir='ltr'><strong>καὶ</strong></span> <span class='ocrx_word' id='word_1_555' title='bbox 3394 3932 3731 4003; x_wconf 73' lang='grc' dir='ltr'>φυσικώτερον</span> 
     </span>
    </p>
   </div>
   <div class='ocr_carea' id='block_1_74' title="bbox 479 4016 2040 4097">
    <p class='ocr_par' dir='ltr' id='par_1_74' title="bbox 479 4016 2039 4087">
     <span class='ocr_line' id='line_1_74' title="bbox 479 4016 2039 4087; baseline 0.001 -16"><span class='ocrx_word' id='word_1_556' title='bbox 479 4020 796 4087; x_wconf 84' lang='lat' dir='ltr'><strong>depugnans</strong></span> <span class='ocrx_word' id='word_1_557' title='bbox 826 4018 1036 4072; x_wconf 88' lang='lat' dir='ltr'><strong>scilicet</strong></span> <span class='ocrx_word' id='word_1_558' title='bbox 1063 4018 1325 4072; x_wconf 87' lang='lat' dir='ltr'><strong>adversus</strong></span> <span class='ocrx_word' id='word_1_559' title='bbox 1351 4016 1699 4073; x_wconf 83' lang='lat' dir='ltr'><strong>Theodorum</strong></span> <span class='ocrx_word' id='word_1_560' title='bbox 1728 4017 1954 4087; x_wconf 88' lang='lat' dir='ltr'><strong>ejusque</strong></span> <span class='ocrx_word' id='word_1_561' title='bbox 1978 4032 2039 4072; x_wconf 87' lang='lat' dir='ltr'><strong>ra</strong></span> 
     </span>
    </p>
   </div>
   <div class='ocr_carea' id='block_1_75' title="bbox 2170 4016 3731 4097">
    <p class='ocr_par' dir='ltr' id='par_1_75' title="bbox 2170 4020 3731 4097">
     <span class='ocr_line' id='line_1_75' title="bbox 2170 4020 3731 4097; baseline 0.001 -21"><span class='ocrx_word' id='word_1_562' title='bbox 2170 4024 2264 4077; x_wconf 81' lang='grc' dir='ltr'>καὶ</span> <span class='ocrx_word' id='word_1_563' title='bbox 2291 4026 2355 4077; x_wconf 82' lang='grc' dir='ltr'>ὲκ</span> <span class='ocrx_word' id='word_1_564' title='bbox 2376 4024 2485 4077; x_wconf 87' lang='grc' dir='ltr'>τῶν</span> <span class='ocrx_word' id='word_1_565' title='bbox 2512 4024 2673 4080; x_wconf 85' lang='grc' dir='ltr'>θείων</span> <span class='ocrx_word' id='word_1_566' title='bbox 2689 4026 2903 4095; x_wconf 88' lang='grc' dir='ltr'>Λογίων</span> <span class='ocrx_word' id='word_1_567' title='bbox 2934 4026 3319 4097; x_wconf 83' lang='grc' dir='ltr'>παριστάνειν,</span> <span class='ocrx_word' id='word_1_568' title='bbox 3340 4024 3419 4089; x_wconf 84' lang='grc' dir='ltr'><strong>ὡς</strong></span> <span class='ocrx_word' id='word_1_569' title='bbox 3445 4024 3602 4095; x_wconf 78' lang='grc' dir='ltr'>δῆθεν</span> <span class='ocrx_word' id='word_1_570' title='bbox 3630 4020 3731 4091; x_wconf 60' lang='grc' dir='ltr'>πρὸς</span> 
     </span>
    </p>
   </div>
   <div class='ocr_carea' id='block_1_76' title="bbox 482 4108 2043 4194">
    <p class='ocr_par' dir='ltr' id='par_1_76' title="bbox 482 4108 2043 4179">
     <span class='ocr_line' id='line_1_76' title="bbox 482 4108 2043 4179; baseline 0.003 -17"><span class='ocrx_word' id='word_1_571' title='bbox 482 4110 680 4173; x_wconf 84' lang='lat' dir='ltr'><strong>tiones,</strong></span> <span class='ocrx_word' id='word_1_572' title='bbox 712 4108 909 4179; x_wconf 86' lang='lat' dir='ltr'><strong>quibus</strong></span> <span class='ocrx_word' id='word_1_573' title='bbox 942 4109 1164 4179; x_wconf 88' lang='lat' dir='ltr'><strong>angelos</strong></span> <span class='ocrx_word' id='word_1_574' title='bbox 1211 4125 1315 4164; x_wconf 89' lang='lat' dir='ltr'><strong>una</strong></span> <span class='ocrx_word' id='word_1_575' title='bbox 1366 4125 1492 4164; x_wconf 91' lang='lat' dir='ltr'><strong>cum</strong></span> <span class='ocrx_word' id='word_1_576' title='bbox 1545 4110 1698 4166; x_wconf 73' lang='lat' dir='ltr'><strong>ctelis</strong></span> <span class='ocrx_word' id='word_1_577' title='bbox 1728 4110 1899 4167; x_wconf 81' lang='lat' dir='ltr'><strong>factos</strong></span> <span class='ocrx_word' id='word_1_578' title='bbox 1946 4126 2043 4166; x_wconf 65' lang='lat' dir='ltr'><strong>ess</strong></span> 
     </span>
    </p>
   </div>
   <div class='ocr_carea' id='block_1_77' title="bbox 2167 4108 3728 4194">
    <p class='ocr_par' dir='ltr' id='par_1_77' title="bbox 2167 4110 3728 4194">
     <span class='ocr_line' id='line_1_77' title="bbox 2167 4110 3728 4194; baseline -0.006 -23"><span class='ocrx_word' id='word_1_579' title='bbox 2167 4119 2446 4190; x_wconf 77' lang='grc' dir='ltr'>Θεόδωρον</span> <span class='ocrx_word' id='word_1_580' title='bbox 2468 4118 2594 4194; x_wconf 83' lang='grc'>[996</span> <span class='ocrx_word' id='word_1_581' title='bbox 2616 4118 2710 4192; x_wconf 82' lang='lat' dir='ltr'><strong>R.]</strong></span> <span class='ocrx_word' id='word_1_582' title='bbox 2734 4118 3177 4191; x_wconf 81' lang='grc' dir='ltr'>ἀπομαχόμενος,</span> <span class='ocrx_word' id='word_1_583' title='bbox 3202 4115 3421 4181; x_wconf 77' lang='grc' dir='ltr'>καὶτὰς</span> <span class='ocrx_word' id='word_1_584' title='bbox 3450 4115 3581 4188; x_wconf 85' lang='grc' dir='ltr'>παρ’</span> <span class='ocrx_word' id='word_1_585' title='bbox 3600 4110 3728 4167; x_wconf 80' lang='grc' dir='ltr'>αὐτοῦ</span> 
     </span>
    </p>
   </div>
   <div class='ocr_carea' id='block_1_78' title="bbox 480 4199 2041 4283">
    <p class='ocr_par' dir='ltr' id='par_1_78' title="bbox 480 4199 2041 4271">
     <span class='ocr_line' id='line_1_78' title="bbox 480 4199 2041 4271; baseline 0.004 -18"><span class='ocrx_word' id='word_1_586' title='bbox 480 4201 711 4265; x_wconf 85' lang='lat' dir='ltr'><strong>asserit,</strong></span> <span class='ocrx_word' id='word_1_587' title='bbox 761 4211 817 4256; x_wconf 90' lang='lat' dir='ltr'><strong>et</strong></span> <span class='ocrx_word' id='word_1_588' title='bbox 867 4214 1122 4271; x_wconf 89' lang='lat' dir='ltr'><strong>magnum</strong></span> <span class='ocrx_word' id='word_1_589' title='bbox 1164 4199 1428 4256; x_wconf 79' lang='lat' dir='ltr'><strong>Basiliam</strong></span> <span class='ocrx_word' id='word_1_590' title='bbox 1482 4203 1727 4271; x_wconf 88' lang='lat' dir='ltr'><strong>ejusdem</strong></span> <span class='ocrx_word' id='word_1_591' title='bbox 1781 4206 2041 4260; x_wconf 83' lang='lat' dir='ltr'><strong>sententia</strong></span> 
     </span>
    </p>
   </div>
   <div class='ocr_carea' id='block_1_79' title="bbox 2167 4199 3728 4283">
    <p class='ocr_par' dir='ltr' id='par_1_79' title="bbox 2169 4208 3728 4283">
     <span class='ocr_line' id='line_1_79' title="bbox 2169 4208 3728 4283; baseline -0.004 -18"><span class='ocrx_word' id='word_1_592' title='bbox 2169 4212 2543 4283; x_wconf 77' lang='grc' dir='ltr'>κομιζομένας</span> <span class='ocrx_word' id='word_1_593' title='bbox 2598 4211 2905 4278; x_wconf 81' lang='grc' dir='ltr'>ἀποδείξεις</span> <span class='ocrx_word' id='word_1_594' title='bbox 2932 4213 3015 4265; x_wconf 85' lang='grc' dir='ltr'><strong>ὅτι</strong></span> <span class='ocrx_word' id='word_1_595' title='bbox 3064 4212 3162 4265; x_wconf 81' lang='grc' dir='ltr'><strong>σὺν</strong></span> <span class='ocrx_word' id='word_1_596' title='bbox 3208 4210 3428 4282; x_wconf 84' lang='grc' dir='ltr'>οὐρανῷ</span> <span class='ocrx_word' id='word_1_597' title='bbox 3477 4208 3728 4280; x_wconf 78' lang='grc' dir='ltr'>γεγόνασιν</span> 
     </span>
    </p>
   </div>
   <div class='ocr_carea' id='block_1_80' title="bbox 476 4290 2037 4373">
    <p class='ocr_par' dir='ltr' id='par_1_80' title="bbox 476 4290 2037 4362">
     <span class='ocr_line' id='line_1_80' title="bbox 476 4290 2037 4362; baseline 0.005 -19"><span class='ocrx_word' id='word_1_598' title='bbox 476 4290 778 4356; x_wconf 87' lang='lat' dir='ltr'><strong>adducens,</strong></span> <span class='ocrx_word' id='word_1_599' title='bbox 809 4306 909 4362; x_wconf 90' lang='lat' dir='ltr'><strong>pro</strong></span> <span class='ocrx_word' id='word_1_600' title='bbox 943 4306 1051 4362; x_wconf 91' lang='lat' dir='ltr'><strong>quo</strong></span> <span class='ocrx_word' id='word_1_601' title='bbox 1076 4291 1241 4346; x_wconf 88' lang='lat' dir='ltr'><strong>etiam</strong></span> <span class='ocrx_word' id='word_1_602' title='bbox 1273 4293 1490 4349; x_wconf 86' lang='lat' dir='ltr'><strong>videtur</strong></span> <span class='ocrx_word' id='word_1_603' title='bbox 1521 4295 1935 4352; x_wconf 83' lang='lat' dir='ltr'><strong>decertandum.</strong></span> <span class='ocrx_word' id='word_1_604' title='bbox 1967 4296 2037 4351; x_wconf 73' lang='lat' dir='ltr'><strong>Re</strong></span> 
     </span>
    </p>
   </div>
   <div class='ocr_carea' id='block_1_81' title="bbox 2168 4290 3729 4373">
    <p class='ocr_par' dir='ltr' id='par_1_81' title="bbox 2168 4300 3729 4373">
     <span class='ocr_line' id='line_1_81' title="bbox 2168 4300 3729 4373; baseline -0.006 -18"><span class='ocrx_word' id='word_1_605' title='bbox 2168 4302 2705 4373; x_wconf 81' lang='grc' dir='ltr'>ἀνασκευαζόμενος,</span> <span class='ocrx_word' id='word_1_606' title='bbox 2737 4303 2831 4357; x_wconf 73' lang='grc' dir='ltr'>καὶ</span> <span class='ocrx_word' id='word_1_607' title='bbox 2866 4301 3160 4372; x_wconf 82' lang='grc' dir='ltr'>σύμφωνον</span> <span class='ocrx_word' id='word_1_608' title='bbox 3187 4302 3278 4355; x_wconf 82' lang='grc' dir='ltr'><strong>τὸν</strong></span> <span class='ocrx_word' id='word_1_609' title='bbox 3303 4300 3482 4371; x_wconf 82' lang='grc' dir='ltr'>μέγαν</span> <span class='ocrx_word' id='word_1_610' title='bbox 3514 4301 3729 4365; x_wconf 77' lang='grc' dir='ltr'>ἐπικομι-</span> 
     </span>
    </p>
   </div>
   <div class='ocr_carea' id='block_1_82' title="bbox 475 4384 2036 4466">
    <p class='ocr_par' dir='ltr' id='par_1_82' title="bbox 475 4384 2034 4458">
     <span class='ocr_line' id='line_1_82' title="bbox 475 4384 2034 4458; baseline 0.003 -20"><span class='ocrx_word' id='word_1_611' title='bbox 475 4397 708 4438; x_wconf 77' lang='lat' dir='ltr'><strong>censetis</strong></span> <span class='ocrx_word' id='word_1_612' title='bbox 741 4384 909 4455; x_wconf 80' lang='lat' dir='ltr'><strong>igitur</strong></span> <span class='ocrx_word' id='word_1_613' title='bbox 954 4385 1271 4439; x_wconf 88' lang='lat' dir='ltr'><strong>summatim</strong></span> <span class='ocrx_word' id='word_1_614' title='bbox 1313 4385 1830 4455; x_wconf 87' lang='lat' dir='ltr'><strong>demonstrationes,</strong></span> <span class='ocrx_word' id='word_1_615' title='bbox 1864 4389 2034 4458; x_wconf 88' lang='lat' dir='ltr'><strong>quibu</strong></span> 
     </span>
    </p>
   </div>
   <div class='ocr_carea' id='block_1_83' title="bbox 2168 4384 3729 4466">
    <p class='ocr_par' dir='ltr' id='par_1_83' title="bbox 2169 4388 3729 4466">
     <span class='ocr_line' id='line_1_83' title="bbox 2169 4388 3729 4466; baseline -0.004 -18"><span class='ocrx_word' id='word_1_616' title='bbox 2169 4393 2397 4465; x_wconf 80' lang='grc' dir='ltr'>ζόμενος</span> <span class='ocrx_word' id='word_1_617' title='bbox 2423 4395 2726 4460; x_wconf 86' lang='grc' dir='ltr'>Βασίλειον,</span> <span class='ocrx_word' id='word_1_618' title='bbox 2754 4396 2895 4465; x_wconf 76' lang='grc' dir='ltr'>ὑπὲρ</span> <span class='ocrx_word' id='word_1_619' title='bbox 2911 4388 2972 4449; x_wconf 77' lang='grc' dir='ltr'><strong>οὗ</strong></span> <span class='ocrx_word' id='word_1_620' title='bbox 2998 4394 3091 4448; x_wconf 66' lang='lat' dir='ltr'><strong>xui.</strong></span> <span class='ocrx_word' id='word_1_621' title='bbox 3112 4394 3261 4448; x_wconf 87' lang='grc' dir='ltr'><strong>δοκεί</strong></span> <span class='ocrx_word' id='word_1_622' title='bbox 3287 4393 3551 4466; x_wconf 79' lang='grc' dir='ltr'>Θεοδώρῳ</span> <span class='ocrx_word' id='word_1_623' title='bbox 3570 4389 3729 4460; x_wconf 77' lang='grc' dir='ltr'>διαμά-</span> 
     </span>
    </p>
   </div>
   <div class='ocr_carea' id='block_1_84' title="bbox 477 4471 2038 4558">
    <p class='ocr_par' dir='ltr' id='par_1_84' title="bbox 477 4473 2038 4549">
     <span class='ocr_line' id='line_1_84' title="bbox 477 4473 2038 4549; baseline 0.004 -22"><span class='ocrx_word' id='word_1_624' title='bbox 477 4473 572 4530; x_wconf 86' lang='lat' dir='ltr'><strong>ille</strong></span> <span class='ocrx_word' id='word_1_625' title='bbox 604 4475 823 4544; x_wconf 89' lang='lat' dir='ltr'><strong>angelos</strong></span> <span class='ocrx_word' id='word_1_626' title='bbox 853 4491 976 4529; x_wconf 89' lang='lat' dir='ltr'><strong>cum</strong></span> <span class='ocrx_word' id='word_1_627' title='bbox 1020 4478 1224 4532; x_wconf 90' lang='lat' dir='ltr'><strong>mundo</strong></span> <span class='ocrx_word' id='word_1_628' title='bbox 1251 4493 1356 4533; x_wconf 90' lang='lat' dir='ltr'><strong>non</strong></span> <span class='ocrx_word' id='word_1_629' title='bbox 1402 4478 1564 4534; x_wconf 90' lang='lat' dir='ltr'><strong>simul</strong></span> <span class='ocrx_word' id='word_1_630' title='bbox 1592 4490 1812 4534; x_wconf 83' lang='lat' dir='ltr'><strong>creatos</strong></span> <span class='ocrx_word' id='word_1_631' title='bbox 1842 4480 2038 4549; x_wconf 81' lang='lat' dir='ltr'><strong>probat</strong></span> 
     </span>
    </p>
   </div>
   <div class='ocr_carea' id='block_1_85' title="bbox 2168 4471 3729 4558">
    <p class='ocr_par' dir='ltr' id='par_1_85' title="bbox 2168 4471 3729 4558">
     <span class='ocr_line' id='line_1_85' title="bbox 2168 4471 3729 4558; baseline -0.006 -17"><span class='ocrx_word' id='word_1_632' title='bbox 2168 4488 2384 4558; x_wconf 78' lang='grc' dir='ltr'>χεσθαι.</span> <span class='ocrx_word' id='word_1_633' title='bbox 2402 4486 3001 4558; x_wconf 83' lang='grc' dir='ltr'>Ἀνακεφαλαιούμενος</span> <span class='ocrx_word' id='word_1_634' title='bbox 3026 4480 3119 4540; x_wconf 80' lang='grc' dir='ltr'><strong>οῦν</strong></span> <span class='ocrx_word' id='word_1_635' title='bbox 3143 4484 3241 4548; x_wconf 80' lang='grc' dir='ltr'><strong>τὰς</strong></span> <span class='ocrx_word' id='word_1_636' title='bbox 3266 4484 3570 4551; x_wconf 81' lang='grc' dir='ltr'>ἀποδείξεις</span> <span class='ocrx_word' id='word_1_637' title='bbox 3590 4480 3649 4535; x_wconf 86' lang='grc' dir='ltr'>δι’</span> <span class='ocrx_word' id='word_1_638' title='bbox 3676 4471 3729 4531; x_wconf 76' lang='grc' dir='ltr'>ὧν</span> 
     </span>
    </p>
   </div>
   <div class='ocr_carea' id='block_1_86' title="bbox 473 4566 2034 4651">
    <p class='ocr_par' dir='ltr' id='par_1_86' title="bbox 473 4566 2033 4641">
     <span class='ocr_line' id='line_1_86' title="bbox 473 4566 2033 4641; baseline 0.003 -22"><span class='ocrx_word' id='word_1_639' title='bbox 473 4566 657 4621; x_wconf 78' lang='lat' dir='ltr'><strong>addit:</strong></span> <span class='ocrx_word' id='word_1_640' title='bbox 689 4566 820 4621; x_wconf 86' lang='lat' dir='ltr'><strong>Vide</strong></span> <span class='ocrx_word' id='word_1_641' title='bbox 855 4568 1074 4624; x_wconf 90' lang='lat' dir='ltr'><strong>tandem</strong></span> <span class='ocrx_word' id='word_1_642' title='bbox 1101 4584 1167 4623; x_wconf 82' lang='lat' dir='ltr'><strong>ex</strong></span> <span class='ocrx_word' id='word_1_643' title='bbox 1201 4570 1398 4641; x_wconf 89' lang='lat' dir='ltr'><strong>quibus</strong></span> <span class='ocrx_word' id='word_1_644' title='bbox 1434 4571 1674 4627; x_wconf 72' lang='lat' dir='ltr'><strong>cmlestis</strong></span> <span class='ocrx_word' id='word_1_645' title='bbox 1697 4588 1885 4627; x_wconf 90' lang='lat' dir='ltr'><strong>eorum</strong></span> <span class='ocrx_word' id='word_1_646' title='bbox 1911 4582 2033 4625; x_wconf 88' lang='lat' dir='ltr'><strong>ortu</strong></span> 
     </span>
    </p>
   </div>
   <div class='ocr_carea' id='block_1_87' title="bbox 2166 4566 3727 4651">
    <p class='ocr_par' dir='ltr' id='par_1_87' title="bbox 2168 4570 3727 4651">
     <span class='ocr_line' id='line_1_87' title="bbox 2168 4570 3727 4651; baseline -0.005 -20"><span class='ocrx_word' id='word_1_647' title='bbox 2168 4579 2293 4643; x_wconf 84' lang='grc' dir='ltr'>τοὺς</span> <span class='ocrx_word' id='word_1_648' title='bbox 2319 4579 2586 4648; x_wconf 85' lang='grc' dir='ltr'>ἀγγέλους</span> <span class='ocrx_word' id='word_1_649' title='bbox 2613 4578 2691 4651; x_wconf 79' lang='grc' dir='ltr'>μὴ</span> <span class='ocrx_word' id='word_1_650' title='bbox 2716 4577 3123 4649; x_wconf 58' lang='grc' dir='ltr'>συνυποστῗμαι</span> <span class='ocrx_word' id='word_1_651' title='bbox 3154 4576 3235 4648; x_wconf 85' lang='grc' dir='ltr'><strong>τῷ</strong></span> <span class='ocrx_word' id='word_1_652' title='bbox 3265 4576 3462 4647; x_wconf 83' lang='grc' dir='ltr'>κόσμῳ</span> <span class='ocrx_word' id='word_1_653' title='bbox 3502 4570 3727 4644; x_wconf 80' lang='grc' dir='ltr'>παριστά-</span> 
     </span>
    </p>
   </div>
   <div class='ocr_carea' id='block_1_88' title="bbox 475 4657 2036 4742">
    <p class='ocr_par' dir='ltr' id='par_1_88' title="bbox 475 4657 2036 4732">
     <span class='ocr_line' id='line_1_88' title="bbox 475 4657 2036 4732; baseline 0.001 -21"><span class='ocrx_word' id='word_1_654' title='bbox 475 4665 710 4713; x_wconf 86' lang='lat' dir='ltr'><strong>constet.</strong></span> <span class='ocrx_word' id='word_1_655' title='bbox 739 4657 943 4726; x_wconf 84' lang='lat' dir='ltr'><strong>Primo,</strong></span> <span class='ocrx_word' id='word_1_656' title='bbox 972 4659 1113 4729; x_wconf 90' lang='lat' dir='ltr'><strong>quod</strong></span> <span class='ocrx_word' id='word_1_657' title='bbox 1142 4675 1242 4716; x_wconf 91' lang='lat' dir='ltr'><strong>nec</strong></span> <span class='ocrx_word' id='word_1_658' title='bbox 1269 4660 1470 4727; x_wconf 81' lang='lat' dir='ltr'><strong>Moses,</strong></span> <span class='ocrx_word' id='word_1_659' title='bbox 1512 4677 1611 4717; x_wconf 91' lang='lat' dir='ltr'><strong>nec</strong></span> <span class='ocrx_word' id='word_1_660' title='bbox 1641 4662 1745 4716; x_wconf 83' lang='lat' dir='ltr'><strong>alia</strong></span> <span class='ocrx_word' id='word_1_661' title='bbox 1779 4662 1995 4732; x_wconf 86' lang='lat' dir='ltr'><strong>Scriptu</strong></span> <span class='ocrx_word' id='word_1_662' title='bbox 2007 4678 2036 4715; x_wconf 86' lang='lat' dir='ltr'><strong>r:</strong></span> 
     </span>
    </p>
   </div>
   <div class='ocr_carea' id='block_1_89' title="bbox 2167 4657 3728 4742">
    <p class='ocr_par' dir='ltr' id='par_1_89' title="bbox 2170 4666 3728 4742">
     <span class='ocr_line' id='line_1_89' title="bbox 2170 4666 3728 4742; baseline -0.004 -19"><span class='ocrx_word' id='word_1_663' title='bbox 2170 4687 2283 4723; x_wconf 89' lang='grc' dir='ltr'>νειν</span> <span class='ocrx_word' id='word_1_664' title='bbox 2310 4671 2606 4741; x_wconf 78' lang='grc' dir='ltr'>ἠγώνιστο,</span> <span class='ocrx_word' id='word_1_665' title='bbox 2630 4672 2786 4742; x_wconf 74' lang='grc' dir='ltr'>φησὶ,</span> <span class='ocrx_word' id='word_1_666' title='bbox 2820 4671 3044 4725; x_wconf 76' lang='grc' dir='ltr'>Σκόπει</span> <span class='ocrx_word' id='word_1_667' title='bbox 3088 4671 3299 4725; x_wconf 79' lang='grc' dir='ltr'>τοίνυν</span> <span class='ocrx_word' id='word_1_668' title='bbox 3318 4669 3387 4723; x_wconf 82' lang='grc' dir='ltr'>ἐκ</span> <span class='ocrx_word' id='word_1_669' title='bbox 3426 4669 3630 4723; x_wconf 83' lang='grc' dir='ltr'>πόσων</span> <span class='ocrx_word' id='word_1_670' title='bbox 3655 4666 3728 4719; x_wconf 75' lang='lat' dir='ltr'><strong>ati-</strong></span> 
     </span>
    </p>
   </div>
   <div class='ocr_carea' id='block_1_90' title="bbox 474 4750 2035 4848">
    <p class='ocr_par' dir='ltr' id='par_1_90' title="bbox 474 4750 2035 4826">
     <span class='ocr_line' id='line_1_90' title="bbox 474 4750 2035 4826; baseline 0.002 -22"><span class='ocrx_word' id='word_1_671' title='bbox 474 4762 633 4804; x_wconf 82' lang='lat' dir='ltr'><strong>sacra</strong></span> <span class='ocrx_word' id='word_1_672' title='bbox 671 4750 804 4805; x_wconf 88' lang='lat' dir='ltr'><strong>dicit</strong></span> <span class='ocrx_word' id='word_1_673' title='bbox 848 4767 973 4806; x_wconf 90' lang='lat' dir='ltr'><strong>cum</strong></span> <span class='ocrx_word' id='word_1_674' title='bbox 1022 4755 1161 4809; x_wconf 68' lang='lat' dir='ltr'><strong>caelo</strong></span> <span class='ocrx_word' id='word_1_675' title='bbox 1211 4754 1388 4809; x_wconf 80' lang='lat' dir='ltr'><strong>factos</strong></span> <span class='ocrx_word' id='word_1_676' title='bbox 1421 4770 1563 4811; x_wconf 90' lang='lat' dir='ltr'><strong>esse.</strong></span> <span class='ocrx_word' id='word_1_677' title='bbox 1610 4755 1865 4810; x_wconf 89' lang='lat' dir='ltr'><strong>Secundo</strong></span> <span class='ocrx_word' id='word_1_678' title='bbox 1909 4770 2035 4826; x_wconf 76' lang='lat' dir='ltr'><strong>quot</strong></span> 
     </span>
    </p>
   </div>
   <div class='ocr_carea' id='block_1_91' title="bbox 2165 4750 3726 4848">
    <p class='ocr_par' dir='ltr' id='par_1_91' title="bbox 2168 4753 3726 4835">
     <span class='ocr_line' id='line_1_91' title="bbox 2168 4753 3726 4835; baseline -0.006 -18"><span class='ocrx_word' id='word_1_679' title='bbox 2168 4763 2289 4817; x_wconf 84' lang='grc' dir='ltr'><strong>τῶν</strong></span> <span class='ocrx_word' id='word_1_680' title='bbox 2311 4764 2351 4833; x_wconf 80' lang='grc' dir='ltr'><strong><em>ή</em></strong></span> <span class='ocrx_word' id='word_1_681' title='bbox 2407 4766 2814 4835; x_wconf 80' lang='grc' dir='ltr'>ὑπερκόσμιος</span> <span class='ocrx_word' id='word_1_682' title='bbox 2875 4762 3178 4833; x_wconf 79' lang='grc' dir='ltr'>συνῆκται</span> <span class='ocrx_word' id='word_1_683' title='bbox 3231 4762 3493 4833; x_wconf 77' lang='grc' dir='ltr'>γένεσις.</span> <span class='ocrx_word' id='word_1_684' title='bbox 3540 4761 3603 4814; x_wconf 76' lang='grc' dir='ltr'>ἐκ</span> <span class='ocrx_word' id='word_1_685' title='bbox 3648 4753 3726 4810; x_wconf 82' lang='grc' dir='ltr'>τοῦ</span> 
     </span>
    </p>
   </div>
   <div class='ocr_carea' id='block_1_92' title="bbox 475 4842 2036 4928">
    <p class='ocr_par' dir='ltr' id='par_1_92' title="bbox 475 4842 2036 4917">
     <span class='ocr_line' id='line_1_92' title="bbox 475 4842 2036 4917; baseline 0.004 -22"><span class='ocrx_word' id='word_1_686' title='bbox 475 4855 584 4895; x_wconf 90' lang='lat' dir='ltr'><strong>non</strong></span> <span class='ocrx_word' id='word_1_687' title='bbox 604 4842 715 4897; x_wconf 89' lang='lat' dir='ltr'><strong>sint</strong></span> <span class='ocrx_word' id='word_1_688' title='bbox 732 4859 983 4914; x_wconf 85' lang='lat' dir='ltr'><strong>corpora,</strong></span> <span class='ocrx_word' id='word_1_689' title='bbox 1003 4860 1104 4901; x_wconf 88' lang='lat' dir='ltr'><strong>nec</strong></span> <span class='ocrx_word' id='word_1_690' title='bbox 1130 4849 1452 4917; x_wconf 88' lang='lat' dir='ltr'><strong>corporibus</strong></span> <span class='ocrx_word' id='word_1_691' title='bbox 1481 4848 1757 4917; x_wconf 82' lang='lat' dir='ltr'><strong>organicis</strong></span> <span class='ocrx_word' id='word_1_692' title='bbox 1792 4858 1850 4902; x_wconf 93' lang='lat' dir='ltr'><strong>ut</strong></span> <span class='ocrx_word' id='word_1_693' title='bbox 1873 4850 2036 4902; x_wconf 83' lang='lat' dir='ltr'><strong>anim:</strong></span> 
     </span>
    </p>
   </div>
   <div class='ocr_carea' id='block_1_93' title="bbox 2164 4842 3725 4928">
    <p class='ocr_par' dir='ltr' id='par_1_93' title="bbox 2166 4849 3725 4928">
     <span class='ocr_line' id='line_1_93' title="bbox 2166 4849 3725 4928; baseline 0 -18"><span class='ocrx_word' id='word_1_694' title='bbox 2166 4856 2322 4927; x_wconf 82' lang='grc' dir='ltr'>μήτε</span> <span class='ocrx_word' id='word_1_695' title='bbox 2372 4857 2593 4913; x_wconf 80' lang='grc' dir='ltr'>Μωσέα</span> <span class='ocrx_word' id='word_1_696' title='bbox 2635 4857 2775 4928; x_wconf 81' lang='grc' dir='ltr'>μήτ’</span> <span class='ocrx_word' id='word_1_697' title='bbox 2814 4856 3016 4927; x_wconf 71' lang='grc' dir='ltr'>ἄλλην</span> <span class='ocrx_word' id='word_1_698' title='bbox 3063 4858 3480 4913; x_wconf 80' lang='grc' dir='ltr'>θεόπνευστον</span> <span class='ocrx_word' id='word_1_699' title='bbox 3508 4849 3725 4923; x_wconf 68' lang='grc' dir='ltr'><strong>Γραφὴν</strong></span> 
     </span>
    </p>
   </div>
   <div class='ocr_carea' id='block_1_94' title="bbox 473 4936 2034 5021">
    <p class='ocr_par' dir='ltr' id='par_1_94' title="bbox 473 4936 2026 5013">
     <span class='ocr_line' id='line_1_94' title="bbox 473 4936 2026 5013; baseline 0.004 -24"><span class='ocrx_word' id='word_1_700' title='bbox 473 4944 663 5005; x_wconf 87' lang='lat' dir='ltr'><strong>postea</strong></span> <span class='ocrx_word' id='word_1_701' title='bbox 704 4936 889 4991; x_wconf 85' lang='lat' dir='ltr'><strong>vincti.</strong></span> <span class='ocrx_word' id='word_1_702' title='bbox 932 4936 1142 5005; x_wconf 91' lang='lat' dir='ltr'><strong>Tertio,</strong></span> <span class='ocrx_word' id='word_1_703' title='bbox 1193 4955 1225 4994; x_wconf 92' lang='lat' dir='ltr'><strong>e</strong></span> <span class='ocrx_word' id='word_1_704' title='bbox 1274 4939 1486 4996; x_wconf 66' lang='lat' dir='ltr'><strong>caelesti</strong></span> <span class='ocrx_word' id='word_1_705' title='bbox 1539 4956 1730 4996; x_wconf 89' lang='lat' dir='ltr'><strong>eorum</strong></span> <span class='ocrx_word' id='word_1_706' title='bbox 1785 4942 2026 5013; x_wconf 88' lang='lat' dir='ltr'><strong>potentia</strong></span> 
     </span>
    </p>
   </div>
   <div class='ocr_carea' id='block_1_95' title="bbox 2162 4936 3723 5021">
    <p class='ocr_par' dir='ltr' id='par_1_95' title="bbox 2170 4939 3723 5021">
     <span class='ocr_line' id='line_1_95' title="bbox 2170 4939 3723 5021; baseline -0.017 -1"><span class='ocrx_word' id='word_1_707' title='bbox 2170 4949 2292 5019; x_wconf 73' lang='grc' dir='ltr'><strong>ἅμα</strong></span> <span class='ocrx_word' id='word_1_708' title='bbox 2321 4949 2402 5016; x_wconf 78' lang='grc' dir='ltr'><strong>τῷ</strong></span> <span class='ocrx_word' id='word_1_709' title='bbox 2436 4952 2644 5021; x_wconf 81' lang='grc' dir='ltr'><em>κόσμῳ</em></span> <span class='ocrx_word' id='word_1_710' title='bbox 2684 4949 2996 5021; x_wconf 73' lang='grc' dir='ltr'>γεγονέναι</span> <span class='ocrx_word' id='word_1_711' title='bbox 3040 4949 3266 5015; x_wconf 85' lang='grc' dir='ltr'>αὐτοὺς</span> <span class='ocrx_word' id='word_1_712' title='bbox 3306 4946 3519 5012; x_wconf 76' lang='grc' dir='ltr'>εἰπεῖν,</span> <span class='ocrx_word' id='word_1_713' title='bbox 3543 4947 3607 5000; x_wconf 78' lang='grc' dir='ltr'>ἐκ</span> <span class='ocrx_word' id='word_1_714' title='bbox 3645 4939 3723 4995; x_wconf 80' lang='grc' dir='ltr'>τοῦ</span> 
     </span>
    </p>
   </div>
   <div class='ocr_carea' id='block_1_96' title="bbox 473 5026 2034 5113">
    <p class='ocr_par' dir='ltr' id='par_1_96' title="bbox 473 5026 2034 5105">
     <span class='ocr_line' id='line_1_96' title="bbox 473 5026 2034 5105; baseline 0.004 -25"><span class='ocrx_word' id='word_1_715' title='bbox 473 5026 702 5094; x_wconf 76' lang='lat' dir='ltr'><strong>Quarto,</strong></span> <span class='ocrx_word' id='word_1_716' title='bbox 753 5029 896 5097; x_wconf 88' lang='lat' dir='ltr'><strong>quod</strong></span> <span class='ocrx_word' id='word_1_717' title='bbox 948 5029 1115 5085; x_wconf 92' lang='lat' dir='ltr'><strong>Deum</strong></span> <span class='ocrx_word' id='word_1_718' title='bbox 1164 5032 1384 5087; x_wconf 86' lang='lat' dir='ltr'><strong>assidue</strong></span> <span class='ocrx_word' id='word_1_719' title='bbox 1412 5032 1671 5101; x_wconf 88' lang='lat' dir='ltr'><strong>videant;</strong></span> <span class='ocrx_word' id='word_1_720' title='bbox 1704 5035 1904 5105; x_wconf 83' lang='lat' dir='ltr'><strong>quibus</strong></span> <span class='ocrx_word' id='word_1_721' title='bbox 1929 5050 2034 5089; x_wconf 32' lang='lat' dir='ltr'><strong>om‘</strong></span> 
     </span>
    </p>
   </div>
   <div class='ocr_carea' id='block_1_97' title="bbox 2162 5026 3723 5113">
    <p class='ocr_par' dir='ltr' id='par_1_97' title="bbox 2166 5039 3723 5113">
     <span class='ocr_line' id='line_1_97' title="bbox 2166 5039 3723 5113; baseline -0.008 -17"><span class='ocrx_word' id='word_1_722' title='bbox 2166 5043 2320 5111; x_wconf 81' lang='grc' dir='ltr'>μήτε</span> <span class='ocrx_word' id='word_1_723' title='bbox 2347 5041 2595 5113; x_wconf 80' lang='grc' dir='ltr'>σώματα</span> <span class='ocrx_word' id='word_1_724' title='bbox 2635 5039 2790 5098; x_wconf 78' lang='grc' dir='ltr'>εἷναι</span> <span class='ocrx_word' id='word_1_725' title='bbox 2840 5042 2994 5112; x_wconf 81' lang='grc' dir='ltr'>μήτε</span> <span class='ocrx_word' id='word_1_726' title='bbox 3028 5042 3429 5097; x_wconf 82' lang='grc' dir='ltr'>συνδεδέσθαι</span> <span class='ocrx_word' id='word_1_727' title='bbox 3485 5039 3723 5107; x_wconf 78' lang='grc' dir='ltr'>σώμασιν</span> 
     </span>
    </p>
   </div>
   <div class='ocr_carea' id='block_1_98' title="bbox 469 5121 2030 5205">
    <p class='ocr_par' dir='ltr' id='par_1_98' title="bbox 469 5121 2030 5195">
     <span class='ocr_line' id='line_1_98' title="bbox 469 5121 2030 5195; baseline 0.001 -20"><span class='ocrx_word' id='word_1_728' title='bbox 469 5121 633 5175; x_wconf 86' lang='lat' dir='ltr'><strong>nibus</strong></span> <span class='ocrx_word' id='word_1_729' title='bbox 668 5132 934 5176; x_wconf 61' lang='lat' dir='ltr'><strong>creatura;</strong></span> <span class='ocrx_word' id='word_1_730' title='bbox 967 5123 1255 5178; x_wconf 59' lang='lat' dir='ltr'><strong>mundanae</strong></span> <span class='ocrx_word' id='word_1_731' title='bbox 1288 5134 1500 5179; x_wconf 90' lang='lat' dir='ltr'><strong>carent.</strong></span> <span class='ocrx_word' id='word_1_732' title='bbox 1533 5124 1755 5191; x_wconf 86' lang='lat' dir='ltr'><strong>Quinto,</strong></span> <span class='ocrx_word' id='word_1_733' title='bbox 1792 5127 1935 5195; x_wconf 93' lang='lat' dir='ltr'><strong>quod</strong></span> <span class='ocrx_word' id='word_1_734' title='bbox 1970 5127 2030 5179; x_wconf 78' lang='lat' dir='ltr'><strong>ir-</strong></span> 
     </span>
    </p>
   </div>
   <div class='ocr_carea' id='block_1_99' title="bbox 2160 5121 3721 5205">
    <p class='ocr_par' dir='ltr' id='par_1_99' title="bbox 2172 5125 3721 5205">
     <span class='ocr_line' id='line_1_99' title="bbox 2172 5125 3721 5205; baseline 0.002 -20"><span class='ocrx_word' id='word_1_735' title='bbox 2172 5134 2513 5203; x_wconf 80' lang='grc' dir='ltr'>ὀργανικοῑς</span> <span class='ocrx_word' id='word_1_736' title='bbox 2549 5133 2754 5203; x_wconf 81' lang='grc' dir='ltr'>ὥσπερ</span> <span class='ocrx_word' id='word_1_737' title='bbox 2799 5136 2914 5205; x_wconf 84' lang='grc' dir='ltr'>τὴν</span> <span class='ocrx_word' id='word_1_738' title='bbox 2947 5136 3244 5205; x_wconf 74' lang='grc' dir='ltr'>ἡμετέραν</span> <span class='ocrx_word' id='word_1_739' title='bbox 3296 5132 3531 5202; x_wconf 77' lang='grc' dir='ltr'>ψυχὴν,</span> <span class='ocrx_word' id='word_1_740' title='bbox 3557 5131 3620 5184; x_wconf 78' lang='grc' dir='ltr'>ἐκ</span> <span class='ocrx_word' id='word_1_741' title='bbox 3642 5125 3721 5191; x_wconf 81' lang='grc' dir='ltr'><strong>τῆς</strong></span> 
     </span>
    </p>
   </div>
   <div class='ocr_carea' id='block_1_100' title="bbox 470 5213 2031 5297">
    <p class='ocr_par' dir='ltr' id='par_1_100' title="bbox 470 5213 2031 5285">
     <span class='ocr_line' id='line_1_100' title="bbox 470 5213 2031 5285; baseline 0.003 -18"><span class='ocrx_word' id='word_1_742' title='bbox 470 5213 767 5269; x_wconf 86' lang='lat' dir='ltr'><strong>rationales</strong></span> <span class='ocrx_word' id='word_1_743' title='bbox 796 5214 994 5269; x_wconf 60' lang='lat' dir='ltr'><strong>animae</strong></span> <span class='ocrx_word' id='word_1_744' title='bbox 1022 5231 1149 5270; x_wconf 88' lang='lat' dir='ltr'><strong>cum</strong></span> <span class='ocrx_word' id='word_1_745' title='bbox 1183 5217 1510 5285; x_wconf 89' lang='lat' dir='ltr'><strong>corporibus</strong></span> <span class='ocrx_word' id='word_1_746' title='bbox 1548 5231 1653 5271; x_wconf 92' lang='lat' dir='ltr'><strong>non</strong></span> <span class='ocrx_word' id='word_1_747' title='bbox 1691 5218 1801 5272; x_wconf 93' lang='lat' dir='ltr'><strong>sint</strong></span> <span class='ocrx_word' id='word_1_748' title='bbox 1835 5229 2031 5273; x_wconf 72' lang='lat' dir='ltr'><strong>creatae</strong></span> 
     </span>
    </p>
   </div>
   <div class='ocr_carea' id='block_1_101' title="bbox 2158 5213 3719 5297">
    <p class='ocr_par' dir='ltr' id='par_1_101' title="bbox 2169 5221 3719 5297">
     <span class='ocr_line' id='line_1_101' title="bbox 2169 5221 3719 5297; baseline -0.002 -18"><span class='ocrx_word' id='word_1_749' title='bbox 2169 5226 2583 5296; x_wconf 84' lang='grc' dir='ltr'>ὐπερκοσμίου</span> <span class='ocrx_word' id='word_1_750' title='bbox 2620 5226 2930 5297; x_wconf 82' lang='grc' dir='ltr'>δυνάμεως</span> <span class='ocrx_word' id='word_1_751' title='bbox 2973 5227 3192 5293; x_wconf 85' lang='grc' dir='ltr'>αὐτῶν,</span> <span class='ocrx_word' id='word_1_752' title='bbox 3226 5228 3295 5293; x_wconf 82' lang='grc' dir='ltr'><strong>ἐξ</strong></span> <span class='ocrx_word' id='word_1_753' title='bbox 3326 5221 3412 5281; x_wconf 83' lang='grc' dir='ltr'>ὧν</span> <span class='ocrx_word' id='word_1_754' title='bbox 3456 5226 3523 5279; x_wconf 82' lang='grc' dir='ltr'><strong>τὸ</strong></span> <span class='ocrx_word' id='word_1_755' title='bbox 3586 5221 3719 5276; x_wconf 80' lang='grc' dir='ltr'>Θεῑον</span> 
     </span>
    </p>
   </div>
   <div class='ocr_carea' id='block_1_102' title="bbox 468 5303 2029 5387">
    <p class='ocr_par' dir='ltr' id='par_1_102' title="bbox 468 5303 2029 5378">
     <span class='ocr_line' id='line_1_102' title="bbox 468 5303 2029 5378; baseline 0.005 -23"><span class='ocrx_word' id='word_1_756' title='bbox 468 5303 574 5358; x_wconf 90' lang='lat' dir='ltr'><strong>etsi</strong></span> <span class='ocrx_word' id='word_1_757' title='bbox 598 5303 718 5359; x_wconf 92' lang='lat' dir='ltr'><strong>sine</strong></span> <span class='ocrx_word' id='word_1_758' title='bbox 743 5306 1070 5376; x_wconf 88' lang='lat' dir='ltr'><strong>corporibus</strong></span> <span class='ocrx_word' id='word_1_759' title='bbox 1100 5320 1227 5361; x_wconf 89' lang='lat' dir='ltr'><strong>esse</strong></span> <span class='ocrx_word' id='word_1_760' title='bbox 1257 5316 1554 5374; x_wconf 87' lang='lat' dir='ltr'><strong>nequeant.</strong></span> <span class='ocrx_word' id='word_1_761' title='bbox 1574 5306 1884 5374; x_wconf 86' lang='lat' dir='ltr'><strong>Postremo,</strong></span> <span class='ocrx_word' id='word_1_762' title='bbox 1912 5323 2029 5378; x_wconf 50' lang='lat' dir='ltr'><strong>quoi</strong></span> 
     </span>
    </p>
   </div>
   <div class='ocr_carea' id='block_1_103' title="bbox 2157 5303 3718 5387">
    <p class='ocr_par' dir='ltr' id='par_1_103' title="bbox 2170 5312 3718 5387">
     <span class='ocr_line' id='line_1_103' title="bbox 2170 5312 3718 5387; baseline 0.003 -19"><span class='ocrx_word' id='word_1_763' title='bbox 2170 5314 2464 5384; x_wconf 82' lang='grc' dir='ltr'>διηνεκῶς</span> <span class='ocrx_word' id='word_1_764' title='bbox 2497 5319 2851 5387; x_wconf 83' lang='grc' dir='ltr'>θεωροῦσιν,</span> <span class='ocrx_word' id='word_1_765' title='bbox 2904 5314 2992 5374; x_wconf 83' lang='grc' dir='ltr'>ὧν</span> <span class='ocrx_word' id='word_1_766' title='bbox 3034 5319 3215 5373; x_wconf 77' lang='grc' dir='ltr'>οὐδὲν</span> <span class='ocrx_word' id='word_1_767' title='bbox 3270 5317 3386 5373; x_wconf 83' lang='grc' dir='ltr'>τῶν</span> <span class='ocrx_word' id='word_1_768' title='bbox 3418 5312 3718 5387; x_wconf 72' lang='grc' dir='ltr'>ἐγκοσμίων</span> 
     </span>
    </p>
   </div>
   <div class='ocr_carea' id='block_1_104' title="bbox 470 5393 2031 5482">
    <p class='ocr_par' dir='ltr' id='par_1_104' title="bbox 470 5393 2031 5475">
     <span class='ocr_line' id='line_1_104' title="bbox 470 5393 2031 5475; baseline 0.005 -26"><span class='ocrx_word' id='word_1_769' title='bbox 470 5393 752 5452; x_wconf 84' lang='lat' dir='ltr'><strong>hominum</strong></span> <span class='ocrx_word' id='word_1_770' title='bbox 781 5400 1023 5465; x_wconf 89' lang='lat' dir='ltr'><strong>animus,</strong></span> <span class='ocrx_word' id='word_1_771' title='bbox 1054 5414 1124 5455; x_wconf 87' lang='lat' dir='ltr'><strong>ne</strong></span> <span class='ocrx_word' id='word_1_772' title='bbox 1162 5414 1284 5454; x_wconf 90' lang='lat' dir='ltr'><strong>cum</strong></span> <span class='ocrx_word' id='word_1_773' title='bbox 1317 5401 1537 5471; x_wconf 90' lang='lat' dir='ltr'><strong>proprio</strong></span> <span class='ocrx_word' id='word_1_774' title='bbox 1566 5415 1793 5471; x_wconf 90' lang='lat' dir='ltr'><strong>corpore</strong></span> <span class='ocrx_word' id='word_1_775' title='bbox 1831 5404 2031 5475; x_wconf 89' lang='lat' dir='ltr'><strong>quiden</strong></span> 
     </span>
    </p>
   </div>
   <div class='ocr_carea' id='block_1_105' title="bbox 2155 5393 3716 5482">
    <p class='ocr_par' dir='ltr' id='par_1_105' title="bbox 2166 5406 3716 5482">
     <span class='ocr_line' id='line_1_105' title="bbox 2166 5406 3716 5482; baseline 0.011 -23"><span class='ocrx_word' id='word_1_776' title='bbox 2166 5406 2426 5478; x_wconf 80' lang='grc' dir='ltr'>μετέχει·</span> <span class='ocrx_word' id='word_1_777' title='bbox 2459 5409 2529 5464; x_wconf 77' lang='grc' dir='ltr'>ἐκ</span> <span class='ocrx_word' id='word_1_778' title='bbox 2556 5410 2663 5465; x_wconf 87' lang='grc' dir='ltr'><strong>τοῦ</strong></span> <span class='ocrx_word' id='word_1_779' title='bbox 2688 5410 2846 5482; x_wconf 85' lang='grc' dir='ltr'>μηδὲ</span> <span class='ocrx_word' id='word_1_780' title='bbox 2870 5412 2978 5478; x_wconf 84' lang='grc' dir='ltr'><strong>τὰς</strong></span> <span class='ocrx_word' id='word_1_781' title='bbox 3007 5410 3270 5481; x_wconf 71' lang='grc' dir='ltr'>ἀλόγους</span> <span class='ocrx_word' id='word_1_782' title='bbox 3294 5408 3499 5479; x_wconf 67' lang='grc' dir='ltr'><em>ψυχὰς</em></span> <span class='ocrx_word' id='word_1_783' title='bbox 3522 5416 3716 5475; x_wconf 70' lang='grc' dir='ltr'><strong>συῖια·</strong></span> 
     </span>
    </p>
   </div>
   <div class='ocr_carea' id='block_1_106' title="bbox 551 5575 989 5643">
    <p class='ocr_par' dir='ltr' id='par_1_106' title="bbox 551 5575 989 5643">
     <span class='ocr_line' id='line_1_106' title="bbox 551 5575 989 5643; baseline 0.002 -11"><span class='ocrx_word' id='word_1_784' title='bbox 551 5577 571 5614; x_wconf 72' lang='grc'>⁸</span> <span class='ocrx_word' id='word_1_785' title='bbox 608 5575 781 5633; x_wconf 74' lang='lat' dir='ltr'><strong>Exod.</strong></span> <span class='ocrx_word' id='word_1_786' title='bbox 812 5595 867 5643; x_wconf 73' lang='grc' dir='ltr'>ι,</span> <span class='ocrx_word' id='word_1_787' title='bbox 898 5579 989 5634; x_wconf 76' lang='grc'><strong>21.</strong></span> 
     </span>
    </p>
   </div>
   <div class='ocr_carea' id='block_1_107' title="bbox 1784 5746 3676 5807">
    <p class='ocr_par' dir='ltr' id='par_1_107' title="bbox 1784 5746 3676 5807">
     <span class='ocr_line' id='line_1_107' title="bbox 1784 5746 3676 5807; baseline 0.003 -6"><span class='ocrx_word' id='word_1_788' title='bbox 1784 5746 2024 5805; x_wconf 54' lang='grc' dir='ltr'><strong>νΑΙιΙΔΕ</strong></span> <span class='ocrx_word' id='word_1_789' title='bbox 2055 5746 2467 5807; x_wconf 85' lang='lat' dir='ltr'><strong>LECTIONES.</strong></span> <span class='ocrx_word' id='word_1_790' title='bbox 3646 5770 3676 5794; x_wconf 67' lang='grc' dir='ltr'><em>ο</em></span> 
     </span>
    </p>
   </div>
   <div class='ocr_carea' id='block_1_108' title="bbox 557 5847 2118 5943">
    <p class='ocr_par' dir='ltr' id='par_1_108' title="bbox 557 5847 2118 5938">
     <span class='ocr_line' id='line_1_108' title="bbox 557 5847 2118 5938; baseline 0.013 -37"><span class='ocrx_word' id='word_1_791' title='bbox 557 5849 603 5888; x_wconf 71' lang='grc'><strong>’⁸</strong></span> <span class='ocrx_word' id='word_1_792' title='bbox 629 5847 880 5922; x_wconf 80' lang='grc' dir='ltr'>μηνύειν]</span> <span class='ocrx_word' id='word_1_793' title='bbox 905 5852 1016 5907; x_wconf 82' lang='lat' dir='ltr'><strong>into</strong></span> <span class='ocrx_word' id='word_1_794' title='bbox 1045 5853 1119 5925; x_wconf 82' lang='grc' dir='ltr'><strong>μὴ</strong></span> <span class='ocrx_word' id='word_1_795' title='bbox 1143 5854 1309 5911; x_wconf 87' lang='grc' dir='ltr'>δύειν.</span> <span class='ocrx_word' id='word_1_796' title='bbox 1340 5858 1413 5915; x_wconf 80' lang='lat' dir='ltr'><strong>cf.</strong></span> <span class='ocrx_word' id='word_1_797' title='bbox 1436 5858 1612 5932; x_wconf 74' lang='lat' dir='ltr'><strong>Etym.</strong></span> <span class='ocrx_word' id='word_1_798' title='bbox 1656 5861 1726 5918; x_wconf 81' lang='grc' dir='ltr'><strong>Μ.</strong></span> <span class='ocrx_word' id='word_1_799' title='bbox 1803 5869 1849 5907; x_wconf 69' lang='grc' dir='ltr'><strong>τ’</strong></span> <span class='ocrx_word' id='word_1_800' title='bbox 1879 5865 2022 5938; x_wconf 68' lang='grc' dir='ltr'>τότε]</span> <span class='ocrx_word' id='word_1_801' title='bbox 2054 5866 2118 5921; x_wconf 52' lang='lat' dir='ltr'><strong>lil‘</strong></span> 
     </span>
    </p>
   </div>
   <div class='ocr_carea' id='block_1_109' title="bbox 1373 5847 2934 5943">
    <p class='ocr_par' dir='ltr' id='par_1_109' title="bbox 1375 5858 2934 5943">
     <span class='ocr_line' id='line_1_109' title="bbox 1375 5858 2934 5943; baseline 0.007 -29"><span class='ocrx_word' id='word_1_802' title='bbox 1375 5858 1413 5915; x_wconf 83' lang='lat' dir='ltr'><strong>f.</strong></span> <span class='ocrx_word' id='word_1_803' title='bbox 1436 5858 1612 5932; x_wconf 76' lang='lat' dir='ltr'><strong>Etym.</strong></span> <span class='ocrx_word' id='word_1_804' title='bbox 1656 5861 1726 5918; x_wconf 81' lang='grc' dir='ltr'><strong>Μ.</strong></span> <span class='ocrx_word' id='word_1_805' title='bbox 1803 5869 1849 5907; x_wconf 75' lang='grc' dir='ltr'><strong>ν’</strong></span> <span class='ocrx_word' id='word_1_806' title='bbox 1879 5865 2022 5938; x_wconf 68' lang='grc' dir='ltr'>τότε]</span> <span class='ocrx_word' id='word_1_807' title='bbox 2054 5866 2174 5922; x_wconf 82' lang='lat' dir='ltr'><strong>libri</strong></span> <span class='ocrx_word' id='word_1_808' title='bbox 2206 5870 2284 5923; x_wconf 81' lang='grc' dir='ltr'><strong>τό.</strong></span> <span class='ocrx_word' id='word_1_809' title='bbox 2366 5870 2412 5904; x_wconf 69' lang='grc'>⁸⁸</span> <span class='ocrx_word' id='word_1_810' title='bbox 2448 5868 2565 5943; x_wconf 71' lang='grc' dir='ltr'>καὶ]</span> <span class='ocrx_word' id='word_1_811' title='bbox 2598 5870 2713 5942; x_wconf 73' lang='grc' dir='ltr'>1υεο</span> <span class='ocrx_word' id='word_1_812' title='bbox 2742 5869 2789 5925; x_wconf 86' lang='grc' dir='ltr'><strong>εί</strong></span> <span class='ocrx_word' id='word_1_813' title='bbox 2823 5870 2934 5925; x_wconf 71' lang='grc' dir='ltr'>καὶ.</span> 
     </span>
    </p>
   </div>
  </div>
