3954 6448
287 422 422 488 1213

1400 441 1927 504 BIBLIOTHECA.
1958 470 2028 480 —
2052 445 2215 505 COD.
2252 447 2492 506 CCXLI.

3424 441 3565 509 12M

285 538 686 607 ταϐεὸλῆσθαι
712 541 839 609 τοῖς
888 544 1149 616 σώμασι.
1209 551 1401 607 καίτοι
1460 556 1640 623 χωρὶς
1678 556 1874 625 σωμά-

1983 558 2050 612 sit
2081 569 2316 613 creatus.
2352 559 2464 614 Hoc
2497 560 2641 614 enim
2670 575 2698 615 ε
2720 569 2885 623 terra,
2910 558 2999 614 ille
3023 574 3117 630 per
3147 573 3206 613 se
3232 557 3414 613 divina
3440 574 3563 627 par-

286 646 405 682 των
428 630 516 698 μὴ
571 632 915 703 δυναμένας
973 634 1129 693 εἶναι
1162 658 1176 673 ⁸
1212 643 1281 697 ἐκ
1311 644 1417 698 τοῦ
1460 646 1547 715 μὴ
1614 647 1729 714 τὴν
1764 650 1870 701 ἁν-

1985 648 2175 719 ticipat
2200 650 2578 719 generatione,
2606 661 2715 705 etc.

286 720 594 786 θρωπίνην
648 724 864 794 ψυχὴν
905 729 1064 798 μηδὲ
1124 732 1205 799 τῷ
1258 734 1388 801 ἰδίῳ
1433 737 1902 807 συηποστῆναι
1972 736 2227 807 σώματιο
2252 739 2322 793 τό
2346 739 2468 811 μὲν
2512 741 2622 812 γὰρ
2660 743 2730 796 ἐκ
2788 743 2921 813 τῆς,
2967 741 3006 810 ἡ
3049 741 3120 795 δὲ
3160 739 3291 795 καθ’
3336 738 3568 807 ἑαυτὴν

289 813 587 882 θειοτέρας
607 816 728 871 ὑπὸ
768 821 916 876 Θεοῦ
943 824 1206 894 μετέσχε
1235 827 1528 897 γενέσεως
1557 831 1624 885 ⁸⁸.

764 916 769 917 ί
953 918 1130 973 ΣΜΑθ.

360 999 501 1067 Βίος
526 1000 934 1061 Ἀπολλωνίου
964 1008 1085 1063 ἀπὸ
1114 1011 1325 1079 φωνῆς
1359 1013 1796 1081 Φιλοστράτου.

375 1090 719 1168 Ἀνεγνώσθη
767 1096 833 1151 ὲκ
871 1098 965 1152 τοῦ
1021 1100 1104 1163 εἰς
1160 1102 1253 1154 τὸν
1285 1102 1644 1160 Ἀπολλώνιον
1669 1106 1714 1138 ⁸³
1767 1107 1876 1161 ἀπὸ

288 1183 473 1251 φωνῆς
514 1186 900 1258 Φιλοστράτου.
940 1191 1125 1246 Ὀτι⁸³
1156 1191 1453 1248 Βαϐυλῶνά
1512 1212 1645 1267 φησι
1704 1214 1877 1251 τετει-

288 1276 470 1346 χίσθαι
503 1279 835 1351 ὀγδοήκοντα
885 1287 980 1340 καὶ
1020 1289 1350 1359 τετρακόσια
1414 1291 1605 1344 στάδια
1653 1291 1872 1363 κύκλῳο

287 1371 469 1440 τεῖχος
521 1372 579 1425 δὲ
631 1375 804 1447 αὐτῆς
862 1378 989 1449 τρία
1048 1380 1149 1451 μὲν
1199 1382 1261 1434 τὸ
1317 1381 1450 1452 ὖψος
1503 1383 1824 1455 ἡμίπλεθρα
1859 1427 1875 1451 ,

290 1461 528 1535 πλέθρου
558 1466 614 1519 δὲ
649 1471 800 1537 μεῖον
844 1471 904 1524 τὸ
959 1472 1139 1545 εὖρος.
1198 1474 1439 1546 Ποταμῷ
1493 1476 1549 1529 δὲ
1618 1476 1880 1549 Εὐφράτῃ

289 1556 548 1625 τέμνεται
598 1559 693 1624 ξὺν
746 1564 1025 1635 ὁμοιότητι
1078 1566 1176 1621 τοῦ
1230 1568 1427 1633 εἴδους,
1457 1568 1517 1621 ὃν
1567 1570 1885 1642 ἀπόρρητος

290 1649 604 1722 ὑποστείχει
648 1654 883 1726 γέφυρα,
916 1658 983 1712 τὰ
1016 1658 1355 1728 βασίλειατὰ
1392 1663 1484 1716 ἐπὶ
1535 1665 1655 1727 ταῖς
1695 1664 1883 1734 ὄχθαις

288 1743 517 1812 ἀφανῶς
572 1746 941 1811 ξδνάπτουσα.
1006 1752 1150 1824 Γυνὴ
1211 1755 1320 1825 γὰρ
1368 1754 1586 1823 λέγεται
1640 1757 1877 1833 Μήδεια,

2658 920 2883 978 CCXLI.

2220 1014 2485 1079 Apollonii
2517 1013 2712 1083 Τριηηεί
2756 1013 2877 1068 Vita
2907 1030 2935 1068 e
2968 1011 3324 1068 Philostrato.

2054 1105 2183 1177 Legi
2228 1104 2398 1162 Vitam
2436 1106 2707 1177 Apollonii
2756 1117 2980 1162 auctore
3010 1105 3363 1163 Philostrato.
3391 1106 3568 1177 Baby-

1984 1198 2143 1262 lonis,
2187 1198 2380 1268 inquit,
2415 1199 2555 1252 muri
2605 1198 3132 1269 quadringentorum
3180 1198 3479 1253 stadiorum
3512 1204 3569 1250 et

1984 1290 2259 1362 octoginta
2300 1291 2562 1345 ambitum
2597 1290 3041 1358 complectuntur
3073 1307 3086 1343 :
3124 1290 3177 1344 in
3224 1289 3568 1344 altitudinem

1983 1396 2115 1436 vero
2158 1380 2260 1435 tria
2299 1380 2624 1450 semiiugera
2674 1380 3022 1445 attolluntur,
3068 1395 3196 1435 cum
3244 1381 3358 1436 sint
3407 1379 3572 1449 paulo

1986 1473 2164 1530 minus
2214 1474 2375 1528 unius
2408 1473 2614 1543 jugeris
2663 1474 2973 1532 latitudine.
3019 1473 3184 1529 Secat
3230 1484 3410 1529 autem
3457 1487 3569 1527 me-

1985 1566 2128 1623 diam
2158 1564 2427 1637 Babylona
2468 1563 2794 1634 Euphrates,
2816 1581 2941 1621 cum
2967 1565 3158 1621 forma:
3187 1564 3568 1629 similitudine,

1987 1673 2148 1728 quem
2184 1657 2497 1728 Euphraten
2543 1659 2787 1713 occultus
2821 1657 2969 1712 subit
3007 1671 3162 1726 pons,
3197 1657 3425 1726 regiam,
3449 1670 3572 1724 qua:
3642 1666 3643 1671 ‘

1989 1752 2044 1806 in
2075 1761 2306 1817 utraque
2357 1750 2471 1819 ripa
2515 1759 2621 1814 est,
2658 1749 2893 1804 invicem
2934 1747 3097 1802 modo
3130 1745 3386 1801 invisibili
3434 1760 3570 1800 con-

287 1835 399 1885 τῶν
455 1836 638 1910 ἐκείνῃ
697 1836 1148 1912 ποτὲῗηάρχουσα,
1184 1845 1276 1899 τὸν
1310 1847 1555 1918 ποταμὸν
1588 1848 1875 1914 ὑποζεύξαι

1983 1842 2237 1913 jungens.
2276 1841 2473 1897 Fertur
2516 1842 2660 1896 enim
2694 1840 2889 1895 mulier
2940 1840 3128 1896 Medea
3175 1839 3465 1909 aliquando
3514 1837 3569 1892 id

288 1927 489 1996 τρόπον
510 1927 571 1981 ὃν
609 1931 777 1999 μήπω
821 1951 907 1998 τις
933 1937 1200 2006 ποταμῶν
1238 1939 1490 2013 ἐζεύχθη.
1549 1940 1747 2005 Λίθους
1770 1943 1883 2013 γὰρ

287 2014 354 2084 δὴ
389 2018 484 2069 καὶ
518 2018 721 2088 χαλκὸν
775 2026 872 2077 καὶ
898 2023 1198 2095 ἄσφαλτον,
1229 2030 1323 2082 καὶ
1352 2031 1526 2084 ὁπόσα
1553 2031 1610 2095 ἐς
1650 2032 1882 2102 ἔφυδρον

290 2105 533 2171 ξύνδεσιν
581 2111 892 2183 ἀνθρώποις
954 2117 1211 2191 εὓρηται,
1271 2123 1424 2194 παρά
1465 2125 1565 2188 τὰς
1594 2123 1759 2195 δχθας
1786 2126 1879 2179 τοῦ

287 2200 541 2271 ποταμοῦ
569 2204 804 2272 νήσασα,
835 2206 895 2260 τὸ
925 2208 1106 2279 ῥεῦμα
1122 2212 1202 2273 εἰς
1234 2209 1427 2282 λίμνας
1460 2212 1680 2283 ἔτρεψε,
1711 2214 1881 2285 ξηρόν

283 2305 345 2341 τε
376 2291 475 2362 ἤδη
506 2291 595 2346 τὸν
620 2295 863 2366 ποταμὸν
884 2295 1098 2369 ῶρυγεν
1118 2301 1185 2365 ⁸⁵,
1205 2301 1434 2371 ὀργυιὰς
1460 2303 1519 2367 ἐς
1548 2303 1643 2356 δύο
1671 2305 1881 2375 σήραγ-

284 2396 361 2446 γα.
383 2381 729 2456 ἐργαζομένη
789 2389 998 2459 κοίλην,
1058 2390 1145 2444 ἵνα
1180 2393 1236 2456 ἐς
1289 2393 1356 2445 τά
1382 2392 1632 2463 βασίλεια
1660 2395 1729 2447 τά
1752 2395 1881 2465 περὶ

281 2473 406 2539 ταῖς
429 2472 619 2543 ὄχθαις
680 2474 868 2547 ὥσπερ
898 2479 963 2531 ὲκ
997 2479 1103 2549 γῆς
1133 2482 1509 2550 ἀναφαίνοιτο,
1556 2485 1651 2536 καὶ
1677 2483 1881 2554 ἤρεψεν

281 2562 456 2633 αὐτὴν
517 2563 646 2627 ἴσως
686 2565 764 2639 τῷ
798 2567 891 2620 τοῦ
953 2570 1226 2641 ῥεύματος
1290 2574 1527 2645 δαπέδῳ.
1581 2577 1645 2628 Ol
1682 2576 1779 2645 μὲν
1814 2575 1879 2647 δὴ

282 2655 527 2725 θεμέλιοι
576 2658 925 2730 ὲόεϐήκεσσ.ν
958 2664 1053 2715 καὶ
1082 2664 1132 2716 οἱ
1184 2666 1354 2735 τοῖχοι
1418 2667 1515 2734 τῆς
1567 2668 1877 2737 σήραγγος’

282 2750 382 2803 ἆτε
412 2750 467 2803 δὲ
485 2752 530 2782 ⁸⁵
550 2753 646 2823 τῆς
684 2754 968 2824 ἀσφάλτου
1014 2755 1279 2830 δεομένης
1327 2758 1422 2812 τοῦ
1483 2759 1675 2823 ὕδατος
1704 2763 1783 2824 εἰς
1818 2761 1879 2815 τὸ

279 2842 566 2898 ὶιθοῦσθαι
626 2847 720 2901 καὶ
777 2848 1109 2921 πήγνυσθαι,
1171 2852 1200 2903 ό
1255 2850 1551 2922 Εὐφράτης
1603 2854 1877 2923 ἐπαφείθη

281 2937 549 3013 ὑγρῷέτῷ
582 2940 791 3012 ὀρόφῳ,
846 2942 940 2995 καὶ
995 2935 1098 2996 ὧδε
1168 2943 1300 3012 ἔστη
1328 2944 1390 2996 τὸ
1441 2943 1681 3014 ζεῦγμα.
1712 2946 1793 2998 Τὰ
1822 2946 1878 2998 δὲ

1984 1949 2213 2003 regnum
2246 1933 2441 1988 sortita
2488 1931 2709 1986 ﬂuvium
2755 1932 3028 2002 junxisse,
3072 1946 3182 2002 quo
3218 1931 3377 1985 modo
3410 1938 3570 1983 antea

1983 2041 2168 2081 nemo.
2220 2025 2456 2093 Lapides
2499 2024 2644 2078 enim
2686 2034 2742 2078 et
2788 2040 2883 2089 aes,
2922 2032 3185 2092 praeterea
3236 2022 3480 2076 bitumen
3513 2029 3571 2074 et
3636 2056 3641 2071 ς

1983 2118 2192 2186 reliqua
2242 2116 2441 2189 324a
2503 2115 2947 2183 conglutinationi
2996 2115 3050 2168 in
3100 2114 3259 2184 aquis
3309 2110 3571 2168 faciendae
3648 2120 3675 2167 ’χ

1982 2206 2051 2260 ab
2096 2205 2408 2260 hominibus
2460 2204 2705 2271 inventa,
2754 2205 2818 2258 ad
2850 2202 3093 2258 ﬂuminis
3131 2204 3279 2271 ripas
3318 2202 3407 2256 ubi
3444 2216 3571 2256 coa-

1982 2297 2246 2362 cervavit,
2276 2294 2519 2350 ﬂuminis
2551 2310 2722 2364 aquas
2747 2295 2799 2350 in
2831 2294 3055 2365 paludes
3088 2294 3376 2359 derivavit,
3409 2303 3570 2362 atque

1983 2388 2262 2441 exsiccato
2292 2385 2534 2440 ﬂuminis
2564 2384 2737 2449 alveo,
2771 2386 3002 2439 duarum
3040 2384 3294 2439 ulnarum
3344 2398 3565 2453 specum

1979 2478 2288 2543 excavavit,
2311 2490 2366 2533 ut
2406 2477 2473 2532 ad
2506 2477 2702 2546 regias,
2726 2491 2848 2545 qua:
2881 2476 3137 2546 utrinque
3160 2475 3398 2529 ﬂuminis
3422 2475 3568 2542 ripas

1981 2568 2251 2637 adjacent,
2308 2582 2402 2638 per
2459 2581 2622 2632 eam,
2671 2582 2834 2637 quam
2887 2565 3148 2629 diximus,
3192 2564 3407 2618 foveam
3456 2578 3565 2618 non

1981 2676 2142 2717 secus
2172 2677 2235 2714 ac
2263 2675 2359 2729 per
2382 2657 2589 2712 aridam
2624 2670 2824 2713 terram
2867 2657 3049 2710 aditus
3078 2654 3464 2718 intercederet,
3489 2654 3564 2708 ita

1983 2763 2042 2807 ut
2092 2752 2321 2808 fornicis
2379 2752 2608 2807 altitudo
2660 2748 2900 2803 ﬂuminis
2948 2747 3102 2802 alveo
3158 2749 3562 2817 adaequarelur.

1985 2846 2362 2902 Fumlau‘ienta
2384 2852 2790 2916 processerant,
2815 2852 2869 2896 et
2897 2843 3135 2911 parietes
3158 2854 3384 2911 specus;
3409 2839 3566 2909 quasi

1979 2939 2221 2995 bitumen
2251 2954 2389 3009 aqua
2431 2938 2720 3009 indigeret,
2755 2948 2816 2991 ut
2842 2938 3221 3008 lapidesceret,
3256 2943 3310 2987 et
3342 2931 3566 2986 indura-

280 3027 538 3099 βασίλεια
565 3033 752 3103 χαλκῷ
774 3033 885 3115 ’μὲν
911 3036 1151 3105 ἦρεπται
1195 3037 1291 3090 καὶ
1318 3036 1413 3090 ἀπ’
1436 3038 1615 3090 αὐτῶν
1668 3038 1875 3109 ἀστρά-

1983 3042 2152 3097 retur,
2198 3033 2502 3101 Euphrates
2544 3032 2765 3085 humido
2807 3030 3032 3085 fornicis
3091 3037 3235 3082 tecto
3288 3025 3567 3079 immissus

281 3136 411 3171 πτει
435 3136 448 3148 ·
476 3118 709 3191 θάλαμοι
732 3123 788 3176 δὲ
830 3125 923 3177 καὶ
951 3125 1220 3196 ἀνδρῶνες
1247 3128 1341 3179 καὶ
1367 3129 1519 3180 στοαὶ
1546 3127 1615 3181 τά
1645 3130 1744 3199 μὲν
1779 3129 1875 3199 ἁρ-

1983 3136 2084 3193 est,
2108 3136 2271 3191 atque
2296 3125 2693 3197 haecjungcndi
2727 3125 2865 3179 ratio
2895 3122 3019 3178 fuit.
3053 3120 3219 3191 Regia
3253 3128 3432 3173 autem
3458 3130 3568 3171 aere

276 3209 460 3281 γύρῳ,
490 3211 561 3265 τὰ
606 3212 662 3265 δὲ
717 3218 937 3284 χρυσοῖς
1002 3216 1130 3289 [529
1169 3215 1263 3289 Η.]
1330 3218 1641 3289 ὑφάσμασι,
1699 3218 1769 3272 τὰ
1818 3219 1875 3272 δὲ

1983 3220 2242 3286 adoperta
2278 3217 2467 3288 fulget,
2505 3216 2724 3271 thalami
2765 3230 2917 3279 vero,
2947 3222 3002 3267 et
3033 3212 3294 3281 porticus,
3318 3224 3383 3264 ac
3422 3210 3569 3262 viro-

278 3302 473 3372 χρυσῷ
498 3304 670 3373 αὐτῷ,
701 3306 954 3376 καθάπερ
988 3311 1251 3379 γραφαῖς,
1290 3310 1605 3380 ὴγλάῖσται.
1646 3311 1789 3382 Φησὶ
1820 3311 1875 3364 δὲ

1983 3294 2102 3363 rum
2140 3310 2411 3362 domicilia
2441 3309 2637 3377 partim
2674 3316 2923 3378 argento,
2955 3306 3157 3376 partim
3201 3302 3383 3356 aureis
3406 3300 3563 3365 velis,

274 3394 521 3463 φῆσαιΜ
579 3397 671 3450 τὸν
740 3399 1100 3455 Ἀπολλώνιον
1145 3403 1238 3455 καὶ
1311 3402 1545 3475 ἀνδρῶνι
1604 3406 1875 3475 ἐντυχεῖν,

1983 3400 2180 3468 partim
2237 3415 2369 3453 auro
2420 3400 2536 3468 ipso
2592 3400 2756 3452 veluti
2806 3395 3153 3452 lineamentis
3202 3394 3565 3447 condecorata

274 3478 350 3539 οὗ
371 3488 461 3539 τὸν
489 3487 685 3558 ὄροφον
718 3492 797 3555 εἰς
819 3492 975 3546 θόλου
1006 3493 1240 3563 ἀνῆχθαι
1276 3495 1482 3565 σχῆμα,
1524 3494 1740 3567 οὐρανῷ
1770 3513 1875 3549 τινι

1983 3502 2129 3546 sunt.
2174 3491 2264 3545 Ait
2310 3493 2653 3561 Apollonium
2700 3491 2753 3544 in
2807 3489 3076 3558 porticum
3128 3487 3367 3550 venisse,
3412 3483 3567 3552 cujus

275 3579 611 3648 εἰκασμένον
633 3598 646 3610 ⁸
678 3584 1010 3656 σαπφειρίνῃ
1044 3586 1100 3639 δὲ
1127 3586 1291 3640 αὑτὸν
1326 3587 1667 3658 κατηρέφθαι
1719 3587 1873 3659 λίθῳ·

1983 3569 2064 3652 ius
2099 3600 2353 3653 suprema
2407 3601 2532 3655 pars
2580 3586 2633 3638 in
2684 3585 2914 3637 formam
2953 3579 3084 3636 tholi
3126 3579 3389 3634 fabricata
3441 3576 3564 3632 caeli

278 3667 412 3742 [997
449 3668 541 3743 IL]
575 3674 897 3744 κυανωτάτη
921 3674 1038 3727 δὲ⁸“Ι
1073 3675 1274 3746 ήλίθος
1314 3677 1408 3729 καὶ
1452 3676 1681 3747 οὐρανία
1725 3676 1871 3731 ἰδεῖν.

1983 3677 2176 3732 faciem
2230 3677 2546 3731 imitabatur
2600 3675 2822 3745 Saphiro
2877 3674 3055 3742 lapide
3104 3672 3366 3741 adoperta
3413 3689 3426 3723 :
3471 3669 3564 3738 qui

274 3759 437 3813 Θεῶν
458 3778 516 3814 τε
552 3762 860 3833 ἀγάλματα,
891 3765 985 3829 οὓς
1010 3766 1345 3835 νομίζουσιν,
1379 3767 1592 3839 ἵδρυται
1642 3767 1756 3822 ἄνω
1784 3768 1875 3822 καὶ

1983 3769 2120 3840 lapis
2145 3771 2380 3825 maxime
2411 3768 2702 3824 caeruleum
2736 3765 2858 3822 cmli
2894 3765 3133 3820 colorem
3164 3763 3357 3817 refert.
3394 3760 3566 3816 Erant

274 3852 468 3920 χρυσᾶ
497 3852 745 3919 φαίνεται
776 3854 1028 3928 καθάπερ
1063 3854 1123 3921 ἐξ
1155 3856 1394 3927 αἰθέρος.
1424 3856 1645 3921 Δικάζει
1676 3857 1777 3927 μὲν
1807 3857 1873 3928 δὴ

1983 3862 2091 3918 illic
2120 3862 2385 3932 imagines
2426 3863 2675 3921 deorum.
2708 3874 2843 3928 quos
2880 3857 2953 3912 illi
2999 3856 3211 3921 colunt,
3245 3854 3564 3922 exsculptze,

275 3943 316 3996 ὀ
338 3941 608 4010 βασιλεὺς,
644 3948 844 4015 χρυσαῖ
864 3946 921 3999 δὲ
946 3947 1135 4017 ῐῦγγες
1175 3948 1595 4020 ἁποκρέμανται
1619 3948 1714 4001 τοῦ
1747 3947 1873 4018 ὀρό-

1983 3966 2190 4011 aurataa
2224 3956 2342 4010 luce
2386 3953 2557 4008 affusa
2606 3953 2882 4007 videntur.
2920 3950 2973 4006 Is
3007 3959 3188 4004 autem
3254 3948 3407 4004 locus
3458 3956 3563 4011 est,

278 4050 390 4102 φου
420 4035 679 4107 τέτταρες
697 4038 870 4108 ⁸⁸,τὴν
910 4040 1258 4109 Ἀδράστειαν
1290 4040 1440 4113 αὐτῷ
1479 4040 1874 4110 παρεγγυῶσαι

1983 4048 2068 4102 ubi
2105 4063 2198 4102 rex
2239 4046 2329 4114 jus
2371 4046 2554 4100 dicere
2602 4044 2925 4110 consuevit;
2974 4057 3039 4097 ex
3082 4040 3398 4096 testitudine
3434 4050 3565 4092 vero

277 4126 383 4180 καὶ
408 4128 470 4180 τὸ
498 4128 572 4200 μὴ
599 4130 738 4200 ὑπὲρ
766 4133 894 4196 τοὺς
916 4131 1241 4203 ἀνθρώπους
1270 4134 1315 4165 ⁸⁸
1345 4133 1623 4205 αἴρεσθαι.
1658 4135 1875 4198 Ταύτας

1983 4138 2167 4210 iynges
2207 4137 2429 4192 avicula:
2457 4148 2695 4205 quatuor
2723 4136 3032 4205 pendebant
3064 4133 3227 4202 (quas
3262 4127 3565 4185 motacillas

274 4219 334 4271 οἱ
362 4219 528 4288 μάγοι
554 4222 706 4275 αὐτοί
741 4240 906 4292 φασιν
935 4225 1331 4296 ἁρμόττεσθαι,
1364 4229 1661 4296 φοιτῶντες
1694 4232 1774 4294 εἰς
1802 4229 1872 4284 τά

1983 4231 2140 4300 vulgo
2170 4229 2416 4300 vocant),
2448 4227 2721 4282 Nemesim
2757 4227 2837 4281 illi
2884 4227 3232 4287 exhibentes,
3264 4224 3565 4276 admonen-

278 4310 555 4384 βασίλειαο
588 4313 812 4369 καλοῦσι
836 4315 894 4370 δὲ
923 4317 1095 4384 αὑτὰς
1121 4317 1260 4373 θεῶν
1293 4320 1559 4390 γλώττας.

358 4587 549 4641 Ὀτι⁹⁰
591 4589 758 4661 φησὶν
797 4592 1161 4647 Ἀπολλώνιον
1214 4612 1310 4649 και
1360 4600 1489 4660 τοὺς
1544 4598 1663 4667 μετ’
1694 4598 1869 4667 ζαὺτὸν

275 4679 529 4745 εξιόντας
582 4683 682 4751 τῆς
741 4684 969 4755 Περσῶν
1015 4686 1193 4757 ἀρχῆς
1254 4688 1351 4741 καὶ
1409 4688 1739 4759 προσιόντας
1791 4688 1871 4759 τῷ

277 4773 563 4841 Καυκάσῳ
622 4775 993 4849 εὐωδεστέρας
1049 4779 1148 4848 τῆς
1192 4779 1297 4848 γῆς
1354 4779 1668 4835 αἰσθέσθαι.
1707 4781 1781 4833 Τὸ
1815 4780 1871 4834 δὲ

272 4865 407 4937 ὅρος
459 4865 618 4920 τοῦτο
679 4868 856 4939 ἀρχὴν
922 4870 1227 4941 ποιούμεθα
1285 4871 1381 4925 τοῦ
1425 4870 1643 4942 Ταύρου
1668 4871 1762 4925 τοῦ
1805 4872 1873 4925 δι’

290 4956 586 5027 Ἀρμενίας
614 4975 673 5011 τε
708 4960 803 5012 καὶ
845 4960 1087 5015 Κιλίκων
1139 4961 1235 5013 ἐπὶ
1299 4962 1635 5033 Παμφύλους
1662 4978 1722 5015 τε
1773 4961 1869 5015 καὶ

269 5047 545 5117 Μυκάλην
605 5050 936 5121 στείχοντος,
982 5052 1018 5122 ἢ
1077 5051 1391 5105 τελευτῶσα
1449 5054 1531 5117 είς
1557 5052 1859 5117 θάλασσαν,

268 5139 346 5210 ἦν
384 5141 571 5212 Κᾶρες
618 5143 852 5211 οἰκοῦσι,
901 5145 1083 5215 τέρμα
1138 5145 1234 5199 τοῦ
1269 5147 1565 5202 Καυκάσου
1603 5145 1867 5218 νομίζοιτ’

268 5233 365 5299 ἂν,
437 5234 553 5287 ἀλλ’
612 5237 731 5308 οὐχ,
790 5237 867 5301 ὡς
921 5237 1054 5291 ἔνιοί
1106 5254 1296 5307 φασιν,
1356 5241 1541 5310 ἀρχή·
1575 5239 1637 5292 τό
1663 5256 1724 5292 τε
1755 5238 1868 5308 γὰρ

266 5326 377 5395 τῆς
423 5324 691 5399 Μυκάλης
745 5327 881 5398 ὕψος
934 5326 1089 5381 οὔπω
1156 5329 1322 5399 μέγα,
1365 5330 1459 5382 καὶ
1481 5327 1870 5399 αἱὺπερϐολαὶ

267 5415 371 5472 τοῦ
408 5419 706 5473 Καυκάσου
728 5420 991 5475 τοσοῦτον
1007 5422 1299 5474 ἀνεστᾶσιν
1312 5421 1388 5484 ὼς
1420 5420 1700 5491 σχίζεσθαι
1736 5420 1867 5491 περὶ

271 5509 450 5574 αὐτὰς
471 5511 515 5543 ’⁸
545 5514 637 5567 τὸν
668 5512 842 5584 ἥλιον.
887 5513 1212 5585 Περισάλλει
1238 5513 1296 5567 δὲ
1334 5513 1535 5585 Ταύρῳ
1568 5513 1741 5584 ἑτέρῳ
1771 5514 1867 5567 καὶ

1898 4540 1950 4600 ι)

1979 4330 2168 4390 usque
2198 4335 2400 4389 regem,
2435 4334 2503 4374 ne
2533 4334 2593 4374 se
2633 4334 2799 4388 supra
2840 4316 3119 4371 hominem
3175 4312 3421 4367 eﬂerret.
3457 4309 3565 4364 llas

1976 4428 2107 4466 vero
2138 4411 2327 4466 dicunt
2354 4426 2565 4481 magos,
2598 4426 2719 4464 cum
2768 4409 2821 4463 in
2863 4408 3066 4478 regiam
3107 4406 3409 4466 venissent,
3441 4401 3561 4470 jus-

1975 4504 2115 4558 sisse
2148 4503 2285 4556 ﬂeri.
2321 4501 2528 4556 Vocant
2555 4510 2735 4553 autem
2770 4498 2915 4567 ipsas
2944 4497 3175 4549 deorum
3217 4493 3452 4562 linguas.

2043 4593 2358 4663 Apollonius
2405 4606 2458 4646 et
2509 4592 2599 4645 alii
2649 4599 2771 4658 post
2826 4587 2998 4652 illum,
3047 4584 3337 4643 Persarum
3395 4595 3564 4650 regno

1972 4695 2258 4750 exeuntes,
2311 4700 2434 4738 cum
2490 4683 2556 4737 ad
2604 4682 2907 4735 Caucasum
2962 4677 3560 4746 appropinquaverunt,

1970 4776 2168 4831 olentis
2216 4783 2376 4829 terra:
2416 4773 2718 4841 jucundum
2764 4772 2989 4825 odorem
3046 4776 3358 4822 senserunt.
3406 4763 3563 4820 Hunc

1972 4875 2154 4919 autem
2202 4873 2441 4919 montem
2484 4862 2812 4932 principium
2858 4861 3086 4914 facimus
3120 4856 3310 4923 'l‘auri,
3339 4858 3432 4927 qui
3467 4871 3564 4926 per

1971 4955 2287 5011 Armeniam
2334 4965 2389 5009 et
2427 4953 2696 5019 Ciliciam,
2731 4963 2782 5008 et
2814 4953 2879 5007 ad
2910 4952 3267 5021 Pamphiliam
3309 4964 3480 5020 usque
3507 4954 3564 5004 et

1976 5047 2153 5120 Mylen
2208 5047 2472 5118 procedit,
2522 5060 2643 5116 quae
2687 5045 2898 5115 Mycale
2944 5048 2998 5101 in
3044 5060 3195 5100 mare
3227 5044 3383 5113 juxta
3418 5041 3564 5112 quod

1974 5140 2145 5196 Cares
2191 5141 2463 5204 habitant,
2503 5138 2790 5203 deﬁniens,
2856 5139 3080 5194 Caucasi
3140 5136 3264 5207 finis
3312 5146 3558 5207 putatur,

1977 5250 2085 5291 non
2125 5245 2307 5287 autem
2354 5231 2686 5304 principium
2738 5240 2795 5285 ut
2844 5232 3164 5300 quibusdam
3209 5230 3406 5299 placet.
3441 5225 3561 5295 My-

1972 5329 2120 5385 cales
2152 5329 2295 5383 enim
2329 5327 2559 5381 altitudo
2594 5341 2701 5381 non
2734 5325 3026 5381 admodum
3066 5338 3258 5394 magna
3285 5330 3387 5387 est,
3418 5318 3559 5373 Cau-

1971 5422 2085 5476 casi
2120 5429 2299 5474 autem
2344 5421 2690 5474 summitates
2724 5419 2780 5475 in
2815 5427 3023 5472 tantum
3054 5427 3349 5483 exsurgere
3380 5411 3561 5482 perhi-

1976 5514 2194 5577 bentur,
2230 5520 2289 5564 ut
2332 5510 2413 5566 sol
2456 5511 2605 5566 circa
2660 5511 2779 5581 ipsa
2824 5508 3126 5565 scindatur.
3168 5501 3562 5574 Complectitur

1582 5625 1830 5681 VARIA":
1862 5624 2275 5682 LECTIONES.

320 5743 395 5805 θ’
429 5751 552 5815 post
581 5762 851 5814 γενεσεως
872 5745 924 5799 in
951 5745 994 5802 (Ζ
1020 5744 1176 5801 vacui
1210 5744 1512 5815 versusSS.
1550 5814 1568 5815 η
1590 5744 1637 5776 δ’
1655 5746 1721 5798 ὲκ
1743 5742 1837 5797 τοῦ
1863 5742 1944 5806 εἰς
1971 5740 2454 5815 τδνᾉᾌπολλώνιον
2483 5740 2596 5815 ΑΒ-
2612 5759 2628 5815 ι
2668 5740 3031 5815 ᾌπολλωνίου

275 5815 595 5876 Pbiloslrat.
631 5815 691 5870 V.
724 5818 789 5871 A.
823 5832 859 5879 ι,
882 5816 974 5872 25.

272 5891 324 5963 υ
350 5886 613 5953 τέσσαρες
637 5905 698 5954 ς,
773 5890 819 5925 ⁶⁹
846 5886 1167 5956 ἀνθρώπους
1200 5889 1274 5944 A:
1306 5886 1571 5959 οὐρανοὺς
1599 5904 1659 5951 ς’-

1080 5816 1128 5848 “
1153 5817 1368 5885 ῶρυγεν
1389 5814 1506 5870 AB:
1538 5814 1779 5885 ὤρυττεν
1808 5831 1866 5877 ς.

3080 5738 3195 5811 βίος
3232 5757 3295 5806 ς.
3379 5737 3424 5771 ⁸³
3454 5735 3565 5811 ὅτι]

3060 5809 3271 5867 δτδὲΑ
3320 5825 3335 5865 :
3386 5826 3447 5865 τε
3498 5809 3562 5876 ς.

1976 5814 2023 5848 ευ
2065 5812 2145 5887 δὲ]
2195 5813 2316 5887 libri
2361 5814 2454 5887 et.
2656 5812 2823 5887 «seu
2885 5831 2946 5879 ς.

1763 5885 1808 5918 ⁹⁰
1828 5884 1937 5961 ὅτι]
1971 5901 2033 5955 ιι,
2056 5886 2112 5940 ‘2.
2130 5882 2233 5961 '_"
2259 5882 2454 5957 αὐτὰς]
2488 5882 2653 5939 αὐτὸν
2678 5883 2786 5938 AB.
