3954 6432
480 392 617 459 1215

1614 387 1877 449 ΡΠΟΤΙΙ
1914 385 2419 448 PATRIARCH/E
2450 387 2556 447 (ΣΡ.

3576 392 3685 463 1Ξ16

477 516 660 562 autem
718 504 888 560 altera
948 511 1102 573 parte
1160 498 1380 555 Taurus
1442 498 1835 554 conterminam
1897 494 2061 549 Indiae

2167 493 2262 564 τὴν
2290 495 2488 567 ὅμορον
2520 498 2586 567 τῇ
2634 494 2827 568 Ἰνδικῇ
2878 496 3111 553 Σκυθίαν
3138 500 3338 565 πᾶσαν,
3376 500 3514 556 κατὰ
3538 504 3691 559 Matrit-

478 597 759 667 Scythiam
794 610 1008 657 omnem
1062 594 1214 664 juxta
1279 592 1608 653 Ma'otidem,
1668 596 1723 642 et
1776 586 2058 642 sinistrum

481 691 745 753 Pontum,
808 685 997 755 viginti
1055 685 1281 739 millium
1344 683 1644 739 stadiorum
1705 678 2056 748 longitudine.

480 779 713 833 Tantum
760 778 905 831 enim
948 785 1108 831 terrae
1151 777 1369 830 modum
1419 770 1801 842 complectitur
1832 768 2059 823 Caucasi

481 869 739 924 ambitus.
796 868 951 933 Quod
993 876 1171 921 autem
1222 876 1408 922 nostra
1456 879 1520 919 ex
1571 872 1723 933 parte
1757 860 2059 931 appellatus

481 958 694 1013 Taurus
732 973 896 1028 supra
943 958 1259 1013 Armeniam
1305 956 1687 1025 printendatur,
1723 952 1868 1021 quod
1902 950 2061 1019 longo

483 1060 727 1119 tempore
787 1051 1052 1103 creditum
1110 1063 1217 1102 non
1273 1056 1385 1108 est,
1438 1052 1703 1100 testantur
1758 1042 2058 1112 pantherae,

481 1158 621 1211 quas
660 1143 714 1197 in
751 1140 1078 1211 Pamphyliae
1112 1151 1300 1209 parte,
1362 1152 1481 1206 qua:
1536 1145 1780 1190 aromata
1832 1132 2060 1204 profert,

479 1245 668 1301 captas
710 1248 833 1288 esse
880 1231 1266 1299 comperimus.
1296 1228 1455 1281 Tales
1498 1228 1643 1281 enim
1695 1225 1824 1280 ferae
1863 1222 2060 1296 3241)

480 1324 814 1379 arotnatibus
853 1322 1112 1394 gaudent,
1148 1330 1203 1374 et
1251 1336 1315 1373 ex
1370 1319 1661 1390 longinquo
1707 1317 1930 1372 odorem
1981 1326 2063 1372 at-

480 1418 778 1480 trahentes,
801 1425 855 1469 et
881 1429 947 1467 ex
976 1412 1235 1467 Armenia
1269 1428 1364 1481 per
1389 1421 1602 1466 montes
1630 1408 2059 1480 proﬁciscentes,

477 1510 547 1560 ad
585 1505 822 1577 styracis
863 1504 1133 1576 lacrymas
1167 1502 1436 1567 feruntur,
1468 1503 1682 1571 quoties
1724 1501 1865 1554 venti
1902 1500 1969 1554 ab
1999 1515 2062 1555 ea

478 1605 630 1665 parte
675 1595 867 1651 ﬂantes
923 1595 991 1649 ab
1039 1595 1331 1649 arboribus
1377 1593 1431 1647 id
1480 1592 1682 1661 gummi
1732 1590 2063 1647 stillantibus

476 1688 700 1743 odorem
759 1688 1060 1757 perferunt.
1125 1685 1323 1754 Accepi
1395 1684 1560 1738 etiam
1635 1684 1687 1737 in
1744 1681 2062 1753 Pamphylia

477 1777 801 1846 pantheram
855 1786 1069 1846 captam
1131 1776 1316 1837 fuisse,
1358 1788 1581 1826 aureum
1628 1778 1874 1839 torquem
1916 1772 2059 1827 circa

476 1869 673 1925 Collum
721 1869 1010 1924 habentem
1054 1868 1333 1922 Armeniis
1380 1866 1578 1919 litteris
1626 1863 1933 1933 hujusmodi
1979 1865 2063 1919 iu-
2093 1835 2137 1898 Β

475 1966 744 2031 scriptum
780 1979 794 2016 :
832 1960 943 2015 Rex
990 1961 1211 2014 Arsaces
1251 1961 1346 2013 deo
1387 1955 1606 2028 Nysam.
1643 1956 1923 2026 Regnabat
1968 1973 2064 2011 au-

476 2062 584 2107 tent
643 2053 979 2121 temporibus
1034 2051 1140 2106 illis
1191 2049 1245 2104 in
1295 2047 1552 2104 Armenia
1601 2045 1857 2103 Arsaces.
1905 2045 1975 2112 Is,
2008 2057 2067 2103 ut

475 2146 693 2213 opinor,
746 2143 916 2198 [erant
977 2139 1178 2196 eximia
1239 2155 1351 2210 pra:
1411 2138 1626 2194 caeteris
1689 2137 2065 2210 magnitudine

474 2234 693 2290 Baccho
734 2234 993 2289 sacravit.
1054 2231 1301 2287 Bacchus
1344 2232 1488 2285 enim
1544 2226 1773 2301 Nysaeus
1816 2246 1845 2283 a
1889 2229 2062 2301 Nysa,

476 2344 599 2397 qua:
629 2328 680 2381 in
721 2326 871 2381 ludia
902 2335 1006 2390 est,
1036 2333 1403 2393 nuncupatur,
1438 2338 1544 2377 non
1580 2323 1648 2377 ab
1682 2320 1829 2377 ludis
1862 2323 2061 2390 solum,

475 2420 569 2473 sed
600 2416 853 2472 omnibus
894 2415 1168 2485 gentibus,
1202 2428 1321 2483 quae
1364 2413 1431 2467 ad
1475 2412 1749 2467 Orientem
1791 2420 2060 2481 spectant.

475 2508 571 2562 Illa
623 2524 777 2573 vero,
825 2521 987 2577 quam
1051 2504 1188 2570 dixi,
1262 2504 1378 2559 fera
1430 2503 1672 2558 cicurata
1723 2503 1791 2559 ab
1843 2503 2064 2559 homine

475 2602 790 2671 aliquandiu
846 2612 964 2666 est,
1023 2598 1305 2653 attrectari
1362 2595 1771 2666 demulcerique
1829 2597 2063 2666 patiens.

473 2690 815 2746 Adveniente
860 2698 1041 2744 autem
1092 2702 1239 2752 vero,
1287 2686 1379 2740 ubi
1435 2686 1650 2740 veneris
1695 2700 1814 2740 eam
1864 2684 2064 2756 cupido

475 2782 817 2847 stimulavit,
866 2781 1035 2835 maris
1083 2779 1357 2835 desiderio
1410 2789 1551 2833 tacta
1612 2778 1665 2832 in
1716 2789 1928 2834 montes
1972 2794 2065 2834 se-

473 2874 663 2935 cessit,
694 2872 886 2928 eodem
920 2871 1063 2941 quod
1101 2866 1347 2939 gestabat
1390 2879 1735 2925 ornamento.
1769 2870 1935 2939 Capta
1967 2886 2065 2924 au-

473 2974 584 3020 tem
647 2962 825 3018 fuerat
878 2958 932 3015 in
998 2959 1261 3017 interiore
1315 2961 1485 3016 Tauri
1544 2972 1700 3031 parte
1758 2971 2063 3015 aromatum

472 3057 642 3110 odore
688 3053 900 3108 allecta.
933 3049 1212 3109 Caucasus
1246 3064 1448 3119 autem,
1491 3053 1724 3109 Mediam
1766 3064 1927 3122 atque
1974 3053 2065 3106 ln-

2163 585 2245 638 τίν
2274 603 2334 638 τε
2369 589 2464 640 καὶ
2518 588 2807 659 ἀριστερὸν
2836 590 3058 655 Πόντον,
3091 591 3321 644 σταδίων
3356 592 3577 662 μάλιστα
3600 596 3693 651 δισ-

2165 674 2376 746 μυρίων
2425 675 2639 745 μῆκος·
2694 675 2950 730 τοσοῦτον
3005 678 3114 748 γάρ
3167 677 3351 749 ἐπέχει
3415 682 3597 750 μέτρον
3620 685 3697 752 τῆς

2162 766 2269 835 γῆς
2300 769 2327 820 ὁ
2354 765 2540 835 ἀγκὼν
2589 767 2684 821 τοῦ
2736 768 3054 823 Καυκάσου.
3085 764 3159 820 Τὸ
3181 769 3238 822 δὲ
3271 769 3397 839 περὶ
3458 770 3548 822 τοῦ
3578 771 3629 823 ὲν
3648 777 3700 843 τῇ

2163 860 2416 931 ἡμεδαπῇ
2472 856 2688 930 Ταύρου
2745 858 3058 930 λεγόμενον,
3089 859 3167 923 ὡς
3201 860 3341 931 ὑπὲρ
3386 860 3485 930 τὴν
3540 862 3703 932 ’Δρμε-

2163 951 2281 1005 νίαν
2321 950 2624 1022 πορεύοιτο,
2663 950 2839 1021 χρόνῳ
2869 951 3169 1021 ἀπιστηθὲν
3197 952 3511 1006 πιστοῦνται
3552 952 3703 1009 λοιπὸν

2164 1044 2222 1097 αἱ
2250 1042 2541 1114 παρδάλεις
2564 1043 2631 1106 ἃς
2660 1037 2779 1096 οἶδα
2800 1043 3169 1114 ἁλισκομένας
3191 1046 3238 1076 θ’
3270 1044 3327 1097 ὲν
3343 1047 3409 1115 τῇ
3428 1046 3704 1113 Παμφύλων

2163 1135 2580 1207 ἀρωματοφόρῳ
2603 1150 2617 1166 ο
2646 1134 2900 1205 χαίρουσι
2927 1134 3036 1205 γὰρ
3078 1136 3193 1198 τοῖς
3247 1132 3523 1205 ἀρώμασι,
3557 1136 3638 1189 καὶ
3658 1139 3706 1191 ὲκ

2165 1227 2362 1281 πολλοῦ
2416 1226 2516 1290 τάς
2576 1227 2755 1296 ὀσμὰς
2782 1226 3039 1279 ἕλκουσαι
3068 1226 3327 1296 φοιτῶσιν
3356 1225 3417 1290 ἐξ
3450 1227 3706 1296 Ἀρμενίας

2164 1320 2252 1374 διά
2291 1319 2399 1374 τῶν
2445 1319 2588 1388 ὀρῶν
2620 1319 2755 1391 πρὸς
2788 1318 2848 1373 τὸ
2880 1318 3115 1389 δάκρυον
3157 1318 3251 1371 τοῦ
3278 1317 3565 1389 στύρακος,
3585 1319 3708 1373 ἐπει-

2163 1409 2260 1465 δάν
2292 1412 2346 1464 οἵ
2370 1428 2429 1465 τε
2459 1413 2650 1483 ἄνεμοι
2683 1414 2777 1467 ἀπ’
2812 1413 2993 1467 αὐτῶν
3019 1412 3294 1467 πνεύσωσι
3342 1413 3439 1467 καὶ
3464 1414 3531 1468 τά
3551 1414 3710 1485 δένδρα

2163 1504 2348 1575 ὁπὼδη
2377 1503 2621 1575 γένηται.
2647 1504 2759 1557 Καὶ
2784 1502 2991 1558 ἁλῶναί
3016 1504 3148 1558 ποτέ
3168 1521 3333 1573 φασιν
3358 1506 3418 1558 ὲν
3449 1505 3711 1576 Παμφυλία

2164 1593 2452 1664 πορδάλιον
2473 1593 2519 1626 ⁸⁸
2554 1592 2810 1665 στρεπτῷ
2844 1593 2982 1663 ἅμα,
3016 1593 3077 1647 ὃν
3109 1594 3239 1664 περὶ
3276 1596 3342 1665 τῇ
3376 1593 3509 1664 δέρῃ
3554 1594 3709 1666 ἔφερε·

2163 1682 2401 1756 Χρυσοῦν
2434 1682 2490 1736 δὲ
2525 1679 2616 1753 ἦν,
2670 1682 2767 1738 καὶ
2795 1682 3189 1752 ἐπεγέγραπτο
3230 1683 3542 1754 Ἀρμενίοις
3568 1686 3716 1753 γράμ.

2168 1792 2298 1847 μασι
2319 1775 2622 1843 Βασιλεὺς
2649 1774 2940 1845 Ἀρσάκης
2963 1775 3085 1841 Θεῷ
3112 1776 3329 1840 Νυσίῳ,
3358 1775 3613 1836 Βασιλεὺς
3641 1778 3715 1847 μὲν

2165 1868 2230 1939 δὴ
2276 1868 2570 1939 Ἀρμενίας
2628 1869 2751 1922 τότε
2783 1862 2851 1940 ἦν
2890 1869 3185 1941 Ἀρσάκης,
3235 1869 3333 1922 καὶ
3388 1869 3550 1933 αὐτὸς
3593 1865 3718 1939 οἶμαι

2170 1960 2293 2015 ίδὼν
2328 1960 2428 2033 τὴν
2456 1959 2715 2033 πόρδαλιν
2728 1962 2778 1994 ’δ
2801 1961 2971 2031 ἀνῆκε
3002 1956 3078 2031 τῷ
3106 1961 3370 2032 Διονυσίῳ
3394 1961 3485 2014 διὰ
3526 1961 3719 2032 μέγεθος

2165 2050 2260 2106 τοῦ
2289 2052 2477 2124 θηρίου
2508 2070 2521 2083 ·
2583 2051 2786 2116 Νύσιος
2834 2050 2943 2122 γάρ
2972 2054 2999 2106 ὁ
3023 2053 3275 2117 Διόνυσος
3302 2053 3412 2106 ἀπὸ
3436 2053 3535 2121 τῆς
3558 2053 3611 2104 ὲν
3641 2053 3720 2104 Ἰν-

2165 2142 2272 2209 δοῖς
2343 2143 2566 2216 Νύσσης
2608 2142 2789 2208 Ἰνδοῖς
2815 2160 2876 2196 τε
2904 2140 3229 2212 ὀνομάζεται
3294 2144 3393 2196 καὶ
3451 2143 3584 2195 πᾶσι
3622 2144 3710 2203 τοῖς

2167 2237 2305 2309 πρὸς
2360 2237 2554 2291 ἀκτῖνα
2610 2234 2841 2290 ἔθνεσιν.
2886 2236 2950 2293 Ἦ
2974 2235 3031 2290 δὲ
3094 2235 3288 2308 χρόνον
3333 2236 3436 2305 μέν
3489 2253 3605 2287 τινα
3650 2234 3723 2286 ὕπ-

2168 2330 2404 2399 εζεύχθη
2434 2327 2730 2399 ἀνθρώπῳ,
2762 2326 2857 2381 καὶ
2901 2328 3061 2398 χεῖρα
3099 2328 3359 2396 ἠνέσχετο
3383 2325 3722 2395 ὲπαφωμένην

2164 2440 2225 2476 τε
2260 2422 2356 2477 καὶ¹
2407 2418 2743 2489 καταψῶσαν
2768 2437 2783 2451 ⁶
2826 2421 2951 2474 ἐπεὶ
2972 2419 3027 2473 δὲ
3058 2420 3417 2492 ἀνοίστρησεν
3442 2419 3604 2488 αὐτὴν
3627 2418 3722 2490 ἔαρ,

2166 2512 2425 2582 ἀνέθορεν
2448 2514 2505 2574 ἐς
2545 2514 2613 2565 τὰ
2664 2511 2768 2583 ὅρη
2830 2510 2981 2581 πόθῳ
3032 2509 3299 2581 ἀρσένων,
3360 2509 3440 2572 ὡς
3494 2504 3603 2577 εἶχε
3651 2506 3723 2560 τοῦ

2166 2604 2396 2673 κόσμου,
2448 2602 2546 2655 καὶ
2595 2602 2711 2673 ἥλω
2764 2600 2894 2671 περὶ
2930 2600 3022 2654 τὸν
3073 2601 3224 2654 κάτω
3271 2599 3493 2669 Ταῦρον
3525 2599 3623 2652 ὑπὸ
3650 2596 3721 2649 τοῦ

2166 2696 2457 2767 ἀρώματος
2498 2690 2775 2763 έλχθεῖσα.
2818 2693 2877 2747 Ὁ
2908 2694 2966 2747 δὲ
2995 2693 3289 2754 Καύκασος
3323 2691 3504 2761 ὁρίζει
3532 2691 3623 2759 μὲν
3645 2689 3722 2760 τὴν

2178 2787 2407 2857 Ἰνδικὴν
2431 2785 2526 2840 καὶ
2573 2785 2671 2856 τὴν
2696 2782 2968 2858 Μηδικὴν,
3002 2781 3234 2854 καθήκει
3258 2783 3317 2837 δὲ
3345 2783 3443 2835 ἐπὶ
3469 2783 3566 2853 τὴν
3602 2780 3727 2852 Ἐρυ-

2167 2876 2304 2949 θράν
2365 2876 2641 2930 θάλασσαν
2707 2872 2881 2947 ἑτέρῳ
2930 2872 3162 2943 ἀγκῶνι.
3194 2872 3319 2926 Ὅτι
3370 2868 3728 2942 παραμείψαν·

2166 2988 2267 3037 τας
2300 2973 2347 3005 ³⁵
2379 2971 2469 3026 τὸν
2510 2970 2809 3026 Καύκασον
2861 2968 3229 3039 τετραπήχεις
3273 2964 3599 3035 ἀνθρώπους
3629 2962 3729 3015 ίδεῑν

2168 3079 2336 3133 φησιν
2354 3062 2424 3128 ⁸⁸,
2459 3060 2554 3126 οὒς
2593 3060 2698 3133 ήδη
2760 3056 3112 3131 μελαίνεσθαι
3157 3056 3254 3110 καὶ
3284 3053 3649 3124 πενταπήχεις
3687 3052 3729 3106 δὲ

474 3147 620 3200 diam
676 3146 997 3212 terminans,
1047 3144 1098 3198 in
1146 3160 1296 3200 mare
1348 3143 1591 3200 Rubrum
1648 3145 1822 3200 altero
1880 3145 2064 3199 cubito

2168 3156 2415 3226 ἐτέρους,
2473 3152 2615 3223 ὑπὲρ
2664 3152 2758 3206 τὸν
2805 3149 2965 3204 Ἰνδὸν
3000 3147 3247 3218 ποταμὸν
3275 3143 3407 3219 [550
3447 3142 3538 3216 IL]
3582 3142 3729 3195 ὲλθόνο

474 3236 777 3292 descendit.
813 3234 1252 3291 Transeuutibus
1294 3246 1476 3292 autem
1508 3226 1814 3292 Caucasum
1843 3237 2063 3307 quadri-

474 3327 689 3381 cubitos
738 3326 986 3380 homines
1035 3325 1343 3379 occurrisse
1394 3324 1597 3389 ferunt,
1651 3326 1835 3380 colore
1872 3326 2062 3381 subni-

474 3434 641 3491 gros,
696 3418 942 3487 aliosque
998 3417 1201 3472 vidisse
1251 3418 1556 3474 cubitorum
1608 3420 1880 3489 quinque,
1936 3435 2061 3475 cum

476 3521 626 3566 trans
663 3507 861 3565 ﬂumen
902 3509 1092 3565 ludum
1138 3512 1536 3578 pervenissent.
1572 3511 1713 3567 Cum
1756 3512 1869 3583 jam
1909 3529 2059 3569 mou-

477 3614 586 3658 tem
635 3603 963 3674 transgressi
1002 3611 1204 3667 essent,
1254 3604 1356 3660 viri
1406 3615 1765 3660 occurrerunt
1812 3604 1904 3674 qui
1947 3605 2061 3661 ele-

475 3696 699 3766 phantis
749 3698 1103 3755 vehebantur.
1152 3696 1217 3753 Hi
1253 3707 1433 3753 autem
1478 3707 1627 3764 sunt,
1658 3698 1750 3767 qui
1787 3697 2061 3768 regionem

476 3789 663 3843 colunt
703 3788 842 3842 intra
891 3786 1198 3845 Caucasum
1248 3801 1486 3845 montem
1528 3798 1583 3845 et
1611 3788 1922 3861 Cophenem
1966 3789 2066 3844 ﬂu-

475 3882 647 3950 vium,
683 3884 933 3941 homines
975 3887 1134 3955 plane
1171 3883 1381 3950 inculti,
1414 3896 1469 3939 et
1504 3882 1918 3953 elephantorum
1951 3898 2066 3939 ses-

473 3988 653 4042 sores,
684 3990 915 4045 quorum
960 3975 1050 4030 alii
1100 3974 1264 4031 etiam
1307 3974 1533 4031 camelis
1576 3974 1905 4041 insidebant,
1945 3975 2067 4043 qui-

476 4066 581 4120 bus
614 4067 681 4121 ad
716 4083 939 4122 cursum
972 4075 1201 4121 utuntur
1245 4065 1385 4133 Indi,
1419 4067 1615 4136 hisque
1657 4082 1764 4123 uno
1799 4068 1886 4122 die
1920 4067 2067 4123 mille

476 4158 775 4213 stadiorum
810 4159 913 4214 iter
943 4160 1257 4224 contlciunt,
1286 4167 1342 4213 et
1372 4173 1547 4228 genua
1586 4157 1773 4213 nullihi
1814 4158 2063 4215 ﬂectunt.

477 4250 668 4306 ludum
706 4249 925 4307 ﬂuvium
962 4251 1279 4322 Apollonius
1310 4266 1435 4306 cum
1479 4250 1595 4306 suis
1637 4250 1870 4321 trajecit,
1911 4254 2067 4325 cujus

2161 3264 2282 3311 τας.
2332 3243 2516 3301 “Ott”
2544 3242 2890 3313 ὑπερϐάντας
2937 3242 3072 3314 φησὶ
3096 3241 3156 3293 τὸ
3180 3236 3305 3311 ὄρος
3330 3239 3427 3292 τὸν
3468 3235 3725 3291 Καύκασον

2164 3334 2416 3409 ἐντυχεῖν
2443 3336 2538 3391 ἐπὶ
2589 3334 2900 3406 ἐλεφάντων
2949 3333 3050 3405 ἤδη
3111 3332 3436 3402 ὀχουμένοις
3482 3325 3725 3398 ἀνδράσιν.

2162 3432 2283 3487 Εἰσὶ
2307 3432 2351 3486 δ’
2384 3420 2532 3484 οὗτοι
2554 3429 2712 3499 μέσοι
2731 3427 3031 3481 Καυκάσου
3060 3424 3157 3478 καὶ
3184 3420 3439 3493 ποταμοῦ
3476 3421 3726 3489 Κωφῆνος,

2162 3524 2308 3580 άὸιοί
2333 3541 2393 3577 τε
2424 3523 2519 3576 καὶ
2550 3520 2776 3575 ἱππόται
2804 3517 2902 3590 τῆς
2936 3515 3141 3588 ἀγέλης
3170 3516 3399 3584 ταύτης.
3444 3513 3555 3566 Καὶ
3576 3512 3726 3580 κάμῃ·

2161 3618 2243 3673 λοι
2259 3618 2317 3671 δὲ
2339 3616 2514 3678 ένίους
2544 3609 2701 3686 ἦγον,
2725 3605 2815 3676 αἷς
2841 3610 3086 3683 χρῶνται
3127 3607 3280 3661 Ἰνδοὶ
3305 3607 3362 3670 ὲς
3403 3607 3479 3660 τὰ
3506 3602 3724 3675 δρομικά·

2163 3706 2485 3780 πορεύονται
2515 3703 2571 3756 δὲ
2610 3701 2757 3774 χίλια
2810 3699 3001 3756 στάδια
3059 3699 3148 3752 διὰ
3202 3696 3302 3767 τῆς
3363 3692 3725 3767 ἡμέρα;,γόνυ

2161 3798 2398 3870 οὐδαμοῦ
2457 3794 2766 3867 κάμψασαι.
2806 3790 2999 3846 "Ott."
3040 3790 3201 3846 Ἰνδὸν
3254 3786 3665 3860 ἐπεραιώθησαν
3691 3782 3728 3835 οἱ

2162 3895 2293 3961 περὶ
2366 3886 2726 3942 Ἀπολλώνιον
2791 3882 3040 3948 σταδίους
3099 3881 3334 3953 μάλιστα
3397 3888 3491 3952 μύ
3549 3880 3607 3931 τὸ
3649 3876 3731 3944 τὰρ

2163 3982 2410 4053 πλώϊμον
2478 3982 2644 4037 αὑτοῦ
2705 3976 2980 4034 τοσοῦτον.
3046 3973 3209 4049 [1000
3248 3974 3344 4047 R.)
3378 3966 3731 4046 Ἀρχεσθαιδὲ

2165 4075 2331 4130 αὐτόν
2388 4090 2551 4143 φασιν
2576 4073 2642 4125 ἔκ
2669 4066 2763 4125 τοῦ
2828 4068 3126 4125 Καυκάσου
3184 4067 3355 4139 μείζω
3386 4065 3616 4119 αὐτόθεν
3643 4060 3669 4130 ἦ
3692 4058 3728 4109 οἱ

2167 4168 2313 4223 κατὰ
2360 4166 2461 4238 τὴν
2529 4163 2714 4218 Ἀσίαν
2769 4160 3008 4233 ποταμοὶ
3056 4158 3277 4224 πάντες,
3339 4157 3644 4228 προχωρεῖν
3684 4148 3726 4203 δὲ

2166 4257 2397 4322 πολλοὺς
2418 4256 2526 4310 τῶν
2552 4252 2901 4324 ναυσιπύρων
2935 4250 3137 4305 ἑαυτοῦ
3170 4247 3502 4319 ποιούμενον
3518 4246 3582 4300 99.

476 4341 726 4409 latitudo,
758 4359 863 4413 qua
916 4343 1225 4412 navigatur,
1268 4343 1459 4399 stadiis
1497 4343 1671 4399 ferme
1705 4360 1773 4400 τι,
1815 4350 2180 4408 extenditur:
2214 4360 2396 4405 ortum
2464 4366 2495 4405 e
2541 4346 2791 4403 Caucaso
2839 4345 3008 4409 ducit,
3040 4353 3095 4400 et
3170 4343 3282 4413 jam
3367 4340 3495 4395 inde
3561 4337 3733 4392 cznteris

475 4438 620 4493 Asiae
656 4435 835 4491 ﬂuviis
866 4436 1038 4507 major
1071 4455 1085 4490 :
1119 4433 1314 4491 deinde
1344 4436 1646 4505 procedens
1674 4438 1877 4494 multos
1906 4443 2245 4514 navigabiles
2287 4442 2485 4498 ﬂuvios
2516 4457 2585 4498 ex
2619 4455 2679 4496 se
2714 4439 2990 4510 producit.

550 4516 703 4586 Ultra
748 4528 970 4583 ﬂuvium
1013 4538 1195 4582 autem
1233 4537 1521 4597 pergentes
1558 4528 1707 4597 ipsos
1735 4528 1841 4584 dux
1881 4546 1911 4585 a
1952 4530 2056 4586 Sa-
2093 4535 2138 4592 D

477 4633 633 4691 trapa
669 4622 847 4685 datus,
881 4630 1028 4675 recta
1072 4620 1139 4672 ad
1171 4617 1374 4672 Taxala
1403 4619 1557 4674 duxit
1590 4638 1604 4674 :
1642 4618 1733 4673 ubi
1762 4621 1912 4691 regia
1943 4633 2064 4678 erat

479 4715 729 4772 Indorum
763 4713 923 4781 regis.
967 4712 1066 4778 Qui
1095 4726 1251 4766 secus
1294 4709 1481 4765 ludum
1522 4710 1744 4767 ﬂuvium
1788 4712 2062 4782 habitant,

480 4807 641 4862 lineis
665 4805 906 4858 vestibus
932 4802 1284 4857 amiciuntur.
1318 4800 1509 4858 Linum
1551 4815 1733 4860 autem
1764 4804 2057 4874 plurimum

480 4903 537 4969 in
591 4897 736 4968 agris
786 4895 1048 4950 nascitur.
1101 4893 1479 4951 Calceamenta
1529 4912 1598 4952 ex
1650 4912 1857 4968 papyro
1917 4897 2061 4954 facta

480 5000 734 5067 gestant;
778 4988 1075 5044 nobiliores
1115 5003 1247 5044 vero
1289 4989 1455 5061 bysso
1507 4990 1825 5045 induuntur.
1868 4989 2068 5062 Byssus

480 5100 551 5140 ex
579 5082 776 5139 arbore
808 5081 1052 5135 nascitur
1079 5099 1093 5134 :
1123 5096 1243 5151 quae
1276 5081 1534 5137 inferiore
1564 5084 1644 5136 sui
1677 5092 1833 5152 parte
1874 5084 2072 5153 populo

482 5172 680 5229 similis
710 5181 813 5235 est,
855 5168 998 5224 foliis
1033 5182 1212 5225 autem
1250 5172 1426 5227 salici.
1458 5170 1595 5224 Cum
1641 5171 1865 5227 vidisset
1900 5170 2075 5242 Apol-

484 5264 666 5320 lonius
701 5263 949 5332 byssum,
1010 5265 1230 5333 gavisus
1280 5273 1383 5327 est,
1441 5261 1567 5331 quia
1620 5258 1776 5316 l'usco
1824 5260 2074 5328 amictui,

484 5370 647 5424 quem
706 5354 995 5426 gestabat,
1056 5370 1162 5409 non
1221 5351 1502 5409 dissimilis
1560 5353 1850 5407 admodum
1908 5362 2074 5408 esset.

485 5443 681 5505 Taxila
711 5463 842 5505 vero
888 5447 1260 5519 magnitudine
1302 5443 1502 5517 325a
1553 5444 1620 5500 ab
1666 5444 1890 5513 antiqua
1935 5442 2076 5499 Nino

2236 4533 2395 4588 Ὀτιί
2436 4532 2590 4602 φησὶ,
2633 4528 3009 4601 Πορευθέντας
3045 4526 3241 4588 αὐτοὺς
3285 4523 3429 4602 ὑπὲρ
3471 4524 3561 4576 τὸν
3603 4518 3733 4572 Ἰνδὸν

2168 4600 2611 4695 ποταμὺνίῆγεν
2640 4620 2669 4675 6
2703 4600 2854 4690 παρά
2912 4617 3006 4671 τοῦ
3076 4600 3357 4687 σατράπου
3389 4612 3613 4685 ἡγεμὼν
3634 4610 3732 4663 εὑθῦ

2167 4715 2277 4770 τῶν
2341 4712 2607 4780 Ταξὶλων,
2635 4705 2697 4767 οὗ
2730 4711 2803 4765 τὰ
2835 4709 3084 4782 βασίλεια
3125 4702 3192 4779 ἦν
3222 4706 3302 4777 τῷ
3341 4704 3509 4777 Ἰνδῷ.
3574 4699 3735 4767 Στολὴν

2168 4806 2215 4862 δ’
2251 4803 2391 4861 εῖναι
2442 4809 2556 4869 τοῖς
2597 4803 2737 4876 μετὰ
2769 4804 2860 4857 τὸν
2903 4801 3067 4855 Ἰνδὸν
3096 4799 3245 4852 λίνου
3289 4799 3456 4867 φασὶν
3506 4793 3733 4865 ἐγχωρίου

2170 4901 2266 4955 καὶ
2293 4898 2620 4970 ὑποδήματα
2658 4895 2878 4965 βύὸλου.
2913 4893 3027 4947 Καὶ
3054 4891 3237 4963 βύσσῳ
3266 4890 3323 4944 δὲ
3352 4890 3481 4952 τοὺς
3523 4899 3735 4957 φανερω-

2170 4979 2367 5065 τέρους
2425 4990 2606 5046 αὐτῶν
2644 4986 2922 5042 ἐστάλθαιο
2956 4985 3055 5056 τὴν
3084 4984 3141 5037 δὲ
3166 4982 3363 5053 βύσσον
3393 4981 3621 5051 φύεσθαι
3647 4975 3734 5030 δέν-

2170 5082 2299 5155 δρου
2350 5084 2513 5152 φασὶν
2541 5079 2728 5149 ὁμοίου
2766 5078 2867 5149 μὲν
2895 5078 2964 5147 τῇ
2996 5075 3018 5107 ⁸
3055 5073 3229 5145 λεύκῃ
3243 5074 3341 5145 τὴν
3376 5073 3551 5143 βάσιν,
3586 5081 3733 5137 παρα-

2172 5174 2403 5242 πλησίου
2458 5168 2513 5224 se
2543 5170 2610 5239 τῇ
2644 5167 2762 5237 ἰτέᾳ
2790 5166 2858 5220 τά
2896 5164 3125 5218 πέταλα.
3174 5164 3285 5215 Καὶ
3345 5157 3576 5231 ἡσθῆναί
3625 5166 3729 5223 φησι

2172 5269 2239 5337 τῇ
2268 5263 2451 5334 βύσσῳ
2471 5264 2499 5314 ὁ
2549 5258 2929 5319 Ἀπολλώνιος,
2957 5253 3145 5324 ἐπειδὴ
3168 5252 3310 5305 ἔοικε
3345 5249 3489 5319 φαιῷ
3517 5246 3726 5317 τρίϐωνι.

2174 5354 2257 5408 Τά
2282 5355 2339 5408 δὲ
2372 5348 2573 5418 Τάξιλα
2611 5349 2841 5421 μέγεθος
2895 5348 2992 5420 μὲν
3048 5342 3191 5400 εἶναι
3243 5342 3386 5397 κατὰ
3433 5341 3532 5409 τὴν
3578 5337 3727 5393 Νῖνον,

2172 5442 2505 5513 τετειχίσθαι
2531 5442 2587 5494 δὲ
2646 5440 2978 5513 συμμέτρως
3017 5437 3204 5507 ὥσπερ
3249 5435 3306 5487 αι
3340 5430 3604 5492 Ἐλλάδες,
3652 5424 3727 5494 βα·

1804 5583 2044 5640 VARUE
2071 5583 2479 5639 LECTlONES.

564 5683 611 5717 θ’
633 5673 1148 5751 οἷδαάλισκομένας
1184 5678 1306 5733 AB:
1343 5680 1392 5732 oi.
1419 5676 1834 5751 διαλισκομένας
1872 5693 1931 5739 ς.

564 5693 611 5717 ν’
633 5693 753 5735 οιδα
784 5693 1148 5751 αλισκομενας
1184 5693 1306 5733 AD:
1343 5693 1392 5732 ot
1419 5693 1662 5732 οιαΑισκο

497 5750 855 5820 παραμείψας
881 5768 942 5820 ς.
1016 5751 1065 5783 ⁸⁸
1086 5750 1206 5805 libri
1245 5750 1431 5818 φασὶν.
1501 5693 1707 5820 ﬂatur

499 5816 607 5875 om.
634 5816 696 5885 ςί.
763 5816 791 5855 ἶ
816 5819 919 5887 ὅτιι
946 5836 1005 5883 ιι,
1039 5822 1131 5874 ‘20.
1207 5822 1228 5853 ³
1250 5816 1316 5888 τῇ
1343 5834 1452 5875 Olli.
1486 5816 1595 5873 AB.

2031 5678 2077 5709 9’
2108 5677 2371 5750 πάρδαλιν
2538 5684 2584 5716 θτ
2618 5678 2879 5750 πάρδαλιν
2909 5694 2969 5740 ςο

1717 5762 1774 5812 tt,
1799 5748 1848 5801 6.
1928 5746 1973 5780 9⁸
1998 5746 2076 5802 ὅτι
2108 5747 2288 5801 Ἰνδόν.

3076 5676 3123 5707 ⁸⁸
3156 5665 3599 5739 παραμείψξνζεαε
3620 5652 3720 5739 AP}

2403 5711 2460 5733 "'
2541 5711 2581 5716 ”
2625 5711 2879 5760 ’ξανυυυιιτ
2909 5711 2969 5740 δ’
3160 5711 3460 5739 ’νυ-ι’*Γ--τι
3582 5711 3594 5717 -
3652 5722 3665 5754 ί
3710 5711 3719 5759 ξ

2401 5748 2447 5782 θθ
2481 5750 2673 5803 ἑαυτου
2725 5757 3049 5818 ποιούμενον
3073 5742 3157 5814 (tt,
3198 5742 3284 5812 l8)
3312 5754 3419 5795 om.
3450 5729 3553 5786 AB.
3684 5737 3708 5771 0
