3954 6470
281 410 420 490 1217

1376 409 1903 480 BIBLIOTHECA.
1932 443 2001 453 -·-
2039 418 2200 478 COD.
2243 417 2483 479 CCXLI.

3417 419 3554 486 1218

277 540 455 593 σίλεια
498 538 542 592 δ’
571 532 711 592 εἶναι
749 534 941 607 ἀνδρὸς
1003 534 1100 604 τὴν
1160 532 1353 604 Πώρου
1394 535 1529 588 ποτὲ
1567 533 1740 604 ἀρχὴν
1771 532 1863 604 ἅρ-

1969 547 2073 586 non
2118 531 2344 585 multum
2384 529 2584 595 ditl‘ert,
2620 538 2675 586 et
2719 531 2909 587 Graeco
2954 545 3106 587 more
3150 533 3415 589 aediﬁcata
3448 548 3553 592 est.

274 647 466 701 χοντος
487 631 524 680 ⁸.

380 724 477 775 Οτι
500 723 521 754 ⁸
552 722 604 775 αἱ
628 718 802 787 πτιγαὶ¹
831 717 925 771 τοῦ
969 718 1229 784 Ὑφάσιος
1257 718 1526 786 ποταμοῦ,
1564 711 1609 786 ᾧ
1635 718 1872 788 πλησιά-

277 834 375 870 σαι
403 815 537 885 φησὶ
589 811 716 875 τοὺς
784 812 913 881 περὶ
964 810 1334 863 Ἀπολλώνιον
1397 810 1489 862 τὸν
1557 809 1874 881 Ὑδραώτην

275 905 629 975 ὑπερϐάντας
656 903 755 955 καὶ
807 900 979 954 πολλὰ
1028 901 1421 970 διαμείψαντας
1470 899 1621 972 ἔθνη,
1677 898 1870 954 τούτου

275 998 345 1067 δὴ
368 997 455 1049 τοῦ
488 998 735 1065 ποταμοῦ
784 996 840 1045 αἱ
876 995 1052 1060 πηγαὶ
1107 992 1363 1062 βλύζουσι
1422 993 1521 1062 μὲν
1579 995 1644 1046 ὲκ
1686 993 1869 1046 πεδίου

278 1083 599 1153 ναυσίποροι
632 1081 885 1146 αὐτόθεν,
942 1081 1225 1151 προϊοῦσαι
1275 1081 1330 1134 δὲ
1381 1082 1474 1133 καὶ
1543 1083 1731 1135 ναυσὶν
1765 1083 1865 1153 ἤδη

276 1174 477 1245 ἄποροί
507 1176 645 1226 εἰσιν
667 1190 681 1204 ⁸
714 1173 1055 1244 ἀκρωνυχίαι
1086 1172 1107 1202 ⁸
1147 1172 1293 1244 γὰρ’
1328 1172 1614 1244 παραλλὰξ
1647 1175 1870 1245 πετρῶν

279 1268 645 1336 ὑπανίσχουσι
678 1266 772 1319 τοῦ
791 1266 1001 1330 ὓδατος,
1038 1263 1167 1335 περὶ
1212 1263 1279 1325 ἃς
1312 1265 1525 1336 ἀνάγκη
1577 1264 1637 1317 τὸ
1690 1264 1868 1335 ῥεῦμα

276 1358 584 1412 ἑλίττεσθαι
615 1357 711 1413 καὶ
736 1359 909 1410 ποιεῖν
943 1356 1033 1410 τὸν
1064 1357 1308 1427 ποταμὸν
1337 1357 1561 1411 ἄπλουν.
1598 1352 1770 1427 Εὖρος
1807 1357 1865 1409 δὲ

280 1452 468 1522 αὐτῷδ
503 1451 646 1504 κατὰ
671 1451 762 1503 τὸν
796 1451 1008 1520 Ἴστρον
1036 1466 1049 1479 ·
1099 1448 1363 1520 ποταμῶν
1409 1448 1465 1502 δὲ
1510 1440 1665 1512 οὗτος
1718 1449 1868 1502 δοκεῖ

283 1543 562 1612 μέγιστος,
602 1540 790 1595 ὁπόσοι
822 1540 890 1593 δι’
916 1540 1192 1611 Εὐρώπης
1226 1540 1428 1609 ῥέουσι.
1478 1538 1677 1608 Δένδρα
1710 1540 1756 1592 δ’
1784 1540 1811 1592 ὁ
1845 1540 1865 1573 ⁹

282 1633 523 1702 ’Ὕφασις
548 1632 854 1704 προσόμοια
885 1631 928 1663 ¹⁰
960 1629 1084 1700 φύει
1112 1630 1151 1661 ¹¹
1182 1632 1310 1701 περὶ
1333 1630 1431 1692 τὰς
1453 1628 1641 1700 ὄχθας,
1695 1628 1787 1682 καί
1811 1646 1864 1682 τι

278 1722 377 1775 τιιαλ⁵
405 1720 574 1792 μύρον
601 1720 869 1773 ἐκδίδοται
891 1718 1000 1772 τῶν
1033 1718 1284 1789 δένδρων,
1311 1718 1340 1771 ὃ
1382 1718 1662 1772 ποιοῦνται
1705 1719 1867 1773 Ἰνδοὶ¹

279 1814 519 1884 γαμικὸν
553 1814 783 1884 χρίσμα.
813 1813 924 1866 Καὶ
954 1812 1079 1874 τοὺς
1103 1810 1253 1881 ἰχθῦς
1284 1810 1341 1863 δὲ
1372 1811 1498 1873 τοὺς
1520 1810 1664 1873 ταὼς
1703 1810 1860 1879 λεγο-

1977 623 2105 677 Erat
2137 634 2315 675 autem
2348 622 2493 693 regia
2524 621 2672 685 Pori,
2704 637 2925 692 regnum
2954 624 3269 679 obtinentis.

2046 713 2246 767 Fontes
2271 712 2611 783 Hypbasidos
2636 712 2807 776 ﬂuvii,
2830 715 2914 769 cui
2942 717 3403 785 apprOpinquasse
3427 719 3558 775 dicit

1973 803 2346 872 Apollonium,
2362 802 2631 873 llydruote
2651 813 2923 872 superato,
2942 804 3027 873 plu
3038 806 3299 874 rimisque
3311 808 3559 875 gentibus

1975 894 2303 965 peragratis,
2334 895 2515 960 hujus,
2543 895 2784 962 inquam,
2806 893 2951 948 ﬂuvii
2982 894 3159 951 fontes
3184 911 3213 951 e
3239 898 3354 951 solo
3380 909 3559 952 scatu-

1974 986 2144 1051 rluut,
2166 995 2357 1054 estque
2378 984 2571 1040 ﬂuvius
2589 986 2704 1053 ipse
2726 1002 2751 1038 a
2782 984 3048 1054 principio
3072 988 3408 1058 navigabilis,
3427 1006 3559 1059 pan-

1972 1077 2139 1131 lnlum
2161 1093 2290 1131 vero
2315 1078 2612 1146 procedens
2636 1077 2861 1132 navibus
2884 1079 3060 1133 invius
3082 1089 3185 1135 est.
3210 1080 3382 1136 Petrae
3404 1100 3557 1137 uatu-

1972 1181 2078 1237 que
2102 1168 2369 1235 superiori
2398 1176 2551 1235 parte
2581 1178 2774 1233 acutm,
2797 1178 2960 1237 atque
2984 1168 3125 1223 inter
3147 1185 3206 1226 se
3228 1172 3429 1239 densae,
3454 1176 3557 1228 sub

1971 1272 2111 1326 aqua
2136 1257 2367 1311 latentes
2391 1258 2458 1311 ab
2478 1257 2629 1312 alveo
2652 1260 2984 1326 prominent,
3005 1261 3199 1329 quibus
3224 1278 3362 1332 aqua
3389 1264 3555 1329 illisa,

1970 1360 2019 1404 et
2043 1351 2094 1405 in
2119 1365 2178 1405 se
2207 1365 2468 1405 conversa
2489 1350 2908 1421 innavigabilem
2934 1351 3156 1408 ﬂuvium
3182 1355 3381 1410 reddit.
3410 1356 3557 1410 Lati-

1973 1442 2100 1497 tudo
2139 1455 2271 1495 vero
2316 1440 2513 1495 Istrum
2565 1441 2838 1511 adaequat,
2875 1443 2966 1512 qui
3006 1443 3235 1514 Europa:
3277 1446 3554 1501 ﬂuminum

1971 1533 2242 1587 maximus
2277 1533 2525 1587 habetur.
2557 1534 2615 1587 In
2656 1533 2790 1604 ripis
2827 1535 2943 1604 ejus
2976 1538 3200 1592 arbores
3240 1550 3554 1605 nascuntur,

1968 1624 2175 1699 similes
2193 1624 2260 1678 iis
2282 1624 2374 1694 qui
2399 1624 2464 1678 ad
2488 1624 2686 1679 Istrum
2714 1636 3029 1691 nascuntur,
3049 1643 3077 1679 a
3097 1629 3295 1697 quibus
3318 1645 3557 1699 unguen-

1970 1723 2080 1767 tum
2122 1695 2369 1780 distillat,
2400 1726 2506 1785 quo
2554 1715 2605 1768 in
2640 1718 2857 1787 nuptiis
2904 1718 3018 1772 ludi
3062 1695 3287 1789 perungi
3327 1695 3558 1777 consue-

1969 1823 2116 1863 vere.
2172 1808 2358 1864 Pisces
2405 1809 2571 1864 etiam
2627 1824 2765 1878 quos
2815 1811 2959 1865 Taos
3013 1812 3285 1881 appellant
3336 1814 3390 1868 in
3454 1816 3557 1870 hoc

282 1906 479 1975 μένους
505 1905 666 1973 μόνος
691 1896 848 1967 οὗτος
882 1901 1142 1972 ποταμῶν
1185 1901 1373 1972 τρέφει
1401 1921 1415 1934 ·
1474 1902 1795 1973 πεποίηνται
1818 1903 1862 1934 ¹²

1970 1897 2231 1952 duntaxat
2264 1897 2490 1952 ﬂumine
2524 1899 2655 1952 oriri
2694 1899 2977 1969 perhibent
3012 1917 3025 1952 ε
3066 1910 3331 1954 vocantur
3373 1913 3553 1955 autem

277 1993 335 2047 δὲ
367 1992 564 2056 αὐτοὺς
593 1992 920 2063 ὁμωνύμους
949 1992 1043 2045 τοῦ
1081 1992 1315 2062 ὄρνιθος,
1344 1992 1468 2045 ἐπεὶ
1507 1992 1725 2045 κυάνεοι
1764 1992 1862 2062 μὲν

279 2086 462 2147 αὐτοῖς
488 2086 536 2138 οἱ
561 2084 736 2154 λόφοι,
773 2084 989 2137 στικταλ.
1008 2084 1065 2136 δὲ
1099 2084 1155 2136 αἱ
1202 2083 1434 2153 φολίδες,
1468 2084 1646 2154 χρυσᾶ
1689 2083 1744 2136 δὲ
1792 2082 1861 2136 τὰ

275 2177 611 2245 ούραία,καὶ
631 2176 796 2229 ὁπότε
832 2176 1126 2246 βούλοιντο,
1176 2174 1561 2245 ἀνακλώμενα.
1600 2175 1755 2228 Ἔστι
1806 2175 1863 2228 δέ

275 2283 331 2319 τι
354 2268 398 2298 ¹³
434 2266 622 2337 θηρίον
646 2266 704 2317 ὲν
730 2264 809 2335 τῷ
835 2263 1068 2335 ποταμῷ
1101 2263 1345 2335 σκώληκι
1372 2264 1698 2334 εἰκασμένον
1738 2264 1863 2317 λευ-

275 2357 383 2427 κῷ,
414 2357 603 2411 τοῦτον
629 2358 740 2411 δὀἱ
761 2358 1023 2428 τήκοντες
1057 2348 1237 2409 ἔλαιον
1277 2352 1577 2409 ποιοῦνται.
1627 2354 1748 2426 Πῦρ
1806 2355 1862 2408 δὲ

274 2451 387 2520 ἄρα
414 2450 506 2503 τοῦ
541 2449 724 2503 ἐλαίου
767 2450 961 2503 τούτου
1016 2447 1307 2508 ἐκδίδοται,
1360 2448 1456 2500 καὶ
1491 2448 1674 2514 στέγει
1732 2446 1865 2511 αὐτὸ

275 2543 423 2614 πλὴν
451 2542 609 2597 ὑέλου
642 2541 820 2597 οὐδέν.
884 2540 1192 2593 ’Δλίσκεται
1221 2539 1284 2608 δὴ
1348 2539 1495 2609 μόνῳ
1545 2540 1623 2608 τῷ
1655 2538 1864 2609 βασιλεῖ

272 2633 342 2686 τὸ
372 2632 558 2703 θηρίον
602 2631 763 2685 τοῦτο
790 2630 930 2701 πρὸς
957 2629 1155 2699 τειχῶν
1213 2630 1414 2686 ἤλωσιν
1435 2645 1450 2660 ⁸
1492 2630 1712 2682 ἐπειδὰν
1753 2630 1864 2699 γὰρ

274 2725 406 2795 θίγῃ
429 2726 536 2777 τῶν
564 2724 895 2795 ὲπάλξεωνή
931 2723 1158 2794 πιμελὴ,
1186 2722 1298 2791 πῦρ
1336 2722 1653 2776 ἐκκαλεῖται
1681 2726 1858 2792 κρεῑτο

272 2832 372 2867 τον
395 2814 755 2884 σϐεστηρίων,
786 2814 962 2867 ὁπόσα
987 2811 1299 2883 ἀνθρώποις
1326 2814 1461 2883 πρὸς
1501 2813 1568 2865 τὰ
1606 2814 1865 2883 πυρφόρα

274 2906 530 2977 εὓρηται.
559 2906 669 2959 Καὶ
701 2905 824 2968 τοὺς
844 2905 890 2936 ¹⁴⁵
915 2904 1071 2967 ὅνους
1108 2904 1165 2957 δὲ
1214 2905 1342 2967 τοὺς
1384 2902 1611 2975 ἀγρίοὺς
1666 2907 1725 2957 ὲν
1752 2907 1864 2969 τοῖς

272 2999 425 3051 ἕλεσι
455 2997 667 3059 τούτοις
694 2995 1013 3050 ἁλίσκεσθαι
1036 3012 1223 3065 φασιν.
1261 2991 1417 3049 Εἶναι
1439 2996 1495 3049 δὲ
1517 2998 1632 3060 τοῖς
1654 2997 1863 3066 θηρίοις

270 3089 488 3150 τούτοις
512 3088 605 3140 ἐπὶ
636 3085 891 3155 μετώπου
922 3087 1114 3156 κέρας,
1142 3078 1186 3153 ᾧ
1217 3086 1484 3157 ταυρηδόν
1513 3102 1573 3138 τε
1618 3087 1713 3139 καὶ
1763 3088 1865 3141 οὐκ

271 3178 523 3247 ἀγεννῶς
554 3178 842 3249 μάχονται.
879 3177 990 3230 Καὶ
1010 3178 1336 3246 ἀποφαίνειν
1359 3178 1485 3239 τοὺς
1533 3176 1725 3240 Ἰνδοὺς
1770 3176 1863 3231 ἐκ·
1892 3218 1935 3275 C

272 3286 449 3337 πῶμα
486 3268 546 3320 τὸ
573 3270 744 3337 κέρας
784 3266 944 3320 τοῦτο
972 3281 987 3298 ·
1021 3268 1082 3319 οὐ
1131 3268 1241 3338 γὰρ
1294 3265 1425 3319 οὔτε
1477 3266 1704 3337 νοσῆσαι
1765 3266 1863 3337 τὴν

268 3363 496 3430 ἡμέραν
515 3357 736 3430 ἐκείνην
763 3360 790 3411 6
809 3360 853 3390 ⁸⁵
881 3357 977 3411 ἀπ’
1004 3357 1171 3411 αὐτοῦ
1199 3358 1359 3425 πιὼν,
1386 3358 1514 3411 οὕτε
1534 3360 1601 3412 ἂν
1631 3359 1864 3428 τρωθεὶς

264 3447 538 3517 ἀλγῆσαι,
567 3448 736 3516 πυρός
752 3464 813 3499 τε
835 3446 1125 3512 διεξελθεῖν
1148 3449 1235 3512 ἂν,
1271 3449 1362 3501 καὶ
1384 3449 1510 3519 μηδ’
1539 3450 1606 3501 ἂν
1642 3448 1865 3520 φαρμάο

266 3556 397 3602 κοις
432 3538 553 3611 [551
578 3538 674 3612 IL]
695 3538 921 3604 ἁλῶναι,
950 3540 1123 3594 ὁπόσα
1145 3540 1238 3593 ἐπὶ
1268 3542 1425 3610 κακῷ
1467 3540 1704 3597 πίνεται.
1757 3542 1867 3593 Βα-

267 3632 473 3691 σιλέων
494 3635 552 3687 δὲ
574 3634 636 3687 τὸ
665 3632 900 3703 ἔκπωμα
920 3627 1085 3697 εἶναι,
1142 3631 1236 3684 καὶ
1278 3630 1491 3701 βασιλεῖ
1540 3631 1687 3701 μόνῳ
1716 3632 1863 3684 ἀνεῖ-

271 3727 408 3782 σθαι
430 3728 530 3797 τὴν
560 3727 757 3797 θήραν.
783 3724 971 3779 Μῦθον
1014 3724 1071 3777 δὲ
1099 3724 1211 3795 ἄρα
1267 3722 1504 3777 δεικνύει
1543 3722 1719 3775 ταῦτα
1758 3721 1866 3775 τῶν

268 3822 340 3873 ἐν
384 3818 565 3881 Ἰνδοῖς
611 3816 881 3886 βασιλέων
928 3815 1026 3869 καὶ
1086 3816 1235 3868 νόσοι
1284 3816 1379 3867 καὶ
1425 3814 1670 3869 θάνατοι.
1706 3814 1779 3867 Τὸ
1807 3813 1865 3867 δὲ

269 3910 487 3982 Θηρίον,
506 3904 617 3964 οἷον
633 3908 677 3940 ³⁸
696 3908 935 3980 εῐρηται,
952 3905 1199 3962 τοιοῦτον
1215 3907 1431 3976 ὁρᾶται.

363 4173 646 4230 Ἐντεῦθεν
674 4173 717 4205 ¹⁷
753 4171 1085 4239 ὑπερϐαλεῖν
1126 4170 1222 4224 τοῦ
1268 4170 1566 4224 Καυκάσου
1606 4168 1669 4223 τὺ
1698 4185 1865 4223 κατα-

264 4268 451 4320 τεῖνον
476 4267 535 4329 ὲς
561 4264 661 4336 τὴν
690 4263 959 4335 Ἐρυθρὰν
992 4262 1269 4317 θάλασσαν
1289 4278 1303 4292 ο
1344 4258 1555 4315 εἶναιδὲ
1582 4260 1712 4315 αὐτὸ
1736 4277 1864 4314 συν-

266 4356 479 4427 ηρεφὲς
521 4357 684 4419 ἰδέαις
715 4356 1046 4426 ἀρωμάτων.
1079 4355 1217 4417 Τοὺς
1254 4353 1351 4423 μὲν
1394 4353 1460 4424 δὴ
1492 4351 1715 4421 πρῶνας
1767 4349 1862 4405 τοῦ

266 4446 437 4515 ὅρους
469 4445 530 4498 τὸ
562 4446 916 4515 κιννάμωμον
950 4445 1161 4514 φέρειν,
1212 4442 1599 4513 προσεοικέναι
1628 4441 1687 4494 δὲ
1732 4440 1863 4495 αὐτὸ

269 4537 417 4599 νέοις
446 4537 709 4607 κλήμασι.
733 4537 979 4591 Βάσανον
1012 4535 1071 4589 δὲ
1101 4533 1196 4589 τοῦ
1241 4534 1537 4605 ἀρώματος
1586 4531 1684 4604 τὴν
1731 4528 1861 4601 αἶγα

273 4624 416 4680 εἶναι
443 4644 456 4658 ο
492 4628 850 4698 κινναμώμου
884 4626 994 4698 γὰρ
1020 4627 1172 4690 εἴτις
1201 4626 1317 4693 αἰγὶ
1352 4626 1394 4657 ¹⁸
1450 4624 1682 4696 ὁρέξειε,
1732 4642 1861 4678 κνυ-

275 4718 505 4787 ζήσεται
537 4718 674 4789 πρὸς
703 4718 801 4787 τὴν
827 4719 985 4789 χεῖρα
1016 4716 1268 4787 καθάπερ
1301 4716 1468 4782 κύων,
1521 4717 1739 4771 ἀπιόντι
1798 4733 1859 4769 τε

276 4812 579 4881 ὁμαρτήσει
602 4817 701 4882 τὴν
730 4814 852 4882 ῥῖνα
889 4814 945 4875 ἐς
984 4811 1147 4865 αὑτὸν
1175 4811 1457 4878 ἐρείσασα,
1485 4809 1587 4866 κᾶν
1618 4811 1647 4864 6
1701 4809 1860 4864 αίπό·

274 4903 367 4966 λος
382 4903 575 4976 ἀπάγῃ
595 4905 657 4966 ιθ,
693 4901 851 4974 [1001
883 4902 975 4975 IL]
991 4904 1248 4974 θρηνήσει
1264 4903 1517 4972 καθάπερ
1536 4901 1710 4956 λωτοῦ
1724 4903 1858 4955 ἀπο-

279 4996 567 5064 σπωμένη.
611 4996 699 5049 Ἐν
730 4995 786 5048 δὲ
815 4998 929 5059 τοῖς
958 4997 1225 5064 κρημνοῖς
1252 4995 1344 5047 τοῦ
1374 4994 1534 5064 ὅρους
1567 4992 1773 5047 λίῦανοί
1795 5010 1857 5046 τε

275 5085 481 5155 ὑψηλαὶ
511 5086 789 5155 πεφύκασι
818 5089 915 5141 καὶ
947 5085 1118 5138 πολλὰ
1161 5086 1276 5156 εἴδη
1311 5085 1476 5158 ἔτερα
1496 5087 1563 5140 ὀ.
1620 5088 1730 5140 Καὶ
1787 5086 1856 5140 τὰ

273 5176 470 5245 δένδρα
506 5177 564 5231 δὲ
602 5180 659 5232 αἱ
704 5177 995 5247 πεπερίδες
1022 5177 1088 5241 ⁸⁸,
1126 5171 1201 5230 ὧν
1249 5180 1487 5249 γεωργοὶ
1510 5179 1556 5212 ’³
1606 5178 1855 5249 πίθηκοι,

274 5267 529 5322 εἴκασται
560 5270 658 5340 μὲν
690 5271 769 5340 τῷ
797 5271 928 5340 παρ’
953 5270 1214 5339 Ἕλλησιν
1240 5272 1390 5340 Mth
1412 5269 1481 5325 τά
1512 5287 1574 5325 τε
1602 5270 1737 5327 ἄλλα
1761 5273 1859 5326 καὶ

274 5356 366 5409 τὸν
398 5357 669 5428 κόρυμϐον
702 5359 795 5413 τοῦ
833 5360 1073 5430 καρποῦ,
1098 5360 1292 5429 φύεται
1320 5360 1379 5414 δὲ
1410 5363 1468 5415 ὲν
1489 5363 1601 5425 τοῖς
1654 5362 1859 5417 ἀποτό-

1968 1991 2159 2045 eodem
2210 2004 2320 2060 quo
2360 2000 2413 2044 et
2464 2004 2704 2059 pavones
2747 1990 2988 2057 nomine,
3028 1992 3149 2058 quia
3189 1991 3321 2060 ipsis
3361 2002 3418 2045 et
3446 2000 3555 2046 (επα-

1972 2083 2133 2136 rulcze
2159 2091 2283 2136 sunt
2315 2083 2514 2147 cristae,
2540 2096 2781 2151 squama:
2810 2095 2941 2135 vero
2979 2082 3353 2149 versicolores,
3382 2081 3553 2136 cauda

1968 2188 2101 2229 vero
2131 2188 2321 2240 aurea,
2353 2173 2406 2227 in
2448 2168 2832 2242 quamcunque
2859 2171 3092 2227 voluerit
3124 2182 3333 2242 partem
3368 2190 3555 2229 versa-

1970 2264 2103 2318 tilis.
2144 2262 2241 2317 Est
2289 2270 2552 2331 praeterea
2606 2260 2659 2314 in
2710 2260 2901 2314 eodem
2941 2258 3165 2314 ﬂumine
3206 2261 3383 2315 bellua
3433 2261 3556 2315 albo

1970 2356 2138 2409 venui
2170 2354 2365 2409 similis
2395 2371 2408 2407 :
2436 2367 2499 2408 ex
2528 2366 2635 2422 qua
2667 2360 2825 2422 capta
2857 2352 3037 2406 oleum
3072 2353 3132 2406 ﬂt
3159 2351 3226 2404 ad
3257 2368 3385 2407 usus
3418 2353 3556 2422 ignis

1969 2446 2481 2509 accommodatum,
2545 2445 2691 2514 quod
2753 2444 2854 2498 nisi
2909 2444 3052 2499 vitro
3116 2444 3384 2499 contineri
3447 2460 3552 2499 non

1970 2538 2160 2606 possit.
2191 2536 2420 2606 Capitur
2455 2545 2635 2591 autem
2667 2535 2778 2606 regi
2814 2536 3187 2590 tantummodo
3217 2535 3552 2606 ejuscemodi

1966 2628 2165 2694 bellua,
2196 2642 2300 2697 qua
2340 2627 2429 2681 ille
2456 2627 2842 2681 diruendorum
2877 2626 3138 2680 manium
3165 2641 3327 2681 causa
3360 2628 3550 2684 utitur.

1967 2718 2102 2773 Nam
2128 2718 2219 2773 ubi
2250 2734 2529 2772 murorum
2558 2717 2965 2787 propugnacula
2990 2716 3255 2787 ejusmodi
3284 2719 3547 2789 pinguedc

1970 2810 2231 2879 tetigerit,
2269 2811 2407 2878 ignis
2437 2810 2731 2872 excitatur,
2771 2809 3185 2879 quibuscunque
3220 2809 3384 2865 rebus
3414 2825 3543 2879 qua:

1967 2903 2214 2957 homines
2249 2903 2509 2976 adversus
2557 2901 2734 2970 ignem
2772 2900 3222 2969 cxcogitaverint,
3257 2902 3550 2971 potentior.

1964 2995 2161 3050 Asinos
2212 3004 2474 3065 praeterea
2529 2995 2837 3061 silvestres,
2882 2993 3213 3062 palustribus
3256 2993 3391 3047 locis
3434 2993 3552 3062 capi

1966 3087 2176 3142 dicunt.
2244 3088 2376 3141 Esse
2440 3097 2621 3141 autem
2692 3086 3001 3153 hujusmodi
3058 3085 3190 3139 feris
3252 3087 3304 3139 in
3374 3085 3553 3140 fronte

1968 3193 2163 3243 cornu,
2202 3192 2309 3248 quo
2347 3186 2631 3232 taurorum
2663 3192 2815 3231 more
2844 3178 3259 3248 ge’uerosissime
3292 3186 3548 3248 pugnent.

1966 3266 2251 3323 Conﬂcere
2295 3274 2474 3321 autem
2527 3267 2688 3322 Indos
2737 3281 2804 3320 ex
2856 3267 2964 3321 illis
3009 3268 3265 3322 cornibus
3303 3268 3494 3337 pocula
3533 3285 3547 3321 :

1966 3367 2333 3427 asseruntque
2393 3357 2554 3411 nullis
2610 3357 2816 3412 morbis
2866 3371 2931 3411 eo
2982 3358 3072 3412 die
3121 3357 3299 3426 aﬂici,
3346 3359 3436 3428 qui
3482 3374 3551 3413 ex

1964 3446 2233 3516 ejusmodi
2268 3448 2462 3516 poculo
2494 3447 2785 3516 potaverit,
2830 3461 3004 3516 neque
3036 3448 3080 3503 si
3113 3448 3378 3503 vulnerati
3426 3448 3549 3504 fue-

1966 3548 2115 3604 runt,
2149 3539 2356 3606 dolere,
2391 3548 2447 3593 et
2500 3553 2565 3592 ex
2622 3539 2745 3608 igne
2786 3542 2949 3593 etiam
2999 3539 3297 3596 incolumes
3342 3543 3548 3611 egredi,

1965 3644 2141 3698 neque
2187 3630 2311 3685 ullis
2355 3631 2583 3685 venenis
2615 3630 2756 3697 laedi,
2789 3646 3128 3701 quaecunque
3165 3635 3395 3689 nocendi
3425 3650 3546 3702 gra-

1965 3723 2037 3778 tia
2078 3724 2131 3777 in
2162 3731 2290 3793 potu
2330 3723 2547 3778 dantur.
2593 3722 2805 3777 Idcirco
2844 3738 3031 3792 regum
3059 3738 3181 3779 esse
3212 3724 3303 3778 illa
3336 3725 3547 3794 pocula,

1963 3823 2018 3868 et
2047 3813 2159 3883 regi
2197 3820 2405 3867 tantum
2431 3812 2701 3883 ejusmodi
2736 3812 2865 3869 ferai
2904 3814 3249 3869 venationem
3280 3816 3544 3886 permitti.

1962 3905 2230 3960 Fabulosa
2282 3906 2399 3959 lucc
2446 3919 2586 3970 esse,
2640 3915 2696 3959 et
2746 3920 2931 3976 regum
2982 3907 3145 3962 Indiae
3183 3908 3356 3962 morbi
3397 3923 3545 3961 mor-

1965 4008 2154 4069 tesque
2186 4009 2478 4054 testantur.
2525 3997 2651 4053 Htec
2681 4013 2810 4053 vero
2841 3997 3041 4066 bellua,
3076 4008 3137 4054 ut
3171 4013 3293 4054 eam
3336 4000 3546 4055 deScri—

1962 4092 2190 4162 psimus,
2224 4091 2350 4146 talis
2377 4100 2619 4159 apparet.

2036 4181 2164 4237 Inde
2197 4182 2424 4236 Caucasi
2476 4181 2621 4235 illam
2668 4192 2876 4251 partem
2920 4183 3394 4249 transcenderunt,
3425 4202 3547 4255 quas

1964 4272 2016 4327 in
2045 4272 2291 4328 Rubrum
2336 4288 2490 4328 mare
2525 4274 2844 4344 porrigitur.
2894 4274 2969 4329 Ea
3004 4290 3133 4330 vero
3164 4277 3394 4332 diversis
3422 4293 3547 4333 aro-

1964 4375 2169 4418 matum
2214 4364 2509 4435 generibus
2548 4366 2756 4420 consita
2796 4375 2900 4421 est.
2946 4366 3145 4421 Montis
3178 4382 3413 4436 namque
3448 4383 3545 4423 ca-

1963 4455 2181 4509 cumina
2208 4455 2624 4511 Cinnamomum
2660 4457 2857 4518 ferunt,
2888 4457 3030 4525 quod
3070 4458 3228 4511 novis
3257 4459 3545 4513 sementis

1892 4570 1937 4624 ι)
1965 4544 2300 4601 assimilatur
2338 4561 2353 4599 :
2398 4545 2657 4601 bonitatis
2711 4555 2890 4599 autem
2945 4545 3062 4613 ejus
3114 4546 3542 4615 experimentum

1964 4639 2056 4692 dat
2120 4653 2305 4708 capra.
2367 4637 2423 4694 Si
2479 4638 2602 4707 quis
2662 4638 2807 4692 enim
2842 4637 3067 4708 -325b
3124 4637 3542 4695 Cinnamomum

1961 4742 2141 4796 capra;
2168 4727 2495 4796 porrexerit,
2525 4737 2784 4797 tanquam
2815 4728 3028 4781 catulus
3060 4741 3221 4781 manu
3249 4726 3543 4784 demulceri

1962 4818 2216 4883 aﬂ'ectat,
2280 4822 2677 4889 abeuntemque
2749 4819 3074 4889 insequitur,
3139 4834 3303 4875 nares
3366 4823 3544 4890 quoad

1961 4918 2139 4976 potest
2169 4908 2272 4978 ipsi
2314 4910 2568 4965 admovet
2601 4928 2615 4964 :
2644 4911 2789 4979 quod
2813 4911 2858 4964 si
2890 4919 3074 4980 pastor
3104 4924 3224 4965 eam
3256 4913 3541 4977 amoverit,

1960 5018 2067 5058 non
2113 5016 2275 5058 secus
2319 5003 2610 5073 queritur,
2654 5018 2816 5072 quam
2865 5003 2909 5057 si
2961 5002 3075 5058 loto
3117 5004 3443 5073 privaretur.
3485 5004 3545 5060 In

1961 5093 2162 5149 montis
2217 5105 2397 5148 autem
2449 5093 2738 5162 praeruptis
2784 5092 3043 5157 arbores,
3094 5106 3126 5147 e
3179 5093 3375 5162 quibus
3421 5094 3546 5148 tbus

1962 5182 2219 5250 distillat,
2271 5199 2511 5254 procerae
2566 5192 2890 5249 nascuntur,
2952 5192 3008 5237 et
3059 5192 3363 5238 aromatum
3426 5183 3545 5236 alite

1961 5280 2172 5346 species
2206 5276 2407 5342 multae,
2453 5277 2595 5331 inter
2623 5290 2762 5345 quas
2807 5283 2862 5329 et
2904 5275 3106 5344 piperis
3138 5274 3363 5328 arbores
3395 5283 3541 5339 sunt,

1963 5367 2109 5436 quod
2159 5368 2334 5438 piper,
2391 5379 2650 5437 tanquam
2707 5366 2998 5438 agricola,
3050 5380 3221 5438 genus
3266 5363 3543 5434 quoddam

1552 5518 1791 5575 ΥΑΒΙᾹΞ
1818 5522 2230 5580 LECTIONES.

349 5638 365 5664 ⁸
402 5631 614 5717 ἔχοντος
642 5650 701 5698 ς.
737 5702 751 5717 ⁸
776 5636 799 5668 ⁸
824 5631 929 5717 ὅτι]
956 5636 1127 5717 tnui.
1231 5636 1595 5717 '_dtxpov}ixiatt
1736 5708 1748 5717 _
1792 5646 1811 5676 ⁷
1839 5643 1947 5711 γὰρ
1969 5643 2056 5717 At
2083 5642 2140 5694 δὲ
2169 5661 2247 5717 ς.-
2328 5650 2349 5683 ⁸
2381 5644 2562 5717 αὐτῶν
2595 5662 2655 5708 ς.
2732 5654 2752 5685 9
2774 5644 2896 5717 δ’ὁ]
2929 5645 2975 5699 δ’
3009 5644 3120 5715 ἔχει
3148 5646 3175 5698 6
3198 5644 3248 5717 Β
3273 5656 3319 5699 et
3349 5662 3424 5700 rc.
3459 5647 3540 5701 A:

274 5702 305 5753 6
340 5717 400 5765 ς.
505 5702 548 5735 ¹⁰
580 5702 1014 5775 προσόμοιαῙὼς
1056 5706 1218 5777 ὅμοια
1249 5709 1312 5760 Α.
1351 5702 1361 5705 ’
1418 5707 1459 5737 ¹¹
1482 5702 1938 5805 ’φύεῂφύσείΑξ
2019 5713 2061 5743 ¹²
2090 5702 2410 5785 πεποίηνται
2445 5715 2534 5767 ΑΒ
2590 5702 2622 5768 ι’
2668 5702 2969 5785 πεποίηται
3005 5702 3070 5780 ς’)
3170 5716 3213 5748 ¹³
3237 5734 3287 5769 τι
3318 5717 3442 5770 add.
3475 5719 3540 5773 Α.

278 5773 322 5805 ιι
346 5772 435 5805 vni
470 5772 617 5805 «min-1
653 5789 711 5805 ιιι
768 5775 801 5805 0
926 5775 967 5805 18
1000 5774 1029 5805 λ
1062 5776 1088 5805 Α
1119 5790 1131 5803 ι
1164 5777 1254 5805 ...Α
1288 5778 1313 5805 3.
1343 5793 1381 5805 ρ
1514 5779 1557 5805 η
1586 5795 1611 5805 ..
1638 5796 1695 5805 Α..
1727 5794 1810 5805 Α.-.
1862 5795 1926 5805 ..-
1988 5783 2010 5805 Α
2124 5783 2161 5805 η
2197 5784 2410 5805 a_,_-:~,n_
2451 5784 2468 5805 Ἰ
2503 5799 2560 5805 κ--
2630 5785 2645 5805 ι
2752 5786 2795 5805 ιι
2845 5789 2906 5805 _,v,
2931 5787 2945 5805 ι
2986 5802 3099 5805 ,Αμμ
3160 5787 3181 5805 Α
3278 5787 3359 5805 ριν
3496 5804 3513 5805 κ

346 5772 856 5855 καῖ’τοὺς]ἰιι,,Α⁷2;-
890 5772 967 5855 ’1⁸
1000 5774 1029 5826 ὁ
1054 5772 1259 5855 Agaga).
1286 5778 1314 5829 6
1342 5793 1402 5840 ς.
1449 5849 1460 5855 _
1483 5772 1557 5855 _"
1584 5772 1704 5855 οἷον
1725 5794 1835 5834 om.
1862 5795 1943 5855 pr.
1979 5783 2043 5855 Ar.
2124 5783 2161 5813 ‘7
2193 5772 2469 5855 ἐντεῦθεν]
2502 5799 2585 5849 ιιι,
2618 5785 2669 5839 4.
2752 5786 2795 5818 ¹⁸
2837 5772 2952 5855 οίίγὶ
2978 5772 3120 5843 corr.
3149 5787 3191 5841 Α
3222 5807 3233 5843 :
3267 5787 3444 5855 αῐγιον
3480 5772 3541 5851 ς.

274 5840 321 5869 ⁸⁵
358 5841 538 5913 ὑπάγῃ
569 5840 628 5905 cf.
706 5845 751 5875 ²⁰
777 5842 893 5912 εἴδη
924 5842 1107 5914 ἕτερα]
1136 5846 1405 5915 ἡδιώτερα
1434 5847 1540 5901 ΑΒ.
1620 5850 1661 5882 ³⁸
1698 5840 1979 5921 πιπςρίδες
2001 5854 2064 5906 Α.
2145 5861 2188 5890 η
2215 5848 2287 5907 ὧν
2316 5856 2364 5907 οἱ
2393 5840 2627 5923 γεῖυργόὶ
2662 5854 2767 5908 ΑΒ.
