3954 6454
494 361 635 427 1219

1663 360 1929 421 ΡΗΟΤΙΙ
1971 362 2478 426 ΡΑΤΒΙΛΗΟΗᾹΞ
2517 365 2626 430 CP.

3604 378 3704 445 1290

472 480 759 531 snniorum
800 471 950 528 colit.
995 470 1207 542 Piperis
1241 472 1404 528 arbor
1445 473 1520 528 illi
1558 475 1753 531 similis
1789 491 1914 532 esse
1958 488 2071 531 tra-

2183 496 2325 548 μοις,
2357 481 2458 534 οὑκ
2487 479 2712 549 ἔφικτὺς
2730 481 2846 543 τοῖς
2873 478 3202 552 ἀνθρώποις,
3229 476 3294 537 οὗ
3325 483 3533 552 λέγεται
3579 496 3706 565 mai}.

470 569 642 628 ditur,
674 579 837 634 quam
869 562 1042 618 (ἔτωοί
1075 562 1241 630 ἄγνον
1273 565 1348 636 (id
1379 574 1482 630 est,
1515 567 1739 638 cauam)
1773 569 2068 637 appellant,

475 667 589 712 tum
621 657 870 727 partibus
914 657 1053 719 aliis,
1091 665 1202 710 tum
1239 657 1472 710 maxime
1503 656 1775 712 fructuum
1813 659 2066 715 racemis.

471 750 732 806 Nascitur
790 757 972 804 autem
1031 751 1084 802 in
1138 749 1402 804 extremis
1456 752 1851 819 prmruptisquc
1908 751 2068 815 locis,

473 842 656 911 generi
711 839 990 894 hominum
1069 838 1391 900 inaccessis,
1434 839 1525 892 ubi
1565 838 1889 901 simiorum,
1933 853 2070 906 quas

476 933 736 995 diximus,
768 931 1000 1000 populus
1041 931 1243 984 montis
1290 943 1573 990 cavernas,
1606 938 1661 984 et
1689 931 1870 984 omnia
1917 929 2068 984 fora-

476 1026 620 1077 mina
681 1023 892 1076 incolit.
948 1023 1150 1076 Simios
1203 1032 1382 1074 autem
1439 1020 1618 1091 magni
1667 1020 1875 1074 faciunt
1928 1021 2067 1082 Indi,

476 1117 735 1186 quoniam
771 1116 996 1185 piperis,
1028 1125 1086 1168 ut
1111 1114 1188 1168 sic
1218 1115 1418 1175 dicam,
1450 1113 1874 1168 vindemiatores
1903 1124 2069 1168 sunt:

477 1216 810 1278 quapropter
850 1215 904 1260 et
944 1207 1112 1258 armis
1157 1214 1210 1258 et
1244 1205 1474 1258 canibus
1515 1204 1724 1268 leones,
1752 1214 1806 1257 et
1841 1215 2072 1259 czeteras

478 1299 622 1353 feras
655 1301 721 1353 ab
754 1298 883 1366 ipsis
932 1307 1139 1350 arcent.
1193 1293 1355 1347 lrruit
1403 1302 1585 1349 autem
1630 1294 1682 1347 in
1732 1295 1950 1348 simimn
1989 1295 2073 1348 leo

475 1402 736 1460 aegrotus,
779 1389 1062 1442 medicina:
1093 1389 1311 1456 quidem
1349 1388 1548 1456 gratia,
1594 1402 1833 1456 namque
1885 1388 2072 1456 hujus-

477 1484 622 1537 modi
673 1482 958 1537 simiorum
1007 1494 1204 1532 carnes
1255 1479 1470 1532 leonum
1516 1478 1723 1532 morbis
1766 1478 2071 1540 medentur,

476 1592 771 1633 senescens
821 1591 991 1641 vero,
1044 1583 1235 1644 pastus
1293 1572 1512 1642 cibique
1564 1586 1753 1626 causa.
1808 1568 1942 1622 Nam
1985 1571 2072 1622 ubi

476 1681 700 1741 propter
732 1671 945 1724 senium
982 1683 1176 1722 cervos
1211 1675 1303 1719 aut
1336 1679 1502 1734 apros
1537 1666 1721 1718 venari
1762 1663 1943 1716 leones
1976 1679 2074 1716 ne-

474 1768 702 1830 queunt,
745 1759 939 1813 simias
986 1758 1275 1820 devorant,
1302 1755 1447 1824 quod
1494 1764 1746 1823 superest
1780 1753 1975 1805 virium
2020 1752 2073 1804 in

476 1857 597 1910 illas
629 1860 970 1907 exercentes.
1002 1849 1129 1914 Quae
1159 1849 1226 1901 de
1246 1849 1450 1916 pipere,
1479 1846 1593 1899 lucc
1622 1853 1748 1898 stmt
1770 1853 1871 1896 ιυν.
1900 1844 2073 1897 Acre-
2112 1833 2151 1886 Β

475 1948 668 2000 dentes
698 1942 811 1995 ludi
849 1942 916 1994 ad
950 1941 1199 2003 arbores,
1234 1953 1356 2007 quae
1387 1938 1437 1991 in
1473 1945 1626 2005 parte
1655 1937 1856 1989 montis
1887 1936 2070 1988 intima

478 2047 800 2099 nascuntur,
847 2034 1168 2099 fructusque
1210 2030 1277 2082 ab
1322 2028 1427 2082 illis
1465 2029 1840 2094 decerpentes,
1875 2041 2075 2094 parvas

477 2132 744 2201 quasdam
773 2135 991 2196 propter
1020 2122 1246 2177 arbores
1269 2121 1481 2175 areolas
1509 2119 1732 2180 faciunt.
1771 2134 1878 2187 quo
1918 2119 2069 2188 piper

2174 588 2286 624 κων
2324 574 2496 626 οἰκεῖν
2523 574 2691 643 δῆμος
2721 573 2778 625 ὲν
2804 575 2996 642 μυχοῖς
3029 576 3126 626 καὶ
3176 577 3204 628 ὅ
3235 595 3289 630 τι
3338 580 3500 632 αὑτοῦ
3548 585 3708 644 κοῖλον,

2174 659 2283 723 Οὓς
2320 661 2518 715 πολλοῦ
2575 662 2757 725 ἀξίους
2801 663 2851 714 οἰ
2897 663 3051 715 Ἰνδοὶ
3095 663 3423 733 νομίζοντες,
3462 670 3628 742 ἐπειδὴ
3667 679 3712 729 τδ

2174 752 2374 822 πέπερι
2408 754 2785 824 ἀποτρυγωσι,
2815 754 2942 815 τοὺς
2975 754 3197 816 λέοντας
3257 758 3350 808 ἀπ’
3387 759 3563 812 αὐτῶν
3612 765 3710 833 ὲρύ.

2173 860 2330 896 κουσι
2362 845 2489 895 κυσί
2538 860 2598 896 τε
2634 844 2727 896 καὶ
2756 843 2967 905 ὅπλοις.
3031 842 3361 898 Ἐπιτίθεται
3385 846 3442 900 δὲ
3461 847 3505 877 ’³
3541 849 3714 921 πιθήκῳ

2173 935 2311 988 λέων
2349 934 2520 987 νοσῶν
2546 935 2645 1003 μὲν
2667 935 2808 1002 ὑπὲρ
2837 934 3132 1006 φαρμάκου
3175 935 3294 1005 (τὴν
3327 938 3433 1006 γὰρ
3487 939 3626 991 νόσον
3647 943 3718 994 αὖ-

2173 1028 2253 1096 τῷ
2285 1027 2353 1080 τὰ
2385 1028 2523 1096 κρέα
2554 1028 2692 1096 ἴσχει
2725 1027 2945 1097 ταῦτα),
2980 1027 3310 1097 γεγηρακὼς
3335 1028 3389 1080 δὲ
3418 1028 3552 1100 ὑπὲρ
3572 1032 3714 1084 σίτου·

2175 1118 2274 1187 τῆς
2305 1118 2414 1189 γὰρ
2444 1119 2553 1170 τῶν
2579 1119 2795 1187 ἐλάφων
2843 1120 2935 1171 καὶ
2968 1119 3112 1171 συῶν
3163 1118 3336 1188 θήρας
3367 1120 3556 1190 ἔξωροι
3595 1139 3720 1190 γεγο-

2176 1209 2327 1271 νότες
2356 1211 2482 1273 τοὺς
2513 1209 2777 1278 πιθήκους
2817 1209 3205 1277 λαφύσσουσιν,
3229 1211 3286 1272 ὲς
3332 1210 3492 1263 τοῦτο
3546 1213 3720 1283 χρώμε-

2177 1320 2255 1355 νοι
2291 1304 2357 1372 τῇ
2392 1301 2550 1371 λοιπῇ
2621 1301 2802 1371 ῥώμῃ.
2852 1301 2932 1353 Τὰ
2975 1301 3032 1353 δὲ
3079 1301 3206 1370 περί
3240 1300 3340 1362 τὰς
3390 1302 3721 1370 πεπερίδιςκ

2177 1391 2528 1462 πραττόμενα
2582 1389 2683 1444 ὦδε
2737 1392 2852 1460 ἔχει
2879 1409 2891 1420 ·
2933 1391 3330 1459 Προσελθόντες
3380 1392 3431 1443 οἰ
3473 1391 3614 1445 Ἰνδοί
3643 1399 3722 1458 τοῖς

2178 1484 2330 1537 κάτω
2368 1484 2560 1554 μέρεσι
2590 1485 2685 1536 καὶ
2729 1483 2820 1535 τὸν
2873 1484 3085 1553 καρπὸν
3135 1483 3560 1554 ἁποθερίσαντες
3610 1486 3723 1550 ἄλως

2179 1575 2460 1628 ποιοῦνται
2499 1577 2702 1645 μικρὰς
2735 1576 2864 1646 περί
2911 1576 2980 1628 τά
3027 1575 3244 1645 δένδρα,
3291 1576 3384 1627 καὶ
3438 1575 3498 1627 τὸ
3564 1577 3724 1646 πέπερι

2179 1666 2310 1733 περὶ
2348 1664 2518 1730 αὐτὰς
2555 1666 2948 1735 ξυμφέρουσιν,
2974 1663 3085 1719 οἷον
3113 1666 3432 1738 ῥιπτοῦντες
3469 1666 3541 1728 ὡς
3572 1669 3725 1737 ἄτιμόν

2178 1772 2231 1808 τι
2261 1755 2353 1807 καί⁴
2387 1757 2462 1828 μὴ
2500 1759 2557 1808 ὲν
2585 1757 2789 1826 σπουδῇ
2821 1759 2941 1820 τοῖς
2970 1755 3299 1825 ἀνθρώποις.
3338 1757 3400 1808 Ol.
3460 1756 3515 1808 δὲ
3559 1756 3726 1811 ἀνωθεν

2180 1848 2292 1898 κάκ
2310 1848 2354 1878 ³⁵
2386 1847 2494 1898 τῶν
2521 1846 2742 1899 ἀϐάτων
2763 1847 3178 1917 καθεωρακότες
3207 1847 3399 1909 ταῦτα,
3421 1847 3606 1910 νυκτὸς
3627 1849 3725 1900 ὑπο-

2182 1939 2462 2009 κρίνονται
2493 1939 2554 1992 τὸ
2583 1939 2691 1991 τῶν
2731 1939 2910 1992 Ἰνδῶν
2939 1940 3119 2010 ἔργον,
3146 1940 3385 2003 καὶτοὺς
3443 1940 3727 2010 βοστρύχους

2181 2030 2292 2082 τῶν
2319 2031 2553 2097 δένδρων
2590 2031 2967 2101 περισπῶντες
3004 2031 3253 2102 ῥίπτουσι
3293 2030 3552 2101 φέροντες
3585 2033 3634 2094 ἐς
3656 2035 3728 2095 τὰς

2180 2120 2327 2185 ἄλως
2359 2137 2374 2152 ⁸
2409 2124 2457 2175 οἰ
2482 2122 2540 2175 δὲ
2592 2123 2743 2176 Ἰνδοὶ
2772 2125 2990 2185 ἀπόνως
3011 2124 3381 2191 συλλέγουσιν.

480 2235 818 2295 congerunt,
862 2224 1038 2294 ipsum
1079 2218 1449 2288 projicientes,
1493 2231 1589 2270 ceu
1621 2230 1733 2268 rem
1767 2215 2060 2280 neglectam
2109 2228 2161 2270 et
2202 2216 2411 2271 minimi
2458 2220 2526 2272 ab
2572 2219 2879 2273 hominibus
2925 2220 3309 2275 existimatam.
3344 2222 3528 2276 Simia:
3560 2236 3669 2275 vero
3691 2224 3727 2276 in

480 2322 619 2376 aviis
670 2320 868 2375 abdita;
912 2319 1146 2400 desuper
1187 2313 1540 2379 aspicientes,
1574 2311 1663 2363 ubi
1711 2326 1814 2364 nox
1857 2312 2096 2378 advenit,
2139 2309 2392 2367 ludorum
2429 2329 2568 2382 opus
2604 2315 2851 2379 imitatae,
2909 2314 3126 2371 avulsos
3168 2315 3431 2370 arborum
3493 2331 3729 2370 ramuscu-

480 2419 564 2472 los
613 2416 663 2467 in
717 2427 895 2474 areas,
929 2425 1065 2477 quas
1118 2407 1379 2465 diximus,
1428 2403 1740 2456 conferunt.
1783 2403 1908 2457 lude
1943 2418 2076 2458 vero
2113 2405 2261 2460 nullo
2293 2405 2480 2460 labore
2512 2406 2791 2474 colligunt.

555 2506 824 2577 Superato
881 2512 1066 2556 tuonte
1110 2497 1410 2567 sulijcctam
1461 2496 1745 2564 planitiem
1789 2498 2078 2564 conspica-

482 2609 572 2653 tus
599 2592 926 2664 Apollonius
958 2607 1082 2644 cum
1120 2589 1256 2653 suis,
1287 2588 1445 2641 fossis
1472 2601 1612 2654 aqua
1648 2586 2082 2640 redundantibus

480 2689 827 2747 interfectam
847 2686 1379 2740 animadverterunt.
1402 2681 1572 2735 Erant
1593 2689 1772 2735 autem
1803 2679 2078 2736 fossarum

481 2783 603 2835 alia:
637 2789 823 2840 rectae,
875 2776 993 2830 alia!
1020 2775 1278 2843 obliquae,
1306 2787 1505 2842 aquam
1543 2788 1570 2825 a
1614 2770 1801 2840 Gange
1825 2772 2081 2826 derivan-

483 2885 592 2928 tes.
631 2869 741 2924 Has
771 2877 952 2922 autem
984 2866 1162 2920 fossas
1192 2866 1391 2934 partim
1418 2865 1667 2919 terminis
1697 2862 2077 2931 designandis,

481 2966 682 3037 partim
716 2959 1011 3030 irrigandis
1046 2958 1214 3028 agris,
1243 2971 1365 3009 cum
1397 2955 1672 3016 sitissent,
1700 2955 1906 3009 servire
1932 2955 2081 3009 dice-

482 3059 638 3112 bant.
684 3052 825 3107 Sunt
873 3061 1052 3104 autem
1118 3049 1234 3116 agri
1284 3047 1528 3102 omuium
1577 3045 1670 3115 qui
1724 3045 1864 3115 apud
1922 3045 2081 3100 Indos

482 3148 737 3202 coluntur
776 3140 1123 3202 feracissimi,
1159 3150 1212 3193 et
1249 3140 1319 3192 ibi
1358 3139 1652 3193 baereditas
1679 3138 1924 3191 ouminm
1953 3153 2072 3190 ma-

2268 2499 2680 2570 ’Υπεράραντες
2697 2501 2743 2532 ’⁸
2773 2501 2829 2554 δὲ
2873 2500 2964 2554 τοῦ
2993 2501 3154 2570 ὅρους
3203 2502 3387 2555 πεδίον
3440 2503 3596 2570 φασιν
3632 2504 3728 2557 [δεῖν

2183 2592 2326 2646 λεῖον
2348 2594 2836 2664 κατατετμημένον
2859 2595 2939 2656 εἰς
2968 2595 3207 2665 τάφρους
3263 2595 3497 2665 πλήρεις
3537 2596 3726 2659 ὕδατοςο

2184 2681 2324 2737 εἶναι
2357 2685 2414 2738 δὲ
2454 2684 2635 2737 αὐτῶν
2665 2686 2761 2748 τάς
2791 2685 2892 2753 μὲν
2922 2687 3301 2756 ὲπικαρσίους,
3349 2689 3450 2750 τὰς
3498 2689 3553 2741 δὲ
3599 2689 3729 2760 ὀρθᾶς

2182 2775 2482 2846 διηγμένας
2513 2776 2578 2828 ὲκ
2601 2773 2696 2828 τοῦ
2716 2774 2966 2845 ποταμοῦ
2993 2774 3087 2827 τοῦ
3107 2775 3344 2842 Γάγγου,
3377 2777 3478 2845 τῆς
3506 2792 3560 2827 τε
3586 2775 3728 2845 χώρας

2181 2869 2306 2938 ὅρια
2331 2868 2522 2933 οὔσας,
2559 2870 2668 2931 τοῖς
2695 2885 2754 2920 τε
2781 2867 2986 2930 πεδίοις
3011 2869 3382 2938 ἐπαγομένας,
3413 2870 3572 2921 όπότε
3608 2871 3635 2938 ή
3675 2867 3728 2936 γῆ

2181 2959 2381 3030 διψῴη.
2411 2960 2524 3028 Τὴν
2552 2958 2608 3011 δὲ
2632 2959 2734 3028 γῆν
2761 2959 2973 3026 ταύτην
2997 2960 3229 3028 ἀρίστην
3290 2960 3426 3027 φασὶ
3479 2960 3574 3028 τῆς
3612 2959 3728 3011 Ἰνδι-

2183 3051 2282 3118 κῆς
2305 3047 2468 3114 εἶναι,
2497 3049 2592 3103 καὶ
2627 3050 2892 3121 μεγίστην
2934 3051 3043 3103 τῶν
3062 3053 3179 3103 ἐκεῖ
3203 3050 3434 3120 λήξεων,
3485 3050 3727 3103 πεντεκαί-

2181 3144 2312 3196 δεκα
2335 3143 2561 3213 ἡμερῶν
2584 3145 2706 3201 ὁδοῦ
2736 3143 2910 3212 μῆκος
2940 3146 3032 3198 ἐπὶ
3052 3146 3142 3196 τὸν
3203 3145 3444 3214 Γάγγην,
3503 3143 3726 3197 ὀκτωκαί-

484 3241 636 3296 xime
663 3240 865 3308 opima.
893 3236 1253 3291 Protenditur
1277 3233 1426 3287 enim
1457 3233 1508 3285 in
1546 3231 1936 3300 longitudinem
1967 3230 2077 3284 die—

2188 3237 2322 3290 δεκα
2354 3237 2412 3290 δὲ
2444 3237 2554 3291 ἀπὸ
2586 3237 2865 3308 θαλάσσης
2897 3238 2992 3291 ἐπὶ
3037 3238 3098 3290 τὸ
3134 3238 3244 3290 τῶν
3274 3236 3525 3307 πιθήκων
3559 3229 3728 3307 ὅρος,ᾧ

488 3347 608 3386 rum
649 3332 965 3401 quindecim
991 3343 1148 3383 secus
1161 3325 1403 3394 Gangem
1430 3322 1860 3386 ambulantibus,
1887 3323 2078 3375 decem

484 3433 669 3478 autem
710 3431 766 3477 et
811 3434 939 3476 octo
983 3435 1013 3475 e
1049 3420 1184 3473 mari
1216 3421 1283 3472 ad
1312 3424 1552 3470 montem
1586 3430 1756 3484 usque
1796 3414 2082 3467 simiarnm

485 3527 658 3588 patet,
689 3516 774 3569 cui
830 3514 1082 3582 planities
1123 3526 1277 3581 requa
1313 3508 1652 3564 extenditur.
1693 3505 1862 3560 Terra
1900 3514 2080 3560 autem

484 3610 672 3663 colore
726 3610 878 3676 nigra
929 3617 1050 3670 est,
1087 3615 1143 3658 et
1192 3604 1409 3671 frugum
1458 3601 1704 3654 omnium
1750 3597 1946 3660 ferax,
1992 3597 2084 3651 ubi

486 3702 693 3769 spicas,
735 3699 1062 3751 arundinum
1119 3697 1314 3760 instar,
1369 3692 1611 3758 conspici
1638 3691 1848 3745 dicunt.
1901 3689 2081 3743 Fabas

485 3803 671 3846 autem
703 3790 862 3859 triplo
893 3787 1130 3856 majores
1167 3788 1233 3840 iis
1259 3802 1383 3855 quae
1417 3785 1470 3839 in
1489 3784 1724 3854 Egypto
1755 3792 2078 3838 nascuntur.

487 3881 775 3936 Sesamum
817 3894 1038 3946 quoque
1082 3875 1354 3944 proferre,
1391 3883 1447 3930 et
1480 3875 1686 3928 milium
1722 3875 1936 3927 eximia:
1965 3889 2083 3927 ma-

486 3971 807 4042 gnitudinis.
875 3970 1146 4023 Praaterea
1193 3982 1367 4021 nuces
1409 3967 1600 4022 iisdem
1646 3965 1698 4018 in
1751 3964 1888 4018 locis
1929 3961 2080 4019 nasci

485 4064 799 4133 perhibent.
848 4058 999 4114 Vites
1043 4069 1222 4113 autem
1266 4073 1449 4126 parvze
1489 4058 1806 4119 admodum,
1864 4067 2082 4126 quantae

487 4158 632 4227 apud
676 4156 912 4210 Micones
947 4154 1233 4224 Lydosque
1263 4153 1333 4206 ibi
1386 4161 1706 4206 nascuntur.
1754 4148 1952 4203 Vinum
2000 4159 2084 4202 ta-

486 4267 611 4305 men
641 4265 708 4304 ex
745 4248 852 4302 illis
893 4260 1240 4315 expressum,
1287 4245 1487 4315 326a
1551 4253 1772 4314 gustatu
1822 4255 1876 4298 et
1906 4245 2074 4297 odore

481 4339 944 4409 jncundissimum
975 4351 1097 4390 esse
1125 4337 1298 4390 aiunt.
1319 4336 1497 4389 Aliam
1524 4343 1791 4404 praeterea
1827 4334 2081 4387 arborem

486 4432 599 4487 illic
659 4430 889 4484 inveniri
933 4430 1012 4484 ait
1051 4428 1206 4480 lauro
1267 4427 1555 4482 similent:
1613 4439 1735 4493 quae
1783 4424 2083 4478 folliculum

2187 3328 2619 3399 ξυμπαρατείνει
2644 3331 2834 3392 πεδιάς
2861 3331 2926 3385 ’⁷.
2962 3329 3210 3384 Μέλαινα
3244 3332 3396 3381 πᾶσα
3433 3331 3466 3399 ἡ
3501 3328 3637 3398 χώρα
3661 3329 3728 3380 καὶ

2187 3422 2405 3474 πάντων
2437 3419 2670 3492 εὔφορος
2693 3437 2706 3449 ·
2742 3423 2870 3474 ἰδεῖν
2900 3422 3000 3492 μὲν
3035 3422 3144 3491 γὰρ
3187 3423 3429 3490 στάχυας
3461 3421 3725 3482 ἀνεστῶτας

2186 3512 2309 3566 ὅσον
2345 3514 2393 3566 οἰ
2422 3513 2672 3578 δόνακες,
2706 3513 2835 3567 ἰδεῖν
2863 3515 2919 3567 δὲ
2951 3515 3198 3584 κυάμους
3262 3513 3614 3584 τριπλασίους
3647 3512 3727 3563 τῶν

2186 3603 2501 3670 Αἰγυπτίων
2557 3604 2619 3657 τὸ
2653 3605 2907 3675 μέγεθος,
2956 3606 3203 3676 σήσαμόν
3255 3622 3314 3657 τε
3366 3607 3460 3658 καὶ
3516 3605 3725 3673 κέγχρου.

2189 3695 2450 3764 ὑπερφυᾶ
2486 3695 2684 3760 πάντα,
2722 3696 2918 3750 καὶτὰ
2943 3699 3124 3768 κάρυα
3156 3695 3391 3764 φύεσθαὶ
3454 3713 3600 3762 φασι.
3646 3694 3726 3756 Τὰς

2185 3787 2243 3841 δὲ
2278 3789 2554 3858 ἀμπέλους
2598 3790 2830 3858 φύεσθαι
2866 3791 3092 3861 μικράς,
3149 3789 3406 3860 καθάπερ
3458 3789 3632 3843 Λυδῶν
3658 3787 3727 3839 καὶ

2187 3879 2463 3944 Μαιόνων,
2501 3881 2762 3945 ποτίμους
2779 3881 2825 3912 ’⁸
2875 3881 2933 3933 δὲ
2976 3881 3116 3934 εἶναι
3169 3883 3265 3934 καὶ
3302 3881 3598 3950 ἀνθοσμίας
3625 3876 3725 3947 ὁμοῦ

2185 3968 2263 4039 τῷ
2281 3970 2617 4042 ἀποτρυγᾷν.
2668 3971 2936 4026 Ἐνταῦθα
2958 3974 3050 4025 καὶ
3071 3973 3273 4042 δένδρῳ
3298 3977 3464 4042 φησὶν
3486 3975 3726 4038 ἐντετυχη-

2190 4062 2344 4114 κέναι
2376 4065 2721 4133 προσεοικότι
2755 4067 2818 4134 τῇ
2837 4062 2968 4136 [55⁸2.
2996 4063 3088 4134 Η.]
3111 4065 3308 4136 δάφνῃ.
3336 4063 3567 4133 φύεσθαι
3591 4062 3640 4114 δὲ
3657 4061 3725 4113 αὐ-

2191 4153 2285 4206 τοῦ
2317 4155 2528 4208 κάλυκα
2560 4157 2896 4228 εἰκασμένην
2923 4159 2988 4228 τῇ
3026 4156 3262 4227 μεγίστῃ
3309 4158 3428 4227 ῥοᾷ,
3479 4155 3569 4209 καὶ
3601 4153 3726 4224 μῆλον

2190 4246 2474 4313 ἐγκεῖσθαι
2503 4250 2568 4316 τῇ
2605 4249 2800 4301 κάλυκι
2835 4251 3066 4302 κυάνεον
3087 4249 3185 4318 μὲν
3219 4249 3414 4318 ῶσπερ
3445 4249 3548 4301 τῶν
3575 4245 3724 4301 ὑακίνο

2192 4334 2301 4386 θων
2337 4336 2394 4388 αί
2428 4336 2611 4400 καλαὶ,
2645 4337 2865 4390 πάντων
2899 4337 2957 4390 δὲ
3001 4338 3219 4407 ἥδιστον
3277 4337 3452 4390 ὁπόσα
3501 4337 3558 4403 ἐξ
3607 4334 3727 4405 ὡρῶν

2191 4427 2337 4496 ἥκει.

488 4525 619 4580 mali
654 4522 849 4577 Punici
895 4520 1276 4591 magnitudine
1318 4516 1550 4588 profert.
1586 4515 1858 4572 Folliculo
1898 4527 2082 4570 autem
2125 4532 2343 4586 pomum
2377 4518 2518 4573 inest
2558 4519 2741 4574 colore
2775 4519 3090 4584 caeruleum,
3123 4532 3186 4573 ac
3247 4517 3412 4572 veluti
3477 4513 3727 4587 pulcherri-

489 4634 611 4675 IIIIIS
643 4615 972 4689 hyacinthus
1010 4631 1024 4666 :
1058 4611 1444 4668 suavissimum
1489 4623 1620 4662 vero
1652 4609 1920 4674 omnium,
1959 4622 2082 4677 qua:
2122 4617 2233 4663 toto
2255 4625 2398 4664 anno
2429 4624 2742 4666 nascantur.

560 4711 699 4765 Cum
747 4719 926 4764 autem
966 4722 998 4762 e
1040 4715 1229 4761 monte
1281 4704 1714 4765 descenderent,
1762 4703 2077 4756 invenernnl

2269 4705 2706 4766 Καταδαίνοντες
2734 4707 2780 4736 ’³
2803 4704 2860 4758 δὲ
2878 4704 2938 4756 τὸ
2967 4705 3090 4774 δρος
3105 4705 3416 4773 δρακόντων
3451 4704 3584 4774 θήρᾳ
3608 4717 3724 4769 περι-

491 4803 793 4857 draconum
847 4799 1220 4854 venationem.
1263 4796 1458 4850 Omnis
1503 4793 1651 4848 enim
1725 4792 1892 4847 Indiae
1933 4791 2088 4860 regio

490 4893 827 4948 draconibus
863 4891 1122 4954 abundat,
1147 4900 1204 4945 et
1239 4887 1589 4943 multitudine
1629 4894 1686 4940 et
1713 4884 2090 4953 magnitudine

493 4987 778 5041 mirandis.
806 4985 990 5053 Itaque
1012 4983 1238 5053 paludes
1258 4982 1452 5050 plenae,
1473 4980 1617 5049 pleni
1647 4988 1883 5038 montes,
1913 4993 2089 5048 neque

494 5080 736 5134 tumulus
777 5079 845 5132 iis
884 5093 1092 5132 vacuus
1121 5076 1419 5145 reperitur.
1461 5073 1665 5127 Verum
1699 5072 1972 5141 palustres
2001 5071 2089 5140 pi-

493 5174 574 5245 gri
612 5173 882 5241 tardique,
915 5181 1150 5240 suntque
1171 5169 1509 5239 longitudine
1533 5168 1845 5222 cubitorum
1882 5164 2084 5232 trigin-

493 5278 568 5329 ta,
599 5276 654 5320 et
677 5267 762 5317 vix
805 5274 968 5333 caput
1009 5263 1366 5316 attollentes:
1407 5268 1538 5314 sunt
1582 5271 1715 5311 vero
1754 5257 2086 5310 draconibus

496 5359 718 5413 feminis
773 5360 1000 5423 similes,
1031 5366 1084 5410 et
1115 5365 1268 5424 terga
1301 5353 1568 5409 habentes
1597 5351 1880 5419 subnigra,
1908 5357 1962 5404 et
1979 5364 2086 5402 cae-

493 5456 623 5507 tcris
657 5453 836 5506 minus
868 5465 1186 5521 squamosa.
1225 5446 1578 5518 Campestres
1623 5440 1959 5513 palustribus
1991 5456 2086 5509 per

563 5582 643 5610 ιω
688 5569 980 5638 llorapollo
1017 5567 1108 5621 lib.
1142 5583 1207 5632 ιι,
1246 5580 1367 5635 cap.
1401 5563 1490 5617 76.

2183 4795 2368 4862 τυχεῖν
2394 4811 2530 4862 φασι
2563 4809 2577 4822 ·
2623 4793 2936 4863 δρακόντων
2966 4794 3066 4862 μὲν
3104 4795 3217 4865 γὰρ
3265 4793 3328 4865 δὴ
3377 4794 3611 4865 ἀπείροις
3650 4790 3720 4858 μήε

2184 4903 2306 4937 κεσι
2335 4886 2622 4950 διέζωσται
2646 4889 2796 4940 πᾶσα
2823 4889 2855 4956 ἡ
2896 4887 3089 4957 Ἰνδικὴ
3122 4887 3294 4957 χώρα,
3320 4889 3415 4941 καὶ
3461 4887 3618 4957 μεστὴ
3651 4881 3722 4951 μὲν

2185 4981 2365 5033 αὐτῶν
2381 4981 2500 5051 ἓλη,
2529 4981 2704 5051 μεστὰ
2739 4981 2797 5033 δὲ
2831 4980 2956 5051 ὅρη,
2990 4981 3146 5044 κενὸς
3182 4981 3240 5034 δὲ
3289 4981 3459 5043 οὐδεὶς
3487 4979 3645 5048 λόφος.
3677 4974 3720 5025 Οἱ

2191 5073 2376 5144 μὲνδὴ
2405 5073 2571 5126 ἒλειοι
2624 5071 2824 5143 νωθροί
2879 5074 2940 5125 τέ
2972 5075 3081 5126 εἰσι
3123 5074 3217 5126 καὶ
3274 5066 3721 5144 τριακοντάπηχυ³⁹

2200 5163 2373 5233 μῆκος
2406 5161 2611 5232 έχουσι,
2645 5163 2742 5216 καὶ
2759 5162 2959 5233 κράνος
2979 5163 3162 5226 αὐτοῖς
3177 5164 3276 5216 οὐκ
3299 5164 3600 5232 ἀνέστηκεν,
3640 5157 3720 5210 dii‘

2194 5254 2302 5306 elei.
2327 5256 2444 5316 ταῖς
2467 5253 2792 5324 δρακαίναις
2836 5256 3036 5323 ὅμοιοι,
3077 5255 3306 5325 μέλανες
3353 5255 3408 5307 δὲ
3451 5253 3629 5314 ἱκανῶς
3657 5249 3720 5301 τὸν

2193 5344 2386 5409 νῶτον,
2412 5346 2506 5398 καὶ
2534 5340 2700 5416 ἧττον
2724 5346 3010 5412 φολιδωτοί⁵
3051 5347 3160 5398 τῶν
3193 5346 3388 5400 ἄλλων.
3423 5347 3482 5399 Οἱ
3518 5344 3620 5398 δὲ³¹
3651 5356 3720 5390 πε·

2192 5438 2327 5491 δινο“ι
2385 5437 2774 5491 πλεονεκτοῦσι
2804 5437 2912 5489 τῶν
2959 5438 3147 5490 ἑλείων
3205 5439 3412 5492 πάνταο
3443 5439 3529 5490 καὶ
3562 5437 3651 5503 γὰρ
3676 5433 3716 5487 ἐς

1819 5646 2060 5702 VARI/E
2096 5645 2507 5703 LECTIONES.

563 5761 608 5793 ⁸³
628 5760 683 5812 δὲ
710 5773 818 5810 om.
851 5773 933 5826 pr.
965 5753 1026 5809 Α.
1105 5758 1150 5789 ⁸³
1178 5750 1471 5821 πιπερεδας
1501 5749 1562 5799 Α.
1624 5747 1684 5826 3⁵
1721 5747 1883 5799 κὰκΑ
1911 5761 1923 5794 :
2043 5760 2105 5805 ς.
2183 5745 2227 5774 ²⁶
2258 5739 2518 5824 ὑπερᾶρᾙί
2547 5756 2628 5802 ιιι⁹
2659 5739 2718 5826 5:.
2773 5745 2815 5824 τι
2831 5740 3002 5826 πεδία
3027 5741 3132 5795 ΑΒ,
3210 5743 3254 5774 as
3285 5739 3561 5810 ποταμίους
3586 5749 3635 5804 ρει
3665 5733 3707 5782 ⁸ι,

492 5829 534 5859 ’⁹
568 5811 792 5898 meam
818 5811 900 5893 ιιί,
935 5830 988 5880 ϋ.
1068 5825 1108 5855 ³ο
1145 5811 1588 5892 τριακὸντάπηχυ
1623 5816 1660 5868 Β
1689 5828 1742 5871 ct
1771 5830 1914 5870 corr.
1945 5816 2013 5866 A:
2047 5813 2515 5883 τριακοντάπηχον
2543 5829 2602 5874 ς.
2681 5811 2721 5842 ³¹
2749 5811 2794 5862 οἱ
2825 5811 2904 5883 δὲ]
2949 5827 3028 5877 ιιι,
3056 5812 3107 5865 7.
