  <div class='ocr_page' id='page_1' title='image "/cluster/home/n/w/nwhite01/storage/ocr_20150623/103:no.3/coo.31924054870070/626.png"; bbox 0 0 3954 6444; ppageno 0'>
   <div class='ocr_carea' id='block_1_1' title="bbox 261 342 401 410">
    <p class='ocr_par' dir='ltr' id='par_1_1' title="bbox 261 342 401 410">
     <span class='ocr_line' id='line_1_1' title="bbox 261 342 401 410; baseline 0.007 -1"><span class='ocrx_word' id='word_1_1' title='bbox 261 342 401 410; x_wconf 76' lang='lat'><strong>1‘221</strong></span> 
     </span>
    </p>
   </div>
   <div class='ocr_carea' id='block_1_2' title="bbox 1374 349 2477 412">
    <p class='ocr_par' dir='ltr' id='par_1_2' title="bbox 1374 349 2477 412">
     <span class='ocr_line' id='line_1_2' title="bbox 1374 349 2477 412; baseline 0.004 -4"><span class='ocrx_word' id='word_1_2' title='bbox 1374 349 1899 409; x_wconf 70' lang='lat' dir='ltr'><strong>BIBIJOTIIECA.</strong></span> <span class='ocrx_word' id='word_1_3' title='bbox 1928 374 1997 384; x_wconf 91' lang='grc'><strong>--</strong></span> <span class='ocrx_word' id='word_1_4' title='bbox 2025 349 2186 411; x_wconf 84' lang='lat' dir='ltr'><strong>COD.</strong></span> <span class='ocrx_word' id='word_1_5' title='bbox 2235 351 2477 412; x_wconf 80' lang='lat' dir='ltr'><strong>CCXLI.</strong></span> 
     </span>
    </p>
   </div>
   <div class='ocr_carea' id='block_1_3' title="bbox 3428 347 3565 413">
    <p class='ocr_par' dir='ltr' id='par_1_3' title="bbox 3428 347 3565 413">
     <span class='ocr_line' id='line_1_3' title="bbox 3428 347 3565 413; baseline 0.007 -1"><span class='ocrx_word' id='word_1_6' title='bbox 3428 347 3565 413; x_wconf 71' lang='grc'><strong>1222</strong></span> 
     </span>
    </p>
   </div>
   <div class='ocr_carea' id='block_1_4' title="bbox 258 455 1852 535">
    <p class='ocr_par' dir='ltr' id='par_1_4' title="bbox 258 455 1852 534">
     <span class='ocr_line' id='line_1_4' title="bbox 258 455 1852 534; baseline 0.001 -23"><span class='ocrx_word' id='word_1_7' title='bbox 258 459 434 512; x_wconf 80' lang='grc' dir='ltr'>πλέον</span> <span class='ocrx_word' id='word_1_8' title='bbox 463 455 559 510; x_wconf 91' lang='grc' dir='ltr'><strong>τοῦ</strong></span> <span class='ocrx_word' id='word_1_9' title='bbox 604 456 818 527; x_wconf 78' lang='grc' dir='ltr'><strong>μήκους</strong></span> <span class='ocrx_word' id='word_1_10' title='bbox 872 459 1181 526; x_wconf 75' lang='grc' dir='ltr'>ἐλαύνουσι,</span> <span class='ocrx_word' id='word_1_11' title='bbox 1212 460 1384 534; x_wconf 75' lang='grc'><strong>[1004</strong></span> <span class='ocrx_word' id='word_1_12' title='bbox 1415 461 1507 534; x_wconf 63' lang='lat' dir='ltr'><strong>IL]</strong></span> <span class='ocrx_word' id='word_1_13' title='bbox 1557 464 1652 516; x_wconf 73' lang='grc' dir='ltr'>καὶ</span> <span class='ocrx_word' id='word_1_14' title='bbox 1695 460 1852 531; x_wconf 85' lang='grc' dir='ltr'>ταχύ-</span> 
     </span>
    </p>
   </div>
   <div class='ocr_carea' id='block_1_5' title="bbox 1963 455 3559 535">
    <p class='ocr_par' dir='ltr' id='par_1_5' title="bbox 1965 462 3559 535">
     <span class='ocr_line' id='line_1_5' title="bbox 1965 462 3559 535; baseline 0.004 -21"><span class='ocrx_word' id='word_1_15' title='bbox 1965 462 2147 515; x_wconf 90' lang='lat' dir='ltr'><strong>omnia</strong></span> <span class='ocrx_word' id='word_1_16' title='bbox 2194 465 2532 532; x_wconf 74' lang='lat' dir='ltr'><strong>superiores.</strong></span> <span class='ocrx_word' id='word_1_17' title='bbox 2587 462 2720 518; x_wconf 85' lang='lat' dir='ltr'><strong>Nam</strong></span> <span class='ocrx_word' id='word_1_18' title='bbox 2786 475 2841 520; x_wconf 92' lang='lat' dir='ltr'><strong>et</strong></span> <span class='ocrx_word' id='word_1_19' title='bbox 2897 466 2950 522; x_wconf 92' lang='lat' dir='ltr'><strong>in</strong></span> <span class='ocrx_word' id='word_1_20' title='bbox 2999 466 3262 533; x_wconf 79' lang='lat' dir='ltr'><strong>majorem</strong></span> <span class='ocrx_word' id='word_1_21' title='bbox 3319 465 3559 535; x_wconf 86' lang='lat' dir='ltr'><strong>porrecti</strong></span> 
     </span>
    </p>
   </div>
   <div class='ocr_carea' id='block_1_6' title="bbox 253 549 1859 626">
    <p class='ocr_par' dir='ltr' id='par_1_6' title="bbox 253 549 1859 626">
     <span class='ocr_line' id='line_1_6' title="bbox 253 549 1859 626; baseline 0.001 -22"><span class='ocrx_word' id='word_1_22' title='bbox 253 568 416 620; x_wconf 83' lang='grc' dir='ltr'>τεροι</span> <span class='ocrx_word' id='word_1_23' title='bbox 447 549 558 604; x_wconf 87' lang='grc' dir='ltr'><strong>τῶν</strong></span> <span class='ocrx_word' id='word_1_24' title='bbox 575 550 855 615; x_wconf 77' lang='grc' dir='ltr'><strong>ὀξυτάτων</strong></span> <span class='ocrx_word' id='word_1_25' title='bbox 893 555 1160 626; x_wconf 83' lang='grc' dir='ltr'><strong>ποταμῶν</strong></span> <span class='ocrx_word' id='word_1_26' title='bbox 1184 554 1467 625; x_wconf 70' lang='grc' dir='ltr'>φέρονται,</span> <span class='ocrx_word' id='word_1_27' title='bbox 1504 558 1599 610; x_wconf 74' lang='grc' dir='ltr'>καὶ</span> <span class='ocrx_word' id='word_1_28' title='bbox 1637 555 1859 623; x_wconf 87' lang='grc' dir='ltr'>διαφεύ-</span> 
     </span>
    </p>
   </div>
   <div class='ocr_carea' id='block_1_7' title="bbox 255 643 1860 717">
    <p class='ocr_par' dir='ltr' id='par_1_7' title="bbox 255 643 1860 717">
     <span class='ocr_line' id='line_1_7' title="bbox 255 643 1860 717; baseline 0.003 -23"><span class='ocrx_word' id='word_1_29' title='bbox 255 658 354 711; x_wconf 80' lang='grc' dir='ltr'><strong>γει</strong></span> <span class='ocrx_word' id='word_1_30' title='bbox 384 643 582 708; x_wconf 85' lang='grc' dir='ltr'>αὐτοὺς</span> <span class='ocrx_word' id='word_1_31' title='bbox 611 645 788 700; x_wconf 90' lang='grc' dir='ltr'>οὐδέν.</span> <span class='ocrx_word' id='word_1_32' title='bbox 833 645 1059 709; x_wconf 81' lang='grc' dir='ltr'><strong>Τούτοις</strong></span> <span class='ocrx_word' id='word_1_33' title='bbox 1116 648 1211 702; x_wconf 77' lang='grc' dir='ltr'><strong>καὶ</strong></span> <span class='ocrx_word' id='word_1_34' title='bbox 1243 647 1408 717; x_wconf 85' lang='grc' dir='ltr'>λοφιὰ</span> <span class='ocrx_word' id='word_1_35' title='bbox 1457 647 1677 717; x_wconf 84' lang='grc' dir='ltr'>φύεται,</span> <span class='ocrx_word' id='word_1_36' title='bbox 1718 646 1860 711; x_wconf 81' lang='grc' dir='ltr'><strong>νέοις</strong></span> 
     </span>
    </p>
   </div>
   <div class='ocr_carea' id='block_1_8' title="bbox 264 734 1861 811">
    <p class='ocr_par' dir='ltr' id='par_1_8' title="bbox 264 734 1861 811">
     <span class='ocr_line' id='line_1_8' title="bbox 264 734 1861 811; baseline 0.003 -23"><span class='ocrx_word' id='word_1_37' title='bbox 264 734 370 804; x_wconf 74' lang='grc' dir='ltr'>μὲν</span> <span class='ocrx_word' id='word_1_38' title='bbox 391 735 770 807; x_wconf 85' lang='grc' dir='ltr'>ὐπανίσχουσα</span> <span class='ocrx_word' id='word_1_39' title='bbox 807 737 870 791; x_wconf 81' lang='grc' dir='ltr'><strong>τὸ</strong></span> <span class='ocrx_word' id='word_1_40' title='bbox 901 739 1149 811; x_wconf 86' lang='grc' dir='ltr'>μέτριον,</span> <span class='ocrx_word' id='word_1_41' title='bbox 1198 740 1577 810; x_wconf 78' lang='grc' dir='ltr'><strong>συναυξομένη</strong></span> <span class='ocrx_word' id='word_1_42' title='bbox 1593 741 1636 773; x_wconf 84' lang='grc'><strong>³¹</strong></span> <span class='ocrx_word' id='word_1_43' title='bbox 1687 739 1745 793; x_wconf 75' lang='grc' dir='ltr'>δὲ</span> <span class='ocrx_word' id='word_1_44' title='bbox 1773 756 1861 793; x_wconf 79' lang='grc' dir='ltr'>τε-</span> 
     </span>
    </p>
   </div>
   <div class='ocr_carea' id='block_1_9' title="bbox 257 827 1859 902">
    <p class='ocr_par' dir='ltr' id='par_1_9' title="bbox 257 827 1859 902">
     <span class='ocr_line' id='line_1_9' title="bbox 257 827 1859 902; baseline -0.002 -15"><span class='ocrx_word' id='word_1_45' title='bbox 257 827 577 898; x_wconf 73' lang='grc' dir='ltr'>λεουμένοις</span> <span class='ocrx_word' id='word_1_46' title='bbox 622 830 720 882; x_wconf 79' lang='grc' dir='ltr'>καὶ</span> <span class='ocrx_word' id='word_1_47' title='bbox 778 830 1081 900; x_wconf 87' lang='grc' dir='ltr'>ἀνίσχουσα</span> <span class='ocrx_word' id='word_1_48' title='bbox 1099 833 1145 864; x_wconf 81' lang='grc'><strong>³³</strong></span> <span class='ocrx_word' id='word_1_49' title='bbox 1194 832 1253 895; x_wconf 84' lang='grc' dir='ltr'>ὲς</span> <span class='ocrx_word' id='word_1_50' title='bbox 1274 832 1320 863; x_wconf 72' lang='grc'>³⁸</span> <span class='ocrx_word' id='word_1_51' title='bbox 1365 831 1523 895; x_wconf 83' lang='grc' dir='ltr'>πολὺ,</span> <span class='ocrx_word' id='word_1_52' title='bbox 1583 833 1673 885; x_wconf 82' lang='grc' dir='ltr'>ὅτε</span> <span class='ocrx_word' id='word_1_53' title='bbox 1728 830 1794 902; x_wconf 78' lang='grc' dir='ltr'><strong>δὴ</strong></span> <span class='ocrx_word' id='word_1_54' title='bbox 1813 832 1859 864; x_wconf 83' lang='grc'><strong><em>³⁵</em></strong></span> 
     </span>
    </p>
   </div>
   <div class='ocr_carea' id='block_1_10' title="bbox 259 916 1861 993">
    <p class='ocr_par' dir='ltr' id='par_1_10' title="bbox 259 916 1861 993">
     <span class='ocr_line' id='line_1_10' title="bbox 259 916 1861 993; baseline 0.002 -21"><span class='ocrx_word' id='word_1_55' title='bbox 259 920 468 989; x_wconf 85' lang='grc' dir='ltr'>πυρσοί</span> <span class='ocrx_word' id='word_1_56' title='bbox 484 921 529 953; x_wconf 83' lang='grc'><strong>³⁸</strong></span> <span class='ocrx_word' id='word_1_57' title='bbox 554 938 615 974; x_wconf 90' lang='grc' dir='ltr'><strong>τε</strong></span> <span class='ocrx_word' id='word_1_58' title='bbox 648 922 742 975; x_wconf 70' lang='grc' dir='ltr'><strong>καὶ</strong></span> <span class='ocrx_word' id='word_1_59' title='bbox 769 923 1065 993; x_wconf 79' lang='grc' dir='ltr'>πριονωτοὶ</span> <span class='ocrx_word' id='word_1_60' title='bbox 1094 922 1361 992; x_wconf 89' lang='grc' dir='ltr'>γίνονται.</span> <span class='ocrx_word' id='word_1_61' title='bbox 1411 916 1573 977; x_wconf 77' lang='grc' dir='ltr'>Οὗτοι</span> <span class='ocrx_word' id='word_1_62' title='bbox 1624 924 1720 977; x_wconf 74' lang='grc' dir='ltr'><strong>καὶ</strong></span> <span class='ocrx_word' id='word_1_63' title='bbox 1768 940 1861 991; x_wconf 78' lang='grc' dir='ltr'>γεο</span> 
     </span>
    </p>
   </div>
   <div class='ocr_carea' id='block_1_11' title="bbox 260 1013 1859 1086">
    <p class='ocr_par' dir='ltr' id='par_1_11' title="bbox 260 1013 1859 1086">
     <span class='ocr_line' id='line_1_11' title="bbox 260 1013 1859 1086; baseline 0.002 -22"><span class='ocrx_word' id='word_1_64' title='bbox 260 1013 603 1077; x_wconf 82' lang='grc' dir='ltr'>νειάσκουσι,</span> <span class='ocrx_word' id='word_1_65' title='bbox 634 1016 731 1068; x_wconf 80' lang='grc' dir='ltr'>καὶ</span> <span class='ocrx_word' id='word_1_66' title='bbox 767 1015 860 1068; x_wconf 85' lang='grc' dir='ltr'><strong>τὸν</strong></span> <span class='ocrx_word' id='word_1_67' title='bbox 915 1014 1122 1086; x_wconf 77' lang='grc' dir='ltr'>αὐχένα</span> <span class='ocrx_word' id='word_1_68' title='bbox 1173 1015 1311 1085; x_wconf 83' lang='grc' dir='ltr'>ὑψοῦ</span> <span class='ocrx_word' id='word_1_69' title='bbox 1346 1014 1589 1085; x_wconf 77' lang='grc' dir='ltr'>αἴρουσι,</span> <span class='ocrx_word' id='word_1_70' title='bbox 1628 1016 1723 1069; x_wconf 69' lang='grc' dir='ltr'><strong>καὶ</strong></span> <span class='ocrx_word' id='word_1_71' title='bbox 1761 1014 1859 1083; x_wconf 83' lang='grc' dir='ltr'>τὴν</span> 
     </span>
    </p>
   </div>
   <div class='ocr_carea' id='block_1_12' title="bbox 261 1104 1860 1179">
    <p class='ocr_par' dir='ltr' id='par_1_12' title="bbox 261 1104 1860 1179">
     <span class='ocr_line' id='line_1_12' title="bbox 261 1104 1860 1179; baseline 0.003 -21"><span class='ocrx_word' id='word_1_72' title='bbox 261 1104 458 1173; x_wconf 77' lang='grc' dir='ltr'>φολίδα</span> <span class='ocrx_word' id='word_1_73' title='bbox 485 1105 761 1160; x_wconf 76' lang='grc' dir='ltr'>στίλϐουσι</span> <span class='ocrx_word' id='word_1_74' title='bbox 784 1106 941 1177; x_wconf 89' lang='grc' dir='ltr'>δίκην</span> <span class='ocrx_word' id='word_1_75' title='bbox 970 1107 1212 1179; x_wconf 82' lang='grc' dir='ltr'>ἀργύρου</span> <span class='ocrx_word' id='word_1_76' title='bbox 1235 1122 1248 1136; x_wconf 83' lang='lat'><strong><em>°</em></strong></span> <span class='ocrx_word' id='word_1_77' title='bbox 1273 1109 1329 1160; x_wconf 86' lang='grc' dir='ltr'>αἱ</span> <span class='ocrx_word' id='word_1_78' title='bbox 1357 1108 1414 1161; x_wconf 85' lang='grc' dir='ltr'>δὲ</span> <span class='ocrx_word' id='word_1_79' title='bbox 1430 1107 1538 1161; x_wconf 89' lang='grc' dir='ltr'><strong>τῶν</strong></span> <span class='ocrx_word' id='word_1_80' title='bbox 1561 1108 1860 1177; x_wconf 77' lang='grc' dir='ltr'><strong>ὀφθαλμῶν</strong></span> 
     </span>
    </p>
   </div>
   <div class='ocr_carea' id='block_1_13' title="bbox 262 1193 1857 1268">
    <p class='ocr_par' dir='ltr' id='par_1_13' title="bbox 262 1193 1857 1268">
     <span class='ocr_line' id='line_1_13' title="bbox 262 1193 1857 1268; baseline 0.003 -21"><span class='ocrx_word' id='word_1_81' title='bbox 262 1196 428 1265; x_wconf 86' lang='grc' dir='ltr'>κόραι</span> <span class='ocrx_word' id='word_1_82' title='bbox 472 1193 618 1259; x_wconf 88' lang='grc' dir='ltr'>λίθος</span> <span class='ocrx_word' id='word_1_83' title='bbox 648 1196 1067 1267; x_wconf 73' lang='grc' dir='ltr'>έστὶδιάπυρος.</span> <span class='ocrx_word' id='word_1_84' title='bbox 1112 1197 1293 1267; x_wconf 78' lang='grc' dir='ltr'>’ἰσχὺν</span> <span class='ocrx_word' id='word_1_85' title='bbox 1358 1197 1416 1251; x_wconf 79' lang='grc' dir='ltr'>δὲ</span> <span class='ocrx_word' id='word_1_86' title='bbox 1472 1196 1656 1252; x_wconf 88' lang='grc' dir='ltr'>αὐτῶν</span> <span class='ocrx_word' id='word_1_87' title='bbox 1704 1197 1857 1268; x_wconf 79' lang='grc' dir='ltr'>ἀμή-</span> 
     </span>
    </p>
   </div>
   <div class='ocr_carea' id='block_1_14' title="bbox 261 1282 1857 1358">
    <p class='ocr_par' dir='ltr' id='par_1_14' title="bbox 261 1282 1857 1358">
     <span class='ocr_line' id='line_1_14' title="bbox 261 1282 1857 1358; baseline 0.002 -19"><span class='ocrx_word' id='word_1_88' title='bbox 261 1305 430 1357; x_wconf 88' lang='grc' dir='ltr'>χανον</span> <span class='ocrx_word' id='word_1_89' title='bbox 455 1282 595 1342; x_wconf 78' lang='grc' dir='ltr'>εἷναί</span> <span class='ocrx_word' id='word_1_90' title='bbox 618 1304 784 1358; x_wconf 88' lang='grc' dir='ltr'>φησιν</span> <span class='ocrx_word' id='word_1_91' title='bbox 796 1288 842 1320; x_wconf 78' lang='grc'>³⁷</span> <span class='ocrx_word' id='word_1_92' title='bbox 862 1289 918 1351; x_wconf 72' lang='grc' dir='ltr'>ἐς</span> <span class='ocrx_word' id='word_1_93' title='bbox 949 1288 1121 1342; x_wconf 84' lang='grc' dir='ltr'>πολλά</span> <span class='ocrx_word' id='word_1_94' title='bbox 1146 1288 1259 1342; x_wconf 90' lang='grc' dir='ltr'><strong>τῶν</strong></span> <span class='ocrx_word' id='word_1_95' title='bbox 1284 1288 1594 1343; x_wconf 77' lang='grc' dir='ltr'>ἀποθέτων.</span> <span class='ocrx_word' id='word_1_96' title='bbox 1640 1289 1857 1343; x_wconf 78' lang='grc' dir='ltr'>Γίνεται</span> 
     </span>
    </p>
   </div>
   <div class='ocr_carea' id='block_1_15' title="bbox 256 1381 1859 1455">
    <p class='ocr_par' dir='ltr' id='par_1_15' title="bbox 256 1381 1859 1455">
     <span class='ocr_line' id='line_1_15' title="bbox 256 1381 1859 1455; baseline 0.001 -22"><span class='ocrx_word' id='word_1_97' title='bbox 256 1382 320 1433; x_wconf 85' lang='grc' dir='ltr'>δὲ</span> <span class='ocrx_word' id='word_1_98' title='bbox 351 1385 463 1441; x_wconf 80' lang='grc' dir='ltr'>τοῖς</span> <span class='ocrx_word' id='word_1_99' title='bbox 492 1381 734 1450; x_wconf 86' lang='grc' dir='ltr'>θηρῶσιν</span> <span class='ocrx_word' id='word_1_100' title='bbox 765 1381 794 1434; x_wconf 90' lang='grc' dir='ltr'><strong>ὀ</strong></span> <span class='ocrx_word' id='word_1_101' title='bbox 838 1382 1055 1446; x_wconf 76' lang='grc' dir='ltr'>πεδινὸς</span> <span class='ocrx_word' id='word_1_102' title='bbox 1102 1381 1325 1455; x_wconf 79' lang='grc' dir='ltr'>εὕρημα</span> <span class='ocrx_word' id='word_1_103' title='bbox 1344 1382 1413 1449; x_wconf 83' lang='grc'><strong>³⁸,</strong></span> <span class='ocrx_word' id='word_1_104' title='bbox 1468 1383 1691 1437; x_wconf 74' lang='grc' dir='ltr'>ἐπειδάν</span> <span class='ocrx_word' id='word_1_105' title='bbox 1747 1382 1859 1436; x_wconf 89' lang='grc' dir='ltr'><strong>τῶν</strong></span> 
     </span>
    </p>
   </div>
   <div class='ocr_carea' id='block_1_16' title="bbox 260 1472 1856 1545">
    <p class='ocr_par' dir='ltr' id='par_1_16' title="bbox 260 1472 1856 1545">
     <span class='ocr_line' id='line_1_16' title="bbox 260 1472 1856 1545; baseline 0 -20"><span class='ocrx_word' id='word_1_106' title='bbox 260 1473 575 1541; x_wconf 73' lang='grc' dir='ltr'>ἐλεφάντων</span> <span class='ocrx_word' id='word_1_107' title='bbox 600 1472 722 1526; x_wconf 79' lang='grc' dir='ltr'>τινά</span> <span class='ocrx_word' id='word_1_108' title='bbox 750 1472 1125 1543; x_wconf 77' lang='grc' dir='ltr'>ἐπισπάσηται</span> <span class='ocrx_word' id='word_1_109' title='bbox 1145 1490 1159 1504; x_wconf 89' lang='grc'><strong>·</strong></span> <span class='ocrx_word' id='word_1_110' title='bbox 1216 1473 1372 1527; x_wconf 74' lang='grc' dir='ltr'>τουτὶ</span> <span class='ocrx_word' id='word_1_111' title='bbox 1414 1474 1525 1545; x_wconf 74' lang='grc' dir='ltr'>γὰρ</span> <span class='ocrx_word' id='word_1_112' title='bbox 1549 1472 1856 1526; x_wconf 86' lang='grc' dir='ltr'>ἀπόλλυσιν</span> 
     </span>
    </p>
   </div>
   <div class='ocr_carea' id='block_1_17' title="bbox 258 1566 1858 1639">
    <p class='ocr_par' dir='ltr' id='par_1_17' title="bbox 258 1566 1858 1639">
     <span class='ocr_line' id='line_1_17' title="bbox 258 1566 1858 1639; baseline -0.001 -18"><span class='ocrx_word' id='word_1_113' title='bbox 258 1568 432 1637; x_wconf 79' lang='grc' dir='ltr'>ἄμφω</span> <span class='ocrx_word' id='word_1_114' title='bbox 464 1567 531 1620; x_wconf 90' lang='grc' dir='ltr'><strong>τά</strong></span> <span class='ocrx_word' id='word_1_115' title='bbox 560 1566 741 1638; x_wconf 78' lang='grc' dir='ltr'>θηρία.</span> <span class='ocrx_word' id='word_1_116' title='bbox 789 1567 899 1620; x_wconf 81' lang='grc' dir='ltr'><strong>Καὶ</strong></span> <span class='ocrx_word' id='word_1_117' title='bbox 947 1567 1142 1639; x_wconf 82' lang='grc' dir='ltr'><strong>κέρδος</strong></span> <span class='ocrx_word' id='word_1_118' title='bbox 1173 1570 1287 1631; x_wconf 85' lang='grc' dir='ltr'>τοῖς</span> <span class='ocrx_word' id='word_1_119' title='bbox 1324 1568 1505 1621; x_wconf 79' lang='grc' dir='ltr'>ἑλοῦσι</span> <span class='ocrx_word' id='word_1_120' title='bbox 1555 1568 1858 1639; x_wconf 83' lang='grc' dir='ltr'>δράκοντας</span> 
     </span>
    </p>
   </div>
   <div class='ocr_carea' id='block_1_18' title="bbox 259 1656 1860 1730">
    <p class='ocr_par' dir='ltr' id='par_1_18' title="bbox 259 1656 1860 1730">
     <span class='ocr_line' id='line_1_18' title="bbox 259 1656 1860 1730; baseline 0.003 -20"><span class='ocrx_word' id='word_1_121' title='bbox 259 1656 534 1727; x_wconf 81' lang='grc' dir='ltr'>ὀφθαλμοὶ</span> <span class='ocrx_word' id='word_1_122' title='bbox 558 1658 652 1711; x_wconf 72' lang='grc' dir='ltr'><strong>καὶ</strong></span> <span class='ocrx_word' id='word_1_123' title='bbox 681 1656 814 1728; x_wconf 88' lang='grc' dir='ltr'><strong>δορά</strong></span> <span class='ocrx_word' id='word_1_124' title='bbox 838 1658 932 1711; x_wconf 72' lang='grc' dir='ltr'><strong>καὶ</strong></span> <span class='ocrx_word' id='word_1_125' title='bbox 955 1658 1172 1722; x_wconf 79' lang='grc' dir='ltr'>ὀδόντες</span> <span class='ocrx_word' id='word_1_126' title='bbox 1203 1674 1217 1688; x_wconf 85' lang='grc'><strong>’</strong></span> <span class='ocrx_word' id='word_1_127' title='bbox 1246 1659 1357 1713; x_wconf 79' lang='grc' dir='ltr'>εἰσὶ</span> <span class='ocrx_word' id='word_1_128' title='bbox 1384 1658 1442 1712; x_wconf 81' lang='grc' dir='ltr'>δὲ</span> <span class='ocrx_word' id='word_1_129' title='bbox 1477 1662 1547 1713; x_wconf 87' lang='grc' dir='ltr'><strong>τά</strong></span> <span class='ocrx_word' id='word_1_130' title='bbox 1589 1660 1688 1730; x_wconf 83' lang='grc' dir='ltr'>μὲν</span> <span class='ocrx_word' id='word_1_131' title='bbox 1722 1660 1860 1715; x_wconf 85' lang='grc' dir='ltr'>ἀλλα</span> 
     </span>
    </p>
   </div>
   <div class='ocr_carea' id='block_1_19' title="bbox 257 1749 1859 1822">
    <p class='ocr_par' dir='ltr' id='par_1_19' title="bbox 257 1749 1859 1822">
     <span class='ocr_line' id='line_1_19' title="bbox 257 1749 1859 1822; baseline 0.001 -19"><span class='ocrx_word' id='word_1_132' title='bbox 257 1751 442 1820; x_wconf 81' lang='grc' dir='ltr'>ὅμοιοι</span> <span class='ocrx_word' id='word_1_133' title='bbox 471 1751 584 1813; x_wconf 82' lang='grc' dir='ltr'>τοῖς</span> <span class='ocrx_word' id='word_1_134' title='bbox 622 1749 731 1803; x_wconf 88' lang='grc' dir='ltr'><strong>τῶν</strong></span> <span class='ocrx_word' id='word_1_135' title='bbox 756 1750 1035 1820; x_wconf 80' lang='grc' dir='ltr'>μεγίστων</span> <span class='ocrx_word' id='word_1_136' title='bbox 1091 1751 1259 1815; x_wconf 82' lang='grc' dir='ltr'>συῶν,</span> <span class='ocrx_word' id='word_1_137' title='bbox 1314 1750 1634 1822; x_wconf 89' lang='grc' dir='ltr'>λεπτότεροι</span> <span class='ocrx_word' id='word_1_138' title='bbox 1666 1752 1724 1805; x_wconf 80' lang='grc' dir='ltr'>δὲ</span> <span class='ocrx_word' id='word_1_139' title='bbox 1763 1753 1859 1805; x_wconf 77' lang='grc' dir='ltr'><strong>καὶ</strong></span> 
     </span>
    </p>
   </div>
   <div class='ocr_carea' id='block_1_20' title="bbox 1970 550 3560 624">
    <p class='ocr_par' dir='ltr' id='par_1_20' title="bbox 1970 550 3560 624">
     <span class='ocr_line' id='line_1_20' title="bbox 1970 550 3560 624; baseline 0.004 -21"><span class='ocrx_word' id='word_1_140' title='bbox 1970 561 2097 604; x_wconf 91' lang='lat' dir='ltr'><strong>sunt</strong></span> <span class='ocrx_word' id='word_1_141' title='bbox 2126 550 2547 621; x_wconf 89' lang='lat' dir='ltr'><strong>longitudinem,</strong></span> <span class='ocrx_word' id='word_1_142' title='bbox 2580 563 2636 610; x_wconf 93' lang='lat' dir='ltr'><strong>et</strong></span> <span class='ocrx_word' id='word_1_143' title='bbox 2667 554 2909 610; x_wconf 83' lang='lat' dir='ltr'><strong>velocius</strong></span> <span class='ocrx_word' id='word_1_144' title='bbox 2943 555 3284 620; x_wconf 84' lang='lat' dir='ltr'><strong>ﬂuminibus,</strong></span> <span class='ocrx_word' id='word_1_145' title='bbox 3306 556 3560 624; x_wconf 80' lang='lat' dir='ltr'><strong>quamvis</strong></span> 
     </span>
    </p>
   </div>
   <div class='ocr_carea' id='block_1_21' title="bbox 1971 641 3559 715">
    <p class='ocr_par' dir='ltr' id='par_1_21' title="bbox 1971 641 3559 715">
     <span class='ocr_line' id='line_1_21' title="bbox 1971 641 3559 715; baseline 0.003 -20"><span class='ocrx_word' id='word_1_146' title='bbox 1971 641 2281 712; x_wconf 86' lang='lat' dir='ltr'><strong>rapacibus,</strong></span> <span class='ocrx_word' id='word_1_147' title='bbox 2317 642 2587 713; x_wconf 87' lang='lat' dir='ltr'><strong>feruntur,</strong></span> <span class='ocrx_word' id='word_1_148' title='bbox 2620 646 2693 701; x_wconf 86' lang='lat' dir='ltr'><strong>ita</strong></span> <span class='ocrx_word' id='word_1_149' title='bbox 2730 657 2788 701; x_wconf 92' lang='lat' dir='ltr'><strong>ut</strong></span> <span class='ocrx_word' id='word_1_150' title='bbox 2832 646 2953 702; x_wconf 88' lang='lat' dir='ltr'><strong>illos</strong></span> <span class='ocrx_word' id='word_1_151' title='bbox 2985 647 3217 701; x_wconf 83' lang='lat' dir='ltr'><strong>evadere</strong></span> <span class='ocrx_word' id='word_1_152' title='bbox 3266 646 3399 701; x_wconf 81' lang='lat' dir='ltr'><strong>nihil</strong></span> <span class='ocrx_word' id='word_1_153' title='bbox 3431 660 3559 715; x_wconf 88' lang='lat' dir='ltr'><strong>pos-</strong></span> 
     </span>
    </p>
   </div>
   <div class='ocr_carea' id='block_1_22' title="bbox 1969 733 3555 808">
    <p class='ocr_par' dir='ltr' id='par_1_22' title="bbox 1969 733 3555 808">
     <span class='ocr_line' id='line_1_22' title="bbox 1969 733 3555 808; baseline 0.002 -20"><span class='ocrx_word' id='word_1_154' title='bbox 1969 734 2060 789; x_wconf 86' lang='lat' dir='ltr'><strong>sit.</strong></span> <span class='ocrx_word' id='word_1_155' title='bbox 2097 733 2190 791; x_wconf 87' lang='lat' dir='ltr'><strong>IIis</strong></span> <span class='ocrx_word' id='word_1_156' title='bbox 2224 743 2407 790; x_wconf 85' lang='lat' dir='ltr'><strong>autem</strong></span> <span class='ocrx_word' id='word_1_157' title='bbox 2449 739 2615 791; x_wconf 87' lang='lat' dir='ltr'><strong>crista</strong></span> <span class='ocrx_word' id='word_1_158' title='bbox 2650 738 2909 805; x_wconf 88' lang='lat' dir='ltr'><strong>nascitur,</strong></span> <span class='ocrx_word' id='word_1_159' title='bbox 2931 738 3227 808; x_wconf 77' lang='lat' dir='ltr'><strong>juvenibus</strong></span> <span class='ocrx_word' id='word_1_160' title='bbox 3260 737 3555 792; x_wconf 87' lang='lat' dir='ltr'><strong>mediocri-</strong></span> 
     </span>
    </p>
   </div>
   <div class='ocr_carea' id='block_1_23' title="bbox 1969 827 3561 898">
    <p class='ocr_par' dir='ltr' id='par_1_23' title="bbox 1969 827 3561 898">
     <span class='ocr_line' id='line_1_23' title="bbox 1969 827 3561 898; baseline 0.002 -19"><span class='ocrx_word' id='word_1_161' title='bbox 1969 834 2053 881; x_wconf 87' lang='lat' dir='ltr'><strong>ter</strong></span> <span class='ocrx_word' id='word_1_162' title='bbox 2085 828 2423 897; x_wconf 84' lang='lat' dir='ltr'><strong>prominens,</strong></span> <span class='ocrx_word' id='word_1_163' title='bbox 2467 829 2743 898; x_wconf 74' lang='lat' dir='ltr'><strong>provectis</strong></span> <span class='ocrx_word' id='word_1_164' title='bbox 2787 844 2917 884; x_wconf 84' lang='lat' dir='ltr'><strong>vero</strong></span> <span class='ocrx_word' id='word_1_165' title='bbox 2966 838 3126 884; x_wconf 57' lang='lat' dir='ltr'><strong>aetate</strong></span> <span class='ocrx_word' id='word_1_166' title='bbox 3175 827 3456 898; x_wconf 77' lang='lat' dir='ltr'><strong>grandior.</strong></span> <span class='ocrx_word' id='word_1_167' title='bbox 3503 837 3561 882; x_wconf 92' lang='lat' dir='ltr'><strong>et</strong></span> 
     </span>
    </p>
   </div>
   <div class='ocr_carea' id='block_1_24' title="bbox 1967 924 3559 996">
    <p class='ocr_par' dir='ltr' id='par_1_24' title="bbox 1967 924 3559 996">
     <span class='ocr_line' id='line_1_24' title="bbox 1967 924 3559 996; baseline 0 -19"><span class='ocrx_word' id='word_1_168' title='bbox 1967 925 2128 979; x_wconf 86' lang='lat' dir='ltr'><strong>valde</strong></span> <span class='ocrx_word' id='word_1_169' title='bbox 2148 939 2463 996; x_wconf 80' lang='lat' dir='ltr'><strong>assurgens,</strong></span> <span class='ocrx_word' id='word_1_170' title='bbox 2502 935 2699 994; x_wconf 89' lang='lat' dir='ltr'><strong>estque</strong></span> <span class='ocrx_word' id='word_1_171' title='bbox 2726 924 2895 995; x_wconf 88' lang='lat' dir='ltr'><strong>ignita</strong></span> <span class='ocrx_word' id='word_1_172' title='bbox 2920 934 2989 979; x_wconf 91' lang='lat' dir='ltr'><strong>-et</strong></span> <span class='ocrx_word' id='word_1_173' title='bbox 3040 924 3267 979; x_wconf 91' lang='lat' dir='ltr'><strong>ferrata.</strong></span> <span class='ocrx_word' id='word_1_174' title='bbox 3316 924 3379 978; x_wconf 85' lang='lat' dir='ltr'><strong>Hi</strong></span> <span class='ocrx_word' id='word_1_175' title='bbox 3424 938 3559 977; x_wconf 85' lang='lat' dir='ltr'><strong>vero</strong></span> 
     </span>
    </p>
   </div>
   <div class='ocr_carea' id='block_1_25' title="bbox 1962 1017 3558 1086">
    <p class='ocr_par' dir='ltr' id='par_1_25' title="bbox 1962 1017 3558 1086">
     <span class='ocr_line' id='line_1_25' title="bbox 1962 1017 3558 1086; baseline 0 -17"><span class='ocrx_word' id='word_1_176' title='bbox 1962 1017 2123 1086; x_wconf 87' lang='lat' dir='ltr'><strong>jubas</strong></span> <span class='ocrx_word' id='word_1_177' title='bbox 2157 1028 2212 1070; x_wconf 90' lang='lat' dir='ltr'><strong>et</strong></span> <span class='ocrx_word' id='word_1_178' title='bbox 2236 1018 2503 1071; x_wconf 84' lang='lat' dir='ltr'><strong>cervicem</strong></span> <span class='ocrx_word' id='word_1_179' title='bbox 2527 1017 2690 1072; x_wconf 89' lang='lat' dir='ltr'><strong>altius</strong></span> <span class='ocrx_word' id='word_1_180' title='bbox 2705 1017 2991 1079; x_wconf 85' lang='lat' dir='ltr'><strong>attollunt,</strong></span> <span class='ocrx_word' id='word_1_181' title='bbox 3013 1025 3071 1071; x_wconf 88' lang='lat' dir='ltr'><strong>et</strong></span> <span class='ocrx_word' id='word_1_182' title='bbox 3097 1032 3284 1071; x_wconf 90' lang='lat' dir='ltr'><strong>eorum</strong></span> <span class='ocrx_word' id='word_1_183' title='bbox 3316 1030 3558 1085; x_wconf 69' lang='lat' dir='ltr'><strong>squama!</strong></span> 
     </span>
    </p>
   </div>
   <div class='ocr_carea' id='block_1_26' title="bbox 1969 1106 3558 1177">
    <p class='ocr_par' dir='ltr' id='par_1_26' title="bbox 1969 1106 3558 1177">
     <span class='ocr_line' id='line_1_26' title="bbox 1969 1106 3558 1177; baseline -0.002 -15"><span class='ocrx_word' id='word_1_184' title='bbox 1969 1109 2145 1163; x_wconf 89' lang='lat' dir='ltr'><strong>instar</strong></span> <span class='ocrx_word' id='word_1_185' title='bbox 2170 1109 2379 1177; x_wconf 87' lang='lat' dir='ltr'><strong>argenti</strong></span> <span class='ocrx_word' id='word_1_186' title='bbox 2413 1109 2644 1177; x_wconf 87' lang='lat' dir='ltr'><strong>fulgent.</strong></span> <span class='ocrx_word' id='word_1_187' title='bbox 2690 1107 2985 1163; x_wconf 89' lang='lat' dir='ltr'><strong>Oculorum</strong></span> <span class='ocrx_word' id='word_1_188' title='bbox 3016 1116 3197 1161; x_wconf 89' lang='lat' dir='ltr'><strong>autem</strong></span> <span class='ocrx_word' id='word_1_189' title='bbox 3235 1106 3451 1177; x_wconf 65' lang='lat' dir='ltr'><strong>pupilla:</strong></span> <span class='ocrx_word' id='word_1_190' title='bbox 3478 1107 3558 1159; x_wconf 88' lang='lat' dir='ltr'><strong>la-</strong></span> 
     </span>
    </p>
   </div>
   <div class='ocr_carea' id='block_1_27' title="bbox 1967 1197 3557 1270">
    <p class='ocr_par' dir='ltr' id='par_1_27' title="bbox 1967 1197 3557 1270">
     <span class='ocr_line' id='line_1_27' title="bbox 1967 1197 3557 1270; baseline -0.001 -17"><span class='ocrx_word' id='word_1_191' title='bbox 1967 1200 2125 1270; x_wconf 87' lang='lat' dir='ltr'><strong>pides</strong></span> <span class='ocrx_word' id='word_1_192' title='bbox 2155 1209 2283 1254; x_wconf 90' lang='lat' dir='ltr'><strong>sunt</strong></span> <span class='ocrx_word' id='word_1_193' title='bbox 2316 1209 2575 1270; x_wconf 84' lang='lat' dir='ltr'><strong>tanquam</strong></span> <span class='ocrx_word' id='word_1_194' title='bbox 2609 1200 2751 1270; x_wconf 94' lang='lat' dir='ltr'><strong>ignis</strong></span> <span class='ocrx_word' id='word_1_195' title='bbox 2781 1200 3072 1270; x_wconf 77' lang='lat' dir='ltr'><strong>fulgentes.</strong></span> <span class='ocrx_word' id='word_1_196' title='bbox 3101 1197 3305 1253; x_wconf 84' lang='lat' dir='ltr'><strong>Horum</strong></span> <span class='ocrx_word' id='word_1_197' title='bbox 3330 1214 3557 1268; x_wconf 86' lang='lat' dir='ltr'><strong>serpen-</strong></span> 
     </span>
    </p>
   </div>
   <div class='ocr_carea' id='block_1_28' title="bbox 1970 1292 3557 1361">
    <p class='ocr_par' dir='ltr' id='par_1_28' title="bbox 1970 1292 3557 1361">
     <span class='ocr_line' id='line_1_28' title="bbox 1970 1292 3557 1361; baseline 0 -16"><span class='ocrx_word' id='word_1_198' title='bbox 1970 1302 2080 1345; x_wconf 91' lang='lat' dir='ltr'><strong>tum</strong></span> <span class='ocrx_word' id='word_1_199' title='bbox 2110 1293 2219 1346; x_wconf 87' lang='lat' dir='ltr'><strong>vim</strong></span> <span class='ocrx_word' id='word_1_200' title='bbox 2265 1293 2560 1346; x_wconf 78' lang='lat' dir='ltr'><strong>maximam</strong></span> <span class='ocrx_word' id='word_1_201' title='bbox 2599 1307 2722 1347; x_wconf 91' lang='lat' dir='ltr'><strong>esse</strong></span> <span class='ocrx_word' id='word_1_202' title='bbox 2763 1293 2945 1346; x_wconf 89' lang='lat' dir='ltr'><strong>ferunt</strong></span> <span class='ocrx_word' id='word_1_203' title='bbox 2978 1292 3042 1345; x_wconf 86' lang='lat' dir='ltr'><strong>ad</strong></span> <span class='ocrx_word' id='word_1_204' title='bbox 3092 1295 3313 1346; x_wconf 87' lang='lat' dir='ltr'><strong>morbos</strong></span> <span class='ocrx_word' id='word_1_205' title='bbox 3348 1293 3557 1361; x_wconf 88' lang='lat' dir='ltr'><strong>pericu-</strong></span> 
     </span>
    </p>
   </div>
   <div class='ocr_carea' id='block_1_29' title="bbox 1968 1382 3557 1452">
    <p class='ocr_par' dir='ltr' id='par_1_29' title="bbox 1968 1382 3557 1452">
     <span class='ocr_line' id='line_1_29' title="bbox 1968 1382 3557 1452; baseline -0.001 -14"><span class='ocrx_word' id='word_1_206' title='bbox 1968 1383 2277 1440; x_wconf 90' lang='lat' dir='ltr'><strong>losissimos</strong></span> <span class='ocrx_word' id='word_1_207' title='bbox 2338 1385 2631 1441; x_wconf 88' lang='lat' dir='ltr'><strong>tollendos.</strong></span> <span class='ocrx_word' id='word_1_208' title='bbox 2704 1387 2749 1437; x_wconf 83' lang='lat' dir='ltr'><strong>A</strong></span> <span class='ocrx_word' id='word_1_209' title='bbox 2816 1384 3143 1439; x_wconf 87' lang='lat' dir='ltr'><strong>venantibus</strong></span> <span class='ocrx_word' id='word_1_210' title='bbox 3206 1382 3557 1452; x_wconf 88' lang='lat' dir='ltr'><strong>reperiuntur</strong></span> 
     </span>
    </p>
   </div>
   <div class='ocr_carea' id='block_1_30' title="bbox 1967 1474 3554 1547">
    <p class='ocr_par' dir='ltr' id='par_1_30' title="bbox 1967 1474 3554 1547">
     <span class='ocr_line' id='line_1_30' title="bbox 1967 1474 3554 1547; baseline 0 -20"><span class='ocrx_word' id='word_1_211' title='bbox 1967 1487 2304 1544; x_wconf 78' lang='lat' dir='ltr'><strong>campestres</strong></span> <span class='ocrx_word' id='word_1_212' title='bbox 2321 1477 2590 1530; x_wconf 82' lang='lat' dir='ltr'><strong>dracones</strong></span> <span class='ocrx_word' id='word_1_213' title='bbox 2614 1476 2759 1547; x_wconf 92' lang='lat' dir='ltr'><strong>(cum</strong></span> <span class='ocrx_word' id='word_1_214' title='bbox 2778 1479 2928 1530; x_wconf 89' lang='lat' dir='ltr'><strong>enim</strong></span> <span class='ocrx_word' id='word_1_215' title='bbox 2958 1475 3303 1544; x_wconf 84' lang='lat' dir='ltr'><strong>elephantem</strong></span> <span class='ocrx_word' id='word_1_216' title='bbox 3319 1474 3554 1544; x_wconf 89' lang='lat' dir='ltr'><strong>aliquem</strong></span> 
     </span>
    </p>
   </div>
   <div class='ocr_carea' id='block_1_31' title="bbox 1966 1566 3555 1638">
    <p class='ocr_par' dir='ltr' id='par_1_31' title="bbox 1966 1566 3555 1638">
     <span class='ocr_line' id='line_1_31' title="bbox 1966 1566 3555 1638; baseline -0.003 -15"><span class='ocrx_word' id='word_1_217' title='bbox 1966 1568 2378 1635; x_wconf 86' lang='lat' dir='ltr'><strong>convulsernnt,</strong></span> <span class='ocrx_word' id='word_1_218' title='bbox 2416 1578 2647 1638; x_wconf 86' lang='lat' dir='ltr'><strong>utraque</strong></span> <span class='ocrx_word' id='word_1_219' title='bbox 2680 1568 2856 1622; x_wconf 88' lang='lat' dir='ltr'><strong>bellua</strong></span> <span class='ocrx_word' id='word_1_220' title='bbox 2885 1568 3099 1637; x_wconf 89' lang='lat' dir='ltr'><strong>interit)</strong></span> <span class='ocrx_word' id='word_1_221' title='bbox 3127 1576 3182 1622; x_wconf 90' lang='lat' dir='ltr'><strong>et</strong></span> <span class='ocrx_word' id='word_1_222' title='bbox 3205 1566 3555 1637; x_wconf 62' lang='lat' dir='ltr'><strong>com-Apicu-</strong></span> 
     </span>
    </p>
   </div>
   <div class='ocr_carea' id='block_1_32' title="bbox 1969 1659 3551 1729">
    <p class='ocr_par' dir='ltr' id='par_1_32' title="bbox 1969 1659 3551 1729">
     <span class='ocr_line' id='line_1_32' title="bbox 1969 1659 3551 1729; baseline -0.002 -14"><span class='ocrx_word' id='word_1_223' title='bbox 1969 1660 2114 1715; x_wconf 89' lang='lat' dir='ltr'><strong>tibus</strong></span> <span class='ocrx_word' id='word_1_224' title='bbox 2145 1660 2296 1715; x_wconf 89' lang='lat' dir='ltr'><strong>lucro</strong></span> <span class='ocrx_word' id='word_1_225' title='bbox 2330 1670 2457 1715; x_wconf 87' lang='lat' dir='ltr'><strong>sunt</strong></span> <span class='ocrx_word' id='word_1_226' title='bbox 2499 1661 2665 1728; x_wconf 88' lang='lat' dir='ltr'><strong>oculi,</strong></span> <span class='ocrx_word' id='word_1_227' title='bbox 2700 1661 2892 1729; x_wconf 85' lang='lat' dir='ltr'><strong>pelles,</strong></span> <span class='ocrx_word' id='word_1_228' title='bbox 2938 1661 3150 1715; x_wconf 87' lang='lat' dir='ltr'><strong>dentes.</strong></span> <span class='ocrx_word' id='word_1_229' title='bbox 3177 1659 3318 1714; x_wconf 88' lang='lat' dir='ltr'><strong>Sunt</strong></span> <span class='ocrx_word' id='word_1_230' title='bbox 3366 1668 3551 1713; x_wconf 86' lang='lat' dir='ltr'><strong>autem</strong></span> 
     </span>
    </p>
   </div>
   <div class='ocr_carea' id='block_1_33' title="bbox 1968 1751 3554 1821">
    <p class='ocr_par' dir='ltr' id='par_1_33' title="bbox 1968 1751 3554 1821">
     <span class='ocr_line' id='line_1_33' title="bbox 1968 1751 3554 1821; baseline 0.001 -18"><span class='ocrx_word' id='word_1_231' title='bbox 1968 1751 2230 1806; x_wconf 86' lang='lat' dir='ltr'><strong>membris</strong></span> <span class='ocrx_word' id='word_1_232' title='bbox 2253 1752 2402 1821; x_wconf 84' lang='lat' dir='ltr'><strong>apris</strong></span> <span class='ocrx_word' id='word_1_233' title='bbox 2438 1752 2749 1821; x_wconf 76' lang='lat' dir='ltr'><strong>ingentibus</strong></span> <span class='ocrx_word' id='word_1_234' title='bbox 2782 1766 2966 1821; x_wconf 87' lang='lat' dir='ltr'><strong>pares,</strong></span> <span class='ocrx_word' id='word_1_235' title='bbox 3018 1754 3113 1806; x_wconf 84' lang='lat' dir='ltr'><strong>sed</strong></span> <span class='ocrx_word' id='word_1_236' title='bbox 3163 1764 3394 1820; x_wconf 89' lang='lat' dir='ltr'><strong>corpore</strong></span> <span class='ocrx_word' id='word_1_237' title='bbox 3424 1765 3554 1819; x_wconf 87' lang='lat' dir='ltr'><strong>gra-</strong></span> 
     </span>
    </p>
   </div>
   <div class='ocr_carea' id='block_1_34' title="bbox 258 1829 1852 1915">
    <p class='ocr_par' dir='ltr' id='par_1_34' title="bbox 258 1842 1852 1915">
     <span class='ocr_line' id='line_1_34' title="bbox 258 1842 1852 1915; baseline 0.001 -20"><span class='ocrx_word' id='word_1_238' title='bbox 258 1842 577 1914; x_wconf 69' lang='grc' dir='ltr'>διάστροφοι</span> <span class='ocrx_word' id='word_1_239' title='bbox 607 1842 703 1895; x_wconf 76' lang='grc' dir='ltr'>καὶ</span> <span class='ocrx_word' id='word_1_240' title='bbox 724 1843 823 1913; x_wconf 76' lang='grc' dir='ltr'>τὴν</span> <span class='ocrx_word' id='word_1_241' title='bbox 850 1844 1059 1914; x_wconf 73' lang='grc' dir='ltr'>αἰχμὴν</span> <span class='ocrx_word' id='word_1_242' title='bbox 1103 1843 1369 1914; x_wconf 81' lang='grc' dir='ltr'>ἀτρεπτοι</span> <span class='ocrx_word' id='word_1_243' title='bbox 1399 1844 1467 1907; x_wconf 71' lang='grc'><strong>³⁸,</strong></span> <span class='ocrx_word' id='word_1_244' title='bbox 1498 1844 1755 1915; x_wconf 88' lang='grc' dir='ltr'>καθάπερ</span> <span class='ocrx_word' id='word_1_245' title='bbox 1809 1844 1852 1897; x_wconf 84' lang='lat' dir='ltr'><strong>ol</strong></span> 
     </span>
    </p>
   </div>
   <div class='ocr_carea' id='block_1_35' title="bbox 1963 1829 3556 1915">
    <p class='ocr_par' dir='ltr' id='par_1_35' title="bbox 1965 1844 3556 1914">
     <span class='ocr_line' id='line_1_35' title="bbox 1965 1844 3556 1914; baseline 0 -14"><span class='ocrx_word' id='word_1_246' title='bbox 1965 1844 2219 1900; x_wconf 90' lang='lat' dir='ltr'><strong>ciliorem</strong></span> <span class='ocrx_word' id='word_1_247' title='bbox 2249 1853 2306 1899; x_wconf 92' lang='lat' dir='ltr'><strong>et</strong></span> <span class='ocrx_word' id='word_1_248' title='bbox 2350 1844 2403 1899; x_wconf 91' lang='lat' dir='ltr'><strong>in</strong></span> <span class='ocrx_word' id='word_1_249' title='bbox 2449 1859 2831 1914; x_wconf 86' lang='lat' dir='ltr'><strong>quamcunque</strong></span> <span class='ocrx_word' id='word_1_250' title='bbox 2872 1856 3081 1914; x_wconf 89' lang='lat' dir='ltr'><strong>partem</strong></span> <span class='ocrx_word' id='word_1_251' title='bbox 3106 1845 3408 1909; x_wconf 84' lang='lat' dir='ltr'><strong>versatiles,</strong></span> <span class='ocrx_word' id='word_1_252' title='bbox 3444 1859 3556 1900; x_wconf 86' lang='lat' dir='ltr'><strong>ros-</strong></span> 
     </span>
    </p>
   </div>
   <div class='ocr_carea' id='block_1_36' title="bbox 256 1932 1861 2006">
    <p class='ocr_par' dir='ltr' id='par_1_36' title="bbox 256 1932 1861 2006">
     <span class='ocr_line' id='line_1_36' title="bbox 256 1932 1861 2006; baseline 0.001 -20"><span class='ocrx_word' id='word_1_253' title='bbox 256 1933 377 1986; x_wconf 88' lang='grc' dir='ltr'><strong>τῶν</strong></span> <span class='ocrx_word' id='word_1_254' title='bbox 406 1934 656 2004; x_wconf 80' lang='grc' dir='ltr'>μεγάλων</span> <span class='ocrx_word' id='word_1_255' title='bbox 669 1932 715 1965; x_wconf 69' lang='grc'>⁸⁸</span> <span class='ocrx_word' id='word_1_256' title='bbox 758 1932 981 2003; x_wconf 84' lang='grc' dir='ltr'>ίχθύων.</span> <span class='ocrx_word' id='word_1_257' title='bbox 1026 1936 1090 1987; x_wconf 88' lang='grc' dir='ltr'><strong>Οἱ</strong></span> <span class='ocrx_word' id='word_1_258' title='bbox 1118 1934 1178 1988; x_wconf 83' lang='grc' dir='ltr'>δὲ</span> <span class='ocrx_word' id='word_1_259' title='bbox 1196 1934 1239 1965; x_wconf 72' lang='grc'><strong>⁸⁸</strong></span> <span class='ocrx_word' id='word_1_260' title='bbox 1262 1934 1434 2003; x_wconf 78' lang='grc' dir='ltr'>ὄρειοι</span> <span class='ocrx_word' id='word_1_261' title='bbox 1449 1934 1743 2004; x_wconf 86' lang='grc' dir='ltr'>δράκοντες</span> <span class='ocrx_word' id='word_1_262' title='bbox 1761 1934 1861 2006; x_wconf 81' lang='grc' dir='ltr'><strong>τὴν</strong></span> 
     </span>
    </p>
   </div>
   <div class='ocr_carea' id='block_1_37' title="bbox 263 2025 1859 2098">
    <p class='ocr_par' dir='ltr' id='par_1_37' title="bbox 263 2025 1859 2098">
     <span class='ocr_line' id='line_1_37' title="bbox 263 2025 1859 2098; baseline -0.001 -18"><span class='ocrx_word' id='word_1_263' title='bbox 263 2028 368 2096; x_wconf 70' lang='grc' dir='ltr'>μὲν</span> <span class='ocrx_word' id='word_1_264' title='bbox 395 2026 583 2096; x_wconf 82' lang='grc' dir='ltr'>φολίδα</span> <span class='ocrx_word' id='word_1_265' title='bbox 615 2030 813 2097; x_wconf 81' lang='grc' dir='ltr'>χρυσοῖ</span> <span class='ocrx_word' id='word_1_266' title='bbox 831 2026 1138 2098; x_wconf 81' lang='grc' dir='ltr'>φαίνονται,</span> <span class='ocrx_word' id='word_1_267' title='bbox 1163 2026 1224 2078; x_wconf 83' lang='grc' dir='ltr'>τὸ</span> <span class='ocrx_word' id='word_1_268' title='bbox 1256 2026 1314 2079; x_wconf 83' lang='grc' dir='ltr'>δὲ</span> <span class='ocrx_word' id='word_1_269' title='bbox 1348 2026 1525 2095; x_wconf 83' lang='grc' dir='ltr'>μῆκος</span> <span class='ocrx_word' id='word_1_270' title='bbox 1557 2025 1699 2097; x_wconf 84' lang='grc' dir='ltr'>ὑπὲρ</span> <span class='ocrx_word' id='word_1_271' title='bbox 1734 2025 1859 2089; x_wconf 84' lang='grc' dir='ltr'>τοὺς</span> 
     </span>
    </p>
   </div>
   <div class='ocr_carea' id='block_1_38' title="bbox 258 2116 1859 2189">
    <p class='ocr_par' dir='ltr' id='par_1_38' title="bbox 258 2116 1859 2189">
     <span class='ocr_line' id='line_1_38' title="bbox 258 2116 1859 2189; baseline 0 -17"><span class='ocrx_word' id='word_1_272' title='bbox 258 2118 546 2182; x_wconf 81' lang='grc' dir='ltr'>πεδινούς’</span> <span class='ocrx_word' id='word_1_273' title='bbox 581 2120 769 2187; x_wconf 85' lang='grc' dir='ltr'>γένεια</span> <span class='ocrx_word' id='word_1_274' title='bbox 795 2118 850 2173; x_wconf 81' lang='grc' dir='ltr'>δὲ</span> <span class='ocrx_word' id='word_1_275' title='bbox 902 2118 1088 2181; x_wconf 82' lang='grc' dir='ltr'>αὐτοῖς</span> <span class='ocrx_word' id='word_1_276' title='bbox 1130 2116 1502 2189; x_wconf 86' lang='grc' dir='ltr'>βοστρυχώδη,</span> <span class='ocrx_word' id='word_1_277' title='bbox 1544 2119 1725 2188; x_wconf 84' lang='grc' dir='ltr'>χρυσᾶ</span> <span class='ocrx_word' id='word_1_278' title='bbox 1758 2121 1859 2172; x_wconf 84' lang='grc' dir='ltr'>κά-</span> 
     </span>
    </p>
   </div>
   <div class='ocr_carea' id='block_1_39' title="bbox 257 2209 1860 2281">
    <p class='ocr_par' dir='ltr' id='par_1_39' title="bbox 257 2209 1860 2281">
     <span class='ocr_line' id='line_1_39' title="bbox 257 2209 1860 2281; baseline 0 -18"><span class='ocrx_word' id='word_1_279' title='bbox 257 2213 439 2265; x_wconf 84' lang='grc' dir='ltr'>κείνα.</span> <span class='ocrx_word' id='word_1_280' title='bbox 468 2212 579 2264; x_wconf 79' lang='grc' dir='ltr'>Καὶ</span> <span class='ocrx_word' id='word_1_281' title='bbox 627 2209 1068 2281; x_wconf 81' lang='grc' dir='ltr'>κατωφρύωνται</span> <span class='ocrx_word' id='word_1_282' title='bbox 1111 2209 1312 2280; x_wconf 83' lang='grc' dir='ltr'>μᾶλλον</span> <span class='ocrx_word' id='word_1_283' title='bbox 1343 2210 1376 2280; x_wconf 82' lang='grc' dir='ltr'>ἢ</span> <span class='ocrx_word' id='word_1_284' title='bbox 1408 2210 1461 2262; x_wconf 77' lang='lat' dir='ltr'><strong>oi</strong></span> <span class='ocrx_word' id='word_1_285' title='bbox 1492 2210 1717 2275; x_wconf 77' lang='grc' dir='ltr'>πεδινοὶ,</span> <span class='ocrx_word' id='word_1_286' title='bbox 1757 2210 1860 2280; x_wconf 76' lang='grc' dir='ltr'><strong>ὅμ-</strong></span> 
     </span>
    </p>
   </div>
   <div class='ocr_carea' id='block_1_40' title="bbox 258 2302 1859 2374">
    <p class='ocr_par' dir='ltr' id='par_1_40' title="bbox 258 2302 1859 2374">
     <span class='ocr_line' id='line_1_40' title="bbox 258 2302 1859 2374; baseline -0.002 -17"><span class='ocrx_word' id='word_1_287' title='bbox 258 2304 411 2373; x_wconf 86' lang='grc' dir='ltr'>ματά</span> <span class='ocrx_word' id='word_1_288' title='bbox 440 2321 499 2357; x_wconf 89' lang='grc' dir='ltr'><strong>τε</strong></span> <span class='ocrx_word' id='word_1_289' title='bbox 534 2304 880 2374; x_wconf 78' lang='grc' dir='ltr'>ὑποκάθηται</span> <span class='ocrx_word' id='word_1_290' title='bbox 938 2306 1004 2374; x_wconf 85' lang='grc' dir='ltr'>τῇ</span> <span class='ocrx_word' id='word_1_291' title='bbox 1038 2302 1205 2373; x_wconf 84' lang='grc' dir='ltr'>ὀφρύϊ</span> <span class='ocrx_word' id='word_1_292' title='bbox 1263 2302 1440 2357; x_wconf 84' lang='grc' dir='ltr'>δεινὸν</span> <span class='ocrx_word' id='word_1_293' title='bbox 1493 2303 1588 2355; x_wconf 74' lang='grc' dir='ltr'>καὶ</span> <span class='ocrx_word' id='word_1_294' title='bbox 1640 2302 1859 2366; x_wconf 79' lang='grc' dir='ltr'>ἀναιδὲς</span> 
     </span>
    </p>
   </div>
   <div class='ocr_carea' id='block_1_41' title="bbox 253 2391 1860 2467">
    <p class='ocr_par' dir='ltr' id='par_1_41' title="bbox 253 2391 1860 2467">
     <span class='ocr_line' id='line_1_41' title="bbox 253 2391 1860 2467; baseline -0.001 -19"><span class='ocrx_word' id='word_1_295' title='bbox 253 2396 572 2467; x_wconf 81' lang='grc' dir='ltr'>δεδορκότα.</span> <span class='ocrx_word' id='word_1_296' title='bbox 620 2395 960 2466; x_wconf 86' lang='grc' dir='ltr'>Ὑπόχαλκόν</span> <span class='ocrx_word' id='word_1_297' title='bbox 986 2411 1048 2448; x_wconf 90' lang='grc' dir='ltr'><strong>τε</strong></span> <span class='ocrx_word' id='word_1_298' title='bbox 1080 2391 1211 2465; x_wconf 81' lang='grc' dir='ltr'>ἦχον</span> <span class='ocrx_word' id='word_1_299' title='bbox 1229 2394 1274 2426; x_wconf 80' lang='grc'><strong>’⁸⁸</strong></span> <span class='ocrx_word' id='word_1_300' title='bbox 1314 2395 1591 2466; x_wconf 77' lang='grc' dir='ltr'>φέρουσιν,</span> <span class='ocrx_word' id='word_1_301' title='bbox 1638 2394 1860 2447; x_wconf 67' lang='grc' dir='ltr'>ἐπειδὰν</span> 
     </span>
    </p>
   </div>
   <div class='ocr_carea' id='block_1_42' title="bbox 252 2485 1859 2559">
    <p class='ocr_par' dir='ltr' id='par_1_42' title="bbox 252 2485 1859 2559">
     <span class='ocr_line' id='line_1_42' title="bbox 252 2485 1859 2559; baseline -0.001 -19"><span class='ocrx_word' id='word_1_302' title='bbox 252 2491 329 2559; x_wconf 79' lang='grc' dir='ltr'>τῇ</span> <span class='ocrx_word' id='word_1_303' title='bbox 361 2491 431 2559; x_wconf 81' lang='grc' dir='ltr'>γῇ</span> <span class='ocrx_word' id='word_1_304' title='bbox 468 2488 921 2558; x_wconf 85' lang='grc' dir='ltr'>ὐποκυμαίνωσιν</span> <span class='ocrx_word' id='word_1_305' title='bbox 950 2487 1018 2543; x_wconf 68' lang='grc'><strong>⁸³.</strong></span> <span class='ocrx_word' id='word_1_306' title='bbox 1062 2486 1198 2540; x_wconf 82' lang='grc' dir='ltr'>Ἀπὸ</span> <span class='ocrx_word' id='word_1_307' title='bbox 1245 2486 1301 2539; x_wconf 86' lang='grc' dir='ltr'>δὲ</span> <span class='ocrx_word' id='word_1_308' title='bbox 1352 2486 1463 2540; x_wconf 90' lang='grc' dir='ltr'><strong>τῶν</strong></span> <span class='ocrx_word' id='word_1_309' title='bbox 1506 2485 1683 2554; x_wconf 80' lang='grc' dir='ltr'>λόφων</span> <span class='ocrx_word' id='word_1_310' title='bbox 1718 2503 1859 2557; x_wconf 88' lang='grc' dir='ltr'>πυρ-</span> 
     </span>
    </p>
   </div>
   <div class='ocr_carea' id='block_1_43' title="bbox 257 2579 1856 2653">
    <p class='ocr_par' dir='ltr' id='par_1_43' title="bbox 257 2579 1856 2653">
     <span class='ocr_line' id='line_1_43' title="bbox 257 2579 1856 2653; baseline 0 -19"><span class='ocrx_word' id='word_1_311' title='bbox 257 2583 375 2636; x_wconf 81' lang='grc' dir='ltr'><strong>σῶν</strong></span> <span class='ocrx_word' id='word_1_312' title='bbox 424 2583 596 2636; x_wconf 75' lang='grc' dir='ltr'>ὄντων</span> <span class='ocrx_word' id='word_1_313' title='bbox 642 2581 756 2653; x_wconf 86' lang='grc' dir='ltr'><strong>πῦρ</strong></span> <span class='ocrx_word' id='word_1_314' title='bbox 808 2582 993 2644; x_wconf 89' lang='grc' dir='ltr'>αὐτοῖς</span> <span class='ocrx_word' id='word_1_315' title='bbox 1043 2582 1195 2636; x_wconf 85' lang='grc' dir='ltr'>ἀττει</span> <span class='ocrx_word' id='word_1_316' title='bbox 1256 2580 1543 2651; x_wconf 82' lang='grc' dir='ltr'>λαμπάδος</span> <span class='ocrx_word' id='word_1_317' title='bbox 1569 2579 1616 2611; x_wconf 63' lang='grc'><strong>⁸⁵</strong></span> <span class='ocrx_word' id='word_1_318' title='bbox 1672 2579 1856 2634; x_wconf 89' lang='grc' dir='ltr'>πλέον.</span> 
     </span>
    </p>
   </div>
   <div class='ocr_carea' id='block_1_44' title="bbox 254 2670 1860 2744">
    <p class='ocr_par' dir='ltr' id='par_1_44' title="bbox 254 2670 1860 2744">
     <span class='ocr_line' id='line_1_44' title="bbox 254 2670 1860 2744; baseline -0.003 -16"><span class='ocrx_word' id='word_1_319' title='bbox 254 2671 427 2729; x_wconf 71' lang='grc' dir='ltr'>Οὗτοι</span> <span class='ocrx_word' id='word_1_320' title='bbox 452 2675 549 2727; x_wconf 60' lang='grc' dir='ltr'><strong>καὶ⁴</strong></span> <span class='ocrx_word' id='word_1_321' title='bbox 595 2675 726 2738; x_wconf 84' lang='grc' dir='ltr'>τοὺς</span> <span class='ocrx_word' id='word_1_322' title='bbox 765 2672 1069 2743; x_wconf 71' lang='grc' dir='ltr'>ἐλέφαντας</span> <span class='ocrx_word' id='word_1_323' title='bbox 1110 2671 1381 2744; x_wconf 81' lang='grc' dir='ltr'>αἱροῦσιν.</span> <span class='ocrx_word' id='word_1_324' title='bbox 1431 2672 1597 2725; x_wconf 74' lang='grc' dir='ltr'>Αὐτοὶ</span> <span class='ocrx_word' id='word_1_325' title='bbox 1656 2670 1712 2725; x_wconf 84' lang='grc' dir='ltr'>δὲ</span> <span class='ocrx_word' id='word_1_326' title='bbox 1753 2671 1860 2724; x_wconf 78' lang='grc' dir='ltr'>ὐπὸ</span> 
     </span>
    </p>
   </div>
   <div class='ocr_carea' id='block_1_45' title="bbox 252 2761 1859 2833">
    <p class='ocr_par' dir='ltr' id='par_1_45' title="bbox 252 2761 1859 2833">
     <span class='ocr_line' id='line_1_45' title="bbox 252 2761 1859 2833; baseline -0.001 -17"><span class='ocrx_word' id='word_1_327' title='bbox 252 2763 374 2818; x_wconf 85' lang='grc' dir='ltr'><strong>τῶν</strong></span> <span class='ocrx_word' id='word_1_328' title='bbox 419 2762 598 2817; x_wconf 76' lang='grc' dir='ltr'>Ἰνδῶν</span> <span class='ocrx_word' id='word_1_329' title='bbox 641 2761 815 2827; x_wconf 78' lang='grc' dir='ltr'>οὕτως</span> <span class='ocrx_word' id='word_1_330' title='bbox 865 2763 1183 2816; x_wconf 80' lang='grc' dir='ltr'>ἁλίσκονται</span> <span class='ocrx_word' id='word_1_331' title='bbox 1204 2777 1220 2792; x_wconf 77' lang='grc'><strong>⁸</strong></span> <span class='ocrx_word' id='word_1_332' title='bbox 1275 2761 1631 2832; x_wconf 81' lang='grc' dir='ltr'>Κοκκοὸαφεῖ</span> <span class='ocrx_word' id='word_1_333' title='bbox 1666 2762 1859 2833; x_wconf 84' lang='grc' dir='ltr'>πέπλῳ</span> 
     </span>
    </p>
   </div>
   <div class='ocr_carea' id='block_1_46' title="bbox 250 2854 1858 2926">
    <p class='ocr_par' dir='ltr' id='par_1_46' title="bbox 250 2854 1858 2926">
     <span class='ocr_line' id='line_1_46' title="bbox 250 2854 1858 2926; baseline 0.001 -19"><span class='ocrx_word' id='word_1_334' title='bbox 250 2857 442 2926; x_wconf 79' lang='grc' dir='ltr'>χρυσᾶ</span> <span class='ocrx_word' id='word_1_335' title='bbox 490 2854 796 2925; x_wconf 85' lang='grc' dir='ltr'>ὲνείροντες</span> <span class='ocrx_word' id='word_1_336' title='bbox 854 2855 1166 2926; x_wconf 84' lang='grc' dir='ltr'>γράμματα</span> <span class='ocrx_word' id='word_1_337' title='bbox 1199 2854 1247 2887; x_wconf 73' lang='grc'><strong><em>⁵³</em></strong></span> <span class='ocrx_word' id='word_1_338' title='bbox 1290 2854 1536 2908; x_wconf 83' lang='grc' dir='ltr'>τίθενται</span> <span class='ocrx_word' id='word_1_339' title='bbox 1594 2854 1705 2925; x_wconf 77' lang='grc' dir='ltr'><strong>πρὸ</strong></span> <span class='ocrx_word' id='word_1_340' title='bbox 1755 2854 1858 2923; x_wconf 83' lang='grc' dir='ltr'><strong>τῆς</strong></span> 
     </span>
    </p>
   </div>
   <div class='ocr_carea' id='block_1_47' title="bbox 252 2946 1857 3021">
    <p class='ocr_par' dir='ltr' id='par_1_47' title="bbox 252 2946 1857 3021">
     <span class='ocr_line' id='line_1_47' title="bbox 252 2946 1857 3021; baseline -0.001 -19"><span class='ocrx_word' id='word_1_341' title='bbox 252 2950 437 3021; x_wconf 76' lang='grc' dir='ltr'>χειᾶς,</span> <span class='ocrx_word' id='word_1_342' title='bbox 469 2947 637 3003; x_wconf 80' lang='grc' dir='ltr'>ὕπνον</span> <span class='ocrx_word' id='word_1_343' title='bbox 678 2946 1155 3019; x_wconf 80' lang='grc' dir='ltr'>ὲγγοητεύσαντες</span> <span class='ocrx_word' id='word_1_344' title='bbox 1205 2948 1321 3010; x_wconf 88' lang='grc' dir='ltr'>τοῖς</span> <span class='ocrx_word' id='word_1_345' title='bbox 1367 2947 1720 3018; x_wconf 86' lang='grc' dir='ltr'>γράμμασιν,</span> <span class='ocrx_word' id='word_1_346' title='bbox 1766 2947 1857 3016; x_wconf 85' lang='grc' dir='ltr'>ὑφ’</span> 
     </span>
    </p>
   </div>
   <div class='ocr_carea' id='block_1_48' title="bbox 252 3032 1858 3110">
    <p class='ocr_par' dir='ltr' id='par_1_48' title="bbox 252 3032 1858 3110">
     <span class='ocr_line' id='line_1_48' title="bbox 252 3032 1858 3110; baseline -0.002 -16"><span class='ocrx_word' id='word_1_347' title='bbox 252 3032 324 3094; x_wconf 73' lang='grc' dir='ltr'>οὗ</span> <span class='ocrx_word' id='word_1_348' title='bbox 360 3041 579 3092; x_wconf 82' lang='grc' dir='ltr'>νικᾶται</span> <span class='ocrx_word' id='word_1_349' title='bbox 610 3039 739 3103; x_wconf 81' lang='grc' dir='ltr'>τοὺς</span> <span class='ocrx_word' id='word_1_350' title='bbox 767 3037 1087 3109; x_wconf 74' lang='grc' dir='ltr'>ὀφθαλμοὺς</span> <span class='ocrx_word' id='word_1_351' title='bbox 1119 3038 1429 3110; x_wconf 80' lang='grc' dir='ltr'>ἀτρέπτους</span> <span class='ocrx_word' id='word_1_352' title='bbox 1458 3039 1620 3101; x_wconf 71' lang='grc' dir='ltr'>ὄντας</span> <span class='ocrx_word' id='word_1_353' title='bbox 1652 3040 1681 3091; x_wconf 87' lang='grc' dir='ltr'><strong>ὁ</strong></span> <span class='ocrx_word' id='word_1_354' title='bbox 1730 3037 1858 3107; x_wconf 89' lang='grc' dir='ltr'>δρά-</span> 
     </span>
    </p>
   </div>
   <div class='ocr_carea' id='block_1_49' title="bbox 253 3128 1928 3225">
    <p class='ocr_par' dir='ltr' id='par_1_49' title="bbox 253 3128 1928 3225">
     <span class='ocr_line' id='line_1_49' title="bbox 253 3128 1928 3225; baseline -0.003 -40"><span class='ocrx_word' id='word_1_355' title='bbox 253 3149 397 3196; x_wconf 85' lang='grc' dir='ltr'>κων,</span> <span class='ocrx_word' id='word_1_356' title='bbox 422 3131 518 3186; x_wconf 77' lang='grc' dir='ltr'>καὶ</span> <span class='ocrx_word' id='word_1_357' title='bbox 565 3130 740 3185; x_wconf 85' lang='grc' dir='ltr'>πολλά</span> <span class='ocrx_word' id='word_1_358' title='bbox 790 3130 892 3200; x_wconf 83' lang='grc' dir='ltr'>τῆς</span> <span class='ocrx_word' id='word_1_359' title='bbox 948 3130 1268 3203; x_wconf 78' lang='grc' dir='ltr'>ἀπορρήτου</span> <span class='ocrx_word' id='word_1_360' title='bbox 1301 3128 1497 3199; x_wconf 82' lang='grc' dir='ltr'>σοφίας</span> <span class='ocrx_word' id='word_1_361' title='bbox 1541 3130 1628 3182; x_wconf 75' lang='grc' dir='ltr'><strong>ἐπ’</strong></span> <span class='ocrx_word' id='word_1_362' title='bbox 1687 3128 1852 3182; x_wconf 88' lang='grc' dir='ltr'>αὐτὸν</span> <span class='ocrx_word' id='word_1_363' title='bbox 1882 3164 1928 3225; x_wconf 76' lang='lat' dir='ltr'>c</span> 
     </span>
    </p>
   </div>
   <div class='ocr_carea' id='block_1_50' title="bbox 251 3219 1856 3297">
    <p class='ocr_par' dir='ltr' id='par_1_50' title="bbox 251 3219 1856 3297">
     <span class='ocr_line' id='line_1_50' title="bbox 251 3219 1856 3297; baseline -0.002 -19"><span class='ocrx_word' id='word_1_364' title='bbox 251 3224 498 3297; x_wconf 70' lang='grc' dir='ltr'>ᾅδουσιν,</span> <span class='ocrx_word' id='word_1_365' title='bbox 532 3219 614 3287; x_wconf 78' lang='grc' dir='ltr'>οἷς</span> <span class='ocrx_word' id='word_1_366' title='bbox 639 3221 837 3289; x_wconf 85' lang='grc' dir='ltr'>ἀγεταί</span> <span class='ocrx_word' id='word_1_367' title='bbox 868 3238 929 3275; x_wconf 90' lang='grc' dir='ltr'><strong>τε</strong></span> <span class='ocrx_word' id='word_1_368' title='bbox 958 3221 1166 3276; x_wconf 76' lang='grc' dir='ltr'>καὶτὸν</span> <span class='ocrx_word' id='word_1_369' title='bbox 1186 3221 1392 3293; x_wconf 86' lang='grc' dir='ltr'>αὐχένα</span> <span class='ocrx_word' id='word_1_370' title='bbox 1418 3219 1707 3275; x_wconf 75' lang='grc' dir='ltr'>ὑποϐαλὼν</span> <span class='ocrx_word' id='word_1_371' title='bbox 1756 3219 1856 3290; x_wconf 85' lang='grc' dir='ltr'>τῆς</span> 
     </span>
    </p>
   </div>
   <div class='ocr_carea' id='block_1_51' title="bbox 252 3313 1855 3390">
    <p class='ocr_par' dir='ltr' id='par_1_51' title="bbox 252 3313 1855 3390">
     <span class='ocr_line' id='line_1_51' title="bbox 252 3313 1855 3390; baseline -0.006 -17"><span class='ocrx_word' id='word_1_372' title='bbox 252 3320 417 3390; x_wconf 82' lang='grc' dir='ltr'>χειᾶς</span> <span class='ocrx_word' id='word_1_373' title='bbox 448 3315 802 3373; x_wconf 67' lang='grc' dir='ltr'>δπικαθεύδει</span> <span class='ocrx_word' id='word_1_374' title='bbox 828 3319 947 3380; x_wconf 87' lang='grc' dir='ltr'>τοῖς</span> <span class='ocrx_word' id='word_1_375' title='bbox 996 3316 1320 3387; x_wconf 82' lang='grc' dir='ltr'>γράμμασι.</span> <span class='ocrx_word' id='word_1_376' title='bbox 1364 3315 1781 3384; x_wconf 86' lang='grc' dir='ltr'>Προσπεσόντες</span> <span class='ocrx_word' id='word_1_377' title='bbox 1808 3313 1855 3347; x_wconf 72' lang='grc'><strong>⁵⁸</strong></span> 
     </span>
    </p>
   </div>
   <div class='ocr_carea' id='block_1_52' title="bbox 250 3405 1855 3481">
    <p class='ocr_par' dir='ltr' id='par_1_52' title="bbox 250 3405 1855 3481">
     <span class='ocr_line' id='line_1_52' title="bbox 250 3405 1855 3481; baseline -0.004 -15"><span class='ocrx_word' id='word_1_378' title='bbox 250 3408 357 3466; x_wconf 73' lang='grc' dir='ltr'><strong>οὖν</strong></span> <span class='ocrx_word' id='word_1_379' title='bbox 378 3413 425 3464; x_wconf 86' lang='grc' dir='ltr'><strong>οί</strong></span> <span class='ocrx_word' id='word_1_380' title='bbox 470 3410 619 3464; x_wconf 75' lang='grc' dir='ltr'>Ἰνδοὶ</span> <span class='ocrx_word' id='word_1_381' title='bbox 652 3410 895 3481; x_wconf 81' lang='grc' dir='ltr'>κειμένῳ</span> <span class='ocrx_word' id='word_1_382' title='bbox 918 3410 1171 3473; x_wconf 82' lang='grc' dir='ltr'>πελέκεις</span> <span class='ocrx_word' id='word_1_383' title='bbox 1223 3410 1607 3478; x_wconf 76' lang='grc' dir='ltr'>εναράττουσι,</span> <span class='ocrx_word' id='word_1_384' title='bbox 1635 3408 1729 3460; x_wconf 74' lang='grc' dir='ltr'><strong>καὶ</strong></span> <span class='ocrx_word' id='word_1_385' title='bbox 1758 3405 1855 3479; x_wconf 77' lang='grc' dir='ltr'>τὴν</span> 
     </span>
    </p>
   </div>
   <div class='ocr_carea' id='block_1_53' title="bbox 251 3499 1850 3576">
    <p class='ocr_par' dir='ltr' id='par_1_53' title="bbox 251 3499 1850 3576">
     <span class='ocr_line' id='line_1_53' title="bbox 251 3499 1850 3576; baseline -0.003 -18"><span class='ocrx_word' id='word_1_386' title='bbox 251 3504 505 3576; x_wconf 79' lang='grc' dir='ltr'>κεφαλὴν</span> <span class='ocrx_word' id='word_1_387' title='bbox 529 3502 906 3574; x_wconf 79' lang='grc' dir='ltr'>ἀποτεμόντες</span> <span class='ocrx_word' id='word_1_388' title='bbox 940 3500 1216 3573; x_wconf 76' lang='grc' dir='ltr'>ληΐζονται</span> <span class='ocrx_word' id='word_1_389' title='bbox 1244 3501 1345 3565; x_wconf 87' lang='grc' dir='ltr'>τὰς</span> <span class='ocrx_word' id='word_1_390' title='bbox 1378 3502 1436 3554; x_wconf 74' lang='grc' dir='ltr'>ἐν</span> <span class='ocrx_word' id='word_1_391' title='bbox 1484 3500 1624 3571; x_wconf 83' lang='grc' dir='ltr'>αὐτῇ</span> <span class='ocrx_word' id='word_1_392' title='bbox 1649 3499 1850 3563; x_wconf 82' lang='grc' dir='ltr'>λίθους.</span> 
     </span>
    </p>
   </div>
   <div class='ocr_carea' id='block_1_54' title="bbox 249 3590 1855 3665">
    <p class='ocr_par' dir='ltr' id='par_1_54' title="bbox 249 3590 1855 3665">
     <span class='ocr_line' id='line_1_54' title="bbox 249 3590 1855 3665; baseline -0.005 -13"><span class='ocrx_word' id='word_1_393' title='bbox 249 3598 414 3653; x_wconf 83' lang='grc' dir='ltr'>Λίθοι</span> <span class='ocrx_word' id='word_1_394' title='bbox 446 3598 504 3651; x_wconf 82' lang='grc' dir='ltr'>δὲ</span> <span class='ocrx_word' id='word_1_395' title='bbox 524 3597 741 3661; x_wconf 84' lang='grc' dir='ltr'>τούτοις</span> <span class='ocrx_word' id='word_1_396' title='bbox 767 3596 1093 3651; x_wconf 83' lang='grc' dir='ltr'>ἀπόκεινται</span> <span class='ocrx_word' id='word_1_397' title='bbox 1144 3594 1206 3648; x_wconf 86' lang='grc' dir='ltr'>τὸ</span> <span class='ocrx_word' id='word_1_398' title='bbox 1266 3594 1369 3665; x_wconf 78' lang='grc' dir='ltr'><strong>μὲν</strong></span> <span class='ocrx_word' id='word_1_399' title='bbox 1424 3590 1566 3657; x_wconf 77' lang='grc' dir='ltr'>εἶδος</span> <span class='ocrx_word' id='word_1_400' title='bbox 1618 3591 1855 3663; x_wconf 72' lang='grc' dir='ltr'>ἁνθηραὶ</span> 
     </span>
    </p>
   </div>
   <div class='ocr_carea' id='block_1_55' title="bbox 250 3685 1853 3760">
    <p class='ocr_par' dir='ltr' id='par_1_55' title="bbox 250 3685 1853 3760">
     <span class='ocr_line' id='line_1_55' title="bbox 250 3685 1853 3760; baseline -0.004 -16"><span class='ocrx_word' id='word_1_401' title='bbox 250 3691 357 3744; x_wconf 74' lang='grc' dir='ltr'>καὶ</span> <span class='ocrx_word' id='word_1_402' title='bbox 395 3690 573 3745; x_wconf 87' lang='grc' dir='ltr'>πάντα</span> <span class='ocrx_word' id='word_1_403' title='bbox 596 3690 1025 3759; x_wconf 79' lang='grc' dir='ltr'>ἀπαυγάζουσαι</span> <span class='ocrx_word' id='word_1_404' title='bbox 1056 3685 1331 3760; x_wconf 83' lang='grc' dir='ltr'>χρώματα</span> <span class='ocrx_word' id='word_1_405' title='bbox 1360 3686 1429 3752; x_wconf 74' lang='grc'><strong>⁸⁷,</strong></span> <span class='ocrx_word' id='word_1_406' title='bbox 1470 3687 1569 3756; x_wconf 78' lang='grc' dir='ltr'>τήν</span> <span class='ocrx_word' id='word_1_407' title='bbox 1617 3686 1673 3739; x_wconf 83' lang='grc' dir='ltr'>δὲ</span> <span class='ocrx_word' id='word_1_408' title='bbox 1698 3685 1853 3755; x_wconf 85' lang='grc' dir='ltr'>ίσχύν</span> 
     </span>
    </p>
   </div>
   <div class='ocr_carea' id='block_1_56' title="bbox 251 3775 1853 3855">
    <p class='ocr_par' dir='ltr' id='par_1_56' title="bbox 251 3775 1853 3855">
     <span class='ocr_line' id='line_1_56' title="bbox 251 3775 1853 3855; baseline -0.006 -17"><span class='ocrx_word' id='word_1_409' title='bbox 251 3784 490 3855; x_wconf 78' lang='grc' dir='ltr'>ἄῤῥητοι</span> <span class='ocrx_word' id='word_1_410' title='bbox 526 3783 672 3837; x_wconf 85' lang='grc' dir='ltr'><strong>κατά</strong></span> <span class='ocrx_word' id='word_1_411' title='bbox 729 3782 822 3836; x_wconf 85' lang='grc' dir='ltr'><strong>τὸν</strong></span> <span class='ocrx_word' id='word_1_412' title='bbox 855 3780 1145 3835; x_wconf 85' lang='grc' dir='ltr'>δακτύλιον</span> <span class='ocrx_word' id='word_1_413' title='bbox 1187 3778 1248 3833; x_wconf 84' lang='grc' dir='ltr'>ὃν</span> <span class='ocrx_word' id='word_1_414' title='bbox 1293 3777 1551 3847; x_wconf 85' lang='grc' dir='ltr'>γενέσθαι</span> <span class='ocrx_word' id='word_1_415' title='bbox 1606 3778 1739 3846; x_wconf 88' lang='grc' dir='ltr'><strong>φασί</strong></span> <span class='ocrx_word' id='word_1_416' title='bbox 1776 3775 1853 3846; x_wconf 83' lang='grc' dir='ltr'><strong>τῷ</strong></span> 
     </span>
    </p>
   </div>
   <div class='ocr_carea' id='block_1_57' title="bbox 250 3869 1851 3949">
    <p class='ocr_par' dir='ltr' id='par_1_57' title="bbox 250 3869 1851 3949">
     <span class='ocr_line' id='line_1_57' title="bbox 250 3869 1851 3949; baseline -0.006 -20"><span class='ocrx_word' id='word_1_417' title='bbox 250 3876 432 3949; x_wconf 81' lang='grc' dir='ltr'>Γύγῃ.</span> <span class='ocrx_word' id='word_1_418' title='bbox 453 3875 722 3939; x_wconf 83' lang='grc' dir='ltr'>Πολλάκις</span> <span class='ocrx_word' id='word_1_419' title='bbox 751 3875 808 3928; x_wconf 72' lang='grc' dir='ltr'>δὲ</span> <span class='ocrx_word' id='word_1_420' title='bbox 830 3874 925 3928; x_wconf 79' lang='grc' dir='ltr'><strong>τὸν</strong></span> <span class='ocrx_word' id='word_1_421' title='bbox 971 3873 1132 3927; x_wconf 81' lang='grc' dir='ltr'>Ἰνδὸν</span> <span class='ocrx_word' id='word_1_422' title='bbox 1154 3871 1306 3942; x_wconf 88' lang='grc' dir='ltr'>αὐτῷ</span> <span class='ocrx_word' id='word_1_423' title='bbox 1337 3869 1561 3924; x_wconf 81' lang='grc' dir='ltr'>πελέκει</span> <span class='ocrx_word' id='word_1_424' title='bbox 1591 3870 1689 3922; x_wconf 79' lang='grc' dir='ltr'>καὶ</span> <span class='ocrx_word' id='word_1_425' title='bbox 1712 3869 1851 3939; x_wconf 77' lang='grc' dir='ltr'>αὐτῇ</span> 
     </span>
    </p>
   </div>
   <div class='ocr_carea' id='block_1_58' title="bbox 247 3959 1850 4040">
    <p class='ocr_par' dir='ltr' id='par_1_58' title="bbox 247 3959 1850 4040">
     <span class='ocr_line' id='line_1_58' title="bbox 247 3959 1850 4040; baseline -0.006 -17"><span class='ocrx_word' id='word_1_426' title='bbox 247 3970 421 4040; x_wconf 81' lang='grc' dir='ltr'>τέχνῃ</span> <span class='ocrx_word' id='word_1_427' title='bbox 456 3967 739 4022; x_wconf 74' lang='grc' dir='ltr'>συλλαϐὼν</span> <span class='ocrx_word' id='word_1_428' title='bbox 773 3968 831 4031; x_wconf 76' lang='grc' dir='ltr'>ἐς</span> <span class='ocrx_word' id='word_1_429' title='bbox 851 3966 950 4037; x_wconf 81' lang='grc' dir='ltr'>τὴν</span> <span class='ocrx_word' id='word_1_430' title='bbox 998 3964 1165 4019; x_wconf 88' lang='grc' dir='ltr'>αὐτοῦ</span> <span class='ocrx_word' id='word_1_431' title='bbox 1210 3964 1367 4036; x_wconf 85' lang='grc' dir='ltr'>χειάν</span> <span class='ocrx_word' id='word_1_432' title='bbox 1428 3961 1611 4033; x_wconf 84' lang='grc' dir='ltr'>φέρων</span> <span class='ocrx_word' id='word_1_433' title='bbox 1655 3959 1850 4032; x_wconf 78' lang='grc' dir='ltr'>ᾤχετο,</span> 
     </span>
    </p>
   </div>
   <div class='ocr_carea' id='block_1_59' title="bbox 251 4049 1852 4134">
    <p class='ocr_par' dir='ltr' id='par_1_59' title="bbox 251 4049 1852 4134">
     <span class='ocr_line' id='line_1_59' title="bbox 251 4049 1852 4134; baseline -0.007 -17"><span class='ocrx_word' id='word_1_434' title='bbox 251 4063 423 4134; x_wconf 84' lang='grc' dir='ltr'>μόνον</span> <span class='ocrx_word' id='word_1_435' title='bbox 453 4062 518 4115; x_wconf 91' lang='grc' dir='ltr'><strong>οὐ</strong></span> <span class='ocrx_word' id='word_1_436' title='bbox 540 4061 706 4115; x_wconf 82' lang='grc' dir='ltr'>σείων</span> <span class='ocrx_word' id='word_1_437' title='bbox 743 4060 805 4114; x_wconf 84' lang='grc' dir='ltr'>τὺ</span> <span class='ocrx_word' id='word_1_438' title='bbox 834 4059 981 4131; x_wconf 80' lang='grc' dir='ltr'>ὅρος.</span> <span class='ocrx_word' id='word_1_439' title='bbox 1010 4049 1173 4125; x_wconf 75' lang='grc' dir='ltr'>Οὗτοι</span> <span class='ocrx_word' id='word_1_440' title='bbox 1211 4057 1307 4111; x_wconf 61' lang='grc' dir='ltr'><strong>καὶ⁵</strong></span> <span class='ocrx_word' id='word_1_441' title='bbox 1345 4056 1413 4109; x_wconf 82' lang='grc' dir='ltr'>τὰ</span> <span class='ocrx_word' id='word_1_442' title='bbox 1473 4055 1575 4125; x_wconf 76' lang='grc' dir='ltr'>ὅρη</span> <span class='ocrx_word' id='word_1_443' title='bbox 1599 4054 1668 4107; x_wconf 58' lang='lat' dir='ltr'><strong>ca</strong></span> <span class='ocrx_word' id='word_1_444' title='bbox 1721 4052 1852 4123; x_wconf 75' lang='grc' dir='ltr'>περὶ</span> 
     </span>
    </p>
   </div>
   <div class='ocr_carea' id='block_1_60' title="bbox 247 4144 1853 4225">
    <p class='ocr_par' dir='ltr' id='par_1_60' title="bbox 247 4144 1853 4225">
     <span class='ocr_line' id='line_1_60' title="bbox 247 4144 1853 4225; baseline -0.006 -19"><span class='ocrx_word' id='word_1_445' title='bbox 247 4154 357 4223; x_wconf 84' lang='grc' dir='ltr'><strong>τὴν</strong></span> <span class='ocrx_word' id='word_1_446' title='bbox 392 4152 662 4225; x_wconf 82' lang='grc' dir='ltr'>Ἐρυθρὰν</span> <span class='ocrx_word' id='word_1_447' title='bbox 691 4152 862 4205; x_wconf 79' lang='grc' dir='ltr'>οίκετν</span> <span class='ocrx_word' id='word_1_448' title='bbox 891 4150 1166 4218; x_wconf 83' lang='grc' dir='ltr'>λέγονται.</span> <span class='ocrx_word' id='word_1_449' title='bbox 1185 4148 1266 4201; x_wconf 82' lang='grc' dir='ltr'><strong>Τὰ</strong></span> <span class='ocrx_word' id='word_1_450' title='bbox 1303 4147 1348 4201; x_wconf 83' lang='grc' dir='ltr'>δ’</span> <span class='ocrx_word' id='word_1_451' title='bbox 1375 4147 1474 4217; x_wconf 70' lang='grc' dir='ltr'>ἔτη</span> <span class='ocrx_word' id='word_1_452' title='bbox 1510 4146 1619 4199; x_wconf 91' lang='grc' dir='ltr'><strong>τῶν</strong></span> <span class='ocrx_word' id='word_1_453' title='bbox 1646 4144 1853 4217; x_wconf 87' lang='grc' dir='ltr'>θηρίων</span> 
     </span>
    </p>
   </div>
   <div class='ocr_carea' id='block_1_61' title="bbox 248 4239 1846 4313">
    <p class='ocr_par' dir='ltr' id='par_1_61' title="bbox 248 4239 1846 4313">
     <span class='ocr_line' id='line_1_61' title="bbox 248 4239 1846 4313; baseline -0.004 -15"><span class='ocrx_word' id='word_1_454' title='bbox 248 4244 467 4298; x_wconf 82' lang='grc' dir='ltr'>τούτων</span> <span class='ocrx_word' id='word_1_455' title='bbox 531 4243 739 4313; x_wconf 90' lang='grc' dir='ltr'>γνῶναί</span> <span class='ocrx_word' id='word_1_456' title='bbox 787 4259 849 4297; x_wconf 87' lang='grc' dir='ltr'><strong>τε</strong></span> <span class='ocrx_word' id='word_1_457' title='bbox 926 4242 1134 4313; x_wconf 75' lang='grc' dir='ltr'>ἄπορον</span> <span class='ocrx_word' id='word_1_458' title='bbox 1183 4241 1276 4295; x_wconf 70' lang='grc' dir='ltr'><strong>καὶ</strong></span> <span class='ocrx_word' id='word_1_459' title='bbox 1341 4241 1520 4292; x_wconf 83' lang='grc' dir='ltr'>εἰπεῖν</span> <span class='ocrx_word' id='word_1_460' title='bbox 1595 4239 1846 4293; x_wconf 77' lang='grc' dir='ltr'>ἄπιστον.</span> 
     </span>
    </p>
   </div>
   <div class='ocr_carea' id='block_1_62' title="bbox 249 4331 1850 4408">
    <p class='ocr_par' dir='ltr' id='par_1_62' title="bbox 249 4331 1850 4408">
     <span class='ocr_line' id='line_1_62' title="bbox 249 4331 1850 4408; baseline -0.006 -16"><span class='ocrx_word' id='word_1_461' title='bbox 249 4338 549 4408; x_wconf 85' lang='grc' dir='ltr'>Προῖόντες</span> <span class='ocrx_word' id='word_1_462' title='bbox 565 4336 612 4369; x_wconf 68' lang='grc'>⁸⁸</span> <span class='ocrx_word' id='word_1_463' title='bbox 631 4337 689 4389; x_wconf 88' lang='grc' dir='ltr'><strong>δέ</strong></span> <span class='ocrx_word' id='word_1_464' title='bbox 719 4351 888 4404; x_wconf 85' lang='grc' dir='ltr'>φασιν</span> <span class='ocrx_word' id='word_1_465' title='bbox 902 4334 949 4367; x_wconf 70' lang='grc'><strong>⁸⁸</strong></span> <span class='ocrx_word' id='word_1_466' title='bbox 979 4333 1147 4388; x_wconf 81' lang='grc' dir='ltr'>αὐλοῦ</span> <span class='ocrx_word' id='word_1_467' title='bbox 1181 4335 1281 4405; x_wconf 86' lang='grc' dir='ltr'>μὲν</span> <span class='ocrx_word' id='word_1_468' title='bbox 1307 4332 1541 4387; x_wconf 85' lang='grc' dir='ltr'>ἀκοῦσαι</span> <span class='ocrx_word' id='word_1_469' title='bbox 1577 4331 1729 4395; x_wconf 77' lang='grc' dir='ltr'>δόξαι</span> <span class='ocrx_word' id='word_1_470' title='bbox 1760 4347 1850 4383; x_wconf 85' lang='grc' dir='ltr'>νο-</span> 
     </span>
    </p>
   </div>
   <div class='ocr_carea' id='block_1_63' title="bbox 252 4421 1849 4501">
    <p class='ocr_par' dir='ltr' id='par_1_63' title="bbox 252 4421 1849 4501">
     <span class='ocr_line' id='line_1_63' title="bbox 252 4421 1849 4501; baseline -0.006 -19"><span class='ocrx_word' id='word_1_471' title='bbox 252 4430 405 4500; x_wconf 84' lang='grc' dir='ltr'>μέως</span> <span class='ocrx_word' id='word_1_472' title='bbox 436 4429 501 4501; x_wconf 82' lang='grc' dir='ltr'>δή</span> <span class='ocrx_word' id='word_1_473' title='bbox 530 4445 681 4491; x_wconf 87' lang='grc' dir='ltr'>τινος</span> <span class='ocrx_word' id='word_1_474' title='bbox 708 4427 914 4498; x_wconf 76' lang='grc' dir='ltr'>ἀγέλην</span> <span class='ocrx_word' id='word_1_475' title='bbox 966 4426 1277 4488; x_wconf 79' lang='grc' dir='ltr'>τάττοντος,</span> <span class='ocrx_word' id='word_1_476' title='bbox 1318 4422 1445 4495; x_wconf 76' lang='grc'><strong>[555</strong></span> <span class='ocrx_word' id='word_1_477' title='bbox 1472 4421 1565 4494; x_wconf 82' lang='lat' dir='ltr'><strong>IL]</strong></span> <span class='ocrx_word' id='word_1_478' title='bbox 1612 4421 1849 4490; x_wconf 77' lang='grc' dir='ltr'>ἐλάφους</span> 
     </span>
    </p>
   </div>
   <div class='ocr_carea' id='block_1_64' title="bbox 1967 1937 3551 2008">
    <p class='ocr_par' dir='ltr' id='par_1_64' title="bbox 1967 1937 3551 2008">
     <span class='ocr_line' id='line_1_64' title="bbox 1967 1937 3551 2008; baseline -0.001 -16"><span class='ocrx_word' id='word_1_479' title='bbox 1967 1948 2051 1995; x_wconf 90' lang='lat' dir='ltr'><strong>tro</strong></span> <span class='ocrx_word' id='word_1_480' title='bbox 2093 1948 2273 1993; x_wconf 84' lang='lat' dir='ltr'><strong>autem</strong></span> <span class='ocrx_word' id='word_1_481' title='bbox 2333 1938 2677 1993; x_wconf 86' lang='lat' dir='ltr'><strong>validissimo</strong></span> <span class='ocrx_word' id='word_1_482' title='bbox 2740 1948 2995 2006; x_wconf 89' lang='lat' dir='ltr'><strong>tanquam</strong></span> <span class='ocrx_word' id='word_1_483' title='bbox 3053 1937 3300 2007; x_wconf 77' lang='lat' dir='ltr'><strong>ingentes</strong></span> <span class='ocrx_word' id='word_1_484' title='bbox 3347 1937 3551 2008; x_wconf 85' lang='lat' dir='ltr'><strong>pisces.</strong></span> 
     </span>
    </p>
   </div>
   <div class='ocr_carea' id='block_1_65' title="bbox 1964 2023 3548 2096">
    <p class='ocr_par' dir='ltr' id='par_1_65' title="bbox 1964 2023 3548 2096">
     <span class='ocr_line' id='line_1_65' title="bbox 1964 2023 3548 2096; baseline -0.004 -13"><span class='ocrx_word' id='word_1_485' title='bbox 1964 2028 2204 2084; x_wconf 77' lang='lat' dir='ltr'><strong>Montani</strong></span> <span class='ocrx_word' id='word_1_486' title='bbox 2239 2042 2369 2081; x_wconf 90' lang='lat' dir='ltr'><strong>vero</strong></span> <span class='ocrx_word' id='word_1_487' title='bbox 2388 2029 2650 2083; x_wconf 89' lang='lat' dir='ltr'><strong>dracones</strong></span> <span class='ocrx_word' id='word_1_488' title='bbox 2672 2041 2932 2096; x_wconf 86' lang='lat' dir='ltr'><strong>squamas</strong></span> <span class='ocrx_word' id='word_1_489' title='bbox 2946 2024 3145 2077; x_wconf 88' lang='lat' dir='ltr'><strong>habent</strong></span> <span class='ocrx_word' id='word_1_490' title='bbox 3166 2025 3363 2079; x_wconf 87' lang='lat' dir='ltr'><strong>coloris</strong></span> <span class='ocrx_word' id='word_1_491' title='bbox 3390 2023 3548 2088; x_wconf 81' lang='lat' dir='ltr'><strong>fulvi,</strong></span> 
     </span>
    </p>
   </div>
   <div class='ocr_carea' id='block_1_66' title="bbox 1962 2114 3555 2187">
    <p class='ocr_par' dir='ltr' id='par_1_66' title="bbox 1962 2114 3555 2187">
     <span class='ocr_line' id='line_1_66' title="bbox 1962 2114 3555 2187; baseline -0.004 -14"><span class='ocrx_word' id='word_1_492' title='bbox 1962 2118 2304 2187; x_wconf 81' lang='lat' dir='ltr'><strong>longitudine</strong></span> <span class='ocrx_word' id='word_1_493' title='bbox 2326 2126 2534 2187; x_wconf 42' lang='lat' dir='ltr'><strong>,autem</strong></span> <span class='ocrx_word' id='word_1_494' title='bbox 2585 2117 2859 2170; x_wconf 86' lang='lat' dir='ltr'><strong>excedunt</strong></span> <span class='ocrx_word' id='word_1_495' title='bbox 2915 2123 3289 2182; x_wconf 88' lang='lat' dir='ltr'><strong>campestres,</strong></span> <span class='ocrx_word' id='word_1_496' title='bbox 3357 2114 3555 2168; x_wconf 85' lang='lat' dir='ltr'><strong>barba-</strong></span> 
     </span>
    </p>
   </div>
   <div class='ocr_carea' id='block_1_67' title="bbox 1963 2204 3556 2280">
    <p class='ocr_par' dir='ltr' id='par_1_67' title="bbox 1963 2204 3556 2280">
     <span class='ocr_line' id='line_1_67' title="bbox 1963 2204 3556 2280; baseline -0.003 -18"><span class='ocrx_word' id='word_1_497' title='bbox 1963 2225 2069 2280; x_wconf 86' lang='lat' dir='ltr'><strong>que</strong></span> <span class='ocrx_word' id='word_1_498' title='bbox 2117 2210 2227 2264; x_wconf 90' lang='lat' dir='ltr'><strong>illis</strong></span> <span class='ocrx_word' id='word_1_499' title='bbox 2270 2219 2355 2264; x_wconf 91' lang='lat' dir='ltr'><strong>est</strong></span> <span class='ocrx_word' id='word_1_500' title='bbox 2394 2208 2732 2272; x_wconf 87' lang='lat' dir='ltr'><strong>cincinnata,</strong></span> <span class='ocrx_word' id='word_1_501' title='bbox 2779 2214 2834 2261; x_wconf 90' lang='lat' dir='ltr'><strong>et</strong></span> <span class='ocrx_word' id='word_1_502' title='bbox 2889 2207 3004 2274; x_wconf 90' lang='lat' dir='ltr'><strong>ipsa</strong></span> <span class='ocrx_word' id='word_1_503' title='bbox 3050 2204 3250 2259; x_wconf 90' lang='lat' dir='ltr'><strong>coloris</strong></span> <span class='ocrx_word' id='word_1_504' title='bbox 3284 2204 3458 2270; x_wconf 89' lang='lat' dir='ltr'><strong>aurei,</strong></span> <span class='ocrx_word' id='word_1_505' title='bbox 3498 2212 3556 2260; x_wconf 91' lang='lat' dir='ltr'><strong>et</strong></span> 
     </span>
    </p>
   </div>
   <div class='ocr_carea' id='block_1_68' title="bbox 1963 2295 3553 2370">
    <p class='ocr_par' dir='ltr' id='par_1_68' title="bbox 1963 2295 3553 2370">
     <span class='ocr_line' id='line_1_68' title="bbox 1963 2295 3553 2370; baseline -0.004 -13"><span class='ocrx_word' id='word_1_506' title='bbox 1963 2301 2257 2370; x_wconf 86' lang='lat' dir='ltr'><strong>supercilia</strong></span> <span class='ocrx_word' id='word_1_507' title='bbox 2313 2300 2519 2370; x_wconf 82' lang='lat' dir='ltr'><strong>majora</strong></span> <span class='ocrx_word' id='word_1_508' title='bbox 2567 2299 2770 2354; x_wconf 86' lang='lat' dir='ltr'><strong>habent</strong></span> <span class='ocrx_word' id='word_1_509' title='bbox 2800 2313 2965 2367; x_wconf 87' lang='lat' dir='ltr'><strong>quam</strong></span> <span class='ocrx_word' id='word_1_510' title='bbox 3014 2307 3375 2365; x_wconf 89' lang='lat' dir='ltr'><strong>campestres,</strong></span> <span class='ocrx_word' id='word_1_511' title='bbox 3410 2295 3553 2351; x_wconf 89' lang='lat' dir='ltr'><strong>oculi</strong></span> 
     </span>
    </p>
   </div>
   <div class='ocr_carea' id='block_1_69' title="bbox 1962 2390 3552 2463">
    <p class='ocr_par' dir='ltr' id='par_1_69' title="bbox 1962 2390 3552 2463">
     <span class='ocr_line' id='line_1_69' title="bbox 1962 2390 3552 2463; baseline -0.005 -14"><span class='ocrx_word' id='word_1_512' title='bbox 1962 2405 2144 2449; x_wconf 89' lang='lat' dir='ltr'><strong>autem</strong></span> <span class='ocrx_word' id='word_1_513' title='bbox 2176 2393 2485 2463; x_wconf 85' lang='lat' dir='ltr'><strong>superciliis</strong></span> <span class='ocrx_word' id='word_1_514' title='bbox 2511 2392 2770 2455; x_wconf 90' lang='lat' dir='ltr'><strong>subsunt,</strong></span> <span class='ocrx_word' id='word_1_515' title='bbox 2799 2399 2973 2455; x_wconf 87' lang='lat' dir='ltr'><strong>torve,</strong></span> <span class='ocrx_word' id='word_1_516' title='bbox 3018 2390 3370 2460; x_wconf 79' lang='lat' dir='ltr'><strong>graviterque</strong></span> <span class='ocrx_word' id='word_1_517' title='bbox 3402 2391 3552 2457; x_wconf 89' lang='lat' dir='ltr'><strong>aspi-</strong></span> 
     </span>
    </p>
   </div>
   <div class='ocr_carea' id='block_1_70' title="bbox 1962 2480 3552 2557">
    <p class='ocr_par' dir='ltr' id='par_1_70' title="bbox 1962 2480 3552 2557">
     <span class='ocr_line' id='line_1_70' title="bbox 1962 2480 3552 2557; baseline -0.004 -16"><span class='ocrx_word' id='word_1_518' title='bbox 1962 2490 2187 2557; x_wconf 49' lang='lat' dir='ltr'><strong>cientes.</strong></span> <span class='ocrx_word' id='word_1_519' title='bbox 2230 2487 2321 2557; x_wconf 88' lang='lat' dir='ltr'><strong>qui</strong></span> <span class='ocrx_word' id='word_1_520' title='bbox 2348 2486 2615 2545; x_wconf 85' lang='lat' dir='ltr'><strong>dracones</strong></span> <span class='ocrx_word' id='word_1_521' title='bbox 2654 2484 2881 2554; x_wconf 90' lang='lat' dir='ltr'><strong>perinde</strong></span> <span class='ocrx_word' id='word_1_522' title='bbox 2909 2498 2973 2536; x_wconf 87' lang='lat' dir='ltr'><strong>ac</strong></span> <span class='ocrx_word' id='word_1_523' title='bbox 3004 2482 3050 2535; x_wconf 88' lang='lat' dir='ltr'><strong>si</strong></span> <span class='ocrx_word' id='word_1_524' title='bbox 3084 2490 3269 2537; x_wconf 87' lang='lat' dir='ltr'><strong>essent</strong></span> <span class='ocrx_word' id='word_1_525' title='bbox 3310 2480 3444 2535; x_wconf 74' lang='lat' dir='ltr'><strong>aenei</strong></span> <span class='ocrx_word' id='word_1_526' title='bbox 3471 2480 3552 2535; x_wconf 88' lang='lat' dir='ltr'><strong>si-</strong></span> 
     </span>
    </p>
   </div>
   <div class='ocr_carea' id='block_1_71' title="bbox 1962 2569 3555 2646">
    <p class='ocr_par' dir='ltr' id='par_1_71' title="bbox 1962 2569 3555 2646">
     <span class='ocr_line' id='line_1_71' title="bbox 1962 2569 3555 2646; baseline -0.004 -14"><span class='ocrx_word' id='word_1_527' title='bbox 1962 2578 2156 2645; x_wconf 81' lang='lat' dir='ltr'><strong>bilant,</strong></span> <span class='ocrx_word' id='word_1_528' title='bbox 2182 2577 2618 2646; x_wconf 87' lang='lat' dir='ltr'><strong>quandocunque</strong></span> <span class='ocrx_word' id='word_1_529' title='bbox 2642 2589 2740 2643; x_wconf 91' lang='lat' dir='ltr'><strong>per</strong></span> <span class='ocrx_word' id='word_1_530' title='bbox 2766 2581 2973 2627; x_wconf 86' lang='lat' dir='ltr'><strong>terram</strong></span> <span class='ocrx_word' id='word_1_531' title='bbox 3010 2582 3259 2641; x_wconf 88' lang='lat' dir='ltr'><strong>serpunt.</strong></span> <span class='ocrx_word' id='word_1_532' title='bbox 3296 2570 3341 2625; x_wconf 89' lang='lat' dir='ltr'><strong>E</strong></span> <span class='ocrx_word' id='word_1_533' title='bbox 3371 2569 3555 2625; x_wconf 87' lang='lat' dir='ltr'><strong>cristis</strong></span> 
     </span>
    </p>
   </div>
   <div class='ocr_carea' id='block_1_72' title="bbox 1962 2663 3551 2738">
    <p class='ocr_par' dir='ltr' id='par_1_72' title="bbox 1962 2663 3551 2738">
     <span class='ocr_line' id='line_1_72' title="bbox 1962 2663 3551 2738; baseline -0.006 -11"><span class='ocrx_word' id='word_1_534' title='bbox 1962 2687 2096 2728; x_wconf 90' lang='lat' dir='ltr'><strong>vero</strong></span> <span class='ocrx_word' id='word_1_535' title='bbox 2123 2684 2243 2738; x_wconf 67' lang='lat' dir='ltr'><strong>qua:</strong></span> <span class='ocrx_word' id='word_1_536' title='bbox 2271 2669 2453 2723; x_wconf 71' lang='lat' dir='ltr'><strong>rubrae</strong></span> <span class='ocrx_word' id='word_1_537' title='bbox 2477 2676 2624 2732; x_wconf 55' lang='lat' dir='ltr'><strong>sunt,</strong></span> <span class='ocrx_word' id='word_1_538' title='bbox 2649 2664 2795 2720; x_wconf 85' lang='lat' dir='ltr'><strong>velut</strong></span> <span class='ocrx_word' id='word_1_539' title='bbox 2815 2665 2958 2735; x_wconf 88' lang='lat' dir='ltr'><strong>ignis</strong></span> <span class='ocrx_word' id='word_1_540' title='bbox 2973 2664 3278 2719; x_wconf 87' lang='lat' dir='ltr'><strong>scintillare</strong></span> <span class='ocrx_word' id='word_1_541' title='bbox 3304 2663 3551 2728; x_wconf 87' lang='lat' dir='ltr'><strong>videtur;</strong></span> 
     </span>
    </p>
   </div>
   <div class='ocr_carea' id='block_1_73' title="bbox 1960 2756 3553 2831">
    <p class='ocr_par' dir='ltr' id='par_1_73' title="bbox 1960 2756 3553 2831">
     <span class='ocr_line' id='line_1_73' title="bbox 1960 2756 3553 2831; baseline -0.008 -11"><span class='ocrx_word' id='word_1_542' title='bbox 1960 2774 2017 2820; x_wconf 90' lang='lat' dir='ltr'><strong>et</strong></span> <span class='ocrx_word' id='word_1_543' title='bbox 2050 2764 2139 2818; x_wconf 92' lang='lat' dir='ltr'><strong>isti</strong></span> <span class='ocrx_word' id='word_1_544' title='bbox 2172 2774 2390 2831; x_wconf 90' lang='lat' dir='ltr'><strong>quoque</strong></span> <span class='ocrx_word' id='word_1_545' title='bbox 2425 2758 2748 2829; x_wconf 87' lang='lat' dir='ltr'><strong>elephantos</strong></span> <span class='ocrx_word' id='word_1_546' title='bbox 2773 2758 3017 2826; x_wconf 83' lang='lat' dir='ltr'><strong>capiunt.</strong></span> <span class='ocrx_word' id='word_1_547' title='bbox 3056 2757 3163 2826; x_wconf 91' lang='lat' dir='ltr'><strong>Ipsi</strong></span> <span class='ocrx_word' id='word_1_548' title='bbox 3203 2771 3337 2812; x_wconf 86' lang='lat' dir='ltr'><strong>vero</strong></span> <span class='ocrx_word' id='word_1_549' title='bbox 3365 2756 3435 2811; x_wconf 90' lang='lat' dir='ltr'><strong>ab</strong></span> <span class='ocrx_word' id='word_1_550' title='bbox 3466 2757 3553 2808; x_wconf 87' lang='lat' dir='ltr'><strong>lu-</strong></span> 
     </span>
    </p>
   </div>
   <div class='ocr_carea' id='block_1_74' title="bbox 1961 2848 3555 2921">
    <p class='ocr_par' dir='ltr' id='par_1_74' title="bbox 1961 2848 3555 2921">
     <span class='ocr_line' id='line_1_74' title="bbox 1961 2848 3555 2921; baseline -0.005 -9"><span class='ocrx_word' id='word_1_551' title='bbox 1961 2856 2044 2912; x_wconf 91' lang='lat' dir='ltr'><strong>dis</strong></span> <span class='ocrx_word' id='word_1_552' title='bbox 2075 2856 2181 2910; x_wconf 91' lang='lat' dir='ltr'><strong>hoc</strong></span> <span class='ocrx_word' id='word_1_553' title='bbox 2209 2854 2369 2907; x_wconf 90' lang='lat' dir='ltr'><strong>modo</strong></span> <span class='ocrx_word' id='word_1_554' title='bbox 2392 2851 2679 2921; x_wconf 88' lang='lat' dir='ltr'><strong>capiuntur</strong></span> <span class='ocrx_word' id='word_1_555' title='bbox 2714 2867 2728 2905; x_wconf 89' lang='lat'>:</span> <span class='ocrx_word' id='word_1_556' title='bbox 2768 2849 2987 2920; x_wconf 83' lang='lat' dir='ltr'><strong>pallium</strong></span> <span class='ocrx_word' id='word_1_557' title='bbox 3017 2848 3331 2905; x_wconf 82' lang='lat' dir='ltr'><strong>coccineum</strong></span> <span class='ocrx_word' id='word_1_558' title='bbox 3353 2849 3555 2904; x_wconf 86' lang='lat' dir='ltr'><strong>litteris</strong></span> 
     </span>
    </p>
   </div>
   <div class='ocr_carea' id='block_1_75' title="bbox 1960 2941 3551 3015">
    <p class='ocr_par' dir='ltr' id='par_1_75' title="bbox 1960 2941 3551 3015">
     <span class='ocr_line' id='line_1_75' title="bbox 1960 2941 3551 3015; baseline -0.006 -12"><span class='ocrx_word' id='word_1_559' title='bbox 1960 2949 2145 3003; x_wconf 88' lang='lat' dir='ltr'><strong>aureis</strong></span> <span class='ocrx_word' id='word_1_560' title='bbox 2187 2946 2648 3015; x_wconf 88' lang='lat' dir='ltr'><strong>superintextum,</strong></span> <span class='ocrx_word' id='word_1_561' title='bbox 2724 2950 2851 2997; x_wconf 88' lang='lat' dir='ltr'><strong>ante</strong></span> <span class='ocrx_word' id='word_1_562' title='bbox 2908 2941 3156 2998; x_wconf 84' lang='lat' dir='ltr'><strong>cubicula</strong></span> <span class='ocrx_word' id='word_1_563' title='bbox 3218 2942 3551 3008; x_wconf 86' lang='lat' dir='ltr'><strong>extendunt;</strong></span> 
     </span>
    </p>
   </div>
   <div class='ocr_carea' id='block_1_76' title="bbox 1960 3036 3556 3110">
    <p class='ocr_par' dir='ltr' id='par_1_76' title="bbox 1960 3036 3556 3110">
     <span class='ocr_line' id='line_1_76' title="bbox 1960 3036 3556 3110; baseline -0.004 -15"><span class='ocrx_word' id='word_1_564' title='bbox 1960 3041 2163 3110; x_wconf 83' lang='lat' dir='ltr'><strong>scripta</strong></span> <span class='ocrx_word' id='word_1_565' title='bbox 2191 3049 2373 3095; x_wconf 90' lang='lat' dir='ltr'><strong>autem</strong></span> <span class='ocrx_word' id='word_1_566' title='bbox 2406 3036 2776 3093; x_wconf 87' lang='lat' dir='ltr'><strong>incantatoria</strong></span> <span class='ocrx_word' id='word_1_567' title='bbox 2807 3036 2974 3091; x_wconf 73' lang='lat' dir='ltr'><strong>verba</strong></span> <span class='ocrx_word' id='word_1_568' title='bbox 3009 3050 3264 3090; x_wconf 87' lang='lat' dir='ltr'><strong>somnum</strong></span> <span class='ocrx_word' id='word_1_569' title='bbox 3300 3036 3556 3092; x_wconf 85' lang='lat' dir='ltr'><strong>videntur</strong></span> 
     </span>
    </p>
   </div>
   <div class='ocr_carea' id='block_1_77' title="bbox 1962 3127 3550 3201">
    <p class='ocr_par' dir='ltr' id='par_1_77' title="bbox 1962 3127 3550 3201">
     <span class='ocr_line' id='line_1_77' title="bbox 1962 3127 3550 3201; baseline -0.003 -15"><span class='ocrx_word' id='word_1_570' title='bbox 1962 3133 2237 3195; x_wconf 86' lang='lat' dir='ltr'><strong>inducere,</strong></span> <span class='ocrx_word' id='word_1_571' title='bbox 2285 3130 2483 3201; x_wconf 68' lang='lat'><strong>3261:</strong></span> <span class='ocrx_word' id='word_1_572' title='bbox 2533 3128 2616 3184; x_wconf 87' lang='lat' dir='ltr'><strong>his</strong></span> <span class='ocrx_word' id='word_1_573' title='bbox 2665 3131 2966 3182; x_wconf 88' lang='lat' dir='ltr'><strong>draconum</strong></span> <span class='ocrx_word' id='word_1_574' title='bbox 3006 3127 3190 3193; x_wconf 90' lang='lat' dir='ltr'><strong>oculi,</strong></span> <span class='ocrx_word' id='word_1_575' title='bbox 3241 3143 3550 3198; x_wconf 82' lang='lat' dir='ltr'><strong>quanquam</strong></span> 
     </span>
    </p>
   </div>
   <div class='ocr_carea' id='block_1_78' title="bbox 1965 3219 3551 3291">
    <p class='ocr_par' dir='ltr' id='par_1_78' title="bbox 1965 3219 3551 3291">
     <span class='ocr_line' id='line_1_78' title="bbox 1965 3219 3551 3291; baseline -0.003 -12"><span class='ocrx_word' id='word_1_576' title='bbox 1965 3222 2269 3287; x_wconf 90' lang='lat' dir='ltr'><strong>durissimi,</strong></span> <span class='ocrx_word' id='word_1_577' title='bbox 2311 3230 2663 3291; x_wconf 88' lang='lat' dir='ltr'><strong>superantur.</strong></span> <span class='ocrx_word' id='word_1_578' title='bbox 2725 3219 2830 3290; x_wconf 93' lang='lat' dir='ltr'><strong>Ipsi</strong></span> <span class='ocrx_word' id='word_1_579' title='bbox 2866 3236 3085 3290; x_wconf 90' lang='lat' dir='ltr'><strong>quoque</strong></span> <span class='ocrx_word' id='word_1_580' title='bbox 3114 3220 3347 3290; x_wconf 87' lang='lat' dir='ltr'><strong>plurima</strong></span> <span class='ocrx_word' id='word_1_581' title='bbox 3385 3220 3551 3274; x_wconf 87' lang='lat' dir='ltr'><strong>verba</strong></span> 
     </span>
    </p>
   </div>
   <div class='ocr_carea' id='block_1_79' title="bbox 1963 3311 3549 3381">
    <p class='ocr_par' dir='ltr' id='par_1_79' title="bbox 1963 3311 3549 3381">
     <span class='ocr_line' id='line_1_79' title="bbox 1963 3311 3549 3381; baseline -0.002 -13"><span class='ocrx_word' id='word_1_582' title='bbox 1963 3328 2028 3368; x_wconf 72' lang='lat' dir='ltr'><strong>ex</strong></span> <span class='ocrx_word' id='word_1_583' title='bbox 2059 3326 2257 3368; x_wconf 88' lang='lat' dir='ltr'><strong>arcana</strong></span> <span class='ocrx_word' id='word_1_584' title='bbox 2288 3311 2556 3381; x_wconf 85' lang='lat' dir='ltr'><strong>sapientia</strong></span> <span class='ocrx_word' id='word_1_585' title='bbox 2586 3311 3131 3379; x_wconf 87' lang='lat' dir='ltr'><strong>snperincantantes,</strong></span> <span class='ocrx_word' id='word_1_586' title='bbox 3160 3326 3226 3364; x_wconf 90' lang='lat' dir='ltr'><strong>eo</strong></span> <span class='ocrx_word' id='word_1_587' title='bbox 3258 3313 3549 3367; x_wconf 85' lang='lat' dir='ltr'><strong>draconem</strong></span> 
     </span>
    </p>
   </div>
   <div class='ocr_carea' id='block_1_80' title="bbox 1963 3401 3553 3475">
    <p class='ocr_par' dir='ltr' id='par_1_80' title="bbox 1963 3401 3553 3475">
     <span class='ocr_line' id='line_1_80' title="bbox 1963 3401 3553 3475; baseline -0.002 -17"><span class='ocrx_word' id='word_1_588' title='bbox 1963 3406 2295 3475; x_wconf 83' lang='lat' dir='ltr'><strong>perducunt,</strong></span> <span class='ocrx_word' id='word_1_589' title='bbox 2319 3412 2379 3456; x_wconf 93' lang='lat' dir='ltr'><strong>ut</strong></span> <span class='ocrx_word' id='word_1_590' title='bbox 2407 3401 2815 3471; x_wconf 84' lang='lat' dir='ltr'><strong>caputlatebris</strong></span> <span class='ocrx_word' id='word_1_591' title='bbox 2836 3411 3076 3465; x_wconf 81' lang='lat' dir='ltr'><strong>exserat,</strong></span> <span class='ocrx_word' id='word_1_592' title='bbox 3109 3411 3164 3456; x_wconf 93' lang='lat' dir='ltr'><strong>et</strong></span> <span class='ocrx_word' id='word_1_593' title='bbox 3206 3401 3403 3457; x_wconf 88' lang='lat' dir='ltr'><strong>litteris</strong></span> <span class='ocrx_word' id='word_1_594' title='bbox 3444 3401 3553 3470; x_wconf 84' lang='lat' dir='ltr'><strong>pal-</strong></span> 
     </span>
    </p>
   </div>
   <div class='ocr_carea' id='block_1_81' title="bbox 1964 3492 3551 3563">
    <p class='ocr_par' dir='ltr' id='par_1_81' title="bbox 1964 3492 3551 3563">
     <span class='ocr_line' id='line_1_81' title="bbox 1964 3492 3551 3563; baseline -0.001 -15"><span class='ocrx_word' id='word_1_595' title='bbox 1964 3495 2037 3550; x_wconf 91' lang='lat' dir='ltr'><strong>lio</strong></span> <span class='ocrx_word' id='word_1_596' title='bbox 2066 3495 2293 3549; x_wconf 82' lang='lat' dir='ltr'><strong>intextis</strong></span> <span class='ocrx_word' id='word_1_597' title='bbox 2320 3492 2806 3563; x_wconf 89' lang='lat' dir='ltr'><strong>superindormiat,</strong></span> <span class='ocrx_word' id='word_1_598' title='bbox 2825 3492 3115 3547; x_wconf 88' lang='lat' dir='ltr'><strong>dormienti</strong></span> <span class='ocrx_word' id='word_1_599' title='bbox 3135 3502 3316 3547; x_wconf 84' lang='lat' dir='ltr'><strong>autem</strong></span> <span class='ocrx_word' id='word_1_600' title='bbox 3334 3494 3551 3547; x_wconf 87' lang='lat' dir='ltr'><strong>instan-</strong></span> 
     </span>
    </p>
   </div>
   <div class='ocr_carea' id='block_1_82' title="bbox 1964 3587 3553 3660">
    <p class='ocr_par' dir='ltr' id='par_1_82' title="bbox 1964 3587 3553 3660">
     <span class='ocr_line' id='line_1_82' title="bbox 1964 3587 3553 3660; baseline -0.001 -15"><span class='ocrx_word' id='word_1_601' title='bbox 1964 3600 2047 3645; x_wconf 90' lang='lat' dir='ltr'><strong>tes</strong></span> <span class='ocrx_word' id='word_1_602' title='bbox 2078 3589 2219 3656; x_wconf 89' lang='lat' dir='ltr'><strong>Indi,</strong></span> <span class='ocrx_word' id='word_1_603' title='bbox 2250 3588 2435 3644; x_wconf 88' lang='lat' dir='ltr'><strong>securi</strong></span> <span class='ocrx_word' id='word_1_604' title='bbox 2485 3587 2756 3643; x_wconf 89' lang='lat' dir='ltr'><strong>cervicem</strong></span> <span class='ocrx_word' id='word_1_605' title='bbox 2792 3588 3018 3657; x_wconf 87' lang='lat' dir='ltr'><strong>feriunt,</strong></span> <span class='ocrx_word' id='word_1_606' title='bbox 3064 3589 3347 3655; x_wconf 88' lang='lat' dir='ltr'><strong>scissoque</strong></span> <span class='ocrx_word' id='word_1_607' title='bbox 3372 3591 3553 3660; x_wconf 82' lang='lat' dir='ltr'><strong>capite</strong></span> 
     </span>
    </p>
   </div>
   <div class='ocr_carea' id='block_1_83' title="bbox 1963 3677 3549 3749">
    <p class='ocr_par' dir='ltr' id='par_1_83' title="bbox 1963 3677 3549 3749">
     <span class='ocr_line' id='line_1_83' title="bbox 1963 3677 3549 3749; baseline 0 -15"><span class='ocrx_word' id='word_1_608' title='bbox 1963 3680 2177 3749; x_wconf 90' lang='lat' dir='ltr'><strong>lapillos</strong></span> <span class='ocrx_word' id='word_1_609' title='bbox 2217 3680 2365 3735; x_wconf 89' lang='lat' dir='ltr'><strong>intus</strong></span> <span class='ocrx_word' id='word_1_610' title='bbox 2413 3686 2695 3733; x_wconf 83' lang='lat' dir='ltr'><strong>exstantes</strong></span> <span class='ocrx_word' id='word_1_611' title='bbox 2733 3678 3011 3733; x_wconf 84' lang='lat' dir='ltr'><strong>auferunt.</strong></span> <span class='ocrx_word' id='word_1_612' title='bbox 3052 3677 3364 3733; x_wconf 87' lang='lat' dir='ltr'><strong>Traduntur</strong></span> <span class='ocrx_word' id='word_1_613' title='bbox 3402 3680 3549 3735; x_wconf 89' lang='lat' dir='ltr'><strong>enim</strong></span> 
     </span>
    </p>
   </div>
   <div class='ocr_carea' id='block_1_84' title="bbox 1963 3769 3549 3840">
    <p class='ocr_par' dir='ltr' id='par_1_84' title="bbox 1963 3769 3549 3840">
     <span class='ocr_line' id='line_1_84' title="bbox 1963 3769 3549 3840; baseline -0.001 -14"><span class='ocrx_word' id='word_1_614' title='bbox 1963 3784 2345 3827; x_wconf 88' lang='lat' dir='ltr'><strong>montanorum</strong></span> <span class='ocrx_word' id='word_1_615' title='bbox 2370 3772 2668 3826; x_wconf 89' lang='lat' dir='ltr'><strong>draconum</strong></span> <span class='ocrx_word' id='word_1_616' title='bbox 2698 3769 2973 3839; x_wconf 88' lang='lat' dir='ltr'><strong>capitibus</strong></span> <span class='ocrx_word' id='word_1_617' title='bbox 3001 3770 3180 3825; x_wconf 89' lang='lat' dir='ltr'><strong>inesse</strong></span> <span class='ocrx_word' id='word_1_618' title='bbox 3203 3770 3395 3839; x_wconf 84' lang='lat' dir='ltr'><strong>lapilli,</strong></span> <span class='ocrx_word' id='word_1_619' title='bbox 3423 3786 3549 3840; x_wconf 88' lang='lat' dir='ltr'><strong>spe-</strong></span> 
     </span>
    </p>
   </div>
   <div class='ocr_carea' id='block_1_85' title="bbox 1962 3859 3552 3930">
    <p class='ocr_par' dir='ltr' id='par_1_85' title="bbox 1962 3859 3552 3930">
     <span class='ocr_line' id='line_1_85' title="bbox 1962 3859 3552 3930; baseline -0.001 -14"><span class='ocrx_word' id='word_1_620' title='bbox 1962 3863 2046 3917; x_wconf 87' lang='lat' dir='ltr'><strong>cie</strong></span> <span class='ocrx_word' id='word_1_621' title='bbox 2071 3873 2126 3918; x_wconf 93' lang='lat' dir='ltr'><strong>et</strong></span> <span class='ocrx_word' id='word_1_622' title='bbox 2154 3868 2382 3930; x_wconf 89' lang='lat' dir='ltr'><strong>aspectu</strong></span> <span class='ocrx_word' id='word_1_623' title='bbox 2402 3859 2655 3927; x_wconf 90' lang='lat' dir='ltr'><strong>jucundi,</strong></span> <span class='ocrx_word' id='word_1_624' title='bbox 2681 3869 2735 3913; x_wconf 90' lang='lat' dir='ltr'><strong>et</strong></span> <span class='ocrx_word' id='word_1_625' title='bbox 2761 3859 3106 3928; x_wconf 82' lang='lat' dir='ltr'><strong>splendorem</strong></span> <span class='ocrx_word' id='word_1_626' title='bbox 3140 3860 3429 3929; x_wconf 89' lang='lat' dir='ltr'><strong>quemdam</strong></span> <span class='ocrx_word' id='word_1_627' title='bbox 3456 3874 3552 3915; x_wconf 87' lang='lat' dir='ltr'><strong>co-</strong></span> 
     </span>
    </p>
   </div>
   <div class='ocr_carea' id='block_1_86' title="bbox 1962 3949 3552 4021">
    <p class='ocr_par' dir='ltr' id='par_1_86' title="bbox 1962 3949 3552 4021">
     <span class='ocr_line' id='line_1_86' title="bbox 1962 3949 3552 4021; baseline -0.001 -14"><span class='ocrx_word' id='word_1_628' title='bbox 1962 3954 2168 4008; x_wconf 90' lang='lat' dir='ltr'><strong>loribus</strong></span> <span class='ocrx_word' id='word_1_629' title='bbox 2207 3952 2528 4007; x_wconf 85' lang='lat' dir='ltr'><strong>inducentes</strong></span> <span class='ocrx_word' id='word_1_630' title='bbox 2559 3970 2574 4005; x_wconf 90' lang='lat'><strong>:</strong></span> <span class='ocrx_word' id='word_1_631' title='bbox 2602 3950 2810 4004; x_wconf 89' lang='lat' dir='ltr'><strong>virilms</strong></span> <span class='ocrx_word' id='word_1_632' title='bbox 2838 3949 3019 4006; x_wconf 80' lang='lat' dir='ltr'><strong>autem</strong></span> <span class='ocrx_word' id='word_1_633' title='bbox 3050 3950 3411 4021; x_wconf 88' lang='lat' dir='ltr'><strong>potentiaque</strong></span> <span class='ocrx_word' id='word_1_634' title='bbox 3446 3952 3552 4006; x_wconf 86' lang='lat' dir='ltr'><strong>mi-</strong></span> 
     </span>
    </p>
   </div>
   <div class='ocr_carea' id='block_1_87' title="bbox 1961 4041 3548 4114">
    <p class='ocr_par' dir='ltr' id='par_1_87' title="bbox 1961 4041 3548 4114">
     <span class='ocr_line' id='line_1_87' title="bbox 1961 4041 3548 4114; baseline -0.003 -12"><span class='ocrx_word' id='word_1_635' title='bbox 1961 4045 2185 4111; x_wconf 86' lang='lat' dir='ltr'><strong>rabiles,</strong></span> <span class='ocrx_word' id='word_1_636' title='bbox 2216 4043 2359 4099; x_wconf 86' lang='lat' dir='ltr'><strong>sicut</strong></span> <span class='ocrx_word' id='word_1_637' title='bbox 2385 4041 2641 4108; x_wconf 88' lang='lat' dir='ltr'><strong>annulus,</strong></span> <span class='ocrx_word' id='word_1_638' title='bbox 2674 4058 2835 4112; x_wconf 83' lang='lat' dir='ltr'><strong>quem</strong></span> <span class='ocrx_word' id='word_1_639' title='bbox 2878 4042 3133 4097; x_wconf 89' lang='lat' dir='ltr'><strong>habuisse</strong></span> <span class='ocrx_word' id='word_1_640' title='bbox 3177 4042 3548 4114; x_wconf 85' lang='lat' dir='ltr'><strong>Gygem,vul-</strong></span> 
     </span>
    </p>
   </div>
   <div class='ocr_carea' id='block_1_88' title="bbox 1958 4134 3549 4211">
    <p class='ocr_par' dir='ltr' id='par_1_88' title="bbox 1958 4134 3549 4211">
     <span class='ocr_line' id='line_1_88' title="bbox 1958 4134 3549 4211; baseline -0.001 -20"><span class='ocrx_word' id='word_1_641' title='bbox 1958 4149 2147 4211; x_wconf 79' lang='lat' dir='ltr'><strong>gntum</strong></span> <span class='ocrx_word' id='word_1_642' title='bbox 2176 4148 2281 4192; x_wconf 86' lang='lat' dir='ltr'><strong>est.</strong></span> <span class='ocrx_word' id='word_1_643' title='bbox 2319 4136 2513 4190; x_wconf 88' lang='lat' dir='ltr'><strong>Evenit</strong></span> <span class='ocrx_word' id='word_1_644' title='bbox 2538 4147 2717 4191; x_wconf 88' lang='lat' dir='ltr'><strong>autem</strong></span> <span class='ocrx_word' id='word_1_645' title='bbox 2748 4134 3043 4199; x_wconf 90' lang='lat' dir='ltr'><strong>interdum,</strong></span> <span class='ocrx_word' id='word_1_646' title='bbox 3073 4144 3133 4189; x_wconf 90' lang='lat' dir='ltr'><strong>ut</strong></span> <span class='ocrx_word' id='word_1_647' title='bbox 3160 4134 3329 4191; x_wconf 84' lang='lat' dir='ltr'><strong>draco</strong></span> <span class='ocrx_word' id='word_1_648' title='bbox 3357 4135 3549 4190; x_wconf 90' lang='lat' dir='ltr'><strong>Indum</strong></span> 
     </span>
    </p>
   </div>
   <div class='ocr_carea' id='block_1_89' title="bbox 1958 4225 3549 4292">
    <p class='ocr_par' dir='ltr' id='par_1_89' title="bbox 1958 4225 3549 4292">
     <span class='ocr_line' id='line_1_89' title="bbox 1958 4225 3549 4292; baseline -0.004 -7"><span class='ocrx_word' id='word_1_649' title='bbox 1958 4246 2082 4285; x_wconf 90' lang='lat' dir='ltr'><strong>cum</strong></span> <span class='ocrx_word' id='word_1_650' title='bbox 2123 4228 2301 4284; x_wconf 85' lang='lat' dir='ltr'><strong>securi</strong></span> <span class='ocrx_word' id='word_1_651' title='bbox 2341 4236 2395 4282; x_wconf 95' lang='lat' dir='ltr'><strong>et</strong></span> <span class='ocrx_word' id='word_1_652' title='bbox 2446 4235 2586 4291; x_wconf 87' lang='lat' dir='ltr'><strong>arte,</strong></span> <span class='ocrx_word' id='word_1_653' title='bbox 2631 4228 2772 4279; x_wconf 87' lang='lat' dir='ltr'><strong>intra</strong></span> <span class='ocrx_word' id='word_1_654' title='bbox 2817 4225 2997 4280; x_wconf 88' lang='lat' dir='ltr'><strong>cubile</strong></span> <span class='ocrx_word' id='word_1_655' title='bbox 3041 4226 3266 4279; x_wconf 90' lang='lat' dir='ltr'><strong>trahens</strong></span> <span class='ocrx_word' id='word_1_656' title='bbox 3303 4225 3549 4292; x_wconf 90' lang='lat' dir='ltr'><strong>devoret,</strong></span> 
     </span>
    </p>
   </div>
   <div class='ocr_carea' id='block_1_90' title="bbox 1958 4315 3550 4390">
    <p class='ocr_par' dir='ltr' id='par_1_90' title="bbox 1958 4315 3550 4390">
     <span class='ocr_line' id='line_1_90' title="bbox 1958 4315 3550 4390; baseline -0.005 -11"><span class='ocrx_word' id='word_1_657' title='bbox 1958 4324 2127 4379; x_wconf 85' lang='lat' dir='ltr'><strong>etiam</strong></span> <span class='ocrx_word' id='word_1_658' title='bbox 2156 4322 2331 4390; x_wconf 85' lang='lat' dir='ltr'><strong>ipsum</strong></span> <span class='ocrx_word' id='word_1_659' title='bbox 2358 4334 2495 4390; x_wconf 90' lang='lat' dir='ltr'><strong>pene</strong></span> <span class='ocrx_word' id='word_1_660' title='bbox 2527 4328 2765 4373; x_wconf 90' lang='lat' dir='ltr'><strong>montem</strong></span> <span class='ocrx_word' id='word_1_661' title='bbox 2796 4318 3136 4372; x_wconf 87' lang='lat' dir='ltr'><strong>concutiens.</strong></span> <span class='ocrx_word' id='word_1_662' title='bbox 3170 4315 3334 4372; x_wconf 86' lang='lat' dir='ltr'><strong>Tales</strong></span> <span class='ocrx_word' id='word_1_663' title='bbox 3370 4327 3550 4371; x_wconf 88' lang='lat' dir='ltr'><strong>autem</strong></span> 
     </span>
    </p>
   </div>
   <div class='ocr_carea' id='block_1_91' title="bbox 1959 4407 3550 4478">
    <p class='ocr_par' dir='ltr' id='par_1_91' title="bbox 1959 4407 3550 4478">
     <span class='ocr_line' id='line_1_91' title="bbox 1959 4407 3550 4478; baseline -0.008 -9"><span class='ocrx_word' id='word_1_664' title='bbox 1959 4415 2231 4469; x_wconf 87' lang='lat' dir='ltr'><strong>dracones</strong></span> <span class='ocrx_word' id='word_1_665' title='bbox 2274 4422 2513 4473; x_wconf 83' lang='lat' dir='ltr'><strong>montes,</strong></span> <span class='ocrx_word' id='word_1_666' title='bbox 2538 4411 2631 4478; x_wconf 93' lang='lat' dir='ltr'><strong>qui</strong></span> <span class='ocrx_word' id='word_1_667' title='bbox 2666 4409 2734 4463; x_wconf 84' lang='lat' dir='ltr'><strong>ad</strong></span> <span class='ocrx_word' id='word_1_668' title='bbox 2766 4408 3013 4462; x_wconf 82' lang='lat' dir='ltr'><strong>Rubrum</strong></span> <span class='ocrx_word' id='word_1_669' title='bbox 3061 4422 3212 4462; x_wconf 87' lang='lat' dir='ltr'><strong>mare</strong></span> <span class='ocrx_word' id='word_1_670' title='bbox 3256 4407 3550 4477; x_wconf 85' lang='lat' dir='ltr'><strong>pertinent,</strong></span> 
     </span>
    </p>
   </div>
   <div class='ocr_carea' id='block_1_92' title="bbox 248 4497 1852 4592">
    <p class='ocr_par' dir='ltr' id='par_1_92' title="bbox 248 4497 1849 4592">
     <span class='ocr_line' id='line_1_92' title="bbox 248 4497 1849 4592; baseline -0.007 -16"><span class='ocrx_word' id='word_1_671' title='bbox 248 4497 319 4576; x_wconf 67' lang='grc' dir='ltr'>δὲ</span> <span class='ocrx_word' id='word_1_672' title='bbox 377 4497 499 4592; x_wconf 25' lang='grc' dir='ltr'>ἄρα*</span> <span class='ocrx_word' id='word_1_673' title='bbox 531 4497 911 4591; x_wconf 83' lang='grc' dir='ltr'>βουκολεῖσθαι</span> <span class='ocrx_word' id='word_1_674' title='bbox 953 4519 1153 4583; x_wconf 81' lang='grc' dir='ltr'>λευκάς</span> <span class='ocrx_word' id='word_1_675' title='bbox 1179 4535 1192 4547; x_wconf 90' lang='grc'><strong>·</strong></span> <span class='ocrx_word' id='word_1_676' title='bbox 1241 4517 1545 4588; x_wconf 72' lang='grc' dir='ltr'>ἀμέλγουσι</span> <span class='ocrx_word' id='word_1_677' title='bbox 1596 4514 1655 4568; x_wconf 80' lang='grc' dir='ltr'>δὲ</span> <span class='ocrx_word' id='word_1_678' title='bbox 1699 4513 1849 4567; x_wconf 77' lang='grc' dir='ltr'>Ἰνδοὶ</span> 
     </span>
    </p>
   </div>
   <div class='ocr_carea' id='block_1_93' title="bbox 1963 4497 3553 4592">
    <p class='ocr_par' dir='ltr' id='par_1_93' title="bbox 1963 4497 3553 4571">
     <span class='ocr_line' id='line_1_93' title="bbox 1963 4497 3553 4571; baseline -0.008 -9"><span class='ocrx_word' id='word_1_679' title='bbox 1963 4509 2213 4562; x_wconf 87' lang='lat' dir='ltr'><strong>dicuntur</strong></span> <span class='ocrx_word' id='word_1_680' title='bbox 2240 4503 2500 4558; x_wconf 88' lang='lat' dir='ltr'><strong>incolere.</strong></span> <span class='ocrx_word' id='word_1_681' title='bbox 2527 4500 2605 4556; x_wconf 89' lang='lat' dir='ltr'><strong>De</strong></span> <span class='ocrx_word' id='word_1_682' title='bbox 2629 4498 2968 4571; x_wconf 89' lang='lat' dir='ltr'><strong>longitudine</strong></span> <span class='ocrx_word' id='word_1_683' title='bbox 2998 4510 3181 4552; x_wconf 89' lang='lat' dir='ltr'><strong>autem</strong></span> <span class='ocrx_word' id='word_1_684' title='bbox 3210 4498 3337 4553; x_wconf 68' lang='lat' dir='ltr'><strong>vita:</strong></span> <span class='ocrx_word' id='word_1_685' title='bbox 3362 4497 3553 4563; x_wconf 86' lang='lat' dir='ltr'><strong>hujus-</strong></span> 
     </span>
    </p>
   </div>
   <div class='ocr_carea' id='block_1_94' title="bbox 248 4605 1737 4681">
    <p class='ocr_par' dir='ltr' id='par_1_94' title="bbox 248 4605 1737 4681">
     <span class='ocr_line' id='line_1_94' title="bbox 248 4605 1737 4681; baseline -0.005 -16"><span class='ocrx_word' id='word_1_686' title='bbox 248 4612 480 4677; x_wconf 82' lang='grc' dir='ltr'>ταύτας,</span> <span class='ocrx_word' id='word_1_687' title='bbox 506 4611 782 4680; x_wconf 77' lang='grc' dir='ltr'>εὐτραφὲς</span> <span class='ocrx_word' id='word_1_688' title='bbox 808 4610 1107 4681; x_wconf 80' lang='grc' dir='ltr'>ἡγούμενοι</span> <span class='ocrx_word' id='word_1_689' title='bbox 1133 4607 1196 4662; x_wconf 78' lang='grc' dir='ltr'>τὸ</span> <span class='ocrx_word' id='word_1_690' title='bbox 1227 4608 1325 4662; x_wconf 77' lang='grc' dir='ltr'>ἀπ’</span> <span class='ocrx_word' id='word_1_691' title='bbox 1348 4607 1531 4662; x_wconf 84' lang='grc' dir='ltr'>αὐτῶν</span> <span class='ocrx_word' id='word_1_692' title='bbox 1577 4605 1737 4674; x_wconf 86' lang='grc' dir='ltr'>γάλα.</span> 
     </span>
    </p>
   </div>
   <div class='ocr_carea' id='block_1_95' title="bbox 1962 4590 3548 4663">
    <p class='ocr_par' dir='ltr' id='par_1_95' title="bbox 1962 4590 3548 4663">
     <span class='ocr_line' id='line_1_95' title="bbox 1962 4590 3548 4663; baseline -0.004 -8"><span class='ocrx_word' id='word_1_693' title='bbox 1962 4600 2105 4655; x_wconf 88' lang='lat' dir='ltr'><strong>modi</strong></span> <span class='ocrx_word' id='word_1_694' title='bbox 2141 4598 2469 4663; x_wconf 89' lang='lat' dir='ltr'><strong>belluarum,</strong></span> <span class='ocrx_word' id='word_1_695' title='bbox 2496 4603 2553 4649; x_wconf 93' lang='lat' dir='ltr'><strong>et</strong></span> <span class='ocrx_word' id='word_1_696' title='bbox 2584 4607 2919 4663; x_wconf 90' lang='lat' dir='ltr'><strong>cognoscere</strong></span> <span class='ocrx_word' id='word_1_697' title='bbox 2948 4590 3355 4658; x_wconf 74' lang='lat' dir='ltr'><strong>difﬁcillimum,</strong></span> <span class='ocrx_word' id='word_1_698' title='bbox 3384 4603 3461 4659; x_wconf 92' lang='lat' dir='ltr'><strong>et,</strong></span> <span class='ocrx_word' id='word_1_699' title='bbox 3499 4592 3548 4648; x_wconf 85' lang='lat' dir='ltr'><strong>si</strong></span> 
     </span>
    </p>
   </div>
   <div class='ocr_carea' id='block_1_96' title="bbox 255 4688 3553 4774">
    <p class='ocr_par' dir='ltr' id='par_1_96' title="bbox 255 4688 3553 4774">
     <span class='ocr_line' id='line_1_96' title="bbox 255 4688 3553 4774; baseline -0.005 -13"><span class='ocrx_word' id='word_1_700' title='bbox 255 4707 495 4774; x_wconf 76' lang='lat' dir='ltr'><strong>dicatur,</strong></span> <span class='ocrx_word' id='word_1_701' title='bbox 541 4706 885 4763; x_wconf 89' lang='lat' dir='ltr'><strong>incredibile.</strong></span> <span class='ocrx_word' id='word_1_702' title='bbox 937 4704 1158 4761; x_wconf 64' lang='lat' dir='ltr'><strong>Fistula</strong></span> <span class='ocrx_word' id='word_1_703' title='bbox 1212 4707 1455 4760; x_wconf 83' lang='lat' dir='ltr'><strong>sonitum</strong></span> <span class='ocrx_word' id='word_1_704' title='bbox 1511 4703 1704 4758; x_wconf 87' lang='lat' dir='ltr'><strong>audire</strong></span> <span class='ocrx_word' id='word_1_705' title='bbox 1746 4700 1850 4756; x_wconf 85' lang='lat' dir='ltr'><strong>visi</strong></span> <span class='ocrx_word' id='word_1_706' title='bbox 1888 4705 2037 4761; x_wconf 92' lang='lat' dir='ltr'><strong>sunt,</strong></span> <span class='ocrx_word' id='word_1_707' title='bbox 2062 4695 2219 4766; x_wconf 88' lang='lat' dir='ltr'><strong>quasi</strong></span> <span class='ocrx_word' id='word_1_708' title='bbox 2257 4691 2496 4763; x_wconf 90' lang='lat' dir='ltr'><strong>pastoris</strong></span> <span class='ocrx_word' id='word_1_709' title='bbox 2527 4704 2746 4761; x_wconf 87' lang='lat' dir='ltr'><strong>gregem</strong></span> <span class='ocrx_word' id='word_1_710' title='bbox 2782 4688 3125 4758; x_wconf 87' lang='lat' dir='ltr'><strong>colligentis,</strong></span> <span class='ocrx_word' id='word_1_711' title='bbox 3189 4688 3283 4759; x_wconf 89' lang='lat' dir='ltr'><strong>qui</strong></span> <span class='ocrx_word' id='word_1_712' title='bbox 3359 4704 3553 4746; x_wconf 84' lang='lat' dir='ltr'><strong>cervas</strong></span> 
     </span>
    </p>
   </div>
   <div class='ocr_carea' id='block_1_97' title="bbox 251 4784 3087 4871">
    <p class='ocr_par' dir='ltr' id='par_1_97' title="bbox 251 4784 3087 4871">
     <span class='ocr_line' id='line_1_97' title="bbox 251 4784 3087 4871; baseline -0.006 -18"><span class='ocrx_word' id='word_1_713' title='bbox 251 4798 411 4854; x_wconf 81' lang='lat' dir='ltr'><strong>albas</strong></span> <span class='ocrx_word' id='word_1_714' title='bbox 437 4800 717 4867; x_wconf 85' lang='lat' dir='ltr'><strong>pascebat.</strong></span> <span class='ocrx_word' id='word_1_715' title='bbox 751 4798 994 4871; x_wconf 75' lang='lat' dir='ltr'><strong>Mulgent</strong></span> <span class='ocrx_word' id='word_1_716' title='bbox 1028 4808 1214 4853; x_wconf 89' lang='lat' dir='ltr'><strong>autem</strong></span> <span class='ocrx_word' id='word_1_717' title='bbox 1248 4798 1396 4867; x_wconf 84' lang='lat' dir='ltr'><strong>ipsas</strong></span> <span class='ocrx_word' id='word_1_718' title='bbox 1426 4795 1566 4861; x_wconf 91' lang='lat' dir='ltr'><strong>Indi,</strong></span> <span class='ocrx_word' id='word_1_719' title='bbox 1593 4795 1737 4865; x_wconf 85' lang='lat' dir='ltr'><strong>quod</strong></span> <span class='ocrx_word' id='word_1_720' title='bbox 1768 4794 1850 4849; x_wconf 86' lang='lat' dir='ltr'><strong>lac</strong></span> <span class='ocrx_word' id='word_1_721' title='bbox 1889 4806 2080 4848; x_wconf 90' lang='lat' dir='ltr'><strong>earum</strong></span> <span class='ocrx_word' id='word_1_722' title='bbox 2106 4790 2410 4843; x_wconf 87' lang='lat' dir='ltr'><strong>maximum</strong></span> <span class='ocrx_word' id='word_1_723' title='bbox 2446 4784 2842 4841; x_wconf 81' lang='lat' dir='ltr'><strong>nutrimentum</strong></span> <span class='ocrx_word' id='word_1_724' title='bbox 2868 4792 3087 4852; x_wconf 89' lang='lat' dir='ltr'><strong>putant.</strong></span> 
     </span>
    </p>
   </div>
   <div class='ocr_carea' id='block_1_98' title="bbox 326 4887 1845 4966">
    <p class='ocr_par' dir='ltr' id='par_1_98' title="bbox 326 4887 1845 4966">
     <span class='ocr_line' id='line_1_98' title="bbox 326 4887 1845 4966; baseline -0.004 -19"><span class='ocrx_word' id='word_1_725' title='bbox 326 4893 613 4949; x_wconf 82' lang='grc' dir='ltr'>Ἐντεῦθεν</span> <span class='ocrx_word' id='word_1_726' title='bbox 628 4894 857 4966; x_wconf 81' lang='grc' dir='ltr'>ἡμερῶν</span> <span class='ocrx_word' id='word_1_727' title='bbox 872 4893 1153 4962; x_wconf 80' lang='grc' dir='ltr'>τεττάρων</span> <span class='ocrx_word' id='word_1_728' title='bbox 1180 4893 1539 4963; x_wconf 87' lang='grc' dir='ltr'>πορευόμενοι</span> <span class='ocrx_word' id='word_1_729' title='bbox 1569 4891 1640 4943; x_wconf 83' lang='grc' dir='ltr'>δι’</span> <span class='ocrx_word' id='word_1_730' title='bbox 1659 4887 1845 4943; x_wconf 85' lang='grc' dir='ltr'>εὐδαί-</span> 
     </span>
    </p>
   </div>
   <div class='ocr_carea' id='block_1_99' title="bbox 249 4980 1845 5059">
    <p class='ocr_par' dir='ltr' id='par_1_99' title="bbox 249 4980 1845 5059">
     <span class='ocr_line' id='line_1_99' title="bbox 249 4980 1845 5059; baseline -0.004 -19"><span class='ocrx_word' id='word_1_731' title='bbox 249 5002 419 5059; x_wconf 85' lang='grc' dir='ltr'>μονος</span> <span class='ocrx_word' id='word_1_732' title='bbox 446 4986 542 5040; x_wconf 85' lang='grc' dir='ltr'>καὶ</span> <span class='ocrx_word' id='word_1_733' title='bbox 565 4984 791 5056; x_wconf 72' lang='grc' dir='ltr'>ἐνεργοῦ</span> <span class='ocrx_word' id='word_1_734' title='bbox 822 4984 923 5054; x_wconf 84' lang='grc' dir='ltr'>τῆς</span> <span class='ocrx_word' id='word_1_735' title='bbox 938 4984 1149 5057; x_wconf 84' lang='grc' dir='ltr'>χώρας,</span> <span class='ocrx_word' id='word_1_736' title='bbox 1177 4984 1501 5055; x_wconf 84' lang='grc' dir='ltr'>προσελθεῖν</span> <span class='ocrx_word' id='word_1_737' title='bbox 1548 4980 1747 5053; x_wconf 86' lang='grc' dir='ltr'>φασι⁸⁶</span> <span class='ocrx_word' id='word_1_738' title='bbox 1777 4984 1845 5052; x_wconf 67' lang='grc' dir='ltr'>τῇ</span> 
     </span>
    </p>
   </div>
   <div class='ocr_carea' id='block_1_100' title="bbox 243 5072 1841 5149">
    <p class='ocr_par' dir='ltr' id='par_1_100' title="bbox 243 5072 1841 5149">
     <span class='ocr_line' id='line_1_100' title="bbox 243 5072 1841 5149; baseline -0.006 -16"><span class='ocrx_word' id='word_1_739' title='bbox 243 5078 366 5133; x_wconf 83' lang='grc' dir='ltr'><strong>τῶν</strong></span> <span class='ocrx_word' id='word_1_740' title='bbox 398 5078 579 5148; x_wconf 89' lang='grc' dir='ltr'>σοφῶν</span> <span class='ocrx_word' id='word_1_741' title='bbox 609 5078 733 5149; x_wconf 77' lang='grc' dir='ltr'>ἦτοι</span> <span class='ocrx_word' id='word_1_742' title='bbox 770 5076 882 5130; x_wconf 91' lang='grc' dir='ltr'><strong>τῶν</strong></span> <span class='ocrx_word' id='word_1_743' title='bbox 905 5077 1219 5147; x_wconf 80' lang='grc' dir='ltr'>λεγομένων</span> <span class='ocrx_word' id='word_1_744' title='bbox 1241 5076 1589 5149; x_wconf 88' lang='grc' dir='ltr'>Βραχμάνων</span> <span class='ocrx_word' id='word_1_745' title='bbox 1627 5072 1841 5143; x_wconf 79' lang='grc' dir='ltr'>τύρσει,</span> 
     </span>
    </p>
   </div>
   <div class='ocr_carea' id='block_1_101' title="bbox 246 5166 1847 5241">
    <p class='ocr_par' dir='ltr' id='par_1_101' title="bbox 246 5166 1847 5241">
     <span class='ocr_line' id='line_1_101' title="bbox 246 5166 1847 5241; baseline -0.005 -14"><span class='ocrx_word' id='word_1_746' title='bbox 246 5173 356 5227; x_wconf 75' lang='grc' dir='ltr'>καὶ</span> <span class='ocrx_word' id='word_1_747' title='bbox 391 5172 753 5241; x_wconf 82' lang='grc' dir='ltr'>συγγενέσθαι</span> <span class='ocrx_word' id='word_1_748' title='bbox 775 5170 963 5234; x_wconf 82' lang='grc' dir='ltr'>αὐτοῖς</span> <span class='ocrx_word' id='word_1_749' title='bbox 992 5170 1078 5241; x_wconf 67' lang='grc' dir='ltr'>ἐφ’</span> <span class='ocrx_word' id='word_1_750' title='bbox 1127 5171 1312 5224; x_wconf 81' lang='grc' dir='ltr'>ἱκανόν</span> <span class='ocrx_word' id='word_1_751' title='bbox 1332 5186 1346 5199; x_wconf 92' lang='grc'><strong>·</strong></span> <span class='ocrx_word' id='word_1_752' title='bbox 1392 5169 1525 5240; x_wconf 79' lang='grc' dir='ltr'>περὶ</span> <span class='ocrx_word' id='word_1_753' title='bbox 1556 5167 1651 5232; x_wconf 84' lang='grc' dir='ltr'><strong>οῦς</strong></span> <span class='ocrx_word' id='word_1_754' title='bbox 1671 5167 1713 5199; x_wconf 77' lang='grc' dir='ltr'>’ί</span> <span class='ocrx_word' id='word_1_755' title='bbox 1746 5166 1847 5219; x_wconf 88' lang='grc' dir='ltr'>αὐ-</span> 
     </span>
    </p>
   </div>
   <div class='ocr_carea' id='block_1_102' title="bbox 244 5256 1848 5334">
    <p class='ocr_par' dir='ltr' id='par_1_102' title="bbox 244 5256 1848 5334">
     <span class='ocr_line' id='line_1_102' title="bbox 244 5256 1848 5334; baseline -0.003 -18"><span class='ocrx_word' id='word_1_756' title='bbox 244 5264 380 5328; x_wconf 80' lang='grc' dir='ltr'>τούς</span> <span class='ocrx_word' id='word_1_757' title='bbox 411 5279 576 5334; x_wconf 83' lang='grc' dir='ltr'>φησιν</span> <span class='ocrx_word' id='word_1_758' title='bbox 595 5263 641 5294; x_wconf 82' lang='grc'>⁸¹</span> <span class='ocrx_word' id='word_1_759' title='bbox 673 5260 964 5333; x_wconf 77' lang='grc' dir='ltr'>εἰρηκέναι</span> <span class='ocrx_word' id='word_1_760' title='bbox 992 5277 1053 5314; x_wconf 87' lang='grc' dir='ltr'><strong>τε</strong></span> <span class='ocrx_word' id='word_1_761' title='bbox 1106 5262 1204 5314; x_wconf 67' lang='grc' dir='ltr'><strong>καὶ</strong></span> <span class='ocrx_word' id='word_1_762' title='bbox 1240 5258 1369 5312; x_wconf 81' lang='grc' dir='ltr'>ίδεῖν</span> <span class='ocrx_word' id='word_1_763' title='bbox 1394 5258 1490 5313; x_wconf 80' lang='grc' dir='ltr'>καὶ</span> <span class='ocrx_word' id='word_1_764' title='bbox 1524 5257 1759 5311; x_wconf 85' lang='grc' dir='ltr'>ἀκοῦσαι</span> <span class='ocrx_word' id='word_1_765' title='bbox 1811 5256 1848 5311; x_wconf 78' lang='grc' dir='ltr'>ἃ</span> 
     </span>
    </p>
   </div>
   <div class='ocr_carea' id='block_1_103' title="bbox 2022 4874 3549 4958">
    <p class='ocr_par' dir='ltr' id='par_1_103' title="bbox 2022 4874 3549 4958">
     <span class='ocr_line' id='line_1_103' title="bbox 2022 4874 3549 4958; baseline -0.004 -21"><span class='ocrx_word' id='word_1_766' title='bbox 2022 4881 2152 4958; x_wconf 88' lang='lat' dir='ltr'><strong>Inde</strong></span> <span class='ocrx_word' id='word_1_767' title='bbox 2180 4891 2417 4952; x_wconf 87' lang='lat' dir='ltr'><strong>quatuor</strong></span> <span class='ocrx_word' id='word_1_768' title='bbox 2456 4879 2668 4934; x_wconf 89' lang='lat' dir='ltr'><strong>dierum</strong></span> <span class='ocrx_word' id='word_1_769' title='bbox 2723 4878 2835 4933; x_wconf 92' lang='lat' dir='ltr'><strong>iter</strong></span> <span class='ocrx_word' id='word_1_770' title='bbox 2876 4874 3176 4945; x_wconf 76' lang='lat' dir='ltr'><strong>progressi,</strong></span> <span class='ocrx_word' id='word_1_771' title='bbox 3205 4891 3305 4948; x_wconf 89' lang='lat' dir='ltr'><strong>per</strong></span> <span class='ocrx_word' id='word_1_772' title='bbox 3334 4876 3549 4933; x_wconf 84' lang='lat' dir='ltr'><strong>felicem</strong></span> 
     </span>
    </p>
   </div>
   <div class='ocr_carea' id='block_1_104' title="bbox 1944 4971 3554 5042">
    <p class='ocr_par' dir='ltr' id='par_1_104' title="bbox 1944 4971 3554 5042">
     <span class='ocr_line' id='line_1_104' title="bbox 1944 4971 3554 5042; baseline -0.007 -7"><span class='ocrx_word' id='word_1_773' title='bbox 1944 4987 2002 5035; x_wconf 90' lang='lat' dir='ltr'><strong>et</strong></span> <span class='ocrx_word' id='word_1_774' title='bbox 2038 4978 2177 5033; x_wconf 90' lang='lat' dir='ltr'><strong>bene</strong></span> <span class='ocrx_word' id='word_1_775' title='bbox 2225 4973 2427 5029; x_wconf 87' lang='lat' dir='ltr'><strong>cultam</strong></span> <span class='ocrx_word' id='word_1_776' title='bbox 2472 4972 2754 5042; x_wconf 89' lang='lat' dir='ltr'><strong>regionem</strong></span> <span class='ocrx_word' id='word_1_777' title='bbox 2804 4972 2871 5025; x_wconf 88' lang='lat' dir='ltr'><strong>ad</strong></span> <span class='ocrx_word' id='word_1_778' title='bbox 2906 4971 3189 5040; x_wconf 84' lang='lat' dir='ltr'><strong>oppidum,</strong></span> <span class='ocrx_word' id='word_1_779' title='bbox 3227 4972 3277 5027; x_wconf 91' lang='lat' dir='ltr'><strong>id</strong></span> <span class='ocrx_word' id='word_1_780' title='bbox 3317 4988 3429 5042; x_wconf 88' lang='lat' dir='ltr'><strong>quo</strong></span> <span class='ocrx_word' id='word_1_781' title='bbox 3467 4989 3554 5027; x_wconf 81' lang='lat' dir='ltr'><strong>sa.</strong></span> 
     </span>
    </p>
   </div>
   <div class='ocr_carea' id='block_1_105' title="bbox 1944 5061 3549 5143">
    <p class='ocr_par' dir='ltr' id='par_1_105' title="bbox 1944 5061 3549 5143">
     <span class='ocr_line' id='line_1_105' title="bbox 1944 5061 3549 5143; baseline -0.006 -17"><span class='ocrx_word' id='word_1_782' title='bbox 1944 5070 2157 5143; x_wconf 82' lang='lat' dir='ltr'><strong>pientes</strong></span> <span class='ocrx_word' id='word_1_783' title='bbox 2200 5065 2466 5128; x_wconf 86' lang='lat' dir='ltr'><strong>habitant,</strong></span> <span class='ocrx_word' id='word_1_784' title='bbox 2510 5062 2604 5133; x_wconf 85' lang='lat' dir='ltr'><strong>qui</strong></span> <span class='ocrx_word' id='word_1_785' title='bbox 2654 5062 2817 5131; x_wconf 85' lang='lat' dir='ltr'><strong>vulgo</strong></span> <span class='ocrx_word' id='word_1_786' title='bbox 2852 5061 3215 5118; x_wconf 66' lang='lat' dir='ltr'><strong>Brachmanas</strong></span> <span class='ocrx_word' id='word_1_787' title='bbox 3257 5072 3549 5127; x_wconf 78' lang='lat' dir='ltr'><strong>vocantur,</strong></span> 
     </span>
    </p>
   </div>
   <div class='ocr_carea' id='block_1_106' title="bbox 1944 5155 3553 5233">
    <p class='ocr_par' dir='ltr' id='par_1_106' title="bbox 1944 5155 3553 5233">
     <span class='ocr_line' id='line_1_106' title="bbox 1944 5155 3553 5233; baseline -0.004 -17"><span class='ocrx_word' id='word_1_788' title='bbox 1944 5166 2334 5233; x_wconf 86' lang='lat' dir='ltr'><strong>pervenerunt,</strong></span> <span class='ocrx_word' id='word_1_789' title='bbox 2376 5163 2433 5210; x_wconf 90' lang='lat' dir='ltr'><strong>et</strong></span> <span class='ocrx_word' id='word_1_790' title='bbox 2465 5169 2590 5210; x_wconf 90' lang='lat' dir='ltr'><strong>cum</strong></span> <span class='ocrx_word' id='word_1_791' title='bbox 2629 5155 2695 5210; x_wconf 92' lang='lat' dir='ltr'><strong>iis</strong></span> <span class='ocrx_word' id='word_1_792' title='bbox 2724 5156 2862 5211; x_wconf 83' lang='lat' dir='ltr'><strong>satis</strong></span> <span class='ocrx_word' id='word_1_793' title='bbox 2900 5155 2995 5209; x_wconf 90' lang='lat' dir='ltr'><strong>diu</strong></span> <span class='ocrx_word' id='word_1_794' title='bbox 3034 5155 3237 5210; x_wconf 82' lang='lat' dir='ltr'><strong>versati</strong></span> <span class='ocrx_word' id='word_1_795' title='bbox 3276 5162 3449 5210; x_wconf 89' lang='lat' dir='ltr'><strong>sunt:</strong></span> <span class='ocrx_word' id='word_1_796' title='bbox 3484 5156 3553 5209; x_wconf 92' lang='lat' dir='ltr'><strong>de</strong></span> 
     </span>
    </p>
   </div>
   <div class='ocr_carea' id='block_1_107' title="bbox 1949 5246 3541 5324">
    <p class='ocr_par' dir='ltr' id='par_1_107' title="bbox 1949 5246 3541 5324">
     <span class='ocr_line' id='line_1_107' title="bbox 1949 5246 3541 5324; baseline -0.006 -18"><span class='ocrx_word' id='word_1_797' title='bbox 1949 5253 2151 5324; x_wconf 86' lang='lat' dir='ltr'><strong>quibus</strong></span> <span class='ocrx_word' id='word_1_798' title='bbox 2173 5266 2234 5307; x_wconf 88' lang='lat' dir='ltr'><strong>se</strong></span> <span class='ocrx_word' id='word_1_799' title='bbox 2262 5250 2453 5305; x_wconf 91' lang='lat' dir='ltr'><strong>dicunt</strong></span> <span class='ocrx_word' id='word_1_800' title='bbox 2477 5249 2703 5317; x_wconf 88' lang='lat' dir='ltr'><strong>vidisse,</strong></span> <span class='ocrx_word' id='word_1_801' title='bbox 2736 5258 2791 5304; x_wconf 92' lang='lat' dir='ltr'><strong>et</strong></span> <span class='ocrx_word' id='word_1_802' title='bbox 2821 5246 3068 5313; x_wconf 83' lang='lat' dir='ltr'><strong>audisse,</strong></span> <span class='ocrx_word' id='word_1_803' title='bbox 3098 5260 3220 5316; x_wconf 64' lang='lat' dir='ltr'><strong>quae</strong></span> <span class='ocrx_word' id='word_1_804' title='bbox 3258 5260 3421 5301; x_wconf 85' lang='lat' dir='ltr'><strong>nemo</strong></span> <span class='ocrx_word' id='word_1_805' title='bbox 3444 5258 3541 5300; x_wconf 80' lang='lat' dir='ltr'><strong>sa-</strong></span> 
     </span>
    </p>
   </div>
   <div class='ocr_carea' id='block_1_108' title="bbox 1545 5345 2227 5406">
    <p class='ocr_par' dir='ltr' id='par_1_108' title="bbox 1545 5345 2227 5406">
     <span class='ocr_line' id='line_1_108' title="bbox 1545 5345 2227 5406; baseline -0.009 0"><span class='ocrx_word' id='word_1_806' title='bbox 1545 5349 1784 5406; x_wconf 78' lang='lat' dir='ltr'><strong>VARUE</strong></span> <span class='ocrx_word' id='word_1_807' title='bbox 1823 5345 2227 5404; x_wconf 80' lang='lat' dir='ltr'><strong>LECTIONES.</strong></span> 
     </span>
    </p>
   </div>
   <div class='ocr_carea' id='block_1_109' title="bbox 361 5453 1691 5527">
    <p class='ocr_par' dir='ltr' id='par_1_109' title="bbox 361 5453 1691 5527">
     <span class='ocr_line' id='line_1_109' title="bbox 361 5453 1691 5527; baseline -0.007 -15"><span class='ocrx_word' id='word_1_808' title='bbox 361 5459 407 5493; x_wconf 73' lang='lat'><strong>&quot;</strong></span> <span class='ocrx_word' id='word_1_809' title='bbox 460 5456 867 5527; x_wconf 83' lang='grc' dir='ltr'>συναυξουμένη</span> <span class='ocrx_word' id='word_1_810' title='bbox 921 5455 985 5511; x_wconf 77' lang='grc' dir='ltr'>Β.</span> <span class='ocrx_word' id='word_1_811' title='bbox 1088 5453 1131 5487; x_wconf 82' lang='grc'><strong>³⁸</strong></span> <span class='ocrx_word' id='word_1_812' title='bbox 1182 5453 1477 5527; x_wconf 77' lang='grc' dir='ltr'>ἀνίσχουσα</span> <span class='ocrx_word' id='word_1_813' title='bbox 1510 5466 1619 5527; x_wconf 78' lang='lat' dir='ltr'><strong>mg.</strong></span> <span class='ocrx_word' id='word_1_814' title='bbox 1676 5466 1691 5503; x_wconf 92' lang='lat'><strong>:</strong></span> 
     </span>
    </p>
   </div>
   <div class='ocr_carea' id='block_1_110' title="bbox 228 5512 3160 5640">
    <p class='ocr_par' dir='ltr' id='par_1_110' title="bbox 228 5512 3160 5640">
     <span class='ocr_line' id='line_1_110' title="bbox 228 5512 3160 5600; baseline -0.007 -17"><span class='ocrx_word' id='word_1_815' title='bbox 228 5545 312 5583; x_wconf 81' lang='grc' dir='ltr'>’τε</span> <span class='ocrx_word' id='word_1_816' title='bbox 348 5529 445 5583; x_wconf 71' lang='grc' dir='ltr'><strong>καὶ</strong></span> <span class='ocrx_word' id='word_1_817' title='bbox 474 5512 764 5600; x_wconf 72' lang='grc' dir='ltr'>πριόνωτοι</span> <span class='ocrx_word' id='word_1_818' title='bbox 796 5512 1039 5595; x_wconf 63' lang='grc' dir='ltr'>γίνονται</span> <span class='ocrx_word' id='word_1_819' title='bbox 1074 5540 1208 5596; x_wconf 88' lang='lat' dir='ltr'><strong>mg.,</strong></span> <span class='ocrx_word' id='word_1_820' title='bbox 1242 5512 1354 5595; x_wconf 76' lang='grc' dir='ltr'><strong>πῦρ</strong></span> <span class='ocrx_word' id='word_1_821' title='bbox 1399 5538 1459 5574; x_wconf 90' lang='grc' dir='ltr'><strong>τε</strong></span> <span class='ocrx_word' id='word_1_822' title='bbox 1494 5512 1595 5575; x_wconf 74' lang='grc' dir='ltr'>καῖ</span> <span class='ocrx_word' id='word_1_823' title='bbox 1619 5522 1912 5593; x_wconf 88' lang='grc' dir='ltr'>πριόνωτοι</span> <span class='ocrx_word' id='word_1_824' title='bbox 1944 5517 2188 5585; x_wconf 88' lang='grc' dir='ltr'>γίνονται</span> <span class='ocrx_word' id='word_1_825' title='bbox 2217 5514 2306 5568; x_wconf 86' lang='grc' dir='ltr'><strong>ΑΒ</strong></span> <span class='ocrx_word' id='word_1_826' title='bbox 2344 5531 2357 5568; x_wconf 90' lang='lat'>:</span> <span class='ocrx_word' id='word_1_827' title='bbox 2392 5514 2659 5583; x_wconf 88' lang='grc' dir='ltr'>πύρσεται</span> <span class='ocrx_word' id='word_1_828' title='bbox 2702 5512 2796 5566; x_wconf 77' lang='grc' dir='ltr'><strong>καὶ</strong></span> <span class='ocrx_word' id='word_1_829' title='bbox 2860 5512 3160 5595; x_wconf 76' lang='grc' dir='ltr'>πριόνωτος</span> 
     </span>
     <span class='ocr_line' id='line_1_111' title="bbox 239 5584 3160 5640; baseline -0.003 0"><span class='ocrx_word' id='word_1_830' title='bbox 239 5601 296 5631; x_wconf 70' lang='lat'><strong><em>1&quot;</em></strong></span> <span class='ocrx_word' id='word_1_831' title='bbox 327 5603 490 5640; x_wconf 64' lang='lat' dir='ltr'><strong>mnrﬂu</strong></span> <span class='ocrx_word' id='word_1_832' title='bbox 522 5617 561 5640; x_wconf 70' lang='grc'>.-</span> <span class='ocrx_word' id='word_1_833' title='bbox 660 5598 706 5631; x_wconf 75' lang='grc' dir='ltr'>ιι</span> <span class='ocrx_word' id='word_1_834' title='bbox 738 5597 948 5640; x_wconf 56' lang='lat' dir='ltr'><strong>sianum</strong></span> <span class='ocrx_word' id='word_1_835' title='bbox 976 5614 1033 5640; x_wconf 63' lang='lat'><strong>¢-,</strong></span> <span class='ocrx_word' id='word_1_836' title='bbox 1111 5596 1156 5629; x_wconf 73' lang='grc' dir='ltr'><strong>⁸ο</strong></span> <span class='ocrx_word' id='word_1_837' title='bbox 1177 5592 1463 5640; x_wconf 63' lang='lat' dir='ltr'><strong>amem-ml</strong></span> <span class='ocrx_word' id='word_1_838' title='bbox 1488 5592 1865 5640; x_wconf 79' lang='grc' dir='ltr'>ὰστοάπτουσι</span> <span class='ocrx_word' id='word_1_839' title='bbox 1893 5587 1935 5640; x_wconf 89' lang='grc' dir='ltr'>Β</span> <span class='ocrx_word' id='word_1_840' title='bbox 1956 5596 2010 5640; x_wconf 91' lang='lat' dir='ltr'><strong>et</strong></span> <span class='ocrx_word' id='word_1_841' title='bbox 2038 5601 2187 5640; x_wconf 86' lang='lat' dir='ltr'><strong>corr.</strong></span> <span class='ocrx_word' id='word_1_842' title='bbox 2217 5587 2284 5639; x_wconf 74' lang='grc' dir='ltr'>Δ.</span> <span class='ocrx_word' id='word_1_843' title='bbox 2359 5585 2407 5624; x_wconf 72' lang='grc' dir='ltr'><strong>δ⁰</strong></span> <span class='ocrx_word' id='word_1_844' title='bbox 2445 5584 2699 5640; x_wconf 78' lang='grc' dir='ltr'>μεγάλων</span> <span class='ocrx_word' id='word_1_845' title='bbox 2733 5587 2805 5635; x_wconf 84' lang='lat' dir='ltr'><strong>A:</strong></span> <span class='ocrx_word' id='word_1_846' title='bbox 2844 5597 3117 5640; x_wconf 84' lang='grc' dir='ltr'>μεγιστων</span> <span class='ocrx_word' id='word_1_847' title='bbox 3149 5599 3160 5640; x_wconf 70' lang='grc' dir='ltr'><strong>ς</strong></span> 
     </span>
    </p>
   </div>
   <div class='ocr_carea' id='block_1_111' title="bbox 327 5592 3211 5733">
    <p class='ocr_par' dir='ltr' id='par_1_111' title="bbox 327 5592 3211 5733">
     <span class='ocr_line' id='line_1_112' title="bbox 327 5592 3211 5669; baseline -0.007 -16"><span class='ocrx_word' id='word_1_848' title='bbox 327 5603 490 5669; x_wconf 74' lang='grc' dir='ltr'>φασὶν</span> <span class='ocrx_word' id='word_1_849' title='bbox 522 5592 582 5664; x_wconf 70' lang='grc' dir='ltr'>ῖς.</span> <span class='ocrx_word' id='word_1_850' title='bbox 660 5598 706 5631; x_wconf 79' lang='grc'><strong>³⁸</strong></span> <span class='ocrx_word' id='word_1_851' title='bbox 738 5592 949 5668; x_wconf 79' lang='grc' dir='ltr'>εὕρεμα</span> <span class='ocrx_word' id='word_1_852' title='bbox 976 5614 1037 5662; x_wconf 85' lang='grc' dir='ltr'><strong>ς.</strong></span> <span class='ocrx_word' id='word_1_853' title='bbox 1111 5592 1156 5629; x_wconf 67' lang='grc'><strong>⁸⁵</strong></span> <span class='ocrx_word' id='word_1_854' title='bbox 1177 5592 1463 5665; x_wconf 79' lang='grc' dir='ltr'>ἄτρεπτοιι</span> <span class='ocrx_word' id='word_1_855' title='bbox 1488 5592 1865 5661; x_wconf 83' lang='grc' dir='ltr'>ἀστράπτουσι</span> <span class='ocrx_word' id='word_1_856' title='bbox 1893 5592 1935 5640; x_wconf 88' lang='grc' dir='ltr'><strong>Β</strong></span> <span class='ocrx_word' id='word_1_857' title='bbox 1956 5596 2010 5641; x_wconf 88' lang='lat' dir='ltr'><strong>et</strong></span> <span class='ocrx_word' id='word_1_858' title='bbox 2038 5601 2187 5641; x_wconf 87' lang='lat' dir='ltr'><strong>corr.</strong></span> <span class='ocrx_word' id='word_1_859' title='bbox 2217 5592 2284 5639; x_wconf 75' lang='grc' dir='ltr'>Δ.</span> <span class='ocrx_word' id='word_1_860' title='bbox 2359 5592 2407 5624; x_wconf 63' lang='grc' dir='ltr'><strong>δι’</strong></span> <span class='ocrx_word' id='word_1_861' title='bbox 2445 5592 2699 5664; x_wconf 66' lang='grc' dir='ltr'>μεγάλων</span> <span class='ocrx_word' id='word_1_862' title='bbox 2733 5592 2805 5635; x_wconf 82' lang='lat' dir='ltr'><strong>A:</strong></span> <span class='ocrx_word' id='word_1_863' title='bbox 2844 5592 3117 5650; x_wconf 65' lang='grc' dir='ltr'>μεγίστων</span> <span class='ocrx_word' id='word_1_864' title='bbox 3149 5596 3211 5643; x_wconf 83' lang='grc' dir='ltr'><strong>ς.</strong></span> 
     </span>
     <span class='ocr_line' id='line_1_113' title="bbox 327 5650 3208 5733; baseline -0.008 -8"><span class='ocrx_word' id='word_1_865' title='bbox 327 5712 337 5733; x_wconf 91' lang='grc'><strong>.</strong></span> <span class='ocrx_word' id='word_1_866' title='bbox 364 5672 418 5727; x_wconf 89' lang='lat'><strong>8.</strong></span> <span class='ocrx_word' id='word_1_867' title='bbox 492 5676 540 5711; x_wconf 71' lang='grc' dir='ltr'>δ’</span> <span class='ocrx_word' id='word_1_868' title='bbox 564 5665 700 5733; x_wconf 80' lang='grc' dir='ltr'>ἦχον</span> <span class='ocrx_word' id='word_1_869' title='bbox 733 5669 813 5723; x_wconf 84' lang='lat' dir='ltr'><strong>A:</strong></span> <span class='ocrx_word' id='word_1_870' title='bbox 841 5668 960 5733; x_wconf 77' lang='grc' dir='ltr'><strong>ἠχὼ</strong></span> <span class='ocrx_word' id='word_1_871' title='bbox 985 5686 1045 5733; x_wconf 84' lang='grc' dir='ltr'><strong>ς.</strong></span> <span class='ocrx_word' id='word_1_872' title='bbox 1120 5668 1167 5699; x_wconf 76' lang='grc'><strong>’⁵³</strong></span> <span class='ocrx_word' id='word_1_873' title='bbox 1200 5664 1667 5733; x_wconf 86' lang='grc' dir='ltr'>ὑποκυμαίνουσιν</span> <span class='ocrx_word' id='word_1_874' title='bbox 1695 5678 1756 5733; x_wconf 67' lang='grc' dir='ltr'>ς,</span> <span class='ocrx_word' id='word_1_875' title='bbox 1788 5662 1880 5715; x_wconf 86' lang='lat' dir='ltr'><strong>sed</strong></span> <span class='ocrx_word' id='word_1_876' title='bbox 1907 5658 2104 5733; x_wconf 85' lang='lat' dir='ltr'><strong>malim_</strong></span> <span class='ocrx_word' id='word_1_877' title='bbox 2128 5654 2597 5733; x_wconf 47' lang='grc' dir='ltr'>ἐπικυμαίνωσιν..</span> <span class='ocrx_word' id='word_1_878' title='bbox 2692 5653 2739 5693; x_wconf 63' lang='grc'>⁸⁸</span> <span class='ocrx_word' id='word_1_879' title='bbox 2764 5650 3046 5733; x_wconf 59' lang='grc' dir='ltr'>λαμπάδος</span> <span class='ocrx_word' id='word_1_880' title='bbox 3077 5650 3208 5733; x_wconf 35' lang='lat' dir='ltr'><strong>“trado</strong></span> 
     </span>
    </p>
   </div>
   <div class='ocr_carea' id='block_1_112' title="bbox 242 5665 1056 5772">
    <p class='ocr_par' dir='ltr' id='par_1_112' title="bbox 242 5665 1056 5772">
     <span class='ocr_line' id='line_1_114' title="bbox 242 5665 1056 5772; baseline -0.006 -45"><span class='ocrx_word' id='word_1_881' title='bbox 242 5665 419 5772; x_wconf 38' lang='grc' dir='ltr'><strong>ιιι,ὲῖΒέἰ</strong></span> <span class='ocrx_word' id='word_1_882' title='bbox 492 5676 546 5772; x_wconf 53' lang='grc' dir='ltr'><strong>ιζ</strong></span> <span class='ocrx_word' id='word_1_883' title='bbox 560 5665 700 5772; x_wconf 58' lang='grc' dir='ltr'>ᾖχον</span> <span class='ocrx_word' id='word_1_884' title='bbox 733 5669 778 5723; x_wconf 82' lang='grc' dir='ltr'><strong>Δ</strong></span> <span class='ocrx_word' id='word_1_885' title='bbox 800 5665 1056 5772; x_wconf 38' lang='lat'><strong>{£55013}?-</strong></span> 
     </span>
    </p>
   </div>
   <div class='ocr_carea' id='block_1_113' title="bbox 238 5726 2329 5809">
    <p class='ocr_par' dir='ltr' id='par_1_113' title="bbox 238 5726 2329 5809">
     <span class='ocr_line' id='line_1_115' title="bbox 238 5726 2329 5809; baseline -0.009 -14"><span class='ocrx_word' id='word_1_886' title='bbox 238 5726 449 5803; x_wconf 69' lang='grc' dir='ltr'>σταδιᾶς</span> <span class='ocrx_word' id='word_1_887' title='bbox 481 5726 663 5794; x_wconf 69' lang='grc' dir='ltr'>πλέξίῖν</span> <span class='ocrx_word' id='word_1_888' title='bbox 686 5758 747 5805; x_wconf 84' lang='grc' dir='ltr'><strong>ς.</strong></span> <span class='ocrx_word' id='word_1_889' title='bbox 826 5726 1170 5809; x_wconf 61' lang='grc' dir='ltr'>⁸ί”αίρόῦσιν]</span> <span class='ocrx_word' id='word_1_890' title='bbox 1207 5736 1331 5809; x_wconf 60' lang='lat' dir='ltr'><strong>libri</strong></span> <span class='ocrx_word' id='word_1_891' title='bbox 1365 5726 1633 5809; x_wconf 78' lang='grc' dir='ltr'>αἴρουσιν.</span> <span class='ocrx_word' id='word_1_892' title='bbox 1658 5802 1669 5809; x_wconf 34' lang='grc' dir='ltr'>ι</span> <span class='ocrx_word' id='word_1_893' title='bbox 1713 5726 2233 5809; x_wconf 37' lang='grc' dir='ltr'>ξίπροσ-πεσηοῦγτιες</span> <span class='ocrx_word' id='word_1_894' title='bbox 2268 5743 2329 5809; x_wconf 35' lang='lat' dir='ltr'><strong>(Ag:</strong></span> 
     </span>
    </p>
   </div>
   <div class='ocr_carea' id='block_1_114' title="bbox 962 5801 1823 5876">
    <p class='ocr_par' dir='ltr' id='par_1_114' title="bbox 962 5801 1823 5876">
     <span class='ocr_line' id='line_1_116' title="bbox 962 5801 1823 5876; baseline -0.007 -14"><span class='ocrx_word' id='word_1_895' title='bbox 962 5801 1017 5842; x_wconf 63' lang='grc' dir='ltr'><strong>’δ’</strong></span> <span class='ocrx_word' id='word_1_896' title='bbox 1050 5801 1216 5876; x_wconf 69' lang='grc' dir='ltr'>φησιν</span> <span class='ocrx_word' id='word_1_897' title='bbox 1251 5805 1359 5859; x_wconf 85' lang='lat' dir='ltr'><strong>AB.</strong></span> <span class='ocrx_word' id='word_1_898' title='bbox 1430 5801 1511 5839; x_wconf 65' lang='lat'><strong>&quot;°</strong></span> <span class='ocrx_word' id='word_1_899' title='bbox 1546 5802 1681 5874; x_wconf 69' lang='grc' dir='ltr'>φησὶ</span> <span class='ocrx_word' id='word_1_900' title='bbox 1715 5801 1823 5856; x_wconf 81' lang='lat' dir='ltr'><strong>AB.</strong></span> 
     </span>
    </p>
   </div>
   <div class='ocr_carea' id='block_1_115' title="bbox 236 5809 864 5877">
    <p class='ocr_par' dir='ltr' id='par_1_115' title="bbox 236 5809 864 5877">
     <span class='ocr_line' id='line_1_117' title="bbox 236 5809 864 5877; baseline -0.003 -12"><span class='ocrx_word' id='word_1_901' title='bbox 236 5814 293 5848; x_wconf 68' lang='grc'><strong>⁸⁸</strong></span> <span class='ocrx_word' id='word_1_902' title='bbox 324 5809 633 5874; x_wconf 74' lang='grc' dir='ltr'>προῖόντεςΙ</span> <span class='ocrx_word' id='word_1_903' title='bbox 685 5826 767 5877; x_wconf 91' lang='lat' dir='ltr'><strong>ttt,</strong></span> <span class='ocrx_word' id='word_1_904' title='bbox 811 5811 864 5866; x_wconf 88' lang='lat'><strong>9.</strong></span> 
     </span>
    </p>
   </div>
   <div class='ocr_carea' id='block_1_116' title="bbox 1764 5435 3552 5511">
    <p class='ocr_par' dir='ltr' id='par_1_116' title="bbox 1764 5435 3552 5511">
     <span class='ocr_line' id='line_1_118' title="bbox 1764 5435 3552 5511; baseline -0.008 -7"><span class='ocrx_word' id='word_1_905' title='bbox 1764 5448 1888 5504; x_wconf 89' lang='lat' dir='ltr'><strong>libri</strong></span> <span class='ocrx_word' id='word_1_906' title='bbox 1920 5445 2166 5501; x_wconf 89' lang='grc' dir='ltr'>ἀνίουσα.</span> <span class='ocrx_word' id='word_1_907' title='bbox 2246 5444 2294 5483; x_wconf 71' lang='grc'>³⁸</span> <span class='ocrx_word' id='word_1_908' title='bbox 2322 5444 2380 5507; x_wconf 81' lang='grc' dir='ltr'><strong>ἐς</strong></span> <span class='ocrx_word' id='word_1_909' title='bbox 2408 5444 2450 5496; x_wconf 81' lang='grc' dir='ltr'><strong>Α</strong></span> <span class='ocrx_word' id='word_1_910' title='bbox 2492 5461 2505 5498; x_wconf 91' lang='lat'>:</span> <span class='ocrx_word' id='word_1_911' title='bbox 2544 5442 2640 5497; x_wconf 75' lang='grc' dir='ltr'><strong>ἐπὶ</strong></span> <span class='ocrx_word' id='word_1_912' title='bbox 2672 5460 2732 5507; x_wconf 85' lang='grc' dir='ltr'><strong>ς.</strong></span> <span class='ocrx_word' id='word_1_913' title='bbox 2808 5441 2854 5474; x_wconf 82' lang='grc'><strong><em>³⁵</em></strong></span> <span class='ocrx_word' id='word_1_914' title='bbox 2884 5438 2971 5511; x_wconf 75' lang='grc' dir='ltr'>δὴι</span> <span class='ocrx_word' id='word_1_915' title='bbox 2992 5439 3049 5493; x_wconf 83' lang='grc' dir='ltr'>δὲ</span> <span class='ocrx_word' id='word_1_916' title='bbox 3079 5437 3191 5492; x_wconf 80' lang='grc' dir='ltr'><strong>ΑΒ.</strong></span> <span class='ocrx_word' id='word_1_917' title='bbox 3260 5435 3317 5511; x_wconf 33' lang='grc'><strong>,³⁸</strong></span> <span class='ocrx_word' id='word_1_918' title='bbox 3344 5435 3552 5508; x_wconf 86' lang='grc' dir='ltr'>πυρσοί</span> 
     </span>
    </p>
   </div>
   <div class='ocr_carea' id='block_1_117' title="bbox 3214 5505 3545 5576">
    <p class='ocr_par' dir='ltr' id='par_1_117' title="bbox 3214 5505 3545 5576">
     <span class='ocr_line' id='line_1_119' title="bbox 3214 5505 3545 5576; baseline 0.009 -18"><span class='ocrx_word' id='word_1_919' title='bbox 3214 5505 3436 5576; x_wconf 66' lang='grc' dir='ltr'>γίνεται</span> <span class='ocrx_word' id='word_1_920' title='bbox 3484 5524 3545 5570; x_wconf 81' lang='grc' dir='ltr'><strong>ς.</strong></span> 
     </span>
    </p>
   </div>
   <div class='ocr_carea' id='block_1_118' title="bbox 3318 5576 3546 5649">
    <p class='ocr_par' dir='ltr' id='par_1_118' title="bbox 3318 5576 3546 5649">
     <span class='ocr_line' id='line_1_120' title="bbox 3318 5576 3546 5649; baseline 0 0"><span class='ocrx_word' id='word_1_921' title='bbox 3318 5579 3363 5649; x_wconf 67' lang='grc' dir='ltr'><strong>ξ·</strong></span> <span class='ocrx_word' id='word_1_922' title='bbox 3390 5578 3439 5649; x_wconf 63' lang='lat'><strong>0.!</strong></span> <span class='ocrx_word' id='word_1_923' title='bbox 3465 5576 3546 5649; x_wconf 73' lang='grc' dir='ltr'>δὲ]</span> 
     </span>
    </p>
   </div>
   <div class='ocr_carea' id='block_1_119' title="bbox 2692 5646 3539 5721">
    <p class='ocr_par' dir='ltr' id='par_1_119' title="bbox 2692 5646 3539 5721">
     <span class='ocr_line' id='line_1_121' title="bbox 2692 5646 3539 5721; baseline -0.009 -15"><span class='ocrx_word' id='word_1_924' title='bbox 2692 5653 2739 5693; x_wconf 72' lang='grc' dir='ltr'>⁸ι</span> <span class='ocrx_word' id='word_1_925' title='bbox 2764 5646 3046 5721; x_wconf 74' lang='grc' dir='ltr'>λαμπάδος</span> <span class='ocrx_word' id='word_1_926' title='bbox 3077 5650 3239 5721; x_wconf 76' lang='grc' dir='ltr'>πλέον</span> <span class='ocrx_word' id='word_1_927' title='bbox 3260 5646 3382 5721; x_wconf 81' lang='lat' dir='ltr'><strong>AB:</strong></span> <span class='ocrx_word' id='word_1_928' title='bbox 3409 5646 3539 5716; x_wconf 77' lang='grc' dir='ltr'>λαμῖ</span> 
     </span>
    </p>
   </div>
   <div class='ocr_carea' id='block_1_120' title="bbox 2426 5718 3523 5794">
    <p class='ocr_par' dir='ltr' id='par_1_120' title="bbox 2426 5718 3523 5794">
     <span class='ocr_line' id='line_1_122' title="bbox 2426 5718 3523 5794; baseline -0.01 -12"><span class='ocrx_word' id='word_1_929' title='bbox 2426 5726 2470 5763; x_wconf 68' lang='grc'><strong>⁸⁷</strong></span> <span class='ocrx_word' id='word_1_930' title='bbox 2493 5724 2771 5794; x_wconf 80' lang='grc' dir='ltr'>χρώματα</span> <span class='ocrx_word' id='word_1_931' title='bbox 2794 5718 3071 5794; x_wconf 76' lang='lat' dir='ltr'><strong>§caligerz</strong></span> <span class='ocrx_word' id='word_1_932' title='bbox 3104 5720 3228 5777; x_wconf 89' lang='lat' dir='ltr'><strong>libri</strong></span> <span class='ocrx_word' id='word_1_933' title='bbox 3259 5718 3523 5794; x_wconf 80' lang='grc' dir='ltr'>χρήματα</span> 
     </span>
    </p>
   </div>
   <div class='ocr_carea' id='block_1_121' title="bbox 1928 5791 2857 5877">
    <p class='ocr_par' dir='ltr' id='par_1_121' title="bbox 1928 5791 2857 5877">
     <span class='ocr_line' id='line_1_123' title="bbox 1928 5791 2857 5877; baseline -0.004 -27"><span class='ocrx_word' id='word_1_934' title='bbox 1928 5800 1968 5831; x_wconf 81' lang='grc'><strong><em>⁵⁸</em></strong></span> <span class='ocrx_word' id='word_1_935' title='bbox 2000 5796 2119 5869; x_wconf 79' lang='grc' dir='ltr'>οῦς]</span> <span class='ocrx_word' id='word_1_936' title='bbox 2165 5796 2231 5860; x_wconf 72' lang='grc' dir='ltr'>ἃς</span> <span class='ocrx_word' id='word_1_937' title='bbox 2260 5795 2367 5850; x_wconf 78' lang='lat' dir='ltr'><strong>AB.</strong></span> <span class='ocrx_word' id='word_1_938' title='bbox 2479 5791 2722 5877; x_wconf 67' lang='grc' dir='ltr'><strong>1η’φασιν</strong></span> <span class='ocrx_word' id='word_1_939' title='bbox 2748 5791 2857 5847; x_wconf 84' lang='lat' dir='ltr'><strong>AB.</strong></span> 
     </span>
    </p>
   </div>
  </div>
