3954 6440
407 363 543 430 1223
1600 343 1867 407 ΡΗΟΤῙΙ
1906 337 2415 402 ΡΛΤΒΙΛΒΕΠᾹΞ
2454 336 2563 399 CP.
3562 324 3707 392 12⁸24⁹

403 501 505 539 nus
544 482 815 538 crederet.
860 476 1090 547 lntpium
1152 476 1347 543 dogma
1397 469 1465 525 de
1518 463 2029 531 transmigratione.

2138 456 2282 518 ὐδεὶς
2310 456 2424 510 τῶν
2474 452 2602 508 νοῦν
2640 452 2875 522 ἐχόντων
2920 446 3254 502 πιστεύσειε.
3289 444 3367 497 Τὸ
3424 443 3484 497 δὲ
3511 444 3558 474 ⁸³
3594 442 3693 507 τῆς

402 576 709 629 animarum
744 587 841 643 per
878 534 1170 639 E'gyptios
1202 564 1270 618 ad
1310 561 1679 634 Pythagoram
1721 556 1849 611 hinc
1872 570 1996 609 (ξιιμ

2135 547 2588 618 ιετεμψυχὼσεως
2649 540 2936 614 βδελυκτδν
3010 539 3187 611 δόγμα
3237 534 3451 591 ἐκεῖθεν
3486 535 3557 588 δι’
3594 534 3693 589 Δί-

402 668 537 721 dttnt
559 678 870 720 emanasse.
910 659 1114 715 Cumas
1143 669 1324 712 autem
1356 654 1623 715 nutriunt,
1658 651 1798 705 sicut
1827 662 2003 716 quon-

2135 642 2352 695 ὑπτίων
2372 640 2582 709 ἔφασαν
2598 638 2694 692 καὶ
2710 636 3009 705 Πυθαγόρα
3026 634 3296 705 ἐνσκῆψαι
3311 636 3379 686 δι.
3403 629 3630 701 Κομῶσι
3646 629 3693 660 ⁸⁸

404 762 529 815 dam
564 754 984 818 Lacedaamonii,
1008 764 1063 808 et
1089 751 1283 806 Thurii
1305 767 1321 815 ;
1347 750 1536 801 vittam
1573 758 1787 813 quoque
1821 741 2003 795 albam

2135 728 2341 789 ὲοὺτοι
2390 733 2443 785 οί
2506 730 2682 795 Ἰνδοὶ,
2734 724 2996 798 ὥσπερδ*
3053 723 3472 794 Λακεδαιμόνιοι
3530 720 3695 775 πάλαι

406 848 838 913 circumdabant,
874 854 927 901 et
956 813 1118 899 nudis
1160 813 1385 912 pedibus
1421 836 1787 891 ambulabant.
1831 831 2007 887 Vestis

2135 828 2203 881 ίαὶ
2244 825 2486 896 Θούριοι,
2554 824 2754 895 μίτραν
2803 839 2863 874 τε
2932 817 3255 874 ἀναδοῦνται
3329 813 3553 885 λευκὴν,
3599 813 3697 866 καὶ

409 949 588 992 autem
623 953 812 992 eorum
850 938 901 990 in
936 931 1413 1005 superhumeralis
1438 928 1674 983 formam
1696 924 2003 993 composita

2135 921 2315 991 -υμνδν
2339 920 2525 982 αὑτοῖς
2558 917 2816 988 βάδισμα.
2870 913 2984 968 Καὶ
3000 913 3100 979 τὴν
3136 910 3342 980 ἐσθῆτα
3392 907 3694 978 ἐσχηματί-

409 1039 513 1084 est.
553 1030 727 1098 Ipsius
777 1028 1005 1084 materia
1044 1028 1243 1094 lanugo
1275 1032 1377 1086 est,
1414 1036 1535 1089 qum
1581 1026 1776 1088 sponte
1810 1030 1907 1069 sua
1951 1014 2004 1067 in

2135 1017 2263 1068 ὀντο
2291 1010 2676 1083 παραπλήσιον
2706 1008 2751 1039 ⁸⁷
2779 1009 2905 1069 ταῖς
2941 1004 3223 1073 ὲξωμίσιν.
3260 1002 3328 1054 Ἠ
3373 1000 3428 1054 δὲ
3463 998 3564 1070 ὕλη
3598 998 3697 1067 τῆς

410 1120 518 1174 illis
547 1121 684 1175 locis
728 1121 945 1183 crescit,
975 1118 1094 1172 alba
1137 1116 1377 1185 quidem,
1412 1110 1576 1169 veluti
1607 1123 1725 1178 qua:
1767 1108 1819 1161 in
1840 1105 2005 1159 Pam-

2140 1105 2357 1175 σθῆτος,
2421 1104 2569 1172 ἔριον
2612 1099 2882 1169 αὐτοφυὲς
2940 1100 2976 1168 ἡ
3032 1097 3102 1166 γῆ
3138 1094 3285 1165 φύει,
3336 1092 3532 1147 λευκὸν
3597 1093 3702 1161 μὲν

414 1213 597 1283 phylia
636 1213 903 1266 nascitur.
944 1211 1021 1265 Ex
1072 1224 1133 1262 ea
1184 1220 1395 1263 sat-ram
1428 1211 1638 1258 vestem
1686 1200 2004 1264 coniiciunt,

2135 1201 2301 1270 ὅσπερ
2327 1198 2392 1251 τὸ
2421 1195 2759 1267 Παμφύλων,
2807 1190 3194 1263 μαλακώτερον
3222 1189 3278 1241 δέ
3298 1204 3313 1220 ’
3351 1185 3511 1239 τοῦτο
3550 1185 3703 1255 ἱερὰν

412 1308 540 1374 quia
585 1304 802 1357 mollior
831 1313 937 1363 est,
991 1317 1018 1354 a
1045 1300 1176 1355 solis
1210 1314 1241 1354 e
1285 1304 1434 1351 terra
1482 1293 1727 1349 vellitur.
1779 1290 2009 1345 Gestant

2143 1292 2319 1360 σθῆτα
2343 1288 2651 1349 ποιοῦνται,
2678 1284 2842 1357 [1005
2884 1282 2975 1355 8.]
3015 1282 3110 1336 καὶ
3139 1280 3325 1350 μόνοις
3346 1277 3532 1339 αὑτοῖς
3566 1276 3700 1329 ἀνα-

415 1397 674 1450 annulutn
701 1408 756 1450 et
795 1393 1075 1449 baculum.

2135 1385 2321 1437 ιπᾶται
2373 1383 2476 1452 τῆς
2531 1384 2656 1451 γῆς.
2705 1376 2937 1449 Φοροῦσι
2988 1376 3046 1428 δὲ
3100 1374 3197 1427 καὶ
3256 1371 3543 1426 δακτύλιον
3604 1367 3700 1421 καὶ

2114 1476 2331 1549 ῥάϐδον.

484 1575 681 1629 Dicunt
708 1575 937 1642 lapidem
974 1570 1297 1643 pantarbem
1328 1568 1551 1623 nomine
1580 1564 1758 1627 nasci,
1790 1561 2006 1631 magni-

2185 1569 2312 1623 Ὀτι
2344 1569 2390 1601 ⁵⁸
2424 1566 2573 1620 λίθον
2604 1567 2739 1636 φησὶ
2764 1566 2833 1630 ⁸⁸,
2865 1562 3185 1633 παντάρϐην
3222 1561 3411 1629 ὄνομα,
3453 1556 3705 1626 γίνεσθαι

416 1667 601 1720 tudine
644 1665 843 1734 unguis
875 1665 967 1731 qui
1008 1663 1062 1716 in
1088 1660 1303 1732 pollice.
1336 1658 1596 1727 Gignitur
1638 1670 1767 1710 vero
1801 1655 1853 1708 in
1884 1667 2015 1707 con-

2135 1663 2215 1735 τὴν
2255 1662 2523 1732 μεγίστην
2546 1659 2689 1713 κατά
2708 1659 2878 1726 ὄνυχα
2897 1655 3163 1709 δακτύλου
3188 1651 3283 1707 τοῦ
3297 1652 3342 1684 ⁸ο
3360 1650 3671 1719 ἀντίχειρος
3691 1664 3706 1679 ·

413 1758 565 1813 cavis
605 1766 785 1823 terrae,
823 1752 1471 1825 profunditatejugerum
1497 1761 1752 1819 quatuor.
1776 1747 2010 1802 Tantum

2135 1752 2443 1807 ιυῖσκεσθαι
2474 1749 2534 1802 δὲ
2590 1748 2761 1817 αὐτὴν
2807 1748 2864 1799 ὲν
2896 1748 2967 1817 γῇ
2987 1748 3029 1777 ⁸⁸
3060 1744 3237 1817 κοίλη,
3297 1742 3457 1813 βάθος
3508 1737 3713 1810 ὀργυαὶ

413 1867 548 1906 vero
606 1850 710 1920 ipsi
743 1851 973 1918 spiritus
1005 1849 1171 1913 inest,
1212 1858 1272 1900 ut
1309 1846 1663 1909 intumescat,
1686 1852 1740 1896 et
1775 1842 2017 1911 plerum-

2135 1846 2409 1913 ιέσσαρες.
2436 1840 2704 1895 Τοσοῦτον
2725 1840 2783 1893 δὲ
2810 1840 2949 1910 αὑτῇ
2968 1838 3238 1908 περιεῖναι
3259 1832 3354 1888 τοῦ
3374 1832 3710 1901 πνεύματος,

414 1964 521 2017 que
548 1948 829 2003 scindatur
855 1957 1021 2009 terra,
1049 1944 1141 1999 ubi
1200 1942 1466 2012 ejusmodi
1514 1939 1652 2008 lapis
1686 1938 2012 2007 concipitur.

2135 1939 2197 2001 ii;
2252 1937 2495 1990 ὑποιδεϊν
2555 1935 2659 2006 τὴν
2698 1934 2802 2003 γῆν
2867 1933 2965 1985 καὶ
3015 1929 3158 1984 κατά
3208 1926 3377 1981 πολλά
3408 1924 3713 1996 ῥήγνυσθαι

416 2039 663 2094 Evellere
710 2049 890 2094 autem
919 2039 1113 2107 {ipsum
1164 2037 1367 2092 nemini
1404 2036 1555 2097 licet,
1611 2033 1715 2088 nisi
1761 2033 1853 2102 qui
1895 2030 2016 2100 ejus

2135 2030 2495 2099 ιιυῖσκομένης
2553 2029 2611 2080 ἐν
2641 2026 2779 2097 αὑτῇ
2825 2025 2926 2095 τῆς
2969 2022 3143 2076 λίθου.
3178 2021 3254 2073 Οὑ
3306 2021 3438 2073 πᾶσι
3467 2017 3525 2070 δὲ
3573 2018 3712 2069 ἀνα-

419 2132 494 2186 sit
532 2133 704 2187 sat-ris
741 2131 938 2202 327a
997 2130 1286 2185 initiatus:
1319 2129 1409 2198 qui
1456 2135 1617 2181 noctu
1678 2125 1821 2179 diem
1869 2123 2017 2177 velut

2135 2123 2389 2185 ππᾶσθαι,
2427 2119 2564 2174 ἀλλά
2604 2121 2718 2182 τοῖς
2741 2118 2840 2182 τὰς
2856 2117 2945 2169 ἐπ’
2976 2116 3115 2186 αὐτῇ
3159 2113 3381 2176 τελετὰς
3411 2110 3700 2176 ἐπισταμέ-

420 2221 563 2293 ignis
587 2223 847 2289 ostendit,
884 2208 1143 2291 quoniam
1167 2221 1356 2290 igneus
1389 2228 1475 2273 est
1506 2232 1569 2271 ac
1612 2217 1866 2269 radiosus
1893 2231 1906 2267 :
1933 2213 2016 2266 sin

2135 2233 2253 2276 θοις.
2282 2214 2433 2284 Αὕτη
2466 2213 2685 2283 νύκτωρ
2719 2211 2817 2282 μὲν
2867 2208 3082 2281 ἡμέραν
3126 2205 3416 2274 ἀναφαίνει
3458 2202 3714 2269 καθεὶς-ἥρ

423 2328 554 2367 vero
601 2321 721 2381 post
758 2312 900 2366 diem
943 2311 1264 2381 aspiciatur,
1292 2307 1597 2364 innumeris
1622 2305 2022 2359 rutilationibus

2135 2310 2184 2362 rb
2210 2308 2327 2379 πῦρ
2358 2308 2495 2377 (ἐστι
2536 2305 2645 2377 γὰρ
2672 2305 2859 2373 πυρσὴ
2893 2305 2990 2356 καί¹
3026 2299 3348 2369 ἀκτινὼδης)
3377 2312 3393 2326 '
3425 2297 3475 2350 εἰ
3504 2296 3561 2349 δὲ
3595 2293 3711 2364 μεθ’

426 2404 615 2460 oculos
646 2406 790 2462 ferit.
848 2406 901 2459 ld
951 2413 1133 2458 antem
1168 2402 1315 2471 quod
1352 2402 1403 2455 in
1446 2401 1565 2468 ipso
1606 2399 1785 2453 lumen
1831 2399 2019 2468 fulget,

422 2498 648 2567 spiritus
680 2509 763 2553 est
807 2498 1067 2567 potentia:
1116 2495 1370 2551 occultae.
1418 2493 1652 2564 Lapides
1682 2493 1828 2548 enim
1864 2507 2021 2560 Spar-

423 2590 525 2643 sitn
549 2588 739 2656 jactat,
772 2599 826 2644 et
857 2591 911 2643 in
948 2602 1099 2642 mare
1128 2586 1313 2641 condit
1340 2601 1357 2641 :
1392 2586 1737 2653 postmodum
1776 2596 1903 2637 vero
1934 2581 2023 2637 hic

424 2681 563 2751 lapis
597 2686 661 2736 ad
695 2697 789 2736 eos
821 2681 1107 2745 dimissus,
1133 2678 1523 2735 distributione
1547 2676 1629 2731 sui
1660 2675 1884 2744 spiritus
1910 2673 2022 2729 col-

426 2774 583 2841 ligit,
623 2774 696 2827 ita
736 2782 794 2827 ut
835 2772 1141 2827 coacervati
1198 2769 1412 2839 lapides
1466 2778 1724 2837 tanquam
1784 2781 2019 2821 examen

424 2879 585 2932 apum
606 2865 681 2918 illi
711 2864 1049 2931 subiaceant.
1083 2862 1224 2929 Quin
1279 2856 1448 2917 etiam
1484 2860 1633 2914 addit
1668 2858 1761 2913 ille
1786 2868 2019 2927 nugator

426 2956 813 3017 Philostratus.
839 2955 956 3010 lucc
985 2954 1238 3008 larcham
1276 2950 1569 3023 Apollonio
1597 2951 1826 3015 dixisse,
1856 2958 1911 3003 et
1943 2948 2026 3002 la-

426 3046 608 3116 pidem
642 3045 717 3099 illi
743 3044 1076 3107 ostendisse,
1103 3051 1161 3098 et
1189 3056 1381 3099 omnes
1406 3042 1526 3113 ejus
1561 3040 1852 3111 potentias.

501 3250 781 3322 Pygmaeos
830 3257 1011 3304 autem
1056 3249 1157 3305 sub
1222 3256 1370 3303 terra
1412 3249 1670 3319 degentes
1725 3248 1801 3301 ait
1862 3261 2023 3315 supra

427 3345 675 3411 Gangem
708 3344 883 3414 posita
910 3343 1029 3397 loca
1060 3342 1324 3407 incolere,
1364 3351 1418 3397 et
1446 3343 1587 3397 sicut
1618 3342 1757 3395 fama
1791 3343 1855 3395 de
1894 3341 2027 3410 ipsis

429 3435 689 3505 praedicat
714 3434 916 3488 vivere.
957 3431 1259 3503 Sciapodes
1284 3447 1413 3487 vero
1432 3432 1635 3502 [idest,
1664 3432 1755 3501 qui
1778 3432 1881 3485 sibi
1908 3446 2027 3483 um-

430 3529 580 3580 bram
607 3526 826 3596 pedibus
856 3523 1079 3597 parant]
1130 3533 1185 3579 et
1232 3523 1704 3591 macrocephalos,
1740 3530 1795 3577 et
1839 3520 2029 3590 hujus-

432 3617 578 3670 modi
622 3627 866 3672 monstra
913 3625 1270 3685 quotcunque
1322 3613 1569 3683 Scylacis
1623 3612 1736 3685 (93)
1788 3612 2029 3666 historia:

430 3709 750 3772 dccantant,
791 3721 893 3761 nec
926 3706 1069 3776 apud
1104 3705 1285 3773 ludos,
1321 3720 1424 3760 nec
1470 3704 1599 3758 alibi
1637 3715 1907 3758 terrarum
1937 3720 2031 3757 us-

434 3818 601 3871 quam
632 3804 817 3856 vivere
850 3815 1072 3857 censeo.
1102 3802 1315 3854 Aurum
1350 3815 1478 3854 vero
1504 3798 1648 3868 quod
1682 3797 1918 3867 gryphes
1951 3794 2030 3851 ef-

435 3894 626 3949 fodere
669 3894 959 3957 dicuntur,
993 3901 1159 3961 petra:
1192 3902 1321 3946 sunt
1347 3891 1528 3945 aureis
1563 3890 1731 3959 guttis
1776 3888 2033 3942 minutis—

435 3988 592 4040 simis
640 3999 975 4055 conspersae,
1013 3996 1150 4053 quas
1198 3985 1311 4038 ltzec
1360 3982 1471 4035 fera
1521 3991 1701 4036 rostro
1745 3981 2029 4036 discindit.

438 4079 579 4131 Sunt
610 4077 753 4133 enim
798 4075 1113 4144 huiusmodi
1161 4088 1291 4129 aves
1344 4075 1397 4127 in
1438 4072 1612 4136 India,
1660 4072 2035 4142 magnitudine

438 4179 619 4223 autem
651 4177 707 4224 et
733 4168 940 4222 viribus
970 4166 1219 4221 leonibus
1252 4181 1430 4237 pares,
1461 4174 1516 4220 et
1547 4165 1755 4218 alarum
1783 4164 2035 4233 praesidio

440 4261 494 4314 in
523 4259 731 4325 leones,
766 4258 1109 4328 elephantos,
1156 4270 1212 4312 et
1240 4259 1512 4313 dracones
1561 4256 1826 4324 involant,
1866 4271 2034 4328 supe-

444 4354 728 4425 rioresque
755 4353 1014 4407 evadunt.
1060 4349 1259 4405 Vulant
1288 4360 1471 4403 autem
1505 4364 1612 4404 non
1647 4349 1894 4415 multum,
1938 4349 2034 4404 sed

438 4454 705 4517 quantum
750 4445 991 4513 parvula:
1036 4460 1186 4499 aves.
1225 4442 1340 4497 Non
1381 4443 1525 4497 enim
1582 4450 1833 4509 pennata:
1880 4451 2032 4508 sunt,

2124 2400 2341 2471 ἡμέραν
2370 2398 2565 2467 ὁρῷτο,
2601 2396 2785 2466 βάλλει
2814 2396 2943 2457 τοὺς
2977 2392 3289 2462 ὀφθαλμοὺς
3321 2388 3713 2459 μαρμαρυγαῖς

2129 2493 2373 2565 μυρίαις.
2397 2491 2472 2544 Τὸ
2488 2491 2544 2543 δὲ
2579 2491 2637 2543 ὲν
2659 2489 2797 2560 αὑτῇ
2820 2488 2937 2557 φῶς
2973 2486 3194 2556 πνεῦμά
3220 2486 3368 2538 ἐστιν
3395 2482 3713 2553 ἀπορρήτου

2127 2587 2314 2657 ίσχύος
2339 2603 2354 2617 ·
2386 2584 2571 2647 λίθους
2592 2586 2702 2654 γὰρ
2736 2582 2943 2645 ὁπόσας
2971 2580 3150 2653 βούλει
3190 2579 3289 2633 καὶ
3318 2577 3599 2646 σποράδην
3619 2575 3713 2626 καὶ

2127 2681 2375 2751 θαλάσσῃ
2408 2678 2726 2749 διαρρίψας,
2752 2676 2848 2731 καὶ
2884 2675 3093 2746 ταύτην
3142 2673 3333 2735 αὑταῖς
3376 2669 3709 2740 καθιμήσας,

2127 2772 2408 2840 ξυλλέγοις
2437 2772 2483 2803 ⁸⁸
2514 2771 2583 2824 ἂν
2618 2769 2803 2830 πάσας
2827 2771 2894 2840 τῇ
2933 2767 3031 2821 τοῦ
3090 2767 3398 2835 πνεύματος
3439 2762 3709 2815 διαδόσειο

2128 2868 2510 2920 ὑποκείσονται
2532 2865 2578 2897 ”
2603 2864 2714 2934 γὰρ
2731 2863 2777 2895 ⁸⁸
2811 2863 2949 2933 αὐτῇ
2983 2859 3236 2932 βοτρυδὸν
3263 2859 3319 2912 αί
3350 2857 3509 2917 λίθοι,
3542 2853 3714 2908 autfid-

2127 2978 2235 3029 περ
2280 2957 2510 3029 σμῆνος.
2563 2956 2878 3026 Καίυφησιν
2906 2956 2935 3008 ὁ
2992 2952 3339 3025 μυθογράφος
3366 2942 3521 3010 οὗτος
3562 2946 3715 2999 Φιλό-

2130 3066 2363 3120 στρατος
2416 3048 2494 3111 ὡς
2560 3045 2735 3099 ταῦτα
2790 3044 2963 3099 εἰπὼν
2999 3044 3221 3114 ἰἀρχας
3251 3041 3332 3111 τῷ
3372 3039 3716 3108 Ἀπολλωνίῳ

2054 3156 2101 3218 c
2131 3140 2300 3205 ἔδειξε
2330 3139 2429 3209 τὴν
2451 3138 2601 3192 λίθον
2632 3138 2806 3209 αὑτὴν
2824 3138 2921 3191 καὶ
2956 3136 3132 3189 ὁπόσα
3161 3132 3474 3205 ἐργάζεται.

2199 3233 2340 3295 Τοὺς
2371 3232 2418 3264 ⁸⁸
2446 3230 2505 3283 δὲ
2532 3230 2847 3300 πυγμαίους
2888 3227 3055 3299 φησιν
3082 3228 3253 3281 οἰκεῖν
3295 3225 3394 3295 μὲν
3421 3223 3717 3291 ὑπογείους

2128 3326 2343 3380 κεῖσθαι
2380 3324 2437 3377 δὲ
2460 3324 2602 3393 ὑπὲρ
2622 3324 2715 3376 τὸν
2742 3323 2985 3391 Γάγγην,
3008 3322 3219 3386 ζῶντας
3250 3320 3452 3390 τρόπον
3470 3318 3530 3381 ὃς
3552 3319 3721 3370 πᾶσιν

2130 3420 2367 3489 εἴρηται.
2400 3416 2704 3479 Σκιάποδας
2738 3415 2795 3469 δὲ
2843 3413 3167 3487 ἀνθρώπους
3198 3413 3232 3483 ἢ
3270 3410 3723 3482 μακροκεφάλους

2132 3511 2164 3579 ἢ
2196 3510 2373 3563 ὁπόσα
2407 3508 2691 3571 Σκύλακος
2716 3505 3030 3578 ξυγγραφαὶ
3060 3506 3191 3578 περὶ
3224 3503 3430 3560 τούτων
3480 3502 3720 3574 ᾅδουσιν,

2132 3603 2259 3656 οὑτε
2285 3601 2480 3657 ἄλλοσέ
2503 3618 2595 3654 ποι
2628 3599 2890 3669 βιοτεύειν
2917 3599 2963 3633 ⁸⁸
2990 3598 3090 3669 τῆς
3116 3597 3221 3666 γῆς
3250 3594 3374 3650 οὔτε
3420 3597 3479 3647 ὲν
3520 3594 3721 3655 Ἰνδοξ.

2135 3695 2260 3748 Ὀτι
2287 3695 2331 3726 ⁸⁷
2365 3693 2555 3764 φησὶν,
2590 3695 2690 3747 Ὃν
2718 3692 3007 3764 ὀρύττουσι
3030 3689 3235 3762 χρυσὸν
3266 3692 3315 3743 oi
3345 3687 3582 3759 γρῦπες,
3632 3688 3722 3739 πέ-

2133 3803 2261 3857 τραι
2291 3787 2431 3839 εἰσιν
2488 3787 2653 3839 οίονεὶ
2715 3784 3040 3855 σπινθῆρσιν
3087 3781 3413 3850 ὲστιγμέναι
3463 3782 3589 3842 ταῖς
3629 3777 3723 3831 τοῦ

2134 3881 2339 3951 χρυσοῦ
2370 3880 2605 3948 ῥανίσιν,
2636 3880 2702 3941 ἃς
2716 3878 2761 3911 ⁵⁸
2786 3877 3095 3946 λιθοτομεῖν
3145 3874 3209 3929 τὸ
3252 3874 3440 3945 θηρίον
3470 3872 3633 3925 τοῦτο
3656 3872 3719 3941 τῇ

2134 3972 2231 4026 τοῦ
2290 3973 2544 4043 ράμφους
2603 3970 2771 4040 ἰσχύϊ.
2831 3971 2913 4024 Τὰ
2956 3970 3066 4041 γὰρ
3107 3967 3274 4039 Θηρία
3302 3967 3479 4021 ταῦτα
3504 3961 3720 4019 εἶναίτι

2136 4066 2196 4117 ὲν
2220 4065 2426 4130 Ἰνδοῖς,
2458 4064 2553 4118 καὶ
2616 4065 2848 4134 μέγεθος
2893 4064 2988 4117 καὶ
3018 4059 3197 4133 ἀλκὴν
3238 4059 3492 4114 είκάσθαι
3527 4059 3721 4119 αὐτοὺς

2135 4160 2251 4221 τοῖς
2285 4157 2523 4222 λέουσιν,
2548 4158 2653 4211 ὑπὸ
2683 4158 2740 4210 δὲ
2779 4155 3096 4219 πλεονεξίας
3151 4155 3263 4209 τῶν
3299 4153 3515 4226 πτερῶν
3539 4152 3721 4214 αὑτοῖς

2137 4269 2197 4305 τε
2225 4251 2455 4312 ἐκείνοις
2481 4248 2823 4303 ἐπιτίθεσθαι
2857 4248 2951 4303 καὶ
2983 4246 3092 4300 τῶν
3142 4246 3451 4316 ἐλεφάντων
3485 4244 3580 4298 καὶ
3602 4244 3725 4314 δρα-

2139 4344 2346 4397 κόντων
2403 4343 2743 4413 ὑπερτέρους
2803 4336 2965 4395 εἶναι.
3008 4339 3269 4393 Πέτονται
3298 4336 3356 4391 δὲ
3383 4336 3537 4390 οὔπω
3561 4336 3721 4404 μέγα,

2140 4436 2256 4489 ἀλλ’
2286 4436 2412 4489 ὅσον
2436 4435 2486 4487 οί
2514 4433 2850 4506 βραχύποροι
2873 4430 3089 4503 ὄρνιθες
3108 4446 3123 4460 ·
3155 4430 3229 4501 μὴ
3253 4430 3365 4500 γὰρ
3394 4427 3722 4481 ὲπτιλῶσθαι

441 4540 537 4592 sed
567 4538 725 4592 rubra
766 4537 1019 4606 pellicula
1047 4536 1255 4591 alarum
1292 4544 1458 4589 costae
1485 4541 1907 4589 connectuntur.
1940 4534 2029 4588 So-

2141 4529 2373 4599 σφᾶςὼς
2402 4500 2860 4597 ὅρνισιπάτριον,
2908 4500 3033 4577 ἀλλ’
3094 4522 3256 4592 ὑμέσι
3318 4523 3445 4584 τοὺς
3492 4520 3723 4591 ταρσοὺς

442 4629 549 4682 lam
596 4645 723 4685 vero
761 4628 971 4698 Tigrim
1017 4628 1446 4698 insuperabilem
1486 4627 1593 4682 illis
1645 4640 1769 4681 esse
1821 4626 2035 4688 dicunt,

442 4722 703 4790 quordam
733 4721 973 4790 fugiendi
1006 4722 1292 4777 celeritate
1321 4730 1514 4775 ventos
1562 4733 1783 4789 aequare
1812 4719 2035 4774 dicitur.

447 4811 547 4865 llic
580 4813 647 4864 de
694 4811 955 4867 Phceuice
995 4827 1094 4866 ave
1132 4812 1325 4867 eadem
1350 4827 1474 4867 cum
1500 4810 1624 4867 aliis
1657 4809 1868 4865 scribit.
1896 4809 2042 4876 Qua-

448 4915 570 4958 tuor
614 4919 831 4959 menses
881 4906 1022 4975 apud
1059 4904 1224 4959 Indos
1253 4904 1597 4973 Apollonium
1650 4901 1819 4957 fuisse
1852 4902 2040 4966 tradit,

445 4997 573 5051 inde
610 4998 797 5051 dextra
834 4997 1053 5067 quidem
1078 4996 1346 5067 Gangem,
1382 4998 1607 5051 sinistra
1656 5010 1787 5049 vero
1819 4993 2036 5065 liypha-

2138 4621 2374 4691 ὑφάνθαι
2410 4621 2662 4690 πυρσοῖς.
2710 4618 2825 4688 Τὴν
2883 4616 3011 4688 [554
3049 4614 3140 4687 H.]
3201 4614 3381 4683 τίγριν
3434 4613 3495 4666 δὲ
3539 4613 3717 4672 αὐτοῖς

2136 4711 2419 4765 ἀνάλωτον
2440 4706 2581 4763 εἶναι
2616 4709 2808 4779 μόνην,
2838 4705 3027 4777 ἐπειδὴ
3061 4706 3121 4758 τὸ
3141 4706 3303 4774 τάχος
3329 4704 3501 4774 αὑτὴν
3517 4705 3718 4756 ἑσποιεῖ

2136 4807 2251 4866 τοῖς
2284 4804 2528 4873 ἀνέμοις.
2572 4803 2696 4856 ’Ότι
2718 4802 2763 4833 ⁸³
2794 4800 2927 4872 περὶ
2965 4799 3060 4854 τοῦ
3091 4798 3334 4867 φοίνικος
3366 4791 3467 4867 τῆς
3516 4796 3721 4866 δρνιθος

2139 4899 2208 4951 τὰ
2234 4897 2373 4949 αὑτά
2424 4898 2520 4948 καὶ
2568 4887 2728 4958 οὗτος
2776 4897 2891 4956 τοῖς
2946 4892 3128 4950 ἀλλοις
3163 4892 3365 4944 ἅπασιν
3396 4889 3719 4959 ἀναγράφει.

2145 4992 2271 5045 Ὅτι
2306 4992 2353 5024 ⁷ο
2381 4988 2423 5042 δ’
2461 4990 2635 5059 μῆνας
2688 4991 2804 5051 τοῖς
2854 4986 3035 5049 Ἰνδοῖς
3074 4985 3165 5037 τὸν
3202 4981 3564 5037 Ἀπολλώνιον
3604 4997 3723 5034 συν-

1720 5147 1958 5204 VARIAS
1996 5149 2409 5207 LECTlONES.

533 5264 581 5298 ⁵³
610 5263 671 5317 τὸ
699 5263 778 5335 δὲ]
813 5278 894 5331 ιιι,
924 5264 1012 5337 l9.
1069 5334 1077 5337 _
1117 5264 1165 5299 “
1195 5264 1467 5337 ἐνσκῆψαι
1493 5265 1609 5320 AB:
1647 5266 1927 5337 ἐνσκῆψαν
1956 5285 2016 5333 ς.

445 5337 692 5404 πλησίως
709 5334 780 5408 Vg.
902 5336 948 5408 ἥδ
973 5334 1080 5408 ὅτι]
1105 5352 1192 5408 ιιι,
1223 5338 1315 5392 46.

446 5410 489 5439 ‘3
523 5405 929 5479 ὑποκείσονται]
959 5405 1140 5474 aptius
1173 5406 1411 5462 fortasse
1437 5406 1831 5461 ἐπικείσονται.

446 5477 624 5531 τεύειν
651 5478 721 5530 Λ.
828 5477 872 5508 ⁸⁷
903 5477 1010 5531 ὅτι]
1034 5493 1117 5531 ιιι.
1144 5477 1233 5531 48.
1312 5477 1356 5509 ⁸⁸
1378 5476 1465 5531 ἃς]
1491 5477 1564 5531 ὡς
1599 5476 1711 5531 AB.
1789 5480 1831 5511 σε

2112 5272 2158 5304 ⁸⁸
2191 5266 2428 5339 κομῶσι]
2468 5283 2554 5339 ιιι,
2595 5265 2684 5339 15.
2733 5338 2740 5339 7
2779 5268 2826 5308 δ’
2847 5263 3238 5339 ῶσπερῙᾶπερ
3257 5264 3367 5339 ΑᾼΒ.

1417 5339 1462 5369 ⁵⁹
1494 5338 1631 5405 φησὶ
1661 5337 1779 5391 AB:
1832 5342 1967 5407 φασὶ
2019 5356 2077 5402 ς.

1437 5406 1831 5461 ἐπικείσονται.
1936 5410 1983 5442 ⁸⁸
2014 5410 2086 5476 γὰ

2096 5407 2147 5480 ρ]
2177 5410 2271 5462 καὶ
2299 5409 2407 5477 γὰρ
2440 5427 2499 5480 ς.
2605 5408 2801 5480 “fama;
2831 5407 2911 5480 δὲ]
2947 5424 3029 5472 ιιι,
3062 5407 3152 5461 47.

828 5407 929 5508 gat]
959 5407 1140 5474 aptius
1173 5407 1411 5462 fortasse
1437 5407 1831 5461 ἐπικείσονται.
1936 5410 1983 5442 ⁸⁸
2014 5407 2155 5534 γὰρ1
2177 5410 2271 5462 καὶ
2299 5409 2407 5477 γὰρ
2486 5447 2499 5460 .
2605 5410 2649 5439 ⁸³
2674 5425 2709 5458 τ‹

903 5477 1010 5549 ὅτι]
1034 5493 1117 5543 ιιι,
1144 5477 1233 5532 48.
1312 5477 1356 5509 ⁸⁸
1378 5476 1466 5550 ἃς]
1491 5477 1564 5540 ὡς
1599 5476 1711 5531 AB.
1789 5480 1832 5511 σε
1865 5477 1971 5551 ὅτι]
2010 5495 2089 5545 ιιι,
2159 5481 2213 5535 9.
2292 5480 2338 5511 ⁷⁰
2367 5427 2480 5551 ὄτῆ
2507 5493 2590 5543 ιιι,
2621 5476 2709 5531 50.

3471 5266 3518 5297 ιτ
3554 5282 3728 5336 παρα,

3294 5337 3337 5373 δ’
3368 5335 3646 5405 ξυλλέγεις
3672 5354 3728 5400 ς.

3259 5406 3305 5437 ⁸⁸
3330 5406 3491 5471 ἄλλος
3520 5408 3725 5461 ἐπιδιο-

2184 5340 2229 5370 ⁶⁰
2262 5337 2358 5391 τοῦ
2410 5337 2541 5392 add.
2582 5338 2648 5391 A.
2726 5338 2768 5367 ⁶¹
2799 5339 2869 5406 γῇ
2905 5338 2948 5389 Α
2984 5338 3088 5406 ετῇ
3122 5355 3186 5401 ς.

1938 5598 2178 5655 NOTAE.

516 5682 864 5763 (9§)__Scylax
914 5685 1302 5763 Caryadensis,
1345 5703 1463 5757 qua:
1490 5689 1621 5763 urbs
1650 5689 1703 5743 in
1732 5688 2030 5763 'tiaria‘est
2138 5707 2269 5763 cum
2342 5691 2606 5747 Marciani
2673 5690 3069 5763 lleracleotae,
3119 5691 3454 5763 aliorumque
3542 5690 3731 5748 edente

446 5757 513 5807 ad
531 5753 1333 5834 "Halicarnassum,historicus
1362 5753 1414 5812 et
1437 5759 1879 5834 mathematicus.
1901 5761 2032 5826 Qua:

448 5825 734 5892 scripserit
782 5825 989 5881 iudicat
1036 5827 1269 5898 Suidas,
1315 5840 1605 5900 exstatque
1654 5825 2030 5901 Geographica

2142 5762 2205 5819 D.
2235 5762 2544 5821 llmscbelio
2574 5763 2853 5834 Augustte,
2885 5779 3026 5819 anno
3056 5762 3210 5817 i600.
