3954 6424
233 413 369 476 1925
1313 409 1837 469 BlBLIOTHECA.
1876 434 1946 446 -
1978 408 2141 475 COD.
2198 416 2438 477 CCXLI.
3357 430 3495 493 1228

224 522 499 595 διατρῖψαί
524 537 716 590 φησιν·
750 519 809 585 ἐξ
832 520 1043 573 ἐκείνου
1063 519 1116 574 δὲ
1150 522 1208 573 ἐν
1232 520 1383 591 δεξιᾷ
1410 522 1507 591 μὲν
1530 521 1623 573 τὸν
1660 521 1796 589 Γάγ-

1912 523 1992 577 sin
2012 524 2203 581 ﬂuvios
2225 525 2432 583 habens
2460 529 2527 584 ad
2558 545 2705 586 mare
2725 534 3031 601 descendit,
3070 536 3268 593 itinere
3298 539 3488 597 decem

222 636 325 686 γην
362 616 578 684 ἔχοντα,
605 614 664 665 ὲν
693 612 960 684 ἀριστερᾷ
988 612 1046 665 δὲ
1075 612 1167 665 τὸν
1199 612 1243 643 τί
1270 612 1511 680 Ὕφασιν
1555 612 1796 666 κατιέναι

1912 612 2118 666 dierum
2148 630 2176 666 a
2203 629 2362 670 sacro
2393 628 2575 675 monte
2596 619 2865 688 confecto,
2891 624 3284 682 descendentes
3310 640 3492 686 autem

223 708 314 759 ἐπὶ
347 704 444 773 τὴν
476 702 748 756 θάλατταν
794 703 1023 773 ἡμερῶν
1083 702 1215 756 δέκα
1242 702 1361 756 ὁδὸν
1384 702 1494 755 ἀπὸ
1517 702 1613 756 τοῦ
1656 703 1806 774 ίεροῦ

219 797 398 864 ὄχθου.
430 790 695 846 Κατιοῦσι
722 793 774 847 δὲ
805 794 991 858 αὐτοῖς
1034 793 1205 848 πολλὰ
1237 793 1336 864 μὲν
1372 794 1467 847 καὶ
1519 794 1657 849 ἄλλα
1700 813 1805 864 φα-

222 887 397 953 νῆναι,
429 883 571 952 ἀτὰρ
593 884 685 936 καὶ
715 884 964 954 πιθήκων
989 885 1144 952 γένος
1176 884 1364 955 ἕτερον
1394 885 1547 954 παρὰ
1597 886 1723 948 τοὺς
1750 888 1808 938 ἰν

220 979 337 1036 ταῖς
361 974 644 1045 πεπερίσι·
680 974 908 1045 μέλανές
973 992 1032 1026 τε
1062 976 1170 1045 γὰρ
1203 976 1295 1029 καὶ
1330 975 1507 1029 λάσιοι
1538 972 1680 1046 ἦσαν
1711 978 1806 1029 καὶ

218 1067 287 1119 τὰ
308 1067 422 1134 εἴδη
440 1067 644 1119 κύνειοι
668 1066 761 1119 καὶ
784 1068 1001 1136 μικροῖς
1022 1065 1331 1137 ἀνθρώποις
1359 1068 1487 1120 ίσοι.
1519 1068 1807 1136 Ἀφίκοντο

218 1159 272 1212 δὲ
300 1156 395 1209 ἐπὶ
419 1156 515 1227 τὴν
535 1155 807 1210 θάλατταν
832 1156 877 1189 τ’
905 1157 1002 1226 τὴν
1019 1156 1286 1228 Ἐρυθρὰν
1306 1175 1320 1187 °
1360 1158 1565 1229 ταύτην
1589 1159 1636 1211 δ’
1665 1153 1805 1213 εἶναί

220 1266 385 1319 φησιν
417 1248 461 1278 ⁷³
495 1241 648 1310 οὗτος
674 1249 1054 1318 κυανωτάτην,
1079 1248 1263 1318 λαχεῖν
1288 1248 1344 1302 δὲ
1366 1250 1464 1320 τὴν
1489 1250 1804 1319 ἐπωνυμίαν

217 1340 325 1394 ἀπὸ
346 1338 584 1410 Ἐρύθρα
609 1337 895 1408 βασιλέως.

284 1431 569 1485 Ἐντεῦθεν
598 1432 644 1461 τι
678 1430 967 1491 ἐπιϐάντες
1010 1427 1147 1492 νεὼς
1185 1429 1506 1497 ἐκομίζοντο
1553 1428 1681 1498 λείῳ
1708 1430 1803 1484 καὶ
1862 1464 1869 1467 ν

217 1523 433 1593 εὐφόρῳ
464 1522 762 1591 πνεύματι,
791 1519 1168 1589 θαυμάζοντες
1196 1520 1258 1573 τὸ
1287 1521 1463 1589 στόμα
1485 1519 1581 1574 τοῦ
1632 1520 1800 1586 Ὑφά-

218 1616 383 1679 σιδος,
419 1616 494 1678 ὼς
523 1615 770 1686 φοϐερῶς
793 1615 859 1667 δι’
890 1614 1054 1668 αὑτοῦ
1086 1616 1363 1685 ἐκχεῖται·
1400 1611 1666 1665 τελευτῶν
1691 1610 1800 1679 γὰρ

215 1711 293 1772 είς
322 1707 498 1779 χωρία
522 1705 772 1778 πετρώδη
793 1707 887 1761 καὶ
910 1709 1071 1759 στενὰ
1094 1707 1189 1759 καὶ
1211 1704 1494 1776 κρημνοὺς
1518 1702 1796 1767 ἐκπίπτει,

214 1799 283 1852 δι’
316 1794 392 1853 ὧν
426 1800 814 1869 καταῤῥηγνὺς
868 1799 926 1860 ἐς
974 1796 1073 1867 τὴν
1105 1796 1380 1850 θάλατταν
1434 1794 1518 1849 ἐνὶ
1568 1792 1798 1863 στόματι

1913 704 2079 757 multa
2118 704 2221 758 alia
2263 708 2564 764 viderunt:
2596 712 2875 769 simiarum
2915 732 3085 787 genus
3125 718 3288 789 longe
3317 722 3496 775 diver-

1910 806 2027 845 sum
2063 791 2131 847 ab
2168 793 2263 863 iis,
2295 812 2434 866 quas
2473 799 2615 868 apud
2651 800 2853 870 piperis
2887 804 3114 859 arbores
3147 805 3492 861 invenerant.

1915 881 2055 936 Sunt
2078 882 2227 938 enim
2259 886 2341 940 ha:
2362 887 2551 957 nigrae,
2572 889 2884 960 villosaque
2906 901 2959 946 et
2983 892 3165 959 parvis
3184 894 3497 949 hominibus

1910 972 2133 1028 similes.
2161 972 2533 1031 Pervenerunt
2554 993 2683 1032 vero
2702 982 2768 1032 ad
2787 994 2937 1035 mare
2964 981 3228 1037 Rubrum.
3250 982 3493 1039 Rubrum

1913 1071 2096 1117 autem
2139 1079 2291 1118 mare
2351 1066 2702 1122 vehementer
2754 1069 3046 1125 caeruleum
3086 1085 3212 1128 esse
3252 1074 3491 1139 tradunt,

1906 1151 2312 1209 denominatum
2340 1166 2520 1212 autem
2552 1158 2793 1214 Rubrum
2824 1175 2855 1214 a
2895 1177 3021 1233 rege
3053 1163 3313 1235 Erythra.

1976 1409 2172 1481 327b
2190 1410 2319 1467 Post
2341 1414 2458 1470 haec
2486 1424 2667 1471 autem
2695 1432 2885 1474 navem
2907 1423 3361 1487 conscendentes,
3382 1422 3487 1478 leni

1905 1513 2067 1556 vento
2094 1501 2503 1571 deferebantur,
2532 1506 2876 1566 admirantes
2898 1511 3221 1584 Hyphasidis
3247 1516 3484 1579 ostium,

1903 1593 1994 1664 qui
2027 1609 2271 1666 praeceps
2301 1599 2670 1671 terribilisque
2706 1603 3020 1659 effunditur.
3052 1605 3304 1661 Decurrit
3337 1607 3482 1659 enim

1905 1684 2090 1755 peloca
2110 1696 2348 1755 petrosa,
2383 1700 2635 1762 angusta,
2669 1705 2833 1763 atque
2860 1708 3149 1765 praerupta,
3173 1698 3373 1769 ubique
3404 1714 3488 1751 re-

1902 1775 2111 1832 fractus
2141 1794 2251 1834 uno
2278 1781 2424 1835 ostio
2452 1798 2604 1838 mare
2638 1784 2945 1853 ingreditur
2971 1790 3279 1858 pernicioso
3310 1790 3489 1845 admo-

213 1890 452 1962 χαλεπὸς
475 1890 623 1943 δοκεῖ
655 1890 766 1951 τοῖς
806 1888 945 1955 ἄγαν
994 1889 1060 1958 τῇ
1112 1889 1182 1958 γῇ
1218 1885 1657 1958 προσκειμένοις.
1690 1883 1796 1937 Καὶ

1905 1870 2031 1926 dttm
2061 1871 2149 1935 iis,
2180 1872 2271 1942 qui
2307 1876 2610 1944 navigando
2649 1878 2822 1932 littori
2864 1880 3092 1934 nimium
3132 1883 3489 1939 adhaeserint.

215 1984 322 2054 μὴν
352 1983 399 2015 ⁷⁸
430 1984 525 2035 καὶ
555 1982 600 2013 ⁷⁸
630 1980 690 2033 τὸ
718 1981 814 2033 τοῦ
839 1979 1001 2032 Ἰνδοῦ
1042 1979 1216 2048 στόμα
1278 1978 1410 2030 ίδεῖν
1438 1994 1572 2046 φασι
1599 1991 1614 2005 ⁸
1642 1976 1799 2028 πόλιν

210 2077 256 2130 δ’
288 2076 380 2127 ἐπ’
410 2073 578 2128 αὐτοῦ
604 2073 819 2126 κεῖσθαι
872 2072 1095 2126 Πάταλα
1136 2069 1468 2143 περίρρυτον
1516 2070 1595 2138 τῷ
1626 2069 1795 2139 Ἰνδῷ,

210 2170 290 2233 εἰς
318 2169 387 2239 ἢν
413 2168 472 2221 τὸ
502 2168 547 2198 ⁷⁷
579 2164 833 2220 ναυτικὸν
880 2164 974 2219 τοῦ
1007 2164 1362 2235 Ἀλεξάνδρου
1418 2162 1691 2226 ξυνελθεῖν
1731 2163 1795 2228 ⁷⁸,

208 2256 270 2315 οὗ
310 2260 563 2329 Νέαρχος
609 2256 919 2311 ἐπεστάτει.
959 2256 1025 2308 Ἃ
1078 2255 1136 2309 δὲ
1182 2254 1495 2324 Ὀρθαγόρᾳ
1540 2254 1799 2322 περὶτῆς

208 2352 452 2423 ἐρυθρᾶς
504 2350 744 2421 εἴρηται,
781 2346 947 2420 [1008
984 2345 1076 2417 Β.]
1132 2345 1224 2399 καὶ
1254 2346 1336 2399 ὅτι
1363 2347 1501 2415 μήτε
1532 2346 1563 2412 ἡ
1597 2345 1796 2413 ἄρκτος

206 2441 265 2491 ἐν
290 2438 433 2508 αὐτῇ
468 2437 730 2505 φαίνοιτο,
775 2436 913 2506 μήτε
947 2434 1298 2505 σημαίνοιντο
1316 2434 1416 2504 τὴν
1450 2432 1797 2504 μεσημϐρίαν

204 2528 256 2579 οί
290 2528 575 2589 πλέοντες,
606 2526 660 2577 οἵ
682 2541 739 2576 τε
763 2522 1005 2592 ἐπίδηλοι
1029 2523 1137 2575 τῶν
1158 2523 1403 2593 ἀστέρων
1422 2520 1798 2587 ὲξαλλάττοιεν

206 2615 303 2685 τῆς
339 2615 551 2667 ἑαυτῶν
581 2613 809 2679 τάξεως,
842 2613 1015 2666 ταῦτα
1046 2612 1197 2665 δοκεῖ
1229 2613 1325 2665 κα)⁸
1346 2612 1577 2675 τούτοις.
1616 2613 1797 2666 "Oet."

206 2707 372 2776 νῆσόν
412 2721 574 2775 φησιν
605 2704 650 2735 ⁸⁰
692 2699 832 2755 εἶναι
877 2703 1103 2774 μικρὰν,
1136 2704 1306 2773 ὄνομα
1332 2703 1556 2764 Βίϐλον,
1594 2703 1651 2755 ὲν
1685 2697 1798 2777 ᾖτὸ

204 2799 297 2852 τοῦ
321 2799 619 2869 κογχυλίου,
674 2796 903 2867 μέγεθος
949 2798 1041 2849 καὶ
1085 2797 1134 2848 οί
1177 2795 1328 2865 ’μύες
1365 2796 1566 2865 ὄστρεά
1604 2814 1663 2849 τε
1705 2798 1798 2848 καὶ

202 2892 270 2944 τὰ
292 2891 523 2943 τοιαῦτα
583 2888 924 2943 δεκαπλάσια
964 2889 1074 2942 τῶν
1116 2887 1451 2958 Ἑλληνικῶν
1475 2887 1539 2940 τὸ
1570 2887 1799 2957 μέγεθος

201 2986 323 3045 ταῖς
359 2982 590 3052 πέτραις
622 2979 1039 3051 προσπέφυκεν.
1090 2977 1403 3032 Ἀλίσκεται
1455 2978 1512 3031 δὲ
1553 2978 1671 3030 ἐκεῖ
1705 2979 1799 3030 καὶ

202 3074 356 3134 λίθος
416 3072 692 3142 μαργαρὶς
740 3073 796 3124 ἐν
821 3071 1075 3140 ὀστράκῳ
1109 3068 1310 3140 λευκῷ,
1343 3068 1573 3140 καρδίας
1598 3070 1799 3140 τρόπον

203 3165 405 3236 ἔχουσα
454 3161 532 3233 τῷ
586 3163 814 3234 ὀστρέῳ.
868 3164 1178 3232 Κατασχεῖν
1220 3162 1276 3213 δέ
1316 3177 1449 3229 φασι
1480 3160 1573 3213 καὶ
1597 3161 1653 3224 ὲς
1685 3161 1800 3230 Πη-

202 3214 417 3326 κλάδοι-θΙ
442 3214 540 3325 τῆις
575 3214 835 3322 Ὥρέιτῶν
864 3214 1244 3322 χῶρα;.“υἰδὲ
1283 3214 1547 3320 ’ἀρεῖταῃ
1595 3214 1800 3320 χαλκαῖ
1825 3214 1868 3270 C

204 3349 301 3417 μὲν
334 3347 523 3409 αὐτοῖς
550 3346 606 3398 αί
641 3343 861 3414 πέτραι,
894 3340 1072 3412 χαλκῆ
1115 3341 1172 3393 δὲ
1218 3342 1251 3412 ἡ
1279 3341 1529 3411 ψάμμος,
1558 3339 1795 3410 χαλκοῦν

200 3438 257 3491 δὲ
280 3438 398 3508 ψῆγ
409 3454 485 3506 μα
510 3437 559 3490 οἱ
589 3434 824 3504 ποταμοὶ
854 3434 1047 3501 ἄγουσι
1066 3448 1080 3462 ·
1131 3435 1379 3502 χρυσῖτιν
1446 3431 1492 3484 δ’
1533 3431 1795 3501 ἡγοῦνται

200 3531 299 3603 τὴν
335 3532 440 3602 γῆν
491 3527 580 3583 διὰ
634 3528 732 3599 τὴν
766 3526 1045 3594 εὐγένειαν
1099 3523 1193 3577 τοῦ
1225 3520 1450 3593 χαλκοῦ.
1488 3522 1625 3575 Φασὶ
1659 3521 1706 3551 ⁵³
1735 3521 1792 3574 δὲ

200 3624 295 3676 καὶ
324 3623 439 3684 τοῖς
468 3619 819 3691 ίχθυοφάγοις
869 3618 1134 3686 ἐντυχεῖν,
1185 3610 1265 3676 οἷς
1304 3613 1396 3665 πό)
1411 3629 1459 3665 ιν
1487 3608 1625 3665 εἶναι
1660 3611 1790 3663 Στό-

200 3716 390 3788 ϐηρα·
441 3713 700 3784 διφθέρας
749 3711 805 3763 δὲ
856 3708 1081 3771 τούτους
1131 3707 1177 3739 ⁸³
1230 3705 1460 3775 ὲνῆφθαι
1517 3704 1790 3773 μεγίστων

199 3810 433 3880 ἰχθύων.
463 3808 574 3861 Καὶ
605 3808 673 3859 τὰ
699 3801 949 3872 πρόϐατα
967 3803 1084 3854 ἐκεῖ
1108 3797 1339 3870 ίχθυὼδη
1352 3792 1492 3850 εἶναι
1511 3796 1592 3867 (ἐξ
1609 3795 1788 3849 αὐτῶν

196 3902 309 3973 γὰρ
345 3899 628 3971 τρέφεται)
659 3898 752 3951 καὶ
786 3896 979 3965 φαγεῖν
997 3894 1193 3947 ἄτοπα.
1217 3887 1509 3960 Καρμανο)⁸
1528 3887 1585 3942 δὲ
1611 3887 1786 3954 Ἰνδοὶ,

198 3995 359 4062 γένος
389 3992 620 4061 ἥμερον,
673 3985 893 4058 εὖῖχθυν
927 3985 1070 4039 οὕτω
1099 3983 1356 4053 νέμονται
1391 3978 1666 4032 θάλατταν
1711 3978 1788 4041 ὡς

200 4085 335 4155 μηδ’
391 4082 691 4143 ἀποθέτους
744 4076 1017 4131 ποιεῖσθαι
1072 4076 1201 4136 τοὺς
1257 4069 1409 4142 ίχθῦς
1472 4067 1606 4140 μηδὲ
1635 4083 1790 4138 ταρι-

195 4179 416 4249 χεύεινο
466 4172 604 4228 εἶναι
650 4172 760 4243 γὰρ
812 4170 996 4232 αὐτοῖς
1041 4167 1134 4220 ἐπὶ
1176 4166 1365 4236 χεῖρας
1394 4161 1443 4195 ⁸⁸
1474 4161 1601 4224 τοὺς
1633 4159 1787 4231 ἰχθῦς

191 4267 284 4322 διὰ
308 4266 534 4330 παντὸς,
566 4265 722 4325 ὅσους
762 4260 1061 4332 βούλονται.

1901 1963 2017 2017 Indi
2058 1978 2273 2033 quoque
2306 1964 2551 2022 ﬂuminis
2575 1970 2709 2023 ostia
2739 1986 2797 2026 se
2831 1971 3032 2026 vidisse
3062 1972 3373 2041 perhibent,
3398 1976 3487 2030 ubi

1901 2055 2097 2110 civitas
2120 2058 2298 2125 posita
2347 2068 2430 2112 cst
2460 2060 2679 2115 nomine
2708 2060 2916 2125 Patala,
2950 2062 3135 2118 ﬂuenti
3170 2063 3303 2119 Indo
3336 2066 3487 2134 adja-

1902 2161 2056 2212 cens,
2088 2161 2153 2201 eo
2182 2163 2400 2218 quoque
2444 2153 2766 2207 convenisse
2806 2155 3080 2223 quondam
3114 2157 3331 2209 tradunt
3363 2156 3491 2209 Ale-

1900 2240 2093 2293 xandri
2132 2238 2387 2308 classem,
2440 2240 2667 2313 ejusque
2715 2246 3133 2314 gubernatorem
3186 2250 3490 2318 ducemque

1898 2330 2227 2387 Nearchum.
2262 2332 2392 2401 Quae
2423 2349 2556 2390 vero
2590 2335 2658 2391 ab
2685 2336 2989 2405 Ortbagora
3016 2338 3081 2392 de
3110 2339 3300 2393 Rubro
3350 2340 3487 2393 mari

1902 2434 2217 2489 narrantur,
2272 2427 2415 2494 quod
2448 2427 2519 2481 ibi
2556 2427 2766 2483 scilicet
2817 2444 2942 2483 ursa
2979 2444 3083 2483 non
3129 2431 3485 2500 conspicitur,

1902 2528 2079 2584 neque
2108 2514 2389 2568 meridiem
2417 2514 2638 2585 signare
2686 2517 3007 2588 navigantes
3034 2530 3283 2590 possunt,
3312 2537 3487 2588 quau-

1900 2623 2063 2678 quam
2083 2608 2399 2676 apparentia
2430 2608 2505 2662 illi
2527 2621 2673 2662 aSIra
2696 2611 2940 2665 ordinem
2968 2622 3278 2680 permutant
3301 2629 3482 2678 suum,

1900 2698 2018 2752 haac
2047 2706 2101 2751 et
2130 2698 2237 2753 illis
2260 2700 2376 2752 visa
2404 2708 2554 2754 sunt.
2590 2699 2959 2756 Meminerunt
2989 2704 3154 2756 etiam
3196 2720 3374 2773 parva:
3404 2706 3485 2756 in-

1900 2787 2052 2850 sulae,
2076 2803 2236 2856 quam
2270 2788 2475 2859 Byblon
2508 2789 2801 2859 appellant,
2843 2790 2934 2846 ubi
2980 2794 3214 2847 maxima
3242 2796 3486 2865 coacliy-

1902 2880 1991 2945 lia,
2027 2880 2368 2949 muricesque
2396 2891 2451 2935 et.
2481 2892 2659 2936 ostrea
2688 2881 2904 2936 eximia:
2947 2884 3337 2953 magnitudinis
3385 2902 3485 2939 na-

1900 2973 1977 3027 sci
2023 2972 2397 3043 perhibentur.
2431 2971 2622 3029 Ostrea
2651 2989 2874 3044 quoque
2902 2978 3071 3045 petris
3115 2979 3488 3031 adnascuntur

1901 3061 2127 3131 decuplo
2167 3065 2372 3131 majora
2422 3064 2490 3118 iis
2513 3079 2633 3134 quae
2669 3066 2812 3136 apud
2843 3065 3063 3121 Graecos
3111 3067 3485 3124 inveniuntur.

1900 3153 1978 3208 lbi
2013 3156 2175 3209 etiam
2207 3156 2260 3209 in
2292 3156 2411 3209 alba
2448 3165 2585 3211 testa
2614 3157 2754 3228 lapis
2790 3160 3085 3227 margarita
3115 3161 3485 3229 capitur,qua:

1904 3248 1955 3301 in
1986 3248 2185 3303 ostreis
2214 3247 2392 3301 locum
2427 3249 2607 3304 cordis
2641 3250 2899 3305 dicuntur
2929 3251 3198 3307 obtinere.
3224 3254 3486 3324 Attigisse

1902 3350 2116 3404 quoque
2138 3335 2318 3390 ferunt
2346 3334 2688 3408 Eupegadem
2741 3337 2842 3410 [αι.
2872 3339 3169 3413 Podagem]
3203 3340 3487 3399 Oritarum

1899 3424 2177 3494 regionem
2224 3443 2236 3476 :
2271 3425 2412 3492 apud
2458 3440 2595 3494 quos
2637 3440 2802 3481 aenea:
2843 3436 2973 3481 sunt
3003 3438 3189 3497 petrae,
3222 3445 3482 3501 aeneaqne

1895 3527 2079 3574 arena,
2136 3516 2261 3568 aeris
2310 3515 2472 3567 etiam
2519 3513 2691 3569 frusta
2730 3516 2948 3571 deferre
2980 3518 3172 3573 ﬂuvios
3210 3534 3482 3585 asserunt,

1893 3614 1950 3659 et
1991 3618 2215 3660 auream
2262 3617 2463 3660 terram
2508 3608 2734 3675 ducunt,
2784 3618 3006 3678 propter
3052 3612 3285 3680 pretium
3337 3614 3482 3667 reris.

1888 3696 2084 3750 Dicunt
2111 3704 2168 3750 et
2197 3710 2257 3751 se
2285 3697 2700 3767 ichthyophagis
2729 3698 2938 3754 locutos
2967 3716 3111 3767 esse,
3144 3705 3235 3769 qui
3270 3704 3437 3758 urben
3460 3744 3484 3771 ,

1886 3789 2133 3845 incolunt
2181 3790 2399 3845 nomine
2451 3788 2681 3845 Stobera
2726 3805 2741 3845 :
2788 3792 2876 3845 ubi
2923 3807 2989 3848 ex
3036 3810 3353 3865 magnorum
3400 3800 3484 3863 pi-

1885 3883 2057 3937 scium
2092 3882 2424 3937 métnbranis
2454 3891 2632 3938 restes
2682 3883 2972 3957 intexunt;
3021 3886 3204 3955 ibique
3248 3890 3482 3957 pecudis

1885 3974 2049 4027 etiam
2087 3989 2285 4044 sapore
2311 3990 2431 4029 esse
2460 3975 2701 4042 piscibus
2750 3976 2975 4043 similes,
3009 3978 3152 4046 quod
3188 3979 3364 4047 pisces
3387 3995 3481 4033 co-

1899 4066 2140 4132 medant,
2181 4079 2408 4133 qumque
2453 4064 2678 4119 minime
2723 4074 2932 4120 natura:
2973 4081 3087 4121 sua:
3127 4068 3477 4121 conveniant.

1894 4154 2007 4210 Indi
2037 4172 2166 4210 vero
2200 4156 2456 4211 Garmani
2488 4158 2879 4226 cognominati,
2928 4173 3098 4225 genus
3132 4160 3295 4229 plane
3327 4176 3481 4213 man-

1891 4256 2130 4313 suetum,
2168 4248 2305 4301 adeo
2330 4248 2759 4317 piscosummare
2784 4249 3075 4312 accolunt,
3113 4261 3169 4304 ut
3199 4267 3478 4321 nunquam

192 4360 453 4418 servandi
500 4372 663 4413 causa
711 4355 889 4427 pisces
919 4357 1222 4422 reponant,
1272 4362 1447 4419 neque
1482 4346 1628 4417 ipsos
1672 4341 1788 4399 sale
1827 4339 2086 4395 condiant
2135 4357 2149 4395 :
2198 4347 2328 4394 sunt
2405 4341 2549 4395 enim
2598 4340 2732 4408 ipsis
2783 4350 2946 4409 captu
3017 4355 3233 4412 semper
3293 4343 3479 4397 faciles

191 4459 464 4524 quotquot
493 4448 698 4502 volunt.

264 4550 394 4601 Ὅτι
421 4546 466 4579 ⁸⁸
498 4540 872 4615 προσπλεῦσαί
903 4557 1067 4611 φησιν
1107 4537 1307 4598 αὐτοὺς
1352 4537 1445 4589 καὶ
1474 4534 1738 4603 Βαλάροις
1764 4546 1779 4563 ⁸

1966 4525 2159 4581 Valara
2201 4536 2421 4593 quoque
2468 4520 2653 4576 ferunt
2710 4520 3061 4591 applicuisse.
3104 4520 3243 4575 Sunt
3293 4531 3475 4575 autem

194 4639 465 4710 ἐμπόριον
495 4635 552 4688 δὲ
577 4634 737 4687 τοῦτο
767 4626 907 4685 εἶναι
941 4628 1138 4700 μεστὸν
1167 4627 1445 4700 μυρρινῶν
1467 4627 1513 4659 ⁸⁸
1540 4625 1637 4678 καὶ⁸
1667 4640 1788 4692 φοι-

199 4730 365 4782 νίκων
396 4729 491 4781 καὶ
535 4726 751 4795 δαφνῶν
782 4725 875 4776 καὶ
900 4723 1095 4792 κήπων
1136 4718 1456 4774 παντοδαπὰ
1490 4717 1784 4789 φερόντων.

200 4819 537 4891 Προκεῖσθαι
569 4816 624 4870 δὲ
658 4815 753 4869 τοῦ
809 4814 1011 4885 χωρίου
1057 4811 1249 4865 τούτου
1291 4809 1454 4880 νῆσον
1486 4808 1658 4876 ἱερὰν,
1694 4805 1790 4857 καὶ

196 4913 486 4970 καλεῖσθαι
524 4914 721 4981 Σέλιρα
779 4909 849 4962 ⁸⁷.
879 4906 1097 4977 Ταύτης
1126 4907 1172 4938 ⁸³
1201 4906 1298 4975 τῆς
1326 4905 1491 4974 νήσου
1530 4901 1598 4954 τὰ
1634 4900 1681 4931 ⁸ο
1703 4916 1790 4951 τε-

194 5006 494 5080 τραμμένα
523 5005 659 5077 πρὸς
688 5002 750 5056 τὸ
767 5001 1002 5069 πέλαγος
1024 4998 1143 5052 ἐστὶ
1166 4998 1264 5069 μὲν
1295 4995 1522 5067 ἄπειρος
1560 4991 1783 5063 πυθμὴν

196 5098 503 5166 θαλάσσης,
536 5095 692 5166 φέρει
720 5092 764 5145 δ’
792 5092 1014 5160 ὄστρεον
1046 5091 1104 5142 ὲν
1133 5088 1341 5158 ὲλύτρῳ
1375 5084 1552 5155 λευκῷ
1589 5081 1785 5154 μεστὸν

196 5187 470 5256 πιμελῆς·
501 5184 756 5254 οὐδὲγὰρ
796 5181 945 5236 λίθον
998 5182 1123 5245 φύει
1168 5178 1379 5231 οὐδένα.
1427 5175 1673 5244 Γαλήνην
1726 5171 1784 5225 δὲ

195 5276 658 5345 ὲπιφυλάξαντες,
684 5276 780 5330 καὶ
835 5272 933 5345 τὴν
963 5272 1234 5326 θάλατταν
1262 5269 1415 5322 αὐτοὶ
1450 5269 1494 5299 ⁰⁰
1527 5269 1592 5337 τῇ
1629 5266 1784 5334 ἐπιρ-

1886 4618 2081 4673 Valara
2147 4616 2451 4684 emporium
2512 4613 2709 4685 myrtis
2775 4613 3089 4685 palmisque
3134 4614 3472 4669 abundans:

1885 4712 2069 4765 lauros
2108 4722 2324 4779 quoque
2374 4707 2694 4771 nonnullas,
2741 4715 2800 4761 et
2857 4706 3043 4760 hortos
3090 4706 3356 4776 plurimos
3400 4706 3476 4760 ibi

1886 4805 2057 4861 videri
2098 4805 2318 4858 tradunt
2362 4801 2615 4855 omnibus
2657 4799 3018 4854 abundantes.
3069 4798 3326 4870 Opposita
3391 4809 3476 4856 est

1892 4906 2068 4952 autem
2098 4893 2307 4964 regioni
2340 4892 2417 4947 illi
2447 4906 2604 4947 sacra
2632 4891 2835 4955 insula,
2865 4907 3025 4961 quam
3052 4891 3223 4947 Selira
3255 4905 3474 4949 vocant.

1892 4987 2007 5055 Qua
2056 4994 2211 5055 parte
2255 4984 2429 5038 insula
2482 4982 2709 5052 pelagus
2761 4981 3027 5051 respicit,
3082 4982 3351 5037 immensa
3395 4994 3479 5037 est

1892 5078 2057 5131 maris
2082 5074 2331 5129 altitudo.
2358 5070 2487 5128 Fert
2516 5079 2700 5126 autem
2726 5082 2908 5127 ostrea
2942 5080 3077 5128 testa
3097 5073 3215 5128 alba
3247 5075 3476 5143 pingue-

1829 5161 1833 5165 ’
1890 5168 2017 5223 dine
2062 5165 2300 5229 refecta,
2350 5162 2584 5233 lapidem
2628 5162 2829 5233 328a
2880 5163 3083 5218 nullum
3144 5166 3474 5233 producunt.

1892 5257 2021 5315 Inde
2057 5259 2224 5313 maris
2267 5254 2720 5325 tranquillitatem
2762 5255 3136 5319 observantes,
3179 5269 3329 5310 mare
3358 5253 3477 5307 oleo

1520 5441 1752 5497 VARI/IS
1785 5435 2195 5495 LECTIONES.

277 5593 323 5625 "
351 5589 581 5663 zblehv
607 5590 697 5663 AL
766 5588 823 5663 _"’
850 5587 1123 5663 θάλασσαν
1145 5603 1220 5663 μς.

197 5672 333 5734 post
369 5658 471 5732 μὴν
502 5658 556 5734 et
655 5658 698 5734 ξ¹⁷
730 5659 789 5709 τί)
814 5659 946 5734 add.
974 5660 1039 5709 A.

200 5728 581 5810 suae“:
617 5728 928 5810 εδιτπιιάξβις
964 5744 1071 5810 ς,-,.
1130 5728 1175 5810 εῖτ
1205 5741 1277 5810 φεπε

201 5805 252 5836 ⁸⁵
274 5796 530 5874 ⁷μυρίνων
558 5817 619 5863 ς.
689 5796 960 5866 "nam:
986 5797 1105 5849 AB:
1135 5796 1327 5866 Σερίλα
1361 5811 1419 5856 ς,

527 5894 800 5953 Parnm.
848 5890 964 5949 Gn.
1017 5889 1171 5946 Clll.

1130 5726 1175 5756 δ’
1205 5721 1359 5794 φασὶ]
1402 5739 1479 5785 ιιι,

1160 5603 1220 5649 ς,
1310 5583 1354 5614 ⁷³
1384 5596 1547 5648 φασιν
1577 5583 1750 5642 οὕτως
1776 5597 1837 5644 ς.
1912 5583 1962 5614 τι
1994 5583 2266 5643 εντευυεν]
2319 5586 2417 5635 ιιι,
2448 5583 2535 5626 5t.
2641 5583 2684 5605 "
2710 5583 2804 5623 και
2856 5583 2983 5641 μην]
3036 5586 3111 5635 ιιι,
3145 5583 3233 5624 52.

1145 5658 1189 5686 τε
1224 5653 1495 5706 συνελθεῖν
1524 5668 1584 5713 ς.
1661 5651 1707 5681 ⁷³
1740 5646 1844 5719 ὅτι]
1870 5647 1951 5708 Ill,
1985 5646 2075 5700 54·
2127 5643 2397 5719 firmat!
2427 5642 2515 5695 ΑΒ
2542 5660 2573 5719 Δε
2612 5644 2775 5719 (εασὶν
2799 5659 2866 5719 ,ςο
2904 5641 3031 5694 “rm
3058 5657 3124 5719 νς,
3149 5644 3255 5719 __3‘_-

1697 5720 1746 5751 ⁸³
1770 5712 1979 5774 τούτοις
2012 5733 2051 5781 ς
2124 5713 2169 5746 ⁸⁸
2198 5714 2288 5785 ἐπὶ
2311 5713 2499 5785 χεῖρας
2528 5712 2604 5785 A__:
2637 5712 2917 5785 équt'ifac
2949 5728 3008 5774 ς.
3080 5713 3124 5743 ⁸⁸
3145 5713 3251 5785 ὅτι]
3280 5728 3361 5783 ιιι,

1506 5792 1551 5821 ⁸⁸
1574 5787 1801 5859 ταύτης]
1837 5780 2033 5843 "1.57.
2086 5788 2129 5818 "9
2157 5784 2228 5837 τὰ
2257 5780 2381 5838 add.
2403 5780 2481 5836 7A.
2554 5782 2599 5813 ⁹⁶
2624 5784 2772 5834 αὐτοὶ
2795 5780 2837 5834 Β
2868 5790 2919 5836 et
2955 5795 3096 5836 corr.
3132 5783 3174 5834 A
3200 5780 3388 5857 ;”αὖτῇ
3412 5802 3473 5851 ς.

2319 5572 2535 5635 ιιι,51.
2640 5571 2684 5605 η
2710 5571 2804 5623 και
2856 5569 2984 5641 μὴν]
3036 5586 3111 5635 ιιι,
3145 5570 3233 5624 52.
3311 5572 3480 5627 "ut

1912 5577 1962 5614 τι
1994 5570 2266 5643 ἐντεῦθεν]

3351 5644 3393 5676 αι

3087 5873 3167 5933 39
