3954 6440
520 433 652 497 1227

1677 428 1934 490 ΡΗΟΤΙΙ
1974 429 2484 488 PATRIARCH/E
2522 431 2629 489 (ΣΡ.

3630 437 3729 504 1%

519 552 698 606 infuso
730 546 962 613 leniunt,
994 555 1046 600 et
1083 553 1211 600 tunc
1243 543 1359 598 Indi
1387 546 1452 598 aal
1485 554 1667 598 ostrea
1695 544 1959 612 capienda
1994 543 2102 596 uri-

2212 542 2306 610 ροᾔ
2363 540 2457 592 τοῦ
2521 541 2702 593 ἐλαίου
2751 539 3061 608 λεάναντες,
3089 543 3416 598 καταδύεται
3461 561 3536 608 τις
3565 546 3641 600 ἐπὶ
3659 551 3732 622 τὴν

514 644 695 697 nanlo
715 657 774 696 se
791 647 1136 708 demergunt,
1163 640 1235 692 ita
1265 639 1514 692 instructi
1542 637 1824 706 paratique
1855 647 2001 699 sunt,
2033 635 2106 688 si-

513 751 599 787 ent
637 736 667 785 ii
700 734 792 803 qui
836 732 1094 802 spongias
1129 741 1390 802 carpunt.
1434 730 1530 785 Est
1565 739 1746 783 autem
1781 729 1846 782 iis
1894 727 2106 783 ferreus

517 828 672 890 later,
727 834 782 878 et
848 824 1184 879 alabastrum
1247 823 1529 892 unguenti,
1588 833 1748 890 atque
1815 823 1886 874 ita
1942 835 2107 889 prope

513 930 692 972 ostrea
724 917 1072 971 considentes
1111 915 1226 969 Indi
1261 921 1552 983 unguento,
1572 915 1727 981 quasi
1747 927 1869 968 esca
1906 913 1973 966 ad
2008 911 2107 966 fal-

515 1010 729 1064 lendum
761 1021 1007 1074 utuntur,
1043 1019 1171 1063 tunc
1202 1008 1520 1077 aperiuntur
1557 1017 1747 1061 ostrea
1775 1015 1830 1060 et
1864 1021 2107 1076 unguen-

518 1113 569 1154 to
604 1100 990 1154 inchrianlttr:
1030 1099 1156 1152 dein
1192 1097 1375 1151 ferreo
1406 1097 1547 1166 stylo
1584 1095 1866 1166 perforata
1894 1096 2104 1150 saniem

515 1194 806 1262 quamdam
845 1192 1123 1252 emittunt,
1165 1189 1304 1242 hanc
1337 1198 1567 1242 venator
1597 1187 1774 1242 ferreo
1817 1187 1988 1242 latere
2011 1187 2126 1241 ex—"

516 1286 670 1356 cipit,
703 1285 794 1355 qui
833 1285 886 1338 in
918 1283 1097 1336 varias
1117 1281 1556 1350 multiplicesque
1588 1279 1798 1336 formas
1837 1294 2104 1334 concava-

519 1389 607 1433 tus
646 1388 768 1432 est:
802 1392 865 1430 ea
910 1390 1040 1430 vero
1079 1383 1203 1443 post
1240 1373 1461 1428 modum
1497 1372 1679 1427 sanies
1721 1372 2006 1443 Iapidescit
2047 1387 2102 1425 m

519 1472 734 1524 modum
769 1467 1032 1522 naturalis
1065 1466 1396 1535 margaritae,
1428 1479 1550 1534 qua:
1583 1463 1740 1518 albus
1766 1473 1850 1519 est
1882 1465 2104 1533 sanguis

515 1581 582 1620 ex
612 1565 799 1619 Rubro
839 1563 998 1616 mari.
1036 1561 1265 1630 Reliqua
1303 1559 1471 1614 maris
1500 1559 1663 1627 hujus
1701 1574 1828 1629 pars
1859 1558 1972 1613 fera
1994 1567 2099 1625 est,

516 1660 784 1728 impacata
831 1664 966 1711 tota.
999 1652 1129 1708 Cete
1161 1653 1325 1707 etiam
1353 1651 1462 1706 illic
1511 1650 1795 1722 aggregari
1834 1650 2099 1706 feruntur.

516 1752 855 1819 QttaprOptcr
883 1761 1048 1801 naves
1078 1745 1260 1800 tutela:
1277 1759 1442 1800 causa
1464 1742 1825 1799 tintinnabula
1851 1743 2099 1811 quaedam

514 1856 624 1899 tam
652 1859 680 1898 a
707 1857 892 1912 prora,
916 1854 1079 1910 quam
1114 1854 1144 1893 a
1167 1837 1330 1910 puppi
1359 1836 1633 1901 deferunt,
1656 1850 1887 1900 quorum
1921 1834 2099 1888 sonitu

2216 632 2396 702 θήραν
2427 633 2523 685 τοῦ
2549 632 2799 703 ὀστρέου,
2819 632 2948 704 [555
2977 633 3068 706 IL]
3091 635 3158 688 τὰ
3178 635 3276 707 μὲν
3300 635 3435 690 ἄλλα
3454 655 3736 694 κατασκευα-

2212 724 2449 792 σάμενος
2478 721 2666 795 ὥσπερ
2698 724 2746 776 οἱ
2797 723 2896 788 τὰς
2956 726 3226 794 σπογγιάς
3262 728 3548 796 κείροντες,
3575 730 3672 782 ἐστι
3696 733 3736 785 δὲ

2208 813 2359 884 αὐτῷ
2381 815 2474 867 καὶ
2508 815 2722 879 πλινθὶς
2753 816 2952 888 σιδηρᾶ
2999 819 3095 872 καὶ
3143 819 3482 891 ἀλάϐαστρον
3514 822 3553 852 ⁹¹
3587 823 3737 893 μύρου.

2211 905 2532 978 Παριζήσας
2579 908 2674 965 οὖν
2707 913 2736 964 ὁ
2763 911 2926 975 Ἰνδὸς
2966 911 3046 982 τῷ
3071 913 3278 986 ὀστρέῳ
3319 914 3510 984 δέλεαρ
3542 915 3740 970 αὐτοῦώ

2212 1001 2385 1072 μύρον
2426 1006 2661 1056 ποιεῖται
2686 1021 2701 1036 ο
2726 1004 2786 1058 τὸ
2811 1006 2870 1058 δὲ
2917 1007 3234 1075 ἀνοίγνυται
3258 1025 3315 1058 τε
3342 1007 3438 1060 καὶ
3477 1007 3646 1076 μεθύει
3677 1011 3741 1062 ὑπ’

2212 1095 2404 1158 αὐτοῦ,
2447 1097 2658 1168 κέντρῳ
2685 1115 2743 1151 τε
2774 1097 3054 1151 διελασθὲν
3089 1100 3132 1130 ³³
3169 1099 3438 1152 ἀποπτύει
3465 1101 3552 1152 τὸν
3581 1102 3740 1172 ἰχῶρα·

2207 1187 2234 1238 ὁ
2267 1187 2322 1240 δὲ
2353 1187 2626 1258 ἐνδέχεται
2669 1189 2837 1244 αὐτὸν
2891 1193 2958 1261 τῇ
3002 1191 3234 1244 πλινθίδι
3273 1190 3482 1255 τύπους
3511 1191 3554 1224 ⁸⁸
3578 1191 3742 1262 ὁρωρν.

2207 1279 2406 1350 γμένῃ.
2439 1280 2700 1334 Λιθοῦται
2723 1281 2779 1334 δὲ
2805 1281 2867 1335 τὸ
2894 1282 3146 1336 ἐντεῦθεν
3167 1283 3260 1338 καὶ
3287 1283 3597 1354 ῥυθμίζεται
3615 1285 3742 1337 καθὰ-

2209 1386 2316 1440 περ
2345 1371 2379 1439 ή
2409 1369 2568 1438 φύσει
2601 1373 2901 1443 μαργαρὶς,
2962 1369 3102 1444 αἷμα
3133 1376 3179 1406 ³⁸
3225 1375 3417 1428 λευκδν
3455 1376 3515 1440 ἐξ
3557 1375 3743 1447 ἐρυθρᾶς

2207 1461 2304 1531 τῆς
2332 1461 2629 1535 θαλάσσης.
2659 1465 2733 1518 Τὸ
2760 1465 2817 1518 δὲ
2875 1467 3124 1520 ἐντεῦθεν
3163 1467 3408 1538 θηριώδη
3454 1468 3549 1537 μὲν
3573 1469 3658 1534 τὴν
3678 1471 3746 1522 0d-

2207 1550 2415 1606 λασσαν
2469 1547 2608 1607 εἶναι
2672 1557 2873 1619 πᾶσαν,
2928 1556 3294 1625 ἀγελάζεσθαι
3349 1557 3406 1610 δὲ
3447 1560 3505 1610 ὲν
3555 1559 3673 1629 αὐτῇ
3699 1563 3746 1613 τὰ

2207 1643 2371 1714 κήτη,
2407 1643 2506 1708 τὰς
2528 1645 2584 1698 δὲ
2615 1647 2745 1710 ναῦς
2783 1647 2965 1718 ἔρυμα
3005 1649 3196 1702 τούτου
3225 1649 3623 1719 κωδωνοφορεῖν
3642 1654 3746 1703 κατὰ

2208 1733 2466 1806 πρύμναν
2502 1753 2564 1790 τε
2598 1737 2693 1791 καὶ
2723 1737 2975 1810 πρῶραν,
3001 1739 3111 1810 τὴν
3137 1739 3194 1792 δὲ
3234 1738 3352 1810 ἠχὼ
3377 1739 3679 1810 ἐκπλήττειν
3701 1746 3746 1794 τὰ

2207 1827 2394 1898 θηρία.
2458 1829 2956 1894 Καταπλεύσαντες
3011 1833 3056 1862 ³⁵
3096 1831 3152 1884 δὲ
3190 1833 3270 1895 εἰς
3297 1831 3401 1892 τὰς
3447 1831 3656 1894 ἐκϐολάς
3679 1833 3744 1883 τοῦ

518 1895 824 1992 ἰέἶὲέιᾶοιὲε
867 1895 1062 1988 beilua:
1091 1895 1318 1986 navibus
1345 1944 1450 1984 non
1487 1895 1941 1999 appropinquant.
1979 1924 2103 1980 Post

2210 1895 2499 1988 Εύιρράτου
2564 1921 2731 1989 φασὶν
2801 1924 2859 1984 ἐς
2931 1921 3229 1975 Βαϐυλῶνα
3289 1921 3358 1974 δι’
3423 1921 3587 1974 αὐτοῦ
3646 1923 3743 1976 ἀνα-

515 2031 634 2084 Ιιαξο
661 2029 886 2098 ingressi
921 2026 1060 2081 ostia
1100 2023 1418 2094 Euphratis,
1445 2022 1597 2076 aiunt
1625 2022 1750 2076 inde
1771 2018 2102 2088 Babylonem

517 2120 899 2189 adnavigasse.

589 2208 797 2275 Quarto
834 2208 972 2261 libro
1009 2206 1141 2262 nihil
1174 2207 1316 2261 aliud
1341 2220 1504 2276 quam
1547 2203 1755 2259 fabulas
1788 2202 2104 2256 mendacia-

515 2294 622 2371 que
646 2304 710 2356 ad
746 2301 1031 2372 Apollonio
1052 2299 1493 2367 gratiﬁcandum,
1518 2311 1751 2365 eumque
1777 2294 2103 2348 laudandum

517 2395 785 2447 conﬁnxit
829 2390 1283 2466 [PhilostmtusL
1345 2378 1590 2456 Europae,
1622 2388 1928 2456 Africaeque
1982 2401 2106 2455 pro-

516 2488 786 2539 montoria
828 2485 1132 2539 stadiorum
1175 2484 1456 2550 sexaginta
1509 2481 1686 2534 sinum
1735 2478 2103 2543 continentia,

515 2577 789 2633 Oceanum
819 2575 895 2628 .ad
940 2585 1169 2628 externa
1210 2573 1379 2624 maria
1423 2569 1755 2632 immittunt,
1808 2580 1861 2621 et
1909 2568 2105 2621 Africa:

514 2674 731 2742 quidem
767 2670 1194 2742 promontorium
1233 2667 1455 2721 nomine
1484 2664 1678 2737 Abyla,
1711 2664 1898 2719 leones
1937 2663 2106 2718 conti-

516 2774 632 2830 net,
659 2765 712 2818 in
743 2760 1050 2832 superciliis
1084 2759 1349 2814 moutimn
1386 2757 1715 2811 habitantes.
1736 2752 1875 2826 Ejus
1908 2753 2105 2808 montis

514 2857 748 2911 interior
778 2869 905 2925 pars
934 2855 999 2908 ad
1032 2851 1261 2907 Gctulos
1293 2848 1602 2919 Tingasqtte
1624 2849 1878 2917 pertinet,
1917 2856 2106 2913 gentes

513 2949 729 3014 efferas,
764 2960 928 3017 atque
957 2947 1209 3015 Libycas.
1241 2944 1347 2998 Per
1378 2942 1656 2998 Oceanum
1692 2955 1819 2996 vero
1851 2941 2108 3009 navigan-

517 3043 664 3097 tibus
696 3042 872 3096 stadia
936 3048 1207 3109 nongenta
1253 3036 1596 3106 protenditur
1635 3047 1806 3103 usque
1853 3035 1920 3086 ad
1960 3032 2107 3086 Sale-

515 3137 593 3188 cis
625 3133 864 3187 (luminis
913 3133 1071 3186 ostia.
1123 3129 1275 3184 lllinc
1329 3138 1511 3182 autem
1555 3138 1820 3197 quantum
1877 3125 2105 3178 ulterius

514 3230 892 3296 protendatur,
922 3238 1026 3277 non
1057 3221 1218 3275 facile
1242 3219 1552 3288 conjectare
1577 3217 1702 3286 quis
1729 3223 1934 3286 posset.
1968 3212 2100 3265 Nam
2127 3238 2172 3299 ρ

512 3326 636 3386 post
661 3330 780 3368 eum
823 3313 1043 3368 [luvium
1089 3312 1297 3365 deserta
1349 3306 1532 3361 Africa
1574 3315 1677 3371 est,
1715 3321 1813 3358 nec
1853 3304 2105 3356 homines

514 3409 656 3462 ultra
685 3408 1024 3474 reperiuntur
1060 3402 1178 3456 ulli.
1212 3400 1442 3468 EurOpae
1468 3397 1900 3468 promontorium
1921 3392 2104 3463 Calpis

514 3501 744 3563 dictum,
798 3498 1025 3550 dextera
1071 3493 1470 3562 navigationem
1516 3490 1760 3542 continet
1804 3487 2102 3540 stadiorum

515 3599 931 3652 sexcentorum,
976 3588 1408 3654 terminaturque
1432 3585 1498 3636 ad
1538 3581 1795 3651 antiquas
1831 3579 2032 3634 Gades.

591 3773 790 3829 Oceani
810 3769 1197 3826 conversiones
1219 3765 1335 3834 ipse
1361 3778 1577 3833 quoque
1608 3760 1748 3829 apud
1774 3759 1952 3813 Celtas
1973 3757 2107 3811 talus

518 3860 736 3930 aspexi,
778 3856 969 3927 quales
998 3856 1163 3910 etiam
1209 3853 1349 3905 fama
1391 3849 1665 3905 feruntur.
1707 3850 1942 3905 Causam
1977 3861 2106 3899 vero

516 3963 891 4018 smpeuumero
923 3946 1262 4016 ronjectans,
1305 3943 1374 3995 ob
1409 3959 1569 4010 quam
1608 3952 1714 3993 tam
1761 3947 1972 3992 vastum
2011 3952 2104 4005 pe-

517 4046 672 4114 lagus
713 4041 936 4095 accedat
964 4039 1293 4106 recedalque
1320 4034 1589 4088 invenisse
1612 4029 1951 4101 Apollonium
1981 4044 2108 4080 evn-

519 4150 633 4196 sco,
668 4134 756 4199 qui
791 4132 844 4184 in
881 4146 1068 4183 earum
1103 4143 1232 4191 una,
1265 4141 1400 4195 quas
1425 4123 1488 4177 ad
1527 4122 1684 4177 Indos
1720 4120 1958 4189 scripsit,
1993 4119 2107 4186 cpi-

519 4228 681 4290 stola,
720 4227 796 4278 ait
833 4222 1107 4278 Oceanum
1138 4235 1166 4273 a
1204 4218 1378 4273 ventis
1408 4218 1506 4270 snh
1536 4230 1673 4285 aqua
1714 4211 2106 4267 exsistcntibus

519 4319 850 4388 impulsum,
897 4330 962 4370 ex
999 4313 1186 4367 multis
1232 4310 1469 4364 hiatibus
1498 4323 1636 4377 quos
1678 4314 1865 4360 ventos
1908 4304 2103 4372 partim

517 4413 620 4466 sub
665 4411 780 4478 ipso
811 4448 824 4474 ,
869 4406 1064 4476 partim
1107 4403 1305 4474 328b
1345 4402 1396 4453 in
1442 4409 1585 4453 terra
1628 4398 1771 4451 circa
1814 4396 1988 4462 ipsum
2039 4397 2105 4448 ad

516 4504 786 4559 exteriora
819 4499 1062 4560 diﬂ'undi,
1093 4513 1157 4549 ac
1183 4509 1373 4548 rursus
1411 4490 1776 4550 retrocedere,
1814 4497 2101 4556 postquam

2209 2007 2462 2064 πλεῦσαι.

2282 2185 2404 2238 ’Ὀτι
2446 2187 2474 2238 ὁ
2494 2185 2536 2239 δ’
2563 2186 2720 2255 λόγος
2748 2187 2902 2241 οὐδὲν
2926 2187 3042 2241 ἄλλ’
3079 2188 3111 2258 ἦ
3167 2187 3328 2258 μῦθοι
3357 2188 3455 2241 καὶ
3500 2189 3742 2258 πλάσματα

2209 2277 2266 2340 ἐς
2295 2280 2359 2330 τὸ
2412 2278 2759 2352 Ἀπολλωνίῳ
2815 2282 3214 2352 κεχαρισμένον
3281 2280 3378 2334 καὶ
3443 2283 3541 2334 σὺν
3589 2283 3746 2349 ἐπαὶνῳ

2209 2368 2624 2442 θαυμαζόμενον
2653 2374 2730 2444 τῷ
2753 2373 3100 2445 Φιλοστράτῳ
3143 2373 3582 2442 συγγέγραπται.
3609 2375 3747 2427 "Oti"

2209 2461 2479 2532 Εὐρώπης
2526 2464 2623 2517 καὶ
2680 2464 2888 2537 Λιϐύης
2953 2465 3119 2536 ἄκραι
3186 2467 3419 2519 σταδίων
3459 2467 3501 2533 ξ’
3556 2467 3748 2540 πορθμὸν

2208 2554 2561 2626 ὲπέχουσαι¹⁹⁷
2594 2558 2684 2610 τὸν
2708 2559 2961 2612 Ὠκεανὸν
2991 2561 3046 2621 ὲς
3078 2558 3146 2612 τὰ
3175 2559 3280 2624 ἔξω
3309 2561 3522 2630 πελάγη
3543 2563 3745 2631 φέρουσι·

2209 2647 2303 2698 καὶ
2329 2648 2429 2717 τὴν
2459 2647 2555 2717 τῆς
2584 2648 2791 2718 Λιϐύης
2822 2651 2999 2720 ἄκραν
3029 2649 3219 2720 (ὄνομα
3246 2651 3450 2721 δἀὐτῇ
3475 2651 3677 2703 Ἀϐιννι
3698 2653 3743 2723 ⁸⁸)

2207 2737 2424 2802 λέοντες
2478 2739 2884 2811 ὑπερνέμονται
2932 2743 3063 2812 περὶ
3092 2742 3190 2805 τὰς
3226 2741 3408 2811 ὀφρῦς
3443 2742 3549 2796 τῶν
3572 2744 3747 2812 ὁρῶν,ἂ

2208 2831 2339 2882 εἵσω
2361 2832 2778 2902 ὑπερφαίνεται,
2814 2834 3192 2888 συνάπτουσαν
3218 2836 3263 2866 ⁹⁹
3314 2835 3455 2905 πρὸς
3481 2835 3748 2896 Γαιτούλους

2207 2940 2266 2975 τε
2293 2926 2385 2976 καὶ
2415 2923 2646 2993 Τίγγας,
2706 2926 2873 2997 ἄμφω
2925 2926 3166 2997 θηριώδη
3233 2930 3329 2980 καὶ
3375 2928 3587 2981 Λιϐυκὰ
3633 2930 3744 2999 ἔθνη.

2211 3017 2534 3087 Παρατείνει
2562 3017 2618 3070 δὲ
2645 3018 2928 3072 ἐσπλέοντι
2961 3019 3051 3072 τὸν
3077 3018 3331 3072 Ὠκεανὸν
3373 3021 3540 3092 μέχρι
3568 3022 3652 3090 μὲν
3672 3022 3746 3072 τῶν

2210 3107 2447 3161 ἐκϐολῶν
2477 3107 2571 3160 τοῦ
2607 3110 2850 3178 Σάληκος
2880 3111 3170 3164 ἐννακόσια
3205 3112 3421 3176 στάδια,
3445 3114 3504 3166 τὸ
3532 3115 3584 3167 δὲ
3604 3114 3743 3165 ἐντεῦο

2207 3201 2296 3254 θεν
2330 3203 2431 3254 οὐκ
2469 3201 2536 3255 ἂν
2568 3204 2836 3272 συμϐάλοι
2867 3205 2883 3235 ¹
2910 3221 2992 3268 τις
3022 3205 3193 3256 ὁπόσα
3213 3221 3226 3234 ·
3271 3205 3414 3274 μετά
3447 3205 3553 3277 γὰρ
3580 3207 3655 3258 τὸν
3676 3222 3742 3256 ποι

2209 3296 2382 3364 ταμὸν
2444 3295 2634 3348 τοῦτον
2685 3296 2836 3360 ἄϐιος
2871 3299 2905 3365 ἡ
2952 3297 3128 3366 Λιϐύη
3155 3295 3317 3369 [1009
3366 3297 3463 3370 R.]
3495 3300 3584 3352 καὶ
3611 3300 3744 3350 ούλὲτε

2209 3386 2510 3457 ἅνθρωποι.
2543 3387 2616 3440 Τὸ
2655 3388 2711 3441 δὲ
2749 3389 2846 3459 τῆς
2902 3389 3172 3461 Εὐρώπης
3207 3391 3656 3462 ἀκριοτήριον,ὃ⁸
3678 3410 3745 3443 κα-

2205 3479 2378 3532 λεῖται
2444 3479 2683 3546 Κάλπις,
2737 3481 2888 3548 δεξιά
2945 3483 3044 3554 μὲν
3085 3483 3274 3554 ἐπέχει
3316 3484 3414 3537 τοῦ
3447 3485 3629 3538 ἑσπλου
3653 3503 3745 3537 στα-

2207 3570 2336 3623 δίων
2400 3571 2708 3636 ἑξακοσίων
2769 3574 2964 3644 μῆκος,
2993 3575 3150 3646 λήγει
3181 3576 3236 3629 δὲ
3278 3579 3336 3640 ἐς
3368 3577 3439 3631 τά
3469 3580 3653 3650 ἀρχαῖα
3677 3579 3745 3630 Γά-

2205 3661 2382 3733 δειρα.

2281 3755 2323 3804 Τ
2328 3755 2392 3818 ὰς
2418 3754 2437 3786 ³
2463 3755 2520 3808 δὲ
2549 3756 2643 3808 τοῦ
2673 3757 2929 3812 Ὠκεανοῦ
2979 3759 3190 3830 τροπὰς
3223 3760 3316 3813 καὶ
3341 3762 3512 3825 αὐτὸς
3543 3763 3632 3832 μὲν
3656 3762 3746 3829 περὶ

2209 3847 2469 3911 Κελτοὺς,
2499 3849 2686 3917 φησὶν,
2748 3847 2888 3902 εἶδον
2919 3851 2938 3881 ⁸
2971 3853 3153 3905 ὁποῖαι
3187 3853 3476 3921 λέγονται·
3506 3856 3598 3926 τὴν
3623 3856 3667 3908 δὲ
3686 3856 3744 3906 αὶ·

2205 3940 2328 3992 τίαν
2352 3941 2442 3992 ἐπὶ
2473 3942 2644 3994 πολλὰ
2670 3943 2928 4009 εἰκάζων,
2947 3944 3014 3997 δι’
3041 3946 3106 4016 ἣν
3133 3945 3359 4016 ἄπειρον
3388 3947 3535 4000 οὕτω
3566 3949 3745 4013 πέλαγος

2207 4031 2474 4101 ἐπιχωρεῖ
2521 4048 2578 4083 τε
2610 4033 2630 4064 ⁵
2662 4033 2756 4085 καὶ
2814 4033 3148 4101 ἀνασπᾶται,
3185 4034 3324 4088 δοκῶ
3349 4053 3447 4105 μοι
3481 4037 3566 4090 τὸν
3602 4034 3745 4088 ’Λποὶ-

2207 4122 2399 4176 λώνιον
2431 4124 2774 4194 ἐπεσκέφθαι
2806 4126 2866 4178 τὸ
2889 4125 2969 4178 ὃν.
3014 4128 3102 4180 Ἑν
3126 4130 3223 4199 μιᾷ
3259 4129 3366 4200 γὰρ
3386 4131 3498 4182 τῶν
3532 4130 3650 4200 πρὸς
3683 4131 3746 4180 Ἰνο

2206 4215 2330 4278 δοὺς
2361 4217 2660 4270 ἐπιστολῶν
2691 4218 2781 4271 τὸν
2813 4219 3066 4273 Ὠκεανόν
3097 4238 3260 4291 φησιν
3294 4222 3548 4294 ύφύδροις
3577 4222 3744 4276 sitam-'1.

2212 4326 2372 4377 μενον
2399 4309 2706 4379 πνεύμασιν
2727 4314 2791 4364 ἐκ
2825 4311 3038 4365 πολλῶν
3059 4314 3379 4383 χασμάτων,
3411 4315 3449 4368 ἂ
3473 4317 3558 4368 ὑπ’
3575 4313 3744 4383 αύτῷτε

2209 4401 2305 4454 καὶ
2340 4403 2467 4473 περὶ
2494 4402 2658 4455 αὐτὸν
2690 4405 2723 4475 ή
2754 4404 2825 4473 γῆ
2875 4405 3199 4475 παρέχεται,
3244 4410 3446 4476 χωρεῖν
3488 4411 3542 4471 ἐς
3585 4406 3742 4470 τὸὲξω,

2209 4494 2304 4546 καὶ
2324 4495 2628 4565 ἀναχωρεῖν
2671 4496 2853 4562 πάλιν,
2889 4496 3111 4549 ἐπειδάν
3157 4496 3349 4567 ὥσπερ
3397 4495 3580 4569 ἆσθμα
3608 4501 3743 4551 ὑπονο-

517 4606 770 4656 tanquam
816 4590 1128 4654 anhelitus,
1175 4594 1366 4639 ventus
1410 4584 1628 4637 resedit.
1679 4581 1814 4634 lluic
1860 4581 2103 4649 Opinioni

2212 4587 2385 4659 στήσῃ
2419 4587 2439 4617 ⁸
2473 4587 2533 4638 τὸ
2594 4586 2834 4656 πνεῦμα.
2883 4587 3180 4643 Πιστοῦται
3248 4590 3306 4643 δὲ
3370 4593 3502 4645 αὐτὸ
3554 4593 3646 4645 κάκ
3671 4588 3742 4642 τῶι

519 4687 680 4741 iidem
716 4685 864 4745 facit,
901 4683 1043 4750 quod
1082 4693 1217 4748 apus
1250 4678 1430 4732 Gades
1463 4671 1852 4744 mgrotantibus
1883 4672 2099 4726 accidit.

520 4779 655 4833 Nam
681 4793 784 4845 quo
809 4785 1052 4843 tempore
1086 4785 1345 4826 crescens
1371 4785 1508 4838 aqua
1556 4761 1827 4836 regionem
1858 4765 2105 4826 ittundat,

520 4869 714 4924 anima:
746 4867 1100 4921 moribundos
1123 4879 1229 4916 non
1256 4863 1533 4922 deserunt,
1561 4857 1704 4928 quod
1731 4857 1976 4926 profecto
2001 4871 2107 4910 non

519 4962 785 5023 eveniret,
812 4959 914 5013 nisi
944 4957 1170 5026 spiritus
1194 4954 1310 5022 ipse
1337 4954 1389 5004 in
1422 4963 1621 5005 terram
1657 4950 1955 5005 secederet.
1981 4949 2111 5015 Quae

520 5065 701 5109 autem
745 5052 895 5106 circa
948 5049 1131 5102 lunam
1183 5059 1448 5114 apparere
1500 5045 1719 5107 dicunt,
1770 5051 2106 5104 nascentem,

519 5148 733 5219 plenam
760 5155 813 5200 et
850 5136 1286 5202 decrescentem,
1321 5136 1508 5190 eadem
1545 5137 1723 5190 omnia
1758 5136 1902 5189 circa
1933 5133 2104 5189 Ocea-

522 5256 648 5294 num
687 5239 800 5292 lieri
839 5229 1224 5288 animadverti.
1269 5228 1398 5298 Ejus
1430 5229 1574 5282 enim
1609 5241 1900 5280 mensuras
1931 5226 2109 5294 sequi-

523 5341 612 5386 tur
641 5329 800 5386 simul
823 5344 942 5382 cum
973 5327 1087 5393 ipsa
1122 5323 1448 5378 decrescens
1474 5335 1898 5391 augescensquc.
1923 5331 1972 5372 et
1999 5334 2102 5370 nox

2205 4679 2537 4737 νοσούντωντ
2558 4679 2722 4748 περὶ⁸
2752 4678 2986 4752 Γάδειρα
3012 4697 3025 4710 ·
3054 4681 3143 4734 τὸν
3176 4681 3284 4752 γὰρ
3321 4686 3511 4755 χρόνον
3534 4685 3587 4736 ὃν
3615 4683 3744 4750 πλημ-

2217 4772 2382 4841 μυρεῖ
2413 4770 2473 4822 τὸ
2499 4768 2646 4840 ὕδωρ
2665 4809 2681 4835 ,
2711 4771 2812 4823 οὐκ
2835 4771 3223 4826 ἀπολείπουσιν
3244 4775 3300 4827 αἱ
3322 4775 3491 4846 ψυχαὶ
3519 4779 3628 4836 τοὺς
3650 4778 3742 4827 ἁπαν

2210 4861 2564 4932 θνήσκοντας,
2596 4863 2733 4934 ὅπερ
2755 4863 2856 4917 οὐκ
2875 4863 2942 4917 ἂν
2971 4864 3314 4934 συμϐαίνειν,
3347 4868 3394 4918 εἰ
3424 4867 3496 4937 μὴ
3527 4868 3546 4899 9
3578 4865 3740 4932 πνεῦμα

2209 4955 2276 5025 τῇ
2305 4957 2373 5024 γῇ
2409 4956 2699 5024 ἐπεχώρει.
2742 4958 2809 5008 "A
2839 4955 2896 5008 δὲ
2919 4957 3049 5027 περὶ
3094 4958 3194 5029 τὴν
3229 4958 3459 5030 σελήνην
3505 4960 3624 5026 φασὶ
3652 4958 3738 5022 φαί-

2216 5045 2405 5099 νεσθαι
2432 5047 2756 5117 τικτομένην
2773 5066 2832 5101 τε
2853 5047 2950 5102 καὶ
2974 5049 3358 5122 πληρουμένην
3375 5052 3467 5104 καὶ
3487 5051 3738 5118 concussi,

2214 5137 2386 5192 ταῦτα
2437 5142 2564 5208 περὶ
2612 5141 2702 5191 τὸν
2749 5139 3006 5194 Ὠκεανὸν
3044 5135 3161 5193 οἶδα
3191 5141 3269 5172 ⁸⁸·
3319 5144 3389 5195 τὰ
3420 5147 3523 5212 γὰρ
3576 5142 3738 5204 ἐκείνης

2215 5230 2388 5283 ἄνεισι
2423 5231 2617 5300 μέτρα,
2653 5231 3003 5302 ξυμμινύθων
3023 5233 3160 5304 αὐτῇ
3181 5235 3274 5286 καὶ
3291 5232 3734 5305 ξυμπληρούμενος·

2225 5320 2441 5390 Ἡμέρα
2481 5323 2520 5350 “
2571 5322 2615 5374 δ’
2663 5321 2944 5392 ἐκδέχεται
2983 5321 3156 5375 νύκτα
3192 5324 3287 5376 καὶ
3335 5322 3430 5390 νὺξ
3454 5323 3546 5392 τὴν
3576 5317 3736 5390 ἡμέραν

1803 5456 2036 5510 νΑΒιιιΕ
2081 5453 2491 5512 LECTIONES.

591 5601 636 5634 ⁸³
668 5597 1007 5664 ἀλάϐαστρος
1039 5612 1101 5658 ς.

529 5670 819 5739 μαργαρὶς
838 5662 980 5736 αἷμα
1005 5683 1062 5739 ς.

528 5737 737 5793 Ἀϐυλα
774 5738 987 5791 dicitur.
1023 5737 1282 5806 Scaliger.

527 5827 613 5878 pr.
641 5806 1016 5878 A,rlﬁi‘ovqcorr.
1111 5809 1144 5878 A‘
1175 5802 1528 5878 ἐπιχωρεῖται
1563 5804 1657 5856 καὶ
1679 5802 1744 5856 Α.

1173 5665 1219 5697 ³⁵
1247 5663 1513 5734 καταπλη]
1544 5679 1624 5728 ttt,
1663 5661 1753 5716 58.
1857 5665 1902 5734 9f
1929 5658 2034 5731 ὅτι]
2065 5676 2093 5704 ν

1360 5737 1404 5767 ⁹⁹
1443 5733 1808 5786 σύνάπτουσαι
1832 5733 1937 5786 ΑΒ.

1180 5595 1225 5625 θ’
1251 5611 1309 5646 τε
1341 5593 1616 5647 διελασθὲν
1647 5591 1719 5644 Α;
1754 5590 1807 5643 δὲ
1839 5589 2124 5643 δελεασθὲν
2151 5607 2212 5653 ς.

1843 5805 1863 5834 ⁶
1897 5805 2238 5874 ὑπονοστήσῃ
2265 5801 2385 5874 Al}:
2414 5803 2712 5874 ﬁrmat-han
2745 5801 2802 5866 ς.

2291 5591 2334 5663 _”
2361 5589 2553 5663 τύποις
2583 5589 2622 5642 Β
2651 5600 2703 5646 et
2731 5606 2872 5663 corr.
2901 5591 2966 5644 A.
3075 5590 3122 5623 ”
3153 5588 3291 5663 αἷμα
3325 5593 3444 5647 AB?
3472 5587 3731 5663 καὶξστιγή

2288 5661 2331 5692 ⁸⁷
2371 5662 2668 5728 ὲπὲχουσαι
2725 5661 2807 5715 A:
2839 5662 3058 5730 ἔχουσαι
3090 5679 3152 5725 ς.
3220 5660 3297 5695 ’⁸⁸
3350 5665 3558 5718 Ἀϐιννα
3595 5660 3605 5728 1
3646 5660 3731 5730 aliis

2016 5700 2034 5761 ε
2061 5700 2688 5816 έδιέεάηρῖξςίτξνξῑς
2824 5700 3152 5816 ξῗξτζέιξί
3266 5737 3330 5816 ρ.
3372 5700 3608 5814 “rasa
3631 5700 3730 5782 is;

2909 5802 2937 5874 "_
2961 5802 3283 5874 νοσούντων]
3311 5811 3482 5874 νήσων
3508 5802 3605 5856 τῶν
3623 5810 3726 5856 cott-

530 5859 596 5932 λ.
689 5859 724 5907 ’⁸
751 5876 878 5944 περ).
910 5876 973 5943 Α,
1005 5876 1132 5945 περὶ
1161 5877 1227 5929 τὰ
1257 5859 1330 5931 lli:
1357 5859 1457 5928 ’ἐπὶ
1495 5892 1552 5939 ς.
1659 5877 1678 5905 ⁰
1713 5871 1808 5943 μὴ]
1845 5873 1921 5942 μὴ
1949 5873 2039 5925 καὶ
2072 5859 2163 5926 Α.’
2211 5859 2261 5905 ’ίθ
2293 5868 2432 5942 οἶδα]
2463 5867 2600 5926 εἶδον
2625 5859 2712 5927 '8."
2753 5859 2806 5904 ⁷¹²
2836 5872 3042 5944 ἡμέρα]
3075 5890 3126 5941 ν»
3156 5875 3208 5930 5ο
