3954 6446
293 435 313 501 1
326 432 431 503 ὯΘ

1370 441 1894 503 ΒΙΒΙᾸΟΤΙΙΕΟΑ.
1930 467 1998 477 -
2036 442 2199 503 COD.
2232 443 2473 505 CCXLI.

3459 446 3595 513 1'230

291 556 421 624 περὶ
446 553 690 620 Κελτοὺς
733 556 832 626 μὲν
867 556 990 609 κατ’
1020 556 1200 626 ὀλίγον
1234 559 1555 623 ὑπανιόντος
1575 563 1618 593 ³⁸
1642 560 1735 614 τοῦ
1767 563 1888 614 σκό-

2002 561 2149 627 dein,
2196 575 2499 629 rursusque
2547 559 2661 615 dies
2703 568 2918 616 noctem
2962 560 3188 631 excipit,
3238 564 3376 633 apud
3410 564 3593 621 Celtas

288 663 415 708 τους
472 646 505 717 ἢ
578 648 673 701 τοῦ
726 647 926 716 φωτὸς,
967 646 1159 720 ὥσπερ
1202 650 1460 716 ἐνταῦθα,
1495 654 1624 723 περὶ
1652 653 1888 723 Γάδειρα

288 740 349 791 δὲ
376 740 469 791 καὶ
507 740 708 808 στήλας
741 740 954 811 ἀθρόως
981 741 1229 810 λέγονται
1250 745 1364 807 τοῖς
1385 744 1686 814 ὀφθαλμοῖς
1719 746 1886 815 ἐμπί-

289 848 468 897 πτειν,
506 830 696 901 ὦσπερ
751 833 809 885 αἱ
856 834 1157 904 ἀστραπαί.
1196 834 1335 888 Φασὶ
1382 835 1603 899 καὶτὰς
1635 835 1883 910 [55611]

290 925 561 994 μακάρων
601 926 795 994 νήσους
819 926 1100 997 ὁρίζεσθαι
1131 927 1208 999 τῷ
1227 928 1449 1001 Λιϐυκῷ
1478 929 1717 1002 τέρματι
1748 932 1886 1002 πρὸς

285 1017 354 1069 τὸ
391 1017 647 1087 ἀοίκητον
678 1017 982 1089 ἀνεχούσας
1005 1021 1376 1093 ἀκρωτήριον.

364 1197 445 1250 Τὰ
465 1198 521 1251 δὲ
539 1199 772 1270 Γάδειρα
803 1203 983 1255 κεῖται
1020 1204 1119 1274 μὲν
1140 1205 1283 1259 κατὰ
1302 1206 1361 1259 τὸ
1383 1206 1658 1280 Εὐρώπης
1683 1211 1883 1281 τέρμα,

285 1292 537 1361 περιττοὶ
598 1294 641 1324 ¹⁸
673 1293 730 1346 δέ
768 1295 973 1349 εἰσιτὰ
1011 1297 1151 1352 θεῖα.
1208 1300 1403 1371 Γήρως
1454 1298 1547 1355 οὖν
1604 1303 1650 1334 ιδ
1703 1303 1888 1374 βωμὸν

286 1382 561 1455 ἵδρυνται,
592 1386 688 1438 καὶ
723 1386 814 1440 τὸν
847 1388 1078 1443 θάνατον
1109 1390 1260 1461 μόνοι
1300 1392 1608 1463 ἀνθρώπων
1660 1396 1890 1449 παιωνί-

283 1472 498 1540 ζονται.
532 1477 721 1549 Βωμοὶ
769 1479 826 1532 δὲ
878 1482 998 1533 ἐκεῖ
1042 1484 1138 1535 καὶ
1173 1484 1365 1542 πενίας
1422 1485 1517 1538 καὶ¹
1563 1486 1761 1558 τέχνης
1796 1489 1889 1541 καὶ

295 1566 640 1638 Ἡρακλέους
686 1570 744 1624 δὲ
815 1573 1155 1643 Αἰγυπτίου,
1227 1576 1320 1630 καὶ
1387 1577 1567 1648 ἕτεροι
1611 1578 1885 1650 Θηϐαίουο

280 1660 385 1713 τὸν
423 1663 465 1695 ³⁸
503 1662 604 1729 μὲν
630 1662 741 1734 γὰρ
775 1665 867 1718 ἐπὶ
894 1667 991 1737 τὴν
1022 1669 1190 1737 ὲγγὺς
1234 1670 1519 1741 Ἐρύθειαν
1561 1672 1754 1728 ἐλάσαι
1787 1692 1890 1744 φα-

284 1754 399 1819 σὶν,
429 1755 517 1806 ὅτε
552 1756 593 1786 ¹⁶
624 1756 687 1826 δὴ
714 1756 806 1808 τὸν
835 1756 879 1789 "
913 1759 1197 1831 Γηρυόνην
1230 1779 1291 1814 τε
1318 1760 1534 1827 καὶτὰς
1566 1764 1693 1834 βοῦς
1724 1766 1886 1833 ἑλεῖν,

206 1894 209 1895 ,
281 1847 384 1901 τὸν
406 1846 463 1900 δὲ
498 1849 662 1920 σοφίᾳ
700 1850 743 1883 ¹⁸
772 1851 933 1906 δόντα
959 1852 1068 1921 γῆν
1094 1871 1153 1906 τε
1182 1854 1674 1929 ἀναμετρήσασθαι
1700 1862 1884 1916 πᾶσαν

1998 653 2214 721 quidem
2238 652 2500 722 paulatim
2527 652 2934 709 discedentibus
2958 663 3051 708 aut
3073 654 3279 708 lumine
3296 694 3311 717 ,
3331 666 3422 708 aut
3446 666 3595 711 teuc-

2000 743 2113 799 bris
2176 745 2319 799 sicut
2372 745 2515 813 apud
2568 759 2667 799 nos
2711 746 2877 799 etiam
2932 745 3152 800 accidit.
3205 745 3362 800 Circa
3417 746 3596 802 Gades

1999 846 2181 890 autem
2224 844 2279 890 et
2305 834 2572 890 columnae
2603 834 2893 890 confertim
2928 846 3184 906 tanquam
3220 836 3434 905 fulgura
3471 846 3596 891 ante

2002 928 2193 984 oculos
2231 929 2429 983 cadere
2473 926 2750 982 dicuntur.
2802 924 3103 983 Perhibent
3146 943 3361 998 quoque
3407 929 3581 983 beatu-

2000 1036 2120 1075 rum
2139 1021 2343 1095 insulas
2368 1020 2566 1075 Africa:
2594 1019 2795 1075 ﬁnibus
2819 1021 3057 1087 deﬁniri,
3087 1022 3153 1074 ad
3178 1020 3591 1077 inbabitabilem

1997 1112 2361 1181 promontorii
2394 1121 2604 1181 partem
2639 1121 2948 1183 vergentes.
3116 1095 3121 1101 ’

2068 1201 2250 1259 Gades
2302 1211 2481 1256 autem
2546 1203 2599 1256 in
2641 1202 2870 1272 Europa:
2911 1202 3171 1257 lateribus
3218 1202 3405 1273 positae
3446 1211 3593 1258 sunt.

1999 1292 2378 1362 Snperstitiosi
2405 1301 2533 1349 sunt
2552 1293 2662 1348 illic
2685 1294 2828 1349 circa
2856 1293 3150 1349 sacriﬁcia.
3176 1294 3421 1349 Senectaa
3441 1308 3597 1347 nam-

1998 1399 2103 1454 que
2127 1399 2279 1437 aram
2301 1385 2553 1439 dicarunt
2578 1403 2592 1441 :
2616 1385 2826 1455 solique
2850 1386 3133 1441 hominum
3165 1384 3321 1441 festis
3340 1386 3596 1441 cantibus

1999 1484 2231 1529 mortem
2260 1473 2591 1529 collaudaut.
2622 1476 2764 1530 Sunt
2788 1478 2927 1544 apud
2959 1477 3108 1546 ipsos
3132 1476 3253 1530 Arti
3279 1487 3334 1531 et
3356 1474 3597 1546 Pauper-

2000 1568 2093 1621 tati
2126 1583 2235 1622 ara:
2280 1568 2505 1636 positm,
2545 1569 2687 1622 sicut
2728 1564 3021 1638 Egyptio,
3060 1578 3114 1623 et
3141 1567 3297 1622 alteri
3333 1567 3596 1623 Thebano

1999 1660 2240 1717 llerculi.
2269 1662 2517 1716 Alterum
2546 1676 2787 1730 namque
2822 1660 3110 1714 ﬁnitimam
3153 1674 3325 1728 usque
3364 1662 3430 1715 ad
3466 1660 3598 1731 Ery-

1999 1755 2169 1809 tliiam
2227 1765 2547 1825 penetrasse
2600 1753 2786 1809 lerunt
2840 1770 2963 1808 cum
3022 1754 3309 1825 Geryone,
3366 1753 3594 1821 ejusque

1999 1846 2167 1901 boves
2219 1846 2529 1902 sustulisse.
2562 1846 2806 1901 Alterum
2850 1863 2981 1901 vero
3018 1849 3283 1917 sapientia
3331 1849 3594 1904 excellen-

281 1939 353 2001 ἐς
380 1938 577 2010 τέρμα.
615 1940 725 2019 Καὶ
786 1941 891 2013 μὴν
940 1946 1034 1997 καὶ
1066 1942 1416 2017 Ἑλληνικοὺς
1467 1945 1607 2003 εἶναί
1638 1968 1771 2019 φασι
1819 1951 1888 2007 τὰ

2000 1950 2130 2002 tem,
2163 1948 2335 1994 totum
2372 1949 2531 1994 terrm
2565 1939 2827 1994 ambitum
2855 1942 3159 1995 dimensum
3195 1956 3338 1996 esse.
3361 1941 3594 1995 Praeter-

281 2028 546 2099 Γὰδειρα,
577 2017 670 2085 καὶ
702 2033 1057 2088 παιδεύεσθαι
1090 2037 1182 2089 τὸν
1211 2039 1495 2108 ἡμεδαπδν
1520 2017 1744 2111 τρόπον.
1780 2044 1889 2096 Καὶ

279 2120 483 2193 δένδρα
515 2124 557 2155 ¹¹
585 2124 642 2176 δέ
671 2143 834 2192 φασιν
860 2127 1096 2181 ἐνταῦθα
1127 2121 1215 2181 οἷα
1250 2131 1348 2201 οὐχ
1376 2131 1607 2203 ἑτέρωθι
1628 2134 1729 2203 τῆς
1758 2134 1886 2204 γῆς·

283 2210 591 2285 Γηρυόνεια
646 2218 744 2287 μὲν
793 2220 903 2290 γὰρ
967 2221 1257 2276 καλεῖσθαι
1309 2224 1472 2287 αὐτὰ,
1524 2224 1620 2278 δύο
1643 2226 1698 2279 δὲ
1724 2222 1886 2295 εἶναι,

284 2306 524 2373 φύεσθαι
559 2306 615 2359 δὲ
645 2308 740 2362 τοῦ
768 2312 1014 2381 σήματος
1064 2313 1091 2366 ὃ
1143 2316 1238 2368 ἐπὶ
1270 2314 1350 2386 τῷ
1381 2316 1634 2390 Γηρυόνῃ
1665 2317 1887 2386 ἕστηκε,

284 2395 747 2469 παραλλάττοντα
779 2404 843 2455 ἐκ
895 2406 941 2435 ¹⁰
1001 2406 1192 2470 πίτυός
1213 2424 1270 2459 τε
1300 2410 1397 2462 καὶ
1420 2409 1632 2479 πεύκης
1662 2410 1719 2472 ὲς
1749 2404 1890 2471 εἶδος

281 2486 502 2559 ἕτερον,
539 2489 817 2544 λείϐεσθαι
843 2493 899 2546 δὲ
922 2494 1117 2564 αἵματι
1165 2497 1419 2569 καθάπερ
1447 2498 1528 2570 τῷ
1567 2497 1752 2570 χρυσῷ
1790 2498 1889 2568 τὴν

297 2578 533 2635 Ἠλιάδα
566 2585 830 2656 αἴγειρον.
875 2586 941 2639 ἸΙ
985 2589 1042 2641 δὲ
1093 2591 1253 2660 νῆσος
1286 2591 1344 2645 ὲν
1442 2592 1503 2644 τὸ
1556 2591 1723 2661 ἱερὸν,
1772 2589 1889 2643 ἐστι

287 2674 399 2743 μὲν
421 2676 591 2746 ὁπόση
621 2678 648 2728 ὁ
671 2676 828 2744 νεὼς,
881 2680 1178 2748 πετρῶδες,
1211 2681 1267 2734 δὲ
1315 2682 1488 2750 αὐτῆς
1542 2682 1717 2748 οὐδὲν,
1748 2681 1890 2735 ἀλλὰ

284 2766 505 2837 βαλϐἶδι
564 2768 725 2839 ξεστῇ
785 2772 1058 2825 εἴκασται.
1115 2774 1205 2826 Ἐν
1234 2773 1397 2844 δὲτῷ
1456 2773 1586 2845 ἱερῷ
1622 2775 1889 2845 τιμᾶσθαι

286 2860 399 2930 μὲν
424 2859 591 2931 ἄμφω
615 2863 694 2915 τὼ
737 2864 1007 2934 Ἦρακλέε
1037 2867 1222 2935 φασὶν,
1289 2868 1583 2936 ἀγάλματα
1618 2868 1673 2921 δὲ
1704 2869 1890 2921 αὑτοῖν

279 2957 395 3009 οὐκ
420 2953 579 3020 εἶναι,
609 2959 829 3029 βωμοὺς
852 2961 908 3013 δὲ
939 2962 1034 3013 τοῦ
1065 2962 1166 3033 μὲν
1203 2963 1505 3031 Αἰγυπτίου
1542 2965 1586 2995 ἰ
1610 2965 1729 3032 δύο,
1753 2967 1887 3035 χαλ-

282 3052 425 3113 κοῦς
442 3053 536 3105 καὶ
563 3053 833 3124 ἀσήμους,
865 3056 962 3109 ἕνα
987 3056 1044 3108 δὲ
1069 3055 1164 3109 τοῦ
1196 3056 1457 3127 Θηϐαίου.
1492 3058 1604 3122 Τὰς
1634 3058 1689 3111 δὲ
1722 3058 1890 3128 ὕδρας

283 3160 354 3195 τε
382 3144 597 3206 καὶτὰς
652 3146 950 3215 Διομήδους
1001 3147 1203 3210 ἵππους
1250 3150 1347 3201 καὶ
1386 3150 1454 3203 τὰ
1479 3148 1688 3203 δώδεκα
1723 3152 1889 3221 Ἡρα-

283 3236 486 3301 κλέους
510 3238 647 3309 ἐργα
675 3240 1087 3293 ὲκτετυπῶσθαι
1121 3241 1269 3294 λίθου
1296 3244 1340 3273 ⁸*
1372 3243 1521 3296 ὄντα.
1561 3245 1626 3297 Ἡ
1658 3247 1889 3314 Πυγμαο

284 3328 497 3393 λίωνος
526 3331 582 3384 δὲ
624 3333 780 3387 ἐλαία
806 3335 839 3404 ἡ
863 3334 1037 3404 χρυσῆ
1061 3333 1373 3405 (ἀνάκειται
1400 3336 1455 3389 δὲ
1483 3338 1713 3408 κάκείνη
1737 3338 1795 3401 ὲς
1831 3338 1891 3390 τὸ

306 3421 658 3494 Ἡράκλειον)
681 3425 808 3491 ἀξία
834 3427 953 3497 μὲν,
983 3426 1059 3492 ὥς
1095 3445 1251 3496 φασι,
1287 3430 1383 3482 καὶ
1408 3430 1503 3483 τοῦ
1535 3430 1728 3483 θαλλοῦ
1758 3430 1890 3484 θαυ-

290 3515 492 3586 μάζειν
522 3509 565 3584 ᾦ
597 3518 869 3582 εἴκασται,
899 3519 1278 3590 θαυμάζεσθαι
1305 3522 1348 3574 δ’
1388 3520 1454 3574 ἂν
1472 3524 1563 3575 ἐπὶ
1589 3522 1668 3592 τῷ
1692 3522 1891 3594 καρπῷ

292 3608 538 3679 μᾶλλον·
571 3609 726 3680 βρύει
778 3612 885 3681 γὰρ
940 3613 1105 3666 αὐτὸν
1184 3614 1499 3683 σμαράγδου
1545 3614 1717 3668 λίθου.
1778 3616 1891 3668 Καὶ

287 3702 543 3772 Τεύκρου
578 3703 673 3755 τοῦ
730 3704 1084 3773 Τελαμωνίου
1139 3706 1398 3777 ζωστῆρα
1460 3706 1697 3778 χρυσοῦν
1755 3726 1889 3776 φασι

286 3791 630 3856 δείκνυσθαι,
662 3793 778 3857 πῶς
813 3795 869 3847 δὲ
891 3796 947 3857 ἐς
975 3795 1067 3848 τὸν
1089 3794 1346 3850 Ὠκεανὸν
1376 3795 1710 3858 πλεύσαντος
1738 3798 1771 3867 ἢ
1804 3799 1888 3865 ἐφ’

288 3883 325 3939 ὅ
374 3903 448 3950 τι,
514 3886 575 3940 οὗ
633 3904 796 3956 φασιν
847 3888 1069 3943 εἰδέναι.
1103 3889 1216 3951 Τὰς
1265 3890 1322 3942 δὲ
1344 3889 1500 3959 ἐντῷ
1532 3890 1663 3959 ἱερῷ
1686 3890 1890 3960 στήλας

290 3977 502 4049 χρυσοῦ
538 3979 636 4047 μὲν
666 3980 1003 4051 πεποιῆσθαι
1028 3980 1126 4033 καὶ
1165 3980 1413 4052 ἀργύρου
1476 3982 1890 4051 συντετηκότοιν

288 4070 376 4130 εἰς
404 4068 461 4119 ἒν
487 4069 705 4139 χρῶμα,
736 4069 907 4140 [1012
944 4069 1036 4142 [1.]
1069 4065 1210 4123 εἶναι
1235 4071 1290 4123 δὲ
1324 4070 1495 4133 αὐτὰς
1518 4072 1658 4141 ὑπὲρ
1685 4072 1887 4143 πῆχυν,

288 4161 641 4229 τετραγώνου
706 4163 1009 4231 σχήματος,
1064 4162 1254 4232 ὥσπερ
1302 4162 1352 4215 οἱ
1387 4162 1664 4231 ἄκμωνες,
1699 4166 1888 4229 ἐπιγε-

288 4256 541 4327 γράφθαι
570 4255 626 4307 δὲ
666 4254 764 4317 τὰς
801 4254 1044 4322 κεφαλὰς
1068 4253 1192 4307 οὔτε
1226 4255 1551 4321 Αἰγυπτίοις
1576 4254 1700 4307 οὔτε
1745 4254 1891 4308 Ἰνδι-

290 4352 412 4411 κοῖς
448 4349 776 4419 γράμμασιν
802 4347 927 4400 οὔτε
959 4347 1095 4411 οίοις
1142 4346 1455 4416 ξυμϐαλεῖν.
1510 4347 1568 4400 Ὁ
1598 4347 1655 4400 δὲ
1697 4346 1890 4400 Ἀπολ-

288 4442 507 4505 λώνιος,
550 4441 626 4503 ὼς
652 4440 807 4493 οὐδὲν
831 4441 878 4492 oi.
906 4440 950 4470 ”
983 4440 1149 4510 ἱερεῖς
1188 4440 1444 4510 ἔφραζον,
1475 4441 1557 4494 Οὐ
1591 4440 1899 4509 συγχωρεῖ

282 4550 413 4605 μοι,
466 4532 592 4601 ἔφη,
627 4536 660 4586 ὀ
709 4531 1013 4600 Ἡρακλῆς
1034 4534 1067 4585 ὁ
1104 4533 1423 4601 Αἰγύπτιος
1442 4533 1529 4602 μὴ
1563 4535 1635 4587 οὐ
1691 4534 1892 4603 λέγειν

1996 2046 2059 2085 ea
2110 2031 2201 2099 qui
2252 2030 2430 2085 Gades
2492 2031 2736 2086 incolunt
2790 2032 2966 2086 Graeci
3024 2047 3144 2086 esse
3207 2033 3584 2103 perhibentur,

1999 2134 2295 2193 nostroque
2345 2137 2498 2178 more
2551 2122 2773 2177 eruditi.
2833 2124 3073 2177 Arbores
3116 2122 3226 2177 illic
3269 2122 3435 2178 etiam
3472 2137 3593 2177 esse

1997 2217 2242 2281 tradunt,
2276 2232 2399 2286 quae
2436 2231 2705 2289 nusquam
2739 2217 2869 2270 alibi
2901 2226 3171 2270 terrarqu
3217 2216 3590 2280 inveniuntur,

1998 2309 2296 2379 appellatas
2329 2321 2512 2364 autem
2558 2309 2882 2381 Geryonias,
2922 2320 2980 2363 et
3017 2311 3151 2364 duas
3206 2320 3413 2364 tantum
3443 2325 3591 2365 esse.

1998 2399 2144 2456 Orta:
2179 2412 2307 2456 sunt
2332 2410 2512 2456 autem
2536 2400 2691 2470 juxta
2723 2403 3057 2469 sepulcrum,
3085 2402 3227 2470 quod
3254 2402 3329 2455 illi
3355 2401 3591 2472 Geryoni

1998 2501 2343 2560 statuerunt,
2391 2497 2628 2565 speciem
2671 2510 2741 2549 ex
2790 2497 2918 2564 piuu
2952 2496 3212 2565 piceaque
3243 2498 3589 2550 comniistam

2001 2584 2277 2640 habentes.
2314 2585 2646 2655 Sanguinem
2681 2601 2809 2639 vero
2844 2586 3049 2639 stillare
3078 2624 3092 2648 ,
3129 2585 3275 2641 sicut
3308 2584 3587 2640 Heliadem

2000 2678 2253 2747 populum
2288 2692 2420 2731 auro
2468 2693 2719 2741 Inanare,
2773 2677 2983 2731 dicunt.
3026 2678 3204 2731 lusula
3237 2692 3366 2732 vero
3404 2679 3454 2732 in
3485 2693 3590 2747 qua

2001 2771 2259 2839 templum
2296 2772 2484 2836 situm,
2518 2771 2745 2839 aequalis
2781 2783 2864 2824 est
2900 2771 3273 2840 magnitudine
3313 2770 3413 2841 ipsi
3452 2781 3592 2825 tem-

1998 2862 2116 2931 plo;
2159 2861 2305 2915 nulla
2342 2872 2525 2915 autem
2564 2862 2683 2930 ejus
2726 2876 2853 2930 pars
2883 2873 2966 2916 est
3004 2872 3243 2930 peti-osa,
3281 2865 3374 2917 sed
3409 2863 3592 2933 politis

2000 2956 2311 3010 carcem’bus
2354 2954 2568 3009 similis.
2602 2953 2805 3007 Colunt
2845 2954 2898 3006 in
2931 2961 3123 3008 eodem
3163 2954 3366 3025 templo
3402 2957 3593 3011 ambos

2002 3046 2284 3101 llcrcules.
2324 3046 2632 3101 Simulacro
2665 3046 2769 3100 illis
2812 3046 2965 3100 nulla
3000 3056 3127 3101 suul
3158 3066 3171 3103 :
3206 3048 3301 3102 sed
3338 3046 3593 3118 Egyptio

2000 3141 2216 3208 quidem
2275 3156 2385 3194 arae
2438 3148 2566 3196 sunt
2620 3140 2738 3194 duae
2785 3156 2972 3205 agnem,
3021 3142 3227 3210 absque
3272 3142 3590 3207 simulacro,

2001 3234 2264 3288 Thebano
2308 3243 2488 3287 autem
2542 3249 2648 3287 una
2706 3241 2968 3286 tantum:
3023 3232 3221 3304 Hydra:
3275 3234 3497 3303 insuper
3538 3246 3595 3289 et

1923 3300 1966 3360 (ἶ
1999 3325 2277 3383 Diomedis
2310 3327 2436 3395 equi
2471 3333 2526 3380 et
2556 3326 2842 3382 duodecim
2883 3300 3129 3381 Hercul-is
3176 3300 3477 3381 laboresviu
3508 3328 3591 3383 la-

1998 3420 2175 3488 pidem
2225 3418 2398 3473 iucisa
2455 3417 2886 3487 conspiciuntur.
2939 3417 3309 3488 Pygmalionis
3371 3421 3593 3489 insuper

1996 3524 2163 3565 aurea
2192 3510 2332 3564 oliva
2358 3511 2411 3564 in
2450 3510 2569 3578 ipso
2604 3509 2853 3564 Herculis
2881 3511 3083 3580 templo
3112 3511 3358 3564 dedicata
3387 3529 3400 3564 :
3428 3512 3591 3580 digna

1997 3605 2237 3674 quidem,
2265 3612 2322 3656 ut
2353 3605 2541 3656 volunt
2569 3604 2942 3657 admiratione
2975 3604 3046 3656 ub
3074 3619 3285 3657 ramum
3316 3604 3401 3659 cui
3436 3605 3593 3659 siuti-

1996 3696 2063 3751 lis
2100 3705 2205 3759 est,
2259 3693 2636 3749 admirabilior
2694 3709 2826 3747 vero
2886 3694 3098 3757 fructu,
3152 3709 3260 3762 quo
3294 3695 3593 3750 abundate

1995 3788 2286 3858 smaragdo
2326 3788 2472 3841 ﬁcto.
2506 3785 2573 3838 Et
2602 3785 2797 3839 Teucri
2846 3787 3014 3838 etiam
3052 3786 3354 3842 Telauiouii
3388 3786 3590 3857 329a

1994 3882 2207 3936 balteus
2228 3896 2427 3936 aureus
2447 3880 2638 3935 eodem
2669 3880 2720 3933 in
2748 3879 2886 3943 loco,
2920 3889 3277 3933 moustratur.
3302 3878 3588 3945 Quomodo

1994 3984 2209 4039 autem,
2253 3983 2349 4029 aut
2388 3988 2494 4044 qua
2528 3973 2597 4028 de
2640 3988 2805 4027 causa
2838 3976 2903 4026 ad
2936 3972 3212 4027 Oceanum
3257 3975 3587 4041 pervenerit,

1994 4083 2053 4122 se
2082 4070 2293 4123 nescire
2317 4068 2527 4123 dicunt.
2553 4066 2685 4134 Quae
2712 4076 2893 4120 autem
2925 4071 2977 4119 in
3004 4066 3205 4133 templo
3236 4078 3356 4119 sunt
3380 4067 3592 4120 colum-

1994 4178 2098 4227 nm,
2128 4178 2193 4216 ex
2225 4177 2359 4215 auro
2390 4172 2724 4232 argentoque
2757 4160 2917 4214 simul
2955 4160 3093 4225 fuso,
3130 4171 3185 4212 et
3214 4159 3268 4213 iu
3302 4175 3469 4213 unum
3500 4175 3591 4214 co-

1994 4254 2163 4309 lorem
2210 4255 2433 4309 redacto
2478 4254 2651 4310 factas
2686 4268 2807 4307 esse
2834 4262 3039 4306 narrat.
3074 4252 3206 4306 Esse
3238 4260 3420 4305 autem
3449 4267 3589 4321 qua—

1996 4348 2348 4415 drangulares
2388 4348 2535 4401 velut
2576 4347 2824 4409 incudes,
2860 4356 2912 4400 et
2948 4360 3137 4400 eorum
3173 4346 3355 4414 capita
3392 4346 3591 4399 litteris

1996 4439 2257 4508 inscripta
2299 4448 2427 4493 sunt
2461 4454 2567 4493 non
2604 4437 2900 4507 Egyptiis,
2940 4451 3115 4505 neque
3156 4436 3378 4497 Indicis,
3410 4450 3589 4505 neque

1998 4534 2064 4587 ab
2100 4534 2289 4604 aliquo.
2320 4534 2534 4603 penitus
2577 4534 2829 4602 cognitis.
2870 4532 3192 4597 Apollonius
3222 4539 3425 4595 autem,
3460 4547 3585 4586 cum

290 4627 497 4681 ὁπόσα
517 4624 669 4677 οῖδα.
699 4623 831 4691 Γῆς
860 4623 959 4675 καί
990 4625 1280 4679 Ὠκεανοῦ
1314 4625 1627 4695 ξύνδεσμα
1670 4627 1802 4680 αἵδε
1828 4628 1888 4681 al

2000 4626 2063 4680 de
2094 4626 2195 4680 hac
2230 4641 2290 4680 re
2328 4625 2642 4680 sacerdotes
2673 4624 2809 4677 nihil
2854 4624 3101 4677 dicerent
3141 4622 3298 4676 :Non
3328 4624 3586 4691 permittit

290 4715 691 4783 στῆλαιεὶσίν
718 4730 732 4745 ’
762 4713 1070 4783 ἐγράψατο
1090 4714 1159 4767 δὲ
1178 4716 1367 4781 αὑτὰς
1396 4715 1629 4782 ἐκεῖνος
1653 4717 1723 4769 ἐν
1746 4720 1889 4771 Μοι-

288 4806 417 4876 ρῶν
437 4807 600 4871 οἴκῳ,
633 4805 714 4871 ὡς
736 4804 889 4874 μήτε
927 4804 1126 4871 νεῖκος
1173 4805 1299 4873 τοῖς
1349 4809 1677 4876 στοιχείοις
1727 4806 1891 4875 ἐγγέ-

290 4916 480 4961 νοιτο,
498 4898 653 4967 μήτε
670 4895 1030 4968 ἀτιμάσειαν
1050 4898 1166 4967 τὴν
1174 4899 1471 4968 φιλότητα
1496 4898 1578 4969 ἦν
1597 4900 1890 4969 ἀλλήλων

289 4991 610 5059 ἴσχουσιν.
1338 4996 1369 5011 ’⁸

364 5169 488 5223 Ὅτι
522 5169 567 5201 ³⁵
616 5168 706 5222 τὸν
765 5168 1056 5246 Βαίτην)⁵
1104 5169 1195 5225 τὸν
1252 5170 1499 5240 ποταμὸν
1547 5171 1887 5227 ἀναπλεῦσαί

286 5279 477 5331 φασιν,
506 5262 565 5325 ὃς
620 5262 773 5332 δηλοῖ
808 5263 1046 5334 μάλιστα
1084 5262 1185 5334 τὴν
1228 5263 1323 5316 τοῦ
1365 5264 1625 5319 Ὠκεανοῦ
1687 5266 1883 5335 φύσιν·

287 5353 515 5407 ἐπειδὰν
550 5354 659 5422 γὰρ
684 5354 992 5426 πλημμυρῇ
1019 5354 1064 5385 ⁸⁸
1084 5354 1147 5407 τὸ
1180 5354 1432 5423 πέλαγος,
1461 5356 1556 5409 ἐπὶ
1576 5359 1675 5419 τὰς
1700 5356 1886 5427 πηγὰς

283 5449 315 5501 ὁ
353 5446 597 5518 ποταμὸς
624 5445 928 5519 παλίρρους
979 5448 1140 5513 ἵεται,
1171 5447 1483 5518 πνεύματος
1527 5449 1592 5520 δή
1622 5466 1728 5503 που
1775 5453 1885 5505 ἀπ-

1989 4733 2093 4780 me,
2134 4717 2232 4779 ait,
2275 4715 2566 4786 Egyptius
2621 4714 2874 4768 Hercules
2904 4725 3076 4767 tacere
3108 4730 3227 4781 qua:
3263 4715 3452 4767 sciam.
3487 4711 3589 4766 Ha:

1990 4808 2249 4863 columna:
2289 4818 2549 4862 terrarum
2598 4806 2899 4875 Oceanique
2957 4805 3227 4859 vinculum
3281 4814 3448 4857 sunt:
3480 4806 3589 4873 ipse

1989 4915 2106 4954 vero
2144 4897 2393 4952 Hercules
2428 4899 2484 4951 in
2523 4898 2679 4951 domo
2710 4895 3008 4950 Parcarum
3050 4896 3363 4964 inscripsit:
3397 4911 3459 4948 ne
3482 4910 3588 4962 qua

1988 4993 2260 5047 elementis
2297 4990 2561 5044 contentio
2606 4989 2891 5052 accideret,
2922 5005 3086 5058 neque
3146 4988 3440 5042 amicitiam
3472 4987 3586 5039 dis-

1988 5085 2240 5155 jungant,
2258 5099 2361 5153 qua
2390 5081 2605 5135 invicem
2633 5090 2894 5135 tenentur.

2072 5177 2405 5246 Navigarunt
2437 5188 2654 5243 quoque
2687 5171 2907 5226 ﬂuvium
2959 5172 3168 5238 Bmtim,
3206 5173 3301 5243 qui
3351 5174 3587 5230 maxime

1996 5281 2251 5324 naturam
2280 5267 2462 5324 ﬂuxus
2483 5275 2541 5321 et
2569 5264 2812 5321 relluxus
2839 5263 3042 5319 Oceani
3068 5265 3332 5319 declarat.
3380 5265 3585 5321 Excreo

1996 5370 2182 5415 scente
2217 5360 2362 5413 enim
2406 5357 2599 5427 pelago
2636 5355 2820 5410 fontes
2858 5356 3074 5425 repetit,
3108 5356 3299 5424 Spiritu
3345 5357 3582 5426 quodam

1996 5452 2172 5521 ipsum
2214 5466 2243 5503 ιι
2288 5450 2423 5503 mari
2459 5448 2784 5516 depellente.
2812 5446 3107 5516 Regionem
3137 5461 3266 5500 vero
3297 5449 3365 5501 ab
3393 5462 3456 5502 eo
3485 5446 3586 5500 ﬂu-

1547 5632 1789 5689 VAlllAS
1830 5634 2244 5692 LECTIONES.

368 5774 410 5805 "
442 5769 776 5841 ὑπανιὸντας
805 5766 927 5841 ΑΒ..
987 5769 1328 5841 ¹³ηπεριττοη
1362 5786 1411 5832 v,
1449 5770 1501 5824 4.
1546 5840 1559 5841 ί
1583 5770 1627 5802 ⁸⁸
1658 5767 1753 5823 οὖν
1774 5771 1853 5825 A:
1886 5772 1979 5825 mi.
2015 5789 2074 5835 ς.

736 5839 778 5869 ³³
806 5838 995 5913 σοφίαν
1024 5838 1084 5891 Β.
1133 5838 1205 5913 ξ
1237 5838 1329 5895 καῖ
1351 5840 1564 5913 δένδρα]
1596 5857 1645 5899 v.
1676 5842 1730 5895 5.

289 5847 393 5917 μὲν
429 5845 560 5912 Γηρ.
594 5858 659 5906 ς.
736 5845 778 5869 ³⁵
806 5845 995 5905 σοφίαν
1024 5845 1084 5891 Β.
1165 5845 1205 5871 ¹⁹

289 5918 426 5966 πηοί
453 5914 602 5966 λίθου
634 5929 694 5966 ς.
804 5910 849 5939 ’³
879 5910 926 5960 οἱ
967 5925 1078 5966 oui.
1116 5910 1222 5964 AB.

287 5914 426 5984 ξρασί
453 5914 602 5967 λίθου
634 5929 694 5975 ς.

1808 5843 1852 5873 ‘°
1875 5844 1938 5894 ἐκ
1967 5842 2046 5896 Aa
2079 5843 2134 5895 δὲ
2170 5846 2232 5895 ἐκ
2258 5862 2317 5908 ς.
2398 5846 2441 5874 ²¹
2471 5842 2567 5896 τοῦ
2600 5842 2710 5945 ,μὲν
2738 5843 2779 5894 Α
2815 5856 2828 5892 :
2860 5841 2988 5901 τοὺς
3023 5843 3120 5909 μὲν
3154 5860 3215 5905 «τ.

1808 5915 1821 5944 ⁵
1856 5912 2051 5945 Πλεῖ-ιλιι
2084 5914 2163 5945 ΔΩ
2189 5932 2197 5942 ι
2236 5914 2402 5945 IN-.."
2436 5931 2474 5945 ι-
2575 5915 2594 5943 Ι
2652 5912 2973 5945 ιιι-Ἄνιηηιιλιιιτ
3011 5928 3049 5945 ρ

1329 5916 1372 5943 ³·
1396 5912 1499 5983 ὅτι]
1534 5912 1583 5978 ν,
1620 5914 1671 5967 6.
1776 5915 1821 5999 ξδ
1854 5912 2051 5984 Bait-qv
2076 5914 2197 5969 AB:
2235 5914 2402 5993 Βέτην
2436 5931 2495 5978 ς.

2872 5770 2914 5802 ¹⁸
2940 5772 3028 5823 ὅτε
3053 5770 3096 5822 Α
3123 5786 3136 5822 :
3172 5770 3252 5823 ὅτι
3282 5786 3340 5833 ς.
3421 5768 3463 5799 ¹⁷
3491 5770 3581 5823 τὸν

3326 5843 3369 5872 ”
3399 5840 3462 5893 ὲκ
3474 5856 3580 5896 ἐτο

2171 5773 2215 5804 ’⁸
2245 5773 2336 5825 τὸν
2363 5774 2445 5826 A:
2480 5772 2573 5825 καὶ
2608 5771 2699 5825 τὸν
2730 5786 2789 5835 ς’.

2652 5912 2757 5984 πλη
2767 5914 2973 5984 μμυροί
3011 5928 3049 5976 ς
