3954 6432
503 376 638 467 1231

1633 397 1894 458 PHOTII
1935 397 2444 459 PATRIARCHE
2502 397 2606 457 ΟΡ.

3598 397 3704 464 1⁸332

497 516 643 570 mine
665 508 919 566 Baeticam
946 522 1175 581 oognom
1196 507 1400 563 innatant
1432 505 1692 576 Optimam
1719 506 2067 561 uberrimam-

2180 504 2488 576 ωθουμένου
2519 502 2681 557 αὐτὸν
2709 499 2807 571 τῆς
2849 500 3142 574 θαλάττης.
3168 499 3279 572 Τὴν
3316 500 3372 555 δὲ
3404 502 3608 575 ἤπειρον
3628 512 3703 580 τὴν

494 620 600 676 que
628 616 751 657 esse
796 599 1061 665 tradunt,
1113 597 1535 667 civitatibusque
1578 605 1635 651 et
1680 596 1896 667 pascuis
1939 596 2067 651 bene

2181 589 2557 667 Βαιτικὴν,ἦς
2610 597 2639 648 ὁ
2686 594 2929 664 ποταμὸς
2958 585 3115 657 οὗτος
3160 593 3480 664 ὁμώνυμος,
3518 596 3706 671 ἀρίστην

495 698 841 749 instructam.
867 689 1152 747 Derivatnr
1177 699 1357 745 autem
1378 704 1479 760 per
1502 703 1696 743 omnes
1728 686 1931 753 urbes;
1960 687 2076 757 agri

494 799 623 839 vero
654 782 868 854 egregie
901 780 1033 837 culti
1056 774 1262 835 aﬂ‘atim
1296 779 1479 834 omnia
1520 776 1703 833 ferunt
1732 797 1746 833 :
1781 777 1902 833 coeli
1937 786 2075 832 tem-

491 876 669 943 peries
706 873 830 929 talis
866 882 973 938 est,
1006 871 1183 942 qualis
1212 871 1461 926 autumni
1503 879 1751 940 tempore
1792 867 1845 923 in
1880 869 2061 923 Attica

493 965 876 1036 mysteriorum
904 965 1097 1019 diebus
1134 978 1256 1019 esse
1287 961 1442 1016 solet.

561 1056 754 1116 Omnia
788 1072 909 1125 quae
946 1056 1013 1111 de
1052 1053 1220 1110 IEtna
1276 1064 1451 1124 poetae
1477 1054 1697 1118 dicunt,
1730 1054 1808 1108 ait
1856 1050 2075 1123 Apollo-

492 1149 663 1215 nium,
694 1156 754 1203 ut
792 1148 1006 1203 fabulas
1036 1146 1351 1217 repudiasse
1373 1186 1388 1210 ,
1425 1145 1505 1200 sic
1523 1144 1828 1216 'quuendo.
1869 1140 2073 1198 Fabula

490 1240 635 1294 enim
663 1255 826 1311 quam
868 1238 1343 1309 reprehendimus,
1372 1252 1477 1292 non
1506 1246 1591 1293 est
1611 1234 1799 1305 Aisopi
1831 1233 2074 1305 apologis

489 1328 705 1393 s'imilis,
734 1327 825 1382 sed
862 1326 930 1382 iis
953 1326 1043 1397 qui
1071 1326 1273 1396 lingere
1303 1335 1526 1392 norunt,
1559 1337 1612 1380 et
1641 1333 1945 1395 poetarum,
1975 1324 2068 1393 qui

489 1417 790 1490 Typhmum
832 1418 1121 1488 quemdam
1168 1417 1254 1472 vel
1300 1416 1629 1470 Enceladum
1661 1417 1761 1471 sub
1797 1424 1980 1470 monte
2002 1415 2071 1469 li-

487 1519 670 1578 gatum
713 1507 921 1571 dicunt,
969 1504 1241 1575 mortique
1278 1505 1678 1570 obluctantem,
1711 1506 1855 1560 hunc
1891 1506 2069 1574 ignem

488 1598 791 1653 anhelando
811 1611 1084 1653 evomere.
1110 1595 1221 1667 Ego
1244 1607 1423 1651 autem
1448 1596 1696 1666 gigantes
1721 1595 1899 1651 fuisse
1922 1596 2067 1663 dico,

490 1692 941 1763 multisquelocis
989 1691 1217 1762 direptis
1267 1690 1485 1746 tumulis
1529 1690 1793 1760 ejusmodi
1836 1704 2067 1760 corpora

485 1774 733 1848 ostendi,
788 1797 947 1852 quos,
994 1791 1053 1837 ut
1083 1781 1273 1846 fertur,
1326 1797 1449 1836 cum
1484 1782 1586 1836 diis
1638 1795 1915 1851 pugnasse
1960 1795 2067 1836 non

485 1873 672 1939 credo,
702 1848 1018 1929 sed't‘orsan
1044 1872 1270 1927 deorum
1299 1874 1442 1927 aedes
1478 1884 1542 1926 ac
1570 1848 1765 1941 templa
1804 1871 2062 1927 violasse:
2098 1848 2140 1904 Β

486 1966 630 2033 quod
665 1978 846 2020 autem
878 1965 1076 2019 cretum
1108 1965 1346 2035 aggressi
1380 1962 1609 2028 fuerint,
1646 1980 1747 2019 nec
1782 1962 1894 2019 illic
1932 1965 2065 2019 deos

486 2058 793 2113 consistere
820 2057 1189 2127 permiserint,
1218 2057 1423 2119 dicere,
1447 2056 1657 2110 insania
1686 2056 1930 2126 quaedam
1958 2065 2061 2119 est,

488 2150 734 2206 insanius
775 2151 938 2205 etiam
992 2148 1238 2203 credere.
1285 2147 1475 2216 Neque
1524 2163 1654 2201 vero
1701 2147 1880 2202 oratio
1927 2147 2062 2211 haec,

485 2243 741 2309 quamvis
771 2242 842 2295 sit
876 2238 1165 2308 vulgatior,
1203 2255 1231 2292 a
1262 2239 1417 2294 nobis
1445 2238 1734 2309 probatur.
1769 2238 2064 2295 Vulcanum

489 2333 540 2384 in
572 2327 740 2385 Etna
782 2329 1030 2384 fabrilem
1061 2338 1235 2381 artem
1267 2342 1555 2391 exercere,
1591 2328 1772 2397 ibique
1812 2329 2063 2383 incudem

492 2435 792 2477 resonare:
829 2419 979 2475 multi
1009 2434 1243 2489 namque
1280 2418 1370 2472 alii
1404 2432 1615 2473 montes
1645 2420 1872 2475 diversis
1898 2431 2068 2473 terra-

490 2530 606 2566 rum
650 2513 785 2568 locis
820 2510 977 2583 igniti
1018 2521 1165 2577 sunt,
1219 2527 1319 2565 nec
1363 2522 1541 2565 tamen
1584 2512 1827 2582 gigantes
1875 2510 1945 2565 ibi
1978 2519 2067 2563 aut

493 2604 791 2660 Vulcanum
837 2618 963 2659 esse
1007 2603 1297 2673 quisquam
1340 2604 1504 2669 dicit;
1558 2615 1615 2657 ut
1658 2604 1822 2674 igitur
1857 2611 2070 2658 montes

488 2700 738 2763 ardeant,
788 2709 955 2751 causa
999 2709 1246 2765 quaenam
1300 2694 1613 2765 hujusmodi
1659 2708 1783 2749 esse
1831 2693 2070 2749 dicitur?

488 2787 656 2843 Terra
687 2785 935 2840 bitumini
972 2785 1277 2853 sulfurique
1301 2785 1609 2848 commista,
1633 2780 1799 2853 329
1820 2782 1848 2835 ὁ
1873 2793 2000 2836 natu
2012 2797 2067 2835 ra

485 2893 583 2931 sua
626 2876 929 2945 turgescit,
976 2883 1031 2928 et
1079 2874 1320 2928 nondum
1359 2874 1536 2941 ignem
1579 2873 1775 2927 reddit.
1824 2873 1976 2938 Quod
2025 2872 2069 2926 si

487 2980 839 3021 caverttosam
886 2972 1089 3018 terram
1138 2977 1260 3018 esse
1307 2964 1632 3033 contigerit,
1676 2965 1855 3019 utsub
1898 2964 2070 3032 ipsam

486 3058 709 3128 spiritus
739 3056 934 3127 aliquis
977 3055 1341 3125 ingrediatur,
1373 3067 1502 3110 tunc
1542 3053 1817 3110 ﬂammam
1850 3056 2069 3124 attollit,

486 3166 609 3220 quae
646 3150 819 3219 magis
850 3149 1133 3219 magisque
1177 3157 1357 3213 aucta,
1406 3149 1707 3217 velutaqua
1739 3162 1770 3203 e
1800 3149 2071 3204 montibus

487 3240 726 3297 deﬂuens
752 3241 803 3293 in
851 3254 1073 3310 campos
1128 3238 1470 3293 eﬂ‘unditur:
1521 3239 1850 3309 quandoque
1901 3240 2067 3294 etiam

485 3336 553 3388 ad
582 3346 733 3388 mare
770 3331 981 3397 delata,
1027 3334 1184 3401 quasi
1227 3330 1470 3387 ﬂuminis
1496 3332 1777 3402 cujusdam
1804 3333 2067 3403 impetum

487 3424 636 3480 ιἐιείι.

555 3514 834 3585 ΛΕιΙιὶορίε
882 3514 1049 3569 tetius
1092 3524 1273 3579 terrae,
1313 3526 1434 3583 quae
1470 3514 1574 3568 sub
1623 3513 1737 3569 sole
1763 3522 1880 3582 est,
1923 3515 2069 3572 occi-

487 3608 705 3663 dentale
746 3621 918 3663 cornu
962 3616 1212 3676 occupat,
1252 3608 1393 3662 sicut
1440 3606 1555 3662 lndi
1588 3608 1640 3661 id
1682 3608 1828 3677 quod
1859 3615 2068 3677 spectat

483 3701 552 3754 ad
596 3698 910 3763 Orientem;
960 3706 1156 3766 estque
1202 3697 1289 3751 illa
1342 3711 1501 3752 secus
1550 3697 1783 3752 Meroem
1832 3696 2068 3769 Egypto

484 3790 798 3862 conjuncta,
839 3798 894 3844 et
925 3788 992 3843 ad
1032 3790 1305 3844 desertam
1341 3788 1526 3861 Libym
1551 3801 1761 3859 partem
1790 3800 2065 3860 porrecta,

487 3885 624 3938 mari
662 3884 1009 3948 terminatur,
1030 3884 1173 3951 quod
1196 3881 1471 3938 Oceanum
1506 3894 1678 3952 poeta:
1709 3892 1924 3950 vocant,
1959 3898 2068 3937 uno

483 3976 785 4045 eodemque
812 3975 1035 4031 nomine
1066 3985 1239 4028 totum
1281 3975 1425 4042 quod
1454 3986 1654 4028 terram
1690 3975 1879 4040 ambit,
1915 3989 2067 4029 mare

488 4078 885 4134 nuncupantes.
931 4063 1178 4117 Fluvium
1232 4075 1411 4117 autem
1454 4062 1632 4118 Nilum
1680 4062 1918 4135 Egypto
1966 4066 2067 4119 tri-

486 4160 682 4211 buunt.
714 4156 815 4223 Qui
838 4171 902 4210 ex
943 4156 1244 4225 Catadupis
1264 4157 1476 4210 initium
1500 4171 1722 4211 sumens
1750 4157 2065 4227 Egyptian),

485 4263 653 4318 quam
685 4247 994 4302 universam
1024 4247 1273 4312 inundat,
1309 4246 1363 4301 in
1398 4245 1733 4316 Ethiopiam
1761 4246 1929 4301 ducit.
1956 4246 2069 4301 Ma-

485 4342 771 4409 gnitudine
796 4343 1015 4412 quidem
1044 4339 1212 4395 India:
1240 4355 1349 4394 non
1384 4340 1712 4395 conferenda
1738 4350 1823 4393 est
1846 4338 2067 4395 Ethio-

485 4432 599 4502 pia,
622 4447 797 4504 neque
817 4433 920 4487 ulla
949 4432 1051 4487 alia
1076 4430 1407 4487 continentis
1428 4444 1575 4499 pars,
1613 4444 1732 4498 qua
1758 4430 2066 4485 hominibus

2179 687 2425 760 ἠπείρων
2460 687 2627 758 φασί·
2665 687 2877 740 πόλεών
2904 703 2965 739 τε
2995 685 3104 757 γὰρ
3134 684 3194 739 εὖ
3242 687 3386 757 ἔχειν
3424 690 3513 740 καὶ
3538 691 3705 761 νόμων,

2179 781 2274 833 καὶ
2311 776 2527 849 διῆχθαι
2561 779 2653 832 τδν
2687 778 2931 849 ποταμὸν
2957 780 3016 842 ἐς
3061 778 3131 832 τὰ
3168 779 3304 848 ἄστη
3349 780 3538 845 πάντα,
3570 798 3711 851 γεωρ-

2176 873 2301 940 γίας
2331 889 2391 924 τε
2448 870 2737 941 ξυμπάσης
2793 870 2999 942 μεστὴν
3045 867 3207 936 εἶναι,
3243 871 3338 924 καὶ
3375 872 3528 941 ὡρῶν
3560 872 3653 927 οἶαι
3676 877 3710 908 π

2176 966 2274 1035 τῆς
2302 965 2559 1032 Ἀττικῆς
2591 965 2645 1016 αἰ
2693 962 3005 1035 μετόπωροι
3032 964 3126 1015 καὶ
3163 964 3598 1033 μυστηριώτιδες.

2250 1057 2372 1109 ’Ὁτι
2400 1054 2447 1088 ’⁸
2476 1056 2602 1119 τοὺς
2624 1055 2755 1126 περὶ
2780 1056 2878 1125 τῆς
2922 1055 3124 1124 Αῐτνης
3163 1056 3353 1123 λόγους
3377 1054 3484 1109 τῶν
3512 1059 3715 1127 ποιητῶν

2174 1148 2250 1211 ὠς
2285 1146 2491 1219 μύθους
2541 1145 2894 1217 παραιτεῖθαί
2939 1162 3074 1217 φησι
3101 1146 3194 1199 τὸν
3232 1145 3595 1213 Ἀπολλώνιον,
3633 1142 3714 1203 ὧδε

2176 1239 2304 1313 [537
2333 1238 2423 1313 H.)
2456 1239 2703 1309 λέγοντα.
2748 1238 2807 1292 '0
2834 1239 2943 1309 γάρ
2985 1238 3174 1310 μῦθος,
3221 1238 3279 1291 ὃν
3319 1240 3714 1311 παραιτούμεθα,

2172 1330 2232 1383 ού
2268 1328 2377 1383 τῶν
2410 1328 2665 1383 Αἰσώπου
2688 1327 2864 1397 λόγων
2894 1327 3067 1393 ἐστὶν,
3099 1326 3235 1380 ἀλλά
3261 1326 3369 1380 τῶν
3404 1327 3713 1398 δραματικω-

2170 1418 2367 1489 τέρων,
2405 1417 2501 1471 καὶ
2535 1411 2609 1471 ὧν
2638 1418 2687 1470 οἱ
2720 1417 2945 1489 ποιηταὶ
2974 1414 3258 1486 θρυλοῦσιν
3281 1416 3351 1470 “.
3394 1416 3610 1469 Ἐκεῖνοι
3638 1420 3715 1487 μὲν

2171 1512 2282 1582 γὰρ
2316 1510 2485 1580 Τυφῶ
2509 1511 2631 1565 τινὰ
2659 1510 2692 1580 ἢ
2727 1508 3049 1579 Ἔγκέλαδον
3077 1507 3325 1561 δεδέσθαι
3356 1510 3521 1578 φασὶν
3542 1510 3635 1562 ύπὺ
3657 1511 3715 1580 τῷ

2170 1602 2307 1671 ὄρει,
2337 1601 2431 1655 καὶ
2478 1600 2915 1655 δυσθανατοῦντα
2961 1602 3285 1671 ἀσθμαίνειν
3312 1603 3372 1656 τὸ
3414 1602 3524 1674 πῦρ
3565 1604 3713 1660 τοῦτο.

2182 1692 2325 1762 Ἐγὼ
2353 1693 2411 1747 δὲ
2442 1694 2705 1762 γίγαντας
2736 1693 2835 1764 μὲν
2860 1693 3143 1764 γεγονέναι
3169 1696 3332 1766 φημὶ,
3363 1696 3460 1749 καὶ
3482 1695 3715 1766 πολλαχοῦ

2168 1785 2269 1855 τῆς
2299 1786 2404 1856 γῆς
2436 1785 2851 1840 ἀναδείκνυσθαι
2877 1785 3102 1841 τοιαῦτα
3131 1787 3176 1819 ⁸ο
3208 1786 3439 1856 σώματα
3473 1788 3717 1857 ῥαγέντων

2168 1873 2376 1941 τάφων,
2422 1873 2482 1926 οὐ
2525 1873 2631 1944 μὴν
2679 1875 2758 1937 εἰς
2798 1874 2989 1942 ἀγῶνα
3037 1874 3213 1929 ἐλθεῖν
3261 1879 3372 1940 τοῖς
3424 1876 3582 1940 θεοῖς,
3622 1877 3714 1930 ἀλλ’

2167 1962 2391 2037 ὕδρίσαι
2426 1965 2526 2036 μὶν
2568 1966 2709 2037 τάχα
2734 1968 2793 2030 ἐς
2821 1969 2948 2031 τοὺς
2986 1967 3124 2031 νεὼς
3169 1968 3348 2024 αὐτῶν
3391 1970 3484 2022 καὶ
3516 1970 3579 2023 τὰ
3622 1970 3716 2041 ῑδη,

2166 2054 2384 2125 οὐρανῷ
2412 2056 2468 2109 δὲ
2505 2056 2844 2127 ἑπιπηδῆσαι
2872 2060 2966 2113 καὶ
3003 2058 3081 2130 μὴ
3113 2061 3418 2129 συγχωρεῖν
3448 2060 3571 2123 τοὺς
3593 2059 3718 2125 θεοὺς

2168 2138 2255 2199 ἐπ’
2315 2146 2479 2200 αὑτοῦ
2514 2147 2557 2179 ³¹
2604 2142 2742 2201 εἶναι
2808 2149 2975 2216 μανία
3033 2150 3131 2219 μὲν
3201 2149 3425 2218 λέγειν,
3462 2150 3618 2222 μανία
3674 2152 3718 2206 δί

2167 2236 2396 2292 οἴεσθαι.
2422 2238 2531 2292 Καὶ
2564 2239 2698 2309 μηδὲ
2738 2241 2985 2303 ἐκεῖνοςό
3012 2241 3188 2309 λόγος,
3234 2242 3411 2296 καίτοι
3441 2244 3607 2298 δοκῶν
3649 2246 3720 2297 εύ-

2169 2328 2479 2399 φημότερος
2528 2323 2697 2397 εἶναι,
2738 2330 3008 2400 τιμάσθω,
3030 2331 3104 2394 ὡς
3142 2330 3424 2404 Ἡφαίστῳ
3468 2333 3610 2405 μέλει
3646 2336 3718 2388 τοῦ

2169 2416 2457 2487 χαλκεύειν
2489 2419 2547 2470 ἐν
2586 2420 2651 2490 τῇ
2705 2419 2875 2492 Αἴτνῃ
2926 2421 3022 2473 καὶ
3067 2422 3357 2475 κτυπεῖταί
3396 2440 3483 2487 τις
3522 2424 3719 2477 ἐνταῦθα

2171 2509 2264 2561 ὑπ’
2293 2509 2458 2564 αὑτοῦ
2494 2503 2717 2580 ἄκμων·
2752 2510 2927 2563 πολλὰ
2951 2511 3058 2583 γὰρ
3093 2513 3187 2565 καὶ
3220 2512 3353 2567 ἄλλα
3383 2512 3532 2586 [ὅρη]
3558 2516 3596 2547 ³¹
3620 2516 3719 2569 πολι

2170 2599 2335 2672 λαχοῦ
2370 2603 2469 2671 τῆς
2492 2603 2598 2672 γῆς
2641 2602 2886 2673 ἔμπυρα,
2929 2605 3021 2656 καὶ
3055 2605 3154 2657 οὐκ
3200 2603 3265 2657 ἂν
3303 2605 3597 2676 φθάνοιμεν
3622 2608 3716 2659 ἐπι·

2172 2694 2506 2765 φημίζοντες
2539 2694 2727 2757 αὐτοῖς
2772 2695 3039 2763 γίγαντας
3077 2697 3171 2749 καὶ
3210 2696 3561 2764 Ἡφαίστους.
3589 2698 3669 2762 Τίς
3686 2698 3719 2729 ³³

2170 2782 2264 2840 οὖν
2292 2788 2325 2857 ἡ
2350 2786 2459 2840 τῶν
2490 2778 2749 2840 τοιούτων
2772 2785 2914 2858 ὀρῶν
2944 2787 3091 2840 αἰτία
3114 2805 3128 2853 ;
3158 2787 3229 2857 γῆ
3251 2789 3453 2859 κρᾶσιν
3486 2791 3718 2857 ἀσφάλτου

2171 2877 2269 2931 καὶ
2304 2876 2450 2929 θείου
2483 2874 2834 2947 παρεχομένη
2875 2874 3102 2944 τύφεται
3133 2876 3232 2945 μὲν
3267 2877 3364 2929 καὶ
3401 2878 3531 2948 παρ’
3558 2877 3720 2944 ἑαυτῆς

2180 2970 2362 3038 φύσει,
2395 2968 2507 3040 πῦρ
2537 2969 2594 3022 δὲ
2622 2968 2775 3021 οὔπω
2806 2966 3119 3020 ἐκδίδωσιν⁹
3153 2968 3202 3021 εί
3231 2967 3285 3021 δὲ
3318 2967 3366 2999 ³⁸
3402 2968 3720 3037 σηραγγώδης

2173 3062 2325 3131 τύχοι
2354 3062 2399 3094 ⁸⁸
2434 3062 2529 3113 καὶ
2559 3059 2867 3131 ὑποδράμοι
2898 3060 3070 3128 αὐτὴν
3111 3058 3354 3128 πνεῦμα,
3388 3044 3619 3129 φρυκτὸν
3642 3058 3718 3127 ἤδη

2174 3155 2357 3225 αίρει·
2395 3152 2840 3221 πλεονεκτήσασα
2878 3150 2934 3203 δὲ
2978 3152 3013 3220 ἡ
3059 3149 3212 3218 φλὸξ,
3261 3149 3453 3221 ὥσπερ
3498 3150 3556 3203 τὸ
3588 3150 3717 3217 ὕδωρ,

2177 3246 2411 3316 ἀπορρεῖ
2432 3244 2544 3297 τῶν
2576 3244 2720 3316 ὀρῶν
2755 3243 2850 3296 καὶ
2881 3244 2938 3306 ὲς
2975 3242 3046 3295 τὰ
3076 3242 3234 3295 πεδία
3262 3245 3566 3315 προχεῖται,
3590 3243 3722 3313 χωρεῖ

2175 3355 2237 3392 τε
2267 3339 2359 3391 ἐπὶ
2398 3337 2675 3392 θάλασσαν
2706 3335 2818 3407 πῦρ
2845 3335 3043 3407 ἀθρόον
3067 3336 3135 3400 ³⁸,
3171 3336 3406 3400 ἐκϐολὰς
3440 3336 3721 3407 ποιούμενον

2172 3423 2289 3482 οἷαι
2318 3426 2428 3480 τῶν
2456 3426 2719 3498 ποταμῶν
2747 3430 2906 3481 εἰσιν.

2248 3520 2504 3574 Αἰθιοπία
2535 3520 2579 3551 ³⁷
2617 3519 2719 3590 τῆς
2766 3522 2866 3591 μὲν
2911 3520 3014 3573 ὑπὸ
3041 3520 3178 3591 ἡλίῳ
3228 3521 3413 3590 πάσης
3471 3520 3641 3590 ἐπέχει
3678 3518 3723 3570 τὸ

2176 3611 2431 3681 ἑσπέριον
2464 3612 2650 3683 κέρας,
2684 3610 2872 3683 ὥσπερ
2906 3611 3059 3683 Ἰνδοὶ
3097 3612 3143 3644 ³³
3181 3611 3242 3665 τὸ
3282 3613 3422 3683 πρὸς
3465 3612 3569 3665 Eur
3613 3609 3723 3664 κατὰ

2175 3680 2399 3773 Μερόην
2448 3703 2505 3756 δὲ
2535 3680 2821 3773 -Δίγύπτῳ
2844 3680 3213 3767 -ξυνάπτουσα
3234 3744 3249 3768 ,
3279 3680 3373 3757 καί
3402 3721 3462 3756 τι
3519 3705 3606 3756 καὶ
3648 3702 3723 3769 τῆς

2175 3792 2498 3863 ἀμαρτύρου
2524 3793 2732 3863 Λιϐύης
2762 3792 3091 3857 ἐπελθοῦσα,
3111 3794 3335 3864 τελευτᾷ
3361 3796 3446 3857 εἰς
3466 3792 3719 3853 θάλασσαν,

2174 3886 2242 3956 ἢν
2272 3886 2525 3939 Ὠκεανὸν
2553 3887 2602 3939 oi
2649 3887 2871 3956 ποιηταὶ
2918 3886 3165 3953 καλοῦσι,
3197 3886 3259 3939 τὸ
3294 3888 3427 3956 περὶ
3466 3887 3567 3955 γῆν
3611 3885 3722 3937 ἅπαν

2175 3972 2279 4032 ὦδε
2338 3978 2790 4047 ἐπονομάζοντες.
2835 3978 3091 4046 Ποταμὸν
3150 3978 3207 4030 δὲ
3252 3978 3450 4030 Νεῖλον
3501 3976 3721 4043 Αἰγύπτῳ

2174 4071 2410 4137 δίδωσιν,
2460 4070 2521 4133 ὃς
2570 4070 2636 4122 ὲκ
2669 4068 3040 4123 Καταδούπων
3096 4069 3425 4138 ἀρχόμενος,
3457 4071 3522 4139 ἢν
3553 4070 3595 4102 ³³
3633 4070 3721 4119 ἑπι-

2175 4162 2367 4225 πλύζει
2396 4162 2874 4228 πᾶσαννΑῖγυπτον
2903 4160 2999 4214 ἀπ’
3022 4160 3295 4215 Αἰθιόπων
3335 4161 3481 4227 ἄγει.
3516 4158 3719 4227 Μέγεθος

2176 4251 2277 4321 μὲν
2308 4247 2403 4304 οὖν
2439 4252 2541 4305 οὐκ
2572 4251 2702 4317 ἀξία
2747 4249 3199 4321 παραϐεϐλῆσθαι
3250 4251 3385 4321 πρὸς
3430 4250 3614 4311 Ἰνδοὺς
3646 4248 3716 4318 ἥδε

2172 4346 2206 4414 ἡ
2233 4343 2406 4414 χώρα,
2434 4343 2519 4397 ὅτι
2552 4344 2674 4415 μηδ’
2704 4343 2838 4414 ἄλλη
2875 4343 3132 4415 μηδεμία,
3157 4344 3349 4396 ὁπόσαι
3384 4346 3527 4397 κατά
3548 4342 3719 4413 ἀνθρώ·

2173 4453 2308 4498 mu;
2333 4436 2693 4504 dvopaotat“
2714 4438 2952 4507 ἤπειροι.
2983 4436 3045 4488 Ei
3079 4435 3134 4488 δὲ
3161 4438 3252 4489 καὶ
3277 4438 3463 4491 πᾶσαν
3488 4438 3717 4503 Αἴγυπτον

487 4532 611 4578 nota
642 4524 733 4578 sit.
762 4522 914 4589 Quod
941 4523 985 4577 si
1023 4532 1190 4577 totam
1212 4520 1509 4591 ngypIum
1528 4518 1822 4589 Ethiopian
1842 4519 2065 4588 adjicia-

2177 4526 2436 4595 Αἰθιοπίᾳ
2480 4525 2885 4596 ξυμδάλλοιμεν
2908 4525 2976 4589 ⁸η,
3007 4525 3155 4577 τουτί
3200 4524 3259 4578 δὲ
3299 4524 3563 4596 ἡγώμεθα
3578 4524 3618 4556 ⁸⁸
3646 4525 3715 4576 καὶ

487 4633 607 4672 mus
632 4616 709 4689 (id
730 4619 873 4672 enim
900 4617 1081 4673 facere
1103 4617 1326 4673 ﬂuvium
1344 4616 1724 4686 arbitramur),
1748 4631 1857 4671 non
1883 4626 2063 4670 tamen

2172 4618 2261 4673 τὸν
2282 4619 2528 4687 ποταμὸν
2562 4619 2846 4688 πράττειν,
2887 4615 3038 4670 οὔπω
3068 4616 3371 4688 ξύμμετροι
3391 4617 3441 4649 ⁸⁸
3474 4618 3601 4688 πρὸς
3640 4616 3715 4683 τὴν

493 4710 669 4764 ambat
695 4710 999 4779 conjuncta:
1029 4708 1459 4777 magnitudinem
1490 4706 1653 4762 Indiae
1680 4709 2065 4776 adaquabunt.

487 4801 544 4855 in
580 4812 811 4873 utraque
839 4818 973 4856 vero
1006 4799 1154 4856 ﬂuvii
1180 4811 1307 4855 sunt
1331 4800 1472 4855 inter
1505 4815 1564 4855 se
1589 4799 1793 4855 similes
1820 4800 1982 4855 lndus
2011 4808 2067 4855 et

484 4894 661 4948 Nilus.
680 4893 853 4949 Ambo
884 4894 1257 4948 continentem
1281 4891 1548 4948 oblimant
1568 4892 1776 4946 aestatis
1800 4901 2064 4961 tempore,

483 5002 608 5039 cum
641 4986 877 5040 maxime
898 4984 948 5038 id
976 4993 1117 5038 terra
1142 4984 1369 5052 expetit,
1399 4983 1611 5053 solique
1631 4983 1917 5038 ﬂuviorum
1943 4998 2067 5038 cro-

485 5076 693 5131 cudilos
733 5079 969 5132 educant
1010 5086 1065 5131 et
1116 5076 1555 5146 hippOpotamos.
1602 5072 1894 5129 Terrarum
1936 5090 2066 5130 vero

485 5169 899 5224 similitudinem
933 5177 1202 5223 testantur
1230 5176 1474 5220 aromata
1526 5167 1819 5235 utrobique
1844 5180 2075 5221 nascen-

2183 4712 2361 4768 Ἰνδῶν
2389 4714 2558 4783 ἄμφω
2588 4710 2949 4776 ξυντεθεῖσαι.
2985 4712 3230 4780 Ποταμοὶ
3259 4712 3315 4764 δὲ
3353 4714 3554 4783 ἀμφοῖν
3574 4711 3713 4778 ὅμοιοι

2171 4805 2518 4875 λογισαμένῳ
2562 4804 2630 4856 τὰ
2692 4802 2859 4856 Ἰνδοῦ
2907 4820 2967 4855 τε
3032 4804 3126 4857 καὶ
3178 4802 3394 4857 Νείλου.
3454 4804 3606 4875 [1015
3643 4798 3710 4869 IL]

2169 4894 2497 4965 Περαίνουσί
2534 4893 2580 4925 ⁸⁵
2606 4908 2666 4946 τε
2697 4892 2807 4964 γὰρ
2867 4894 2969 4956 τὰς
3026 4893 3289 4963 ⁴ἰιτινείρους
3324 4896 3382 4946 ὲν
3427 4896 3545 4965 ὥρᾳ
3572 4895 3709 4951 ἔτους,

2169 4988 2329 5039 ὁπότε
2376 4988 2410 5057 ὴ
2434 4987 2504 5057 γῆ
2549 4987 2648 5056 ἐρᾷ
2670 4985 2884 5049 τούτου,
2920 4987 3203 5057 ’ποταμῶν
3246 5004 3306 5040 τε
3340 4988 3386 5019 ⁸⁵
3420 4986 3709 5054 παρέχονται

2176 5082 2325 5152 μόνοι
2355 5080 2446 5133 τὸν
2471 5078 2813 5149 κροκόδειλον
2845 5079 2938 5131 καὶ
2974 5078 3065 5131 τὸν
3105 5078 3295 5132 ἵππον.
3330 5077 3440 5145 Τὴν
3470 5077 3524 5128 δὲ
3559 5076 3707 5141 epam.

2172 5185 2309 5240 τητα
2340 5168 2446 5223 τῶν
2496 5162 2743 5239 ἠπείρων
2770 5166 3081 5220 πιστούσθω
3106 5167 3206 5237 μὲν
3248 5168 3341 5219 καὶ
3377 5167 3444 5218 τὰ
3475 5169 3527 5216 ἐν
3554 5160 3707 5215 αύτιῐς

487 5266 586 5327 tia,
631 5264 815 5316 leones
836 5272 1096 5328 praterea
1156 5269 1213 5313 et
1250 5258 1560 5328 elephanti,
1600 5258 1693 5327 qui
1742 5258 1794 5312 in
1845 5270 2067 5328 utraque

2172 5258 2464 5329 ἀρώματα,
2515 5254 2931 5311 πιστούσθωσαν
2962 5256 3009 5287 ⁵⁸
3034 5256 3093 5308 δὲ
3122 5252 3219 5308 καὶ
3258 5256 3307 5307 oi
3351 5255 3556 5311 λέοντες
3581 5246 3658 5301 καὶ
3685 5244 3705 5293 ὁ

487 5353 635 5422 capti
689 5354 899 5408 servire
950 5362 1240 5423 coguntur.
1298 5346 1510 5402 Praebet
1565 5349 1788 5419 insuper
1838 5361 2067 5419 utraque

2173 5351 2371 5418 ἐλέφας
2408 5352 2468 5403 ὲν
2498 5350 2737 5420 ἑκατέρᾳ
2789 5347 3145 5419 ἁλισκόμενός
3202 5362 3262 5399 τε
3305 5346 3400 5398 καὶ
3450 5339 3696 5397 δουλεύων.

1775 5437 2007 5494 νΑιιυΕ
2032 5437 2442 5496 LECTIONES.

590 5533 635 5566 ’⁷
664 5527 774 5586 οἷαι
801 5533 927 5587 add.
984 5531 1093 5584 ΑΒ.

487 5620 601 5659 om.
652 5603 757 5656 AB.
870 5603 915 5635 ³³
948 5600 1053 5672 τίς]

1226 5527 1271 5562 ³⁸
1297 5527 1401 5599 ὅτι]

1109 5616 1162 5665 ν,
1208 5600 1291 5653 l7.

1472 5543 1523 5593 ν,
1575 5528 1664 5582 16.

1798 5530 1842 5561 ²⁹
1873 5529 2191 5600 θρυλλοῦσιν
2244 5546 2307 5594 ς’.

1370 5598 1414 5630 π
1440 5598 1497 5650 δὲ
1555 5599 1650 5670 καὶ
1701 5615 1824 5670 σηρῗ
1858 5598 1918 5665 ςζ
1992 5599 2039 5633 ³⁵
2083 5602 2220 5670 τύχη
2256 5604 2320 5655 Α.

2440 5532 2482 5563 ³⁸
2513 5529 2724 5583 τοιαυτὶ
2754 5530 2818 5583 Α.
2899 5529 2941 5561 ⁸¹
2965 5526 3155 5599 αὐτοῦ]
3209 5526 3403 5599 αὐτούς
3441 5523 3504 5599 A_.
3534 5590 3551 5599 ι
3572 5518 3697 5599 ³’6ρη

2444 5601 2489 5634 ³⁸
2515 5601 2628 5672 πῦρ
2660 5599 2856 5670 ἀθρόον
2885 5614 2994 5672 om.
3028 5590 3175 5672 AB."
3218 5599 3257 5630 ³⁷
3287 5590 3633 5672 ᾼέθιοπίαλνι.
3661 5590 3697 5641 Ι.

492 5676 536 5707 ³⁸
564 5660 1246 5755 Ἰνδοί.Α;,’ῐν¹δῤ’›”ς,-,ἰξ⁹
1262 5671 1346 5755 ’ἦν
1380 5684 1491 5723 om.
1540 5668 1648 5755 AB.
1691 5660 2112 5755 "rdiidpaotqt
2141 5660 2249 5755 Ᾰςξ
2329 5671 2370 5703 ¹⁵¹
2408 5660 2811 5755 ξυμϐάλλοιμεν
2886 5670 2931 5755 ζ’
2960 5668 3223 5755 ἡγιέςιεθα
3268 5668 3358 5721 ΑΒ

496 5761 691 5840 p.21—
716 5723 996 5840 ἠγούμεθά
1032 5718 1109 5840 Αςέ
1173 5742 1225 5840 :3
1258 5718 1558 5839 ξύμμετροι
1588 5768 1659 5777 -
1688 5718 2022 5840 ξυντεθεξαι
2065 5746 2105 5797 Α
2134 5762 2147 5798 :
2183 5718 2590 5814 ξύμμετβοξ-
2619 5718 2855 5810 τοσαύτῃ
2887 5718 3201 5805 ξυνίεέθὲῖσα
3234 5755 3293 5803 ς.

504 5818 534 5840 ι
615 5822 744 5840 ,σιιιηΔ
937 5828 993 5840 ...-
1135 5828 1144 5837 .
1205 5811 1224 5839 3.
1259 5827 1296 5840 ρ
1400 5810 1418 5840 ‘s
1468 5807 1694 5840 summa/.1.
1715 5816 1773 5840 ι.-.
1805 5825 1866 5840 η..

1209 5827 1319 5863 Er.

503 5807 552 5864 S-
576 5807 781 5865 hottus.
860 5807 903 5841 ⁵⁵
937 5828 993 5862 τε
1024 5810 1145 5863 AB:
1172 5811 1226 5863 δὲ
1258 5807 1339 5873 ς’(
1374 5807 1441 5840 V“
1468 5807 1774 5861 πιστούσυω
1804 5825 1887 5877 pr.
1920 5812 1985 5865 A.

3398 5736 3438 5767 “
3465 5731 3693 5787 πιαίνουσι
