3954 6456
334 348 468 417 12ἔέ3

1388 364 1912 424 BIBLIOTHECA.
1934 389 2004 399 —
2042 363 2203 428 COD.
2233 365 2473 427 CCXLI-

3453 365 3588 433 1235

329 462 595 516 Βόσκουσι
622 464 678 518 δὲ
708 466 801 519 καὶ
835 467 1002 539 θηρία
1040 463 1131 526 οἷα
1159 472 1257 542 ούχ
1282 472 1535 542 ἑτέρωθι,
1567 475 1661 527 καὶ
1691 473 1896 545 ἀνθρώ-

2012 475 2175 542 l‘eras,
2223 493 2345 547 qua:
2377 476 2504 532 alibi
2543 490 2807 546 nusquam
2841 476 3215 546 reperiuntur,
3255 486 3309 530 et
3336 476 3587 533 homines

328 569 463 615 πους
492 554 750 621 μέλανας,
782 556 809 609 ὃ
841 559 916 627 μὴ
953 558 1108 614 ἄλλαι
1130 562 1352 633 ἤπειροι
1378 580 1392 595 ’
1431 567 1727 636 πυγμαίων
1759 584 1818 620 τε
1847 570 1906 622 ὲν

327 642 522 705 αὐταῖς
549 644 698 715 ἔθνη.
724 647 939 717 Γρῦπες
968 650 1025 706 δὲ
1054 650 1230 706 Ἰνδῶν
1260 654 1355 708 καὶ
1398 655 1690 727 μύρμηκες
1720 658 1902 713 Αἰθιόο

325 749 467 795 πων,
499 737 548 787 εἰ
588 739 680 790 καὶ
708 738 953 807 ἀνόμοιοι
979 740 1077 811 τὴν
1110 741 1255 797 ἰδέαν
1290 745 1449 813 εἰσὶν,
1478 747 1592 800 ἀλλ’
1624 748 1789 819 ὅμοιά
1817 766 1903 818 τε,

326 826 403 887 ὥς
428 844 581 892 φασι,
614 830 893 899 βούλονται
910 851 924 865 ο
954 835 1158 907 χρυσοῦ
1180 836 1291 908 γὰρ
1315 838 1557 907 φύλακες
1582 842 1641 890 ἐν
1669 840 1907 911 ἑκατέρᾳ

324 915 565 984 ᾅδονται,
603 922 664 973 τὸ
690 927 1001 994 χρυσόγεων
1032 927 1140 981 τῶν
1160 929 1408 999 ἠπείρων
1435 928 1831 1001 ἀσπαζόμενοι.

399 1089 675 1146 Αἰθιόπων
702 1093 745 1126 ’⁵⁷
771 1095 829 1148 δὲ
870 1098 964 1151 καὶ
1009 1098 1324 1168 Αἰγυπτίων
1370 1102 1495 1172 ὅρια
1535 1104 1600 1156 τὸ
1633 1103 1907 1176 καλούμε-

325 1195 418 1230 νον
456 1181 795 1251 Συκάμινονο
839 1180 901 1239 οὗ
936 1192 1357 1259 παραγεγονότα
1410 1193 1502 1247 τὸν
1548 1194 1909 1250 Ἀπολλώνιον

329 1269 458 1341 [558
484 1271 577 1343 8.]
601 1277 785 1347 χρυσῷ
813 1295 873 1330 τε
893 1280 1095 1351 ἀσήμῳ
1115 1283 1281 1350 φησὶν
1306 1284 1550 1354 ἐντυχεῖν
1583 1286 1678 1340 καὶ
1708 1286 1839 1359 λίνῳ
1861 1288 1907 1320 ’⁵⁸

323 1362 423 1412 καὶ
484 1363 739 1432 ἐλέφαντι
779 1368 875 1420 καὶ
916 1368 1101 1438 ῥίζαις
1145 1373 1239 1424 καὶ
1290 1371 1448 1444 μύρῳ
1475 1374 1573 1427 καὶ
1623 1374 1904 1447 ἀρώμασι,

323 1453 543 1507 κεῖσθαι
596 1456 653 1509 δὲ
685 1458 866 1514 πάντα
913 1462 1201 1529 ἀφύλακτα
1250 1466 1307 1519 ὲν
1354 1466 1460 1537 ὁδῷ
1488 1472 1699 1540 σχιστῇ.
1738 1470 1806 1523 Ἥ
1850 1471 1908 1525 δὲ

322 1544 478 1597 αἰτία
502 1546 642 1617 αὕτη
670 1564 684 1579 ·
719 1551 925 1621 ἀγορὰν
942 1553 1200 1619 Αἰθίοπες
1228 1558 1534 1625 ἀπάγουσιν
1553 1554 1627 1614 ὧν
1650 1561 1908 1617 Αἰθιοπία

320 1632 572 1687 δίδωσιν
614 1639 663 1690 οί
707 1638 764 1691 δὲ
822 1640 1141 1712 ἀνελόμενοι
1194 1647 1376 1699 πᾶσαν
1413 1647 1783 1720 ξυμφέρουσιν
1825 1652 1906 1717 εἰς

319 1721 414 1774 τὸν
453 1726 617 1779 αὐτὸν
687 1729 861 1800 χῶρον
927 1733 1136 1804 ἀγορὰν
1186 1738 1492 1806 Αἰγυπτίαν
1557 1740 1671 1795 ίσου
1727 1742 1903 1809 ἀξίαν,

2009 570 2195 639 nigros
2237 570 2355 624 aliae
2396 569 2555 623 nulla;
2592 569 2921 624 continentis
2963 577 3145 636 partes
3179 566 3395 630 ferunt.
3440 578 3497 623 et
3530 572 3583 623 in

2009 660 2077 715 iis
2125 659 2494 732 Pygmaaorum
2544 660 2715 716 natio.
2770 660 3020 715 Indorum
3074 672 3204 714 vero
3248 661 3482 729 gryphes
3532 668 3588 713 et

2009 751 2325 822 Ethiopum
2356 754 2617 817 formica.
2651 768 2963 823 quanquam
2991 753 3100 807 sint
3128 751 3301 805 forma
3328 752 3573 806 dissimi-

2009 845 2108 909 les,
2144 847 2335 899 eadem
2365 855 2546 900 tamen
2572 859 2734 915 agere
2771 845 3016 899 student.
3056 843 3193 897 Nam
3216 859 3405 897 aumm
3439 853 3591 897 utro-

2010 935 2173 1004 hique
2206 936 2485 993 custodire
2523 936 2903 1007 perhibentur,
2946 945 3000 991 et
3047 944 3251 992 terram
3292 936 3584 989 auriferam

2008 1038 2214 1079 amare.

2082 1115 2217 1171 Cum
2250 1130 2317 1171 eo
2340 1116 2578 1171 venisset
2604 1114 2924 1183 Apollonius
2948 1114 3035 1171 ubi
3075 1115 3342 1185 Egyptus
3367 1114 3586 1170 Ethio-

2009 1207 2207 1277 pieque
2238 1207 2561 1262 terminatur
2594 1205 2971 1279 (Syeaminum
3006 1217 3185 1262 autem
3217 1207 3307 1261 illa
3339 1207 3583 1275 vocant),

2009 1313 2199 1352 aurum
2231 1313 2336 1353 non
2366 1298 2636 1366 signatum
2661 1299 2889 1354 invenit.
2912 1298 3108 1354 Linum
3140 1308 3396 1368 pmterea
3421 1309 3585 1369 atque

2009 1394 2162 1456 ebur,
2197 1398 2251 1443 et
2278 1390 2488 1445 radices
2518 1390 2699 1445 varias
2726 1407 2750 1457 ί
2774 1400 3105 1460 unguentum
3139 1391 3381 1459 insuper,
3416 1400 3471 1446 et
3502 1392 3586 1445 di-

2008 1496 2290 1536 versorum
2336 1495 2595 1550 generum
2640 1492 2905 1537 aromata.
2951 1479 3139 1536 Omnia
3179 1490 3357 1535 autem
3400 1481 3453 1535 in
3496 1483 3581 1535 via

2008 1582 2155 1627 secta
2188 1570 2305 1626 sine
2327 1571 2549 1626 custode
2572 1571 2771 1638 passim
2797 1569 3075 1637 iacebant.
3103 1570 3227 1625 Hac
3261 1583 3392 1625 vero
3418 1583 3585 1625 causa

2006 1672 2129 1718 est:
2160 1677 2367 1718 merces
2401 1663 2667 1717 invehunt
2704 1660 3027 1731 Ethiopes,
3061 1677 3181 1731 quae
3210 1662 3264 1716 in
3305 1660 3583 1730 Ethiopian

2010 1755 2372 1824 proveniunt;
2400 1754 2643 1826 IEgyptii
2678 1770 2805 1811 vero
2838 1770 2933 1811 eas
2967 1771 3155 1810 omnes
3187 1770 3310 1810 cum
3346 1755 3582 1811 sustule-

317 1810 621 1917 tbvodpsvo:
662 1819 771 1872 τῶν
812 1822 995 1886 αὐτοῖς
1024 1824 1194 1880 ὄντων
1225 1828 1292 1881 τά
1334 1830 1435 1883 οὐκ
1467 1830 1617 1885 ὄντα.
1642 1833 1705 1885 Οί
1741 1833 1798 1886 δὲ
1829 1834 1896 1891 τὰ

2008 1848 2138 1914 rint,
2162 1847 2351 1903 eodem
2378 1856 2720 1916 comportant
2744 1862 2976 1904 mercem
3002 1846 3311 1917 Egyptiam
3360 1845 3585 1914 aequalis

319 1904 448 1973 ὅρια
475 1906 583 1961 τῶν
606 1910 849 1983 ἠπείρων
877 1915 1155 1981 οἰκοῦντες
1177 1918 1330 1972 οὔπω
1356 1922 1604 1992 μέλανες,
1634 1923 1751 1977 ἀλλ’
1775 1926 1905 1997 ὁμό-

321 1997 480 2063 φυλοι
507 2000 566 2052 τὸ
593 2004 824 2073 χρῶμαο
867 2008 1213 2076 μελαίνονται
1236 2013 1344 2084 γὰρ
1375 2015 1425 2067 οἰ
1457 2014 1558 2085 μὲν
1592 2010 1758 2087 ⁴ἧττον
1804 2018 1903 2072 Αἰ-

319 2087 550 2157 θιόπων,
585 2094 634 2146 οἰ
664 2095 721 2148 δὲ
749 2097 950 2167 μᾶλλον
973 2100 1309 2170 Αἰγυπτίων.

403 2383 689 2441 Ἐντεῦθέν
716 2389 761 2423 ⁸⁸
805 2409 939 2463 φησι
993 2395 1084 2449 τὸν
1151 2397 1508 2455 Ἀπολλώνιον
1557 2408 1757 2476 χωρεῖν
1807 2408 1901 2463 ἐπὶ

313 2472 594 2565 ιὶίἑνωνος,
631 2480 883 2549 ἡγεῖσθαι
917 2483 975 2536 δὲ
1024 2486 1207 2551 αὐτοῖς
1260 2472 1895 2565 μειράκιοννΑίγύπτιον,

314 2562 601 2659 Ἰίμαᾉσίων
646 2569 692 2601 ⁵ο
750 2572 940 2642 ὄνομα.
997 2578 1200 2643 Κακῶς
1262 2581 1318 2634 δέ
1370 2601 1504 2655 φησι
1554 2562 1899 2659 πεπραχέναι

332 2654 689 2714 Ἀπολλώνιον
738 2664 1071 2732 ἀφικόμενον
1114 2670 1155 2702 ⁸⁸
1212 2674 1271 2736 ὲς
1306 2654 1441 2739 τοὺς
1475 2677 1583 2731 τῶν
1622 2654 1899 2736 Αἰθιόπων

314 2749 579 2816 γυμνοὺς,
622 2753 715 2806 καὶ
748 2756 846 2827 οὐχ
880 2760 1038 2827 ὃμοια
1074 2754 1149 2815 ὧν
1185 2764 1433 2835 ἐξενίσθη
1465 2768 1619 2839 παρὰ
1650 2772 1763 2833 τοῖς
1788 2771 1898 2826 τῶν

331 2838 505 2892 Ἰνδῶν
532 2843 841 2914 Βραχμᾶσι.
870 2851 942 2903 Τὸ
962 2852 1018 2904 δὲ
1047 2853 1242 2919 αἴτιον,
1272 2859 1457 2926 φησὶν,
1490 2838 1572 2913 ὃτι
1599 2862 1896 2934 Εὐφράτης

312 2946 403 2994 τις
437 2934 747 3007 φιλοσοφεῖν
798 2942 1137 3014 ἐπιτηδεύων
1187 2948 1282 3002 καὶ
1316 2951 1394 3012 εἰς
1426 2950 1690 3024 διαφορὰν
1725 2954 1896 3008 ἐλθὼν

330 3024 706 3101 Ἀπολλωνίῳ,
762 3032 863 3098 τὰς
922 3037 1092 3102 ἀκοὰς
1140 3039 1251 3093 τῶν
1305 3043 1530 3113 γυμνῶν
1592 3047 1715 3108 ταῖς
1754 3047 1898 3100 κατά

332 3114 689 3174 Ἀπολλωνίου
720 3127 1118 3198 προκατασχὼν
1148 3130 1444 3198 διαδολαῖς,
1474 3136 1660 3200 κακῶς
1696 3139 1897 3203 αὐτοὺς

317 3208 456 3277 πρὸς
481 3212 643 3267 αὐτὸν
664 3214 971 3271 διακεῖσθαι
999 3223 1406 3293 παρεσκεύασε.
1433 3227 1620 3299 Πολλῷ
1639 3227 1696 3281 δὲ
1720 3229 1899 3300 κρείτ-

315 3316 444 3362 τους
473 3303 566 3356 ἐπὶ
606 3306 768 3378 σοφίᾳ
798 3324 857 3360 τε
889 3312 983 3363 καὶ
1020 3314 1133 3376 τοῖς
1163 3314 1345 3378 ἄλλοις
1374 3318 1501 3381 τοὺς
1527 3319 1681 3390 παρὰ
1716 3319 1898 3381 Ἰνδοῖς

318 3391 646 3463 Βραχμᾶνας
683 3398 794 3452 τῶν
824 3401 977 3471 παρά
1009 3404 1226 3474 Αἰθίοψι
1256 3407 1481 3478 γυμνῶν
1510 3409 1893 3479 ἀποφαίνεται.

315 3484 500 3536 θίκεῖν
528 3484 584 3537 δὲ
613 3489 740 3551 τοὺς
792 3494 1033 3560 γυμνοὺς
1064 3494 1388 3568 ὑπαιθρίους
1418 3502 1552 3571 φησί
1589 3502 1634 3536 ⁵³
1672 3503 1766 3556 καὶ
1792 3504 1898 3556 ὑπὸ

314 3571 394 3642 τῷ
426 3574 640 3646 οὐρανῷ
666 3578 836 3649 αὐτῷ,
882 3581 975 3633 sui
1007 3600 1151 3647 τινος
1183 3586 1241 3639 δὲ
1273 3588 1513 3657 γηλόφου
1550 3590 1894 3661 ξυμμέτρου,

2005 1939 2166 2008 pretii
2193 1957 2206 1992 :
2227 1940 2389 1994 rebus
2406 1940 2517 1994 suis
2542 1955 2604 1996 ea
2626 1941 2974 2003 redimentes,
3000 1939 3196 2008 quibus
3213 1946 3455 1993 careant.
3478 1936 3581 2001 Qui

2002 2046 2135 2087 vero
2156 2032 2454 2088 continenti
2481 2033 2775 2092 viciniores
2806 2034 3073 2098 habitant,
3099 2033 3333 2086 nondum
3365 2030 3529 2100 33o
3548 2046 3582 2083 α

2003 2124 2165 2194 plane
2207 2123 2370 2193 nigri,
2419 2122 2606 2178 colore
2654 2138 2782 2179 vero
2831 2122 3064 2177 invicem
3116 2122 3475 2185 conveniunt,
3514 2119 3586 2175 ab

2005 2216 2127 2272 aliis
2143 2216 2365 2272 diversi.
2385 2215 2869 2287 Nigrescuntentm
2894 2216 3072 2270 minus
3092 2232 3251 2286 quam
3273 2214 3579 2282 Ethiopes,

2002 2310 2163 2382 paulo
2190 2321 2371 2366 autem
2406 2310 2576 2381 magis
2601 2326 2759 2379 quam
2798 2309 3059 2380 Egyptii.

2074 2403 2278 2459 Deinde
2326 2403 2492 2457 refert
2536 2403 2877 2470 Apollonium
2932 2403 2987 2454 in
3028 2400 3330 2455 Memnonis
3378 2398 3579 2467 regiam

2002 2495 2335 2566 pervenisse.
2386 2494 2621 2549 Ducebat
2663 2509 2760 2549 eos
2807 2492 3126 2548 adolescens
3157 2491 3440 2560 Egyptius
3479 2505 3579 2544 no-

2002 2588 2149 2641 mine
2171 2585 2419 2641 Timasii.
2453 2586 2590 2641 Male
2618 2596 2898 2654 acceptum
2927 2582 3423 2650 dicitApollonium
3453 2596 3581 2635 enn-

2003 2685 2109 2730 tem
2144 2676 2211 2730 ad
2243 2673 2729 2746 Gymuoseph‘stas
2772 2672 3125 2743 EthiOpum,
3165 2683 3219 2725 et
3262 2686 3368 2725 nou
3412 2669 3575 2724 simili

2001 2767 2210 2823 honore
2229 2781 2335 2836 quo
2361 2768 2427 2821 ab
2452 2765 2703 2822 ludorum
2737 2764 3094 2821 Brachmanis
3121 2762 3347 2817 aﬂ'ectus
3375 2761 3573 2825 fuerat;

1999 2868 2054 2912 et
2081 2860 2182 2913 hac
2207 2859 2421 2927 quidem
2450 2858 2514 2911 de
2537 2872 2725 2920 causa,
2754 2856 3057 2924 Euphrates
3081 2854 3303 2924 quidam
3333 2851 3574 2921 philoso-

1999 2952 2157 3018 phus,
2214 2949 2528 3002 inimicitias
2582 2963 2706 3003 eum
2763 2946 3046 3015 Apollonio
3096 2959 3331 3014 gerens,
3374 2941 3576 2999 famam

1998 3039 2267 3106 Apollonii
2310 3040 2449 3107 apud
2495 3037 2985 3107 Gymnosophistas
3037 3034 3327 3090 calumniis
3372 3034 3426 3089 in
3458 3048 3580 3088 eum

1992 3128 2155 3197 jactis
2183 3130 2454 3195 minuens,
2484 3129 2604 3184 illos
2631 3127 2683 3181 in
2716 3127 3055 3196 Apollonium
3078 3127 3355 3181 excitavit.
3400 3124 3570 3179 Multo

2007 3223 2370 3293 sapientiores
2389 3237 2511 3278 esse
2536 3221 2699 3276 Indos
2729 3220 3091 3275 Brachmanas
3113 3218 3584 3290 Gymnosophistis

2005 3315 2301 3385 Ethiopia
2343 3314 2499 3370 disit.
2573 3312 2766 3368 Vivere
2805 3313 2882 3366 ait
2926 3313 3098 3367 nudos
3151 3312 3267 3366 illos
3316 3312 3417 3367 sub
3469 3311 3579 3375 dio,

2008 3408 2246 3461 incolere
2268 3414 2505 3461 montem
2534 3404 2751 3474 egregie
2778 3418 2807 3457 a
2831 3413 3024 3457 natura
3048 3403 3363 3465 formatum,
3389 3417 3579 3472 parum

2006 3511 2036 3552 a
2060 3496 2163 3553 Nili
2192 3496 2322 3566 ripis
2355 3497 2673 3552 distantem.
2706 3491 2836 3547 Mari
2870 3502 2925 3548 et
2958 3493 3076 3547 Nilo
3105 3492 3367 3562 navigans
3390 3492 3459 3547 ad
3486 3505 3582 3548 eos

2004 3589 2318 3661 Apollonius
2346 3588 2597 3645 accessit.

319 3664 513 3735 μικρὸν
545 3668 652 3720 ἀπὸ
698 3671 797 3737 τῆς
850 3670 1019 3744 ὄχθης
1066 3674 1161 3728 τοῦ
1205 3675 1419 3735 Νείλου.
1464 3681 1793 3753 Ἐποιήσατο
1837 3683 1895 3737 δὲ
1933 3682 2033 3754 τὴν
2078 3682 2215 3754 πρὸς
2252 3682 2450 3746 αὐτοὺς
2502 3681 2622 3735 ὁδὸν
2662 3680 2691 3733 ὁ
2724 3679 2769 3711 ⁵³
2800 3675 3160 3740 Ἀπολλώνιος
3212 3676 3322 3730 ἀπὸ
3376 3675 3581 3732 θαλάσ-

316 3776 416 3827 σης
446 3758 538 3811 καὶ
561 3758 648 3811 διὰ
680 3759 771 3811 τοῦ
802 3760 1018 3816 Νείλου.

388 3848 777 3919 Συνδιατρίψας
810 3850 858 3882 ⁸⁸
890 3852 946 3904 δὲ
973 3854 1060 3904 ἐπ’
1091 3854 1271 3924 ὀλίγον
1296 3860 1489 3928 χρόνον
1522 3864 1637 3924 τοῖς
1666 3864 1895 3933 γυμνοῖς

313 3938 411 3991 καὶ
448 3938 760 4007 προσειπὼν
803 3939 920 4009 ἅμα
948 3944 1062 4006 τοῖς
1096 3944 1194 3997 σὺν
1228 3945 1400 4017 αὐτῷ,
1443 3949 1771 4020 ἐπορεύοντο
1795 3951 1895 4023 τὴν

312 4032 373 4093 ἐς
398 4030 467 4083 τὰ
518 4029 621 4102 ὅρη
670 4031 957 4087 τείνουσαν
1003 4036 1285 4107 ἀριστεροὶ
1336 4038 1432 4091 τοῦ
1481 4041 1714 4109 Νείλου,
1766 4044 1895 4098 τάδε

308 4123 543 4191 δρῶντες
568 4124 729 4192 λόγου
754 4126 899 4192 ἄξια.
918 4128 981 4180 Ui
1011 4129 1355 4184 Κατάδουποι
1379 4133 1557 4203 γεώδη
1574 4134 1697 4205 δρη,
1725 4153 1896 4207 παραο

309 4214 519 4284 πλήσια
565 4216 640 4285 τῷ
660 4217 815 4286 Λυδῷ
830 4217 875 4249 ⁸⁸
902 4218 1147 4289 Τμώχῳ·
1198 4224 1514 4294 κατάρρους
1569 4225 1627 4278 δὲ
1665 4226 1761 4280 ἀπ’
1794 4227 1892 4279 αύ-

304 4307 419 4360 τῶν
449 4309 674 4379 φέρεται
706 4309 919 4377 Νεῖλος,
945 4311 1013 4381 ἢν
1054 4313 1354 4367 ὲπισπᾶται
1390 4316 1494 4387 γῆν
1523 4317 1695 4372 ποιῶν
1716 4319 1885 4387 Αἴγυ-

2069 3859 2244 3914 Parvo
2274 3865 2439 3928 .gttur
2468 3866 2710 3926 tempore
2732 3869 2853 3909 cum
2884 3854 3359 3927 Gymnosophistis
3386 3870 3578 3912 versa--

1992 3961 2082 4007 tus
2104 3959 2161 4009 et
2185 3950 2467 4020 disputans
2495 3962 2619 4003 cum
2652 3946 2841 4014 sociis,
2866 3946 3141 4019 profectus
3166 3957 3251 4003 est
3268 3949 3338 4003 ad
3366 3958 3579 4005 montes

1991 4046 2081 4099 via
2109 4043 2331 4100 sinistra
2356 4040 2482 4097 Nili.
2517 4040 2649 4107 Quae
2685 4051 2867 4096 autem
2890 4040 2965 4096 ibi
2990 4041 3243 4096 viderunt
3273 4049 3578 4096 memoratu

1995 4135 2155 4205 digna
2180 4141 2309 4189 sunt
2331 4132 2445 4187 haec
2474 4149 2488 4185 :
2521 4130 2799 4201 Catadupa
2827 4141 3041 4185 montes
3067 4139 3194 4184 sunt
3218 4118 3402 4196 terrei,
3422 4130 3578 4184 simi-

1991 4225 2072 4281 les
2103 4225 2325 4290 Tmolo,
2363 4223 2457 4294 qui
2494 4224 2547 4279 in
2592 4222 2763 4294 Lydia
2797 4232 2918 4291 est,
2949 4224 3017 4277 ab
3045 4223 3177 4290 ipsis
3214 4232 3393 4275 autem
3427 4220 3579 4275 Nilus

1996 4319 2234 4374 deﬂuens
2264 4333 2330 4372 ex
2358 4332 2421 4371 ea
2453 4332 2613 4385 quam
2647 4316 2828 4371 avellit
2858 4313 3348 4385 terra..Egyptum
3382 4314 3579 4380 impin-

304 4417 465 4453 πτον.
523 4402 586 4454 Ἦ
641 4403 698 4455 δὲ
747 4403 866 4475 ἠχὼ
898 4406 991 4459 τοῦ
1042 4407 1315 4476 ῥεύματος
1366 4410 1889 4481 καταρῤηγνυμένου

2008 4416 2150 4477 gnat.
2185 4406 2409 4461 Sonitus
2439 4412 2621 4460 autem
2649 4405 2909 4459 ﬂuctuum
2934 4420 2964 4458 e
2987 4404 3261 4456 montibus
3283 4417 3576 4468 erumpen-

300 4491 417 4546 τῶν
449 4493 614 4564 ὀρῶν,
641 4495 737 4548 καὶ
758 4496 918 4567 ψόφῳ
950 4498 1067 4568 ἅμα
1089 4499 1147 4562 ὲς
1171 4500 1262 4552 τὸν
1289 4499 1480 4553 Νεῖλον
1502 4501 1887 4571 ἐκπίπτοντος,

302 4582 519 4657 χαλεπὴ
546 4586 693 4639 δοκεῖ
725 4590 818 4641 καὶ
864 4590 963 4644 ούκ
1013 4592 1214 4665 ἀνεκτὴ
1246 4593 1477 4649 ἀκοῦσαι
1501 4610 1517 4625 ⁸
1558 4596 1651 4649 καὶ
1702 4595 1888 4652 πολλοὶ

302 4675 417 4726 τῶν
473 4676 664 4746 πρόσω
722 4678 817 4730 τοῦ
876 4683 1101 4751 μετρίου
1158 4684 1545 4754 προσελθόντες
1593 4687 1888 4756 ἀνέζευξαν

306 4766 675 4830 ἀποϐαλόντες
697 4768 743 4798 ⁸⁸
771 4769 831 4821 τὸ
861 4772 1102 4825 ἀκούειν.

378 4858 625 4927 Προϊόντι
649 4860 696 4891 ⁸⁷
720 4860 777 4911 δὲ
812 4860 889 4931 τῷ
911 4862 1252 4934 Ἀπολλωνίῳ
1284 4867 1377 4919 καὶ
1411 4870 1521 4931 τοῖς
1552 4869 1690 4939 ἀμφ’
1723 4869 1885 4922 αὐτὸν

301 4950 503 5016 μαστοὶ
558 4950 701 5018 δρῶν
758 4951 1041 5019 ἐφαίνοντο
1095 4958 1468 5025 παρεχόμεναι
1525 4959 1749 5029 δένδρα,
1810 4954 1885 5014 ὧν

296 5038 559 5100 Αἰθίοπες
586 5043 655 5093 τά
712 5042 889 5109 φύλλα
924 5043 1018 5094 καὶ
1078 5044 1169 5097 τὸν
1200 5044 1382 5112 φλοιὸν
1409 5048 1504 5099 καὶ
1549 5048 1609 5100 τὸ
1651 5050 1884 5118 δάκρυον

299 5132 515 5199 καρπὸν
549 5132 831 5203 ἡγοῦνται.
874 5134 1094 5205 Ἐώρων
1116 5134 1173 5187 δὲ
1202 5136 1297 5188 καὶ
1335 5136 1554 5201 λέοντας
1584 5139 1756 5209 ἀγχοῦ
1788 5140 1887 5211 τῆς

1997 4500 2130 4554 tium
2155 4508 2359 4554 etcum
2395 4498 2626 4566 strepitu
2661 4499 2712 4551 in
2748 4496 2927 4551 Nilum
2960 4496 3267 4549 cadentium
3305 4493 3577 4546 horrenda

1994 4591 2241 4662 quaedam
2280 4604 2389 4654 res,
2419 4598 2475 4643 et
2506 4591 2692 4643 auditu
2724 4587 3079 4642 intolerabilis
3112 4595 3358 4655 apparet,
3390 4583 3565 4639 multiv

1994 4696 2100 4753 que
2125 4697 2295 4753 prope
2318 4682 2639 4736 accedentes
2666 4679 2778 4749 (94)
2816 4681 3057 4733 auditum
3086 4679 3407 4733 amiserunt.

2064 4859 2381 4917 Procedenti
2412 4870 2593 4916 autem
2618 4861 2898 4931 Apollonio
2920 4861 3143 4932 ejusque
3170 4861 3460 4916 comitibus
3488 4870 3560 4916 tu-

1994 4954 2123 5008 muli
2168 4965 2537 5027 apparuerunt
2573 4956 2799 5011 arbores
2839 4955 3112 5010 ferentes:
3148 4970 3377 5024 quarum
3422 4953 3547 5009 folia

1992 5046 2366 5116 corticemque
2409 5056 2466 5100 et
2512 5047 2779 5118 lacrymas
2826 5048 2966 5101 inter
3011 5048 3215 5101 fructus
3258 5044 3571 5114 EthiOpum

1993 5147 2302 5194 numerant.
2346 5136 2606 5195 Viderunt
2646 5140 2811 5195 etiam
2845 5154 3006 5195 secus
3034 5140 3177 5194 viam
3205 5139 3412 5201 leones,
3440 5149 3555 5206 pan!

1547 5312 1783 5368 VARl/E
1825 5314 2235 5373 LECTIONES.

377 5420 422 5497 ‘_"
447 5421 846 5497 AiQténwv1v1,
1004 5426 1175 5497 δ⁸νκαὶ
1203 5426 1333 5497 λίνῳ
1359 5443 1468 5485 om.
1496 5429 1606 5483 ΑΒ.

296 5490 348 5565 '3:
383 5490 796 5565 nummis.
874 5496 919 5526 τ’
948 5496 1081 5565 φασι
1115 5514 1175 5561 ς.
1250 5490 1353 5550 ’τά
1380 5513 1491 5552 οιη-
1520 5500 1585 5552 Α·

296 5560 350 5593 ⁸⁸
382 5561 499 5615 libri
529 5560 973 5631 ἀποϐάλλοντες.’
1037 5567 1084 5599 ⁵⁷
1114 5560 1379 5639 προϊόντι]
1404 5583 1477 5634 νι,
1509 5570 1595 5625 24.

1715 5433 1757 5465 ⁸³
1794 5433 2067 5505 ἐντεῦθεν]
2095 5452 2166 5498 v1,
2205 5435 2258 5488 5.

1665 5501 1710 5533 ⁵⁵
1741 5501 2145 5575 συνδιατρ.]”ι·ι,
2177 5508 2265 5561 25.
2341 5508 2389 5540 ⁸⁵
2415 5501 2491 5577 τῷ
2525 5509 2665 5578 λυδῴ
2691 5509 2730 5562 Β
2764 5517 2818 5563 et
2849 5523 2995 5562 corr.
3030 5509 3073 5561 Α
3111 5524 3124 5558 :
3152 5504 3261 5561 τῶν
3283 5501 3474 5559 Λυδῶν
3503 5520 3571 5570 ς.

2338 5438 2383 5467 ⁸⁰
2404 5438 2674 5507 τιμασίων
2729 5439 2839 5493 Bet
2897 5453 3043 5492 corr.
3099 5433 3141 5487 A
3184 5450 3475 5507 :_':tpast9v
3502 5447 3567 5498 ς.

378 5770 492 5840 (94)
527 5768 676 5842 ,νὶἁθ
708 5773 791 5843 _dc
820 5773 1130 5847 _Catadupis
1177 5776 1494 5835 Ciceronem
1548 5781 1598 5835 in
1655 5689 2187 5853 Setnﬁgll‘Sﬁpinnis
2211 5824 2224 5849 ,
2256 5784 2347 5841 lib.
2389 5801 2438 5839 νι
2475 5784 2546 5840 De
2579 5785 2866 5855 republica,
