3954 6456
434 368 573 435 1235
1582 373 1841 434 ΡΗΟΤΙΙ
1884 375 1995 435 PA'.

2120 378 2390 441 ARCHzE
2419 384 2528 444 (ΖΡ.
3557 390 3676 457 αἴθε

440 484 657 546 theras,
704 490 759 537 et
799 481 933 537 alias
960 482 1271 553 lmjusmodi
1320 484 1483 549 feras,
1527 500 1758 554 quarum
1789 487 1935 541 nulla
1976 490 2001 541 il

2134 490 2255 544 ὁδοῦ
2283 496 2379 547 καὶ
2402 496 2699 566 παρδάλεις
2724 498 2817 552 καὶ
2841 497 3067 555 τοιαῦτα
3087 499 3249 571 θηρία
3272 518 3432 571 ετερα
3450 515 3465 531 ·
3488 501 3677 575 ﬁnget"

434 590 530 630 eos
561 575 824 645 impetum
852 573 1033 630 facere
1064 576 1311 641 tentavit,
1337 578 1431 632 scd
1459 586 1719 647 tanquam
1748 578 1995 635 horninur

2135 583 2193 637 δέ
2215 586 2368 639 οὐδὲν
2415 589 2622 655 αὐτοῖς,
2663 590 2781 644 ἀλλ’
2815 592 3074 663 ἀπεπὴδα
3120 592 3268 661 σφῶν
3308 592 3494 666 ὥσπερ
3542 573 3681 651 ἐκπε-

437 679 793 739 conspectum
830 678 1111 739 stupentes
1146 671 1497 739 praeteribant
1539 688 1553 724 :
1586 686 1779 726 cervos
1812 673 1998 741 insupe

2138 676 2431 747 πληγμένα
2460 680 2588 744 τοὺς
2623 682 2969 755 ἀνθρώπους.
2999 684 3227 753 Ἔλαφος.
3260 685 3313 737 δέ
3347 686 3440 738 καὶ
3459 686 3684 757 δορκάδες

438 772 493 814 et
517 777 770 830 capreas,
797 762 1248 831 struthionesque
1269 772 1325 817 et
1355 763 1544 818 asinos
1573 763 1858 819 silvestres
1880 779 1999 817 com

2138 770 2233 822 ml.
2262 771 2512 841 στρουθοὶ
2541 774 2632 826 καὶ
2666 775 2801 839 ovet,
2824 775 2993 829 πολλά
3024 777 3123 845 μὲν
3155 778 3245 829 καὶ
3280 778 3453 831 ταῦτα
3488 780 3686 846 ἑωρᾶτο,

438 851 646 921 plures,
678 861 735 906 et
762 852 1080 905 animalium
1121 856 1271 908 varia
1301 868 1532 923 genera,
1562 853 1706 907 inter
1731 870 1855 923 qua:
1884 854 1999 909 fuer

2138 863 2369 917 πλεῖστα
2397 866 2452 919 δὲ
2482 868 2531 920 οί
2558 868 2782 938 βόαγροί
2810 888 2869 921 τε
2902 872 2995 924 καὶ
3025 870 3072 923 οἱ
3105 870 3419 941 βούτραγοι·
3449 869 3601 941 [1016
3615 871 3689 943 11.]

439 944 717 998 silvestres
763 945 930 1000 boves
966 958 1021 1000 et
1065 947 1406 1002 hircoboves.
1446 946 1582 1003 Sunt
1612 961 1790 1003 autem
1844 948 2000 1018 hujus

2142 954 2430 1024 σύγκειται
2459 958 2515 1011 δὲ
2548 959 2613 1012 τὰ
2640 959 2804 1031 θηρία
2843 962 3037 1025 ταῦτα,
3071 962 3133 1014 τὸ
3173 962 3271 1031 μὲν
3307 963 3503 1031 ἐλάφου
3535 980 3591 1014 τε
3618 965 3692 1015 καὶ

443 1038 586 1093 modi
616 1037 917 1092 belluarum
962 1038 1081 1093 alia:
1127 1054 1190 1093 ex
1228 1054 1387 1093 cervo
1410 1038 1674 1108 hircoque
1702 1040 2004 1110 composita

2138 1050 2368 1119 τράγου,
2396 1050 2457 1103 τὸ
2490 1052 2547 1105 δὲ
2593 1053 2687 1121 ἀφ’
2717 1047 2891 1125 οὗπερ
2932 1054 3034 1123 τὴν
3065 1056 3377 1124 ἐπωνυμίαν
3431 1052 3621 1124 εὕρηκε
3639 1056 3692 1109 ⁵⁸.

443 1145 563 1197 qua:
609 1144 675 1183 ex
707 1130 938 1184 diversis
972 1132 1467 1186 denominatiouem
1504 1133 1725 1200 capiunt
1785 1133 2004 1186 animali

2143 1144 2254 1196 Kal.
2293 1145 2472 1208 ὀστοῖς
2508 1145 2564 1198 δὲ
2591 1146 2798 1199 τούτων
2834 1146 3198 1219 ἐνετύγχανον
3236 1147 3332 1201 καὶ
3390 1145 3696 1216 ἡμιϐρώτους

442 1221 568 1276 bus.
620 1219 757 1276 Ossa
811 1221 1031 1293 insuper
1086 1224 1389 1292 hujusmodi
1435 1224 1672 1278 ferarum
1723 1233 1777 1278 et
1824 1240 2002 1279 semes

2146 1231 2395 1302 σώμασιν
2418 1251 2432 1265 ·
2465 1235 2516 1288 οἱ
2542 1236 2650 1307 γάρ
2678 1236 2913 1302 λέοντες,
2940 1238 3158 1293 ἐπειδὰν
3193 1238 3399 1307 θερμῆς
3431 1237 3529 1306 τῆς
3553 1237 3697 1307 θήρας

443 1315 760 1368 earumdem
785 1317 1048 1369 cadavera
1077 1316 1421 1368 invenerunt.
1458 1315 1667 1370 Leones
1694 1318 1838 1371 enim
1865 1316 2004 1370 calid

2143 1324 2556 1396 ἐμφορηθῶσιν,
2608 1330 2968 1400 ἀτιμάζουσιν
3004 1331 3176 1401 αὐτῆς
3220 1332 3289 1384 τὰ
3340 1330 3595 1401 περιττὰ,
3624 1348 3697 1383 πι-

442 1405 626 1473 prmda
676 1405 841 1460 semel
895 1406 1160 1472 saturati,
1224 1405 1420 1476 33Gb
1490 1406 1753 1477 reliquias
1811 1407 2003 1477 ampliu

1882 1407 2042 1477 ιβίῖυε
2147 1418 2452 1485 στεύοντες,
2474 1415 2650 1492 οἶμαι,
2684 1422 2745 1474 τὸ
2770 1422 2816 1453 ⁶⁰
2849 1423 2945 1478 καὶ
2976 1420 3131 1486 αὖθις
3165 1423 3443 1494 θηράσειν.

448 1496 723 1564 attingere
745 1495 1126 1565 dedignantur,
1148 1498 1503 1565 confidentes,
1530 1510 1586 1555 ut
1608 1501 1821 1569 opinor,
1848 1515 2041 1555 novam

450 1601 642 1641 rursus
666 1602 724 1641 se
756 1590 991 1652 praedam
1025 1604 1182 1657 posse
1208 1590 1421 1643 venari.

522 1677 635 1732 Illic
688 1677 972 1750 Etltiopes
1012 1682 1258 1735 habitant
1310 1681 1577 1737 Nomades
1626 1684 1903 1753 appellati,
1952 1686 2044 1755 qui

2233 1682 2499 1737 Ἐνταῦθα
2515 1685 2557 1716 ⁶¹
2591 1683 2851 1754 νομάδες
2881 1683 3128 1738 οἰκοῦσιν
3158 1685 3440 1748 Αἰθίοπες,
3470 1685 3553 1751 ἐφ’
3583 1684 3701 1753 ἀμα-

449 1769 701 1823 eivitates
732 1769 784 1823 in
816 1772 1069 1826 curribus
1099 1775 1306 1843 positas
1344 1774 1566 1829 habent.
1602 1774 1840 1830 Proximi
1868 1789 2010 1831 auter

2154 1774 2261 1838 ξῶν
2310 1775 2705 1845 πεπολισμένοι
2733 1778 2799 1843 θ’,
2862 1778 2957 1830 καὶ
3002 1777 3229 1846 πλησίον
3268 1776 3476 1830 τούτων
3528 1778 3574 1829 οί
3600 1777 3702 1838 τοὺς

448 1860 558 1915 illis
585 1870 730 1929 sunt,
757 1863 845 1931 qui
876 1864 1193 1932 elephantes
1218 1878 1507 1931 venantur,
1536 1868 1764 1935 illosque
1798 1870 1850 1921 in
1871 1868 2006 1923 frust

2150 1866 2451 1934 ἐλέφαντας
2497 1865 2812 1937 θηρῶντες*
2865 1864 2992 1938 [559
3044 1863 3137 1937 IL]
3185 1865 3617 1925 κατακόπτοντες
3660 1863 3703 1915 δὲ

447 1955 651 2009 divisos
711 1959 983 2023 vendunt,
1026 1960 1170 2013 unde
1213 1974 1513 2029 cognomen
1557 1961 1737 2030 adepti
1781 1961 2008 2029 Elephan

2147 1961 2343 2022 αὐτοὺς
2397 1961 2678 2014 ποιοῦνται
2724 1961 2955 2030 ἀγοράν,
2998 1958 3132 2013 ὅθεν.
3167 1957 3449 2025 ἐπώνυμοί
3498 1958 3598 2008 εἱσι
3626 1955 3704 2023 τῆς

448 2047 664 2118 top/tegi
730 2060 1013 2105 vocantur.
1079 2050 1419 2107 Nasamones
1470 2062 1525 2106 et
1573 2054 2009 2124 Anthropophagi

2145 2053 2257 2106 τῶν
2289 2052 2597 2121 ἐλεφάντων
2628 2052 2903 2124 βρώσεως.
2954 2053 3289 2122 Νασαμῶνες
3317 2051 3363 2081 ⁸³
3398 2049 3455 2101 δὲ
3493 2051 3582 2101 καὶ
3611 2048 3705 2100 Ἂν·

446 2136 690 2208 Pygmaei
738 2155 952 2210 quoque
982 2150 1036 2196 et
1065 2141 1390 2212 Sciapodes,
1440 2144 1515 2208 hi,
1570 2145 1823 2213 inquam,
1857 2162 2007 2200 omne

2147 2145 2409 2215 δροφάγοι
2460 2147 2555 2199 καὶ
2595 2148 2868 2217 Πυγμαῖοι
2920 2148 3016 2201 καὶ
3069 2144 3402 2206 Σκιάποδες,
3450 2140 3575 2208 ἔθνη
3628 2139 3705 2209 μὲν

446 2228 742 2299 ιιΕιΙιίορίω
773 2243 960 2301 gentes
985 2243 1146 2299 sunt,
1185 2237 1512 2303 perveniunt
1543 2246 1726 2289 autem
1773 2237 1838 2290 ad
1873 2238 2007 2292 Ocea

2148 2237 2423 2290 Αἰθιόπων
2455 2238 2552 2291 καὶ
2601 2238 2732 2303 οἵδε,
2793 2238 3103 2307 καθήκουσι
3149 2235 3206 2289 δὲ
3254 2237 3310 2298 ἐς
3366 2235 3458 2287 τὸν
3502 2232 3706 2286 Αἰθίοπα

444 2338 575 2376 num
626 2323 954 2394 Ethiopiae,
1002 2341 1111 2396 quo
1154 2327 1327 2383 solum
1379 2329 1429 2384 vi
1487 2331 1830 2400 tempestatis
1880 2331 1998 2385 dela

2148 2329 2409 2393 ὠκεανὸν,
2460 2329 2520 2382 ὃν
2580 2330 2741 2398 μόνον
2772 2328 3093 2383 ἐσπλὲουσιν
3144 2326 3539 2397 ἀπενεχθέντες
3574 2325 3702 2377 ἄκον·

448 2414 609 2469 inviti
652 2416 949 2485 trajiciunt.
2150 2438 2263 2484 τες.

515 2505 650 2562 Cum
690 2507 764 2561 illi
807 2509 873 2562 de
914 2508 1051 2563 feris
1096 2526 1233 2580 quas
1274 2512 1525 2567 viderant
1564 2513 1945 2582 loquerentur,
1992 2524 2049 2568 et

2221 2513 2651 2583 Διαλεγομένους
2672 2514 2717 2544 δι
2742 2513 2797 2566 δὲ
2828 2512 2969 2581 ὑπὲρ
2994 2511 3102 2565 τῶν
3125 2510 3329 2581 θηρίων
3358 2509 3490 2571 τοὺς
3519 2506 3706 2577 ἄνδρας,

445 2608 697 2653 naturam
738 2600 1165 2667 admirarentur,
1198 2620 1320 2674 quae
1359 2616 1463 2659 tam
1520 2607 1670 2660 varia
1717 2608 2006 2678 diversaqu

2151 2607 2244 2659 καὶ
2290 2605 2717 2675 φιλοσοφοῦντας
2769 2604 2911 2677 ὑπὲρ
2966 2604 3068 2671 τῆς
3114 2603 3331 2672 φύσεως
3384 2601 3517 2654 ἄλλο
3566 2599 3707 2658 ἄλλως

445 2692 760 2747 animalium
813 2708 1010 2763 genera
1058 2698 1267 2764 pascit,
1329 2699 1538 2768 sonitus
1588 2699 1809 2769 quidam
1855 2714 2006 2754 eorut

2153 2698 2479 2768 βοσκούσης,
2530 2700 2649 2769 ἠχὼ
2703 2698 3078 2768 προσέϐαλλεν
3137 2691 3248 2750 οἷον
3301 2694 3535 2765 βροντῆς
3586 2691 3707 2745 οὔπω

447 2799 609 2838 aures
651 2786 957 2853 perCUSsit,
1007 2798 1265 2857 tanquam
1310 2792 1515 2845 tonitru
1562 2795 1801 2847 nondum
1842 2793 2008 2847 invale

2153 2792 2397 2861 σκληρᾶς
2426 2790 2562 2843 ἀλλά
2594 2790 2780 2860 κοίλης
2837 2791 2918 2844 ἔτι
2965 2790 3062 2843 καὶ
3098 2791 3155 2842 ἐν
3192 2788 3270 2859 τῷ
3323 2791 3501 2855 νέφει.
3554 2787 3650 2840 Καὶ
3688 2784 3709 2836 ὁ

448 2877 677 2941 scentis,
711 2878 805 2932 sed
840 2878 1020 2933 adhuc
1047 2880 1187 2933 intra
1217 2882 1377 2936 nubis
1402 2885 1798 2937 concavitatem
1829 2885 2003 2939 ineius

2152 2883 2438 2950 Τιμασίων
2464 2900 2478 2912 ·
2524 2882 2759 2952 Ἐγγιὺς,
2806 2881 2931 2951 ἔφη,
2973 2883 3006 2935 d
3061 2878 3479 2949 κατίιρῤάκτης
3518 2880 3550 2931 ὀ
3582 2874 3709 2944 πρῶ·

448 2965 589 3021 Tum
635 2965 911 3023 Timasion
942 2986 957 3023 :
992 2969 1165 3038 Prope
1192 2980 1290 3032 est,
1326 2971 1521 3039 inquit,
1553 2990 1581 3026 ο
1601 2975 1719 3039 viri,
1748 2983 2009 3027 cataracta

2151 2993 2255 3039 τος
2278 2974 2397 3044 μὲν
2426 2973 2743 3036 ἀνιόντων,
2771 2973 3033 3037 ὕστατος
3054 2970 3123 3024 δὲ
3150 2975 3501 3023 κατιόντων.
3533 2968 3708 3020 Τέσσα-

449 3075 570 3127 qua:
626 3060 1025 3115 ascendentibus
1093 3064 1301 3130 prima,
1355 3065 1787 3119 descendentibus
1853 3067 2007 3119 ultim

2155 3084 2246 3138 ρες
2290 3066 2333 3119 δ’
2376 3066 2484 3137 ἄρα
2513 3065 2562 3117 οἱ
2606 3065 3012 3135 καταρράκται.
3072 3062 3268 3116 Στάδια
3309 3062 3365 3115 δὲ
3428 3061 3554 3122 ἴσως
3603 3075 3710 3129 προ·

452 3152 718 3218 occurrit,
770 3163 1000 3222 quatuor
1035 3156 1173 3208 enim
1210 3165 1354 3208 sunt.
1408 3156 1613 3210 Deinde
1657 3156 1832 3210 stadia
1879 3156 2011 3211 ferm

2153 3158 2397 3220 ελθόντες
2439 3156 2572 3210 δέκα
2625 3155 2754 3209 ἰδεῖν
2817 3171 2949 3223 φασι
2981 3154 3225 3224 ποταμὸν
3258 3153 3599 3223 ἐκδιδόμενον
3638 3148 3708 3201 τοῦ

453 3244 640 3298 decem
667 3245 959 3315 progressi,
988 3246 1237 3301 viderunt
1259 3245 1477 3301 fluvium
1506 3263 1570 3301 ex
1599 3259 1779 3303 monte
1801 3248 2011 3303 deﬂuen

2156 3251 2336 3321 ὅρους,
2370 3250 2508 3319 μείω
2539 3248 2690 3302 οὐδὲν
2720 3249 2752 3317 ἢ
2787 3250 2845 3301 ἐν
2882 3247 3127 3315 πρώταις
3163 3245 3463 3314 συμϐολαῖς
3484 3245 3511 3296 ό
3535 3243 3712 3298 Maiar-

456 3346 587 3400 tem,
615 3337 782 3392 nihilo
815 3337 1075 3405 majorem
1105 3354 1266 3409 quam
1302 3338 1519 3411 Marsya
1543 3343 1631 3404 sit,
1662 3353 1827 3411 atque
1854 3340 2017 3395 Maaan

2156 3341 2301 3410 δρος.
2328 3338 2649 3409 Χωροῦντες
2674 3339 2718 3371 ⁸⁵
2750 3338 2807 3391 δὲ
2832 3340 3019 3409 πρόσω
3047 3337 3213 3408 θηρία
3255 3337 3354 3407 μὲν
3390 3335 3575 3389 οὐκέτι
3605 3336 3710 3405 ὀρᾷν

455 3429 575 3493 der,
615 3429 702 3483 ubi
742 3430 975 3498 primum
1014 3432 1066 3484 in
1101 3447 1265 3485 unum
1302 3431 1618 3499 confluunt,
1656 3432 1884 3487 ulterius
1924 3448 2015 3487 ver

2160 3432 2421 3501 (giaeoesa
2459 3430 2568 3502 γὰρ
2606 3431 2767 3500 φύσει
2792 3431 2923 3485 ὄντα
2977 3432 3294 3501 προσοικείν
3341 3431 3459 3492 τοῖς
3496 3427 3711 3497 γαληνοῖς

454 3534 860 3591 processerunt,
886 3539 984 3579 nec
1014 3525 1151 3579 ullas
1175 3526 1411 3595 amplius
1437 3525 1580 3580 feras
1610 3526 1884 3581 videbant.
1917 3525 2015 3580 Nm

2160 3522 2314 3575 ὕδασι
2354 3522 2557 3593 μᾶλλον
2610 3521 2642 3592 ἦ
2678 3523 2789 3584 τοῖς
2824 3521 3105 3590 ραγδαίοις
3134 3537 3193 3574 τε
3220 3521 3314 3572 καὶ
3347 3515 3709 3589 ἐνήχοις),ἐτὲ-

456 3628 583 3667 cum
616 3614 724 3668 sint
757 3625 948 3669 natura
989 3616 1230 3685 pavidae,
1266 3617 1425 3686 juxta
1455 3617 1668 3688 quietas
1695 3634 1867 3687 aquas
1896 3618 2017 3673 liabi

2165 3635 2258 3687 ρου
2289 3617 2345 3669 δὲ
2378 3615 2765 3686 καταρῤάκτου
2788 3614 3021 3668 ἀκοῦσαι
3053 3612 3192 3683 μετά
3222 3610 3613 3665 πεντεκαίδεκά
3634 3625 3712 3660 που

456 3714 580 3760 tant
618 3709 819 3776 potius,
856 3725 1016 3779 quam
1040 3708 1194 3780 juxta
1226 3711 1578 3782 confragosas
1626 3722 1693 3766 et
1727 3714 2017 3781 obstrepen

2165 3709 2377 3770 στάδια,
2429 3705 2670 3777 χαλεποῦ
2716 3705 2817 3775 ἤδη
2871 3704 2965 3757 καὶ
2999 3705 3101 3756 οὑκ
3145 3700 3371 3755 ἀνεκτοῦ
3406 3699 3627 3754 ἀκοῦσαι
3649 3699 3709 3729 “'

462 3808 566 3853 tes.
599 3798 725 3853 Inde
755 3812 879 3870 post
912 3802 1084 3855 stadia
1119 3801 1289 3857 ferme
1322 3802 1631 3872 quindecim
1675 3803 1834 3856 aliam
1868 3803 2023 3856 audic

2161 3800 2444 3853 διπλάσιον
2478 3797 2577 3869 μὲν
2608 3798 2716 3869 γὰρ
2762 3792 2901 3849 εἶναι
2932 3795 3095 3849 αὑτὸν
3123 3792 3217 3848 τοῦ
3266 3794 3560 3865 προτέρου,
3602 3789 3712 3860 ὀρῶν

459 3900 590 3946 runt
643 3901 974 3947 cataractam
1028 3893 1297 3963 difﬁcilem
1360 3911 1493 3950 sane
1550 3905 1605 3949 et
1663 3894 2019 3949 intolerabile:

2161 3893 2218 3945 δέ
2256 3892 2605 3962 ὑψηλοτέρων
2629 3890 2938 3943 ἐκπίπτειν.
2972 3887 3195 3941 Ἑαυτὸν
3230 3888 3327 3956 μὲν
3364 3885 3462 3939 οὖν
3482 3887 3571 3939 καί
3596 3899 3714 3942 τινας

460 3983 670 4047 auditu,
688 3994 742 4038 et
774 3998 892 4053 qua:
914 3986 1148 4054 priorem
1174 3988 1333 4057 duplo
1362 3987 1532 4042 ferme
1550 3999 1835 4058 superaret
1862 4005 2019 4059 :quat

2162 3985 2272 4038 τῶν
2304 3985 2536 4054 ἑταίρων
2561 3983 2605 4013 ⁸⁷
2633 3980 2776 4035 οὕτω
2808 3999 2862 4034 τι
2892 3978 3303 4048 ἐγκτυπηθῆναι
3335 3977 3404 4030 τά
3435 3970 3549 4029 ὦτά
3582 3989 3712 4043 φησιν

461 4088 588 4126 cum
632 4087 699 4127 ex
732 4074 848 4128 loco
890 4076 1048 4144 longe
1089 4092 1251 4143 quam
1296 4077 1446 4145 prior
1492 4080 1686 4134 altiore
1730 4080 2022 4149 pra'cipital

2164 4077 2193 4127 ὁ
2229 4076 2422 4146 Δάμις,
2459 4074 2536 4142 ᾡς
2564 4073 2727 4136 αὑτός
2756 4070 2802 4103 ⁸⁸
2827 4089 2886 4123 τε
2928 4072 2971 4102 ⁵³
3013 4068 3307 4134 ἀναζεῦξαι
3331 4067 3426 4119 τοῦ
3463 4084 3520 4119 τε
3554 4063 3711 4117 Ἀπολ-

461 4165 691 4221 vidisset
716 4167 922 4232 Darnis,
953 4170 1183 4223 comites
1210 4170 1439 4238 aliquos,
1464 4180 1574 4224 tum
1601 4174 2022 4241 etiamfseipsun:

2165 4167 2360 4222 λωνίου
2392 4166 2599 4219 δεῖσθαι
2639 4164 2713 4235 μὴ
2745 4164 2932 4234 πρόσω
2959 4163 3178 4233 χωρεῖν.
3206 4160 3309 4213 Τὸν
3330 4160 3385 4212 δέ
3423 4156 3712 4230 ἐρρωμένως

464 4257 542 4311 ita
588 4257 920 4327 stupefactos
960 4263 1184 4315 auribus
1229 4263 1431 4327 refert,
1479 4273 1537 4317 ut
1577 4278 1635 4317 se
1676 4265 1744 4317 al)
1775 4265 2019 4332 Apelleni

2166 4263 2260 4329 ξύν
2284 4280 2343 4314 τε
2366 4261 2442 4329 τῷ
2477 4259 2783 4329 Τιμασίωνι
2813 4257 2907 4309 καὶ
2936 4256 3110 4324 ἐτέρῳ
3152 4253 3259 4305 τινὶ
3298 4250 3539 4321 τοῦνομα
3572 4247 3711 4312 Νείλῳ

466 4360 835 4415 semoverent,
875 4365 1239 4423 rogaremque
1262 4370 1332 4407 ne
1358 4355 1589 4407 ulterius
1617 4358 2027 4424 progrederetur

2164 4355 2259 4407 τοῦ
2318 4355 2502 4423 τρίτου
2562 4350 2946 4421 καταρῤάκτου
3010 4346 3258 4417 ἔχεσθαι,
3317 4344 3445 4414 περὶ
3509 4337 3565 4396 οὗ
3616 4339 3711 4392 at:

464 4442 664 4498 Verum
713 4445 804 4501 ille
851 4458 1170 4502 constanter
1217 4447 1335 4502 Nilo
1380 4432 1633 4519 quodam
1666 4452 2025 4517 nomine‘dun

2167 4448 2501 4515 ἀπαγγεῖλαι
2556 4447 2782 4516 ἥκοντα.
2839 4440 3277 4511 Ἐπικρεμᾶσοαι
3309 4438 3411 4508 μὲν
3456 4436 3531 4507 τῷ
3571 4433 3711 4499 Νείλῳ

464 4546 637 4603 taxat,
674 4536 1099 4605 Timasioncque
1132 4541 1555 4606 comitantibus,
1599 4552 1886 4597 cataracta:
1945 4552 2025 4598 ter

2172 4540 2419 4612 κορυφὰς
2449 4541 2567 4591 ἐκεῖ
2620 4536 2851 4589 σταδίων
2883 4535 3119 4604 μάλιστα
3164 4531 3306 4584 ὀκτὼ
3354 4529 3508 4599 ὕψος,
3548 4527 3634 4596 τὴν
3670 4523 3711 4573 δὲ

468 4628 558 4682 tite
595 4631 999 4699 prepinquavit,
1033 4632 1157 4687 inde
1185 4635 1251 4685 ad
1276 4635 1457 4687 socios
1484 4649 1758 4698 reversus,
1792 4635 2029 4690 nuntiavi

2168 4633 2336 4703 ὄχθην
2372 4635 2472 4702 τὴν
2504 4628 2894 4699 ἀντικειμένην
2935 4629 3046 4688 τοῖς
3071 4625 3252 4694 ὄρεσιν
3292 4623 3466 4692 ὀφρὺν
3499 4615 3624 4674 εἶναι
3653 4616 3712 4667 λι·

468 4734 766 4788 suspensos
802 4722 911 4777 illic
955 4739 1078 4779 esse
1112 4724 1344 4780 vertices
1392 4724 1531 4787 Nili,
1578 4725 1864 4783 altitudine
1896 4726 2029 4781 ferm

2169 4721 2430 4792 θοτομίας
2457 4721 2728 4790 ἀρρήτου,
2752 4718 2850 4779 τὰς
2887 4716 2944 4769 δὲ
2980 4714 3162 4787 πηγὰς
3197 4709 3713 4783 ἁποκρεμαννυμὲνας

471 4814 771 4867 stadiorum
822 4827 947 4871 octo
981 4835 994 4870 :
1045 4818 1216 4887 ripam
1257 4834 1385 4873 vero
1438 4836 1559 4889 quae
1588 4820 1862 4874 mantibus
1900 4835 2032 4888 (ηιμο

2165 4815 2275 4868 τῶν
2301 4814 2443 4883 ὀρῶν
2469 4811 2838 4882 ὑπερπίπτειν
2870 4811 2946 4872 είς
2977 4810 3075 4881 τὴν
3116 4807 3366 4878 πετρώδη
3395 4806 3574 4876 ὄχθην,
3610 4803 3711 4855 ἀνα·

471 4906 649 4971 nitur,
687 4908 1035 4975 supercilium
1088 4910 1289 4964 habere
1320 4911 1625 4981 lapicidiua:
1662 4896 2032 4967 inenarrabilis

2166 4907 2378 4977 χεῖσθαι
2401 4905 2459 4958 δὲ
2498 4902 2709 4957 ἐκεῖθεν
2738 4906 2795 4967 ἐς
2822 4904 2912 4956 τὸν
2950 4901 3142 4955 Νεῖλον
3176 4898 3545 4970 κυμαινούσας
3568 4910 3618 4946 τε
3644 4889 3713 4944 καὶ

475 5001 657 5055 fontes
684 5016 813 5071 vero
845 5016 911 5056 ex
950 5003 1225 5069 montibus
1262 5006 1560 5073 pendentes
1594 5005 1845 5059 decidere
1877 5006 1929 5057 in
1973 5021 2034 5072 pe

2172 4998 2395 5063 λευκὰς,
2448 4997 2515 5050 τὰ
2560 4997 2619 5050 δὲ
2666 4996 2813 5066 πάθη
2863 4996 2928 5048 τά
2979 4995 3108 5065 περὶ
3182 4992 3352 5055 αὑτὰς
3399 4987 3711 5060 ξυμϐαίνοντα

474 5104 682 5146 trosam
727 5095 939 5163 ripam,
983 5095 1107 5149 inde
1145 5098 1196 5149 in
1239 5096 1419 5151 Nilum
1459 5097 1671 5151 refundi
1709 5112 1901 5169 aquam
1936 5112 2030 5165 spu

2175 5089 2647 5159 πολλαπλασίαςῆ
2689 5090 2745 5141 αἱ
2780 5088 3046 5159 πρότεραι
3087 5086 3274 5147 οὔσας,
3313 5086 3406 5137 καὶ
3449 5084 3543 5152 τὴν
3572 5084 3710 5145 πηὸω·

474 5193 710 5236 mautetn
751 5196 806 5239 et
843 5196 1185 5240 mstuautem.
1232 5188 1550 5243 Accidentia
1601 5168 1766 5250 vero,
1798 5203 1918 5256 qua:
1950 5187 2035 5240 iud

2172 5201 2270 5235 σαν
2308 5186 2371 5235 ἐκ
2410 5181 2618 5235 τούτων
2655 5180 2772 5249 ἠχὼ
2804 5184 2860 5243 ἐς
2911 5181 2977 5232 τά
3003 5179 3105 5249 ὅρη
3136 5179 3397 5247 δυσήκοον
3427 5166 3710 5244 ἐργάζεσθαι

473 5276 726 5330 oriuntur
778 5279 1097 5348 multiplicia
1150 5292 1310 5347 sunt,
1366 5281 1650 5349 magisque
1702 5282 1850 5333 varia
1907 5296 2033 5348 quat

2170 5276 2269 5345 τὴν
2299 5275 2547 5345 ἱστορίαν
2584 5274 2677 5327 τοῦ
2710 5273 3002 5343 ῥεύματος.
3037 5272 3147 5339 Τὴν
3188 5270 3243 5322 δὲ
3282 5268 3466 5339 πρόσω
3506 5262 3611 5318 ὁδὸν
3640 5257 3709 5323 τὴν

476 5383 599 5438 quae
639 5370 689 5423 in
721 5370 842 5425 aliis
874 5373 1170 5439 cataractis
1195 5372 1473 5434 eveniunt,
1504 5382 1555 5425 et
1584 5372 1674 5441 qui
1708 5371 1818 5425 illic
1849 5387 1879 5425 e
1918 5388 2037 5424 mon

2174 5369 2267 5420 ἐπὶ
2292 5367 2392 5431 τὰς
2430 5366 2658 5438 πρώτας
2704 5366 2886 5437 πηγὰς
2924 5365 3167 5433 ἄγουσαν
3212 5365 3413 5432 ἄπορον
3444 5359 3538 5430 μὲν
3572 5351 3710 5408 ἐλθεῖν

1770 5551 1997 5605 ΥΑΙΗᾹΞ
2039 5549 2441 5606 ἱιΕΩΤΙΟΝΕδ.

546 5688 591 5721 ³⁸
617 5689 858 5752 ἐποίεις
934 5689 978 5720 ⁵⁹
1013 5690 1213 5759 εὕρηκε
1249 5691 1308 5748 Β.
1338 5692 1534 5761 ἤιρηκε
1565 5693 1638 5744 Αε
1672 5690 1860 5757 εἴρηκε
1899 5708 1957 5754 ς,
1987 5760 2001 5762 _
2073 5690 2117 5720 6°
2149 5687 2230 5762 τὸ]
2266 5689 2445 5742 utalnu
2476 5688 2606 5762 τῷ.-
2692 5688 2731 5717 ⁶¹
2762 5683 3015 5762 ἐνταῦθα]
3051 5700 3124 5762 Vl:
3155 5682 3277 5762 ‘2‘5._
3344 5679 3388 5762 ⁶ξ
3423 5667 3702 5762 ἐτς

482 5751 879 5827 πεπολιωμένοι
901 5777 960 5823 ς.
1039 5751 1093 5791 δ”
1128 5751 1503 5830 Νασσάμύἱνές
1541 5780 1598 5825 ς.
1701 5751 1745 5792 δέ
1775 5751 2004 5831 διαλεγλ
2037 5775 2085 5831 vt
2114 5801 2124 5821 ,
2155 5751 2244 5813 26'.
2351 5761 2395 5790 ⁸⁸
2428 5751 2742 5831 χωροῦντας
2776 5775 2833 5822 ς’.
2912 5757 2956 5787 ⁸⁸
2990 5751 3221 5823 ἀκοῦσαι
3250 5752 3333 5807 A:
3366 5751 3627 5807 ἀκούεσθαι
3654 5751 3699 5802 ς’

483 5826 528 5860 ⁸⁷
557 5826 787 5898 ἑταίρων
813 5844 956 5885 corr.
991 5830 1068 5883 A:
1101 5832 1301 5900 ἐτέρων
1328 5826 1394 5894 ἲς.
1473 5834 1517 5869 ‘8
1544 5833 1703 5885 αὐτόν
1736 5832 1793 5885 Β.
1874 5832 1916 5861 ⁵)
1940 5826 2004 5882 τε
2035 5829 2112 5883 A:
2145 5846 2203 5897 γε
2238 5848 2296 5895 ς.
