3954 6454
276 319 409 390 1237

1319 335 1844 400 BIBLI‘OTH‘ECA.
1886 366 1951 374 -
1988 341 2150 404 COD.
2185 343 2426 404 CCXLI.

3421 344 3560 413 1238

271 453 458 505 φασιν,
480 436 685 509 ἄπορον
711 438 768 492 δὲ
797 438 1172 512 ἐνθυμηθῆναι
1199 459 1213 474 ο
1241 445 1412 500 πολλά
1451 449 1562 518 γάρ
1599 452 1694 504 καὶ
1729 452 1861 523 περὶ

1984 453 2114 508 .ibus
2155 465 2368 509 resonat
2408 454 2590 525 fragor
2617 455 2952 524 asperrimus
2980 465 3086 524 est,
3114 465 3168 511 et
3205 457 3552 512 inenarrabi-

266 528 541 600 δαιμόνων
589 531 831 602 ᾄδουσιν,
886 528 975 588 οἷα
1026 537 1123 588 καὶ
1177 537 1429 610 Πινδάρῳ
1481 542 1624 596 κατά
1673 545 1865 612 σοφίαν

270 618 512 692 ὕμνηται
546 624 676 692 περὶ
723 623 818 676 τοῦ
848 623 1127 695 δαίμονος,
1152 627 1212 681 ὃν
1241 632 1360 693 ταῖς
1393 634 1601 702 πηγαῖς
1639 634 1862 698 ταύταις

266 713 558 784 ἐφίστησιν
581 715 628 745 το
656 715 798 785 ὑπὲρ
827 715 1174 789 ξυμμετρίας
1202 721 1296 774 τοῦ
1323 722 1541 777 Νείλου.

1975 546 2079 598 lem
2128 543 2232 601 Nili
2277 558 2456 602 ortum
2503 549 2695 603 reddit.
2745 549 2849 605 lter
2886 565 3014 604 vero
3054 553 3198 620 quod
3244 551 3309 604 ad
3354 551 3561 618 primos

1973 637 2149 693 fontes
2209 640 2384 703 ducit,
2443 641 2770 708 perarduum
2808 649 2926 707 est,
2975 652 3030 696 et
3084 658 3187 697 non
3244 641 3418 696 solum
3475 657 3565 694 ac-

1966 743 2154 794 cessu,
2207 731 2407 801 331a
2454 733 2558 792 sed;
2599 734 2835 802 cogitatu
2889 735 3073 804 etiam}
3114 734 3350 788 diﬂicile.
3402 734 3564 787 Multa

263 806 434 862 etiam
477 808 543 862 de
585 808 922 863 daemonibus
957 809 1068 864 illic
1100 813 1500 878 exsistentibus
1543 818 1865 884 praedicant,
1909 821 2088 889 qualia
2113 823 2467 891 sapienterin
2491 827 2606 879 suis
2643 827 2857 898 hymnis
2877 825 3146 881 Pindarus
3200 828 3265 882 de
3322 830 3566 882 dmnmne

265 901 494 965 cecinit,
528 917 688 970 quem
728 902 1036 971 hujusmodi
1072 907 1314 963 fontibus
1345 927 1580 978 praeesse
1609 914 1764 976 dixit.
1796 925 1857 969 ut
1894 915 2072 972 Nilum
2105 922 2502 976 moderaretur.

346 997 468 1048 Ὅτι
494 997 538 1027 ⁷¹
568 999 895 1068 Δομετιανόν
931 1018 1062 1070 φησι
1103 1003 1192 1055 τὸν
1238 1003 1462 1073 βασιλέα
1499 1008 1858 1078 νομοθετῆσαι

2037 1013 2126 1068 Ait
2192 1017 2556 1071 Domitianum
2621 1017 3000 1086 imperatorem
3029 1017 3313 1084 fvetuisse,
3349 1034 3414 1070 ne
3442 1020 3566 1086 quis

263 1087 562 1157 εὐνούχους
588 1106 648 1141 τε
677 1089 752 1160 μὴ
786 1095 960 1144 ποιεῖν
1002 1094 1096 1146 καὶ
1135 1095 1414 1163 ἀμπέλους
1456 1098 1531 1168 μὴ
1583 1099 1857 1167 φυτεύειν,

1984 1113 2324 1169 :aslraretur,
2351 1123 2416 1160 ne
2442 1109 2580 1162 vites
2606 1107 2938 1177 plantcntur,
2975 1109 3069 1162 sed
3106 1125 3225 1176 qum
3253 1110 3360 1176 jam
3412 1112 3566 1178 plau-

261 1180 408 1232 ἀλλὰ
436 1181 528 1232 καὶ
570 1181 670 1244 τὰς
701 1181 865 1246 οὔσας
889 1185 1196 1255 ἐκτέμνειν.
1225 1187 1415 1240 Είπεῖν
1435 1188 1490 1242 δὲ
1525 1190 1664 1259 πρὸς
1691 1191 1866 1246 ταῦτα

258 1273 360 1324 τὶν
389 1271 750 1327 Ἀπολλώνιον
804 1276 880 1338 ὡς
912 1277 1056 1345 Ἐγὼ
1101 1278 1218 1347 μὲν
1261 1280 1414 1344 ἷσως
1459 1263 1598 1334 οὗτε
1626 1283 1870 1338 αἰδοίων

258 1363 478 1434 δέομαι
517 1367 654 1418 οὔτε
683 1367 875 1430 οἴνου,
931 1368 1152 1436 λέληθε
1199 1371 1269 1423 δὲ
1292 1376 1350 1425 ’ὁ
1383 1374 1872 1442 θαυμασιώτατος

261 1456 393 1510 τῶν
412 1457 530 1525 μὲν
557 1457 885 1525 ἀνθρώπων
914 1460 1301 1530 φειδόμενος,
1349 1463 1464 1531 τὴν·
1502 1463 1572 1516 δὲ
1609 1465 1727 1535 γῆν
1770 1471 1872 1522 εὐ-

264 1549 588 1617 νουχίζων.

1973 1203 2097 1249 tatas
2117 1204 2298 1250 essent
2320 1197 2484 1251 etiam
2517 1199 2989 1262 exscindereutnr,
3019 1207 3072 1252 et
3122 1200 3462 1267 Apollonium
3496 1201 3564 1254 ad

1975 1285 2090 1339 haec
2124 1285 2366 1342 dixisse:
2402 1287 2544 1352 Quia
2592 1304 2684 1356 ego
2725 1289 2948 1358 forsitan
2977 1305 3067 1342 nec
3087 1290 3365 1358 pudendis,
3402 1307 3566 1359 neque

1974 1377 2095 1427 vino
2136 1376 2366 1444 indigeo.
2402 1377 2678 1446 lgnoravit
2711 1396 2832 1434 vero
2865 1383 2944 1432 vir
2989 1381 3371 1446 admirandus,
3395 1382 3566 1435 [tomi—

1977 1467 2128 1519 nibus
2165 1483 2217 1519 se
2239 1484 2476 1536 parcere,
2506 1481 2553 1523 et
2580 1480 2777 1525 terram
2808 1483 3060 1525 castrare.

348 1640 510 1711 [l0l7
539 1640 631 1712 ἢ]
653 1641 773 1694 Ὀτι
806 1643 862 1694 ἐν
893 1642 971 1713 τῷ
1006 1642 1048 1707 ζ’
1080 1645 1174 1697 καὶ
1207 1652 1255 1715 η’
1286 1645 1484 1717 λόγῳὸ
1504 1649 1866 1718 Φιλόστρατος

2047 1645 2412 1701 Philostratus
2474 1648 2611 1702 libro
2663 1649 2899 1718 septimo
2942 1659 2996 1703 et
3028 1659 3221 1704 octavo
3253 1650 3563 1705 libertatem

257 1731 370 1803 τὴν
400 1734 536 1804 πρὸς
553 1735 678 1794 τοὺς
699 1735 1014 1804 τυράννους,
1050 1737 1144 1788 καὶ
1177 1738 1413 1806 μάλιστα
1448 1741 1585 1811 πρὸς
1609 1745 1872 1813 Δομετια-

261 1826 383 1887 νῦν,
422 1823 514 1874 τοῦ
556 1824 915 1877 Ἀπολλωνίου
950 1827 1264 1896 παρρησίαν
1292 1829 1629 1901 ὲξυμνὴσας,
1668 1834 1762 1886 καὶ
1807 1837 1876 1886 εἰ.⁸

265 1912 398 1964 πὼν
424 1913 570 1974 ὅπως
602 1931 659 1964 τε
690 1913 908 1984 ἐγράφη
941 1917 1036 1967 καὶ
1058 1916 1205 1978 ὅπως
1231 1917 1565 1988 αὐτόκλητος
1586 1922 1735 1990 πρὸς
1776 1922 1874 1993 τὴν

259 2003 429 2074 δίκην
458 2004 610 2074 ἧκεν,
638 2004 786 2067 ὅπως
815 2023 875 2057 τε
903 2007 1139 2074 γέγονεν
1180 2009 1236 2060 ἐν
1278 2009 1321 2040 ⁷³
1364 2009 1584 2080 ἀδέσμῳ
1635 2015 1871 2084 φρουρᾷ,

262 2097 375 2149 καὶ
413 2097 560 2158 ὅπως
592 2096 818 2166 ὕστερον
861 2097 1017 2169 ἐδέθη
1052 2099 1145 2151 καὶ
1169 2098 1335 2169 ἐλύθη
1363 2101 1457 2153 καὶ
1491 2100 1875 2173 ἀπελογήσατο

261 2189 370 2243 καὶ
433 2189 527 2241 τοῦ
588 2189 944 2259 δικαστηρίου
997 2191 1232 2260 ἀπέστη,
1282 2190 1460 2246 ταῦτα
1524 2194 1718 2262 εἰπὼν,
1780 2196 1876 2250 καλ⁸

264 2280 521 2350 μαγικῆς
537 2281 699 2333 αὐτὸν
727 2280 855 2352 [540
881 2281 972 2354 IL]
1009 2283 1117 2336 οὐδ’
1155 2283 1461 2339 ὁπωστιοῦν
1478 2285 1524 2316 ⁷³
1559 2290 1870 2357 μετασχεῖν,

259 2373 413 2425 ἀλλὰ
478 2373 572 2426 καὶ
608 2376 661 2427 εἴ
711 2392 794 2437 τις
843 2374 1003 2438 ἄλλος
1057 2377 1430 2444 μυσάττεσθαι
1487 2378 1692 2448 ταύτην
1746 2380 1875 2432 ἀπιε-

262 2466 700 2535 σχυρισάμενος,
737 2468 915 2521 καίτοι
953 2467 1123 2522 πολλὰ
1155 2469 1434 2540 τερατώδη
1476 2473 1706 2540 γράφων
1741 2471 1870 2542 περὶ

259 2556 464 2621 αὐτοῦ,
507 2558 598 2612 τὸν
645 2558 875 2612 θάνατον
920 2559 1111 2630 ἄδηλον
1141 2561 1237 2614 καὶ
1264 2562 1585 2632 πολύφημον
1633 2563 1874 2632 ἀναγρά-

260 2667 367 2717 φει
401 2649 446 2682 ⁷⁵
480 2650 760 2718 γενέσθαι,
809 2650 978 2704 αὐτοῦ
1025 2653 1236 2704 ἐκείνου
1279 2653 1439 2706 τοῦτο
1469 2657 1513 2685 ⁷³⁵
1545 2655 1640 2708 καὶ
1671 2655 1873 2718 ζῶντος

258 2741 333 2797 ὲν
378 2739 574 2810 μελέτη
627 2743 978 2809 ποιουμένου.
1031 2743 1170 2810 Φησὶ
1200 2743 1309 2814 γὰρ
1358 2745 1520 2798 αὑτὸν
1560 2746 1739 2814 λέγειν
1784 2747 1872 2798 ἀεὶ¹

257 2829 432 2885 Λάϐε
459 2831 694 2898 βιώσας
720 2849 733 2862 ·
761 2833 888 2886 εἰδὲ
927 2833 1024 2904 μὴ,
1053 2833 1210 2888 Λάθε
1232 2835 1574 2890 ἀποθανών.
1620 2838 1872 2906 Ἀρεταίς

262 2921 425 2989 λέγει
475 2922 836 2992 συνεζηκέναι
875 2925 968 2977 τὸν
1015 2926 1206 2995 ἄνδρα,
1251 2929 1346 2980 καὶ
1405 2929 1505 2998 τὴν
1550 2929 1868 3000 Πυθαγόρου

256 3014 364 3068 διὰ
397 3013 511 3083 βίου
538 3016 732 3085 σοφίαν
767 3014 1126 3086 ἐζηλωκέναι.

347 3099 514 3169 Οὗτος
543 3107 586 3160 δ’
615 3109 642 3160 ὁ
669 3108 1047 3178 ’Φιλόστρατος
1093 3111 1406 3183 ἀπαγγελίᾳ
1462 3112 1563 3181 μὲν
1604 3113 1870 3182 κέχρηται

257 3194 507 3266 γλυκείᾳ
545 3199 640 3249 καὶ
667 3198 1037 3270 ποικιλωτάτη
1069 3200 1164 3252 καὶ
1205 3200 1416 3264 λέξεσιν
1453 3201 1870 3271 ὲμπρεπούσαις

258 3284 473 3354 φράσει
505 3284 752 3356 τοιαύτῃ,
781 3285 1068 3351 συντάξεσι
1113 3288 1296 3358 μέντοι
1325 3306 1388 3356 γε
1422 3288 1702 3350 τοιαύταις
1729 3290 1872 3352 οἵαις

259 3376 374 3428 οὐκ
395 3375 490 3446 {civ
546 3395 631 3440 τις
690 3376 847 3440 ἄλλος
879 3380 935 3441 ἐς
974 3379 1037 3431 τὸ
1099 3382 1445 3452 συγγράφειν
1499 3379 1866 3449 τεταγμένος³

258 3467 488 3525 δοκοῦσι
535 3471 641 3538 γάρ
697 3486 815 3531 πως
867 3469 1220 3534 ἀσυνταξίαις
1289 3472 1492 3541 μᾶλλον
1552 3472 1785 3524 ἐοικέναι
1833 3471 1866 3541 ἢ

264 3557 583 3623 συντάξεως
625 3560 804 3614 ὁτιοῦν
859 3560 1126 3629 μετέχειν.
1173 3555 1340 3623 Οὗτος
1399 3561 1445 3613 δ’
1488 3563 1645 3633 ἴσμεν
1674 3565 1701 3613 ὁ
1731 3561 1870 3631 ἀνὴρ

260 3650 351 3714 ὡς
379 3651 860 3721 πολυμαθέστατος
905 3651 980 3706 ὢν
1008 3654 1108 3706 ούκ
1138 3653 1205 3706 ἂν
1242 3655 1540 3726 διαμαρτίᾳ
1581 3655 1675 3708 τοῦ
1705 3653 1868 3724 ὀρθοὖ

271 3743 362 3804 εἰς
390 3741 594 3813 ταύτην
645 3741 906 3813 ἐξηνέχθη
956 3745 1055 3812 τὴν
1090 3744 1391 3814 ἰδιότροπον
1421 3746 1530 3798 τῶν
1562 3745 1868 3810 συντάξεων

263 3833 654 3900 καινοτομίαν,
697 3836 812 3888 ἀλλ’
840 3836 885 3866 ⁷⁸
921 3836 956 3890 ὅ.
995 3853 1108 3889 τισι
1163 3837 1272 3894 τῶν
1322 3837 1696 3908 ἀρχαιοτέρων
1725 3855 1868 3892 σπα-

263 3925 456 3989 νιάκις
485 3925 616 3990 ἴσως
639 3926 875 3999 εἴρηται,
900 3927 1110 3992 τούτοις
1135 3919 1291 3992 οὗτος
1321 3931 1400 3992 εἰς
1425 3929 1588 4000 κόρον
1619 3931 1870 3999 ἀπεχρή--ι

271 4034 432 4084 σατο,
497 4021 1068 4091 πεπαρῤησιασμένην
1112 4019 1292 4073 αὐτῶν
1337 4019 1436 4091 τὴν
1495 4022 1692 4091 χρῆσιν
1741 4023 1866 4072 ὲπι-

263 4106 647 4178 δεικνύμενος,
688 4111 783 4163 καὶ
839 4109 947 4164 οὐδ’
999 4112 1078 4173 εἰς
1135 4109 1335 4181 μάτην,
1389 4108 1523 4162 ἀλλά
1571 4107 1666 4161 τοῦ
1709 4109 1866 4178 ἡδέος

267 4198 464 4269 χάριν·
523 4198 707 4269 ἔχουσι
742 4199 852 4270 γάρ
907 4199 999 4252 καὶ
1051 4199 1120 4252 τά
1162 4197 1384 4252 τοιαῦτα
1426 4196 1534 4250 τῶν
1581 4197 1756 4266 λόγων
1806 4198 1869 4251 τὸ

267 4289 566 4358 ἐπαγωγὸν
599 4291 690 4344 καὶ
722 4291 1101 4362 ἐπαφρόδιτον.

1979 1737 2190 1791 dicendi
2221 1739 2491 1807 Apollonii
2525 1755 2652 1808 erga
2695 1751 2981 1810 tyrannos,
3017 1754 3072 1796 et
3097 1744 3332 1796 maxime
3375 1741 3562 1798 Domi-

1979 1828 2248 1881 nitiannm
2297 1829 2580 1896 describit,
2632 1841 2686 1884 et
2735 1834 3003 1899 quomodo
3046 1841 3332 1886 accusatus
3371 1832 3558 1897 fuerit,

1979 1924 2033 1968 et
2059 1914 2199 1969 ultro
2254 1916 2306 1969 in
2353 1917 2618 1986 judicium
2663 1920 2896 1972 venerit.
2928 1918 3211 1984 Quomodo
3243 1920 3297 1973 in
3338 1936 3560 1977 carcere

1978 2017 2250 2072 servatus,
2278 2019 2332 2063 et
2361 2011 2632 2078 quomodo
2657 2010 2935 2076 liberatus,
2965 2011 3175 2066 solutus
3203 2021 3258 2066 et
3284 2013 3562 2079 defensus,

1978 2113 2044 2153 ex
2074 2099 2285 2169 judicio
2319 2103 2637 2156 decesserit.
2692 2101 2815 2157 Hmc
2846 2105 3060 2168 asserit,
3090 2113 3144 2158 et
3173 2119 3424 2175 magnum
3457 2121 3564 2159 non

1979 2187 2169 2253 fuisse,
2199 2203 2384 2243 verum
2422 2191 2608 2252 etiam,
2642 2192 2688 2246 si
2720 2207 2880 2260 quem
2917 2192 3106 2258 alium,
3151 2194 3383 2263 magiam
3429 2196 3567 2249 abo-

1979 2281 2241 2334 minatum
2281 2295 2401 2336 esse
2449 2282 2668 2338 fortiter
2722 2285 2934 2351 probat,
2979 2287 3080 2340 etsi
3133 2286 3300 2340 multa
3340 2297 3565 2354 porten-

1977 2375 2092 2421 tosa
2145 2369 2212 2422 de
2265 2369 2356 2423 illo
2404 2371 2625 2424 scribat.
2659 2369 2800 2425 Dicit
2843 2373 3008 2426 etiam
3059 2373 3346 2427 obscuram
3392 2373 3566 2428 fuisse

1977 2466 2148 2534 ipsius
2179 2477 2436 2532 mortem,
2479 2478 2532 2521 et
2563 2470 2727 2522 vitam
2782 2469 3050 2524 celebrem
3084 2487 3096 2524 :
3133 2478 3188 2526 et
3217 2485 3336 2525 eam
3367 2471 3562 2538 ipsum,

1977 2557 2104 2610 dum
2138 2558 2364 2621 viveret,
2401 2568 2584 2613 mente
2611 2560 2868 2627 agitasse.
2909 2560 3100 2615 Dicere
3121 2561 3266 2616 enim
3299 2561 3515 2615 solitum
3546 2579 3561 2615 :

1982 2645 2172 2701 Vivens
2213 2648 2479 2712 Iate;sin
2530 2650 2729 2715 minus,
2791 2649 3023 2704 Moriens
3069 2650 3174 2704 late
3209 2666 3228 2705 :
3275 2651 3566 2706 virtutibus

1979 2743 2121 2795 hunc
2157 2741 2330 2796 refert
2364 2744 2660 2811 studuisse,
2692 2753 2748 2800 et
2775 2744 3139 2816 Pythagoram
3177 2747 3410 2800 maxime
3442 2745 3567 2802 imi-

1977 2842 2144 2886 tatum
2177 2833 2347 2888 fuisse
2373 2835 2509 2904 (95).

2050 3104 2202 3158 Dulci
2251 3115 2304 3158 et
2340 3106 2486 3158 varia
2541 3107 2800 3161 narrandi
2836 3106 3053 3161 ratione
3082 3121 3214 3161 usus
3259 3115 3346 3161 est
3378 3105 3577 3160 Pbilo~-

1975 3205 2177 3250 stratus
2233 3195 2369 3267 (96).
2417 3208 2472 3252 et
2505 3199 2687 3253 verbis
2730 3199 2857 3252 huic
2890 3199 2964 3253 rei
3001 3199 3474 3261 convenientibus,
3508 3210 3574 3253 et-

1974 3286 2136 3338 s'unili
2172 3289 2595 3354 constructione,
2631 3289 2845 3356 qualem
2881 3303 3039 3342 nemo
3067 3288 3358 3342 scribendo
3389 3289 3567 3342 inScr-

1976 3377 2073 3430 vit.
2136 3375 2402 3432 Videntur
2446 3378 2592 3432 enim
2655 3380 2900 3433 nonnulli
2965 3380 3326 3448 incomposite
3393 3382 3565 3449 magis

1975 3471 2154 3524 dicere
2182 3485 2344 3538 quam
2389 3471 2710 3539 composite.
2752 3470 2905 3524 llunc
2955 3486 3084 3524 vero
3116 3473 3323 3527 scimus
3353 3474 3560 3525 doctis-

1973 3562 2170 3615 simum
2197 3561 2386 3628 fuisse,
2413 3571 2468 3614 et
2491 3577 2518 3614 a
2551 3571 2701 3616 recto
2733 3578 2839 3615 nou
2879 3562 3249 3626 aberrantem,
3283 3564 3561 3632 propriam

1974 3654 2404 3708 constructionis
2443 3654 2733 3707 novitatem
2775 3655 3126 3720 adhibuisse;
3171 3656 3262 3709 sed
3310 3671 3429 3725 qua:
3465 3673 3564 3708 an-

1976 3745 2108 3814 tiqui
2142 3746 2399 3800 dixerttnt
2437 3747 2639 3807 rarius,
2694 3746 2760 3800 iis
2790 3744 3014 3799 liberius
3046 3760 3217 3814 usque
3244 3745 3311 3800 ad
3339 3748 3559 3800 satieta-

1975 3843 2078 3888 tem
2113 3850 2268 3889 usum
2301 3851 2422 3890 esse
2452 3854 2466 3889 ε
2516 3835 2718 3890 licitum
2751 3851 2872 3891 esse
2924 3852 3114 3891 eormn
3147 3853 3303 3892 usum
3339 3840 3558 3894 demon-

1971 3939 2335 3988 strans,nec
2403 3928 2454 3980 id
2526 3927 2748 3988 frustra,
2823 3929 2918 3982 sed
2990 3929 3294 3985 dulcedinis
3365 3932 3564 4001 gratia.

1972 4016 2292 4086 llujusmodi
2329 4018 2472 4072 enim
2520 4020 2696 4075 oratio
2715 4019 3040 4076 conciliandi
3061 4021 3168 4076 vim
3196 4021 3360 4078 habet
3381 4031 3443 4077 et
3483 4037 3570 4078 νου

1973 4112 2242 4161 nustatetn
2273 4107 2586 4174 quamdam.

287 4376 394 4430 Ἐκ
438 4377 546 4431 τοῦ
563 4377 750 4432 αὐτοῦ
779 4360 922 4444 βίού
950 4379 1066 4432 ὅσα
1096 4378 1366 4444 παρεῖται
1395 4379 1617 4432 κάλλει
1660 4377 1862 4449 ῥημά-

1984 4378 2058 4432 Ea:
2109 4377 2292 4446 cadent
2333 4376 2450 4431 Vita
2484 4388 2722 4442 excerpta
2754 4395 2872 4449 qua:
2921 4379 3284 4448 praetermissa.
3317 4389 3460 4443 sunt,
3505 4396 3570 4435 ac

532 4465 652 4502 των
682 4450 780 4502 καὶ
813 4449 1130 4517 συνθήκης
1158 4449 1598 4518 διαλάμποντα.

350 4542 461 4596 Καὶ
483 4543 530 4574 ⁷⁷
564 4542 889 4613 Πυθαγόρας
943 4543 1109 4607 αὐτὸς
1155 4543 1251 4596 καὶ
1297 4541 1642 4612 Δημόκριτος
1679 4541 1876 4613 ὁμιλή-

278 4651 478 4696 σαντες
530 4634 748 4702 μάγοις,
790 4635 886 4686 καὶ
928 4632 1100 4686 πολλὰ
1129 4632 1383 4702 δαιμόνια
1413 4631 1682 4697 εἰπόντες,
1725 4629 1878 4682 οὔπω

278 4724 603 4796 ὑπήχθησαν
647 4729 712 4795 τῇ
752 4725 937 4795 τέχνῃ.
974 4725 1085 4778 Καὶ
1134 4725 1216 4787 τίς
1248 4725 1292 4756 ⁷⁸
1327 4723 1428 4777 οὐκ
1459 4718 1568 4778 οἶδε
1615 4722 1710 4776 τὸν
1751 4723 1876 4774 Ἀν-

279 4814 559 4884 αξαγόραν
605 4816 937 4886 Ὀλυμπιάσι
973 4815 1073 4886 μὲν
1097 4856 1112 4881 ,
1149 4815 1312 4866 ὁπότε
1342 4815 1547 4885 ἥκιστα
1581 4812 1686 4878 ὕοι,
1732 4828 1880 4882 παρ-

277 4903 508 4958 ελθόντα
530 4907 576 4938 "
625 4906 731 4959 ὑπὸ
771 4906 949 4976 κωδίῳ
978 4906 1060 4968 είς
1085 4904 1145 4958 τὸ
1173 4905 1387 4959 στάδιον
1421 4905 1516 4958 ἐπὶ
1573 4905 1876 4974 προρρήσει

271 4996 524 5068 ὄμϐρους
567 4999 689 5069 Ὑφ’
716 4994 790 5054 ὧν
821 5000 1025 5068 ἔψαυσε
1058 4999 1152 5050 τοῦ
1185 4998 1330 5061 θεῖός
1357 5014 1415 5050 τε
1467 4996 1565 5050 καὶ
1591 4996 1871 5066 δαιμόνιος

273 5082 441 5142 εἶναι,
468 5090 545 5161 Τῇ
573 5092 732 5162 μάγῳ
767 5090 972 5163 τέχνην
1002 5090 1304 5159 Μετέχοντι
1328 5089 1374 5120 ⁸⁰
1404 5087 1462 5142 δέ
1505 5106 1594 5159 μοι
1619 5087 1714 5140 τοῦ
1747 5087 1875 5158 περὶ

2049 4443 2441 4516 pulchritudine
2473 4443 2834 4502 verborum'et
2865 4443 3242 4516 compositione
3275 4449 3561 4504 excellunt.

2047 4538 2242 4609 331!)
2279 4537 2618 4609 Pythagoras
2647 4539 2778 4607 ipse,
2813 4548 2868 4593 et
2919 4539 3261 4595 Democritus
3293 4554 3414 4594 cum
3449 4557 3568 4595 ma-

1977 4632 2058 4700 gis
2106 4631 2332 4695 versati,
2373 4630 2652 4698 multaque
2704 4632 2967 4686 daemonia
3009 4632 3168 4696 l'assi,
3226 4630 3429 4688 nullam
3488 4643 3570 4687 ta—

1982 4736 2105 4776 men
2132 4722 2250 4789 ejus
2281 4723 2418 4776 artis
2459 4731 2668 4789 partem
2710 4723 3026 4790 attigerunt.
3076 4723 3209 4791 Quis
3237 4725 3384 4778 enim
3415 4725 3572 4794 igno~

1987 4824 2073 4870 rat
2125 4815 2503 4884 Anaxagoram
2561 4814 2615 4867 in
2664 4811 2936 4882 Olympia,
2987 4829 3108 4868 cum
3179 4817 3324 4870 nulla
3377 4816 3573 4882 pluvia:

1987 4907 2222 4974 suspicio
2295 4906 2626 4968 immineret,
2697 4904 2982 4974 pelliceam
3050 4915 3254 4967 vestem
3326 4905 3570 4958 indutum

1988 4995 2322 5066 processisse
2358 5003 2417 5047 ut
2468 4993 2698 5046 imbrem
2747 4991 3120 5060 denuntiaret,
3160 5010 3258 5049 nec
3286 4995 3358 5048 ita
3403 4995 3573 5048 multo

1985 5098 2103 5154 post
2132 5088 2406 5155 ingentem
2439 5083 2674 5153 pluviam
2719 5093 2964 5138 secutam
2999 5101 3141 5151 esse,
3183 5088 3324 5140 unde
3353 5093 3573 5154 putatus

1577 5177 1808 5232 VARI/IS
1845 5177 2252 5233 LECTIONES.

887 5278 931 5314 τί
957 5276 1036 5329 ὅτι

1042 5274 1059 5346 ]
1094 5291 1168 5336 v1.
1205 5276 1292 5329 42.
1392 5274 1446 5346 _"'
1474 5275 1531 5325 ἐν
1561 5288 1671 5346 om.
1699 5271 1807 5325 AB.

352 5274 401 5306 το
425 5274 520 5306 Am:

423 5275 718 5345 ἀφίστησιν
746 5277 807 5331 Α.
887 5278 931 5314 τί
957 5275 1059 5346 ὅτι]
1094 5291 1168 5336 Vl.
1205 5276 1292 5329 42.
1401 5275 1446 5306 ⁷³
1474 5275 1531 5325 ἐν
1561 5288 1671 5326 om.
1699 5275 1778 5324 AB

423 5345 659 5406 αγράφει
691 5346 812 5399 AB:
848 5346 950 5406 ἔφη
984 5364 1045 5406 ς.
1124 5348 1168 5378 ⁷⁵
1202 5347 1360 5399 τοῦτο
1391 5344 1461 5398 Β;
1498 5343 1688 5396 τούτου
1718 5360 1778 5406 ς’.

274 5342 326 5376 ’⁵
355 5342 659 5416 ἀναγράφει
691 5346 812 5399 AB:
848 5346 950 5416 ἔφη
984 5342 1045 5410 ς.

1904 5272 1951 5303 ⁷³
1973 5271 2138 5324 αὐτὸν
2199 5273 2308 5325 οὐδ’
2371 5272 2676 5326 ὁπωστιοῦν
2733 5273 2950 5329 Ατούδ¹
3000 5273 3147 5334 ὅπως
3193 5287 3248 5324 τι

1858 5344 1901 5374 ⁷⁸
1927 5341 2042 5394 ἀλλ’
2065 5344 2100 5395 ἀ
2121 5360 2229 5395 τισι
2252 5343 2292 5394 Α
2316 5360 2332 5397 ‘:
2364 5343 2499 5396 ἀλλά
2529 5362 2581 5396 τι
2608 5362 2667 5408 ς.

2757 5277 2950 5329 now
3000 5277 3147 5334 ὅπως
3193 5287 3248 5324 τι
3314 5277 3484 5325 αὑτὸν
3508 5285 3569 5331 ς’·

2757 5345 2802 5376 ⁷⁷
2829 5345 2921 5397 καὶ
2952 5341 3045 5413 Π.]
3077 5357 3116 5407 t,
3142 5340 3194 5408 2,
3231 5356 3283 5410 p.
3306 5339 3487 5395 Olear.
3517 5339 3572 5392 5·

276 5417 325 5446 ⁷³
365 5411 589 5487 καὶτίς]
626 5435 678 5486 p.
717 5419 768 5469 ϋ.
847 5411 900 5450 τί
926 5411 1257 5489 προελθόντα
1291 5417 1486 5469 Suidas
1511 5430 1563 5468 ν.
1595 5411 1987 5484 Ἀναξαγόρας.
2064 5413 2448 5485 ⁸⁰νμετέχοντι]
2484 5431 2520 5480 ι,
2553 5416 2606 5468 5.

1788 5531 2022 5588 NOTAE.

357 5632 473 5705 (95)
521 5632 849 5691 Plutarchus
905 5634 1165 5706 singulari
1217 5634 1609 5690 commentario
1654 5633 1888 5702 Epicuro

278 5707 502 5848 "uigilis.
544 5775 681 5844 Quia
715 5775 997 5846 sequentia
1039 5776 1124 5846 (ut
1178 5783 1432 5844 excerpta
1483 5774 1760 5844 phrasium
1817 5788 1880 5827 ac

1999 5631 2395 5685 sententiarum
2450 5644 2546 5695 pro
2594 5628 2773 5685 Photii
2823 5627 3001 5696 libito)
3045 5640 3234 5695 parum
3279 5624 3575 5691 cohaerent,

1996 5703 2303 5825 erunldtaa'c
2350 5702 2402 5756 in
2439 5701 2752 5756 Philostrati
2803 5699 2959 5755 libris
3010 5696 3383 5769 investiganda
3414 5706 3580 5764 atque

1990 5779 2265 5828 excuttcnt
2286 5787 2338 5828 a.
