3954 6488
205 362 334 428 1241

1223 360 1748 422 BIBLIO'I‘HECA.
1786 386 1849 397 -
1887 360 2051 423 COD.
2093 362 2334 424 CCXLI.

3347 366 3483 433 1242

201 478 403 552 θερμόν
433 492 494 530 τε
525 474 621 528 καὶ
649 472 922 544 ζώπυρόν.
950 473 1013 527 Εἰ
1056 471 1114 526 δὲ
1143 473 1238 527 καὶ
1260 473 1424 543 τέχνη
1452 490 1537 536 τις
1574 468 1643 543 ἦν
1686 473 1782 527 άν-
1807 486 1832 531 1

1915 490 2035 529 tere.
2088 477 2241 544 Quod
2275 478 2318 531 si
2370 476 2606 530 humana
2665 477 2912 547 quasdam
2955 491 3045 531 ars
3087 477 3231 535 esset
3262 480 3479 537 domina

203 569 448 643 θρωπεία
474 567 736 639 τύραννος
776 564 871 618 καὶ
912 564 1112 635 δυνατὴ
1162 564 1235 618 τά
1281 564 1515 619 τοιαῦτα
1566 564 1788 630 ἐξωθεῖν

202 665 300 732 τῆς
332 661 580 730 γνώμης.
628 659 804 722 Ἔζων
831 660 850 688 ’⁷
868 674 933 726 γε
964 657 1068 710 ὑπὸ
1088 660 1203 721 τοῖς
1224 657 1323 726 τῆς
1354 657 1557 728 ἀρετῆς
1586 655 1789 727 ὀφθαλ-

205 754 347 820 μοῖς.
378 749 536 802 Nov"
572 748 627 800 δὲ
667 749 760 800 καὶ
799 747 1303 817 ξυγκατακείμενον
1347 747 1647 819 εὑρηκέναι
1697 749 1791 801 καὶ

203 842 589 913 άνδριξόμενον
612 841 708 893 ἐπὶ
742 840 837 909 τὴν
864 841 1120 909 γυναῖκα.
1158 840 1320 894 Ἀλλά
1351 842 1372 873 θ
1399 840 1677 905 τοξεύσειε
1700 841 1792 896 τὸν

202 939 389 1007 ὄρνιν,
442 934 501 987 ὃν
543 933 769 986 ἔϐοσκεν
825 935 853 986 ὁ
901 932 1228 1003 Προμηθεὺς
1283 934 1395 996 τοῖς
1435 932 1789 1001 σπλάγχνοις.

215 1028 675 1099 Ἑντυγχάνουσιν
705 1028 749 1057 ¹⁰
771 1029 856 1080 ἐπ’
901 1026 1208 1095 ἐλεφάντων
1233 1024 1549 1095 ὀχουμένοις
1577 1022 1794 1094 ἀνθρὼ-

204 1138 333 1182 ποις
359 1138 371 1151 ·
399 1119 505 1172 εἰσὶ
528 1118 572 1171 δ’
602 1111 751 1171 οὗτοι
786 1118 940 1187 μέσοι
958 1116 1256 1171 Καυκάσου
1280 1116 1376 1170 καὶ
1397 1113 1646 1186 ποταμοῦ
1671 1117 1794 1169 Κω-

204 1209 401 1279 φῆνος,
463 1207 607 1261 άϐιοί
647 1225 707 1261 τε
746 1209 841 1259 καί
903 1208 1128 1260 ἱππόται
1187 1206 1285 1275 τῆς
1321 1204 1523 1275 ἀγέλης
1566 1203 1791 1269 ταύτης.

216 1302 505 1368 Ἐδέξαντο
541 1302 581 1331 ¹¹
616 1300 709 1353 τὸν
752 1299 910 1367 λόγον
942 1299 1155 1361 τοῦτον,
1210 1300 1529 1368 ἠσπάσαντο
1570 1296 1797 1365 εὐωχεῖ-

204 1392 355 1447 σθαι.
391 1393 504 1445 Καὶ
541 1392 639 1462 τὴν
665 1392 705 1422 ¹²
738 1390 961 1443 Νύσσαν
1012 1388 1163 1459 αὐτῷ
1192 1389 1233 1421 ’³
1269 1388 1509 1458 Διονύσῳ
1548 1386 1714 1458 φασὶν
1750 1386 1796 1417 ’⁸

202 1484 578 1555 ὲκφυτεῦσαι,
647 1485 931 1550 ἀπάγοντα
989 1483 1054 1535 ἐκ
1123 1481 1316 1550 Θηϐῶν
1376 1482 1438 1534 τὸ
1504 1482 1633 1549 γόνυ
1696 1478 1798 1549 τῆς

201 1577 477 1647 ἀμπέλου.
538 1575 597 1627 '0
634 1574 689 1626 δὲ
744 1572 1089 1642 Ἀλέξανδρος
1129 1571 1414 1641 φιλότιμός
1454 1587 1512 1622 τε
1580 1564 1650 1639 ἦν
1703 1568 1799 1621 καὶ

203 1667 595 1738 ἀρχαιολογίας
633 1666 832 1735 ἥττων.
886 1665 1007 1716 Ὅτι
1042 1663 1084 1693 ¹⁵
1113 1664 1161 1715 οἰ
1196 1662 1483 1728 ἐλέφαντες
1531 1660 1671 1731 ὑπὲρ
1731 1659 1800 1713 τὰ

201 1760 300 1814 τπ¹
337 1759 431 1831 ἔτη
485 1759 714 1828 βιοῦσιν,
771 1756 847 1819 ὼς
891 1755 1227 1825 δείκνυσινή
1285 1756 1472 1823 πεῖρα.
1528 1752 1591 1806 El
1616 1753 1663 1791 ²⁶-
1689 1752 1797 1822 γὰρ

203 1822 526 1924 φωράσειαν
549 1852 599 1903 οἱ
660 1850 874 1913 λέοντες
923 1848 1021 1911 τὰς
1073 1822 1288 1911 λεαίνας
1338 1822 1404 1899 ἐκ
1453 1846 1562 1901 τῶν
1588 1846 1801 1915 παρδά-
1834 1822 1876 1876 Β

204 1945 353 1998 λεων
376 1945 554 1997 τεκεῖν
574 1984 589 2008 ,
619 1941 956 1995 διασπῶνται
987 1942 1112 2003 τοὺς
1144 1938 1420 2008 σκύμνους
1444 1940 1538 1991 καὶ
1565 1937 1803 2002 ξαίνουσι

201 2036 314 2106 τὴν
343 2035 549 2105 σπορὰν
598 2034 673 2097 ὡς
712 2033 886 2087 νόθον.
930 2032 1019 2091 Ὧς
1075 2032 1148 2101 μὴ
1204 2029 1605 2101 προσδέξασθαι
1637 2028 1805 2098 τριῶν

205 2126 441 2198 ἡμερῶν
489 2130 634 2179 σῖτον
666 2125 754 2179 διά
785 2126 875 2177 τὸν
907 2124 1136 2177 θάνατον
1174 2122 1268 2174 τοῦ
1314 2121 1581 2192 σκύμνου,
1627 2122 1805 2174 καίτοι

207 2219 501 2290 βορωτάτη
553 2216 756 2286 θηρίων
795 2215 950 2279 οὖσα,
984 2216 1045 2267 Ol
1070 2213 1127 2267 δὲ
1175 2214 1219 2244 ¹⁷
1262 2213 1518 2275 ἐλάττους
1546 2211 1656 2265 τῶν
1687 2211 1806 2264 ὲλε-

206 2313 434 2381 φάντων
472 2309 939 2381 προπορευόμενοι
978 2307 1127 2360 οὐδὲν
1156 2305 1224 2359 ἂν
1260 2306 1550 2374 βλάπτοιεν
1575 2305 1673 2373 τὴν
1697 2302 1807 2355 τῶν

208 2405 484 2474 μειζόνων
501 2399 873 2473 διαπορείαν¹⁸
902 2397 1062 2472 ἧττον
1086 2398 1510 2469 ὲμὸοθρεύοντες
1530 2399 1595 2452 ¹⁹.
1623 2397 1745 2450 Ὅτι
1762 2396 1808 2427 ²⁰

205 2498 239 2548 ὁ
281 2493 639 2556 Ἀπολλώνιος
678 2493 1057 2562 ἀπαράδεκτον
1104 2492 1322 2561 ἡγεῖται
1376 2490 1468 2542 τὸν
1516 2488 1696 2556 λόγον,
1750 2488 1810 2550 ὃς

206 2586 369 2654 λέγει
396 2585 492 2646 τὰς
522 2584 737 2654 ἐχίδνας
774 2582 1056 2636 τίκτεσθαι
1079 2581 1411 2651 φθειρούσας
1428 2581 1525 2651 τὴν
1551 2578 1811 2653 μητρῴαν

206 2676 403 2747 νηδύν.
457 2676 609 2746 Μηδὲ
664 2675 773 2746 γὰρ
812 2677 856 2707 ¹¹
909 2675 1132 2727 δυνατὸν
1172 2673 1307 2741 ὅλως
1357 2673 1515 2727 τοῦτο
1545 2674 1636 2726 ἐπί
1666 2689 1813 2736 τινος

206 2767 451 2839 ὁρᾶσθαι
477 2785 489 2797 ·
520 2771 615 2819 καὶ
655 2768 690 2837 ἧ
719 2784 777 2820 τε
809 2766 939 2838 [542
986 2764 1080 2837 IL]
1125 2765 1287 2834 φύσις
1330 2766 1578 2830 ἀπαιτεῖ,
1641 2765 1733 2817 καὶ
1776 2764 1811 2836 ή

207 2861 390 2929 πεῖρα
418 2859 659 2930 συνᾴδει.
693 2859 815 2912 Ὅτι
848 2859 893 2889 ²¹
934 2860 961 2911 ὁ
1003 2859 1163 2922 Ἰνδὸς
1206 2859 1397 2927 τρέφει
1430 2856 1583 2926 δφεις
1620 2856 1812 2927 πηχῶν

207 2952 863 3021 ἐϐδομήκοντα.·Καὶτὸν
886 2953 931 2984 ’³
969 2952 1173 3021 κόσμον
1201 2950 1511 3020 ἀγασθῆναι
1549 2950 1750 3021 μᾶλλον
1778 2950 1809 3020 ἢ

205 3045 291 3098 τὰ
348 3047 405 3098 ἐν
458 3044 730 3114 βαὸυλῶνι
786 3045 1208 3115 φλεγμαίνοντα.
1270 3044 1408 3097 Οὔτε
1464 3043 1511 3074 ⁸⁸
1573 3043 1813 3113 Ὀμήρου

1897 581 2196 637 ponensque
2224 570 2547 638 cupiditates
2576 570 2845 639 ejusmodi
2873 571 3147 640 depellere
3179 588 3247 628 ex
3278 576 3481 636 animo,

1896 663 2141 716 viverent.
2184 677 2306 717 cum
2366 663 2583 717 virtutis
2629 664 2841 718 oculis:
2894 679 3039 720 nunc
3076 680 3206 720 vero
3265 680 3487 736 congre-

1895 756 2133 809 dientem
2186 755 2370 808 inveni
2419 765 2474 809 et
2517 756 2692 810 virum
2748 765 3020 827 agentem.
3074 756 3354 813 Jaculatus
3404 768 3487 813 est

1896 862 2076 911 avem,
2123 861 2244 914 quae
2278 845 2594 901 Promethei
2631 847 2842 902 viscera
2896 846 3311 917 depascebatur.
3359 847 3488 921 [0c-

1901 948 2127 992 currunt
2181 939 2519 1003 hominibus,
2576 940 2670 1009 qui
2718 940 3026 1010 elephantis
3074 942 3421 996 vohebantur
3470 958 3485 995 :

1899 1029 1952 1083 bi
2014 1042 2196 1085 autem
2244 1040 2391 1097 sunt,
2444 1033 2532 1100 qui
2584 1033 2862 1102 regionem
2915 1033 3120 1099 colunt,
3174 1035 3316 1089 inter
3351 1034 3491 1089 Cau-

1899 1138 2087 1179 casum
2142 1135 2390 1181 montem
2444 1135 2498 1179 et
2541 1124 2764 1179 ﬂuvium
2834 1125 3175 1196 Cephenum,
3239 1127 3490 1181 homines

1901 1216 2060 1286 plane
2113 1217 2298 1272 inculti
2343 1227 2397 1273 et
2447 1217 2862 1287 elephantorum
2911 1218 3205 1290 sessores.]
3257 1218 3404 1273 inter
3436 1237 3493 1272 se

1901 1310 2153 1365 collocuti
2201 1320 2346 1375 sunt,
2395 1320 2444 1364 et
2481 1312 2735 1366 convivio
2783 1320 3139 1381 exceperunt,
3180 1322 3237 1366 et
3265 1310 3493 1384 Nyssam

1902 1417 1930 1456 a
1961 1403 2173 1456 Baccho
2201 1403 2499 1471 plantatam
2531 1418 2679 1466 esse,
2714 1405 2808 1473 qui
2852 1402 3055 1458 Thebis
3089 1404 3286 1458 vitium
3326 1405 3494 1457 semi-

1904 1511 1972 1548 na
2019 1508 2084 1549 eo
2120 1495 2418 1549 transtulit.
2470 1494 2778 1549 Alexander
2825 1495 3052 1549 honoris
3098 1494 3200 1547 l‘uit
3238 1493 3492 1561 cupidus,

1901 1595 2016 1641 tum
2045 1587 2208 1641 etiam
2250 1586 2593 1654 antiquitatis
2643 1586 2807 1639 nimis
2860 1595 3096 1639 amator.
3133 1585 3490 1653 Elephantes,

1902 1689 1961 1733 ut
2010 1678 2345 1747 experientia
2395 1679 2601 1744 docuit,
2642 1688 2913 1734 trecentos
2952 1679 3351 1747 quinquaginta
3398 1692 3496 1733 an-

1907 1786 2006 1826 nos
2033 1771 2243 1824 vivunt.
2279 1769 2336 1824 Si
2371 1769 2554 1825 leones
2582 1772 3051 1838 comprehendant
3084 1772 3284 1826 lezenas
3317 1787 3347 1826 e
3376 1787 3494 1841 par-

1907 1863 1991 1917 dis
2033 1863 2375 1930 concepisse,
2421 1862 2631 1918 catulos
2674 1862 2939 1927 lacerant,
2985 1872 3038 1917 et
3085 1864 3326 1917 sobolem
3374 1873 3498 1918 tan-

1911 1968 2078 2021 quam
2140 1954 2509 2009 adulterinam
2553 1955 2851 2025 expellunt,
2886 1958 2954 2009 ita
3002 1965 3060 2009 ut
3093 1958 3275 2010 triduo
3300 1971 3329 2011 a
3362 1956 3499 2011 cibis

1907 2046 2179 2100 abstineat
2235 2047 2426 2108 leaena,
2478 2048 2729 2114 quamvis
2788 2048 3091 2102 helluarum
3144 2048 3497 2103 voracissima

1908 2138 2001 2193 sit.
2060 2136 2295 2191 Minores
2341 2138 2617 2206 elephanti
2674 2140 3007 2207 praecedunt,
3044 2154 3111 2192 ne
3147 2139 3294 2194 fosso
3332 2141 3502 2195 altius

1910 2228 2027 2283 solo
2062 2227 2329 2297 majorum
2366 2227 2781 2297 elephantorum
2812 2230 2953 2282 viam
2984 2230 3301 2299 impediant.
3335 2232 3500 2300 Apol-

1910 2320 2091 2375 lonius
2141 2336 2247 2374 non
2284 2321 2479 2385 credit,
2529 2321 2836 2387 viperarum
2891 2320 3030 2374 ﬁlios
3084 2332 3319 2377 matrem
3351 2324 3501 2393 peri-

1911 2421 2125 2467 mentes
2157 2412 2376 2480 prodire
2411 2411 2546 2483 (97).
2584 2411 2693 2466 Nec
2720 2413 2863 2465 enim
2893 2412 3089 2483 33gb
3121 2414 3225 2468 hoc
3270 2415 3397 2482 quis
3425 2414 3503 2469 vi-

1912 2506 2039 2559 dere
2092 2515 2291 2575 potest,
2328 2520 2427 2559 nec
2455 2515 2647 2559 natura
2695 2505 2747 2558 id
2786 2506 3007 2575 patitur,
3042 2520 3218 2576 neque
3251 2520 3503 2575 compro-

1911 2600 2004 2655 bat
2032 2600 2393 2666 experientia.
2424 2596 2588 2652 Indus
2628 2598 2793 2652 habet
2847 2608 3131 2666 serpentes
3160 2602 3502 2669 septuaginta

1914 2694 2244 2757 cubitorum,
2295 2701 2349 2747 et
2379 2707 2565 2745 eorum
2606 2700 2859 2745 ornatum
2915 2707 3009 2745 eos
3058 2692 3243 2746 mirari
3303 2693 3502 2761 magis,

1915 2801 2078 2854 quam
2117 2785 2315 2840 fastum
2352 2783 2683 2855 l'abyloniae.
2714 2782 2903 2853 Neque
2930 2783 3225 2839 Homerum
3257 2785 3503 2841 laudato-

1917 2892 2027 2930 rem
2057 2879 2269 2942 habuit,
2303 2894 2331 2931 a
2373 2893 2484 2947 quo
2514 2877 2666 2931 multi
2719 2877 2956 2945 improbi
3000 2879 3216 2945 egregie
3243 2878 3503 2935 celebrati

1916 2978 2060 3024 sunt.
2094 2970 2286 3025 Dicere
2314 2969 2425 3039 jam
2455 2969 2668 3038 paravi,
2700 2977 2762 3023 ut
2818 2967 2954 3022 nihil
2985 2967 3107 3023 aliis
3141 2968 3504 3036 relinquatur.

1918 3060 2046 3114 lude
2087 3058 2405 3127 Apollonius
2452 3058 2633 3114 eﬁ‘ecit
2700 3068 2760 3114 ut
2792 3073 2888 3114 rex
2922 3060 3010 3114 ille
3048 3060 3235 3115 multis
3259 3062 3510 3130 patribus

207 3134 510 3189 ἐπαινέτου
539 3135 767 3206 ἔτυχεν,’
794 3137 883 3204 ὑφ’
909 3130 969 3188 οὒ
1017 3134 1204 3187 πολλοὶ
1249 3135 1345 3187 καὶ
1388 3134 1497 3187 τῶν
1552 3131 1628 3204 μὴ
1673 3132 1815 3186 πάνυ

1923 3163 2142 3218 totaque
2186 3151 2527 3221 philosophia
2594 3151 2831 3207 Pbraota
2896 3151 3125 3207 inferior
3192 3160 3356 3207 esset.
3416 3152 3508 3205 Ait

209 3229 535 3282 σπουδαίων
551 3229 597 3260 ³⁸
643 3231 700 3290 ἐς
744 3228 913 3297 ὄνομα
960 3228 1228 3298 ἤχθησαν.
1265 3228 1515 3295 Λέγειν¹⁶
1545 3226 1646 3298 ἤδη
1678 3243 1817 3296 παρ-

204 3319 692 3389 εσκευασάμην¹⁷,
728 3318 801 3384 ὡς
856 3318 1024 3389 μηδὲν
1068 3317 1329 3388 ὲλλείψων
1372 3316 1469 3371 τοῦ
1524 3319 1631 3381 πᾶς
1679 3317 1819 3389 ἀνὴρ

206 3412 480 3481 γενέσθαι
536 3411 720 3479 σφίσιν
738 3410 919 3463 ¹⁸.Ἐκ
938 3410 985 3440 ’⁸
1012 3409 1206 3464 τούτου
1250 3410 1352 3479 μὲν
1398 3410 1464 3479 δὴ
1519 3409 1749 3478 ξυνῆκεν
1792 3409 1821 3460 ό

222 3502 596 3566 Ἀπολλώνιος
645 3506 721 3565 ὡς
772 3502 1024 3572 βασιλεὺς
1074 3504 1286 3565 ἐκεῖνος
1312 3502 1412 3555 οὐκ
1440 3501 1605 3572 ὀλίγῳ
1642 3501 1818 3572 μέρει,

208 3594 515 3665 φιλοσοφίᾳ
567 3594 624 3646 δὲ
682 3594 831 3665 πάσῃ
890 3593 986 3646 τοῦ
1037 3593 1296 3665 Φραώτου
1357 3592 1821 3648 λείποιτο.”οτι³⁰

221 3691 595 3745 Ἀπολλώνιον
625 3689 1179 3761 ξυμφιλοσοφήσαντα
1211 3689 1290 3760 τῷ
1312 3689 1501 3761 Ἰάρχᾳ
1533 3688 1688 3760 [1021
1726 3687 1821 3759 IL]

207 3783 542 3854 ξυγγράψαι
575 3783 673 3852 μὲν
707 3783 915 3836 ἐκεῖθεν
951 3782 1078 3852 περὶ
1114 3780 1397 3850 μαντείας,
1422 3780 1734 3852 ξυγγράψαι
1766 3781 1822 3835 δὲ

210 3876 359 3943 περὶ
407 3875 631 3928 θυσιῶν.
672 3874 1157 3943 Πολυμαθέστατόν
1181 3874 1221 3906 ³¹
1252 3891 1312 3927 τε
1340 3875 1433 3926 καὶ
1466 3872 1824 3942 φιλομαθείας

210 3970 394 4039 ἥττω.
413 3968 631 4038 Ἰάρχας
648 3968 690 3998 ³²
722 3966 779 4019 δὲ
808 3967 936 4036 περὶ
974 3966 1242 4037 μαντικῆς
1272 3965 1443 4019 πολλὰ
1464 3966 1565 4035 μὲν
1585 3966 1824 4033 άγαθὰ³³

211 4060 383 4125 ἔλεγε
411 4062 536 4121 τοὺς
576 4058 897 4129 ἀνθρώπους
926 4058 1239 4130 εἰργάσθαι,
1276 4058 1532 4129 μέγιστον
1557 4057 1612 4111 δὲ
1642 4058 1702 4110 τὸ
1726 4060 1825 4128 τῆς

216 4152 481 4222 ἰατρικῆς
507 4151 679 4222 δῶρον
699 4171 710 4183 ο
743 4152 803 4203 ού
837 4151 945 4222 γὰρ
976 4153 1041 4205 ἄν
1067 4168 1196 4215 ποτε
1226 4152 1353 4215 τοὺς
1382 4150 1581 4218 σοφοὺς
1597 4150 1825 4220 Ἀσκλη-

213 4244 428 4308 πιάδας
459 4246 516 4307 ἐς
543 4245 856 4314 ἐπιστήμην
886 4244 1078 4297 τούτου
1119 4243 1406 4313 προελθεῖν
1426 4243 1493 4308 ³⁵,
1518 4245 1566 4296 εἰ
1597 4243 1672 4314 μὴ
1697 4245 1824 4307 παῖς

229 4335 579 4400 Ἀπόλλωνος
632 4335 964 4402 Ἀσκληπιὸς
1020 4334 1348 4405 γενόμενος,
1385 4334 1483 4388 καὶ
1530 4334 1673 4387 κατὰ
1726 4334 1828 4397 τὰς

218 4426 445 4481 ἐκείνου
486 4431 674 4498 φήμας
704 4444 765 4479 τε
792 4428 885 4480 καὶ
912 4425 1172 4497 μαντείας
1205 4425 1417 4493 ξυνθεὶς
1445 4426 1512 4479 τὰ
1541 4425 1827 4498 πρόσφορα

216 4520 356 4581 ταῖς
384 4518 559 4582 νόσοις
592 4520 880 4588 φάρμακα,
914 4518 1072 4572 παισί
1100 4534 1162 4570 τε
1202 4514 1368 4569 αὑτοῦ
1407 4516 1692 4586 παρέδωκε
1727 4516 1823 4569 καὶ

220 4610 380 4677 τοὺςξ
405 4611 657 4676 ξυνόντας
704 4609 1021 4675 ἐδιδάξατο,
1052 4608 1204 4672 τίνας
1251 4607 1351 4678 μὲν
1395 4607 1476 4662 δεῖ
1524 4607 1823 4679 προσάγειν

227 4702 374 4764 πόας
405 4703 591 4771 ὑγροῖς
620 4702 805 4755 ἕλκεσι
827 4742 841 4767 ,
873 4702 1025 4764 τίνας
1057 4700 1114 4753 δὲ
1142 4700 1452 4771 αὐχμηροῖς
1495 4700 1590 4752 καὶ
1622 4698 1826 4769 ξηροῖς,

231 4792 577 4861 ξυμμετρίας
605 4809 665 4843 τε
700 4791 943 4862 ποτίμων
982 4792 1290 4863 φαρμάκων
1314 4830 1328 4853 ,
1352 4790 1446 4859 ἀφ’
1466 4789 1510 4821 ³⁵
1542 4783 1616 4843 ὧν
1651 4789 1831 4861 ὖδεροι

1920 3241 2263 3312 Apollonium
2321 3257 2444 3295 cttm
2494 3241 2684 3296 larcha
2718 3240 3069 3305 collocutum,
3120 3240 3287 3294 libros
3316 3241 3509 3294 deinde

1925 3339 1990 3389 de
2021 3334 2358 3389 divinatione
2387 3342 2443 3388 et
2485 3333 2551 3387 de
2598 3334 2885 3387 sacriﬁciis
2934 3333 3350 3401 conscripsisse,
3383 3348 3506 3386 cum

1923 3437 2067 3481 esset
2094 3425 2261 3479 multa
2285 3423 2579 3479 admodum
2618 3425 2861 3479 discendi
2912 3424 3313 3493 cupidissimus.
3360 3422 3506 3477 Dixit

1924 3518 2146 3573 larcbas
2188 3517 2352 3571 multa
2398 3518 2538 3573 bona
2568 3531 2694 3585 erga
2728 3515 2979 3571 homines
3010 3515 3401 3570 divinationem
3429 3514 3510 3570 fe-

1924 3611 2087 3676 cisse,
2128 3611 2180 3663 in
2227 3609 2428 3678 quibus
2477 3610 2812 3678 praecipuum
2846 3618 2929 3661 est
2970 3607 3255 3662 medicinae
3284 3607 3505 3660 donum.

1926 3699 2040 3755 Non
2072 3701 2243 3762 enim,
2275 3700 2471 3769 inquit,
2506 3700 2563 3762 ii,
2600 3698 3003 3765 quibsapientes
3037 3694 3090 3748 in
3127 3696 3228 3749 hac
3268 3701 3386 3750 arte
3415 3696 3511 3749 ba-

1928 3794 2020 3847 biti
2057 3803 2181 3847 sunt
2208 3790 2515 3859 Esculapii
2544 3790 2659 3851 ﬁlii,
2696 3797 2803 3843 tam
2838 3787 3065 3841 multum
3093 3786 3509 3855 processissent,

1929 3887 2031 3941 nisi
2064 3885 2329 3954 Apollinis
2375 3883 2516 3938 ﬁlius
2568 3881 2913 3949 Escalapius
2943 3897 3007 3934 ex
3040 3880 3214 3949 patris
3251 3880 3512 3949 prtescria

1928 3988 2020 4048 pto
2047 3987 2101 4031 et
2128 3978 2398 4031 vaticinio
2440 3975 2646 4030 morbis
2694 3973 2846 4026 utilia
2900 3972 3140 4026 remedia
3170 3971 3515 4039 composuis«

1928 4078 2033 4133 set,
2066 4084 2185 4138 quae
2228 4068 2315 4123 ille
2361 4068 2619 4136 deinceps
2672 4060 2815 4118 ﬁlios
2860 4062 3046 4117 docuit
3088 4076 3151 4116 ac
3194 4060 3513 4125 lamiliares,

1930 4162 2122 4233 quales
2166 4161 2366 4215 herbas
2414 4158 2652 4213 humidis
2684 4155 2977 4219 ulceribus,
3018 4154 3320 4223 qualesque
3349 4152 3515 4207 siccis

1928 4261 1984 4308 et
2011 4252 2332 4307 ardentibus
2372 4258 2621 4320 Oporteat
2664 4248 2968 4301 adbibere:
3013 4247 3262 4314 potiones
3296 4243 3519 4311 insuper

1932 4343 2451 4398 medicamentorum
2486 4339 2735 4399 miscere,
2767 4336 2964 4405 quibus
3003 4331 3289 4404 hydropici
3321 4346 3520 4384 sanen-

1935 4444 2043 4498 tur,
2079 4431 2363 4501 sanguinis
2408 4430 2585 4484 ﬂuxus
2633 4429 2876 4490 sistatur,
2931 4433 2986 4479 et
3038 4423 3143 4477 alia
3190 4422 3355 4475 multa
3398 4435 3521 4488 quae

1863 4498 1905 4551 θ
1935 4498 2278 4580 curationum
2316 4521 2426 4575 vim
2459 4519 2681 4575 habent.
2727 4515 2940 4570 Indicas
2966 4513 3201 4585 gryphes
3248 4511 3521 4582 magnitu-

1935 4617 2062 4676 djne
2092 4624 2146 4668 et
2192 4612 2402 4667 viribus
2448 4609 2698 4664 leonibus
2743 4621 2903 4678 pares
2945 4620 3070 4660 esse
3097 4604 3283 4669 tradit,
3320 4614 3374 4657 et
3406 4602 3519 4654 ala-

1932 4722 2049 4761 rum
2087 4703 2338 4774 praesidio
2382 4702 2435 4755 iu
2494 4701 2699 4763 leones,
2749 4698 3091 4766 elephantos,
3147 4710 3211 4749 ac
3258 4696 3522 4748 dracones

1932 4795 2175 4854 involare
2211 4804 2266 4849 et
2324 4807 2629 4863 superare:
2684 4790 2867 4844 volant
2907 4798 3086 4843 autem
3118 4803 3222 4843 non
3267 4786 3520 4846 multum,

224 4886 658 4955 ἁποχετεύονται
696 4880 837 4955 αἷμά
884 4903 945 4939 τε
1001 4886 1209 4955 ἴσχεται
1239 4887 1333 4939 καὶ
1362 4886 1431 4939 τὰ
1465 4884 1599 4939 ἄλλα
1635 4885 1832 4947 ἰάσεως

1934 4891 2026 4947 sed
2059 4898 2317 4959 quantum
2346 4886 2588 4956 parvula:
2618 4901 2768 4940 aves.
2804 4882 2923 4937 Non
2949 4885 3094 4937 enim
3126 4882 3379 4951 plumata:
3399 4890 3525 4934 sunt

218 4977 516 5046 τυγχάνει.
528 4978 651 5031 ’Ότι
669 4979 713 5009 ³⁸
734 4979 860 5041 τοὺς
889 4978 948 5031 ὲν
973 4977 1155 5041 Ἰνδοῖς
1175 4977 1393 5045 γρῦπας
1418 4977 1650 5048 μέγεθος
1675 4977 1773 5047 μὲν
1788 4976 1833 5010 ³⁷

1937 4994 1995 5036 ιιι
2044 4981 2266 5050 reliquae
2310 4994 2464 5044 aves,
2500 4979 2596 5033 sed
2629 4977 2791 5031 rubra
2838 4975 3085 5046 pellicula
3125 4974 3333 5029 alarum
3363 4980 3532 5027 costas

1529 5142 1765 5198 vanum
1783 5119 2214 5197 ‘LECTIONES.

314 5261 337 5293 "
367 5258 529 5330 ἔζων]
557 5276 594 5325 ι,
627 5260 717 5315 '55.
775 5267 797 5299 8
819 5256 942 5359 vﬁvl
969 5272 1005 5319 I,
1034 5256 1124 5311 57.
1201 5256 1223 5288 9
1249 5253 1406 5354 ἀλλὰ]
1433 5272 1491 5315 ιι,
1516 5254 1581 5309 5.
1615 5255 1659 5286 ¹⁰
1690 5251 1934 5323 ἐντυγχ.]
1962 5268 2021 5314 ιι,
2043 5251 2094 5305 6.
2164 5251 2203 5281 ¹¹
2237 5246 2402 5319 ὲδέξ.]
2434 5264 2491 5316 ιι,
2511 5248 2541 5300 7
2567 5256 2707 5301 extr.
2752 5247 2795 5276 ¹¹
2823 5245 2917 5298 καὶ
2946 5240 3065 5313 τὴν]
3095 5257 3155 5325 ιι,
3288 5238 3332 5269 ¹³
3357 5221 3535 5303 αύτῷὶ

314 5350 323 5359 .
360 5329 397 5359 ι)
501 5331 730 5359 ιι......ι..
780 5330 803 5359 ι
952 5328 974 5358 ι
1002 5326 1106 5359 κ...]
1138 5342 1172 5359 ..
1204 5325 1269 5359 m
1361 5326 1374 5354 ι
1437 5322 1508 5359 ειι
1543 5343 1580 5359 ι.
1638 5326 1703 5359 u.
1801 5324 1843 5355 ισι
1871 5326 1918 5359 ιι
1949 5323 2028 5359 ,τιτι
2060 5337 2096 5359 ιῐ
2159 5320 2223 5359 tr:
2264 5331 2402 5359 pur,
2487 5318 2528 5349 ιθ
2556 5316 2845 5359 διηποηίξιν
2877 5333 2936 5359 ‹--
3021 5315 3061 5344 '9
3094 5313 3442 5359 ειώαινοντες
3467 5303 3526 5357 Β.

223 5330 324 5397 τᾶ)
360 5329 418 5382 Β.
501 5325 544 5363 ἡ
561 5332 730 5399 φησὶν
769 5330 834 5383 Α.
922 5325 974 5359 ³⁵
1002 5326 1107 5399 ὄξει]
1138 5325 1374 5399 ¹ἷι¹2’.-¹

226 5394 429 5472 rufam]
461 5394 714 5472 11.15;"
744 5399 854 5472 γὰρ
884 5413 993 5472 οιη·
1024 5394 1106 5472 β(
1128 5397 1206 5472 -’²
1237 5394 1344 5466 δτί]

1435 5322 1508 5394 εἰ]
1543 5343 1602 5391 ιι,
1638 5326 1725 5379 14.
1801 5316 2029 5394 ι’θ’ὸῖδὲ]
2060 5320 2223 5394 new
2264 5316 2404 5394 extr".
2472 5318 2528 5394 _“'
2556 5316 2853 5394 διαπρρίαν
2877 5333 2937 5394 ς.

1399 5411 1459 5461 ιι,
1490 5392 1585 5449 17.
1658 5397 1703 5427 ³³
1738 5392 1971 5463 καὶτὸν]
2005 5392 2064 5453 ιι,
2096 5392 2185 5445 25.

3021 5303 3065 5344 ’ί
3094 5303 3442 5377 ἐμϐαίνοντες

2265 5390 2309 5421 ’⁸
2344 5387 2490 5460 οὔτε]
2528 5404 2610 5452 ιιι,
2635 5376 2733 5442 22-
2812 5387 2855 5419 as
2887 5376 2976 5451 ὕφ’
3006 5377 3064 5435 οὗ
3092 5376 3276 5460 πολλοὶ
3303 5380 3397 5460 καὶ
3422 5376 3531 5460 11(7):}

586 5446 716 5523 X8:
745 5446 849 5542 ξᾷδ
888 5446 1289 5542 ντῶν-πλ
1308 5446 1711 5542 σπ.
1755 5446 1832 5542 ς²⁶
1856 5446 2063 5542 λέγξινΪ
2106 5479 2193 5542 ιιιζ
2224 5461 2340 5542 εκ-
2468 5446 2962 5542 παρεκελευσάμην
3184 5446 3533 5542 figi-03:11:}.

228 5521 419 5640 ξλίσικῑ
443 5521 552 5595 AB.
588 5521 664 5640 :2
686 5521 798 5640 si];
819 5554 896 5603 ιιι,
919 5521 1054 5640 τῇδ’
1092 5537 1138 5569 ιο
1185 5534 1407 5640 ﬁuit",
1433 5536 1526 5640 ρι.
1606 5521 2095 5640 δ”πολυμῦαθᾸΊΙῘῃ
2128 5532 2232 5640 tisi
2297 5521 2624 5640 ³²⁸“71ἁρλχας]¹
2641 5521 2865 5640 ιΙιιἏιίιίί
2917 5521 2960 5556 in
2991 5521 3170 5590 ἀγαθὰ
3194 5521 3528 5591 μοδιείργάο

233 5629 277 5640 ..
320 5628 371 5640 ι..
401 5614 545 5640 ,ΑΛ-εἶθ
810 5625 947 5640 ..-ηρ
1023 5608 1098 5640 ετ..
1130 5625 1169 5640 ρ-
1335 5606 1426 5640 Am‘
1493 5610 1599 5640 :mn
1649 5605 1737 5640 r'vn,
1910 5607 1984 5640 ἓν.
2048 5620 2103 5640 ιιι
2435 5619 2531 5640 n.u
2561 5616 2604 5640 m
2634 5623 2641 5640 ι
2672 5637 2683 5640 _
2771 5636 2784 5640 _

231 5605 375 5666 ὸθαι
401 5614 549 5682 ponit
590 5610 652 5666 Β.
739 5605 785 5644 π
810 5607 1098 5680 παρελθεῖν
1129 5625 1190 5671 ς.
1268 5605 1313 5640 ³⁸
1335 5605 1452 5677 ἀφ’]
1493 5610 1600 5661 imo
1649 5605 1759 5676 ὑφ’.

1835 5606 1880 5636 ³⁸
1910 5602 2014 5675 δτι]
2048 5620 2126 5667 ιιι,
2163 5602 2251 5657 48.

2354 5603 2398 5633 ιτ
2433 5596 2531 5671 με.
2559 5596 2685 5653 add:
2716 5598 2785 5651 A.

1753 5697 1986 5754 NOTAE.

324 5795 436 5866 (9⁷)
482 5794 854 5865 Dalecampius
894 5796 945 5850 in
989 5796 1082 5850 lib.
1127 5813 1158 5851 Χ
1221 5797 1377 5851 Plinii
1429 5812 1546 5863 cap.
1586 5794 1674 5847 6‘2.
1719 5793 1830 5845 Au-

232 5874 432 5927 ctorcs
459 5867 563 5923 hoc
598 5878 857 5938 negantes
903 5867 1106 5922 laudat.
1139 5867 1272 5922 Cum
1303 5866 1630 5922 Philostrato
1659 5866 1820 5920 sentit

1946 5793 2111 5871 hinsil.
2155 5792 2291 5863 31mg.
2334 5790 2455 5844 Isid.
2501 5787 2680 5841 Pctus.
2718 5783 2972 5840 ilcrodot.
3008 5790 3062 5834 ct
3108 5778 3376 5834 Maximus
3420 5773 3531 5849 Ty-

1930 5880 2062 5918 “US.
