3954 6440
201 371 344 437 1245

1292 380 1811 444 BIBLIOTHECA.
1848 406 1917 419 -
1955 384 2119 446 COD.
2148 384 2389 449 CCXLI.

3323 386 3469 452 1246

196 490 349 537 dato.
400 480 462 533 Εἰ
500 480 598 548 μὲν
614 482 659 514 ⁸⁸
687 483 795 555 γὰρ
841 484 1133 558 Λακωνικὴ
1169 490 1202 561 ὴ
1238 491 1484 561 ὄρχησις,
1528 493 1780 564 συνορχή-

1903 498 2043 565 quod
2069 513 2260 554 omnes
2296 496 2353 552 in
2372 513 2431 554 se
2465 498 2818 568 respicientes
2853 497 3326 559 animadverteret.
3365 516 3468 558 nec

195 588 387 640 σομαι,
461 571 509 621 εί
539 570 594 621 δὲ
628 572 809 641 ἁπαλὴ
875 575 970 626 καὶ
1029 577 1109 639 εἰς
1156 578 1216 629 τὸ
1256 578 1389 648 θῆλυ
1452 582 1781 647 σπεύδουσα,

192 663 400 716 οὐκέτι.
470 663 510 713 Γ
514 665 855 735 υναικομίκῳ
910 668 1054 736 (κατ’
1112 670 1409 742 Εὐριπίδην
1434 673 1623 742 φάναι)
1653 692 1785 745 μορ-

192 755 439 822 φώματι.
493 754 682 820 Λόγων
696 756 738 785 ⁸⁷
767 772 827 807 τε
853 759 1129 830 κρατῆρες
1165 761 1403 825 ἵσταντο,
1436 764 1530 817 καὶ
1553 765 1784 835 ἡρύοντο

190 842 376 891 αὐτῶν
404 842 450 892 οἱ
482 842 763 908 διψῶντες.
791 847 1003 913 Πηνίκα
1020 848 1063 879 ⁸⁸
1094 851 1363 921 οίγάμοι;
1396 853 1611 924 θερμοὶ,
1647 854 1772 926 ἔφη,

196 932 291 983 καὶ
350 934 475 993 ἴσως
529 932 734 1003 αὔριον.
780 938 978 1006 Σοφίαν
1001 940 1045 970 θ’
1072 940 1127 992 δὲ
1154 943 1317 995 αὑτοῦ
1382 944 1776 1014 κατεψεύδετοο

196 1026 293 1074 καὶ
346 1024 556 1093 χαλινὸς
603 1028 703 1077 οὐκ
739 1022 806 1097 ἦν
825 1031 915 1081 ἐπὶ
940 1034 1005 1100 τῇ
1034 1031 1268 1104 γλώττῃ.
1298 1031 1407 1088 Ἦν
1436 1036 1493 1089 δὲ
1513 1038 1559 1068 ⁷⁰
1584 1040 1611 1091 ὁ
1635 1038 1783 1091 Φιλόο

191 1116 295 1165 λαο
350 1117 447 1182 τὴν
471 1115 569 1182 μὲν
598 1117 844 1183 γλῶτταν
880 1123 1257 1193 συγκείμενος,
1290 1126 1683 1199 μαλακώτερος
1721 1130 1778 1183 δὲ

190 1209 540 1277 καρτερῆσαί
561 1226 639 1263 τι.
668 1212 923 1270 Δείσας⁷¹
959 1218 1087 1284 περὶ
1110 1220 1388 1282 τοῖςνέοις.

187 1311 243 1354 et
282 1301 422 1353 forte
452 1317 574 1355 cras
618 1304 995 1371 :Sapientiam
1027 1325 1179 1364 suam
1221 1314 1537 1378 simulabat,
1575 1325 1631 1370 et.
1669 1316 1850 1387 lingua

190 1396 354 1447 moda
387 1394 682 1461 toleranda,
712 1399 977 1455 Sollicitus
1001 1404 1072 1456 de
1101 1406 1561 1464 adolescentibus.

266 1488 405 1556 Περὶ
456 1488 609 1557 μέντ’
638 1490 801 1561 γάρ⁷³
836 1493 1040 1564 Θηρίων
1103 1499 1203 1551 οὐκ
1236 1499 1300 1552 ἂν
1334 1502 1507 1563 εἴποις
1557 1504 1640 1556 ὅτι
1686 1506 1787 1566 τὰς

188 1579 445 1648 μητέρας
496 1580 676 1635 αὐτῶν
714 1584 994 1639 ἐδαίσαντο
1018 1605 1032 1619 ο
1093 1590 1287 1661 Νέρων
1314 1593 1369 1645 δὲ
1398 1595 1784 1667 ὲμπεφόρηται

181 1671 293 1739 τῆς
353 1673 518 1742 βορᾶς
570 1675 773 1747 ταύτης
833 1678 920 1729 ἐπ’
989 1680 1215 1752 Ὀρέστῃ
1276 1684 1370 1735 καὶ
1428 1685 1781 1755 Ἀλκμαίωνι.

198 1761 349 1814 Ἀλλ’
401 1765 632 1830 ἐκείνοις
704 1770 891 1837 σχῆμα
932 1770 1024 1822 τοῦ
1063 1771 1223 1841 ἔργου
1280 1777 1514 1847 πατέρες
1557 1775 1721 1849 ἦσαν,
1754 1783 1781 1833 ὁ

186 1855 299 1923 μὲν
363 1858 670 1922 ἀποθανὼν,
696 1861 723 1911 ὁ
773 1859 828 1911 δὲ
882 1862 1053 1931 ὅρμου
1104 1864 1355 1933 πραθεὶς.
1409 1862 1579 1932 Οὗτος
1598 1871 1653 1923 δὲ
1687 1873 1779 1925 καὶ

180 1950 527 2021 εἰσποιηθεὶς
597 1952 698 2004 ὑπὸ
745 1956 843 2022 τῆς
897 1956 1104 2024 μητρὸς
1164 1958 1385 2027 γέροντι
1440 1960 1651 2030 βασιλεῖ
1687 1966 1781 2017 καὶ

178 2038 611 2108 κληρονομήσας
642 2040 704 2092 τὸ
745 2042 936 2111 ἄρχειν
957 2042 1023 2095 ⁷⁸.
1067 2044 1189 2096 Ἐπὶ
1222 2048 1266 2078 ⁷⁵
1313 2048 1495 2117 κῶμον
1535 2049 1778 2121 ἔρχεται,

185 2128 413 2197 μεθύων
465 2131 774 2202 ἄνθρωπος,
829 2133 927 2186 οὐκ
992 2134 1245 2202 ἀγλύκως
1277 2138 1321 2169 ⁷⁸
1371 2140 1474 2208 τῆς
1518 2144 1701 2213 φωνῆς
1735 2147 1778 2177 ⁷⁷

179 2221 352 2290 ἔχων,
413 2225 691 2294 Περιήρθη
753 2226 919 2278 πᾶσιν
950 2226 1272 2298 ὀφθαλμοῖς,
1318 2232 1534 2296 ὁπόσοις
1568 2236 1600 2305 ή
1638 2236 1779 2307 ἀρχὴ

182 2314 403 2384 βλέπει.
440 2318 501 2369 υἱ
532 2318 587 2369 δὲ
626 2318 672 2349 ⁷⁸
701 2318 764 2388 δὴ
789 2319 1046 2372 Αίσώπου
1069 2322 1121 2374 τί
1147 2339 1161 2386 ;
1189 2320 1452 2394 βάτραχοι
1477 2363 1490 2388 ,
1516 2325 1619 2396 ἔφη
1646 2371 1659 2391 ,
1691 2330 1783 2380 καὶ

176 2406 302 2458 ὄνοι
335 2408 428 2460 καὶ
461 2409 632 2478 λῆροι,
690 2411 923 2478 γραυσὶν
955 2407 1059 2463 οἷοι
1094 2414 1369 2482 μασᾶσθαι
1396 2418 1487 2468 καὶ
1526 2418 1778 2482 παιδίοις.

191 2497 299 2548 Ἐκ
322 2497 526 2550 παίδων
576 2500 685 2569 γὰρ
726 2503 838 2563 τοῖς
895 2501 1084 2568 λόγοις
1122 2503 1334 2567 τούτοις
1371 2506 1777 2577 ξυγγενόμενοι,

176 2590 287 2642 καὶ
313 2591 406 2643 ὑπ’
432 2592 612 2645 αὐτῶν
641 2594 1096 2664 ὲκνηπιωθέντες.
1133 2595 1289 2661 δόξας
1325 2598 1781 2670 ἀναλαμϐάνομεν

178 2682 323 2750 περὶ
364 2683 595 2737 ἑκάστου
639 2685 747 2738 τῶν
778 2684 956 2747 ζώων,
1007 2689 1077 2743 τὰ
1116 2691 1215 2760 μὲν
1262 2692 1337 2755 ὡς
1376 2692 1631 2762 βασιλικά
1671 2696 1779 2766 εἴη,

174 2773 254 2829 τὰ
320 2775 364 2827 δ’
381 2777 454 2859 ᾡς
510 2779 702 2857 εὐήθη.
745 2781 852 2833 Καὶ
874 2781 942 2834 τὰ
966 2784 1010 2813 ⁷⁹
1045 2778 1160 2836 ὦτα
1191 2787 1248 2847 ὲς
1296 2786 1654 2841 Ἀπολλώνιον
1684 2790 1780 2840 Αί-

174 2868 444 2933 γυπτίοις
492 2870 628 2941 ὀρθὰ
684 2867 773 2943 ἦν.
801 2872 985 2925 "Oct"
1016 2874 1286 2940 Κλαύδιος
1312 2879 1595 2947 τηλικόςδε
1620 2881 1663 2912 ⁸¹
1706 2878 1782 2933 ὢν

175 2957 365 3009 πολλὰ
424 2960 759 3031 μειρακιώδη
818 2962 1017 3031 ἔπαθε,
1064 2967 1156 3018 καὶ
1224 2968 1511 3035 μελόὸοτον
1537 2973 1781 3038 γυναίοις

173 3049 292 3118 τὴν
353 3050 526 3119 ἀρχὴν
573 3052 790 3122 ἀνῆκεν.
844 3055 1113 3126 Κίϐδηλος
1132 3058 1177 3089 ⁸’
1206 3060 1319 3129 γὰρ
1355 3062 1384 3113 ὁ
1430 3065 1630 3131 χρυσὸς
1682 3062 1783 3117 καὶ

179 3141 365 3209 μέλας
416 3137 483 3211 ἦν
537 3144 601 3195 ὲκ
645 3143 898 3214 δακρύων
959 3149 1110 3217 ἥκων
1128 3150 1461 3222 ⁸³.“ᾙκαλλε
1480 3152 1547 3207 ⁸⁸.
1611 3158 1781 3211 Καὶ⁸⁸

1883 590 2112 644 ulterius
2141 589 2391 658 petulans
2425 590 2741 659 apparebat.
2790 589 3001 643 Mutans
3028 590 3193 659 igitur
3216 591 3466 659 chlamy-

1883 682 1997 747 des,
2032 691 2084 734 et
2118 682 2386 750 reliquum
2431 680 2799 750 Sybariticnm
2834 682 3064 743 cultum,
3104 681 3251 734 venit
3282 682 3334 734 in
3371 682 3467 736 de-

1881 774 2136 828 siderium
2169 774 2334 827 vestis
2358 774 2590 828 sordidae
2624 782 2676 827 et
2699 775 2860 836 tritae,
2902 784 2956 828 et
2986 774 3037 827 in
3072 788 3251 827 mores
3302 773 3467 842 Apol-

1883 862 2009 916 lonii
2042 862 2233 917 abivit.
2257 862 2315 915 Si
2345 862 2487 916 enim
2530 872 2616 916 est
2646 863 2962 931 tripudiatio
2989 861 3279 928 Laconica,
3304 863 3466 916 simul

1894 952 2087 1023 333b
2132 953 2434 1020 tripudiabo
2464 970 2478 1008 :
2522 954 2605 1007 sin
2631 953 2806 1007 mollis
2833 964 2949 1017 est,
2980 962 3036 1006 et
3060 953 3319 1015 feminea,
3357 968 3466 1007 nou

1889 1044 2121 1113 amplius
2144 1044 2429 1098 mulierum
2458 1045 2767 1107 imitatrice,
2792 1052 2851 1097 ut
2877 1044 2952 1097 ait
2984 1044 3288 1112 Euripides,
3318 1044 3465 1099 larva

1892 1146 2035 1200 utar,
2074 1150 2174 1189 nec
2200 1137 2405 1190 verbis.
2454 1135 2653 1191 Pocula
2703 1138 2755 1190 in
2800 1151 2986 1191 mensa
3034 1145 3366 1201 statuuntur,
3409 1145 3466 1190 et

1890 1226 2211 1280 hauriebaut
2264 1227 2533 1281 sitientes.
2574 1228 2799 1294 Quando
2831 1228 3033 1295 nuptiae
3079 1226 3308 1291 fervent,
3365 1226 3462 1293 ait,

1893 1319 2112 1387 quidem
2145 1320 2277 1375 satis
2302 1328 2606 1389 promptus,
2672 1320 2765 1373 sed
2826 1319 3043 1374 mollior
3122 1320 3189 1373 ad
3258 1319 3465 1373 incom-

1959 1505 2034 1558 De
2061 1503 2192 1559 feris
2219 1516 2326 1557 non
2380 1500 2538 1557 facile
2585 1500 2789 1555 dixeris
2813 1514 2880 1555 an
2915 1508 3121 1554 matres
3153 1498 3462 1566 discerpse-

1887 1597 2017 1650 rint.
2077 1593 2216 1648 Nero
2281 1594 2383 1647 hoc
2432 1592 2554 1646 cibo
2593 1592 2841 1657 satiatur,
2889 1590 3137 1646 insanior
3163 1589 3379 1653 Oreste,
3409 1600 3465 1645 et

1887 1688 2217 1750 Alcnta'one,
2248 1686 2343 1739 sed
2375 1683 2499 1737 facti
2534 1693 2828 1752 prmlextus
2862 1683 2969 1738 illis
2997 1691 3251 1737 auctores
3284 1691 3460 1735 erant.

1887 1782 1976 1834 Ille
2018 1779 2234 1848 quidem
2283 1786 2550 1840 mortuus,
2609 1776 2694 1829 hic
2751 1776 2802 1827 in
2857 1786 3015 1843 portu
3059 1776 3328 1830 venditus.
3371 1772 3463 1831 Ille

1885 1878 2045 1933 opera
2100 1864 2289 1917 matris
2328 1864 2395 1916 ab
2444 1864 2776 1930 imperatore
2821 1875 2930 1916 tum
2971 1878 3101 1917 sene
3153 1863 3460 1931 adoptatus,

1885 1969 1939 2011 et
1970 1958 2254 2026 imperium
2289 1957 2617 2011 haereditatis
2642 1956 2763 2023 jure
2795 1966 3141 2020 consecutus,
3170 1958 3234 2010 ad
3265 1956 3464 2011 intem-

1886 2049 2188 2118 perantiam
2242 2046 2533 2110 delabitur,
2577 2047 2739 2099 homo
2790 2045 3063 2108 ebriosus,
3115 2060 3214 2099 uec
3247 2044 3463 2100 insuavi

1885 2154 2037 2193 voce.
2087 2136 2339 2191 Omnium
2373 2137 2545 2191 oculis
2577 2136 2857 2204 expositus
2904 2144 3008 2199 est,
3043 2134 3133 2202 qui
3165 2136 3217 2187 in
3261 2135 3465 2204 princi-

1886 2247 2003 2301 pem
2057 2230 2442 2296 conjicinutur.
2488 2228 2691 2296 IEsopi
2747 2242 2914 2291 ranae,
2964 2228 3162 2295 inquit.
3213 2237 3268 2281 et
3298 2228 3462 2293 asini,

1888 2338 2041 2391 nugae
2077 2322 2281 2389 pueris,
2339 2320 2678 2387 articulisque
2716 2318 3038 2371 tractandae.
3076 2318 3117 2369 A
3152 2315 3380 2384 pueritia
3410 2315 3465 2369 in

1885 2414 1991 2467 illis
2036 2412 2279 2477 enutriti,
2308 2420 2362 2464 et
2397 2411 2446 2463 iu
2478 2410 2584 2463 illis
2621 2421 2940 2478 consumpta
2976 2406 3202 2462 infantia
3240 2417 3344 2463 est.
3392 2409 3465 2462 De

1885 2504 2111 2574 singulis
2157 2504 2481 2558 animalibus
2522 2504 2808 2572 opiniones
2853 2502 3112 2555 habemus
3142 2518 3156 2554 :
3190 2503 3303 2555 [nec
3336 2500 3462 2569 qui-

1885 2595 2007 2648 dem
2044 2604 2101 2647 ttt
2126 2596 2353 2663 imperio
2397 2596 2578 2664 digna,
2623 2595 2709 2646 illa
2755 2604 2811 2647 ut
2841 2593 3191 2661 simpliciora.
3223 2592 3462 2663 JEgyptii

1886 2703 2045 2742 aures
2084 2686 2149 2739 ad
2180 2688 2520 2754 Apollonium
2551 2688 2881 2757 arrigehanl.
2915 2688 3188 2750 Claudius,
3211 2689 3312 2742 etsi
3345 2699 3466 2742 tan-

1887 2788 1975 2833 tns
2005 2790 2140 2842 erat,
2189 2781 2353 2833 multa
2408 2790 2583 2834 tamen
2629 2779 2857 2848 puerilia
2884 2782 3158 2849 jpraaterea
3191 2780 3461 2835 exhibuit.

1888 2870 2218 2925 Mulierculis
2263 2872 2551 2939 imperium
2606 2871 2882 2936 submisit,
2934 2885 3042 2939 quo
3095 2871 3341 2925 homines
3376 2886 3466 2924 re—

1886 2976 2106 3034 guntur.
2142 2964 2518 3017 Adulteriuum
2553 2966 2699 3017 enim
2742 2978 2959 3027 aurum,
3006 2973 3059 3017 et
3095 2964 3306 3034 nigrum
3349 2975 3468 3018 erat

1885 3072 1917 3111 e
1962 3057 2214 3126 lacrymis
2259 3056 2578 3125 procedens.
2631 3055 3040 3117 Assenlabatur,
3085 3064 3140 3108 et
3196 3055 3468 3110 rclerebat

1886 3150 1954 3204 de
1983 3164 2214 3203 noverca
2262 3163 2569 3203 sermonem
2618 3163 2747 3202 voce
2791 3148 3049 3213 demissa,
3105 3163 3202 3201 nec
3237 3162 3464 3201 venerea

174 3231 377 3300 διῆλθε
405 3233 497 3285 τὸν
555 3234 685 3304 περὶ
741 3237 899 3306 τῆς⁸⁶
933 3242 1208 3309 μητρυιᾶς
1250 3242 1409 3310 λόγον
1442 3245 1780 3318 ὑφειμένῳδτ

1891 3239 2087 3309 attigit,
2130 3255 2231 3294 nec
2271 3240 2429 3293 aliter
2468 3241 2520 3294 in
2552 3255 2675 3294 cum
2727 3240 2849 3308 quis
2883 3239 3237 3306 petulantiam
3276 3248 3465 3293 osten-

173 3322 270 3392 τῷ
297 3324 454 3392 τόνῳ.
515 3326 649 3379 Οὐδὲ
705 3328 1036 3399 ἀφροδισίων
1081 3333 1286 3402 ἥπτετο
1307 3336 1374 3399 ⁸³,
1432 3337 1544 3389 οὐδ’
1585 3338 1784 3409 ἔρως⁸⁹

174 3416 283 3468 ἐπ’
320 3417 479 3469 αὑτὸν
501 3419 677 3483 οὐδεὶς
703 3421 1000 3490 ἐκώμασεν
1030 3437 1042 3450 ·
1080 3425 1198 3477 ἀλλ’
1226 3420 1295 3496 ἦν
1324 3428 1423 3495 τῆς
1468 3430 1786 3499 ἀγροικοτέ-

176 3527 297 3578 ροις
330 3526 385 3561 τε
406 3511 451 3543 ⁹⁰
474 3516 570 3564 καὶ
624 3514 891 3581 ἀτέγκτου
912 3516 955 3546 ¹¹
997 3516 1214 3587 μοίρας.
1286 3518 1492 3572 Ἐδόκει
1538 3521 1595 3574 δὲ
1612 3523 1657 3552 ⁹¹
1690 3529 1786 3581 καὶ

177 3598 436 3671 [54411.1
480 3606 855 3672 γυμναστικῆς
902 3607 1282 3677 ἐπαφροδίτως
1309 3608 1572 3678 ἅψασθαι.
1621 3612 1782 3665 Ἀπο-

172 3697 298 3763 χρῇ
318 3695 363 3727 ³³
392 3695 470 3763 τῷ
523 3695 671 3765 σοφῷ
736 3697 993 3766 βρώσεως
1039 3716 1096 3751 τε
1133 3699 1362 3770 καθαρῷ
1426 3697 1564 3755 εἶναι
1609 3704 1781 3776 ὁπόση

175 3786 452 3855 ἔμπνους,
510 3787 703 3857 ἱμέρου
746 3805 804 3840 τε
839 3788 897 3851 ὃς
925 3791 1086 3859 φοιτᾷ
1128 3790 1196 3843 δι’
1230 3792 1520 3861 ὀμμάτων,
1581 3795 1780 3862 φθόνου

171 3895 244 3929 τε
276 3876 332 3938 ὃς
361 3878 680 3940 διδάσκαλος
701 3880 903 3932 ἀδίκων
931 3882 1023 3933 ἐπὶ
1048 3884 1207 3953 χεῖρα
1242 3883 1337 3936 καὶ
1364 3883 1592 3955 γνώμην
1629 3885 1777 3954 ἥκει.

173 3970 671 4041 Θαυμασιουργίας
722 3989 779 4024 τε
806 3973 898 4025 καὶ
952 3973 1131 4043 βιαίου
1187 3975 1384 4043 τέχνης
1446 3977 1518 4047 μὴ
1574 3977 1780 4031 δεῖσθαι

174 4056 466 4124 ἀλήθειαν.
515 4060 578 4110 Ἡ
599 4059 696 4130 μὲν
746 4061 914 4113 κακία
953 4062 1142 4132 χρυσῷ
1174 4080 1233 4115 τε
1284 4068 1779 4137 κατεσκευασμένη

175 4152 284 4205 καὶ
308 4153 499 4221 ὅρμοις
529 4154 716 4224 ἐσθῆτί
744 4172 803 4207 τε
830 4156 1191 4228 ἁλιπορφύρῳ
1242 4160 1337 4212 καὶ
1361 4162 1594 4230 παρειᾶς
1620 4162 1774 4215 ἄνθει

176 4245 288 4298 καὶ
316 4246 510 4314 χαίτης
564 4248 900 4311 ἀναπλοκαῖς
950 4250 1044 4302 καὶ
1070 4255 1309 4320 γραφαῖς
1324 4253 1592 4322 όμμὰτων
1623 4269 1636 4283 ·
1662 4253 1779 4307 ἔστι

177 4337 234 4391 δ’
290 4338 429 4407 αὐτῇ
453 4339 500 4368 ’⁵
551 4340 646 4391 καὶ
698 4338 933 4409 χρυσοῦν
983 4340 1197 4396 πέδιλον
1227 4357 1243 4371 ⁸
1310 4344 1621 4414 γέγραπται
1670 4348 1779 4417 γὰρ

181 4430 293 4485 καὶ
329 4431 504 4500 τούτῳ
521 4430 565 4461 ’⁸
624 4430 940 4486 ὲνσοδοῦσα.
985 4433 1048 4484 Ἦ
1099 4432 1142 4486 δ’
1205 4434 1376 4504 ἀρετὴ
1422 4438 1777 4508 πεπονηκυίᾳ

186 4522 298 4594 μὲν
362 4522 700 4594 προσφερὴς,
750 4523 923 4593 τραχὺ
984 4524 1040 4577 δὲ
1094 4525 1282 4594 ὁρῶσα
1342 4526 1434 4579 τὸν
1484 4529 1700 4597 αὐχμὸν
1730 4530 1776 4560 ³⁸

1895 3331 1994 3386 dit.
2058 3330 2164 3386 Sed
2222 3341 2343 3385 erat
2415 3332 2713 3400 agrestiore
2784 3331 3003 3400 ingenio
3074 3346 3139 3386 ac
3194 3333 3463 3398 praeduro.

1897 3421 2057 3477 Visus
2098 3434 2181 3479 est
2226 3434 2280 3479 et
2310 3425 2700 3493 gymnasticam
2745 3425 2878 3478 scite
2928 3423 3192 3493 attigisse.
3240 3421 3469 3489 Expedit

1892 3517 2120 3585 sapienti
2156 3532 2347 3585 purum
2401 3532 2523 3571 esse
2552 3532 2581 3569 a
2611 3517 2755 3581 cibo,
2797 3517 2890 3585 qtti
2945 3518 3113 3583 spirat
3165 3516 3465 3580 libidinem,

1891 3622 2011 3677 quae
2042 3623 2137 3675 per
2168 3608 2354 3661 oculos
2397 3609 2542 3662 venit
2576 3624 2588 3659 :
2623 3618 2677 3662 et
2723 3608 3009 3670 invidiam,
3051 3622 3169 3676 quae
3209 3609 3464 3674 magistra

1894 3698 2107 3765 iujustis
2155 3699 2563 3753 contentionum
2627 3714 2689 3754 ac
2741 3700 3137 3753 dissensionum
3184 3709 3287 3752 est.
3351 3699 3464 3754 Non

1892 3799 2014 3856 eget
2046 3790 2245 3845 veritas
2276 3791 2717 3854 incantamentis,
2749 3800 2805 3845 et
2827 3800 2943 3857 arte
2976 3791 3233 3845 violenta.
3265 3790 3465 3843 Vitium

1891 3895 2025 3933 auro
2079 3889 2329 3933 ornatum
2392 3890 2447 3932 et
2504 3880 2785 3947 torquibus
2855 3890 3115 3949 vesteque
3173 3896 3466 3949 purpurea,

1891 3986 2152 4040 genarum
2201 3972 2417 4034 rubore,
2468 3970 2805 4038 criniuutque
2833 3970 3130 4035 cincinnis,
3168 3972 3469 4024 oculorum-

1889 4078 1992 4131 que
2022 4063 2314 4128 coloribus,
2343 4071 2397 4115 et
2426 4062 2605 4114 aureis
2632 4061 2828 4116 calceis
2863 4062 3168 4128 petulanter
3196 4064 3466 4130 depictqu

1888 4163 1972 4207 est
2020 4172 2034 4207 :
2096 4154 2267 4207 virtus
2330 4166 2459 4206 vero
2506 4152 2775 4207 laboriosa
2836 4152 3034 4225 33m:
3073 4154 3323 4222 adjuncta
3385 4162 3471 4207 cst

1891 4246 2111 4299 horrido
2158 4245 2423 4313 aspectui,
2466 4243 2647 4298 studet
2698 4244 2953 4312 squalore
3005 4245 3215 4310 ornari,
3252 4259 3349 4297 nec
3387 4244 3469 4296 la-

1889 4352 2036 4393 nam.
2092 4352 2209 4405 qua!
2261 4337 2329 4389 ab
2382 4337 2621 4391 animato
2677 4337 2946 4404 carpitur,
2998 4347 3195 4406 gestat.
3254 4336 3466 4392 Etenim

1888 4429 2000 4481 visa
2030 4439 2112 4482 est
2147 4428 2278 4480 mihi
2323 4427 2601 4481 hominum
2647 4426 3151 4495 superstitiosorum
3179 4442 3323 4490 esse,
3374 4431 3466 4493 qui

1888 4530 2121 4574 mentem
2149 4535 2335 4590 puram
2359 4519 2578 4583 habent,
2610 4519 2764 4587 cujus
2790 4518 3193 4582 immortalitas,
3226 4529 3279 4570 et
3312 4518 3468 4572 initio

186 4590 543 4685 πεποιημένη
560 4590 605 4649 ’θ
636 4590 942 4687 κόσμημα.
997 4590 1196 4671 Οὐδὲ-⁸⁸
1224 4617 1368 4685 ἔριον
1405 4619 1432 4672 ὃ
1461 4590 1779 4691 ἀπό-έμψύ-

1891 4615 2131 4667 carentia
2180 4612 2547 4680 generationis
2582 4610 2778 4664 fontes.
2827 4610 3143 4679 Apollonius
3172 4610 3243 4662 ait
3282 4627 3296 4662 :
3345 4610 3469 4664 Herc

187 4708 364 4776 χωνη
404 4707 634 4777 ἐπέχθη.
664 4709 770 4760 Καί
806 4726 896 4778 μοι
931 4708 1109 4773 ἔδοξεν
1151 4710 1361 4780 ἀνδρῶν
1414 4707 1555 4766 εἶναι
1593 4731 1780 4783 περιτ-

114 4812 117 4813 '
187 4797 308 4851 τῶν
330 4799 397 4852 τὰ
422 4800 541 4854 θεῖα
588 4801 769 4869 ψυχήν
793 4817 851 4852 τε
887 4800 903 4830 ¹
940 4801 1139 4869 ἄριστα
1189 4802 1637 4871 ὲπεσκεμμένων,
1671 4800 1737 4874 ἦς
1759 4806 1779 4835 ³

184 4891 258 4944 τὸ
285 4892 549 4945 ἀθάνατον
579 4909 641 4944 τε
669 4894 764 4944 καὶ
817 4892 1115 4960 ἀγέννητον
1164 4894 1340 4961 πηγαὶ
1389 4895 1684 4961 γενέσεως.
1718 4897 1777 4949 Ὀ

200 4980 607 5045 Ἀπολλώνιός³
636 4999 790 5052 φησι,
846 4981 1020 5034 ταῦτά
1068 5000 1133 5051 με
1166 4984 1271 5053 πρὸ
1326 4985 1523 5051 ὑμῶν’⁵
1551 4986 1638 5037 ἐπ’
1680 4988 1779 5038 Ἰν-

182 5070 321 5134 δοὺς
375 5071 620 5143 ἔτρεψεν,
657 5070 1030 5142 ἐνθυμηθέντα
1080 5071 1154 5135 ὡς
1180 5073 1497 5145 λεπτότεροι
1532 5077 1634 5146 μὲν
1684 5078 1778 5148 τὴν

1892 4721 1977 4759 me
2004 4706 2069 4759 ad
2104 4703 2263 4759 ludos
2292 4705 2561 4757 duxerunt
2594 4703 2949 4771 cogitantem,
2982 4703 3109 4772 quia
3157 4702 3472 4757 subtiliores

1890 4797 2163 4851 intellectu
2208 4794 2343 4849 tales
2390 4795 2639 4849 homines
2683 4793 2992 4862 purioribus
3028 4792 3275 4861 occupati
3325 4795 3474 4860 0οεί-

1885 4887 2200 4948 tationibus.
2236 4886 2477 4940 veriores
2503 4885 2554 4937 in
2579 4883 2924 4953 opinionibus
2945 4883 3012 4939 de
3041 4882 3144 4936 diis
3166 4892 3219 4936 et
3251 4892 3469 4947 natura,

1889 4980 2040 5049 quasi
2075 4979 2232 5033 vicini
2262 4978 2366 5031 diis
2398 4987 2451 5031 et
2482 4976 2549 5029 ad
2588 4976 2739 5030 initia
2771 4975 3001 5033 vivificat
3036 4983 3090 5028 et
3117 4974 3306 5031 ualidm
3337 4973 3470 5029 solis

1891 5071 2210 5127 substantia:
2271 5070 2598 5124 habitantes.
2672 5066 2779 5124 Sed
2835 5076 2890 5121 et
2945 5081 3127 5121 arenas
3188 5080 3473 5121 numerum

1553 5213 1790 5271 VARUE
1828 5210 2235 5266 LEiZ'l‘lONES.

273 5300 321 5374 εξ
348 5302 395 5352 εί
428 5302 549 5374 μὲν]
579 5317 654 5362 ιν.
684 5304 776 5359 ει.
878 5301 922 5374 εξτ
960 5296 1163 5374 λόγῳ]
1188 5315 1260 5364 ιν,
1298 5300 1387 5374 24-

1496 5303 1794 5375 ῗδῷπηνίκα]
1831 5321 1901 5367 tv,
1930 5304 2020 5356 25.

2101 5304 2143 5334 ⁶⁹
2180 5298 2399 5371 σοφιαν]
2427 5297 2624 5371 tv,_2_b.
2701 5294 2748 5326 "°
2771 5289 2842 5371 ἦν
2994 5314 3087 5371 tv,_
3125 5293 3264 5371 '56.__
3289 5293 3332 5326 '"
3363 5294 3474 5371 δεῖ..

187 5368 323 5440 σας]
350 5364 549 5445 ῐνίῦἰί
611 5374 655 5445 τῗ
687 5374 814 5445 περὶ
842 5370 966 5445 μὲν]
999 5364 1069 5445 [ἓν
1104 5364 1191 5445 ὅδε
1219 5373 1319 5445 .-⁷³
1355 5373 1463 5445 γὰρ
1484 5372 1604 5445 AB:
1633 5364 1794 5445 "res:
1841 5364 1896 5405 ’δ’
1916 5375 2134 5445 ἀρχεῖον
2168 5374 2227 5425 Β·
2255 5364 2333 5445 ’Ψ
2367 5364 3165 5445 ξπῖ.βλέπει..⁷⁶⁷ἀέλῦκωΑ;,
3219 5364 3470 5445 ’ἶέἒαῖνῆἱ

185 5438 403 5513 anna.
455 5443 521 5513 7'7”
549 5445 597 5495 οἱ
628 5442 707 5513 δὲ]
740 5438 772 5496 v
794 5484 808 5507 ,
834 5438 923 5496 14.
948 5438 965 5441 ⁷
1001 5440 1046 5470 ⁷⁸
1081 5438 1266 5513 καὶτὰ]
1302 5438 1473 5513 v.25.

184 5528 268 5584 v,_
294 5510 382 5563 '56.
448 5512 495 5542 ⁸³
543 5510 707 5579 ἥκων
724 5518 1029 5584 correctum
1052 5582 1059 5584 Α
1080 5511 1131 5562 in
1161 5511 1228 5584 ΑἸ
1256 5510 1261 5511 “
1305 5512 1353 5549 ⁸δ
1382 5513 1582 5583 ᾔκαλλε
1610 5515 1685 5584 (ν,
1715 5510 1802 5584 4-2)

550 5573 596 5621 ⁸³
618 5584 817 5653 ἥττητο
844 5584 898 5636 Β.
972 5583 1015 5614 ⁸9
1038 5582 1176 5653 ἔρως
1201 5581 1244 5631 Α
1272 5573 1492 5649 εὲτέρως
1522 5602 1582 5647 ς.
1617 5573 1694 5617 ’θδ
1720 5603 1779 5637 τε

1894 5587 1928 5637 t.
1956 5586 2064 5638 AC.
2130 5585 2174 5617 ει
2209 5573 2436 5635 ἀτέκνου
2466 5573 2532 5632 Α.
2557 5578 2602 5608 θ’
2631 5575 2689 5628 δὲ
2725 5574 2853 5653 add.
2888 5577 2947 5631 Β.
3015 5578 3062 5653 ξι
3088 5573 3335 5653 ἀπχροῆ]
3367 5573 3469 5653 vi,

550 5584 898 5671 δι

196 5650 289 5724 10.
361 5655 415 5724 _"f
450 5652 563 5706 ἔστι
593 5650 649 5707 δί
689 5650 827 5724 αὑτῇ
861 5668 970 5709 om.
1020 5652 1132 5707 AB.
1219 5654 1263 5685 ⁸³
1313 5653 1471 5724 τοῦτο
1499 5672 1557 5717 ς.

189 5792 362 5861 ἡμῶν
398 5811 458 5858 ς.

1552 5444 1599 5478 ⁸⁰
1629 5444 1733 5514 ὅτι]
1759 5462 1810 5509 v,
1857 5445 1946 5497 27.

1861 5532 1970 5569 om.
2021 5513 2127 5569 AB.
2194 5507 2247 5552 ’8³
2279 5511 2396 5581 καὶ]
2432 5527 2503 5574 v1,

1657 5659 1705 5690 95
1746 5657 1837 5694 ηὲιυ
1874 5658 1927 5694 δὲ
1982 5657 2189 5694 ηιίνιιλυ
2224 5671 2259 5694 ξ·

196 5656 289 5707 10.
368 5656 415 5685 ’⁸
450 5656 640 5707 ἔστιδ’
689 5656 827 5724 αὐτῇ
861 5668 970 5709 om.
1020 5656 1132 5707 AB.
1219 5656 1263 5685 ⁸³
1313 5656 1471 5706 τοῦτο
1499 5672 1557 5717 ς.
1657 5659 1705 5690 ³⁸
1746 5656 1837 5707 τὸν
1874 5658 1929 5707 δὲ
1982 5656 2189 5724 αὐχμὸν
2224 5671 2281 5717 ς.
2377 5656 2421 5684 ⁸⁷
2458 5656 2805 5714 πεπονημενη
2830 5662 2892 5709 ς·
2993 5656 3039 5686 ⁸⁵

184 5725 247 5801 '1’
269 5720 516 5801 ἐμψύχου
550 5742 609 5789 ς.
691 5726 707 5757 ¹
739 5723 918 5797 ψυχήν
947 5739 1003 5780 τε
1032 5727 1112 5776 A:
1156 5726 1334 5797 ψυχὴν
1379 5722 1436 5776 δὲ
1482 5742 1542 5788 ς.
1622 5734 1640 5763 ³
1812 5722 1891 5787 οἷς
1935 5724 1975 5777 Β
2004 5736 2056 5783 ct
2096 5742 2243 5781 corr.
2288 5723 2352 5778 Α.
2423 5723 2495 5776 ³ὁ
2537 5712 2777 5785 Ἀπολλ.]
2830 5731 2882 5785 p.
2915 5718 3042 5775 2M.

2050 5447 2095 5516 ³1
2138 5441 2418 5516 τηλικάοτῆε
2446 5434 2497 5492 A‘
2532 5434 2899 5516 τ.πηλίέος.δὲ
2952 5456 3024 5516 ει.
3196 5434 3473 5516 earl-ca

2714 5504 2761 5535 ⁸⁸
2786 5505 2884 5573 τῆς
2921 5508 3048 5563 add.
3076 5507 3142 5560 A.
3238 5505 3283 5537 ⁸⁷
3316 5504 3471 5574 tinget:-

2993 5648 3039 5686 ⁸⁸
3068 5646 3210 5709 οὐδὲ]
3245 5663 3318 5707 v1,
3381 5646 3470 5701 Η.

2377 5654 2421 5684 ⁸⁷
2458 5645 2805 5725 πεπονημένη
2830 5662 2892 5709 ς.
2993 5648 3039 5686 ⁸⁸
3068 5645 3211 5733 οὐδὲ]
3245 5645 3332 5727 vt,
3381 5646 3470 5701 Η.

2423 5723 2442 5753 ³
2467 5724 2495 5776 ὁ
2537 5712 2777 5785 Ἀποι.λ.]
2830 5731 2882 5785 p.
2915 5718 3042 5775 2M.
3144 5720 3165 5751 δ
3192 5732 3346 5786 υμων
3387 5716 3471 5777 B:
