3954 6428
138 386 278 450 1249

1174 374 1700 436 BIBLIOTHECA.
1737 398 1807 411 -
1845 374 2008 433 COD.
2041 375 2318 434 CCXLll.

3280 375 3415 437 127:0

130 499 253 553 κίεις
272 495 318 527 ³³
340 510 400 548 τε
427 491 520 546 ἐπὶ
550 490 661 544 τῶν
700 487 989 559 ἁμαξῶν³⁵
1015 488 1307 545 πέπανται.
1356 489 1565 559 ζΊστροι
1590 505 1652 541 τε
1664 488 1707 519 ³³

1820 484 2018 541 Ionium
2051 486 2229 541 intuiti
2262 495 2411 549 sunt,
2454 486 2603 542 illius
2635 500 2765 544 vero
2789 486 2989 544 faciem
3030 500 3411 577 suSpexernnt,

127 592 235 661 γὰρ
253 587 451 647 αὐτοὺς
472 585 569 638 καὶ
597 581 862 644 Τανάῖδες
890 580 1165 654 ὁρίζουσιν
1186 582 1247 634 ού
1274 582 1319 613 ³⁸
1350 581 1524 652 ῥᾴδιοι
1553 597 1715 634 ποτα-

131 682 221 750 po‘i
254 676 586 747 ὑπερδῆναι.
630 673 853 743 Ἐώρων
876 673 919 704 ³⁷
951 674 1049 743 μὲν
1079 674 1142 735 δὴ
1166 674 1222 736 ἐς
1246 673 1338 726 τὸν
1354 671 1713 726 Ἀπολλώνιον

130 774 330 833 πάντες
360 786 374 799 ·
425 766 594 822 άῗιτοῦ
652 784 712 819 τε
760 765 871 835 γὰρ
905 765 1000 818 τοῦ
1053 766 1332 836 σχήματος
1380 765 1424 797 ³⁸
1478 764 1713 819 ἀπεϐλέ-

129 881 259 915 πετο
280 863 324 894 ³⁸
355 902 370 927 ,
419 864 514 912 καὶ
569 858 688 911 θεία
734 857 909 910 ἐδόκει
954 858 987 926 ὴ
1011 858 1139 928 περὶ
1162 856 1240 926 τῷ
1270 856 1400 909 εῖδει
1428 856 1710 925 ἔκπληξις.

136 953 310 1025 ’Υπὲρ
363 952 463 1021 μὲν
512 951 612 1019 τῆς
667 950 874 1018 κουρᾶς
902 940 1199 1017 ἐλελήθειν,
1226 940 1271 1001 ὧ
1301 946 1549 1017 βασιλεῦ,
1583 947 1709 1016 ἔφη,

129 1065 195 1099 πε
204 1048 257 1117 ρ).
275 1046 319 1076 ⁸⁸
340 1048 460 1107 ταῖς
491 1042 635 1113 θριξὶ
656 1041 1005 1096 κινδυνεύων.
1024 1042 1149 1093 Δεδε
1157 1041 1320 1109 μένου
1340 1041 1383 1072 δι
1415 1039 1509 1093 τοῦ
1526 1039 1714 1092 Ἀπολ.

129 1137 319 1189 λωνὶου
348 1133 656 1200 ἀφικνεῖταί
682 1142 767 1196 τις
811 1133 891 1195 είς
920 1130 980 1183 τὸ
1014 1131 1413 1201 δεσμωτήριον,
1454 1130 1516 1183 τὸ
1552 1146 1715 1200 προς-

131 1227 305 1282 ελθείν
335 1226 485 1296 αὐτῷ
526 1224 800 1293 ἐωνῆσθαι
858 1223 1108 1292 φάσκων,
1135 1221 1436 1292 ξύμϐουλος
1457 1221 1513 1274 δὲ
1538 1238 1715 1291 σωτη-

134 1314 562 1390 ρίαςῆκεινῘΗν
587 1316 762 1388 μὲνδὴ
783 1316 1152 1388 Συρακούσιος
1183 1308 1358 1379 οὗτος,
1387 1312 1716 1384 Δομετιανοῦ

132 1410 183 1462 δὲ
213 1408 339 1470 νοῦς
366 1424 425 1460 τε
454 1406 549 1460 καὶ¹
601 1405 839 1475 γλῶττα.
884 1404 1134 1471 Ἐγένετο
1152 1403 1196 1434 ⁸⁸
1224 1403 1418 1457 Πύθων
1442 1405 1471 1456 ό
1509 1403 1716 1469 Βυζάν-

130 1516 237 1562 τιος
282 1498 486 1566 ἀγαθὸς
545 1499 732 1570 ῥήτωρ
754 1497 801 1528 ⁸⁸
836 1496 930 1548 τοῦ
985 1497 1134 1549 κακά
1181 1496 1413 1549 πείθειν.
1451 1496 1521 1547 Ἦ
1554 1494 1718 1566 τὴνδδ

130 1590 306 1660 κόμην
338 1588 523 1661 ἔτερόν
554 1606 607 1641 τι
633 1588 765 1659 παρ’
790 1588 818 1639 ὃ
848 1587 1015 1640 ἔστιν·
1048 1586 1264 1651 ἔστιδὲ,
1310 1581 1485 1656 οἶμαι,
1508 1584 1719 1655 ὴλιῶσά

127 1698 185 1734 τε
220 1682 316 1734 καὶ
364 1679 764 1749 ὑποφαίνουσα.
810 1678 974 1751 [1028
1006 1676 1099 1748 3.]
1150 1676 1291 1746 Ἐγὼ
1307 1677 1353 1709 ⁸⁵
1382 1677 1439 1731 δὲ
1467 1677 1526 1729 οὑ
1557 1677 1718 1746 μόνον

126 1774 186 1826 οὐ
248 1772 511 1844 προσῄειν
537 1772 582 1803 ⁸⁸
637 1772 778 1842 ὑπὲρ
840 1771 1181 1843 χρημάτων,
1238 1770 1375 1824 ἀλλά
1430 1768 1718 1833 κάκείνους

1816 588 1867 631 et
1898 578 2075 631 divina
2103 577 2350 646 quedam
2388 578 2439 632 in
2472 577 2612 635 facie
2641 580 2760 650 ejus
2808 582 3019 650 species
3042 581 3228 637 oculos
3273 598 3416 652 prae-

1815 671 2126 741 stinguebnt
2160 688 2179 724 :
2217 669 2285 724 Ut
2324 672 2595 736 tonderer,
2622 674 2767 739 veni,
2798 675 2993 744 inquit,
3024 690 3057 729 ο
3088 690 3205 740 rex,
3238 678 3303 731 de
3325 692 3417 731 ca-

1820 765 1960 833 pillis
1980 764 2314 834 periclitans.
2348 765 2634 833 Apolionio
2672 766 2857 821 vincto
2890 768 3191 833 ingreditur
3220 769 3418 839 aliquis
3502 844 3509 851 Ι

1822 869 2093 921 carceres,
2126 855 2317 910 dicens
2334 870 2393 909 se
2426 856 2626 911 emisse
2654 858 2849 925 pretio,
2878 868 2935 911 ut
2966 860 3017 912 in
3048 874 3322 915 carcerem
3346 862 3417 916 ad

1822 950 1971 1004 illum
2000 950 2206 1004 aditum
2246 949 2492 1012 daretur,
2519 957 2574 1003 et
2632 950 2817 1003 venire
2843 958 2900 1003 ut
2941 952 3008 1004 de
3036 952 3208 1005 salute
3236 951 3417 1006 consi-

1818 1042 1950 1097 lium
1987 1041 2160 1096 daret.
2192 1040 2325 1095 Erat
2353 1041 2442 1095 hic
2465 1038 2859 1111 Syracusanus,
2891 1041 3343 1098 Domitianimens
3359 1054 3416 1100 et

1818 1132 2020 1203 lingua.
2043 1131 2255 1203 Python
2280 1143 2465 1187 orator
2485 1132 2820 1200 Byzantinus
2849 1141 3007 1203 aptus
3028 1144 3146 1188 erat
3176 1136 3241 1188 ad
3272 1138 3413 1191 mala

1818 1223 2213 1295 persuadenda.
2236 1219 2333 1275 Vel
2358 1235 2568 1276 comam
2593 1220 2792 1290 aliquid
2824 1231 3019 1290 praeter
3052 1223 3103 1275 id
3124 1225 3268 1292 quod
3286 1234 3367 1279 est
3397 1239 3413 1278 :

1819 1325 1903 1371 est
1931 1330 2083 1379 vero,
2118 1325 2177 1367 ut
2199 1326 2348 1383 puto,
2372 1315 2563 1384 vigens
2587 1322 2642 1367 et
2672 1314 2979 1384 splendens.
3005 1315 3118 1382 Ego
3152 1330 3281 1371 vero
3309 1331 3413 1370 non

1821 1405 1995 1461 solum
2022 1404 2317 1461 convenire
2348 1420 2444 1474 pro
2478 1406 2744 1473 pecuniis,
2778 1409 2871 1461 sed
2902 1406 3021 1461 illus
3060 1408 3262 1475 expuli,
3299 1418 3416 1462 tan-

1820 1510 1982 1565 quam
2010 1510 2116 1551 non
2142 1510 2327 1551 sanos.
2362 1496 2477 1566 Ego
2512 1497 2687 1552 adhuc
2728 1498 2943 1565 juvenis
2991 1509 3211 1567 pr0pter
3247 1514 3414 1568 pecu-

1823 1587 1965 1639 niam
2006 1585 2197 1640 irrisus
2248 1600 2387 1651 sum,
2422 1594 2644 1655 paterna
2706 1588 2843 1641 bona
2898 1588 3033 1642 satis
3080 1589 3258 1659 ampla
3305 1604 3413 1644 uno

1819 1676 1995 1733 solum
2026 1677 2132 1732 vidi
2150 1676 2348 1747 335a
2370 1677 2458 1733 die
2477 1694 2496 1732 :
2522 1678 2779 1734 fratribus
2805 1680 2939 1734 meis
2968 1680 3178 1750 reliqui,
3203 1690 3257 1736 et
3272 1682 3412 1734 ami-

1825 1768 1925 1834 cis,
1956 1778 2011 1823 et
2029 1772 2277 1837 cognatis
2300 1769 2651 1839 pauperibus.
2677 1771 2948 1839 Sapientis
2975 1772 3074 1826 viri
3096 1788 3265 1827 comae
3286 1787 3413 1841 par-

129 1838 330 1919 ὲώθουν
497 1864 595 1935 οὐχ
646 1838 1009 1933 ὑγιαίνοντας.
1073 1861 1451 1933 Διεὸεὸλήμην
1486 1863 1543 1916 δὲ
1578 1863 1714 1932 πρὸς

1823 1865 1912 1910 cat
1943 1855 2146 1910 ferrum
2178 1872 2192 1909 :
2223 1838 2331 1910 non
2354 1838 2498 1911 enim
2532 1857 2660 1911 illud
2694 1860 2984 1914 admovere
3006 1860 3155 1925 licet,
3175 1862 3264 1915 ubi
3287 1838 3411 1916 om-

128 1958 385 2026 χρήματα
445 1957 734 2025 μειράκιον
787 1954 866 2006 ἔτι
897 1953 997 2007 ὧν.
1023 1954 1104 2006 Τὰ
1124 1952 1254 2022 γοῦν
1286 1952 1518 2025 πατρῴα
1553 1953 1717 2024 (λαμ-

128 2044 238 2114 πρά
273 2045 316 2097 δ’
339 2039 408 2114 ἦν
448 2042 606 2097 ούσία
653 2043 850 2112 ταῦτα)
908 2045 1040 2113 μιᾶς
1092 2043 1265 2113 μόνης
1325 2042 1450 2096 ίδὼν
1499 2043 1717 2115 ἡμέρας

128 2136 373 2203 ἀδελφοῖς
399 2152 457 2188 τε
486 2136 600 2198 τοῖς
624 2134 867 2203 ἐμαυτοῦ
903 2134 1085 2204 ἀνῆκα
1116 2134 1212 2187 καὶ
1242 2132 1420 2203 φίλοις
1454 2137 1551 2187 καὶ
1605 2134 1717 2188 τῶν

130 2227 401 2296 ξυγγενῶν
450 2229 564 2290 τοῖς
612 2228 860 2296 πένησιν.
932 2225 1103 2295 Σοφοῦ
1123 2226 1167 2258 ’⁵⁷
1195 2225 1253 2279 δὲ
1283 2225 1481 2296 ἀνδρὸς
1538 2225 1717 2298 κόμης

127 2318 393 2387 φειδέσθω
440 2317 674 2387 σίδηρος·
737 2318 796 2369 ού
855 2318 962 2388 γὰρ
1007 2317 1228 2388 θεμιτὸν
1270 2317 1500 2387 ἐπάγειν
1546 2318 1710 2372 αὐτὸν

125 2399 240 2463 ei)“
273 2412 444 2463 πᾶσαι
500 2409 598 2480 μὲν
653 2409 1027 2481 αἰσθητηρίων
1082 2410 1279 2480 πηγαὶ,
1331 2412 1504 2465 πᾶσαι
1528 2411 1585 2464 δὲ
1604 2412 1708 2481 ὀμ-

126 2504 219 2573 φαὶ
236 2503 285 2535 ³³
319 2502 477 2572 εὐχαί
503 2518 563 2553 τε
594 2502 977 2570 ἀναφαίνονται
1035 2503 1130 2557 καὶ
1179 2502 1374 2573 σοφίας
1432 2504 1708 2576 ἑρμηνεὺς

123 2596 301 2663 λόγος.
356 2593 602 2665 Νερούαν
621 2595 666 2625 ⁵ο
717 2594 770 2647 δὲ
818 2595 1027 2659 ἄξιονδί
1079 2596 1177 2665 μὲν
1236 2598 1412 2668 ἀρχῆς
1461 2596 1705 2668 ἡγοῦμαι

1817 1963 1914 2003 nes
1946 1961 2204 2003 sensuum
2232 1946 2432 2013 fontes,
2462 1948 2645 2003 omnia
2678 1959 2820 2014 vota,
2850 1958 2906 2003 et
2941 1950 3160 2005 oracula
3196 1952 3413 2022 conspi-

1815 2042 2054 2105 ciuntur,
2078 2050 2136 2096 et
2163 2042 2338 2095 oratio
2368 2041 2647 2110 sapientiae
2680 2042 2971 2110 interpres.
3006 2040 3240 2097 Nervam
3274 2059 3413 2114 quo-

1816 2132 1899 2185 vis
1929 2133 2154 2201 imperio
2176 2132 2396 2203 dignum
2426 2141 2579 2203 puto,
2614 2141 2670 2187 et
2692 2134 2839 2186 oumi
2871 2135 3113 2190 oratione
3126 2135 3281 2191 bonis
3310 2151 3412 2191 vo-

1820 2224 1889 2278 tis
1916 2233 2301 2293 prosequente.
2328 2224 2653 2279 Bellatorem
2683 2225 2849 2285 enim,
2880 2241 3137 2281 curarum
3161 2241 3267 2281 non
3303 2227 3413 2281 uti-

1819 2314 1925 2371 lem
1961 2316 2091 2370 dicit
2107 2316 2441 2384 Apollonius.
2458 2315 2716 2385 Euphrati
2740 2316 3003 2373 adulatori
3032 2320 3160 2388 quid
3180 2321 3298 2374 dico
3317 2335 3411 2390 pe-

1815 2408 2005 2473 cunia,
2025 2409 2132 2462 imo
2154 2407 2326 2464 fontes
2344 2420 2469 2463 sunt
2486 2409 2790 2464 divitiarum
2817 2426 2832 2462 :
2858 2421 2914 2465 et
2928 2416 2980 2464 in
3005 2412 3203 2467 mensis
3221 2413 3413 2482 dispu-

1816 2507 2081 2567 tatcaupo
2126 2500 2461 2565 administer,
2482 2501 2796 2571 publicanus
2817 2544 2832 2569 ,
2862 2503 3132 2559 fenerator
3158 2520 3173 2557 :
3223 2506 3409 2559 omnia

1814 2593 2008 2659 factus,
2044 2603 2099 2648 et
2142 2594 2355 2647 vendita
2395 2604 2449 2647 et
2488 2597 2795 2651 vendentia.
2825 2596 3233 2668 lmpressusque
3259 2614 3407 2653 sem-

124 2686 307 2756 πάσης
352 2687 444 2736 καὶ
488 2685 648 2751 λόγου
700 2685 903 2748 παντὸς
932 2686 1214 2755 εὐφημίαν
1234 2688 1516 2757 ἦκοντος⁵¹
1552 2688 1702 2755 ἀγω-

123 2778 313 2849 νιστὴν
342 2777 398 2830 δὲ
466 2776 762 2846 φροντίδων
822 2777 883 2829 οὐ
941 2778 1180 2847 χρηστὸν
1209 2778 1255 2810 ⁸³
1284 2781 1312 2833 ό
1350 2778 1708 2842 Ἀπολλώνιός

124 2887 277 2940 φησι.
314 2867 463 2938 Τῷ⁸⁵
490 2867 597 2937 γὰρ
641 2868 901 2938 Εὐφράτῃ
949 2869 1013 2920 ὲκ
1063 2867 1157 2921 τοῦ
1214 2868 1530 2923 κολακεύειν
1586 2869 1712 2932 τοὺς

1824 2884 2055 2941 pascens
2082 2871 2346 2940 pecuniis,
2370 2874 2809 2949 etacuensinme
2842 2876 3099 2944 linguam,
3129 2893 3248 2947 quae
3308 2895 3415 2935 me-

121 2957 381 3022 δυνατοὺς
441 2959 493 3012 τί
556 2960 699 3027 λέγω
745 2961 1045 3030 χρήματα;
1091 2961 1271 3031 πηγαὶ
1325 2962 1423 3031 μὲν
1470 2958 1564 3016 οὖν
1607 2964 1714 3016 eici.

1824 2973 1977 3017 retur
2009 2964 2276 3017 exsecari.
2325 2963 2589 3020 Juventus
2626 2967 2784 3035 digna
2812 2978 2925 3021 erat
2961 2970 3203 3022 omnium
3237 2971 3415 3025 admi-

123 3047 386 3102 πλούτουο
429 3050 564 3103 κάπὶ
594 3051 703 3106 τῶν
756 3052 1046 3121 τραπεζῶν
1101 3051 1203 3122 ἢδη
1259 3051 1588 3121 διαλέγεται,
1615 3056 1714 3108 κά-

1824 3060 2055 3123 ratione,
2082 3070 2138 3113 et
2176 3060 2240 3113 ad
2277 3061 2672 3129 philosophiam
2708 3064 2994 3116 admodum
3033 3064 3321 3133 proclivis,
3356 3076 3413 3121 et

123 3138 312 3206 πηλος,
372 3139 721 3210 ὑποκόιπηλος
753 3180 767 3204 ,
792 3140 1031 3211 τελώνης
1054 3183 1068 3205 ,
1099 3142 1492 3214 όϐολοστάτηςς,
1526 3146 1704 3201 πάντα

1820 3149 1865 3203 in
1886 3150 2031 3204 nulla
2052 3151 2182 3204 urbe
2202 3151 2525 3219 injucundus
2542 3154 2778 3218 erat,sed
2796 3157 2989 3226 dignus
3006 3161 3096 3227 qui
3117 3169 3409 3217 amaretur.

124 3230 404 3303 γινόμενος
433 3230 501 3285 τὰ
536 3232 862 3301 πωλούμενα
896 3250 957 3286 τε
990 3235 1086 3287 καὶ
1145 3234 1453 3289 πωλοῦντα.
1527 3236 1934 3293 Ἑντετύπωται
1969 3241 2013 3293 δ’
2047 3242 2134 3294 ἀεὶ
2165 3246 2286 3306 ταῖς
2315 3243 2426 3304 τῶν
2490 3245 2731 3298 δυνατῶν
2783 3248 2996 3319 θύραις,
3064 3253 3159 3304 καὶ
3250 3269 3416 3324 προς-

127 3324 353 3393 έστηκεν
408 3324 601 3387 αὐταῖς
663 3324 891 3395 πλέονῆ
943 3326 993 3378 οἱ
1042 3325 1303 3397 θυρωροί.
1359 3328 1711 3399 Ἐπιτειχίζει
1748 3331 1806 3384 δὲ
1834 3333 1929 3385 τὸν
1986 3334 2181 3386 ἑαυτοῦ
2234 3334 2465 3391 πλοῦτον
2498 3338 2728 3408 ἑτέροις,
2759 3340 2850 3394 τὸν
2911 3343 3208 3410 Αίγύπτιον
3283 3362 3410 3398 του.

127 3412 234 3465 τονὶ
270 3411 483 3482 βόσκων
536 3414 804 3484 χρήμασι,
855 3414 950 3467 καὶ
973 3413 1179 3480 όξύνων
1214 3418 1301 3470 ἐπ’
1364 3417 1467 3488 ἐμὲ
1503 3418 1749 3487 γλῶτταν
1823 3422 1983 3487 ἀξίαν
2035 3425 2427 3495 ἐκτετμῆσθαι.
2508 3429 2720 3501 Νεότης
2748 3433 2793 3465 ⁸⁸
2855 3434 3072 3502 ἐγένετο
3131 3436 3413 3507 θαυμάσαι

1814 2699 1910 2755 per
1922 2687 2217 2754 potentium
2227 2684 2429 2753 januis.
2448 2687 2599 2741 adest
2623 2687 2957 2758 frequentius
2974 2707 3132 2762 quam
3150 2694 3246 2763 ipsi
3263 2694 3411 2761 jani-

1818 2788 1985 2833 tores.
2013 2778 2260 2833 Custodit
2280 2778 2501 2833 divitias
2530 2796 2658 2835 suas
2702 2784 2822 2837 aliis
2846 2822 2861 2848 ,
2892 2784 3203 2855 Aﬂgyptium
3268 2790 3412 2842 hunc

126 3506 259 3575 ἄξιοι
287 3508 385 3562 τοῦ
422 3508 661 3579 πλήθους
682 3510 777 3563 καὶ
809 3509 909 3579 τῆς
959 3513 1018 3575 ἐς
1049 3512 1111 3565 τὸ
1152 3512 1463 3583 φιλοσοφεῖν
1503 3516 1708 3587 ὁρμῆς.
1748 3519 1863 3573 Καὶ
1898 3521 1956 3573 ὲν
1974 3522 2021 3552 ⁸⁸
2045 3521 2273 3594 οὐδεμιᾷ
2316 3524 2427 3577 τῶν
2477 3526 2691 3579 πόλεων
2782 3528 2954 3599 ἀηδὴς
3007 3529 3201 3599 δοκῶν,
3273 3530 3413 3587 ἀλλὰ

130 3602 222 3655 καὶ
247 3601 536 3657 ποθεῖσθαι
552 3603 595 3635 ⁸⁷
621 3599 793 3666 ἄξιος.

834 3694 988 3749 ΣΜΒ¹
996 3736 1012 3751 .

220 3806 534 3874 Ἰσιδώρου
566 3806 709 3873 ,βίος
740 3806 861 3863 ὑπὸ
892 3808 1243 3879 Δαμασκίου
1270 3812 1607 3880 συνταθείς.

194 3919 327 3992 [546
380 3919 477 3992 Η.]
520 3920 865 3993 ’Δνεγνώσθη
911 3923 978 3976 ὲκ
1025 3922 1119 3977 τοῦ
1159 3925 1456 3995 Ἰσιδώρου
1486 3929 1635 3994 βίου
1666 3930 1712 3965 η

126 4015 228 4069 τοῦ
251 4014 617 4085 φιλοσόφου.

192 4106 484 4174 Αἰγύπτιοι
528 4106 707 4159 τοίνυν
739 4107 822 4160 ὅτι
881 4107 980 4178 μὲν
1041 4108 1361 4165 παλαίτατοι
1412 4112 1714 4185 ἀνθρώπων

126 4200 282 4262 εἰσὶν,
316 4192 393 4251 νῶ
425 4198 470 4229 ⁸⁸
497 4198 633 4269 ἀκοῇ
666 4199 1032 4270 γινώσκομεν,
1063 4201 1244 4270 ὀλίγου
1274 4220 1326 4256 τι
1355 4205 1594 4273 πάντων,
1623 4209 1715 4261 ού-

126 4289 234 4352 δεὶς
260 4287 438 4351 οὕτως
465 4288 614 4341 ιστὶν
656 4287 935 4359 ὀψιμαθὴς
962 4290 1020 4353 ὃς
1040 4291 1086 4323 ⁸ο
1111 4292 1233 4362 οὐχὶ
1281 4292 1492 4346 πολλῶν
1513 4296 1717 4366 ἀκήκοε

126 4379 396 4447 λεγόντων
426 4396 487 4432 τε
513 4379 610 4432 καὶ
635 4379 979 4449 γραφόντων.
1017 4381 1163 4435 Εἷσω
1209 4384 1265 4436 δὲ
1294 4386 1325 4454 ὴ
1368 4389 1591 4457 τοιαύτη
1627 4403 1719 4441 σο-

130 4472 225 4540 φία
249 4472 606 4543 κρυπτομένη
634 4474 693 4526 ὲν
721 4471 800 4542 τῷ
834 4472 1014 4544 ἀδύτῳ
1039 4476 1138 4544 τῆς
1168 4478 1469 4547 μυθολόγου
1512 4480 1719 4551 ταύτης

128 4563 405 4633 ἀληθείας,
434 4562 606 4627 οὕτως
651 4564 833 4636 ἠρέμα
883 4568 1340 4637 παραγυμνοῶαι
1394 4572 1535 4624 κατά
1585 4571 1719 4643 βρα-

134 4654 196 4723 χὺ
223 4655 265 4687 ⁸⁸
316 4655 393 4725 τῷ
412 4655 696 4726 δυναμένῳ
726 4656 864 4727 πρὸς
903 4656 1027 4709 θεὸν
1077 4660 1361 4713 ἀνακλῖναι
1418 4664 1516 4733 τὴν
1570 4664 1721 4733 ἱερὰν

138 4747 305 4818 αὺγην
339 4747 436 4816 τῆς
455 4746 655 4818 ψυχῆς.
683 4747 806 4801 Ὀτι
848 4749 898 4801 οἱ
928 4750 1217 4819 Αίγύπτιοι
1239 4752 1490 4806 ὲσέὁοντο
1514 4754 1559 4784 ⁸³
1590 4754 1713 4808 θεὸν

2510 3707 2760 3765 CCXL".

1938 3818 2020 3871 Ex
2055 3818 2251 3874 lsidori
2275 3821 2569 3892 philosophi
2600 3824 2716 3877 Vita
2746 3824 3027 3879 Damascio
3058 3839 3293 3884 auctore.

1882 3929 2009 4000 Legi
2046 3930 2217 3986 Vitam
2247 3932 2445 3989 Iaidori
2470 3938 2766 4008 philosophi
2789 3940 2926 4010 (98).

1885 4111 2056 4168 Nemo
2079 4114 2212 4169 adeo
2230 4130 2353 4171 sero
2375 4115 2584 4171 discere
2615 4118 2803 4186 coepit,
2829 4120 3073 4190 tardique
3089 4135 3169 4177 est
3188 4124 3407 4194 ingenii,

1815 4205 1944 4274 quin
1960 4204 2073 4260 fere
2090 4222 2153 4260 ex
2172 4209 2426 4263 omnibus
2458 4219 2511 4262 et
2536 4210 2844 4267 dicentibus
2872 4224 2923 4266 et
2942 4215 3301 4269 scribentibus
3318 4234 3408 4269 au-

1817 4297 2000 4363 dierit,
2022 4296 2309 4369 Egyptios
2324 4303 2564 4355 omnium
2585 4313 2704 4371 post
2730 4304 2974 4357 homines
3002 4318 3156 4359 natos
3180 4322 3296 4360 esse
3322 4324 3416 4360 aus

1820 4389 2175 4455 tiquissimos.
2205 4390 2328 4446 Haec
2355 4408 2482 4446 vero
2502 4395 2763 4462 sapientia
2798 4395 3011 4448 intusin
3038 4398 3409 4464 penetralibus

1818 4478 2081 4536 fabulosa:
2112 4481 2257 4537 illius
2290 4486 2533 4538 veritatis
2568 4486 2908 4550 abscondita,
2937 4486 3071 4539 adeo
3089 4488 3228 4541 lente
3262 4503 3410 4541 rere-

1819 4571 1987 4638 Iatur,
2020 4591 2083 4629 eo
2114 4579 2254 4643 quod
2282 4578 2495 4632 divinus
2530 4580 2617 4632 ille
2640 4579 2834 4633 anima:
2862 4580 3120 4646 splendor
3150 4582 3214 4633 ad
3243 4582 3409 4637 Deum

1821 4666 2025 4718 sensim
2052 4668 2316 4723 duntaxat
2342 4671 2579 4723 converti
2612 4676 2801 4741 possit.
2835 4672 3049 4737 Colunt,
3071 4676 3274 4744 inquit,
3302 4693 3413 4747 pra:

1821 4758 2035 4812 cameris
2058 4759 2159 4813 diis
2178 4759 2418 4831 {Egyptii
2438 4760 2633 4815 Osirim
2664 4772 2714 4816 et
2740 4763 2887 4830 Isim;
2916 4765 3061 4819 illum
3084 4772 3267 4821 omnia
3287 4783 3413 4824 cou-

1431 4913 1668 4971 VARIAS
1698 4915 2107 4975 LECTIONES.

219 5022 264 5054 ³³
294 5018 471 5082 οίκίας
503 5017 525 5090 ]

133 5104 248 5163 vit.
281 5090 438 5163 _31._
508 5090 551 5125 ⁸⁸
582 5093 644 5145 τὸ
696 5097 883 5163 σχῆμα
941 5090 1086 5151 corr.
1140 5090 1204 5154 Ἀ.

132 5160 171 5190 δ’
200 5158 441 5231 ἐγένετο]
500 5174 597 5222 VII,
643 5165 731 5218 37.

132 5232 531 5308 πρρσῂκεινης.
632 5234 680 5308 ξζ
729 5232 919 5308 σοφοῦ]
953 5232 1147 5301 vim—7,
1176 5232 1227 5295 (i.

133 5298 362 5373 :‘ﬁgiqy
636 5300 680 5331 ⁵²
704 5298 999 5373 ἀνήκοντος

129 5364 220 5441 ξι.
297 5370 340 5403 ⁸⁷
371 5371 606 5441 ποθῆσαι
640 5387 703 5435 ς.

128 5433 243 5489 δυν.
273 5456 333 5503 ς.
432 5441 477 5472 ⁶²
499 5433 700 5496 Ἐσεὸον
730 5460 793 5507 ς.

584 5037 680 5085 vtt,
739 5022 831 5077 26.

834 5167 881 5198 “
902 5171 1095 5237 ῥήτωρ
1139 5172 1340 5237 ἀγαθὸς
1371 5192 1430 5237 ς.

1190 5317 1237 5350 ⁸³
1267 5315 1523 5382 χρηστῶν
1570 5317 1633 5373 Α.

935 5024 980 5057 ³⁸
1008 5028 1236 5097 ἁμαξῶν
1285 5033 1326 5084 Α
1383 5047 1397 5083 :
1438 5034 1626 5102 μαζῶν
1680 5057 1741 5102 ς.

1316 5108 1359 5140 ³³
1392 5104 1763 5162 ἀπεδλέποντο
1809 5128 1869 5175 ς.

1532 5178 1635 5252 gn
1669 5178 1788 5252 τὴν]
1814 5198 1909 5234 vn.
1941 5182 2030 5237 te.

1328 5249 1372 5279 ⁸⁸
1405 5238 1467 5297 οὗ
1498 5245 1587 5298 ΑΒ
1612 5238 1635 5298 ε’
1671 5238 1734 5302 αῖ

1845 5040 1889 5071 ³⁸
1931 5038 2172 5116 τερ-(Μ’.
2414 5043 2843 5116 δξ-ὼραῖζουσιν
2898 5066 2958 5113 ς.

1990 5109 2037 5191 ξθ
2066 5109 2257 5191 ὑπερ]
2299 5129 2391 5191 γιῃι,
2434 5109 2575 5191 34.-”
2634 5118 2677 5156 ι’
2707 5109 3011 5191 δεδεμένου
3054 5119 3064 5191 Ι
3129 5109 3257 5183 VII,‘
3316 5109 3404 5177 36:

2155 5183 2504 5259 “syt‘uivm,
2530 5187 2583 5247 5,
2619 5203 2669 5253 p.
2705 5183 2859 5259 351?..-
2928 5197 2976 5227 ιε
3003 5183 3297 5259 προσήσειν
3332 5195 3404 5245 A:

1934 5260 1979 5293 ιο
2010 5248 2166 5326 εὐχαὶ
2206 5248 2381 5323 ὀμφαί
2414 5248 2497 5318 ς.
2572 5248 2853 5326 ⁸⁰ίνερούα
2891 5260 2935 5311 Α
2967 5248 3053 5311 est
3089 5248 3206 5321 vui,
3233 5262 3284 5323 7,
3316 5263 3405 5316 10.

3068 5050 3111 5083 ⁸⁷
3170 5050 3357 5125 ἐώρων
3389 5050 3409 5125 ]

798 5324 999 5373 λκοντος
1028 5327 1087 5391 ς.
1190 5321 1237 5350 ⁵³
1267 5321 1523 5382 χρηστῶν
1570 5321 1633 5373 Α,
1740 5321 1787 5359 δι
1816 5321 1916 5394 τῷ]
1948 5341 2063 5380 rm.
2096 5323 2150 5387 7,
2203 5321 2306 5380 11.⁷
2366 5327 2410 5358 ⁵⁸
2435 5325 2641 5397 νεότης]
2679 5321 2789 5387 νιίι.
2822 5331 2912 5383 21.
2989 5332 3036 5362 ⁸⁸
3068 5334 3161 5381 καὶ
3185 5321 3405 5415 εν]ἰίιι,

798 5381 842 5414 ⁸*
874 5380 939 5430 ἐκ
962 5396 1061 5430 του
1100 5383 1194 5430 Ίσ-
1234 5382 1349 5430 Βίου
1378 5386 1416 5430 Δ
1444 5400 1460 5430 :
1505 5385 1595 5430 'fas
1637 5388 1749 5430 arm
1782 5409 1821 5430 ρ-
1945 5396 1991 5427 aa
2151 5401 2178 5430 Α
2211 5414 2223 5426 .
2257 5399 2330 5430 Α..
2363 5412 2399 5430 μ-
2498 5397 2543 5427 to
2572 5398 2628 5430 ιι.
2668 5399 2695 5430 Α
2724 5417 2735 5427 .
2761 5398 2835 5430 ,ευ
2875 5417 2913 5430 .-
3012 5399 3053 5430 si
3092 5399 3261 5430 ουν..
3302 5418 3405 5430 -...

906 5382 1061 5435 τιτοῦ
1100 5383 1194 5437 Ίσ.
1234 5382 1349 5452 βίου
1377 5386 1460 5438 A:
1505 5385 1597 5442 'la.
1636 5388 1749 5458 βίος
1782 5409 1841 5455 ς·.

1945 5396 1991 5427 ⁸⁹
2038 5389 2113 5450 ὧν
2144 5401 2223 5455 A:
2256 5399 2330 5461 ὡς
2363 5412 2420 5459 ς’.
2498 5397 2543 5427 ⁶⁰
2572 5389 2735 5460 ὃξΑε
2760 5398 2835 5461 ὡς
2874 5417 2936 5463 ς.
3012 5399 3053 5431 ⁸¹
3088 5389 3264 5472 βραχύ
3302 5389 3408 5473 περ

1633 5539 1868 5603 NOTAE.

203 5621 317 5701 (θὸ)
361 5623 549 5701 Isidori
596 5629 735 5684 hanc
768 5629 957 5701 Vitam,
1014 5629 1296 5701 scripsisse

134 5692 324 5759 Suidu’,
359 5700 554 5764 partim
588 5702 819 5770 denique
852 5716 919 5756 ex
948 5699 1085 5755 infra
1119 5692 1326 5771 positis.

1356 5628 1705 5688 Damascium
1763 5637 1960 5707 partim
2014 5642 2182 5715 liquet
2222 5648 2393 5706 exiis
2456 5665 2576 5724 quae
2633 5666 2793 5711 supra
2868 5650 3143 5721 linuntur,
3207 5654 3407 5729 partim
