3954 6436
532 369 668 433 1251

529 573 756 637 bitrati;
795 573 934 627 hanc
965 585 1092 625 vero
1133 573 1410 627 immensis
1445 576 1698 642 perennis
1746 580 1870 632 vita:
1923 579 2111 634 rivulis

1636 373 1897 438 PIIOTII
1936 376 2128 440 PATR
2145 382 2445 448 [ARCH/E
2488 385 2596 452 ΟΡ.

530 485 681 547 dere,
708 491 764 539 ct
793 480 1002 551 ﬁguris,
1036 481 1384 552 numerisque
1413 485 1700 542 materiam
1731 489 2001 544 adornare
2029 505 2094 544 ari

2223 495 2457 564 μάλιστά
2511 517 2675 572 φησιν
2727 501 2772 535 ⁸³
2830 503 3046 574 Ὄσιρίν
3097 523 3158 559 τε
3199 506 3294 562 καὶ
3341 504 3507 578 Ἶσιν,

3673 401 3791 468 1252

3561 513 3656 566 τὸν
3708 516 3794 582 μὲν

2215 587 2428 643 ἅπαντα
2455 591 2810 664 δημιουργεῖν
2843 596 3157 666 νομίζοντες
3181 639 3195 660 ,
3221 600 3388 655 ετδεσί
3435 619 3495 655 τε
3559 605 3654 656 καὶ
3690 607 3793 673 ἀρι-

531 663 672 717 illius
709 662 966 718 fabricam
1017 663 1250 732 irrigare
1292 677 1356 717 ac
1393 665 1663 732 saginare.
1691 665 1765 719 Ex
1789 667 1872 721 his
1900 680 2086 722 consta

2214 679 2372 766 θμοῖς
2417 683 2518 754 τὴν
2560 662 3150 758 ὕληνδιακοσμοῦντα,
3186 692 3284 764 τὴν
3311 694 3368 748 δὲ
3427 662 3792 766 κατάρδουσάιι

529 753 874 816 Tlieocrasia,
908 755 1010 808 hoc
1057 765 1142 808 est
1175 755 1355 808 divina
1391 757 1734 825 temperatio,
1788 769 1884 812 aut
1935 760 2112 829 potius

528 846 766 917 perlecta
797 847 924 900 unio
949 855 1052 909 est,
1095 845 1300 901 reditus
1343 847 1645 901 animarum
1689 859 1999 905 nostrarum
2041 853 2109 906 ad

527 939 693 996 Deum
721 953 1080 999 reversarum,
1113 947 1168 992 et
1194 954 1225 992 e
1269 938 1434 992 multa
1470 940 1824 995 distractione
1855 943 1906 995 in
1944 959 2108 997 unum

524 1032 896 1088 cullei-tarum.
915 1032 1119 1084 Etenim
1142 1046 1245 1085 non
1261 1031 1328 1085 de
1349 1031 1626 1086 avulsione
1646 1033 1947 1090 luculenter
1965 1037 2106 1101 dico,

523 1140 629 1192 qua
681 1126 786 1178 huc
812 1124 1058 1178 demissae
1114 1132 1171 1176 et
1199 1131 1473 1176 terrenum
1507 1123 1707 1178 indutae
1737 1139 1956 1194 corpus,
1993 1143 2022 1180 a
2053 1145 2110 1180 se

525 1216 755 1269 invicem
789 1215 891 1268 illae
941 1213 1162 1267 divulsa).
1205 1222 1354 1278 sunt,
1397 1222 1451 1268 et
1480 1229 1668 1268 revera
1701 1230 1731 1269 a
1772 1214 2023 1283 furiosis,
2054 1227 2110 1271 et

522 1306 716 1376 3350
736 1321 766 1358 a
788 1305 1019 1358 terrenis
1038 1302 1319 1358 affectibus
1339 1318 1436 1372 per
1461 1306 1717 1358 mundum
1737 1319 1939 1374 sparsa:
1957 1317 2106 1372 sunt,

521 1403 612 1466 qui
645 1414 746 1452 non
769 1399 925 1452 modo
965 1412 1086 1450 cum
1124 1395 1388 1466 Typhone
1408 1398 1780 1466 comparandi,
1815 1400 1910 1454 sed
1933 1401 2109 1456 adhuc

523 1490 709 1554 tuulto,
767 1500 823 1542 ut
869 1499 1018 1557 puto,
1063 1489 1492 1556 perturbatiores
1534 1503 1680 1546 sunt.
1718 1492 1917 1547 Verum
1951 1496 2108 1565 cujus

517 1582 688 1651 gratia
720 1584 833 1635 haec
859 1582 1075 1635 omnia?
1095 1580 1214 1635 Jam
1247 1590 1460 1650 tempus
1478 1583 1793 1654 adjnngere,
1825 1597 1879 1641 et
1910 1588 2104 1642 iterum

519 1674 888 1726 narrationem
928 1681 1079 1726 extra
1106 1684 1486 1735 argumentum
1517 1675 1912 1742 exspatiantem
1945 1689 2103 1728 revo-

515 1781 642 1818 care
669 1782 684 1820 :
714 1776 767 1818 et
796 1765 1142 1834 conjungitur
1173 1765 1262 1818 illa
1289 1781 1320 1819 e
1350 1766 1597 1820 terrestri
1627 1765 1727 1820 hac
1757 1767 1865 1819 vita
1897 1767 1964 1820 ad
1991 1779 2104 1821 cm-

514 1860 702 1912 lestem
722 1859 869 1910 illum
896 1833 1155 1911 fornicem
1181 1855 1534 1910 avolans.Sed
1564 1858 1746 1910 Statim
1771 1857 1892 1926 quis
1909 1858 2106 1911 existi—
2137 1833 2179 1887 η

512 1957 686 2002 maret
714 1963 777 2002 ea
827 1963 948 2016 qua:
975 1947 1114 2000 dicta
1174 1957 1318 2008 sunt,
1350 1947 1731 2000 beatitudinem
1791 1961 2010 2002 sonare.
2047 1948 2104 2002 ln

511 2050 763 2108 promptu
785 2049 869 2093 est
892 2039 1227 2106 interrogare
1249 2057 1262 2092 :
1286 2037 1462 2097 Unde.
1481 2052 1515 2092 ο
1546 2039 1738 2103 amice,
1759 2039 2104 2094 manifestum

511 2142 618 2191 est,
676 2133 823 2186 dicat
849 2130 1065 2200 aliquis,
1123 2139 1285 2182 tuum
1378 2129 1528 2182 illum
1584 2129 1964 2199 philosophum
2035 2132 2104 2186 ab

512 2223 615 2278 hac
660 2222 815 2277 turba
869 2223 1171 2276 animarum
1221 2230 1400 2274 ortum
1461 2223 1722 2276 duxisse?
1774 2223 1885 2291 Ego
1923 2233 2102 2277 autem

510 2315 579 2369 ad
640 2313 725 2367 illa
795 2328 900 2366 non
951 2311 1300 2374 decertaudo,
1367 2325 1516 2364 more
1585 2311 1938 2380 iudiciorum,
2005 2311 2100 2366 sed

510 2406 696 2460 mitius
805 2405 1173 2474 respondebo,
1257 2417 1436 2472 neque
1528 2404 1945 2468 contendendo,
2039 2414 2100 2459 ut

509 2498 582 2552 sit
663 2497 714 2551 in
805 2497 1200 2566 disputatione,
1296 2495 1384 2548 ubi
1467 2496 1734 2549 acerrime
1818 2504 2094 2564 certatur‘,

505 2590 601 2644 sed
633 2598 691 2642 ut
727 2588 870 2652 leges
905 2599 1027 2642 sunt
1071 2603 1282 2650 eorum,
1317 2586 1407 2654 qui
1454 2585 1601 2666 Vitas
1638 2587 1990 2650 describunt,
2032 2602 2094 2642 ea

504 2683 619 2736 sola
661 2697 783 2750 quae
833 2696 956 2734 vera
1001 2694 1126 2734 esse
1178 2679 1367 2744 credo,
1415 2679 1743 2747 produceus,
1791 2694 2024 2748 quaeque
2065 2695 2095 2733 a

504 2781 840 2840 praeceptore
888 2772 1094 2826 audivi.
1154 2771 1392 2825 Severus
1451 2771 1749 2840 imperator
1819 2772 2096 2828 Romanus

504 2866 629 2929 fuit,
662 2865 1144 2932 Romanorumque
1185 2875 1340 2932 pater
1371 2862 1507 2932 legis
1539 2864 1876 2933 praescripto.
1909 2866 2010 2932 Qui
2041 2877 2095 2921 et

503 2955 734 3022 lapidem
790 2970 848 3010 se
901 2956 979 3008 ait
1024 2956 1245 3021 vidisse,
1303 2955 1354 3008 in
1409 2971 1517 3024 quo
1559 2957 1872 3010 continuatur
1919 2959 2090 3027 figura

503 3049 645 3100 lunae
671 3048 821 3100 vario
855 3047 1014 3100 modo
1040 3056 1261 3099 mutula‘
1285 3062 1351 3100 ex
1381 3047 1488 3101 alio
1519 3048 1572 3101 in
1609 3047 1778 3114 aliud,
1811 3057 1865 3103 et
1898 3063 2090 3106 contra

2214 764 2281 823 τε
2327 775 2421 826 καὶ
2479 778 2801 832 πιαίνουσαν
2843 781 2942 850 τὴν
2994 776 3185 836 τούτου
3213 785 3579 855 δημιουργίαν
3611 790 3792 840 ἀενάου

2213 860 2361 932 ζωῆς
2405 864 2452 896 ⁸⁸
2483 865 2693 935 ὀχετοῖς
2738 869 3089 939 ἀμετρήτοις.
3159 873 3254 926 Ἐκ
3284 873 3486 944 τρίτων
3543 876 3667 926 ἀντὶ
3712 877 3790 928 τοῖν

2211 953 2676 1023 τρίτον.Καὶτοῦτ
2696 958 2791 1011 ’ἂν
2817 959 2901 1029 εἴη
2933 959 3251 1032 θεοκρασία,
3287 964 3488 1035 μᾶλλον
3523 966 3580 1018 δὲ
3613 965 3792 1025 ἓνωσις

2211 1045 2503 1116 παντελὴς,
2542 1049 2801 1114 ἐπάνοδος
2851 1052 2961 1105 τῶν
2996 1055 3282 1125 ἡμετέρων
3331 1057 3524 1126 ψυχῶν
3579 1060 3718 1127 πρὸς
3742 1061 3793 1111 τὲ

2210 1135 2366 1188 Θεῖον
2420 1139 2901 1210 ὲπιστρεφομένων
2953 1145 3046 1197 καὶ
3123 1147 3637 1217 συναθροιζομένων
3699 1151 3792 1202 ἀπὸ

2212 1225 2316 1280 τοῦ
2347 1228 2546 1282 πολλοῦ
2572 1232 2842 1303 μερισμοῦ
2869 1235 2964 1288 καὶ
2999 1234 3052 1288 τί
3073 1236 3184 1308 γὰρ
3207 1238 3266 1290 οὐ
3293 1238 3438 1307 λέγω
3466 1240 3792 1309 σπαραγμοῦ

2207 1321 2525 1395 διαρρήδην,
2551 1326 2611 1379 ὃν
2640 1327 2876 1384 ἐνταῦθα
2909 1333 3125 1402 ρυεῖσαι
3153 1333 3249 1385 καὶ
3281 1333 3445 1403 σῶμα
3490 1337 3686 1406 γήϊνον
3712 1336 3795 1389 λα-

2209 1411 2405 1468 ὕοῦσαι
2427 1416 2834 1486 διεσπάσθησαν
2888 1421 3058 1474 αὐταὶ
3103 1422 3199 1490 ἀφ’
3253 1421 3485 1492 ἑαυτῶν,
3521 1427 3624 1478 καὶ
3674 1427 3795 1479 m1-

2207 1502 2344 1575 λαχῇ
2367 1507 2742 1579 διῳκίσθησαν
2799 1511 2903 1564 ὑπὸ
2923 1513 2968 1544 ⁸⁵
3022 1513 3133 1568 τῶν
3174 1513 3501 1584 Τυφωνείων
3560 1516 3644 1586 τῷ
3692 1519 3795 1569 δντι

2207 1597 2304 1648 καὶ
2327 1597 2501 1661 άλλως
2535 1601 2784 1670 γηγενῶν
2819 1602 3182 1673 παθημάτων,
3209 1606 3379 1658 ὅντων
3424 1620 3489 1675 γε
3535 1609 3599 1660 οὐ
3663 1611 3796 1662 κατὰ

2208 1689 2301 1740 τὸν
2333 1689 2572 1758 Τυφῶνα
2607 1691 2788 1762 μόνον,
2817 1694 2929 1748 ἀλλ’
2959 1695 3041 1747 ἔτι
3068 1691 3222 1766 οἶμαι
3273 1697 3367 1750 καὶ
3397 1699 3596 1752 τούτου
3633 1699 3794 1752 πολι»-

2208 1778 2592 1852 πλοκωτέρων.
2623 1783 2764 1836 Ἀλλ’
2790 1777 2852 1838 οὗ
2874 1784 2938 1856 δὴ
2986 1785 3152 1840 ἕνεκα
3182 1787 3292 1858 τὸν,
3305 1787 3463 1856 λόγον
3517 1791 3740 1846 ᾶπαντα
3752 1792 3794 1824 ⁸⁸

2207 1871 2396 1924 τοῦτον
2449 1873 2778 1945 ἡγείραμεν,
2828 1877 3016 1951 καιρὸς
3073 1878 3139 1933 ἃν
3194 1880 3277 1950 εῐη
3332 1883 3789 1952 προσαποδοῦναι,

2207 1965 2299 2015 καὶ
2329 1963 2446 2033 ἅμα
2469 1966 2912 2022 ἀνακαλέσασθαι
2960 1971 3058 2040 τὴν
3105 1971 3354 2042 διήγησιν
3385 1972 3492 2037 ἔξω
3554 1979 3791 2047 φερομέ·

2206 2071 2305 2124 νην
2333 2056 2434 2126 τῆς
2459 2057 2786 2122 ὑποθέσεως.
2811 2061 2922 2114 Καὶ
2950 2061 3132 2131 ἔχεται
3175 2056 3310 2133 αὕτη
3341 2070 3677 2121 καταπτᾶσα
3701 2071 3790 2137 τῆς

2203 2144 2462 2214 οὐρανίας
2491 2147 2679 2216 ἁψῖδος
2707 2148 2802 2201 τοῦ
2815 2149 3030 2219 χθονίου
3064 2151 3180 2220 βίου
3199 2152 3243 2183 ⁸⁷
3270 2153 3429 2206 ’Λλλὰ
3455 2155 3599 2224 τάχα
3633 2159 3696 2210 ἂν
3714 2176 3788 2222 τις

2204 2239 2469 2294 ὑπολάϐοι
2525 2241 2587 2295 τὸ
2645 2243 2934 2314 λεγόμενον
2988 2245 3136 2317 ᾅδειν
3191 2249 3488 2319 μακαρίας.
3535 2251 3788 2323 Ἕτοιμον

2203 2331 2312 2401 γὰρ
2346 2335 2426 2396 είς
2464 2333 2761 2404 ἐρώτησιν
2806 2337 2990 2402 πόθεν,
3023 2333 3068 2392 ὧ
3101 2341 3302 2412 ἑταῖρε,
3332 2343 3512 2412 δῆλον,
3547 2346 3696 2398 εἴποι
3712 2362 3786 2409 τις

2204 2422 2290 2487 ἂν,
2317 2425 2398 2478 ὅτι
2421 2425 2554 2489 ὀσδς
2587 2427 2874 2496 φιλόσοφος
2905 2430 3013 2482 ἀπὸ
3043 2432 3195 2486 τοῦδε
3228 2435 3322 2487 τοῦ
3348 2435 3536 2498 ἔθνους
3567 2435 3788 2508 ὥρμητο

2199 2516 2310 2569 τῶν
2341 2517 2563 2588 ψυχῶνς
2592 2520 2703 2589 ἑγὼ
2741 2521 2796 2575 δὲ
2838 2523 2974 2594 πρὸς
3027 2525 3197 2578 ταῦτα
3239 2527 3650 2599 ἀποκρινοῦμαι
3680 2531 3787 2584 οὔτι

2199 2627 2261 2677 γε
2299 2611 2622 2680 μαχητικῶς
2687 2601 2876 2683 ὥσπερ
2915 2617 2972 2667 ἑν
3003 2615 3356 2689 δικαστηρίῳ,
3392 2621 3526 2675 ἀλλὰ
3555 2624 3788 2693 πραότε-

2202 2718 2312 2769 ρον,
2350 2703 2469 2754 οὐδέ
2503 2720 2566 2772 γε
2586 2703 2674 2756 διὰ
2713 2706 2948 2777 σπουδῆς
2977 2708 3097 2770 οἵας
3142 2711 3200 2763 ἑν
3241 2711 3505 2782 διαλέκτῳ
3551 2715 3697 2784 πρὸς
3732 2715 3787 2767 τὸ

2197 2793 2592 2863 ἀκριϐέστατον
2657 2797 3066 2867 ἁμιλλωμένης,
3103 2796 3361 2874 [1ΟΞ9Β.]
3405 2799 3656 2856 Ἀλλόἶα
3696 2807 3786 2875 μὲ-

2196 2903 2301 2952 τρα
2331 2883 2678 2955 βιογραφίας,
2717 2889 2854 2942 αὐτὰ
2888 2891 3043 2958 μόνα,
3081 2891 3225 2962 ἅπερ
3278 2894 3453 2964 ἀληθῆ
3523 2891 3672 2948 εἶναι
3702 2914 3786 2949 πι-

2199 2977 2373 3031 στεύω
2399 2979 2613 3031 καὶτοῦ
2645 2979 2778 3050 ἐμοῦ
2816 2981 3191 3052 καθηγεμόνος
3233 2985 3470 3055 ἀκήκοα,
3511 2991 3786 3058 προςρερό·

2199 3087 2359 3138 μενος
2389 3071 2455 3126 ⁸⁸.
2507 3065 2616 3126 Ἦν
2635 3070 2680 3124 δ’
2705 3074 2734 3126 ὁ
2781 3073 3021 3146 Σεδῆρος
3075 3075 3342 3147 Ῥωμαῖος
3370 3081 3465 3133 καὶ
3503 3080 3787 3150 Ῥωμαίων

500 3143 670 3195 solem
723 3150 896 3194 auctae
955 3149 1010 3194 et
1063 3141 1306 3204 minutm,
1363 3149 1418 3193 et
1477 3138 1642 3208 lapidi
1701 3143 1863 3194 etiam
1920 3142 2089 3196 solem

2198 3158 2377 3227 πατὴρ
2407 3160 2549 3214 κατά
2580 3160 2678 3233 τὴν
2701 3161 2819 3215 -τοῦ
2853 3138 3094 3233 ⁴⁵’.νόμου
3129 3138 3352 3230 ἀξίωσιν
3372 3183 3386 3198 ⁸
3417 3169 3476 3232 ὃς
3504 3138 3664 3237 ἔλεγε
3697 3175 3785 3225 καὶ

501 3235 700 3287 inesse.
739 3232 976 3286 Isidorus
1015 3232 1176 3300 igitur
1209 3231 1560 3298 qumstionem
1607 3231 1751 3286 scire
1781 3232 2084 3300 videbatur,

497 3327 680 3378 dicere
709 3339 836 3377 vero
882 3323 1072 3388 noluit,
1117 3335 1170 3374 et
1211 3324 1312 3376 hoc
1353 3338 1384 3377 e
1428 3339 1620 3378 somno
1657 3325 1892 3392 quodam
1925 3326 2090 3378 mira-

497 3420 590 3472 bili
638 3421 852 3472 discere
892 3432 1052 3485 quam
1092 3417 1504 3471 accuratissime
1539 3430 1769 3473 conatus
1806 3428 1909 3472 est.
1953 3418 2086 3472 Tam

494 3514 640 3564 enim
680 3520 930 3580 prompto
977 3510 1282 3564 somniandi
1319 3511 1536 3580 ingenio
1583 3522 1638 3566 et
1675 3521 1794 3564 arte
1828 3509 1925 3564 fuit
1973 3526 2087 3564 Ina-

493 3619 631 3670 gnus
665 3603 925 3664 Isidorus,
968 3610 1024 3654 ιιι
1058 3603 1254 3671 εωρῑιιε
1294 3618 1456 3671 opera
1502 3619 1624 3671 quae
1660 3603 1842 3671 fipsius
1880 3604 2083 3672 praadi-

493 3695 661 3748 ctioni
715 3693 1070 3761 respondent,
1117 3694 1399 3761 explorata
1449 3696 1708 3748 demirer.
1760 3696 1900 3748 Sunt
1951 3710 2084 3749 sane

492 3787 656 3840 etiam
706 3799 846 3854 pene
886 3800 1076 3838 omnes
1126 3785 1481 3840 Alexandrini
1527 3787 1712 3841 felices
1760 3797 1816 3841 et
1860 3788 1970 3855 apti
2027 3787 2080 3840 in

491 3877 833 3944 somniando,
867 3887 919 3930 et
958 3876 1078 3930 ideo
1110 3877 1183 3929 illi
1213 3880 1376 3931 etiam
1420 3895 1561 3932 nunc
1608 3880 1816 3934 somnia
1861 3879 2078 3934 oracula

491 3972 894 4039 cognominant.
931 3968 1065 4022 Cum
1097 3984 1224 4022 vero
1255 3979 1613 4038 experrectus
1655 3980 1822 4035 esset,
1860 3986 1964 4024 non
2000 3971 2081 4024 vi-

490 4068 653 4119 debat
687 4063 833 4116 illam
879 4061 1316 4130 inexplicabilem
1376 4062 1661 4116 visiOnem.
1697 4061 1886 4132 Neque
1932 4063 2076 4117 enim

490 4157 625 4208 adeo
668 4156 875 4209 clarum
931 4169 1105 4222 neque
1153 4153 1475 4222 profundqu
1531 4155 1781 4208 vibrabat
1821 4155 2077 4223 splendo-

491 4265 626 4312 rem,
663 4256 720 4299 nt
762 4256 1047 4301 contectus
1093 4263 1120 4297 a
1169 4247 1519 4301 sensibilibus
1556 4248 1658 4299 alio
1693 4248 2073 4302 reverberan—

491 4352 597 4407 tur,
648 4345 792 4395 intus
837 4350 1016 4394 tamen
1068 4339 1405 4392 accendatur
1459 4348 1511 4392 et
1555 4340 1747 4392 luceat.
1800 4341 1904 4394 Sed
1952 4357 2074 4393 cum

484 4446 634 4489 extra
666 4435 780 4487 inec
813 4432 1061 4486 consistit
1093 4433 1298 4496 anima,
1341 4446 1503 4484 sensu
1538 4446 1643 4483 non
1687 4431 1918 4500 amplius
1947 4448 2076 4500 ope-

2192 3247 2340 3301 λίθον
2367 3249 2522 3311 ίδεῖν.
2555 3253 2614 3304 ὲν
2643 3247 2684 3320 ᾧ
2718 3252 2949 3324 σελήνης
2975 3256 3187 3322 ἐγίνετο
3214 3258 3469 3326 σχήματα
3501 3277 3781 3334 μεταμορ-

2191 3342 2472 3414 φουμένης
2499 3347 2730 3398 παντοῖα
2767 3347 2886 3417 μὲν,
2925 3347 3112 3401 ἄλλοτε
3173 3350 3230 3402 δὲ
3279 3351 3432 3415 ἄλλα,
3462 3353 3605 3424 πρὸς
3640 3354 3785 3425 ἦλιον

2189 3433 2495 3504 αὐξομένης
2523 3437 2568 3468 ⁷ο
2615 3437 2708 3490 καὶ
2767 3439 3115 3508 μειουμένης,
3153 3441 3337 3496 ἐνόντα
3394 3440 3473 3514 τῷ
3523 3445 3664 3516 λίθῳ
3698 3447 3786 3500 καὶ

2187 3525 2352 3576 αὑτὸν
2398 3527 2490 3579 τὸν
2544 3528 2719 3600 ⁴ἥλιον.
2767 3529 2826 3584 Ὀ
2873 3531 3005 3598 γοῦν
3066 3533 3333 3603 Ἰσίδωρος
3365 3534 3534 3604 ἐῴκει
3597 3541 3694 3607 μὲν
3726 3541 3782 3592 τὸ

2188 3612 2524 3686 ζητούμενον
2578 3618 2763 3684 εἰδότι,
2814 3618 2994 3687 λέγειν
3044 3621 3213 3674 δὀὐκ
3263 3624 3525 3692 ἠϐούλετο
3557 3628 3628 3681 ⁷¹.
3682 3630 3784 3681 Καὶ

2181 3705 2344 3758 τοῦτο
2364 3707 2420 3759 δὲ
2454 3709 2646 3777 μαθεῖν
2695 3709 2753 3776 ἑξ
2785 3710 2996 3781 ὀνείρου
3037 3707 3343 3781 θαυμασίου
3373 3718 3520 3780 τινὸς
3565 3721 3783 3790 ἐναργέ-

2187 3814 2355 3849 στατα
2387 3797 2693 3854 διετείνετο.
2729 3802 2839 3855 Καὶ
2880 3803 2991 3874 γὰρ
3027 3800 3095 3875 ἦν
3127 3806 3156 3858 ὀ
3190 3807 3362 3876 μέγας
3401 3809 3678 3882 Ἰσίδωρος
3704 3816 3778 3877 ei;

2183 3889 2439 3942 τοσοῦτον
2465 3886 2523 3944 εὗ
2548 3891 2698 3961 ἥκων
2739 3893 2955 3963 φύσεώς
2979 3912 3037 3947 τε
3071 3898 3164 3950 καὶ
3207 3899 3379 3970 τύχης
3422 3901 3774 3974 ὀνειρωττοῦ-

2185 3999 2305 4052 σης,
2336 3984 2475 4038 ὥστε
2503 3985 2692 4055 ἔμοιγε
2728 3985 3032 4056 θαυμάζειν
3096 3989 3272 4044 ἔπεισι
3329 3992 3615 4062 πολλάκις,
3648 3999 3774 4051 ἀπο»

2182 4077 2514 4152 πειρωμένῳ
2540 4079 2648 4132 τῶν
2682 4079 2860 4151 ἔργων
2907 4081 3344 4146 ἀποϐαινόντων.
3379 4087 3481 4157 τῆς
3527 4093 3773 4160 τοιαύτης

2188 4165 2352 4220 αὐτοῦ
2410 4171 2790 4242 προρρήσεως.
2833 4172 2955 4225 Εἰσὶ
3009 4175 3107 4243 μὲν
3149 4175 3211 4246 δὴ
3269 4178 3365 4231 καὶ
3409 4177 3775 4250 Ἀλεξανδρεῖς

2180 4259 2362 4327 ὀλίγου
2394 4261 2595 4325 πάντες
2626 4264 2847 4331 εὐψυεῖς
2875 4282 2935 4318 τε
2994 4266 3087 4319 καὶ
3132 4269 3382 4339 εὐτυχεῖς
3414 4271 3774 4342 ὀνειροπολεί-

2183 4350 2330 4404 σθαι’
2360 4354 2604 4417 καὶτοὺς
2629 4355 2875 4425 ὀνείρους
2923 4359 3121 4412 ἐκεῖνοι
3174 4359 3261 4413 διά
3317 4362 3478 4417 τοῦτο
3531 4367 3630 4418 καὶ
3680 4367 3771 4420 νῦν

2179 4444 2467 4513 χρησμοὺς
2488 4446 2866 4514 ὀνομάζουσιν.
2901 4449 3257 4521 Ἐγρηγορότι
3280 4455 3378 4523 μὲν
3397 4455 3476 4524 τῷ
3522 4459 3773 4531 Ἰσιδώρῳ

486 4539 641 4580 rante
686 4527 733 4579 τί
784 4527 963 4580 somni
1017 4526 1352 4588 remissiore,
1405 4533 1531 4577 tunc
1576 4524 1674 4577 soli
1719 4524 1819 4577 sibi
1870 4526 2070 4579 relictae

2275 4507 2459 4604 παρῆν
2487 4537 2519 4604 ὴ
2554 4507 2792 4608 ἄρρητος
2846 4507 3110 4609 abscide:
3141 4507 3229 4594 ὀὐ
3280 4507 3403 4613 *γὰρ
3440 4507 3771 4619 ἐιτῷ

485 4621 680 4672 anima:
705 4620 858 4672 adest
884 4634 1100 4687 semper
1133 4617 1363 4671 interior
1398 4614 1493 4669 Dei
1537 4615 1649 4682 lux,
1681 4625 1729 4668 et
1778 4616 2068 4671 obsmculis

2198 4624 2316 4695 τρὰν
2346 4627 2466 4680 οὐδὲ
2493 4627 2712 4697 βαθεῖαν
2735 4632 3025 4702 παρείχετο
3061 4632 3159 4703 τὴν
3208 4639 3600 4711 μαρμαρυγὴν,
3633 4614 3768 4697 ὥστε

475 4710 587 4777 jam
623 4711 815 4772 libera,
848 4711 1017 4778 magis
1043 4711 1380 4774 accenditur,
1413 4709 1783 4776 etsaepissime
1819 4708 1883 4760 ad
1917 4720 2070 4762 exte-

2198 4722 2266 4774 ταὶ
2301 4720 2406 4774 ὑπὸ
2465 4721 2573 4773 τῶν
2623 4721 2903 4790 αἰσθητῶν
2957 4723 3051 4775 ἐπὶ
3109 4723 3313 4796 θάτερα
3355 4708 3769 4796 ἀνταυγούντων

482 4806 629 4858 riora
668 4802 980 4865 ell'unditur,
1030 4803 1199 4857 donec
1247 4805 1464 4856 tandem
1514 4802 1684 4869 ipsam
1725 4801 2066 4869 imaginatio-

2204 4813 2658 4882 πηλυγαζομένην
2686 4811 2810 4883 [547
2827 4811 2922 4885 ιι]
2949 4815 3080 4867 εἴσω
3103 4804 3266 4885 ῖὸμως
3313 4818 3655 4873 ἁνὰπτεσθαι
3682 4827 3770 4874 καὶ

479 4912 604 4950 nem
636 4895 937 4949 collustret.
967 4894 1241 4962 Duplicem
1273 4893 1438 4964 336
1467 4911 1498 4946 a
1530 4894 1654 4947 inde
1681 4893 1947 4946 rationem
1971 4893 2059 4948 di--

2203 4903 2515 4974 ια>.ἀμπειν.
2558 4902 2698 4955 Ἀλλ’
2712 4904 2802 4956 ὅτε
2831 4903 2936 4968 ἔξω
2977 4903 3180 4959 τούτων
3211 4905 3508 4972 καθίστατο
3531 4910 3565 4978 ἠ
3606 4910 3768 4980 ψυχὴ.

477 4991 726 5040 vittarum
759 4985 1025 5038 visionum
1073 4986 1209 5037 dixit
1254 5002 1267 5038 :
1315 4986 1455 5052 hanc
1499 4984 1715 5053 quidem
1745 4984 2057 5039 sensibilem

2198 4996 2375 5065 ιηκέτι
2400 4995 2501 5065 τῆς
2527 4995 2836 5065 αἰσθήσεως
2869 4997 3231 5068 ἐνεργούσης,
3256 4997 3354 5068 ἤδη
3405 4998 3463 5051 δὲ
3503 5005 3769 5072 παρειμέο

477 5080 841 5150 vigilanlium,
898 5077 1272 5146 imaginariam
1327 5076 1552 5129 alteram
1611 5077 1992 5130 dormientium
2038 5093 2053 5131 :

2198 5105 2260 5157 ης
2293 5087 2400 5140 ὑπὸ
2430 5085 2525 5140 τοῦ
2551 5086 2745 5152 ὕπνου,
2777 5088 2901 5140 τότε
2936 5090 3240 5159 μονουμένη
3266 5088 3388 5142 καθ’
3416 5091 3621 5160 ἑαυτὴν
3665 5097 3696 5163 ἡ
3727 5096 3769 5126 ’³

476 5184 710 5241 utraque
743 5180 926 5222 autem
971 5182 1153 5219 veram
1184 5168 1571 5222 continentiam
1603 5171 1859 5238 postulat.
1891 5169 2050 5224 Vide-

2199 5180 2246 5231 εὶ
2281 5179 2429 5231 ἔνδον
2460 5179 2675 5232 ἑστῶσα
2705 5181 2800 5232 τοῦ
2835 5181 2993 5232 Θείου
3043 5181 3320 5253 ἀστραπὴ,
3354 5183 3449 5234 καὶ
3483 5185 3765 5240 ἀπαλλατο

475 5263 634 5317 batur
684 5262 901 5327 sapiens
956 5269 1310 5326 maturusque
1360 5257 1634 5325 Isidorus,
1695 5263 1824 5330 quin
1880 5262 2046 5316 etiam

2198 5269 2359 5337 ομένη
2374 5267 2484 5320 τῶν
2507 5269 2800 5338 ὲμποδίων,
2821 5270 2914 5322 ἐπὶ
2934 5269 3132 5340 μᾶλλον
3158 5271 3568 5344 ἀνεζωπυρεῖτο
3590 5276 3658 5338 ⁷³,
3679 5268 3771 5328 καὶ

472 5355 656 5423 gravis
683 5367 895 5406 morum
921 5351 1247 5414 constantia,
1274 5349 1439 5405 facies
1483 5367 1620 5421 pene
1653 5353 2046 5424 quadrangula,

2198 5353 2394 5426 Ξεχεῖτο
2416 5358 2551 5427 πρὸς
2571 5359 2631 5410 τὸ
2651 5359 2808 5423 ἐκτὸς
2838 5361 2944 5413 ἐπὶ
2973 5362 3040 5414 ἂν
3056 5361 3324 5428 πλεῖστον,
3345 5364 3450 5427 ἕως
3482 5367 3579 5422 καὶ
3599 5369 3769 5437 αὐτὴν

472 5447 776 5516 eloquentis
815 5443 1063 5500 Mercurii
1097 5441 1364 5512 quoddam
1392 5458 1609 5498 sacrum
1647 5445 2000 5500 simulacrum
2033 5463 2046 5500 :

2199 5449 2601 5519 αταστράψειεν
2628 5450 2949 5523 ἐπ’ὲσχάτῳ
2984 5452 3084 5523 τὴν
3115 5456 3568 5522 φαντασίαν.’¹οτι
3592 5459 3769 5512 διττὸν

1756 5555 1992 5613 VARUE
2037 5555 2332 5614 LECTION
2341 5560 2441 5616 ES.

571 5671 611 5752 ‘f
642 5689 808 5741 φησιν
829 5687 939 5726 οηι.
1099 5670 1386 5752 ,αδζὼσὲης
1415 5688 1511 5752 g.“
1577 5673 1762 5752 ‘_'_61:_b
1796 5676 1832 5726 A
1870 5676 2030 5752 adeo
2051 5693 2123 5752 5.
2195 5747 2206 5752 Α
2249 5679 2294 5710 ⁸⁸
2325 5676 2757 5752 τρῦτονγᾶπαντα
2786 5700 2846 5748 ς.
2950 5683 2994 5715 ⁸⁷
3023 5682 3141 5752 βίου
3185 5697 3296 5740 om.
3328 5683 3397 5739 Α.

465 5740 854 5824 φερόμενοί-ς’..
894 5812 909 5824 Δ
964 5744 1020 5824 θξ
1036 5742 1128 5795 τοῦ
1159 5745 1270 5824 om1
1406 5813 1430 5824 _
1466 5743 1512 5773 "°
1543 5743 1851 5823 αὐξομένης
1879 5748 1943 5812 Α,
1972 5747 2308 5819 αὑξουμένης
2338 5749 2414 5801 B-:
2448 5740 2818 5824 αὐξανομένης
2845 5771 2905 5818 ς.
2937 5740 3344 5824 (Ἰ’.ἰ),1ὶ.1065,
3371 5754 3463 5809 44.
3540 5757 3584 5786 ⁷⁸

463 5809 588 5864 λετο
612 5828 672 5874 ς.
748 5813 791 5843 ⁷²
822 5815 854 5880 ἡ
884 5812 958 5867 A:
993 5809 1060 5879 ἦν
1088 5830 1148 5874 ς.
1227 5813 1272 5844 ⁷³
1303 5809 1717 5884 ἁνεζωπυροῦτο
1746 5833 1804 5877 ς.

3516 5685 3563 5718 sa
3598 5703 3762 5757 προς,
