3954 6432
206 380 339 443 1⁵353

1347 377 1864 438 RIBLlU’l'IIECA.
1908 401 1976 411 ·-·
2017 379 2178 440 COD.
2222 383 2498 444 CCXLII.

3353 385 3488 451 1254

195 499 384 564 ἔλεγεν
412 495 477 548 ἐκ
503 493 696 549 τούτου
722 495 811 549 τὸν
841 497 1040 566 τρόπον
1068 496 1170 549 τῶν
1203 497 1360 550 θείων
1387 495 1681 564 αὑτοψιῶν,
1707 495 1786 546 τὸ».

1901 498 2080 562 oculi,
2131 509 2191 554 ut
2239 503 2319 556 sic
2360 502 2574 572 loquar,
2615 517 2742 558 vere
2789 503 3084 573 gratiosam
3129 505 3181 556 in
3226 519 3286 560 se
3322 505 3486 560 sitam

199 589 298 661 μὲν
347 587 688 658 αίσθητικὸν,
741 587 851 642 τῶν
887 591 1293 660 ἐγρηγορότων,
1353 588 1700 657 φαντασιώδη
1738 588 1795 640 δὲ

195 681 304 733 τῶν
341 680 738 744 καθευδόντων,
769 679 944 751 ἀληθῆ
971 682 1016 733 δ’
1035 682 1296 752 ἑκάτερον
1327 681 1398 735 ⁷⁵.
1446 680 1794 749 Ἀπαλλαγὴν

194 774 312 844 ᾔτει
344 775 388 804 ⁷⁸
417 772 510 825 τοῦ
556 773 992 838 κατακλύζοντος
1025 775 1214 844 ὀχετοῦ
1246 778 1344 844 τῆς
1372 776 1658 843 γενέσεως.
1687 770 1795 826 Tliv

192 867 247 917 δέ
294 865 473 918 ίδεῐνό
523 866 790 936 Ἰσίδωρος
846 865 1075 938 ἔμφρων
1136 869 1231 921 καὶ
1284 868 1670 941 πρεσϐυτικδς,
1715 867 1795 919 ἐτι

192 955 237 1008 δ’
261 955 532 1025 ἐμϐριθὴς
597 958 692 1009 καὶ
749 957 1160 1028 βεϐαιὸτροπος.
1213 961 1285 1013 Τὸ
1344 963 1442 1030 μὲν
1502 961 1796 1032 πρόσωπον

189 1049 376 1117 ὀλίγου
401 1048 742 1118 τετράγωνον
773 1045 862 1122 ἦν,
900 1051 1100 1122 Ἐρμοῦ
1139 1053 1320 1122 λογίου
1341 1055 1508 1118 τύπος
1558 1054 1721 1123 ἱερός·
1746 1058 1793 1109 oi

189 1140 246 1192 δέ
274 1141 568 1211 ὀφθαλμοὶ,
625 1142 744 1204 πῶς
778 1141 876 1211 μὲν
923 1141 990 1195 ἂν
1045 1146 1320 1215 φράσαιμι
1354 1146 1454 1216 τὴν
1500 1147 1560 1198 ἐν
1611 1146 1796 1207 αὐτοῖς

192 1231 490 1302 ἱδρυμένην
549 1235 852 1304 χαρίεσσαν
903 1234 1118 1303 άληθῶς
1163 1237 1506 1309 Ἀφροδίτην,
1574 1237 1693 1301 πῶς
1747 1237 1793 1270 ⁷⁸

189 1324 233 1377 δ’
255 1325 660 1394 άπαγγείλαιμι
689 1327 788 1395 τὴν
820 1325 1048 1380 ἐνοῦσαν
1094 1329 1288 1393 αὐταῖς
1323 1329 1557 1400 Ἀθηνᾶν
1619 1345 1793 1399 σοφω-

187 1416 360 1487 τάτην
396 1433 411 1482 ;
442 1417 544 1470 οὐκ
585 1416 650 1471 ἃν
675 1417 733 1471 δὲ
769 1417 1032 1489 φθάνοιμι
1058 1420 1237 1488 λέγων
1285 1423 1484 1485 αὐτοὺς
1542 1421 1652 1475 ἀπὸ
1683 1421 1794 1474 τῶν

187 1507 451 1561 ἐναντίων
482 1510 564 1571 είς
600 1509 662 1561 τὸ
690 1510 822 1562 αὐτὸ
865 1512 1351 1582 συνηρμοσμένους
1391 1512 1448 1564 ἓν
1473 1507 1614 1577 εἶδος
1647 1513 1795 1582 άμή·

186 1617 374 1669 χανον,
411 1600 656 1664 ἑστῶτας
689 1600 806 1672 ἅμα
859 1602 1114 1672 βεϐαίους
1164 1604 1259 1658 καὶ
1296 1604 1562 1675 ἐπίτροχα
1615 1623 1794 1660 κινου-

188 1692 391 1762 μένους
432 1711 550 1756 πως
581 1694 749 1760 φάναι
775 1695 838 1747 τὸ
871 1697 981 1748 πᾶν
1001 1698 1060 1748 ἐν
1092 1695 1173 1765 τῷ
1224 1696 1374 1766 αύτῷ
1403 1699 1501 1750 καὶ
1552 1699 1681 1769 περὶ
1731 1699 1793 1752 τὸ

185 1784 324 1837 αὐτὸ
363 1783 712 1853 δινουμένους
740 1784 858 1854 ἃμα
892 1786 990 1855 μὲν
1016 1786 1076 1838 τὸ
1109 1787 1304 1856 σεμνὸν
1343 1786 1460 1858 ἅμα
1489 1788 1546 1842 δὲ
1596 1789 1658 1842 τὸ
1685 1791 1789 1858 χά-

1903 589 2189 655 Veneretn,
2239 601 2406 660 utque.
2451 594 2534 649 sic
2572 593 2820 658 efferam,
2873 595 3096 650 inﬁxam
3130 596 3233 650 sibi
3261 597 3487 666 sapien-

1885 683 2168 745 _tis~imant
2201 683 2472 739 Palladem
2503 689 2876 742 continebant.
2910 687 3044 741 Illud
3073 703 3179 741 non
3206 688 3484 751 omittam,

1900 775 1999 842 ipsi
2076 777 2216 832 oculi
2254 792 2280 829 a
2329 779 2621 833 contrariis
2668 779 2722 833 in
2759 795 2920 832 unatn
2963 783 3322 848 eamdemque
3361 795 3489 848 spe-

1897 866 2036 919 ciem
2100 867 2537 936 inexplicabilem
2585 869 2747 923 simul
2809 869 3210 933 referebantur,
3271 871 3491 925 stabant

1897 958 2060 1012 simul
2093 958 2340 1025 ﬁrmiter,
2382 969 2438 1014 et
2469 961 2730 1015 velociter
2758 960 2830 1014 ita
2866 961 3242 1025 movebantur,
3279 969 3339 1012 ut
3367 975 3488 1014 vcr-

1897 1050 2006 1103 sari
2041 1050 2360 1106 viderentur
2407 1052 2555 1106 circa
2630 1053 2877 1106 eamdem
2925 1052 3186 1120 speciem,
3232 1060 3289 1104 et
3329 1051 3486 1116 quid-

1896 1140 1980 1196 vis
2011 1141 2065 1194 in
2088 1142 2276 1196 eadem
2304 1143 2795 1212 repraesentabatur
2825 1159 2839 1195 :
2873 1142 3033 1196 simul
3057 1152 3111 1196 et
3138 1142 3484 1210 gravitatem,

1896 1242 2350 1303 venustatemque
2381 1233 2765 1303 praeferebant,
2803 1241 2860 1286 et
2900 1233 3062 1286 iidem
3100 1247 3224 1285 cum
3259 1231 3483 1294 vellent,

1896 1323 2218 1392 profundius
2278 1325 2449 1378 abditi
2515 1332 2605 1376 ant
2658 1323 3022 1393 expeditiores
3059 1339 3074 1375 :
3108 1330 3276 1390 utque
3321 1320 3487 1374 verbo

1894 1415 2096 1482 dicam,
2141 1425 2296 1470 erant
2330 1416 2471 1468 oculi
2516 1415 2589 1468 illi
2635 1413 2870 1484 perfecta
2927 1413 3122 1467 animae
3166 1411 3484 1474 simulacra,

1895 1523 2003 1562 non
2036 1507 2205 1562 solius
2238 1509 2432 1571 animi,
2485 1508 2579 1561 sed
2617 1517 2672 1560 et
2705 1505 3062 1560 inltabitantis
3092 1504 3144 1558 in
3187 1519 3252 1558 ea
3287 1503 3486 1557 divinae

1897 1600 2210 1654 inﬁnentim.
2251 1599 2456 1654 Sensus
2507 1597 2787 1652 moderate
2833 1595 2888 1650 in
2938 1596 3031 1650 illo
3078 1593 3255 1650 aﬂ'ecti
3301 1603 3483 1658 erant,

1895 1701 1955 1745 ut
1997 1691 2096 1746 soli
2143 1691 2461 1747 necessitati
2511 1689 2842 1753 servientes,
2886 1702 2985 1743 nec
3011 1687 3110 1743 soli
3147 1700 3361 1753 sensus,
3389 1684 3484 1740 sed

1894 1783 2058 1838 etiam
2085 1782 2422 1853 imaginatio,
2459 1797 2579 1852 quae
2612 1788 2760 1836 certa
2789 1780 2970 1850 imago
2995 1787 3080 1834 est
3115 1791 3132 1834 :
3162 1792 3338 1847 neque
3368 1794 3486 1832 me-

187 1885 308 1938 ριεν
365 1849 794 1938 ἐπιφαίνοντας,
851 1849 1187 1946 βαθυτέρους
1252 1849 1396 1938 τοὺς.
1431 1877 1629 1942 αύτοὺς
1687 1849 1786 1933 καὶ

1894 1875 2064 1929 moria
2097 1849 2384 1930 admodum
2437 1849 2627 1930 valens
2668 1889 2832 1942 supra
2872 1849 3063 1943 vulgus
3087 1910 3102 1936 ,
3142 1881 3198 1926 et
3245 1871 3316 1926 ab
3345 1870 3486 1924 obli-

181 1961 595 2034 ἁπλουστέρους
648 1960 786 2018 εἶναι
839 1965 1218 2038 βουλομένους.
1271 1969 1488 2035 Ἀπλῶς
1532 1972 1782 2040 δἐἰπεῖν,

181 2053 480 2124 ἀγάλματα
511 2050 653 2128 ἦσαν
679 2057 950 2130 ὀφθαλμοὶ
996 2061 1193 2113 ἐκεῖνοι
1223 2061 1324 2131 τῆς
1351 2061 1530 2135 ψυχῆς
1561 2065 1783 2138 ἀκριϐῆ,

184 2145 249 2197 ού
290 2145 458 2216 μόνης
492 2163 578 2215 γε,
608 2147 746 2202 ἀλλά
784 2150 879 2202 καὶ
931 2152 1028 2219 τῆς
1070 2153 1388 2224 ἐνοικούσης
1437 2156 1578 2226 αὐτῇ
1635 2157 1785 2222 θείας

181 2236 490 2307 ἀπορροῆς.
530 2239 596 2292 Αἱ
615 2239 672 2293 δὲ
696 2258 759 2308 γε
788 2242 1070 2311 αἰσθήσεις
1113 2245 1352 2315 μετρίως
1382 2246 1531 2316 αὐτῷ
1552 2247 1782 2302 διέκειν-

179 2343 243 2378 το
271 2368 288 2394 ,
321 2329 457 2397 πρὺς
497 2331 666 2402 μόνην
698 2331 1069 2402 ύπηρετούσαι
1100 2336 1199 2406 τὴν
1237 2336 1448 2406 χρείαν.
1503 2340 1614 2392 Καὶ
1661 2340 1784 2410 οὐχὶ

179 2419 239 2470 αἱ
271 2418 554 2490 αἰσθήσεις
582 2422 761 2490 μόναι,
795 2421 933 2476 ἀλλά
961 2424 1053 2476 καὶ
1079 2424 1138 2476 τὸ
1187 2426 1411 2494 κήρινον
1463 2425 1780 2495 ἐκμαγεῖον,

179 2511 212 2580 ἡ
252 2512 547 2579 φαντασία,
570 2512 694 2566 οὔτε
717 2513 858 2585 πρὸς
893 2518 1116 2586 μνήμην
1146 2534 1198 2568 τι
1228 2517 1338 2570 τῶν
1393 2518 1606 2571 πολλῶν
1661 2520 1779 2574 δἀ-

175 2603 449 2672 φέρουσα,
471 2607 562 2658 καὶ
589 2606 689 2674 τῆς
717 2606 888 2677 λήθης
906 2609 966 2660 ού
991 2608 1050 2660 τὸ
1073 2609 1338 2678 παράπαν
1355 2611 1777 2684 ἀπηλλαγμένη.

175 2695 298 2746 Καὶ
349 2697 457 2767 γὰρ
486 2697 759 2768 ἠϐουλήθη
809 2700 971 2752 αὑτὸν
998 2703 1024 2752 6
1077 2700 1229 2765 Θεὸς,
1265 2700 1339 2764 ὡς
1369 2702 1534 2770 ἔοικε,
1600 2706 1778 2776 ψυχὴν

179 2791 389 2858 μᾶλλον
416 2792 543 2844 ὄντα
575 2791 864 2856 ἐπιδεῖξαι.
895 2791 928 2862 ἢ
954 2792 1013 2844 τὸ
1047 2794 1458 2865 συναμφότερον
1509 2799 1650 2866 μετά
1684 2799 1777 2854 τοῦ

177 2883 463 2953 σώματος,
513 2885 609 2937 καὶ
669 2885 768 2954 τὴν
827 2883 1148 2952 φιλοσοφίαν
1195 2886 1254 2938 ού
1283 2886 1361 2955 τῷ
1380 2891 1778 2960 συναμφοτέρῳ

174 2976 556 3042 ἐναποθεῑναι,
592 2974 726 3028 ἀλλὰ
763 2977 902 3046 αὐτῇ
955 2977 1093 3049 μόνῃ
1144 2980 1210 3048 τῇ
1275 2979 1423 3050 ψυχῇ
1477 2983 1775 3053 ἐνιδρύσαι.

188 3069 287 3132 Ὠς
318 3069 493 3137 ἔγωγε
526 3069 690 3133 ἐνίοις
720 3069 821 3140 ήδη
849 3071 1257 3140 περιτετύχηκα
1284 3072 1354 3125 τά
1392 3073 1493 3142 μὲν
1537 3074 1643 3140 ἔξω
1686 3095 1777 3145 φι-

172 3162 476 3230 λοσοφοῦσι
536 3161 804 3232 λαμπρῶς
840 3162 898 3214 ἐν
957 3181 1018 3215 τε
1076 3166 1266 3238 μνήμῃ
1322 3165 1516 3238 βαθείᾳ
1565 3168 1780 3224 πολλῶν

171 3253 537 3324 δοξασμάτων
563 3255 659 3307 καὶ
693 3257 750 3307 ἐν
820 3257 1174 3328 ἀγχιστρόφῳ
1215 3260 1482 3331 δεινότητι
1545 3265 1792 3334 συλλογι-

173 3345 342 3415 σμῶν
366 3347 690 3417 ἀπεράντων
745 3349 837 3400 καὶ
899 3351 957 3400 ἐν
1010 3349 1238 3419 δυνάμει
1288 3355 1455 3422 συχνῇ
1502 3353 1788 3424 δαιμονίας

172 3439 513 3510 αἰσθήσεως,
548 3438 680 3492 είσω
730 3439 786 3492 δὲ
842 3440 910 3492 τά
965 3441 1065 3509 τῆς
1115 3442 1294 3512 ψυχῆς
1351 3445 1619 3513 ἀποροῦσι
1688 3449 1784 3500 καὶ

170 3532 504 3600 πενομένοις
529 3531 758 3596 ἀληθοῦς
787 3533 1118 3600 ἐπιστήμης.
1157 3535 1215 3585 Ei
1261 3534 1317 3586 δέ
1345 3553 1450 3589 που
1492 3535 1656 3608 [1052
1689 3538 1781 3611 IL]

171 3624 529 3694 θυμούμενος
581 3625 793 3693 ἑωρᾶτο
833 3625 924 3677 καὶ
972 3625 1319 3691 ἀγανακτῶν,
1370 3627 1506 3680 ἀλλὰ
1568 3629 1660 3683 τοῦ
1697 3631 1783 3683 λο-

166 3715 386 3787 γισμοῦ
424 3716 731 3786 ἡγουμένου
766 3716 862 3768 καὶ
891 3717 918 3767 6
967 3715 1137 3784 θυμὸς
1189 3716 1253 3786 δὴ
1303 3718 1536 3770 κατόπιν
1571 3721 1778 3775 εἵπετο.

168 3808 318 3861 Οὐδέ
351 3810 460 3878 γὰρ
481 3803 594 3870 οἷός
620 3824 678 3860 τε
727 3804 795 3878 ἦν
841 3808 1087 3876 γίνεσθαι
1118 3810 1292 3880 πρᾶος
1323 3810 1444 3862 οὐδὲ
1478 3811 1686 3881 ἄθυμος
1717 3818 1774 3866 ἐν

1890 1969 2050 2023 vione
2070 1982 2177 2022 non
2199 1968 2422 2023 omnino
2452 1975 2683 2023 remota.
2706 1965 2944 2030 Etenim,
2976 1963 3345 2020 ntverisimile
3374 1973 3478 2025 est,

1891 2060 2056 2115 voluit
2078 2061 2223 2114 illum
2244 2060 2384 2114 Deus
2408 2060 2649 2115 animum
2673 2060 2852 2129 potius
2868 2059 3145 2113 declarare
3164 2057 3298 2128 (99).
3317 2072 3480 2126 quam

1893 2162 2186 2220 utrumque
2225 2165 2350 2205 cum
2380 2165 2650 2220 corpore,
2694 2159 2749 2205 et
2795 2148 3199 2218 philosophiam
3235 2149 3286 2201 in
3327 2157 3484 2202 utro-

1892 2258 1998 2313 que
2030 2257 2134 2296 non
2168 2241 2497 2311 relinquere,
2527 2243 2622 2296 sed
2657 2240 2757 2296 soli
2791 2241 2976 2294 animo
3010 2241 3256 2308 inﬁgere.
3288 2239 3358 2294 Ut
3381 2254 3483 2308 ego

1885 2337 1999 2405 jam
2044 2335 2306 2404 quosdam
2351 2335 2554 2404 reperi,
2591 2335 2684 2404 qui
2734 2333 2980 2388 exterius
3029 2332 3485 2402 philosophantur

1893 2429 2221 2495 luculenter,
2275 2439 2332 2484 et
2378 2436 2602 2482 utuntur
2641 2426 2906 2480 memoria
2951 2425 3242 2478 multarum
3291 2425 3481 2491 capaci

1893 2523 2234 2591 opinionum,
2257 2531 2311 2575 et
2344 2520 2504 2574 facile
2537 2519 2717 2574 valent
2743 2518 3155 2587 inexplicabiles
3181 2525 3482 2571 contexere

1893 2617 2264 2687 syllogismos,
2339 2615 2617 2685 multaque
2679 2614 2728 2666 in
2763 2613 2828 2666 iis
2877 2612 3110 2668 facultas
3157 2620 3242 2666 est
3271 2613 3484 2665 divino-

1895 2725 2013 2764 rum
2052 2724 2342 2772 sensuum,
2385 2708 2530 2762 intus
2577 2721 2704 2760 vero
2745 2705 2921 2758 anima
2964 2713 3154 2772 egent,
3199 2713 3254 2756 et
3295 2703 3484 2770 inopes

1891 2811 2018 2854 sunt
2049 2815 2190 2854 verae
2229 2799 2496 2853 scientiae.
2548 2797 2644 2851 Sin
2686 2797 3012 2864 quandoque
3050 2797 3224 2849 iratus
3255 2794 3482 2848 videba-

1894 2899 2009 2954 tttr,
2047 2890 2187 2943 ratio
2228 2889 2568 2957 imperabat,
2608 2898 2663 2941 et
2699 2889 2779 2940 ira
2823 2887 3075 2953 parebat.
3115 2884 3302 2953 Neque
3333 2885 3480 2938 enim

1890 2991 2102 3050 poterat
2137 2996 2540 3044 mansuescere,
2587 2995 2764 3049 neque
2805 2981 3140 3034 iracundiam
3207 2981 3259 3032 in
3307 2978 3483 3032 homi-

1890 3088 2020 3127 num
2060 3073 2210 3127 vitiis
2253 3071 2720 3141 reprehendendis
2757 3086 2980 3127 exuere.
3027 3071 3482 3140 iromptissitnns

1893 3175 2013 3219 erat
2041 3167 2178 3220 bene
2203 3165 2268 3218 de
2300 3164 2420 3218 aliis
2449 3165 2728 3227 merendo,
2753 3179 2939 3217 verum
2976 3165 3154 3218 adhuc
3183 3163 3487 3230 promptior

1895 3258 1948 3312 in
1980 3257 2202 3327 ﬂagitiis
2252 3257 2542 3325 carpendis
2592 3272 2605 3307 :
2656 3256 2887 3323 ideoque
2934 3255 3227 3308 multorum
3270 3257 3484 3310 animos

1894 3368 2038 3420 saepe
2075 3350 2339 3413 offendit,
2373 3365 2561 3405 eorum
2601 3350 2810 3405 scelera
2857 3349 3067 3402 blandis
3109 3351 3289 3404 verbis
3330 3360 3484 3404 eate-

1892 3457 2063 3498 nuare
2104 3457 2208 3497 non
2242 3441 2543 3505 sustinens,
2582 3455 2683 3494 nec
2713 3440 2831 3493 loco
2864 3455 3006 3493 vera:
3042 3441 3298 3494 amicitiae
3330 3439 3484 3492 valde

1890 3532 2265 3587 detestandam
2293 3530 2660 3583 adulationem
2683 3529 2974 3582 adhibens.
3007 3529 3099 3582 Sic
3127 3545 3254 3596 erga
3292 3544 3483 3584 omnes

1889 3624 2118 3680 affectus
2143 3633 2284 3687 erat,
2318 3630 2377 3676 ιιι
2418 3635 2593 3690 neque
2637 3621 3018 3674 contentiones
3062 3620 3228 3690 336
3259 3621 3288 3672 b
3331 3635 3486 3674 anta-

1892 3729 1994 3783 ret,
2021 3731 2195 3785 neque
2222 3714 2536 3769 inimicitias
2561 3721 2754 3783 sponte
2785 3713 3110 3781 susciperet,
3140 3729 3261 3782 qua:
3290 3715 3473 3767 omnia

1885 3814 2002 3880 t-jns
2027 3811 2200 3864 forma
2237 3809 2398 3877 digna
2430 3817 2608 3862 erant.

166 3903 260 3974 τῷ
290 3905 499 3975 ἐλέγχῳ
522 3905 630 3955 τῶν
651 3903 1006 3974 ἀνθρωπίνων
1052 3905 1504 3974 πονηρευμάτων.
1540 3908 1635 3960 Ὢν
1659 3909 1765 3980 γάρ
1805 3909 2160 3979 ἑτοιμότατος
2186 3905 2267 3966 είς
2315 3901 2643 3973 εὐεργεσίαν
2673 3903 2742 3966 ⁷⁷,
2775 3901 2855 3955 ἔτι
2911 3902 3008 3954 καὶ
3076 3899 3266 3954 τούτου
3349 3917 3484 3970 προσ

165 3998 489 4066 χειρότερος
521 3991 590 4067 ἦν
619 3997 698 4058 είς
724 3995 1042 4066 ἐπιτίμησιν
1109 3995 1210 4064 τῆς
1273 3996 1562 4066 πονηρίας.
1611 4001 1704 4052 Διὸ
1753 4001 1846 4054 καὶ
1889 3998 2039 4070 θαμά
2122 3997 2188 4065 δὴ
2245 3995 2464 4060 πολλοῖς
2541 3995 2936 4065 προσέκρουεν,
2990 3993 3092 4046 οὐκ
3159 3995 3483 4065 ἀνεχόμενος

166 4091 361 4144 αὐτῶν
403 4091 500 4160 τήν
559 4090 762 4143 κακίαν
823 4090 1336 4161 ύπονορίζεσταιτε,
1393 4091 1518 4145 ούδέ
1567 4094 1809 4164 μελετῶν
1849 4097 1970 4150 ἀντὶ
2035 4097 2135 4165 τῆς
2192 4091 2456 4162 ἀληθινῆς
2511 4091 2694 4161 φιλίας
2753 4091 2853 4161 τὴν
2913 4090 3251 4163 πολυάρατον
3325 4093 3485 4145 κολα-

165 4189 336 4241 κείαν
368 4187 434 4239 '9.
468 4184 604 4238 Οὔτε
637 4185 922 4253 φιλαιτίως
966 4185 1089 4238 οὔτε
1139 4185 1475 4258 ἐθελέχθρως
1518 4191 1655 4260 πρὸς
1684 4191 1874 4247 οὐδένα
1905 4189 2144 4264 [54811.]
2173 4189 2430 4242 διέκειτο.

248 4281 491 4334 Τοιαῦτα
506 4280 551 4312 ⁸⁸)
575 4281 603 4332 6
620 4281 888 4350 ἡμέτερος
911 4280 1201 4333 ἐπεπόνθει
1222 4281 1513 4352 φιλόσοφος
1543 4284 1637 4338 ὑπ’
1657 4286 1786 4352 ἔρω-

1963 4286 2085 4340 llaec.
2124 4297 2310 4339 noster
2351 4284 2705 4354 philosophus
2755 4283 2825 4338 ob
2868 4284 3045 4338 zelum
3089 4286 3155 4339 ad
3198 4288 3478 4345 hominum

161 4394 268 4440 τος
296 4375 395 4445 μὲν
427 4375 526 4444 τῆς
553 4376 678 4445 περὶ
695 4373 738 4404 ⁸¹
770 4378 839 4426 τά
865 4373 1183 4444 ἀνθρώπινα
1207 4375 1514 4444 πράγματα
1545 4377 1786 4449 ,διορθώ-

1893 4393 2070 4432 mores
2125 4379 2500 4447 corrigendos,
2557 4386 2612 4430 et
2667 4377 2737 4431 ob
2792 4376 3106 4431 inimicitias
3163 4379 3476 4448 odiumque.

166 4485 340 4531 σεως,
375 4466 577 4536 ἔχθρας
616 4465 673 4518 δέ
701 4466 794 4518 καὶ
825 4466 1016 4536 μίσους
1043 4464 1415 4520 ἀδιαλλάκτου
1435 4468 1545 4522 τῶν
1581 4471 1786 4540 κακοή-

1893 4473 2085 4540 quibus
2127 4470 2328 4538 flagitia
2367 4469 2649 4525 hominum
2681 4469 3132 4537 prosequebatur.
3171 4468 3352 4523 Solers
3381 4471 3480 4525 fuit

164 4549 287 4616 οων
312 4559 780 4631 ἐπιτηδευμάτων.
821 4559 1170 4629 Ἀγχίνουςδέ
1190 4559 1265 4612 ῶν
1281 4560 1327 4591 δ’
1339 4561 1434 4613 καὶ
1452 4562 1786 4634 ἐπιστρεφὴς

1893 4572 1942 4616 et
1982 4563 2305 4629 industrius,
2347 4568 2403 4616 et
2448 4560 2663 4614 facilem
2714 4574 2771 4614 se
2814 4573 3137 4627 contemqne
3181 4561 3475 4629 praebebat.

164 4656 328 4723 ὅμως
355 4671 407 4706 τι
454 4655 550 4706 καὶ
611 4652 1006 4722 εύπαράγωγον
1065 4651 1433 4706 ἐπεδείκνυτο.
1496 4653 1618 4706 Τῶν
1675 4655 1774 4724 μὲν

1893 4656 2064 4710 Facile
2114 4654 2258 4709 enim
2301 4651 2748 4706 adnumeraverit
2797 4652 2920 4719 quis
2978 4665 3104 4705 eum
3155 4655 3474 4718 mansuetis,

169 4749 290 4815 γὰρ
331 4746 588 4799 ἐπιεικῶν
639 4739 778 4797 εἴναι
835 4743 1322 4814 προσποιουμένων
1345 4744 1396 4776 ⁸⁸
1455 4745 1656 4816 ῥᾳδίως
1711 4746 1776 4800 ἄν

1893 4747 2036 4812 quasi
2071 4760 2175 4798 non
2211 4753 2470 4799 accurate
2502 4744 2618 4798 haec
2650 4743 3028 4810 investigaret,
3074 4744 3214 4810 quod
3260 4761 3369 4812 prtn
3403 4747 3476 4795 le-

162 4857 260 4900 τις
298 4839 460 4891 αὐτὸν
497 4838 848 4908 παρήγαγεν,
932 4835 1027 4888 ἆτε
1110 4836 1211 4888 οὐκ
1285 4836 1620 4905 ἐπιφέροντα
1682 4837 1775 4890 ἐπὶ

1893 4838 2055 4892 nitate
2089 4839 2271 4892 minus
2298 4845 2444 4892 esset
2484 4837 2763 4904 suspicax,
2795 4837 2840 4890 si
2881 4835 3011 4905 quid
3066 4843 3246 4889 tamen
3281 4852 3475 4904 snspe-

159 4931 335 4984 τούτο
362 4931 409 4962 ⁸⁸
440 4930 604 5002 ἁριϐἦ
632 4930 884 4994 ἐξέτασιν
933 4927 1020 4980 διά
1061 4925 1120 4979 τὸ
1173 4926 1276 4995 τῆς
1329 4927 1632 4990 ἐπιεικείας
1678 4928 1776 4980 ἀν-

1893 4929 2067 4982 etione
2105 4927 2284 4981 futura
2337 4936 2714 4983 antevertente
2754 4927 2975 4998 dignum
3010 4926 3218 4991 fuisset,
3259 4929 3304 4982 si
3347 4927 3474 4996 quid

157 5024 438 5076 ύποπτον·
509 5025 537 5076 6
577 5022 632 5075 δέ
655 5022 755 5090 τῆς
781 5018 1272 5090 προλαμϐανούσης
1298 5018 1533 5088 ὑποψίας
1565 5019 1714 5084 ἄξιος
1731 5019 1780 5059 ⁸⁵

1893 5019 1993 5074 doli
2026 5031 2118 5074 ant
2146 5020 2466 5074 insidiarum
2496 5030 2662 5085 esset,
2693 5019 2916 5072 minime
2941 5035 3061 5073 eum
3095 5019 3303 5074 fefellit.
3334 5019 3472 5075 Cum

129 5103 274 5164 ὀὒκ
305 5112 372 5166 ἂν
417 5113 580 5166 αὑτὸν
612 5112 798 5165 ὲλαθεν
847 5108 1152 5179 ἐνεδρεύων
1175 5110 1296 5162 οὐδὲ
1331 5109 1547 5162 πλέκων
1574 5109 1779 5173 δόλους.

1893 5119 1997 5164 tres
2019 5111 2128 5164 sint
2151 5119 2337 5180 partes
2373 5109 2457 5163 vel
2482 5110 2693 5178 species
2724 5111 2941 5175 animas,
2977 5110 3057 5163 vel
3091 5120 3147 5164 ut
3175 5110 3262 5163 cui
3299 5110 3474 5178 placet

155 5204 192 5256 Ἰ
220 5206 360 5272 μῶν
413 5205 468 5257 δέ
525 5206 695 5258 ὄντων
760 5202 944 5274 μερῶν
1025 5200 1058 5270 ἢ
1125 5198 1284 5252 εῑδῶν
1350 5199 1450 5271 τῆς
1479 5199 1527 5232 ⁸⁸
1558 5199 1776 5269 ψυχῆς,

1893 5201 2184 5271 appellare,
2219 5201 2485 5270 triplicem
2516 5201 2631 5256 ﬁeri
2667 5202 2934 5256 rationem
2963 5202 3087 5256 vitae
3115 5201 3272 5267 dixit,
3307 5219 3469 5272 quam

1531 5296 1775 5352 VARle
1812 5297 2230 5357 LECTIONES.

247 5395 607 5476 "lf‘acz‘téEtm:
630 5393 698 5476 Α..ζ
724 5390 993 5462 ἑκατέραν
1157 5388 1211 5476 ’ξ
1231 5385 1378 5476 ᾔτει]⁷
1395 5389 1520 5476 ﬂeor.
1663 5475 1672 5476 ί
1770 5389 1888 5476 πῶς
1916 5391 1957 5444 Λ
1982 5407 1996 5476 Ξ
2032 5392 2135 5445 ποῦ
2159 5410 2221 5476 ς’.
2299 5391 2344 5476 ’ξ
2367 5389 2692 5476 εὐεργεσίαν
2721 5389 2802 5476 ΑΞ
2832 5389 3097 5471 ἐργασίαν
3133 5409 3216 5476 φ’
3255 5389 3316 5476 "5
3337 5390 3470 5444 ὑπο·

250 5411 296 5427 "
325 5411 486 5448 εκατε
526 5412 601 5447 ων
630 5411 694 5454 Α,
724 5411 993 5462 εκατεριν
1023 5411 1084 5443 Ι).
1162 5411 1203 5420 "'
1231 5411 1374 5460 ῃτει]
1401 5411 1520 5476 Ἶτοι
1555 5411 1614 5441 Ι).
1697 5411 1739 5423 "'
1770 5411 1888 5452 πως
1916 5411 1957 5444 Λ
1982 5411 1995 5442 ἰ
2032 5411 2135 5445 που
2159 5411 2221 5457 ς’.
2305 5411 2338 5424 ¹’
2368 5411 2692 5462 ευεργεσιαν
2721 5411 2794 5443 AI
2832 5411 3097 5461 εργασιαν
3133 5411 3193 5456 ς.
3275 5411 3316 5422 ’”’
3337 5411 3467 5444 υπο⁴

149 5411 523 5537 πορίζεσθαιῖ
550 5464 622 5519 cf.
656 5464 830 5531 Toup.
862 5462 1137 5516 emendat.
1173 5475 1233 5514 ιι.
1265 5476 1316 5528 p.
1349 5461 1474 5515 515.
1541 5463 1587 5493 ⁷⁸
1617 5468 1738 5526 post
1773 5458 2065 5515 κολακείαν
2095 5464 2254 5532 vulgo
2278 5462 2482 5515 addunt
2513 5462 2628 5515 haec
2651 5459 2802 5514 δοκεῖ
2836 5478 2926 5531 μοι
2953 5461 3125 5514 ταῦτα
3147 5459 3467 5530 ἁξιόμομφα

149 5537 530 5584 ¹ιιειιθεειιτόινοιι.
561 5536 653 5584 sed
688 5548 798 5584 me.
840 5535 880 5584 A
905 5549 918 5580 :
945 5533 1000 5583 ἐν
1026 5531 1102 5584 τῶ
1148 5529 1385 5584 μετώπω
1423 5527 1488 5584 ἦν
1518 5528 1620 5584 τῆς
1644 5529 2002 5584 πρωτοτύπου
2033 5531 2260 5584 Βιϐλίου·
2295 5534 2324 5584 ὁ
2371 5532 2428 5584 δὲ
2463 5530 2819 5584 μεταγράψας
2857 5532 2952 5584 καὶ
3003 5529 3160 5583 τοῦτο
3205 5531 3353 5584 ἐντὸς
3383 5535 3467 5584 τέ-

149 5531 530 5597 ἳιαθεστάναί,
561 5536 653 5614 sed
688 5548 798 5600 mg.
840 5535 880 5585 A
905 5549 918 5580 :
934 5533 1000 5612 ἐν
1026 5531 1102 5600 τῷ
1147 5531 1394 5614 μετώπῳ.
1423 5531 1488 5599 ἦν
1518 5531 1620 5598 τῆς
1644 5531 2002 5598 πρωτοτύπου
2031 5531 2260 5602 βιϐλίου⁶
2295 5534 2324 5586 ὁ
2371 5532 2428 5584 δὲ
2463 5531 2819 5617 μεταγράψας
2840 5532 2952 5612 ,καὶ
3003 5531 3160 5583 τοῦτο
3205 5531 3353 5593 ἐντὸς
3383 5535 3470 5584 τέ..

149 5611 350 5663 Θεικε.
427 5607 473 5638 ⁸⁸
497 5603 798 5680 τοιαυταΑΛ
821 5617 1032 5680 {causa
1065 5619 1138 5680 g._
1203 5601 1248 5632 “
1277 5602 1482 5680 περι-ί)
1510 5618 1522 5653 :
1561 5599 1696 5680 πρὸς
1731 5617 1790 5680 ς.
1868 5601 1913 5680 εξ
1942 5603 2150 5680 an}:
2185 5601 2353 5680 @3116
2387 5602 2597 5680 δέμάγχ.
2629 5618 2729 5680 ων.
2757 5600 2954 5680 sumas
2985 5617 3036 5654 ν.
3076 5601 3463 5680 Ἐπιστρεφής,

205 5680 271 5731 ui
319 5692 440 5730 mox
492 5692 601 5732 om.
650 5675 762 5728 καί.
805 5673 883 5744 Ῠ⁸³
911 5671 1252 5744 ποιουμένων
1281 5668 1364 5725 Α.
1393 5670 1468 5744 ﬂ“
1492 5668 1698 5744 τοῦτον
1724 5671 1789 5744 Α,
1821 5668 2129 5744 τούτων’Βΐ
2198 5675 2244 5706 ⁸⁵
2275 5668 2310 5728 6
2337 5676 2410 5713 -—’
2438 5668 2587 5740 ἄξιος
2614 5702 2683 5712 -
2713 5671 3008 5744 ἐνεδρεύων
3038 5702 3111 5712 -
3137 5668 3352 5726 πλέκων
3375 5672 3465 5727 A:

149 5697 271 5746 qut
319 5697 440 5730 mox
492 5697 601 5732 0111.
650 5697 762 5728 και.
836 5697 883 5704 "'
911 5697 1252 5741 ποιουμενων
1281 5697 1346 5725 ιι.
1503 5697 1692 5722 ἰυυδυν
1724 5697 1789 5732 ιι,
1821 5697 2028 5725 τουτων
2061 5697 2124 5727 υἱ
2198 5697 2243 5706 "'
2281 5697 2310 5728 ο
2337 5702 2406 5713 -
2438 5697 2463 5726 a

151 5747 194 5804 ὃ
234 5747 484 5813 -έᾶξεον
517 5777 586 5787 -
613 5743 891 5816 ἐνεδρεῦον
929 5773 988 5782 -
1012 5743 1212 5794 πλέκον
1248 5759 1309 5806 ς.
1385 5742 1430 5776 ⁸⁸
1455 5741 1554 5811 τῆς
1595 5739 1722 5794 add.
1754 5740 1824 5792 Α.
1855 5741 1929 5794 cf.
1964 5741 2164 5802 Suidas
2196 5762 2246 5799 v.
2277 5745 2463 5815 Ψυχή·

253 5908 364 5984 (99)
397 5909 474 5966 Ex
501 5907 905 5965 Platonicorum
941 5906 1234 5963 sententia.
1725 5832 1960 5895 δΟΤιλΕ.
