3954 6446
256 296 387 357 ῙΞῖιἹ

1303 286 1825 349 BIBLIOTHECA.
1858 308 1928 320 -
1966 283 2129 344 COD.
2171 283 2447 345 CCXLII.

3378 289 3513 353 1258

239 407 345 457 τῶν
374 402 555 457 καλῶν
584 404 679 456 καὶ
713 402 935 471 ἀγαθῶν
952 401 1253 455 δεινότατον
1271 402 1525 470 ίχνευτήν
1551 416 1564 431 ο
1586 397 1765 462 ὀξεῖαν
1796 396 1819 427 ’⁵

1928 408 2165 448 amorem
2196 393 2406 450 honesti
2439 404 2495 450 et
2522 396 2644 452 boni
2677 398 3069 469 peritissimum
3103 402 3506 471 indagatorem,

240 497 329 548 καί
362 493 617 563 ἀγχίνουν
655 493 870 561 φύσεως
899 493 1143 562 δύναμιν.
1188 490 1281 543 ἐπὶ
1330 491 1500 543 πολλὰ
1534 490 1600 543 δι’
1643 488 1824 555 ὀλίγου

239 588 500 656 φέρεσθαι
526 585 850 655 δυναμένην,
882 582 1238 654 ἑτοιμοτάτην
1268 582 1507 636 συνιέναι
1565 580 1658 633 καὶ
1686 595 1828 647 γνω-

241 679 407 748 ρίζειν
432 678 500 730 τὰ
540 677 659 746 ίχνη
696 676 806 729 τῶν
847 676 1204 746 θηραμάτων,
1243 674 1346 727 ὃσα
1377 690 1437 725 τε
1463 675 1483 705 ⁵
1522 671 1697 741 ἀληθῆ
1732 670 1826 723 καὶ

236 772 338 822 ὅσα
368 768 538 838 ψευδῆ
574 772 692 820 ἐστι
721 767 858 839 πρὸς
887 771 986 837 τὴν
1028 768 1205 836 ἄγραν
1231 782 1246 798 ο
1280 767 1343 820 ἐκ
1375 766 1432 820 δὲ
1469 762 1536 819 αὖ
1574 765 1774 834 τρίτων
1804 766 1825 797 ⁸

238 858 550 929 φιλοπονίαν
588 857 853 927 ἄτρυτον,
889 859 991 911 οὐκ
1030 858 1209 912 ἐῶσαν
1247 857 1345 927 τὴν
1388 856 1566 926 ψυχὴν
1597 857 1826 927 ἠρεμεῖν

236 952 337 1015 ἓως
374 951 440 1004 ἂν
473 950 565 1002 ἐπὶ
590 950 740 1013 τέλος
769 950 897 1023 ἔλθῃ
936 948 1029 1005 τοῦ
1082 952 1404 1020 κυνηγεσίου
1427 988 1443 1013 ,
1489 949 1518 1001 ὅ
1555 949 1672 1001 ἐστι
1724 946 1825 1017 τῆς

236 1043 495 1113 ἀληθείας
521 1045 554 1111 ἡ
586 1041 825 1112 εὕρεσις.

312 1136 434 1187 Ὅτι
489 1134 769 1203 ἀγχίνοιαν
823 1134 917 1187 καὶ
963 1130 1197 1203 ὀξύτητα
1230 1132 1258 1184 ὁ
1315 1131 1603 1201 Ἰσίδωρος,
1635 1131 1822 1201 φησὶν,

235 1222 419 1286 ἔλεγεν
448 1222 509 1274 οὐ
542 1223 641 1293 τὴν
671 1221 956 1291 εὐκίνητον
1002 1220 1302 1290 φαντασίαν
1328 1260 1342 1283 ,
1379 1220 1499 1273 οὐδὲ
1541 1219 1639 1288 τὴν
1668 1219 1825 1283 δοξα-

239 1316 431 1385 στικὴν
474 1316 725 1383 εὐφυΐαν,
762 1314 882 1366 οὐδὲ
924 1313 1091 1385 μόνην
1124 1313 1221 1381 (ὡς
1252 1313 1316 1367 ἄν
1336 1330 1421 1375 τις
1445 1313 1679 1382 οἰηθείη)
1705 1312 1823 1365 διά-

235 1424 384 1460 νοιαν
408 1405 662 1476 εὔτροχον
694 1406 789 1459 καὶ
831 1406 1055 1475 γόνιμον
1096 1404 1356 1473 ἀληθείας
1380 1420 1393 1435 ο
1428 1405 1487 1457 οὐ
1520 1406 1628 1475 γὰρ
1682 1400 1822 1458 εἶναι

233 1500 437 1563 τιιύτας
466 1500 669 1564 αἰτίας,
712 1500 849 1553 ἀλλὰ
871 1502 937 1570 τῇ
984 1498 1133 1570 αἰτίᾳ
1161 1498 1434 1551 δουλεύειν
1477 1499 1556 1561 εἰς
1584 1499 1769 1569 νόησιν
1806 1512 1822 1528 ⁶

234 1593 332 1661 τὴν
379 1593 434 1645 δὲ
472 1588 610 1645 εἶναι
654 1592 805 1644 θείαν
848 1590 1176 1661 κατοκωχὴν
1224 1592 1264 1654 ⁷,
1302 1590 1487 1661 ἡρέμα
1525 1590 1825 1658 διανοίγου-

236 1702 336 1739 σαν
386 1686 481 1738 καὶ
519 1685 998 1755 ἀποκαθαίρουσαν
1044 1682 1066 1715 ⁸
1114 1683 1185 1735 τά
1232 1682 1330 1753 τῆς
1358 1683 1538 1753 ψυχῆς
1576 1682 1820 1753 ὄμματα,

234 1778 331 1831 καὶ
375 1777 452 1848 τῷ
493 1777 667 1848 νοερῷ
720 1778 859 1846 φωτὶ
904 1776 1386 1846 καταλάμπουσαν,
1421 1777 1500 1838 είς
1549 1774 1678 1829 θέαν
1727 1775 1820 1828 καὶ

234 1867 497 1937 γνὼρισιν
535 1870 556 1899 ³
599 1866 693 1919 τοῦ
718 1864 952 1935 ἀληθοῦς
978 1867 1070 1919 καὶ
1100 1864 1194 1917 τοῦ
1232 1864 1485 1933 ψεύδους.
1521 1864 1819 1934 Εὐμοιρίαν

235 1959 443 2027 ταύτην
493 1958 700 2021 ἐκεῖνος
751 1956 1023 2026 ὠνόμαζε,
1060 1957 1152 2009 καὶ
1182 1956 1258 2019 ὡς
1308 1956 1461 2008 οὐδὲν
1508 1958 1706 2023 γένοιτ’
1753 1956 1820 2009 ἃν

234 2050 425 2118 ὄφελος
460 2050 587 2104 ἄνευ
616 2049 923 2119 εὐμοιρίας,
950 2047 1025 2111 ὡς
1062 2048 1181 2101 οὐδὲ
1209 2048 1504 2117 ὀφθαλμῶν
1554 2047 1822 2115 ὑγιαινόν-

234 2160 346 2195 των
377 2142 569 2211 ὄφελος
608 2143 739 2201 ἄνευ
766 2141 862 2194 τοῦ
897 2141 1150 2211 οὐρανίου
1182 2140 1380 2209 φωτὸς,
1412 2140 1718 2193 διετείνετο.
1748 2140 1821 2193 Τὸ

235 2232 536 2303 ὑψηλόνουν
567 2232 609 2263 ¹⁰
636 2232 732 2286 καὶ
760 2230 1139 2303 τελεσιουργὸν
1161 2225 1330 2300 εἶχεν,
1349 2230 1410 2282 οὐ
1436 2247 1539 2302 περ
1554 2229 1647 2283 ιτά
1670 2229 1820 2283 κάτω

237 2324 627 2395 στρεφόμενον,
674 2324 791 2377 ἀλλ’
832 2323 996 2386 εὐθὺς
1055 2322 1410 2393 ἀναθρῶσκον
1461 2321 1569 2375 ἀπὸ
1617 2323 1819 2392 μικρᾶς

232 2417 491 2487 ἀφορμῆς
531 2417 625 2469 ἐπὶ
663 2417 733 2470 τά
764 2415 1114 2486 πρεσϐύτατα
1153 2414 1261 2468 τῶν
1290 2413 1598 2486 θεαμάτων,
1630 2414 1821 2478 αὐταῖς

232 2526 301 2577 γε
340 2512 459 2573 ταῖς
504 2510 793 2570 Πλάτωνος
845 2509 1146 2578 ἀκηράτοις
1178 2508 1409 2569 ἐννοίαις
1445 2509 1504 2561 οὐ
1552 2507 1693 2560 κατά
1722 2508 1820 2572 τὰς

236 2601 490 2672 συνήθεις
528 2601 636 2653 τῶν
677 2599 889 2653 πολλῶν
918 2600 1223 2669 φιλοσόφων
1258 2598 1514 2662 ἐπιϐολὰς
1542 2598 1816 2669 ἐνεφύετο,

236 2693 381 2762 μετὰ
408 2693 465 2746 δέ
500 2709 564 2760 γε
594 2693 856 2745 Πλάτωνα
893 2691 990 2744 καὶ
1021 2693 1141 2753 ταῖς
1191 2689 1531 2759 θαυμασταῖς
1587 2691 1821 2760 Ἰαμϐλί-

233 2801 335 2855 χου
372 2782 692 2854 περινοίαις.
728 2781 851 2835 Ὅτι
878 2782 979 2836 οὐκ
1008 2781 1222 2850 ὀλίγους
1245 2782 1354 2834 τῶν
1383 2782 1821 2850 φιλοσοφούντων

228 2876 455 2943 ὁρῶμεν
503 2875 598 2927 καὶ
644 2873 954 2944 ἀκούομεν,
984 2876 1109 2936 τοὺς
1143 2874 1242 2944 μὲν
1289 2874 1488 2928 ἄϐατον
1536 2869 1676 2927 εἶναι
1730 2874 1821 2926 τὸν

248 2965 556 3035 Ἰάμϐλιχον
596 2965 895 3034 οἰομένους,
933 2965 1059 3027 τοὺς
1089 2963 1146 3017 δὲ
1190 2964 1411 3019 αὐθάδει
1444 2963 1821 3035 μεγαληγορίᾳ

227 3058 411 3127 λόγων
449 3058 509 3112 τὸ
538 3056 698 3112 πλέον
731 3058 765 3129 ἢ
800 3058 1028 3128 ἀληθείᾳ
1064 3058 1405 3128 πραγμάτων
1437 3059 1818 3127 ἐπαιρόμενον.
1848 3084 1890 3142 c

242 3149 573 3221 Ῥητορικῆς
632 3149 729 3203 καὶ
788 3148 1077 3218 ποιητικῆς
1142 3148 1485 3217 πολυμαθίας
1539 3149 1580 3179 ³⁸
1648 3147 1823 3219 μικρά

226 3242 433 3311 ἥψατο,
482 3244 561 3306 εἰς
611 3240 669 3293 δὲ
714 3241 815 3311 τὴν
862 3240 1143 3312 θειοτέραν
1178 3240 1497 3310 φιλοσοφίαν
1532 3237 1823 3310 ἐξώρμησε

227 3333 335 3402 τὴν
364 3332 786 3405 Ἀριστοτέλους.
832 3330 1007 3402 Ὁρῶν
1056 3331 1113 3385 δὲ
1158 3330 1364 3402 ταύτην
1414 3331 1493 3400 τῷ
1539 3330 1823 3401 ἀναγκαίῳ

233 3423 439 3493 μᾶλλον
479 3423 513 3493 ἢ
558 3422 637 3493 τῷ
677 3421 865 3491 οἰκείῳ
902 3421 979 3491 νῷ
1016 3421 1405 3487 πιστεύουσαν,
1440 3423 1535 3475 καὶ
1564 3423 1823 3492 τεχνικὴν

236 3514 339 3584 μὲν
371 3514 568 3576 ἱκανῶς
598 3510 737 3567 εἶναι
772 3513 1207 3580 σπουδάζουσαν,
1238 3515 1298 3567 τὸ
1324 3514 1381 3566 δὲ
1421 3513 1603 3567 ἔνθεον
1642 3514 1675 3583 ἢ
1708 3530 1826 3567 vos-

230 3607 332 3677 ρὸν
366 3606 424 3658 οὐ
462 3607 604 3659 πάνυ
656 3603 1124 3675 προϐαλλομένην,
1173 3603 1352 3672 ὀλίγον
1398 3604 1493 3657 καὶ
1539 3601 1744 3673 ταύτης
1794 3603 1824 3655 ὁ

247 3697 519 3766 Ἰσίδωρος
553 3697 852 3763 ἐποιήσατο
903 3695 1085 3762 λόγον.
1133 3695 1223 3760 Ὦς
1271 3695 1327 3748 δὲ
1377 3693 1486 3747 τῶν
1534 3694 1823 3755 Πλάτωνος

226 3787 503 3856 ἐγεύσατο
518 3788 829 3859 νοημάτων,
846 3786 1033 3839 οὐκέτι
1055 3786 1382 3841 παπταίνειν
1402 3785 1553 3853 ἠξίου
1577 3786 1822 3858 πόρσιον,

225 3880 311 3942 ὡς
340 3879 445 3947 ἔφη
478 3879 762 3949 Πίνδαρος,
794 3878 929 3931 ἀλλὰ
964 3877 1114 3941 τέλος
1156 3877 1302 3947 ἐχειν
1343 3877 1591 3947 ἤλπιζεν,
1634 3878 1683 3928 εἰ
1722 3874 1822 3944 τῆς

232 3972 523 4033 Πλάτωνος
557 3971 795 4034 διανοίας
840 3971 973 4024 είσω
1002 3970 1111 4023 τῶν
1152 3968 1360 4023 ἀδύτων
1401 3967 1656 4038 δυνηθείη
1710 3967 1825 4021 δια-

232 4064 442 4128 ϐαλεῖν,
468 4066 561 4116 καὶ
589 4063 724 4136 πρὸς
757 4062 915 4116 τοῦτο
940 4064 981 4095 ³⁸
1008 4066 1037 4117 ὀ
1071 4063 1177 4125 πᾶς
1207 4060 1357 4133 αὐτῷ
1378 4061 1578 4131 δρόμος
1601 4062 1823 4113 ὲτέτατο

228 4157 334 4221 τῆς
371 4154 627 4223 σπουδῆς.
680 4154 804 4206 Ὅτι
856 4152 965 4206 τῶν
1025 4152 1122 4222 μὲν
1172 4150 1480 4205 παλαίτατα
1529 4150 1823 4220 φιλοσοφη-

234 4249 450 4299 σάντων
486 4245 807 4316 Πυθαγόραν
841 4245 935 4298 καὶ
977 4244 1240 4298 Πλάτωνα
1291 4244 1519 4310 θειάζει,
1567 4245 1662 4297 καὶ
1711 4245 1821 4297 τῶν

230 4335 637 4404 ὲπτερωμένων
678 4336 721 4365 ⁸³
782 4335 1009 4389 ἐκείνων
1051 4334 1240 4405 ψυχῶν
1296 4331 1461 4396 εἶναι,
1503 4337 1559 4390 αἳ
1612 4337 1690 4399 εἰς
1726 4337 1819 4388 τὸν

1930 496 2146 541 acutam
2175 486 2546 557 solertemque
2587 490 2787 561 ingenii
2821 491 3159 561 facultatem,
3210 510 3330 565 quae
3362 497 3510 552 brevi

1930 576 1998 630 ad
2035 576 2200 630 multa
2234 576 2361 630 ferri
2419 580 2609 647 possit,
2666 581 3133 650 promptissimam
3189 586 3256 637 ad
3312 586 3515 642 intelli-

1929 668 2164 737 gendum
2212 678 2269 723 et
2318 674 2748 737 cognoscendum
2799 674 3023 744 vestigia
3054 690 3235 730 rerum
3264 692 3515 747 qutrren-

1929 760 2138 823 darum,
2166 774 2288 829 quae
2322 775 2471 825 vera,
2502 778 2623 832 quae
2644 762 2775 818 falsa
2823 766 2889 819 ad
2918 766 3328 835 adipiscendum
3362 769 3511 824 sint:

1929 865 1959 902 e
1989 850 2167 906 tribus
2198 852 2283 906 his
2320 853 2526 907 laboris
2575 872 2733 911 amur
2787 858 3093 913 indefessus
3144 861 3343 925 oritur,
3404 876 3510 915 non

1930 943 2254 1011 permittens
2292 945 2534 999 animum
2597 948 2910 1016 quiescere,
2952 952 3125 1005 donec
3169 952 3234 1005 ad
3288 952 3514 1006 investi-

1930 1035 2091 1104 gandi
2132 1034 2295 1090 linem
2320 1039 2553 1103 venerit,
2592 1041 2797 1108 quiest
2836 1041 3085 1096 veritatis
3130 1042 3372 1098 inventio
3403 1044 3506 1116 (5).

2004 1123 2297 1202 Solertiam
2320 1128 2742 1183 etacrimouiam
2764 1130 3005 1187 Isidorus
3020 1131 3158 1186 dixit
3176 1147 3298 1187 esse
3325 1134 3513 1202 imagi-

1930 1216 2200 1272 nationem
2239 1234 2344 1274 non
2370 1219 2530 1275 facile
2547 1222 2826 1288 mobilem,
2849 1238 3023 1292 neque
3050 1225 3324 1294 ingenium
3352 1219 3512 1282 facile

1929 1309 2211 1377 opiniones
2238 1312 2685 1378 comminiscens,
2744 1329 2919 1384 neque
2975 1315 3172 1381 solam,
3229 1332 3285 1371 ut
3316 1319 3514 1388 aliquis

1931 1400 2159 1467 putarit,
2229 1403 2648 1472 intelligentiam
2703 1406 3023 1476 volubilem,
3093 1417 3148 1463 et
3201 1410 3513 1480 gignentent

1928 1495 2239 1549 veritatem.
2273 1492 2464 1563 Neque
2494 1496 2638 1549 enim
2669 1498 2765 1552 has
2810 1514 2930 1553 esse
2962 1516 3177 1568 causas,
3213 1506 3307 1559 sed
3330 1506 3397 1559 ad
3428 1507 3513 1561 in-

1931 1587 2280 1658 telligendum
2325 1603 2503 1643 causa:
2533 1590 2739 1645 servire
2778 1610 2791 1644 :
2830 1594 3070 1648 divinum
3101 1610 3228 1651 vero
3253 1611 3373 1652 esse
3428 1600 3512 1653 in-

1929 1683 2209 1744 stinctum,
2244 1680 2432 1735 sedate
2458 1681 2790 1749 aperientem
2824 1693 2880 1737 et
2904 1696 3284 1754 repurgantem
3313 1688 3506 1742 anima:

1927 1770 2134 1837 oculos,
2196 1781 2251 1825 et
2315 1771 2644 1843 intclligibili
2706 1774 2912 1828 lumine
2979 1777 3371 1843 illustrantem,
3444 1780 3513 1834 ad

1925 1877 2110 1917 verum
2154 1860 2455 1931 falsumque
2496 1876 2551 1918 et
2603 1864 2893 1919 videndum
2941 1877 2994 1920 et
3053 1872 3510 1939 cognoscendum.

1922 1957 2126 2011 Bonam
2171 1956 2615 2012 constitutionem
2668 1959 2781 2028 ipse
2825 1960 3147 2029 appellavit,
3197 1942 3512 2033 nullumque

1922 2047 2041 2101 sine
2083 2060 2146 2100 ea
2185 2058 2306 2123 esse
2350 2046 2798 2115 emolumentum,
2860 2063 3032 2113 neque
3083 2052 3365 2107 oculorum
3424 2071 3514 2110 sa—

1923 2153 2118 2192 norum
2147 2138 2493 2193 commodum
2554 2139 2673 2195 sine
2728 2141 2937 2195 caelesti
2996 2141 3203 2196 lumine
3259 2145 3513 2200 asseruit.

1926 2229 2498 2299 Speculationiaptum
2524 2233 2766 2285 animum
2800 2232 3032 2288 habebat
3063 2235 3222 2289 simul
3257 2245 3311 2290 et
3352 2238 3513 2293 rebus

1925 2322 2178 2392 gerendis
2216 2362 2230 2387 ,
2267 2337 2372 2378 non
2399 2322 2597 2394 3370
2626 2324 2693 2379 ad
2731 2324 2847 2380 haec
2880 2325 3137 2382 inferiora
3175 2328 3510 2394 inclinatum.

1925 2414 2020 2468 sed
2054 2415 2241 2469 statim
2272 2429 2332 2470 se
2381 2416 2684 2471 elevantem
2720 2418 2885 2471 etiam
2915 2433 3081 2487 parva
3124 2421 3413 2477 occasione
3446 2423 3515 2478 ad

1924 2506 2278 2576 praestantissi
2288 2521 2402 2562 mas
2419 2506 2536 2562 illas
2554 2508 3054 2578 contemplationes.
3076 2510 3314 2581 ipsisque
3335 2510 3502 2568 Platu-

1925 2602 2011 2655 nis
2029 2598 2284 2668 perfectis
2304 2600 2613 2655 notionibus
2634 2616 2737 2656 non
2761 2594 3057 2657 secundum
3076 2613 3361 2661 consuetos
3380 2607 3512 2661 alio-

1924 2707 2044 2744 rum
2071 2691 2519 2761 phil050pltorum
2542 2700 2771 2746 conatus
2814 2692 3049 2748 inhzesit.
3074 2693 3199 2749 Post
3226 2693 3506 2751 Platonem

1925 2795 2057 2836 vero
2088 2783 2254 2836 etiam
2291 2781 2584 2837 Jamblichi
2612 2782 2953 2839 mirabilibus
2977 2787 3320 2841 commentis.
3355 2787 3513 2841 Vide-

1930 2888 2052 2929 mus
2087 2874 2294 2930 multos
2320 2874 2765 2945 philosophorum
2788 2884 2843 2930 et
2860 2876 3129 2943 audimus,
3153 2878 3253 2932 hos
3292 2879 3511 2948 quidem

1926 2977 2178 3037 putantes
2211 2964 2578 3022 Jamblichum
2610 2968 2887 3023 intellectu
2907 2968 3176 3025 difﬁcilem
3207 2986 3352 3036 esse,
3394 2972 3514 3027 illos

1928 3073 2057 3113 vero
2089 3061 2235 3113 hunc
2254 3058 2486 3128 superba
2510 3058 2984 3130 grandiloquentia
3016 3061 3302 3117 verborum
3340 3066 3514 3132 magis

1926 3164 2089 3218 quam
2142 3164 2325 3204 rerqu
2394 3150 2630 3205 veritate
2686 3166 2746 3206 se
2800 3150 3134 3208 ell‘erentem.
3192 3151 3512 3209 Rhetoricas

1928 3240 2272 3311 poeticasqne
2300 3250 2447 3296 artes
2481 3256 2675 3311 parum
2702 3242 2907 3313 attigit,
2938 3243 3034 3297 sed
3080 3245 3145 3297 ad
3185 3247 3510 3299 sanctiorem

1925 3334 2241 3388 Aristotelis
2284 3333 2684 3403 philosophiam
2743 3349 2804 3389 se
2859 3337 3155 3401 convertit,
3218 3338 3515 3405 vidensque

1928 3424 2074 3478 illam
2138 3426 2474 3481 necessariis
2542 3426 3057 3482 ratiocinationibus
3128 3428 3300 3497 magis
3348 3444 3513 3498 quam

1927 3517 2146 3587 proprio
2178 3518 2358 3572 sensui
2409 3519 2672 3583 credere,
2734 3527 2789 3572 et
2825 3528 2881 3571 ut
2912 3520 2999 3573 via
3053 3534 3118 3573 ac
3150 3518 3361 3574 ratione
3387 3536 3516 3589 pro-

1925 3607 2104 3673 cedat,
2139 3607 2337 3662 divinis
2361 3618 2545 3663 autem
2577 3608 3066 3677 imaginationibus
3094 3625 3198 3664 non
3247 3610 3381 3665 adeo
3412 3611 3513 3674 uti,

1926 3711 2115 3765 parum
2147 3698 2312 3751 etiam
2341 3697 2407 3751 de
2440 3698 2542 3751 hac
2570 3696 2834 3751 sollicitus
2858 3696 2961 3752 fuit
2989 3715 3005 3751 :
3050 3697 3141 3751 ubi
3172 3707 3351 3752 autem
3386 3696 3513 3753 Pla-

1925 3788 2065 3843 tonis
2093 3788 2398 3843 sententias
2436 3789 2706 3858 gustavit,
2740 3803 2845 3841 non
2885 3787 2999 3856 jam
3029 3791 3297 3858 aspicere,
3352 3800 3410 3843 ut
3438 3792 3516 3844 ait

1926 3875 2194 3932 Pindarus
2223 3877 2326 3947 (4),
2365 3876 2627 3946 dignatus
2650 3887 2734 3931 est
2757 3878 3006 3932 ulterius.
3038 3877 3143 3933 Sed
3198 3880 3358 3933 ﬁnem
3387 3894 3521 3934 cun-

1926 3976 2244 4025 sccuturum
2295 3968 2578 4037 speravit,
2620 3969 2665 4023 si
2716 3969 2770 4023 in
2828 3968 3071 4024 Platonis
3125 3972 3517 4026 sententiarum

1925 4065 2084 4131 adyta
2135 4069 2428 4129 penetrare
2456 4059 2744 4129 potuisset,
2780 4068 2834 4113 et
2877 4075 2944 4115 eo
2978 4076 3138 4115 omne
3186 4078 3344 4116 suum
3400 4072 3517 4117 stu--

1925 4155 2074 4209 dium
2101 4194 2116 4219 ,
2168 4154 2538 4224 impetumque
2568 4154 2858 4209 convertit.
2890 4156 3315 4225 Antiquissimos
3341 4157 3518 4227 philo-

1924 4246 2122 4315 sophos
2154 4243 2521 4316 Pythagoram
2554 4254 2611 4301 et
2646 4245 2922 4301 Platonem
2968 4257 3026 4301 ut
3054 4248 3187 4304 deos
3226 4249 3427 4312 coluit,
3461 4257 3517 4304 ct

1924 4352 2112 4392 eorum
2169 4335 2382 4388 animas
2432 4334 2627 4401 alatas,
2688 4350 2822 4405 quas
2876 4336 2930 4390 in
2990 4337 3167 4391 locum
3234 4353 3511 4406 supercw-

230 4428 627 4498 ύπερουράνιον
653 4429 839 4491 τόπον,
878 4429 960 4490 είς
1000 4428 1060 4480 τὸ
1104 4427 1286 4480 πεδίον
1316 4428 1413 4497 τῆς
1442 4426 1716 4499 ἀληθείας.
1747 4427 1822 4489 εἰς

1936 4428 2149 4491 lcStem,
2172 4426 2337 4496 inque
2358 4439 2608 4495 campum
2632 4427 2897 4491 veritatis,
2928 4436 2983 4480 et
3040 4438 3251 4496 pratum
3277 4429 3515 4484 elevatas

227 4522 325 4575 τὸν
352 4521 595 4591 λειμῶνα
625 4521 734 4575 τῶν
770 4520 931 4573 θείων
971 4521 1227 4589 νέμονται
1258 4519 1437 4584 εἱδῶν,
1474 4520 1583 4573 τῶν
1627 4523 1822 4574 νεωστί⁵

227 4614 288 4667 δε
332 4612 641 4684 Πορφύριον
669 4615 763 4665 καὶ
794 4611 1105 4682 Ἰάμϐλιχον
1136 4612 1233 4666 καὶ
1264 4613 1527 4680 Συριανὸν
1554 4611 1649 4665 καὶ
1678 4613 1822 4684 Πρό-

238 4706 361 4757 κλον
385 4722 399 4737 ο
445 4706 539 4756 καὶ
567 4704 761 4767 ἄλλους
793 4703 852 4756 δὲ
892 4704 949 4755 ὲν
988 4702 1138 4773 μέσῳ
1170 4702 1263 4755 τοῦ
1301 4701 1492 4773 χρόνου
1530 4702 1696 4757 πολὺν
1724 4702 1821 4775 θη-

239 4798 436 4867 σαυρὸν
475 4796 725 4861 συλλέξαι
773 4794 903 4867 [550
942 4794 1038 4867 H.]
1073 4794 1222 4862 λέγει
1252 4796 1563 4865 ἐπιστήμης
1594 4794 1823 4865 θεοπρε-

234 4889 395 4952 ποῦς.
430 4891 569 4953 Τοὺς
606 4889 791 4960 μέντοι
817 4888 989 4957 θνητὰ
1026 4887 1123 4940 καὶ
1154 4885 1473 4957 ἀνθρώπινα
1503 4887 1822 4954 φιλοπονου-

230 4985 432 5054 μένους
485 4982 652 5055 [1036
706 4981 799 5054 R.]
846 4981 879 5050 ἢ
912 4981 1192 5045 συνιέντας
1230 4981 1396 5046 ὀξέως
1433 4981 1466 5051 ἢ
1506 4979 1824 5050 φιλομαθεῖς

1932 4518 2133 4572 divinis
2173 4516 2395 4587 putavit
2451 4516 2589 4571 ideis
2625 4517 2797 4586 pasci.
2828 4516 2901 4572 De
2943 4518 3339 4576 reCcntioribus
3384 4536 3514 4577 vero

1929 4609 2314 4681 Porphyrium,
2346 4607 2735 4675 Jatnblichum,
2764 4607 3079 4679 Syrianum,
3134 4611 3413 4678 Proclum,
3458 4625 3515 4670 et

1932 4701 2072 4754 alios
2102 4700 2296 4754 media:
2335 4698 2536 4760 etatis,
2577 4714 2833 4769 magnum
2869 4702 3182 4758 thesaurum
3222 4706 3515 4776 collegisse

1929 4794 2122 4848 divinae
2173 4791 2417 4847 scientiae
2454 4789 2608 4845 dicit.
2647 4790 2755 4846 Eos
2801 4804 2979 4850 autem
3031 4798 3122 4866 qui
3182 4798 3235 4852 in
3296 4801 3516 4854 caducis

1928 4895 1982 4939 ct
2033 4883 2285 4938 humanis
2334 4880 2532 4935 studiis
2593 4881 2830 4939 libenter
2876 4898 3240 4957 occupantur,
3291 4891 3375 4946 vel
3425 4893 3515 4958 qui

1936 4974 2239 5043 intelligere
2268 4979 2430 5026 acute
2464 4986 2529 5026 ac
2550 4972 2692 5028 scire
2724 4977 2895 5031 multa
2916 4979 3136 5046 volunt,
3157 4997 3261 5035 non
3296 4998 3517 5053 magno.

1492 5097 1723 5153 VARle
1762 5096 2176 5153 LECTIONES.

304 5200 329 5230 ⁵
351 5199 526 5264 ὀξεῖαν
551 5199 605 5253 δὲ
644 5200 738 5254 καὶ
790 5197 989 5253 Suitlas
1018 5212 1074 5251 v.
1119 5194 1413 5265 Ἀγχίνοια.
1449 5192 1521 5248 cf.
1582 5194 1725 5249 idem
1753 5211 1807 5247 v.
1845 5194 2026 5265 Ἔρως
2052 5192 2390 5265 (ει-Στοιχεῖα
2440 5194 2631 5265 ἀρχαί.

622 5278 642 5308 τ
677 5268 995 5338 κατοκωχὴν
1022 5267 1088 5338 Α,
1126 5264 1469 5338 κατοχὴν-ιιι
1506 5265 1838 5338 κατακωχὴν
1870 5282 1908 5329 ς

657 5340 678 5371 ο
708 5334 992 5410 γνώρισιν]
1035 5337 1221 5410 νόησιν
1245 5334 1455 5410 ‘Stt‘idas
1486 5352 1536 5389 ν.
1575 5334 1864 5410 Εὐμοιρία.

234 5271 437 5323 τούτων
462 5269 520 5324 Β.

225 5341 470 5394 ὐποκαθ.
510 5357 549 5404 ς·

227 5413 280 5443 ³³
310 5411 485 5481 τούτῳ
520 5403 581 5475 ς.
692 5403 735 5443 ’⁵
757 5403 1177 5479 ἐπτερωμένων]
1207 5406 1278 5461 cl.
1315 5403 1491 5475 Toup.
1529 5419 1589 5467 tt,
1622 5419 1674 5473 p.
1706 5403 1827 5459 HS.

2735 5193 2757 5225 ⁸
2779 5208 2839 5263 τε
2870 5191 2914 5244 Α
2943 5206 2957 5243 :
2990 5192 3083 5263 τοῦ
3110 5209 3167 5256 ς.
3244 5191 3513 5263 ⁶Δτρίτων]

1941 5278 2065 5317 cum
2096 5260 2729 5334 διιὶιίίίνεΚατακιοχή.
2798 5262 2821 5294 ⁸
2849 5261 3153 5334 “causa
3179 5271 3231 5315 et
3258 5260 3515 5334 ﬁnitas}

1965 5336 2007 5367 ¹⁰
2044 5330 2373 5404 ὑψηλόνουν]
2444 5330 2768 5405 ὑψηλὸνοῦν
2792 5334 2858 5387 Α.
2964 5333 3006 5363 ⁸⁸
3034 5330 3403 5399 πολυμαθείας
3454 5332 3514 5385 Β.

1716 5495 1947 5552 ΝΟΤΛΞ.

306 5596 381 5665 (5)
407 5596 600 5652 Sttitlas
629 5593 862 5646 dictione
896 5591 1169 5661 ἀγχίνοος,
1195 5598 1248 5645 et
1273 5589 1439 5645 llenr.
1461 5590 1650 5660 Steph.
1682 5589 1828 5644 Tite-

221 5684 425 5723 Sanrus
457 5669 507 5719 itt
540 5665 895 5731 ἐπιστρεφὴς.

304 5739 380 5808 (4)
410 5738 522 5793 Oda
567 5738 600 5788 4
636 5728 843 5802 atgm'p;
879 5730 1073 5799 μηκέτι
1121 5731 1389 5785 πάπταινε
1440 5731 1686 5802 πόρσιον.
1741 5728 1823 5784 Ne

552 5830 818 5889 PATROL.
867 5828 981 5885 Gn.
1029 5828 1180 5887 CIII.

1945 5588 2175 5654 amplius
2215 5590 2554 5655 circumspice
2571 5588 2795 5658 longius.
2827 5586 3009 5641 Utitur
3029 5584 3200 5640 etO-la
3226 5584 3259 5638 5
3276 5592 3517 5658 extrema

1936 5672 1987 5712 ct
2021 5662 2071 5712 in
2101 5660 2305 5730 Pythii;
2333 5660 2431 5711 oda
2464 5660 2497 5712 5
2535 5654 2725 5721 ’Όστις
2751 5659 3025 5729 αἱσχήνων
3051 5670 3145 5710 etc.
3173 5666 3229 5709 ut
3248 5654 3517 5725 proverbii

1934 5733 2165 5798 speciem
2184 5731 2430 5786 obtinere
2457 5730 2723 5785 videatur.

3048 5821 3123 5881 £0
