3954 6458
159 323 267 387 1261

147 453 227 490 σαι
285 428 512 497 ὤφελον.

147 527 255 580 σθαι
292 522 414 561 ’τε-’⁸
463 517 697 589 νομίζων
747 517 929 573 οἴκαδε
978 516 1207 587 ἐπανῄει
1254 516 1390 587 μετά
1442 514 1563 587 [551
1617 511 1714 584 IL]

147 611 443 684 παρρησίας
507 607 743 678 ἀτυχοῦς
805 608 900 661 καὶ
954 607 1379 676 κακοδαίμονος,
1435 607 1497 658 οὐ
1555 602 1715 656 πλου-

141 706 295 775 τήσας
346 701 466 753 οὐδὲ
516 697 734 762 σωθεὶς,
789 699 866 761 ὡς
896 696 1058 769 ᾠετο,
1110 697 1249 750 ἀλλὰ
1280 696 1577 767 σημιωθεὶς
1615 694 1715 763 μὲν

141 793 406 856 εὐσεϐείας
446 789 747 859 θεοφιλοῦς,
800 788 1148 859 πανωλεθρίᾳ
1175 788 1233 841 δὲ
1259 788 1357 858 τὴν
1386 788 1567 856 ψυχὴν
1600 786 1717 839 δια-

144 885 377 957 φθαρείς.
445 885 502 936 '0
557 884 659 953 μὲν
691 879 785 936 οῦν
814 883 859 913 ²⁹
890 880 1034 934 οὕτω
1059 880 1345 952 διήντλησε
1388 879 1568 931 πάντα
1624 878 1717 930 τὸν

144 979 251 1049 βίον
279 977 335 1027 ὲν
371 977 700 1045 συμφοραῖς.
734 973 922 1035 Οὐδεὶς
950 972 996 1025 δ’
1028 971 1202 1034 οῦτως
1231 965 1300 1041 ἦν
1341 969 1437 1040 τὴν
1465 968 1645 1038 ψυχὴν
1670 968 1714 1000 ³⁸

138 1066 415 1138 ἀτεράμων
442 1068 535 1118 καὶ
558 1066 855 1137 βάρϐαρος,
891 1064 950 1128 ὃς
984 1064 1083 1117 οὐκ
1100 1063 1347 1116 ἐπείθετο
1375 1063 1418 1094 ³¹
1450 1060 1546 1115 καὶ
1575 1077 1716 1113 κατ-

141 1160 375 1229 εκηλείτο
398 1160 511 1219 τοῖς
548 1158 656 1211 ἀπὸ
686 1156 782 1211 τοῦ
818 1155 964 1227 ἱεροῦ
996 1155 1264 1225 στόματος
1294 1154 1501 1206 ἐκείνου
1534 1154 1718 1224 ῥέουσι

138 1253 308 1321 λόγοις
340 1267 355 1282 ·
385 1250 562 1303 τοιάδε
583 1267 667 1313 τις
698 1248 1009 1318 ἐπεκάθητο
1048 1246 1221 1301 πειθὼ
1250 1248 1363 1309 τοῖς
1391 1244 1596 1315 χείλεσι
1622 1241 1717 1295 τοῦ

140 1344 341 1415 ἀνδρὸς,
372 1342 538 1415 [1037
569 1339 663 1412 R.]
705 1342 805 1394 οὑκ
851 1339 1191 1410 ἀνθρώπειόν
1232 1355 1286 1391 τι
1338 1337 1550 1407 χρῆμα,
1582 1334 1719 1388 ἀλλά

142 1435 425 1504 θειότερον.
460 1432 627 1486 Φύσιν
658 1432 1009 1501 ἁξιέιγαστος,
1058 1432 1231 1502 μέγας
1288 1430 1385 1500 μὲν
1437 1428 1500 1480 τὸ
1558 1426 1718 1495 σῶμα

136 1528 224 1581 καὶ
252 1528 507 1596 εὐμήκης
540 1526 693 1589 ἰδεῖν,
727 1524 891 1587 καλὸς
928 1524 985 1576 δὲ
1016 1523 1111 1576 καὶ
1136 1520 1340 1590 ἀγαθὸς
1366 1519 1464 1589 τὴν
1496 1518 1539 1550 ³³
1570 1517 1715 1585 ὄψιν,

131 1621 224 1690 τῆς
277 1620 324 1673 δ’
372 1620 593 1691 ἡλικίας
630 1621 687 1673 ὲν
733 1618 811 1688 τῷ
851 1617 1251 1689 φρονιμωτάτῳ
1282 1615 1402 1667 τότε
1454 1609 1714 1680 γεγονὼς,

133 1710 385 1781 εύόμιλός
411 1728 473 1763 τε
511 1710 606 1764 καὶ
630 1710 779 1780 ἡδὺς,
814 1709 995 1771 ἱκανὸς
1020 1707 1113 1761 καὶ
1155 1704 1433 1774 ὠφέλιμος
1477 1703 1585 1764 τοῖς
1631 1700 1718 1751 ὲν-

1196 314 1718 376 BIBLIOTIIECA.
1749 336 1809 346 -κ
1835 312 2000 374 COD.
2031 314 2306 375 CCXLII.

594 426 655 481 Ὅ
719 425 777 479 δὲ
842 424 1092 488 Λεόντιος
1178 425 1379 497 ἄριστα
1445 420 1724 493 βεϐουλεῦ-

1839 423 1942 489 hat,
1974 436 2098 477 cum
2134 421 2346 478 dicendi
2391 420 2641 477 libertate
2694 420 2894 477 infelici
2947 435 3012 475 ac
3072 420 3404 474 inl‘ortuuata

3262 300 3400 363 1262

1820 513 2038 565 domum
2075 512 2318 576 revertit,
2342 528 2517 581 neque
2548 514 2697 569 dives
2720 512 2920 578 factus,
2972 524 3070 565 nec
3128 523 3401 577 servatus,

1821 614 1877 656 ιιι
1911 604 2153 672 putabat,
2180 606 2277 659 sed
2304 604 2487 659 divina
2509 607 2754 675 privatus
2774 604 2995 673 pietate,
3020 602 3203 658 animo
3219 619 3408 656 corru-

1822 693 2069 761 ptissimo
2110 708 2174 747 ac
2205 692 2578 761 perditissimo
2606 691 2727 745 fuit.
2793 690 2895 744 Sic
2941 688 3158 758 quidem
3188 702 3403 742 omnem

1821 785 1985 837 vitam
2040 785 2093 837 iu
2128 782 2443 838 infortuniis
2483 783 2766 850 transegit.
2800 781 2968 835 Nemo
3015 781 3151 833 adeo
3208 778 3402 832 immiti

1820 874 1921 929 fuit
1965 875 2144 929 animo
2198 884 2253 929 et
2293 876 2550 941 barbaro,
2593 876 2683 944 qui
2732 889 2890 928 sacro
2946 871 3133 926 Isidori
3193 870 3261 925 ab
3310 884 3408 924 ore

1822 965 2001 1020 verbis
2035 966 2379 1021 manantibus
2406 981 2512 1019 non
2547 979 2836 1033 persuasus
2872 964 2977 1018 fuit
3018 972 3072 1017 et
3109 962 3406 1031 mitigatus,

1823 1057 1943 1111 talis
1976 1057 2027 1110 in
2060 1056 2223 1112 labris
2262 1057 2365 1111 viri
2397 1056 2667 1111 insidebat
2688 1055 2929 1121 suadela,
2964 1069 3071 1109 non
3103 1054 3405 1107 humanum

1820 1163 1975 1217 opus,
2014 1147 2107 1201 sed
2144 1147 2408 1214 divinum,
2433 1156 2630 1201 natura
2663 1162 2761 1202 sua
2791 1145 3159 1201 admiratione
3212 1144 3406 1213 dignus

1822 1247 1957 1291 crat.
1985 1235 2200 1306 lugenti
2236 1236 2453 1304 quidem
2482 1250 2712 1302 corpore
2739 1242 2793 1290 et
2832 1234 3114 1304 spectabili
3166 1232 3410 1302 proceri-

1824 1336 1953 1390 tate,
1984 1328 2098 1380 visu
2119 1325 2344 1394 pulcher
2364 1334 2419 1379 et
2438 1325 2638 1389 facilis,
2668 1325 2732 1379 ad
2763 1335 3030 1379 maturam
3051 1332 3266 1379 aetatem
3286 1335 3408 1374 cum

1822 1418 2179 1486 pervenisset,
2233 1417 2407 1472 comis
2439 1427 2496 1471 et
2523 1417 2731 1481 suavis,
2761 1417 3104 1481 commodus,
3139 1424 3196 1470 et
3233 1414 3407 1468 collo-

1823 1509 2116 1576 queutihus
2170 1509 2372 1563 utilis:
2411 1509 2668 1564 mediocri
2725 1523 2826 1563 nec
2879 1507 3112 1563 delicato
3169 1521 3299 1560 usus
3324 1512 3410 1559 est

1821 1602 1962 1666 cibo,
1990 1616 2163 1670 neque
2184 1608 2404 1671 propter
2416 1609 2781 1671 paupertatem
2800 1600 2981 1664 noxio,
3004 1614 3179 1669 neque
3196 1607 3413 1668 propter

1823 1693 2037 1748 divitias
2059 1693 2317 1762 opipare:
2354 1693 2450 1749 sed
2478 1701 2532 1748 et
2558 1694 2821 1749 musicam
2852 1693 3098 1746 adhibuit
3133 1702 3409 1759 tempera—

128 1803 479 1873 τυγχάνουσι.
513 1803 624 1855 Καὶ
650 1800 748 1872 τὴν
775 1802 818 1832 ³³
852 1799 1058 1870 τροφὴν
1096 1796 1449 1868 ἐκληρώσατο
1483 1792 1711 1864 μετρίαν

1839 1784 2308 1856 am,etDoric0(6)
2334 1788 2492 1841 modo
2519 1801 2703 1841 revera
2729 1786 3216 1841 accommodatam.
3253 1783 3414 1837 Solus

129 1895 247 1947 τινὰ
276 1894 372 1946 καὶ
399 1893 697 1963 ἄθρυπτον,
726 1891 851 1944 οὔτε
894 1887 1310 1961 κακουργοῦσαν
1354 1888 1441 1939 διὰ
1496 1884 1710 1949 πενίαν,

130 1986 255 2041 οὔτε
284 1986 374 2039 διὰ
408 1974 636 2038 πλοῦτον
667 1982 1059 2054 βλακεύουσαν,
1086 1980 1222 2034 ἀλλὰ
1259 1978 1432 2049 μέσην
1460 1976 1555 2030 καὶ
1584 1991 1715 2043 μου·

129 2079 309 2149 σικὴν,
342 2078 434 2138 τὸν
484 2076 529 2108 ⁸⁵
576 2076 783 2145 Δώριον
810 2074 1011 2145 τρόπον
1041 2073 1087 2105 ³⁸
1123 2072 1227 2141 τῆς
1250 2071 1420 2141 τύχης
1461 2069 1506 2100 ³⁸
1555 2067 1630 2126 ὡς
1681 2064 1725 2096 ³⁷

1816 1876 1932 1945 ipse
1962 1877 2104 1931 inter
2125 1877 2395 1943 homines,
2419 1893 2556 1947 quos
2576 1877 2883 1931 audivimus
2916 1918 2930 1939 ,
2963 1877 3245 1944 antiquum
3280 1889 3411 1945 pro-

1830 1967 2079 2022 verbium
2119 1967 2197 2040 (7)
2232 1984 2288 2023 re
2320 1968 2438 2039 ipsa
2492 1968 2761 2038 coarguit,
2798 1984 2902 2021 non
2946 1967 3259 2037 juvenibus,
3318 1966 3415 2021 sed

1835 2060 2057 2115 senibus
2088 2076 2150 2116 ac
2180 2077 2373 2117 senum
2400 2077 2693 2132 congressu
2725 2062 3120 2117 delectabatur.

125 2171 341 2242 ἀληθῶς
389 2172 769 2241 ἡρμοσμένην.
811 2168 985 2231 Μόνος
1016 2167 1073 2220 δὲ
1107 2163 1437 2235 ἀνθρώπων,
1471 2155 1546 2215 ὧν
1575 2159 1712 2227 ἀκοῇ
1754 2155 1933 2225 ἴσμεν.
1992 2154 2092 2225 τὴν
2156 2155 2391 2211 παλαιὰν
2437 2155 2741 2227 παροιμίαν
2792 2154 2839 2186 ³⁸
2889 2153 3039 2225 έργω
3104 2152 3417 2225 διήλεγξεν,

125 2265 221 2333 οὐχ
244 2259 449 2332 ἧλιξιν,
487 2259 625 2313 ἀλλά
658 2258 991 2329 πρεσϐύταις
1016 2258 1109 2310 καὶ
1131 2254 1513 2327 πρεσϐυτικοῖς
1538 2249 1717 2317 λόγοις
1754 2244 2111 2317 τερπόμενος.

194 2358 387 2420 Εἴποις
414 2356 457 2410 δ’
485 2357 551 2410 ἂν
580 2357 674 2410 καὶ
719 2357 879 2425 μόνος
908 2353 1213 2424 ἀνθρώπων
1239 2352 1336 2415 οὒς
1379 2350 1520 2422 ἀκοὴ
1565 2349 1726 2419 ἔσχεν

124 2452 155 2522 ἢ
186 2450 332 2519 ἔγνω
356 2466 371 2478 ’
401 2449 435 2518 ἢ
487 2448 582 2502 καὶ
625 2446 817 2511 οὕτως,
865 2446 914 2501 οἳ
951 2447 1088 2518 πρὸς
1130 2446 1302 2516 ἀκοὴν
1343 2440 1509 2516 ἦλθον
1538 2485 1554 2509 ,
1584 2444 1618 2514 ἢ
1652 2440 1729 2497 ὧν

121 2548 201 2609 είς
233 2543 551 2614 κατάληψιν
604 2541 741 2613 ἀκοὴ
771 2537 933 2614 ἧκεν,
980 2540 1013 2610 ἢ
1043 2539 1138 2604 οὓς
1166 2539 1235 2593 δι’
1260 2540 1431 2610 ἀκοῆς
1474 2539 1656 2609 ἴσμεν,
1690 2539 1724 2608 ἢ

116 2634 219 2699 οὓς
265 2632 535 2696 διασώζει
590 2631 863 2704 μνήμη,ῆ
917 2630 1012 2695 οὓς
1040 2632 1140 2684 οὐκ
1194 2630 1387 2684 ἔσϐεσε
1438 2630 1602 2701 λήθη,
1635 2632 1730 2684 καὶ

119 2727 298 2783 πολλά
334 2725 586 2779 τοιαῦτα.

192 2798 327 2851 ’Ότι
359 2796 632 2865 φυλακεϊα
659 2793 710 2847 oi
765 2792 1135 2865 Ἀλεξανδρεῖς
1172 2792 1404 2847 ἐκάλουν
1436 2794 1505 2848 τὰ
1550 2792 1726 2863 ἐκμα-

118 2887 249 2954 γεῖα
289 2887 408 2939 τῶν
450 2883 779 2952 γυναικείων
811 2885 1127 2955 μολυσμῶν.
1160 2884 1274 2938 Οὐκ
1305 2879 1373 2955 ἦν
1411 2883 1470 2937 δὲ
1504 2886 1727 2956 γνήσιος

115 2982 144 3032 ὁ
176 2978 393 3048 γάμος,
425 2979 473 3030 εί
507 2976 583 3047 μὴ
608 2978 636 3030 ό
664 2977 843 3049 ἱερεὺς
872 2978 900 3029 ό
945 2976 1045 3046 τῆς
1081 2976 1203 3030 Θεοῦ
1237 2978 1294 3030 ἐν
1322 2978 1434 3035 τοῖς
1470 2978 1729 3045 γαμικοῖς

118 3068 493 3139 συμϐολαίοις
529 3067 922 3139 ὑπεσημήνατο
942 3067 1086 3138 χειρὶ
1115 3069 1181 3137 τῇ
1217 3065 1433 3121 ἑαυτοῦ.
1478 3067 1600 3120 Ὅτι
1632 3066 1729 3118 Ἱε-

1932 2339 2169 2410 Dixeris,
2197 2350 2251 2398 et
2310 2342 2456 2397 solus
2502 2342 2643 2397 inter
2700 2342 2947 2397 homines
2999 2356 3136 2412 quos
3188 2340 3417 2409 audivit,

1836 2433 1919 2489 vel
1949 2433 2224 2504 cognovit,
2253 2433 2337 2489 vel
2366 2433 2529 2490 etiam
2546 2434 2647 2498 sic,
2679 2433 2770 2504 qui
2800 2436 2867 2488 ad
2902 2433 3100 2487 famam
3130 2444 3425 2496 venerunt,

1834 2527 1920 2583 vel
1947 2543 2178 2597 quorum
2230 2528 2372 2581 fama
2414 2528 2670 2591 innotuit,
2733 2527 2839 2592 vel,
2870 2542 3006 2597 quos
3061 2526 3202 2581 fama
3262 2529 3422 2582 novi-

1837 2635 1979 2685 mus,
2018 2634 2155 2690 quos
2188 2620 2449 2675 memoria
2473 2620 2731 2685 servavit,
2766 2618 2851 2674 vel
2883 2633 3021 2688 quos
3058 2617 3261 2673 oblivio
3292 2633 3401 2672 non

1838 2709 2056 2775 delevit,
2085 2710 2301 2781 aliaque
2332 2711 2554 2765 similia.

1904 2800 2259 2854 Alexandrini
2300 2815 2510 2870 pannos
2543 2800 2786 2855 sordium
2834 2798 3181 2854 muliebrium
3236 2801 3417 2853 nomi-

1836 2890 2043 2944 nabant
2072 2886 2362 2960 Phylacea.
2414 2885 2533 2943 Non
2566 2899 2724 2943 erant
2762 2889 3017 2959 legitima:
3067 2890 3287 2959 nuptiae,
3319 2889 3425 2944 nisi

1833 2979 2091 3034 sacerdos
2120 2978 2206 3033 dei
2234 2979 2582 3034 matrimonia
2617 2994 2777 3033 manu
2823 2995 2923 3034 sua
2980 2987 3245 3034 notasset.
3302 2978 3431 3035 Πίε-

1836 3071 2030 3137 rocles,
2065 3071 2156 3139 qui
2189 3069 2406 3126 scholas
2431 3070 2775 3126 Alexandriae
2800 3071 3055 3137 instituit,
3084 3082 3341 3127 constans
3372 3082 3432 3127 et

118 3161 334 3231 ροκλῆς
388 3161 433 3195 ³⁸
483 3162 510 3213 ό
547 3160 646 3224 τὰς
682 3162 740 3213 ὲν
791 3159 1171 3231 Ἀλεξανδρεία
1197 3146 1494 3230 διατριϐὰς
1532 3158 1724 3231 ύψηλο

1845 3162 2164 3231 magniﬁcus
2188 3161 2477 3217 excellenti
2513 3162 2729 3233 ingenio
2766 3171 2819 3217 et
2847 3161 3102 3218 facundia
3131 3164 3427 3233 pulcherri-

115 3250 385 3323 φροσύνῃ
412 3252 505 3303 καὶ
543 3250 925 3321 μεγαληγορίᾳ
957 3251 1263 3321 κοσμήσας,
1316 3250 1459 3320 μετά
1504 3248 1598 3302 τοῦ
1641 3266 1734 3301 σε·

111 3342 258 3395 πτοῦ
288 3341 338 3373 ’⁸ο
364 3342 461 3393 καὶ
501 3339 953 3411 μεγαλοπρεποῦς
986 3339 1179 3411 εὔρους
1209 3341 1250 3372 ⁸¹
1273 3357 1329 3392 τε
1368 3340 1464 3410 τὴν
1493 3339 1736 3393 διάνοιαν

111 3434 197 3495 εἰς
251 3430 584 3502 ὑπερϐολὴν
621 3425 689 3501 ἦν
740 3430 824 3496 ⁸⁵⁸,
876 3431 971 3484 καὶ
1019 3431 1289 3501 διαφέρων
1312 3430 1613 3502 εὐγλωττίᾳ
1642 3430 1736 3483 καὶ

106 3524 365 3595 εὐπορίᾳ
414 3523 523 3577 τῶν
553 3522 855 3576 καλλίστων
882 3522 1161 3593 ὀνομάτων
1196 3522 1288 3575 καὶ
1308 3522 1568 3594 ῥημάτων
1600 3538 1735 3575 κατ-

104 3616 370 3686 έπληττε
422 3614 674 3685 πανταχῆ
724 3614 769 3645 ⁸³
817 3615 943 3677 τοὺς
993 3615 1405 3685 ἀκροωμένους,
1446 3613 1582 3683 πρὸς
1638 3613 1736 3683 τὴν

107 3708 437 3770 Πλάτωνος
497 3706 873 3776 ἁμιλλώμενος
927 3705 1013 3757 ἀεὶ
1072 3703 1591 3777 καλλιρρημοσύνην
1640 3704 1738 3757 καὶ

105 3799 459 3851 πολύνοιαν.
515 3790 686 3860 Οὗτός
725 3813 856 3849 ποτε
904 3797 995 3849 τὸν
1027 3796 1311 3859 Πλάτωνος
1344 3795 1574 3867 Γοργίαν
1623 3796 1736 3859 τοῖς

102 3889 383 3961 ἑταίροις
417 3887 670 3957 ἐξηγεῖτο
695 3903 709 3919 ο
742 3881 824 3948 εἷς
852 3888 909 3940 δέ
940 3904 1023 3951 τις
1064 3888 1171 3941 τῶν
1206 3888 1510 3955 ἀκροατῶν.
1541 3885 1737 3939 Θεοσέ-

102 3982 257 4047 ϐιος,
328 3980 707 4049 ἀπεγράψατο
759 3979 805 4011 ’⁵⁸
849 3979 948 4050 τὴν
996 3979 1275 4049 ἐξήγησιν.
1336 3978 1503 4031 Πάλιν
1551 3977 1610 4031 δ’
1651 3971 1739 4030 οἷα

97 4072 293 4137 εἰκὸς,
357 4073 428 4124 ἐκ
477 4070 730 4141 δευτέρου
759 4070 852 4124 τοῦ
889 4071 1216 4139 Ἱεροκλέους
1245 4071 1326 4133 είς
1353 4069 1445 4124 τὸν
1502 4068 1737 4140 Γοργίαν

100 4162 639 4231 καταϐαλλομένου
694 4162 833 4231 μετά
875 4180 999 4215 τινα
1041 4162 1233 4232 χρόνον
1264 4161 1361 4233 τὴν
1402 4160 1662 4232 ἐξήγησιν
1712 4162 1742 4215 ὀ

93 4256 299 4320 αὐτὸς
375 4254 588 4325 ταύτην
622 4254 1004 4325 ἀπεγράψατο,
1040 4254 1135 4307 καὶ
1186 4250 1643 4325 ἀντιπαραϐαλὼν
1694 4254 1739 4285 ⁸⁵

88 4349 173 4402 τὰ
233 4347 514 4417 πρότερα
562 4346 658 4399 καὶ
706 4345 776 4398 τὰ
807 4345 1009 4417 ὕστερα
1038 4337 1198 4416 εῦρεν
1237 4345 1387 4397 οὐδὲν
1421 4344 1531 4397 τῶν
1561 4344 1742 4399 αὐτῶν

90 4441 182 4504 ὡς
212 4438 372 4501 ἔπος
408 4438 605 4500 εἰπεῖν,
639 4434 877 4506 ἑκάτερα
907 4436 963 4488 δὲ
1008 4436 1178 4506 ὅμως,
1223 4435 1251 4488 ὃ
1299 4436 1394 4487 καὶ
1428 4434 1741 4506 παράλογον

86 4529 404 4595 ἀκοῦσαι,
442 4527 543 4594 τῆς
586 4526 873 4588 Πλάτωνος
921 4526 1158 4595 ἐχόμενα
1190 4525 1309 4578 καθ’
1346 4525 1470 4578 ὅσον
1516 4519 1629 4579 οἷόν
1683 4543 1742 4577 τε

90 4620 553 4695 προαιρέσεως.
603 4617 791 4687 Τούτῳ
830 4618 875 4649 ⁸⁸
931 4618 1027 4687 μὲν
1086 4617 1180 4671 οῦν
1230 4618 1599 4673 ἐπιδείκνυται
1647 4620 1741 4674 τοῦ

84 4715 322 4785 ἀνδρὸς
362 4712 565 4785 ἡλίκον
589 4707 658 4782 ἦν
692 4710 801 4781 ἄρα
838 4710 899 4763 τὸ
946 4710 1055 4763 τῶν
1101 4710 1317 4780 φρενῶν
1348 4710 1604 4779 πέλαγος.
1638 4713 1740 4767 Γυ-

86 4808 286 4859 ναῖκα,
325 4802 666 4857 παιδοποιὸν
696 4804 911 4871 ἄγεται.
961 4801 1049 4864 Ὡς
1071 4800 1116 4853 δ’
1142 4801 1242 4854 οὐκ
1280 4801 1529 4856 ἐπείθετο
1550 4803 1610 4856 τὸ
1630 4802 1741 4856 δαι-

80 4898 308 4969 μόνιον
377 4896 491 4963 τῆς
536 4895 797 4963 γυναικὸς
840 4893 1076 4959 ἐξελθεῖν
1126 4892 1307 4961 λόγοις
1337 4896 1737 4968 ἡμερωτέροις,

1843 3268 2054 3307 morum
2088 3255 2394 3319 nominum,
2419 3263 2475 3309 et
2520 3256 2814 3309 verborum
2842 3252 3104 3309 facilitate
3161 3264 3217 3310 et
3244 3256 3426 3324 copia,

1843 3346 1896 3399 in
1929 3346 2010 3398 sui
2047 3346 2470 3401 admirationem
2523 3345 2801 3400 auditores
2842 3346 3115 3415 rapiebat,
3144 3361 3267 3400 eum
3305 3345 3431 3401 Pla-

1845 3437 1988 3492 touis
2016 3438 2265 3493 oratione
2289 3446 2516 3492 venusta
2544 3447 2602 3492 et
2628 3438 2784 3492 docta
2825 3452 3042 3505 semper
3068 3440 3426 3494 contendens.

1844 3527 1943 3582 llic
1971 3526 2263 3597 aliquando
2297 3525 2540 3582 Platonis
2572 3525 2825 3596 Gorgiam
2880 3525 3048 3582 sociis
3093 3526 3427 3595 explicabat.

1846 3620 1996 3676 Unus
2054 3634 2185 3675 vero
2234 3620 2545 3674 auditorum
2614 3616 2952 3673 Theosebius
3005 3618 3424 3687 explicationem

1842 3711 2152 3780 descripsit.
2186 3710 2388 3766 lterum
2409 3726 2557 3775 vero,
2590 3719 2648 3765 ut
2672 3709 2971 3765 verisimile
2993 3719 3097 3775 est,
3129 3713 3431 3765 secundam

1842 3804 2257 3874 explicationem
2311 3802 2580 3859 Hieroclis
2677 3801 2935 3873 Gorgiam
2995 3802 3195 3874 339a
3256 3807 3434 3874 expli—

1844 3896 2020 3950 cantis
2045 3903 2169 3965 post
2199 3895 2417 3965 aliquod
2453 3905 2667 3965 tempus
2716 3894 2973 3951 similiter
3020 3895 3334 3963 descripsit,
3369 3906 3428 3950 et

1845 3986 2058 4041 collatis
2104 3987 2376 4055 prioribus
2404 4000 2526 4040 cum
2562 3985 2839 4050 secundis,
2866 3985 3021 4049 nihil,
3049 3994 3108 4041 ut
3132 3987 3211 4040 sic
3232 3986 3431 4052 dicam,

1845 4076 2160 4131 earumdem
2236 4076 2463 4131 invenit.
2521 4073 2767 4145 Utraque
2824 4086 3031 4143 tamen,
3096 4076 3241 4145 quod
3299 4092 3433 4131 sane

1847 4168 2033 4222 auditu
2069 4183 2265 4221 novum
2290 4177 2394 4232 eSt,
2412 4166 2877 4237 Platonis,quoad
2900 4166 3019 4235 ejus
3048 4166 3166 4223 ﬁeri
3190 4176 3431 4237 poterat.

1848 4260 2155 4315 institutum
2190 4261 2521 4315 continebat.
2557 4259 2697 4314 Hinc
2752 4260 3026 4329 colligitur
3079 4270 3283 4328 quanta
3333 4260 3435 4314 viri

1850 4352 1991 4407 illius
2019 4352 2071 4405 in
2105 4353 2395 4407 sententiis
2449 4353 2626 4422 copia.
2667 4348 2901 4407 Uxorem
2956 4366 3177 4421 quoque
3202 4366 3270 4406 ex
3325 4366 3435 4421 qua

1851 4445 2053 4499 hheros
2088 4445 2415 4514 susciperet,
2471 4447 2640 4509 ducit,
2699 4443 2855 4512 cujus
2907 4454 3196 4513 postquam
3225 4447 3434 4498 (tremo-

1854 4536 2002 4589 nium
2037 4536 2500 4591 mansuetioribus
2525 4534 2706 4589 verbis
2735 4535 2919 4603 egredi
2948 4545 3251 4601 recusaret,
3274 4535 3437 4606 jura-

1857 4628 2055 4683 mentis
2080 4627 2209 4682 illud
2240 4626 2597 4693 Theosehius,
2630 4628 2883 4695 quamvis
2930 4642 3033 4682 nec
3075 4629 3269 4699 magia:
3287 4640 3436 4684 esset

1867 4718 2098 4787 peritus,
2140 4732 2240 4772 nec
2285 4716 2548 4771 miracula
2584 4726 2880 4785 patrasset,
2934 4717 3088 4772 exire
3151 4718 3434 4789 compulit.

1854 4811 2067 4865 Juravit
2093 4809 2223 4864 solis
2265 4809 2448 4863 radios
2476 4810 2838 4877 praatendens,
2893 4824 2990 4878 per
3012 4810 3178 4865 Deum
3214 4810 3441 4867 Hebrae-

1852 4916 2007 4955 orum
2047 4900 2145 4971 (8).
2191 4899 2412 4955 Daemon
2468 4914 2597 4955 vero
2625 4901 2887 4969 expulsus
2932 4911 3018 4956 est
3068 4903 3331 4969 clamans,
3379 4920 3442 4959 se

1424 4987 1657 5046 VAiil/E
1692 4994 2096 5051 LECTIONES.

190 5083 347 5159 If."
388 5083 424 5133 ὁ
456 5079 511 5132 δὲ
549 5075 1039 5159 τ-,ρεϐουλεῦσθαι
1203 5077 1324 5159 οὐδὲ
1382 5079 1797 5159 -Ϊξουλεύεσθαι
1858 5104 1917 5150 ς.
1995 5078 2164 5159 ’δοῦν
2195 5092 2428 5159 θιῃιῐιοξι
2460 5084 2535 5159 δ’*
2553 5084 2684 5159 add.
2745 5086 2813 5139 A.
2890 5084 2939 5159 ’_°
2957 5084 3057 5159 "ch?
3101 5087 3281 5159 ψυχὴν
3320 5102 3441 5159 post

71 5155 428 5240 βάρξαρίέΐῖ
456 5145 806 5240 ἓίῖτὶξξίέηῗ
855 5145 1885 5240 έἾὲΨΞΪῖῙΞῖέῖἴῗτῗὲίὲ¹¹ί¹¹Ξ¹Ξ¹¹οΤ,ί¹¹¹ί
1908 5172 1961 5225 Ρ·
2002 5145 2303 5240 29%-"
2349 5153 2543 5240 ""1"?
2587 5156 2809 5240 τὲίὶς·
2867 5145 3345 5240 ,³³κίῑίλ-τῆῖ¹”[’ἓῆ³¹
3381 5161 3439 5240 ἰδὲ

69 5217 326 5283 Suidaé
362 5238 433 5276 ν.
459 5217 805 5287 “”Αθρυπτος.

56 5435 440 5511 εγρὰψατο
462 5430 527 5483 Α.
604 5428 650 5461 ’⁵³
680 5427 1163 5499 ἀντιπαραϐάλλων
1194 5427 1255 5482 Β.
1331 5427 1377 5459 ⁸⁸
1406 5428 1565 5483 τοῦτο
1596 5450 1655 5497 ς,

361 5213 849 5312 γέζῑλθειξῖεῖεξλεοη
900 5216 944 5312 ³1
978 5213 1218 5312 “ita?
1249 5218 1535 5312 etiam:
1589 5222 1889 5312 .2326er
1909 5213 2272 5312 ’ροειὲλῐιθῶξ
2293 5213 2445 5312 ιο·ϋί
2465 5225 2539 5309 ,ιιι
2615 5226 2661 5257 ³⁸
2688 5213 2788 5312 ea
2819 5224 3113 5312 τύχηςιξῆε
3138 5213 3315 5312 vaiﬁé
3368 5232 3435 5312 4.

62 5314 205 5354 0m,
252 5292 516 5367 §11i_d_as.
582 5285 640 5367 '81
662 5288 736 5349 ὼς
765 5304 873 5367 (illi.
909 5288 1017 5367 A.“
1057 5285 1218 5367 "tot.
1277 5286 1473 5367 Sit-illas
1503 5305 1555 5344 ν.
1589 5285 1753 5367 Ἦλρξ
1785 5285 1971 5365 ἧλικὲι.
2012 5297 2092 5367 μιν
2125 5285 2207 5347 ὅτι
2230 5285 2264 5345 ὅ
2293 5285 2563 5367 Ἰεροκλῆς
2594 5313 2655 5360 ς.

63 5384 229 5439 cum,
266 5361 565 5439 _Suida_v.
606 5358 901 5439 :lepoxlﬁq.
960 5356 1291 5439 εῦρρ-ους
1445 5374 1567 5438 cum
1614 5356 1826 5422 eodem:
1905 5368 1951 5400 "
2008 5362 2078 5439 ἦν
2114 5379 2224 5421 om.
2288 5356 2505 5422 Suidas.

2732 5295 2777 5326 ⁸ο
2816 5293 3036 5367 σεπτοῦ]
3070 5293 3344 5367 ἀτρέπτου
3370 5304 3436 5355 Α.

2601 5368 2650 5406 ⁵³
2689 5364 2962 5433 πανταχοῦ
3018 5364 3192 5423 idem.
3243 5370 3293 5400 “
3336 5372 3438 5423 ἐπ-

1703 5522 1933 5584 ΝΟΤΑΞ.

144 5619 251 5691 (6)
312 5614 632 5691 διιᾼῑύιιε-ᾷιι
676 5613 888 5691 Dorico.

148 5681 253 5763 (7')
300 5686 516 5763 Arist.
557 5686 651 5742 lib.
683 5684 940 5741 tlilielor.
1001 5699 1122 5755 cap.
1176 5682 1251 5738 De
1300 5681 1577 5751 voluptate,
1627 5681 1749 5757 ἧλιξ

44 5757 261 5831 ἥλικα
308 5757 568 5823 τέρπει.

1934 5619 2010 5687 (8)
2040 5618 2321 5674 Christum
2385 5618 2654 5686 intelligit.
2706 5617 2878 5689 Juin
2925 5618 3069 5676 enim
3120 5632 3183 5686 et,
3226 5621 3439 5683 Hebr-avi

1858 5691 2014 5745 initio
2040 5700 2167 5745 sunt
2189 5690 2797 5761 appcll-lati'Christiani.
