3954 6432
178 434 310 500 1265

1264 443 1791 505 BlBLlOTHECA.
1810 472 1875 482 --
1902 447 2067 509 COD.
2104 451 2378 515 CCXLII.

3296 456 3430 521 1366

181 552 428 619 γώτατον,
454 547 534 600 ὅτι
572 546 759 615 φασὶν,
790 550 979 621 ἐπειδὴ
1016 551 1373 608 πεπτώκασιν
1407 557 1452 608 ol
1502 556 1747 627 μαχόμε-

1855 559 2095 629 integras
2133 574 2320 619 noctes
2353 574 2407 620 et
2435 566 2575 630 dies,
2640 569 2778 621 nihil
2814 568 3119 623 viventibus
3147 571 3431 635 pugnando

171 658 268 704 νοι,
292 638 402 700 τοῖς
420 636 667 707 σώμασιν
683 639 1032 705 ἀπειπόντες,
1047 642 1127 696 ἔτι
1150 647 1291 709 ταῖς,
1314 646 1515 716 ψυχαῖς
1536 648 1754 700 ἵσταντο

171 727 531 798 πολεμοῦντες
584 730 679 783 ἐπὶ
722 733 873 801 τρεῖς
926 733 1142 805 ἡμέρας
1195 734 1324 797 ὅλας
1383 737 1478 789 καὶ
1526 737 1752 805 νύκτας,

168 822 316 875 οὐδὲν
342 820 451 874 τῶν
496 820 716 884 ζώντων
768 825 849 885 εἰς
891 824 1082 891 ἀγῶνα
1130 826 1595 896 ἀπολειπόμενοι,
1628 827 1753 882 οὔτε

169 912 310 967 κατά
357 913 546 981 χεῖρας
599 910 725 964 οὔτε
774 914 915 966 κατὰ
950 914 1143 984 θυμόν.
1188 916 1431 987 Ἐωρᾶτο
1477 918 1611 985 γοῦν
1656 920 1754 972 καὶ

162 1003 399 1075 ἠκούετο
426 1005 494 1057 τά
514 1002 713 1057 εἴδωλα
745 1006 853 1057 τῶν
881 1005 1070 1076 ψυχῶν
1095 1008 1495 1078 άντιφερόμενα
1513 1010 1608 1062 καὶ
1638 1013 1753 1074 τοῖς

164 1096 349 1158 ὅπλοις
391 1096 865 1164 ἀντιπαταγοῦντα
891 1097 959 1151 ³³.
990 1098 1101 1151 Καὶ
1133 1100 1339 1169 ἀρχαῖα
1388 1099 1444 1153 δὲ
1475 1100 1613 1155 ἄλλα
1644 1119 1754 1155 τοι-

162 1187 302 1243 αῦτα
358 1188 619 1257 φάσματα
679 1189 725 1220 ⁸⁵
778 1189 1032 1259 πολέμων
1094 1190 1256 1261 μέχρι
1317 1190 1412 1244 νῦν
1460 1194 1750 1261 φαίνεσθαί

162 1280 384 1350 enat”,
417 1280 557 1352 πλὴν
587 1282 671 1334 ὅτι
712 1280 885 1334 ταῦτα
915 1281 987 1335 τά
1024 1283 1069 1314 ⁸⁸
1097 1283 1196 1353 μὲν
1225 1283 1381 1347 ἀλλα,
1415 1286 1515 1339 ὅσα
1548 1285 1752 1350 ζῶντες

164 1373 438 1443 ἄνθρωποι
488 1373 634 1426 κατὰ
686 1372 925 1443 πόλεμον
974 1373 1214 1445 δρῶσιν,
1267 1376 1421 1431 οὐδὲν
1476 1377 1747 1448 ὑστερεῖν,

162 1464 497 1535 φθέγγεσθαι
516 1465 572 1518 δὲ
606 1464 726 1517 οὐδὲ
754 1465 799 1497 ⁸⁷
826 1466 917 1518 ἐπὶ
942 1466 1158 1538 μικρόν.
1183 1467 1296 1521 Καὶ
1319 1467 1376 1520 ἓν
1409 1469 1508 1539 μὲν
1532 1470 1753 1538 ἐπιφαί-

157 1559 347 1612 νεσθαι
389 1559 448 1609 ὲν
469 1557 515 1589 ⁸⁸
544 1556 623 1628 τῷ
667 1558 798 1628 περὶ
838 1558 1044 1627 Σόγδαν
1066 1560 1114 1592 ⁸⁸
1164 1561 1295 1613 ποτὲ
1338 1560 1538 1631 λίμνην
1582 1562 1750 1617 οὖσαν

156 1650 349 1718 πεδίῳ,
376 1649 663 1716 φαίνεσθαι
712 1649 756 1702 δ’
786 1650 892 1703 ὑπὸ
918 1651 1018 1719 τὴν
1051 1651 1126 1705 ἕω
1150 1652 1223 1704 ’τὸ
1243 1653 1292 1684 ⁷⁰
1318 1654 1529 1723 φάσμα,
1572 1654 1750 1723 φωτὸς

1860 646 2171 712 inferiores,
2231 656 2747 720 neque.manihus,
2804 672 2979 726 neque
3041 656 3243 710 animo.
3292 654 3430 710 Visae

1858 735 2024 806 igitur
2068 748 2121 793 et
2161 740 2361 797 audita:
2406 743 2711 798 animarum
2766 744 2954 801 formae
2997 755 3319 816 pugnantes,
3373 754 3428 800 et

1858 830 2030 885 armis
2059 842 2385 901 strepentes,
2418 844 2472 888 et
2501 836 2774 905 antiquas,
2808 838 3125 907 similesque
3163 838 3425 892 bellorum

1855 919 2023 974 facies
2042 920 2094 974 in
2117 922 2256 977 hunc
2284 931 2455 992 usque
2471 926 2618 978 diem
2632 926 2798 981 videri
2824 928 2998 992 aiunt,
3021 928 3122 981 nisi
3143 929 3284 995 quod
3308 941 3427 979 om-

1858 1012 1944 1065 nia
1981 1014 2068 1066 illa
2098 1013 2368 1080 faciendo,
2392 1030 2512 1085 quae
2538 1016 2643 1070 vivi
2669 1017 2919 1072 homines
2941 1018 3189 1071 bellando
3222 1018 3423 1081 solent,

1856 1116 1926 1155 ne
1954 1117 2181 1172 parvam
2214 1105 2433 1172 quidem
2463 1106 2623 1159 edere
2668 1120 2855 1161 vocem
2892 1106 3126 1175 possint,
3182 1114 3236 1161 et
3263 1120 3431 1160 unum

1854 1203 2129 1259 spectrum
2159 1194 2375 1262 quidem
2402 1194 2573 1249 videri
2623 1196 2674 1249 in
2694 1210 2887 1263 campo
2910 1196 3063 1264 juxta
3098 1196 3300 1250 Sudam
3334 1192 3431 1265 [αι.

1855 1284 2109 1357 Soedam]
2138 1324 2153 1348 ,
2184 1286 2273 1354 qui
2294 1286 2422 1340 olim
2459 1287 2611 1357 palus
2638 1287 2738 1341 fuit
2767 1307 2780 1343 :
2819 1289 2985 1343 videri
3037 1298 3215 1342 autem
3274 1302 3435 1341 mane

1856 1376 2147 1441 visionem,
2176 1392 2374 1431 aurora
2421 1377 2535 1445 jam
2574 1388 2773 1433 terram
2802 1381 3130 1437 illustraute.
3181 1379 3432 1433 Secundo

1854 1465 1907 1519 iu
1932 1464 2101 1520 Cubis
2131 1480 2323 1536 campo
2356 1465 2553 1523 Cariae.
2589 1468 2666 1524 lbi
2718 1471 2862 1525 enim
2900 1486 3004 1526 non
3036 1471 3297 1538 quotidie,
3340 1470 3431 1524 sed

1854 1557 2125 1611 interdum
2177 1557 2453 1627 aliquibus
2496 1558 2706 1625 diebus,
2770 1576 2869 1617 nec
2901 1561 3007 1618 illis
3030 1561 3219 1627 certis,
3288 1561 3433 1615 circa

1853 1648 2233 1717 crepusculum
2280 1650 2614 1704 matutinum
2672 1665 2866 1704 aurora
2918 1651 3151 1714 oriente,
3187 1651 3240 1704 in
3307 1663 3435 1704 aere

154 1741 259 1811 ήδη
296 1741 427 1813 [555
462 1740 554 1814 Η.]
588 1742 687 1813 τὴν
720 1744 825 1814 γῆν
859 1744 1291 1814 ὑπαυγάζοντος,
1323 1747 1577 1819 δεύτερον
1608 1749 1652 1802 δ’
1689 1750 1748 1803 ἐν

1855 1736 2158 1806 frequentia
2182 1739 2489 1794 animarum
2521 1750 2738 1810 spectra
2767 1742 3078 1796 umbrarum
3104 1741 3273 1811 ﬁgura
3294 1740 3436 1794 inter

155 1829 430 1901 Κούρϐοις
477 1833 519 1863 τί
566 1833 750 1903 χωρίῳ
778 1835 827 1865 τ’
877 1834 979 1903 τῆς
1031 1836 1277 1906 Καρίαςο
1319 1838 1376 1888 ὲν
1415 1836 1592 1909 τούτῳ
1639 1838 1748 1908 γάρ

1855 1845 1912 1886 se
1933 1832 2233 1902 pugnantia
2263 1834 2456 1888 videri.
2481 1833 2545 1888 Et
2569 1843 2756 1890 nostra
2782 1843 3103 1905 tempestate
3132 1834 3284 1889 multi
3310 1847 3437 1886 nar-

154 1896 449 1991 φαίνεσθαι
478 1922 538 1975 οὐ
567 1896 696 1976 ’καθ’
723 1896 969 1994 εκάστην
1018 1896 1258 1996 ἡμέραν,
1285 1927 1401 1980 ἀλλ’
1431 1896 1604 1981 ἐνίοτε
1631 1896 1748 1983 διαζ

1856 1896 2041 1978 raruui
2078 1924 2325 1980 homines
2350 1928 2504 1979 bona:
2537 1926 2681 1992 fidei,
2706 1926 2857 1993 juxta
2884 1896 3128 1981 éiciliam
3163 1925 3216 1978 in
3235 1937 3427 1992 campo

152 2013 421 2068 λείποντα
449 2014 639 2081 ὀλίγας
670 2018 843 2082 τινάς,
867 2017 989 2071 οὐδὲ
1016 2018 1331 2088 ὡρισμένας
1352 2021 1399 2053 ⁷³
1430 2037 1494 2089 γε
1520 2020 1747 2085 ταύτας,

1855 2017 2130 2071 nominato
2151 2014 2362 2087 350a
2394 2015 2775 2087 Tetrapyrgio,
2805 2028 2859 2071 et
2888 2020 2939 2071 in
2967 2016 3089 2071 aliis
3113 2033 3218 2072 non
3244 2014 3437 2085 paucis
3484 2068 3489 2079 ,

151 2103 288 2173 περὶ
329 2103 528 2175 ὄρθρον
586 2107 692 2171 ἕως
722 2107 872 2177 ἡλίου
912 2108 1173 2179 λαμπρᾶς
1206 2111 1474 2181 ἀνατολῆς
1515 2114 1573 2165 ὲν
1627 2113 1751 2182 ἀέρι

1855 2108 1987 2164 locis
2022 2108 2191 2163 videri
2233 2110 2475 2177 equitum
2524 2109 2886 2177 pugnantium
2920 2108 3235 2172 simulacra,
3264 2107 3429 2177 idque

150 2196 518 2264 διαφοιτῶντα
574 2199 764 2268 ψυχῶν
821 2200 957 2254 ἄττα
1018 2201 1258 2271 σκιοειδῆ
1316 2204 1682 2271 φαντάσματα
1707 2204 1751 2237 ’⁸

1855 2201 2091 2257 maxime
2122 2203 2330 2255 aestatis
2385 2210 2646 2271 tempore,
2695 2216 2821 2255 cum
2884 2200 3307 2256 ardentissimus
3348 2208 3435 2254 est

152 2286 505 2355 πολεμοῦντα
539 2288 811 2361 ἀλλήλοις.
845 2293 955 2346 Καὶ
987 2294 1044 2345 ὲν
1070 2294 1183 2354 τοῖς
1214 2293 1336 2346 καθ’
1360 2296 1511 2367 ἡμᾶς
1543 2296 1599 2347 δὲ
1628 2295 1755 2366 χρό-
1856 2294 2132 2349 meridies.

147 2395 265 2444 νοις
295 2379 482 2435 πολλοὶ
511 2382 866 2453 διηγήσαντο,
901 2383 999 2453 οὐχ
1021 2379 1123 2436 οἷοί
1153 2400 1212 2436 τε
1242 2383 1393 2449 ὅντες
1422 2384 1738 2455 ψεύδεσθαι,
1782 2388 1924 2443 κατά
1958 2388 2208 2441 Σικελίαν
2249 2388 2308 2440 έν
2372 2384 2451 2455 τῷ
2488 2383 2768 2456 λεγομένῳ
2804 2383 2970 2453 πεδίῳ
3051 2380 3442 2453 τετραπυργίῳ

148 2471 248 2526 καὶ
283 2475 347 2526 ὲν
376 2473 556 2537 ἄλλοις
584 2475 685 2527 οὐκ
719 2474 921 2541 ὀλίγοις
971 2476 1141 2544 αὐτῆς
1162 2474 1208 2506 ⁷⁸
1242 2476 1468 2546 μέρεσιν
1515 2478 1744 2548 ὁρᾶσθαι
1787 2479 2033 2531 ἱπποτῶν
2063 2477 2339 2549 πολεμίων
2373 2475 2780 2530 ἐπελαυνόντων
2811 2474 3096 2544 φάσματα,
3138 2471 3282 2525 κατά
3340 2473 3436 2525 τὸν

144 2565 242 2620 τοῦ
281 2565 480 2637 Θέρους
514 2568 748 2637 μάλιστα
784 2570 1000 2636 καιρὸν,
1034 2570 1379 2641 μεσημϐρίας
1413 2572 1689 2645 σταθηρᾶς
1704 2574 1749 2606 ⁷⁸
1788 2575 2104 2645 ἱσταμένης.

219 2656 356 2711 Ὀτι
398 2658 492 2711 τὸν
522 2658 763 2729 Σεόήρου
796 2658 840 2690 ⁷⁷
882 2658 1046 2711 ἵππον
1085 2660 1221 2730 φησὶ
1251 2661 1561 2731 (Ῥωμαῖος
1602 2662 1648 2715 δ’
1674 2659 1744 2733 ἦν

1924 2664 2111 2720 Severi
2140 2679 2312 2734 equus
2346 2663 2457 2735 (qui
2489 2662 2768 2718 Romanus
2805 2669 2945 2724 erat,
2993 2670 3143 2729 Spem
3203 2658 3438 2716 faciente

139 2740 353 2816 οὗτος,
402 2751 500 2804 καὶ
552 2750 840 2820 Ἀνθεμίου
893 2752 1268 2822 παρασχόντος
1316 2753 1539 2815 ἐλπίδας
1583 2754 1660 2818 ὡς
1710 2756 1744 2825 ὴ

1855 2752 2166 2815 Anthemio,
2197 2751 2422 2806 Romam
2454 2765 2700 2804 eversam
2746 2750 2940 2803 iterum
2975 2760 3071 2815 per
3118 2748 3291 2815 ipsum
3316 2747 3430 2801 eri-

151 2839 362 2912 Ῥώμη
412 2840 655 2895 πεσοῦσα
714 2842 875 2895 πάλιν
902 2842 986 2895 δι’
1018 2840 1185 2895 αὐτοῦ
1233 2843 1620 2913 ἀναστήσεται,
1653 2843 1746 2896 ἐπὶ

1855 2844 2085 2913 gendam
2123 2842 2377 2906 Romam,
2412 2841 2519 2895 hac
2565 2854 2661 2909 spe
2688 2852 2813 2894 cum
2864 2839 3017 2907 prius
3070 2837 3435 2899 discessisset,

150 2932 416 3004 Ῥώμην,
439 2933 645 3001 ταύτης
664 2935 1162 3005 προαναχωρήσας,
1188 2935 1431 3005 ἐπανῆκε
1463 2935 1556 2988 καὶ
1577 2936 1744 3005 τιμῆς

1855 2953 2109 2994 reversus
2132 2938 2470 2993 consulatum
2504 2935 2752 3003 adeptus)
2788 2951 2802 2988 :
2835 2934 2997 3002 hujus
3025 2934 3191 3001 igitur
3243 2948 3435 3001 equus,

136 3025 436 3095 ὑπατικῆς
458 3024 660 3094 ἔτυχε),
703 3026 893 3078 τούτου
922 3026 1104 3079 τοίνυν
1126 3028 1153 3079 ό
1182 3026 1367 3093 ἵππος,
1397 3021 1441 3095 ᾧ
1466 3027 1534 3080 τά
1573 3027 1747 3080 πολλὰ

1857 3045 1964 3103 quo
1990 3029 2215 3083 multum
2250 3044 2377 3083 usus
2409 3038 2513 3093 est,
2540 3038 2803 3082 tractatus
2845 3026 3112 3080 scintillas
3143 3042 3173 3080 e
3204 3040 3433 3093 corpore

134 3118 401 3190 ἐχρῆτο,
463 3116 774 3188 ψηχόμενος
827 3118 1134 3190 σπινεῆρας
1183 3119 1293 3172 ἀπὸ
1339 3119 1435 3171 τοῦ
1496 3119 1749 3190 σώματος

1858 3121 2077 3185 multas,
2105 3129 2162 3175 et.
2187 3133 2416 3187 magnas
2448 3118 2634 3187 eiecit,
2674 3119 2843 3171 donec
2870 3116 2946 3170 illi
3002 3126 3311 3184 portentum
3343 3117 3443 3170 hoc

135 3210 390 3271 πολλούς
405 3226 466 3262 τε
485 3210 579 3262 καὶ
612 3209 879 3279 μεγάλους
899 3211 1072 3279 ἠφίει,
1094 3210 1199 3274 ἕως
1222 3210 1370 3281 αὑτῷ
1398 3210 1459 3263 τὸ
1478 3212 1645 3281 τέρας
1670 3213 1749 3274 είς

1859 3214 1924 3268 ad
1952 3212 2299 3268 consularem
2329 3210 2652 3279 dignitatem
2689 3208 2874 3262 Romze
2916 3207 3066 3261 illum
3096 3207 3277 3261 evexit
3303 3207 3440 3277 (ll).

131 3301 240 3374 τὴν
263 3302 553 3373 ὑπατικὴν
583 3303 759 3373 ἀρχὴν
777 3303 833 3354 ὲν
853 3305 919 3373 τῇ
948 3300 1136 3374 Ῥώμῃ
1166 3302 1477 3373 κατηνύσοη
1500 3303 1565 3358 ⁷⁸.
1593 3302 1751 3356 Ἀλλά

1859 3304 1966 3359 Sed
1993 3315 2050 3358 et
2076 3301 2295 3357 Tiberio
2321 3302 2535 3365 asinus,
2567 3311 2627 3355 ut
2658 3300 2824 3354 refert
2859 3296 3187 3352 Plutarchus
3218 3297 3440 3353 Charo-

135 3393 245 3446 καὶ
269 3392 520 3464 Τιϐερίῳ
545 3393 685 3458 ὄνος,
705 3393 781 3456 ώς
803 3392 1153 3463 Πλούταρχος
1173 3395 1200 3446 ὁ
1218 3392 1535 3463 Χαιρωνεύς
1562 3410 1749 3463 φησιν,

1856 3398 2061 3463 nensis,
2104 3396 2281 3451 adhuc
2331 3395 2517 3464 juveni
2549 3434 2562 3458 ,
2592 3403 2647 3448 et
2689 3394 2741 3447 in
2796 3391 2988 3446 Rhodo
3014 3406 3235 3460 Operam
3293 3391 3442 3444 danti

136 3483 229 3536 ἔτι
264 3484 543 3554 μειρακίῳ
572 3484 688 3537 ὄντι
717 3487 807 3537 καὶ
861 3486 919 3537 ὲν
954 3484 1139 3555 Ῥώδῳ
1170 3486 1263 3538 ἐπὶ
1305 3485 1485 3552 λόγοις
1531 3487 1751 3555 ῥητορι-

1855 3487 2201 3555 eloquentiae,
2227 3486 2514 3555 imperium
2537 3485 2728 3539 eodem
2757 3491 2951 3538 eventu
2976 3481 3436 3551 pmsiguilicavit.

137 3577 270 3638 κοῖς
328 3576 663 3645 διατρίϐοντι
698 3575 856 3648 [1041
890 3576 1008 3648 ΚῙ,
1048 3576 1148 3649 τὴν
1203 3576 1482 3647 βασιλείαν
1518 3576 1608 3630 διά
1658 3575 1751 3630 τοῦ

1861 3576 1969 3632 Sed
2005 3586 2059 3631 et
2091 3576 2398 3630 Balemerin
2447 3589 2613 3628 unum
2641 3589 2709 3627 ex
2764 3573 2945 3627 Attila:
2993 3571 3186 3626 aulicis
3223 3570 3291 3625 de
3340 3585 3441 3626 suo

135 3665 328 3720 αὐτοῦ
355 3668 405 3699 "’
447 3668 772 3738 παθήματος
804 3670 1209 3739 προεμήνυσεν.
1252 3669 1415 3722 Ἀλλὰ
1449 3669 1677 3722 καὶτῶν
1706 3670 1751 3701 ⁸⁸

1858 3680 2089 3736 corpore
2117 3666 2319 3737 jecisse
2347 3665 2643 3721 scintillas.
2678 3664 2773 3718 llic
2809 3662 3108 3718 Balemeris
3160 3672 3312 3729 pater
3342 3661 3441 3715 fuit

136 3758 292 3829 περὶ
349 3759 602 3812 Ἀττίλαν
636 3758 731 3813 ἕνα
774 3758 903 3813 ὄντα
953 3759 1045 3814 τὸν
1086 3758 1381 3830 Βαλίμεριν
1424 3760 1468 3792 ⁸¹
1506 3761 1613 3813 ἀπὸ
1659 3760 1751 3814 τοῦ

1858 3761 2184 3816 Thcodorici
2219 3761 2359 3829 ejus,
2404 3760 2495 3827 qui
2548 3772 2692 3812 nunc
2737 3773 3007 3812 summum
3070 3757 3235 3812 totius
3277 3755 3441 3810 Italia;

133 3852 363 3905 οἰκείου
398 3850 650 3919 σώματος
696 3852 1029 3906 ἀποπάλλειν
1089 3853 1424 3924 σπινθῆρας·
1457 3856 1484 3907 ὁ
1527 3853 1582 3906 δὲ
1628 3849 1696 3923 ἦν
1725 3854 1751 3906 ό

1859 3852 2144 3921 imperium
2185 3860 2351 3906 tenet.
2386 3850 2525 3906 Dicit
2552 3862 2731 3904 autem
2752 3851 2914 3904 etiam
2944 3852 3009 3903 de
3026 3850 3207 3917 seipso
3225 3860 3437 3903 auctor:

135 3941 461 4014 Βαλίμερις
512 3942 838 4014 Θευδερίχου
876 3944 1098 4015 πατὴρ,
1153 3944 1212 4008 ὃς
1264 3943 1447 3997 νῦντὸ
1494 3945 1751 4014 μέγιστον

1861 3946 2033 4000 Etiam
2087 3946 2215 3999 mihi
2266 3960 2387 3997 cum
2423 3952 2479 3999 et
2508 3944 2728 4009 induor,
2761 3952 2815 3997 et
2844 3957 3014 3997 exuor
3041 3982 3055 4006 ,
3087 3941 3187 3995 etsi
3234 3939 3285 3994 id
3318 3956 3441 3994 raro

133 4032 269 4104 ἔχει
311 4034 518 4105 κράτος
556 4034 787 4098 Ἰταλίας
835 4039 1017 4106 πάσης
1044 4036 1111 4089 δ’.
1166 4035 1332 4103 Λέγει
1377 4035 1433 4088 δὲ
1490 4037 1585 4088 καὶ
1628 4037 1751 4106 περὶ

1859 4036 2149 4089 admodum
2197 4034 2421 4099 accidit,
2477 4034 2680 4089 accidit
2726 4043 2929 4097 tamen,
2960 4040 3018 4085 ut
3078 4032 3328 4086 scintilla:
3357 4033 3442 4086 iu-

131 4122 359 4178 ὲαυτοῦ
396 4125 424 4176 ὁ
468 4126 817 4193 συγγραφεὺς
870 4126 947 4189 ὡς
984 4126 1093 4180 Καὶ
1133 4126 1265 4195 ἐμοὶ
1304 4125 1650 4194 ἐνδυομένῳ
1692 4143 1751 4179 τε

1859 4138 2047 4197 gentes
2078 4126 2353 4190 exsiliant,
2388 4125 2685 4195 aliquando
2744 4140 2866 4178 cum
2921 4125 3123 4190 sonitu,
3170 4125 3440 4178 interdum

128 4214 251 4269 καὶ
275 4213 646 4283 ἐκδυομένῳ,
674 4218 728 4269 εὶ
762 4217 861 4270 καὶ
905 4216 1169 4270 σπάνιον
1201 4217 1377 4270 τοῦτο
1405 4218 1749 4285 συμϐαίνει,

1859 4216 2023 4270 etiam
2050 4212 2282 4268 ﬂamma:
2301 4215 2527 4283 integra:
2555 4224 2761 4269 vestem
2785 4214 3080 4282 illustrem,
3104 4215 3237 4269 nihil
3262 4225 3441 4268 tamen

127 4306 487 4376 συμϐαίνει
508 4307 560 4360 δ’
583 4303 698 4362 οὖν
718 4308 1058 4377 σπινθῆρας
1076 4307 1399 4376 ἀποπηδᾷν
1422 4308 1751 4375 ἐξαισίους,

1859 4317 2114 4367 exuraut,
2149 4316 2205 4361 et
2255 4322 2315 4361 se
2357 4308 2609 4375 ignorare
2653 4323 2761 4375 quo
2804 4308 2905 4361 hoc
2953 4316 3266 4373 portentum
3323 4315 3442 4357 tcn-

128 4399 285 4453 ἐσθ’
327 4398 429 4453 ὅτε
461 4401 560 4455 καί
591 4403 823 4455 κτύπον
845 4401 1241 4472 παρέχοντας,
1274 4402 1468 4455 ἐνίοτε
1498 4401 1564 4453 δὲ
1586 4402 1634 4433 ⁸³
1656 4401 1751 4455 καί

1859 4399 2032 4450 deret.
2065 4394 2280 4451 Vidisse
2306 4411 2363 4450 se
2387 4398 2460 4451 ait
2495 4404 2549 4449 et
2578 4396 2851 4449 hominem
2888 4396 3174 4462 quemdam
3205 4409 3235 4448 e
3270 4395 3445 4460 rapite

126 4493 401 4561 φλόγας
432 4493 581 4560 ὅλας
612 4495 1027 4564 καταλάμπειν
1059 4496 1126 4549 τὸ
1156 4494 1411 4565 ἱμάτιον,
1444 4494 1523 4561 μὴ
1548 4493 1751 4563 μέντοι

1860 4486 2123 4542 scintillas
2168 4489 2530 4551 evibrantem,
2588 4496 2641 4540 et
2675 4485 2970 4553 ﬂammam,
3031 4500 3153 4538 cum
3202 4484 3383 4546 vcllet,
3414 4496 3446 4535 e

129 4588 484 4652 καιούσας.
515 4588 625 4640 Καὶ
656 4589 718 4642 τὸ
749 4588 916 4660 τέρας
968 4590 1183 4657 ἀγνοεῖν
1230 4590 1311 4650 είς
1357 4587 1385 4639 ὃ
1416 4587 1751 4657 τελευτήσει,

1866 4581 2043 4650 capite
2072 4588 2224 4636 veste
2274 4582 2550 4649 asperiore
2578 4578 2766 4630 attrito
2813 4578 3165 4631 excitantem.
3228 4574 3447 4643 Impulit

1880 4688 1889 4690 _
2031 4689 2058 4690 η
2125 4688 2272 4690 ᾲημν.»
2319 4672 2489 4690 __.__!.
2567 4668 2844 4690 -AI-.._2--...
2927 4668 3152 4690 :...l!....-!n
3223 4676 3269 4690 Α.
3326 4665 3444 4690 Alli.‘

132 4680 292 4733 ἰδεῖν
353 4679 413 4733 δὲ
467 4680 616 4749 λέγει
677 4682 772 4733 καὶ
819 4680 1109 4751 ἄνθρωπόν
1164 4697 1287 4733 τινα
1350 4678 1459 4733 ἀπὸ
1514 4679 1615 4748 τῆς
1666 4696 1751 4731 κε-

1869 4688 2066 4742 equum
2116 4688 2278 4741 quam
2318 4672 2493 4740 potuit
2560 4668 2865 4730 celerrime,
2927 4668 3159 4735 indiguit
3220 4676 3275 4719 et
3324 4665 3447 4719 aliis

132 4770 344 4840 φαλῆς
402 4772 633 4840 ἀφιέντα
700 4772 1007 4841 σπινθῆρας
1037 4813 1050 4835 ,
1110 4771 1246 4825 ἀλλά
1294 4771 1390 4823 καὶ
1452 4770 1624 4839 φλόγα
1668 4770 1751 4822 άν-

1870 4764 2051 4818 rebus.
2096 4762 2428 4831 Reipublicae
2503 4758 2978 4813 adminisuatione
3039 4758 3325 4819 excideris,
3381 4756 3446 4807 ad

123 4863 439 4928 άπτοντα,
471 4864 561 4917 ὅτε
595 4862 858 4934 βούλοιτο,
892 4865 1091 4934 ίματίῳ
1118 4864 1225 4916 τινὶ
1256 4865 1447 4934 τραχεῖ
1487 4878 1751 4932 παρατρι-

1868 4856 2110 4922 quietam
2142 4853 2483 4919 otiosamque
2512 4851 2675 4903 vitam
2726 4863 2783 4902 se
2815 4847 3068 4912 contulit,
3110 4848 3235 4900 odio
3263 4860 3449 4900 eorum

122 4958 429 5027 ὄομένης.
465 4957 702 5011 Ἥλαυνε
732 4959 823 5011 τὸν
856 4957 1041 5018 ἵππον,
1074 4958 1196 5009 ὅσον
1229 4952 1341 5026 εἶχε
1368 4956 1565 5025 τάχους
1590 4972 1605 4985 ι
1646 4950 1751 5023 εἶχε

1866 4945 1956 5015 qui
1988 4946 2041 4998 in
2064 4941 2339 5012 republica
2365 4940 2577 4994 molesti
2599 4948 2772 4991 erant.
2802 4937 3167 4991 cheruutad
3187 4936 3447 4990 Severum

120 5053 193 5105 δὲ
230 5050 367 5103 τῶν
396 5049 572 5104 ἄλλων
603 5050 966 5121 ἐνδεέστερον.
1008 5049 1130 5101 Τῶν
1166 5048 1461 5102 πολιτικῶν
1496 5046 1751 5116 πραγμά-

1871 5034 2235 5089 Brachmauni
2264 5032 2420 5102 juxta
2449 5030 2859 5094 Alexandriam,
2893 5039 2945 5080 ct
2969 5028 3189 5097 pr0prio
3213 5026 3451 5093 hospitio

126 5162 272 5199 των
304 5142 624 5214 ἀποτυχὼν,
654 5143 747 5195 ἐπὶ
784 5117 875 5197 τὸν
910 5142 1131 5213 ἡσύχιον
1159 5142 1253 5194 καὶ
1279 5142 1615 5213 ἀπράγμονα
1647 5139 1751 5210 βίοιΙ

1873 5129 1991 5182 illos
2014 5134 2069 5180 et
2119 5124 2301 5180 debito
2341 5122 2488 5178 cultu
2543 5120 2804 5190 suscepit.
2854 5118 2920 5172 lli
2967 5120 3033 5174 de
3082 5117 3258 5188 gentis
3302 5131 3450 5169 more

1458 5270 1689 5326 VARIA‘I
1730 5262 2133 5355 LEC'I‘IQNES.

264 5388 326 5420 ⁸³
348 5387 535 5449 ὅπλοις
562 5386 657 5441 καὶ
682 5388 802 5441 ἀντ.
832 5388 899 5440 Α.
1005 5384 1049 5417 ⁸³
1077 5385 1443 5454 φαντάσματα
1507 5401 1567 5447 ς.
1622 5381 1687 5454 γ⁸⁸
1719 5396 1849 5446 φασι
1882 5396 1959 5454 ς,
2018 5374 2069 5405 ⁸⁸
2094 5373 2163 5454 τά
2186 5371 2307 5454 add.
2330 5370 2396 5454 ᾼ,
2461 5367 2662 5454 ’⁸⁷δοὺδέ
2820 5364 2918 5454 οὐκ
2942 5381 3000 5426 ς.
3030 5361 3129 5454 ﬂ”:

122 5471 184 5505 σε
239 5457 469 5525 Σὸγδαν
496 5432 539 5510 ii
580 5476 592 5511 ε
639 5458 837 5510 Σούδαν
868 5475 928 5521 ς.
1004 5458 1051 5487 το
1076 5432 1137 5508 ἐι
1162 5432 1386 5510 nam.
1464 5432 1753 5525 τιθκούοοιξ
1778 5467 1838 5525 ς·
1858 5450 1961 5525 __"
1990 5446 2188 5525 199.503
2210 5444 2273 5525 Α,-
2346 5441 2391 5471 ⁷³
2422 5440 2481 5491 οὺ
2510 5437 2976 5525 δευίριῗμέὲσξίίῖῖ.
3002 5432 3421 5525 ε.Ϊῖ(δῗὲ⁰ξῆ⁸ῗ.αἳ

118 5538 186 5573 τη
268 5502 542 5601 οιὺιοιῖῇςᾷΑ⁸
600 5543 613 5578 :
660 5528 844 5601 αὐτοῖς
1010 5527 1055 5559 ⁷⁸
1087 5525 1503 5601 σταοῃρᾷςριιι.
1554 5526 1621 5577 Α.
1678 5524 1749 5601 _""’_

1855 5502 2047 5587 δήροδ]
2074 5502 2327 5599 Ὗξδερίου
2354 5522 2406 5564 εί
2436 5526 2559 5601 ξηξξκ
2592 5502 3084 5601 δφίειτξῦυεείιιιίιὶυδ
3111 5503 3184 5601 ad‘
3217 5502 3354 5601 ILWv,
3392 5518 3443 5576 ρ».

122 5571 352 5658 ms:
369 5571 558 5663 graia,
578 5571 1034 5662 ='c..‘;:.;;;:n4:.;em
1066 5571 1654 5661 ιῑοὶξξηξξῑῑῑεεξίςῆιεῑέ).
1678 5590 1751 5663 χι

1872 5571 2000 5639 “risv
2030 5571 2227 5655 Ἶδώμῄ
2250 5580 2586 5651 κατηνύσοαι
2749 5576 2793 5607 ⁷³
2817 5574 2980 5626 αὑτοῦ
3009 5589 3118 5626 om.
3150 5571 3216 5624 Α.
3267 5571 3312 5601 ⁸ο
3342 5571 3452 5620 τάν

115 5678 175 5728 Α
213 5690 233 5725 :
280 5668 386 5721 τὸν
409 5659 495 5733 ς.’
569 5669 613 5700 ⁸⁸
643 5659 944 5740 Βαλέμεριν
980 5684 1040 5731 ς.
1133 5667 1179 5698 ⁸³
1213 5665 1431 5735 ἁπάσης
1477 5681 1537 5727 ς.
1602 5659 1614 5661 ”
1646 5662 1691 5693 ⁸³
1713 5661 1770 5713 δὲ
1801 5675 1913 5715 om.
1947 5659 2013 5710 Α.

1701 5772 1935 5827 NOTAE}.

212 5873 377 5945 (fl)
411 5875 581 5944 Quem
618 5873 818 5930 Tiberii
858 5870 989 5941 imp.
1033 5873 1230 5938 Vitam,
1266 5872 1363 5927 sed
1401 5886 1518 5941 qua:
1576 5868 1871 5931 intercidit,
1905 5861 2291 5934 conscripsisse
2334 5857 2500 5913 refert
2525 5856 2576 5911 iu
2604 5852 2861 5921 Catalogo
2884 5847 3157 5917 Lamprid.
