3954 6444
578 441 712 505 1267

1738 443 1969 504 PHOTI
1977 444 2002 503 Ι
2033 444 2539 506 PATRIARCH/E
2569 444 2679 504 CP.

3644 445 3746 514 1’268

575 554 718 614 domi
783 551 1074 607 admodum
1109 554 1349 625 graviter
1401 553 1676 623 vixerunt,
1726 570 1903 625 neque
1956 557 2143 612 balnea

2258 557 2540 625 ἐτράπετο,
2599 554 2749 625 μίσει
2803 553 2912 607 τῶν
2942 554 2997 606 ἐν
3039 555 3104 623 τῇ
3149 552 3390 622 πολιτείᾳ
3438 553 3750 629 δυσχερασμά-

574 646 809 715 publica,
850 658 1021 714 neque
1062 657 1415 714 conspectum
1467 645 1634 700 ullum
1677 646 1948 701 urbanum
1997 663 2145 717 quaa-

573 743 777 800 rente<,
809 736 902 787 sed
933 743 1218 790 externum
1261 751 1423 792 omne
1457 736 1727 807 fugerunt.
1781 737 2148 793 Comedehant

580 825 790 893 palmas
818 832 871 876 et
898 838 1145 894 oryzant,
1172 840 1368 894 aquam
1411 826 1689 880 bibebant.
1729 826 1902 881 Erant
1929 827 2007 882 illi
2042 844 2146 882 non

571 931 600 967 e
640 914 1059 983 Brachmannis,
1087 917 1178 986 qui
1212 918 1265 971 in
1311 919 1585 973 montibus
1613 919 1834 989 degunt,
1878 934 2054 989 neque
2082 937 2147 975 ex

569 1005 741 1070 indis,
770 1010 860 1076 qui
892 1007 1055 1061 urbes
1104 1007 1389 1063 incolunt:
1433 1010 1525 1063 sed
1556 1017 1911 1080 utrorumque
1977 1012 2145 1066 vitam

570 1112 796 1165 prorsus
819 1099 1195 1166 sectabantur,
1228 1098 1726 1154 Brachmannorum
1757 1099 1953 1173 ωδ
2008 1101 2148 1170 apud

574 1186 829 1254 populum
863 1189 1100 1257 negotia,
1134 1188 1177 1244 si
1237 1189 1431 1257 quibus
1485 1189 1814 1256 indigerent,
1874 1199 1930 1245 et
1968 1189 2149 1261 populi

573 1279 713 1346 apud
774 1278 1180 1336 Braclnuannos
1228 1290 1582 1350 peragentes.
1644 1281 1906 1336 Dixerunt
1951 1282 2025 1336 illi
2084 1284 2150 1337 dc

571 1365 969 1423 Brachmannis
991 1370 1287 1435 montanis,
1310 1386 1646 1441 quaecunque
1675 1374 1739 1425 de
1766 1373 1830 1428 iis
1853 1374 2149 1442 scriptores

572 1456 853 1526 divulgant
888 1474 900 1511 :
941 1458 1143 1513 imbres
1181 1462 1433 1529 precibus
1481 1461 1601 1516 illos
1633 1471 1835 1530 petere,
1882 1473 1935 1516 et
1984 1464 2149 1517 etiam

569 1548 787 1602 eosdem
808 1558 1080 1617 avertere,
1107 1550 1329 1617 famem,
1371 1562 1708 1622 pestemque,
1746 1554 1959 1623 aliaque
1989 1556 2147 1619 mala,

570 1652 691 1705 quae
721 1640 901 1693 curari
938 1655 1042 1694 non
1093 1652 1342 1710 possunt,
1376 1642 1624 1711 precibus
1652 1658 1809 1711 posse
1853 1646 2146 1715 depellere.

568 1725 1015 1782 Dixeruntiidem
1042 1730 1300 1799 unipedes
1343 1732 1595 1787 homines
1621 1734 1762 1802 apud
1800 1748 1860 1787 se
1890 1749 2045 1799 esse,
2099 1748 2155 1790 et

566 1817 837 1874 dracones
867 1821 1107 1890 ingentis
1142 1823 1532 1890 magnitudinis
1554 1823 1913 1893 septicipites,
1943 1834 1997 1880 et
2048 1824 2151 1880 alia

565 1908 725 1963 valde
749 1910 1027 1966 inusitata.

2248 666 2355 701 των
2378 648 2445 702 ⁸⁸.
2472 638 2646 700 Ἧκον
2664 646 2721 697 δὲ
2758 646 2894 716 πρὸς
2926 645 3016 699 τὸν
3046 645 3283 715 Σεϐἧρον
3313 646 3405 698 καὶ
3435 646 3704 716 Βραχμᾶνες
3719 652 3749 682 ⁸⁸

2253 738 2397 793 κατὰ
2448 737 2547 808 τὴν
2602 735 3029 807 Ἀλεξάνδρειαν,
3082 737 3178 789 καὶ
3226 736 3436 802 ἐδέξατο
3489 740 3613 807 σφᾶς
3659 743 3753 811 οἴκῳ

2257 831 2373 901 ἰδίῳ
2403 832 2500 883 καὶ
2548 830 2816 901 θεραπείᾳ
2865 831 2930 898 τῇ
2964 829 3349 900 προσηκούσῃο
3382 828 3431 880 οἳ
3466 830 3593 881 κατὰ
3623 832 3754 902 χώραν

2250 923 2336 975 ἐπ’
2364 922 2518 974 οῐκου
2556 920 2703 991 μάλα
2742 919 2953 989 σεμνῶς
2984 918 3197 990 έμενον,
3226 917 3347 971 οὔτε
3376 918 3602 989 λουτρῶν
3622 920 3755 989 δεόμε-

2249 1012 2639 1082 νοιδημοσίων,
2666 1010 2793 1066 οὐτε
2813 1012 2979 1083 ἄλλης
2999 1010 3248 1079 ἐπόψεως
3275 1010 3527 1078 οὐδεμιᾶς
3548 1011 3640 1062 τῶν
3659 1016 3756 1065 κατά

2250 1105 2387 1157 ἄστυ
2413 1104 2738 1174 γινομένων,
2785 1102 2923 1157 ἀλλὰ
2967 1103 3074 1154 πᾶν
3101 1101 3146 1131 ⁸³
3174 1100 3235 1152 τὸ
3281 1098 3496 1171 θυραῖον
3522 1098 3563 1129 ⁸⁷
3605 1100 3758 1169 ἐξετρέ·

2252 1210 2438 1246 ποντο.
2479 1193 2787 1246 Ἐσιτοῦντο
2824 1192 2880 1245 δέ
2920 1192 3170 1262 φοίνικας
3223 1190 3317 1243 καὶ
3362 1188 3583 1260 ὄρυζαν,
3619 1192 3690 1242 καὶ
3715 1187 3758 1258 ἦν

2252 1284 2433 1346 αὐτοῖς
2457 1285 2612 1354 πόμα
2660 1284 2723 1336 τὸ
2753 1282 2928 1354 ὕδωρ.
2961 1278 3144 1336 Ἦσαν
3173 1282 3229 1335 δὲ
3276 1275 3421 1335 οὗτοι
3449 1280 3565 1334 οὐτε
3605 1281 3690 1332 τῶν
3723 1285 3759 1333 ἐν

2251 1374 2403 1446 ὄρεσι
2418 1374 2465 1407 ⁸⁸
2485 1374 2865 1446 διατριϐόντων
2888 1372 3244 1442 Βραχμάνων,
3278 1370 3404 1423 οὐτε
3435 1371 3538 1423 τῶν
3559 1372 3608 1422 ἐν
3628 1370 3759 1425 πόλεσι

2257 1465 2665 1535 κατῳκημένων
2708 1464 2905 1529 Ἰνδῶν,
2947 1464 3061 1517 ἀλλ’
3112 1461 3351 1531 ἀτεχνῶς
3405 1460 3654 1528 ἀμφίϐιοι,
3688 1465 3760 1523 τοῖς

2256 1554 2608 1625 Βραχμάνοις
2650 1553 3089 1626 ὐπηρετούμενοι
3122 1551 3191 1604 τὰ
3223 1552 3359 1622 πρὸς
3398 1551 3496 1612 τὰς
3532 1550 3702 1615 πόλεις,
3731 1553 3762 1602 εἰ

2248 1664 2361 1715 ¹που
2391 1646 2662 1716 δεήσειεν,
2702 1648 2799 1699 καὶ
2847 1647 2971 1709 ταῖς
3008 1645 3228 1698 πόλεσιν
3252 1641 3318 1696 αὖ
3340 1644 3386 1675 ⁸⁸
3416 1643 3485 1695 τὰ
3522 1641 3641 1710 πρὸς
3676 1644 3762 1704 τοὺς

2260 1736 2595 1806 Βραχμᾶνας
2609 1735 2679 1789 ⁸ο.
2713 1734 2940 1803 Ἔλεγον
2978 1734 3035 1788 δέ
3055 1734 3151 1788 καὶ
3171 1727 3315 1787 οὗτοι
3350 1731 3479 1803 περὶ
3502 1730 3600 1783 τῶν
3621 1730 3763 1800 ὀρείων

2255 1826 2595 1897 Βραχμάνων
2634 1828 2734 1880 ὅσα
2766 1826 2814 1879 οἱ
2869 1827 3207 1894 συγγραφεῖς
3248 1824 3377 1894 περὶ
3403 1822 3572 1876 αὐτῶν
3606 1822 3764 1891 θρυὶοῦ·

2183 1906 2223 1963 Β
2256 1934 2361 1983 σιν,
2393 1917 2634 1988 ὄμϐρους
2671 1934 2730 1970 τε
2767 1918 2862 1972 καὶ
2888 1915 3187 1988 ἀνομϐρίας
3215 1916 3399 1985 εὐχαῖς
3437 1914 3763 1983 καταπράττειν

566 1999 665 2052 κα)⁵
692 2000 870 2071 λιμῶν
896 2003 991 2057 καὶ
1027 2002 1233 2076 λοιμῶν
1271 2002 1399 2078 [554
1423 2005 1517 2079 Η.]
1545 2008 1867 2075 ἀποδιώξεις
1895 2008 2071 2063 ἄλλων
2096 2025 2157 2061 τε
2198 2009 2384 2061 κακῶν
2410 2010 2750 2079 ἀποτροπὰς,
2782 2009 2882 2061 ὅσα
2921 2007 2996 2078 μὴ
3040 2007 3256 2060 ἀνίατον
3329 2004 3444 2074 ἔχει
3508 2005 3598 2071 τὴν
3627 2003 3763 2069 εἱμαρ-

542 2092 764 2163 .μένην.
798 2095 1022 2163 Ἔλεγον
1060 2096 1117 2149 δὲ
1155 2089 1301 2151 οὗτοι
1351 2100 1447 2152 καὶ
1496 2100 1795 2169 μονόποδας
1866 2100 2188 2172 ἀνθρώπους
2264 2099 2418 2169 παρὰ
2474 2100 2656 2169 σφίσιν
2706 2098 3023 2169 ἱστορῆσαι,
3066 2096 3164 2150 καὶ
3222 2096 3519 2167 δράκοντας
3565 2093 3762 2159 ἐξαισίους

568 2185 713 2255 κατὰ
756 2186 984 2255 μέγεθος
1012 2188 1449 2256 ἐπτακεφάλους,
1479 2191 1573 2244 καὶ
1594 2191 1729 2245 ἄλλα
1766 2193 1903 2247 ἄττα
1928 2192 2063 2245 πολύ
2093 2192 2152 2244 τὸ
2186 2191 2495 2263 παράλογον
2522 2190 2713 2261 ἔχοντα
2742 2191 2808 2244 ’⁸.

642 2278 789 2333 Βικίι
830 2277 1064 2333 Severus
1094 2278 1266 2334 videri
1297 2279 1698 2346 Gorgoniadem
1727 2284 1976 2347 herbam,
2006 2284 2151 2354 ejus-

569 2383 678 2436 que
722 2369 961 2423 radicem
1000 2368 1224 2422 omnino
1270 2369 1501 2424 similem
1551 2385 1672 2425 esse
1719 2371 1932 2439 puellae,
1991 2381 2153 2442 caput

569 2460 814 2517 crinibus
848 2469 1050 2514 tectum
1084 2460 1414 2526 serpentinis
1465 2461 1707 2517 babenti.
1750 2459 2147 2517 Divinationem

566 2566 601 2605 e
631 2552 885 2613 nubibus,
918 2552 1156 2620 antiquis
1180 2566 1247 2604 ne
1274 2552 1459 2606 auditu
1484 2551 1701 2622 quidem
1730 2562 1935 2617 notam,
1962 2568 2154 2622 quam-

568 2644 695 2698 dam
729 2645 1011 2697 mulierem
1052 2643 1352 2696 Anthnsam
1376 2638 1724 2712 ‘temporibus
1756 2641 1954 2698 Leonis
1984 2644 2154 2710 impe-

568 2735 771 2789 ratoris
798 2734 1028 2790 Romani
1081 2738 1249 2791 refert
1282 2737 1581 2792 invenisse.
1613 2734 1745 2802 Quae
1774 2737 1825 2790 in
1869 2734 2023 2806 IEgis
2061 2736 2156 2789 Ci-

569 2827 712 2881 liciis
749 2837 877 2880 nata
908 2826 1214 2893 dicebatur,
1249 2827 1512 2895 originem
1546 2827 1776 2897 primam
1810 2843 1838 2880 a
1874 2827 2155 2897 Cappado-

568 2918 725 2972 cibus
743 2918 1116 2972 habitantibus
1141 2919 1209 2971 ad
1226 2918 1521 2995 Comanum
1551 2929 1786 2973 montem
1809 2916 2151 2972 Orestiadum

570 3010 819 3074 trahens,
853 3009 1091 3064 referens
1113 3025 1281 3079 genus
1299 3025 1454 3063 suum
1486 3009 1550 3064 ad
1584 3009 1859 3080 Pelopem.
1896 3009 2020 3065 Haec
2046 3014 2154 3066 sol-

567 3100 718 3155 licita
762 3102 829 3156 de
861 3101 1001 3167 viro,
1032 3102 1117 3155 cui
1166 3102 1400 3155 militare
1436 3102 1651 3171 aliquod
1693 3118 1891 3157 munus
1924 3105 2150 3157 deman-

2332 2281 2453 2334 Ὀτι
2486 2279 2671 2347 ἔλεγεν
2710 2280 2738 2331 ὁ
2768 2278 3006 2349 Σεϐἧρος
3050 2274 3347 2330 τεθεᾶσθαι
3379 2274 3680 2344 Γοργονιὰδα
3708 2273 3761 2342 βο·

2256 2371 2444 2440 τάνην,
2478 2365 2547 2442 ἦς
2575 2364 2717 2422 εἶναι
2752 2369 2851 2439 τὴν
2879 2370 3033 2440 ῥίζαν
3065 2368 3322 2438 ἄντικρυς
3349 2364 3538 2435 ὁμοίαν
3581 2364 3761 2431 παρθένῳ

2260 2466 2361 2534 τὴν
2384 2462 2627 2535 κεφαλὴν
2654 2460 2849 2531 ἐχούσῃ
2872 2461 3158 2530 κατηρεφῆ
3179 2459 3227 2492 ’⁸
3247 2457 3601 2527 δρακοντείοις
3620 2454 3761 2505 niaxi-

2260 2571 2401 2625 μοις.
2429 2552 2556 2606 Ὅτι
2578 2552 2679 2623 τὴν
2704 2554 2750 2585 9³
2782 2552 2870 2605 διὰ
2901 2551 3008 2604 τῶν
3039 2550 3221 2619 νεφῶν
3277 2548 3546 2619 μαντικὴν
3582 2545 3762 2613 οὐδαμῶς

2256 2646 2370 2709 τοῖς
2396 2645 2650 2709 παλαιοῖς
2676 2644 2787 2698 οὐδ’
2819 2644 2959 2712 ἀκοῇ
3006 2639 3355 2711 ἐγνωσμένην
3391 2637 3663 2691 Ἀνθουσάν
3684 2652 3763 2687 τινα

2256 2739 2491 2806 γυναῖκα
2558 2736 2801 2805 ἐξευρεῖν
2859 2736 2917 2789 ἐν
2965 2735 3089 2797 ταῖς
3161 2734 3401 2804 ἡμέραις
3456 2730 3655 2791 Λέοντος
3701 2726 3761 2779 τοῦ

2272 2828 2562 2899 Ῥωμαίων
2615 2827 2917 2898 βασιλέωςο
2954 2824 3011 2891 ἐξ
3058 2823 3240 2893 Αἰγῶν
3305 2823 3362 2876 δέ
3417 2823 3659 2891 κατήγετο
3694 2820 3761 2871 τῶν

2262 2920 2529 2974 Κιλικίων
2554 2922 2589 2992 ἡ
2607 2920 2767 2989 γυνὴ,
2798 2920 2857 2972 τὸ
2885 2918 2943 2971 δὲ
2964 2918 3226 2970 ἀνέκαθεν
3256 2916 3361 2972 ἀπὸ
3393 2915 3499 2969 τῶν
3526 2917 3577 2967 ὲν
3600 2915 3763 2966 liam.

2262 3011 2420 3081 δοκίᾳ
2454 3011 2910 3066 κατοικισθέντων
2936 3010 3029 3062 ἐπὶ
3056 3009 3147 3063 τὸν
3170 3009 3426 3080 Κομανὸν
3456 3009 3514 3061 τὸ
3537 3008 3642 3078 ὅρος
3670 3009 3763 3075 Ὀρε-

2266 3102 2536 3156 στιαδῶν’
2586 3104 2682 3156 καὶ
2732 3102 2952 3170 ἀνάγειν
2991 3101 3051 3154 τὸ
3086 3102 3242 3169 γένος
3290 3102 3371 3163 εἰς
3416 3101 3633 3154 Πέλοπα.
3664 3097 3762 3160 Αὕτη

570 3192 780 3255 datum,
810 3195 1010 3261 quique
1049 3194 1114 3247 ad
1156 3192 1353 3247 bellum
1388 3190 1627 3247 Siculum
1660 3208 1782 3247 cum
1806 3193 1927 3248 aliis
1958 3195 2153 3249 missus

2265 3194 2631 3266 φροντίζουσα
2656 3194 2787 3265 περὶ
2824 3193 3047 3265 τάνδρὸς
3078 3193 3125 3227 ⁸⁸⁵
3157 3191 3617 3264 ἐπιτετραμμένον
3650 3206 3760 3257 etp:-

569 3290 712 3350 erat,
756 3284 931 3338 oravit
973 3285 1025 3338 in
1072 3299 1288 3347 somno,
1341 3295 1399 3337 ut
1447 3282 1630 3338 futura
1685 3296 2058 3354 cognosceret,
2103 3296 2153 3340 et

2262 3285 2520 3357 τιωτικήν
2541 3302 2662 3339 τινα
2688 3284 2861 3356 ἀρχὴν
2894 3286 2988 3338 καὶ
3022 3284 3114 3338 ἐπὶ
3145 3284 3237 3339 τὸν
3272 3284 3421 3338 κατὰ
3461 3283 3678 3336 Σικελίαν
3699 3282 3763 3333 ἀπ-

571 3376 750 3430 oravit
781 3376 845 3430 ad
868 3376 1034 3431 solem
1064 3378 1330 3431 orientem
1363 3391 1553 3444 versa;
1594 3382 1747 3445 pater
1788 3391 1920 3430 vero
1954 3375 2067 3444 ejus
2105 3379 2153 3431 in

2258 3378 2590 3449 εσταλμένου
2619 3379 2755 3448 μετὰ
2789 3380 2883 3431 καὶ
2938 3376 3115 3432 ἄλλων
3150 3377 3391 3447 πόλεμον
3414 3416 3431 3442 ,
3462 3375 3634 3439 εὐξατο
3676 3391 3762 3441 πρυ-

571 3468 781 3524 somnis
827 3469 993 3539 jussit
1048 3470 1191 3523 illam
1249 3469 1316 3524 ad
1367 3469 1536 3525 solem
1593 3470 1756 3523 etiam
1814 3468 2154 3524 occidentem

570 3575 751 3624 orare,
803 3570 857 3615 et
910 3561 998 3613 illa
1053 3572 1269 3628 orante,
1320 3577 1416 3630 per
1449 3576 1704 3616 serenum
1755 3562 1934 3616 subito
1989 3564 2158 3618 nubes

571 3650 720 3705 circa
747 3651 915 3705 solem
951 3662 1069 3706 orta
1115 3663 1221 3718 est,
1268 3664 1322 3707 et
1361 3653 1555 3727 deinde
1598 3661 1761 3709 aucta
1800 3654 1852 3708 in
1886 3655 2156 3709 hominem

569 3744 806 3799 formata
838 3754 962 3813 est;
998 3745 1102 3799 alia
1146 3761 1274 3800 vero
1318 3746 1489 3801 nubes
1533 3756 1679 3813 orta,
1708 3756 1763 3803 et
1806 3748 1860 3802 in
1893 3747 2157 3817 aequalem

573 3849 830 3891 crescens
870 3836 1323 3906 magnitudinem,
1371 3837 1424 3892 in
1466 3837 1675 3893 leonem
1724 3838 1900 3893 ferum
1949 3845 2158 3892 mutata

572 3936 679 3981 est.
710 3926 819 3983 Leo
842 3944 974 3983 vero
1006 3929 1207 3997 ingenti
1240 3931 1387 3985 hiatu
1421 3930 1535 3986 oris
1581 3930 1725 3985 facto
1753 3932 2024 3985 hominem
2061 3932 2159 3985 de-

574 4016 755 4087 glutit.
789 4014 1012 4085 Species
1046 4016 1133 4071 illa
1166 4019 1405 4073 hominis
1437 4033 1468 4073 e
1502 4019 1643 4074 nube
1674 4019 1817 4074 facta
1852 4019 2030 4074 Gothu
2055 4019 2159 4075 fuit

574 4106 798 4162 similis.
825 4106 963 4161 Nam
997 4117 1118 4176 post
1152 4108 1310 4177 paulo
1344 4109 1454 4165 Leo
1500 4126 1593 4165 rex
1623 4111 1817 4165 ducem
1857 4111 2158 4167 Gothorum

573 4200 859 4266 Asperem,
888 4206 942 4252 et
975 4198 1111 4252 ﬁlios
1141 4199 1517 4255 fraudulenter
1537 4202 1768 4256 necavit.
1792 4201 1872 4255 Ex
1902 4201 1993 4255 illo
2025 4211 2160 4256 tem-

576 4304 709 4361 pore
743 4290 795 4344 in
826 4289 967 4345 hunc
1001 4304 1174 4359 usque
1219 4292 1361 4345 diem
1416 4292 1662 4347 Anthusa
1714 4291 1930 4347 assidue
1988 4294 2161 4348 medi-

578 4388 688 4432 tata
719 4388 822 4441 est,
858 4394 964 4448 qua
992 4380 1201 4435 ratione
1228 4396 1258 4433 e
1289 4379 1519 4435 nubibus
1551 4382 1843 4448 praedicere
1871 4382 2161 4437 divinando

575 4479 778 4538 posset.
831 4469 1070 4541 Egyptii
1131 4470 1323 4525 Sothin
1381 4469 1487 4525 Isin
1532 4471 1645 4543 (12)
1696 4486 1817 4527 esse
1882 4483 2158 4536 asserunt,

574 4562 749 4617 Graeci
792 4563 932 4616 banc
963 4562 1030 4617 ad
1079 4560 1281 4617 Sirium
1315 4563 1527 4617 stellam
1575 4563 1839 4629 referunt,
1872 4575 1927 4618 et
1954 4564 2158 4619 Sirintn

2259 3473 2393 3525 ’ἰδεῖν
2449 3470 2645 3540 ὀνείρῳ
2695 3470 2765 3523 τὰ
2818 3469 3231 3540 συμϐησόμενα,
3281 3467 3480 3535 εὔξατο
3522 3470 3563 3501 ³⁸
3595 3467 3641 3520 δὲ
3679 3466 3764 3533 api;

2259 3562 2409 3633 ἥλιον
2442 3561 2751 3631 ἀνίσχοντα.
2793 3561 2852 3614 Ὀ
2888 3561 2944 3613 δὲ
2977 3560 3159 3630 πατὴρ
3192 3560 3326 3630 ὄναρ
3366 3560 3506 3629 αὐτῇ
3545 3556 3722 3616 ἐπιστὰς
3737 3556 3764 3583 ⁹⁶

2260 3652 2480 3706 ἐκέλευε
2515 3653 2608 3704 καὶ
2642 3652 2777 3721 πρὸς
2804 3651 3063 3720 δυόμενον
3095 3648 3377 3716 εὔξασθαι.
3416 3650 3522 3701 Kai.
3542 3645 3764 3717 εὐχομένης

2259 3745 2319 3810 ἐξ
2348 3744 2563 3815 αἰθρίας
2587 3744 2732 3807 τινὸς
2759 3743 2918 3811 νέφος
2943 3744 3205 3811 συστῆναι
3235 3743 3361 3812 περὶ
3386 3742 3478 3795 τὸν
3503 3742 3651 3811 ἣλιον,
3674 3739 3763 3788 ἐκεῖ·

2261 3837 2352 3890 θεν
2385 3835 2427 3888 δ’
2467 3834 2771 3906 αὐξηθῆναι
2800 3834 2896 3888 καὶ
2930 3834 3009 3896 είς
3051 3833 3338 3904 ἄνθρωπον
3386 3829 3761 3896 διατυπωθῆναν

2260 3928 2452 3998 ἕτερον
2481 3927 2526 3981 δ’
2552 3925 2719 3980 αὐτοῦ
2750 3926 2910 3995 νέφος
2941 3925 3295 3980 ἀποσπασθὲν
3323 3926 3368 3957 ’⁷
3403 3924 3626 3977 ἐπεδίδου
3716 3921 3763 3980 εἰς

2266 4016 2499 4087 μέγεθος
2530 4018 2663 4081 ἴσον,
2707 4016 2802 4068 καὶ
2834 4017 2914 4078 είς
2947 4014 3139 4068 λέοντα
3177 4013 3616 4084 διεσχηματίξετο
3644 4011 3680 4042 ’⁸
3708 4007 3764 4075 θη-

2267 4110 2382 4178 ρίον
2409 4126 2422 4138 ·
2456 4108 2484 4161 ό
2516 4106 2573 4161 δὲ
2623 4105 2899 4176 ὴγρίαινε,
2934 4105 3028 4158 καὶ
3070 4105 3213 4175 μέγα
3258 4104 3447 4174 χάσμα
3480 4099 3766 4169 πεποιημένος

2265 4203 2294 4254 ὁ
2326 4201 2465 4254 λέων
2518 4198 2810 4253 καταπίνει
2853 4197 2945 4253 τὸν
2998 4197 3317 4267 ἄνθρωπον·
3346 4196 3529 4265 Γότθῳ
3579 4192 3705 4262 ἐῴκει
3732 4189 3767 4237 εὖ

2263 4290 2607 4361 ἀνθρώπειον
2649 4288 2744 4343 καὶ
2778 4286 3132 4356 νεφοποίητον
3160 4284 3398 4339 εἴδωλον.
3459 4282 3573 4336 Ἐπὶ
3614 4280 3659 4332 δέ
3697 4277 3767 4334 τοῖς

2267 4383 2551 4453 φάσμασιν
2582 4381 2787 4448 ὀλίγον·
2818 4378 3010 4431 ἔπειτα
3063 4377 3153 4429 τὸν
3197 4377 3441 4446 ἡγεμόνα
3487 4376 3587 4427 τῶν
3620 4368 3766 4423 Γότθων

2268 4475 2521 4545 Ἀσπερα
2545 4475 2590 4507 ⁸⁸
2637 4473 2893 4544 βασιλεὺς
2931 4472 3085 4527 Λέων
3132 4470 3512 4539 ἐδολοφόνησεν
3552 4465 3686 4520 αὐτὸν
3710 4459 3767 4511 κιὶ

2263 4564 2478 4628 παῖδας.
2506 4562 2667 4636 [1044
2690 4561 2780 4633 [1.]
2798 4563 2887 4627 Ἐξ
2911 4563 3117 4615 ἐκείνου
3132 4557 3223 4614 οὖν
3244 4560 3337 4613 τοῦ
3360 4562 3550 4631 χρόνου
3574 4557 3766 4623 διέμεινεν

576 4662 833 4721 tanquam
880 4669 1072 4707 canem
1132 4653 1353 4712 Orionis
1408 4659 1687 4712 venatoris
1742 4656 1998 4711 comitem
2039 4655 2153 4723 pin-

2270 4657 2305 4725 ὴ
2341 4655 2613 4706 Ἀνθουσα
2642 4651 2770 4721 ἄχρι
2797 4651 2955 4722 δεῦρο
2983 4651 3071 4703 ἀεὶ
3096 4650 3489 4721 ἐπιτηδεύουσα
3523 4648 3605 4699 τὸν
3630 4644 3765 4713 τρόπον

576 4754 753 4810 gunt:
812 4745 942 4812 quin
1001 4746 1179 4815 potius
1232 4747 1286 4801 iu
1323 4748 1463 4803 caelo
1511 4748 1783 4818 depictum
1844 4750 2159 4803 ostendunt.

2267 4745 2369 4815 τῆς
2402 4744 2489 4796 διὰ
2509 4744 2617 4796 τῶν
2658 4741 2833 4809 νεφῶν
2875 4740 3143 4811 μαντικῆς
3192 4731 3765 4810 προγνώσεως.ὐτιτὴν

575 4834 774 4905 341α
794 4835 969 4904 Aliqui
1015 4852 1113 4906 per
1160 4838 1549 4907 impudentiam
1587 4849 1795 4895 statuas
1818 4840 2153 4911 fregeruntel

2268 4836 2442 4891 Σῶθιν
2485 4837 2778 4904 Αἰγύπτιοι
2817 4835 2916 4905 τὴν
2953 4829 3095 4886 Ἶσιν
3133 4829 3271 4886 εἶναι
3306 4833 3647 4899 θεολογοῦσιν,
3678 4822 3763 4877 οἱ

579 4924 955 4989 perdiderunt,
980 4936 1033 4978 et
1054 4940 1209 4980 sacro
1233 4928 1435 4981 auxilio
1458 4929 1702 4984 destituti
1736 4930 1904 4993 cives,
1926 4931 2161 4985 littinana

577 5027 743 5081 opera
783 5021 838 5067 et
886 5024 1005 5069 arte
1033 5025 1247 5085 portum
1276 5019 1364 5072 vix
1396 5020 1499 5074 sibi
1538 5030 1754 5075 servant
1796 5018 2058 5090 IEgyptii.
2097 5020 2161 5075 Hi

577 5103 1065 5174 persequebantur,
1112 5108 1318 5172 uxoris,
1359 5109 1602 5177 inquam,
1657 5110 1912 5172 ministri,
1972 5126 2162 5165 canent

579 5211 646 5249 ex
690 5194 874 5252 Africa
919 5196 1214 5267 fugientem
1255 5200 1579 5255 struthionis
1631 5201 1977 5271 diripieutem
2038 5215 2165 5256 car-

2268 4928 2533 4995 ’Έλληνες
2565 4929 2645 4990 εἰς
2672 4927 2764 4979 τὸν
2797 4927 3010 4996 Σείριον
3050 4926 3314 4992 ἀνάγουσι
3356 4924 3510 4977 τοῦτο
3538 4921 3592 4973 τὸ
3614 4921 3763 4985 ἄστρων

2270 5021 2366 5074 καὶ
2397 5020 2473 5083 ὼς
2509 5020 2648 5073 κύνα
2680 5019 2772 5073 τὸν
2811 5020 3040 5089 Σείριον,
3075 5018 3273 5071 ὀπαδὸν
3309 5018 3401 5071 τοῦ
3436 5018 3661 5087 Ὠρίωνος
3683 5011 3763 5061 ὅντε

2275 5113 2735 5183 κυνηγετοῦντος,
2791 5110 2933 5165 οὕτω
2992 5112 3470 5181 διαζωγραφοῦσι,
3525 5098 3765 5179 μᾶλλονδὲ

2277 5202 2721 5274 ἐντετυπωμένον
2795 5202 2874 5274 τῷ
2909 5202 3127 5274 οὐρανῷ
3162 5203 3480 5257 δεικνύουσι.
3534 5197 3667 5260 Τινὲς
3701 5190 3761 5243 ὅὲί

1858 5350 2099 5407 VARUE
2139 5351 2547 5409 LECTIUNES.

735 5463 1181 5558 δυρχερᾶνίξντων
1210 5484 1268 5558 Ξ.
1343 5470 1404 5558 ⁸⁵,
1438 5471 1761 5558 Βραχμᾶνες
1800 5476 1915 5558 78‘:
1974 5477 2296 5558 Βραχμάναι
2340 5475 2524 5558 Ξ.“⁸ο
2588 5476 2696 5558 πεῖν
2750 5490 2860 5558 om.
2897 5473 2975 5558 lin.-
3125 5472 3369 5558 θυραῖον]
3425 5472 3628 5558 θεοζρεῖν
3671 5463 3764 5558 iiut":

583 5546 727 5589 corr.
752 5604 767 5609 _
790 5537 853 5609 Α,
927 5536 993 5609 ⁸⁸-
1023 5536 1173 5609 ὄρεσι
1212 5539 1269 5609 1ίῄ
1302 5552 1315 5588 :
1382 5536 1497 5609 ὄρει
1547 5536 1604 5605 if.

1682 5546 1724 5574 ⁸³³
1761 5541 1825 5597 αὖ
1860 5549 1897 5598 Α
1948 5564 1959 5597 :
1994 5541 2171 5600 αὐτῶν
2204 5565 2262 5610 ς.

2340 5546 2386 5577 θ⁰
2417 5546 2775 5616 Βραχμάνους
2804 5545 2859 5599 Β.
2933 5545 2975 5575 ⁹¹
3018 5544 3135 5616 libri
3169 5544 3404 5616 ἔχοντας.
3490 5544 3532 5579 ⁹²
3558 5545 3760 5616 κατερεῖς

586 5616 649 5663 ς.
722 5603 1158 5684 ξξτῂντιώΙί-ᾼ.
1222 5603 1597 5684 ﬂavam;
1669 5614 1942 5684 ’δηῦξατο
1970 5636 2030 5682 ς.
2106 5603 2637 5680 “damnantia.
2714 5603 3229 5677 ον’ὺποσπαςθένςῖ
3298 5603 3761 5679 θθδιεσχ.τὸθηρίὺν

587 5687 643 5733 ς.
722 5673 767 5707 ³³
803 5676 1062 5746 ’Ἃσπαρα
1080 5675 1141 5729 Β.
1219 5680 1235 5709 ¹
1260 5678 1315 5732 δέ
1334 5673 1441 5735 oni.
1473 5673 1540 5737 Α.

2108 5782 2338 5837 NOTAE.

2108 5782 2150 5834 N
2201 5782 2243 5837 Τ
2294 5798 2338 5837 ο.

662 5859 770 5925 (ῒὲ)
815 5861 913 5915 Isis
955 5863 1072 5919 dea.
1115 5863 1405 5933 Canicula,
1458 5869 1733 5925 Plutarch.
1778 5872 1865 5925 lib.
1909 5874 1981 5928 De
2020 5782 2507 5933 [sil-(coctlgsiride.
2546 5876 2849 5947 llorapollo,
2882 5879 2974 5933 lib.
3013 5892 3052 5945 ι,
3094 5873 3563 5947 Hicroglgph.cap.
3596 5870 3640 5923 5-
