3954 6452
344 444 479 509 1269
588 468 589 471 ‘
1406 451 1934 514 BIBLIOTHECA.
1977 481 2044 489 —
2081 454 2246 515 COD.
2286 457 2560 517 CCXLII.
3487 452 3615 515 1270

331 558 524 611 ἶλαθον
549 556 609 611 τὸ
643 558 855 629 ίέρωμα
884 558 1217 625 κατάξαντες
1246 562 1339 615 καὶ
1361 562 1796 635 διαφθείραντες,
1822 565 1919 617 καὶ

2029 581 2119 621 nes
2160 585 2173 621 :
2212 568 2541 623 fodientibus
2587 582 2713 622 vero
2748 575 2996 637 apparet,
3029 564 3406 635 prominetque
3476 564 3617 615 auti-

324 650 699 721 ἀπορούμενοι
731 650 1051 722 τελεστικῆς
1095 652 1349 724 βοηθείας
1394 659 1442 708 οἱ
1490 656 1778 729 ἐπιχώριοι
1821 659 1917 710 ἁν-

2029 660 2275 730 quissimi
2309 662 2492 729 templi
2527 660 2899 730 pinnaculum.

327 744 576 815 θρωπίνῃ
603 744 809 836 σπουδῇ
837 745 933 797 καὶ¹
961 747 1127 818 τέχνῃ
1158 746 1250 800 τὸν
1283 747 1479 818 λιμένα
1511 750 1665 819 μόλις
1697 753 1912 816 ἑαυτοῖς
1952 752 2352 823 περισῴζουσιν
2395 755 2445 806 οἱ
2485 753 2796 822 Αἰγύπτιοι.
2850 753 2913 804 Ol
2982 751 3040 804 δέ
3097 749 3341 808 ἐδίωκον,
3393 749 3443 800 οἱ
3514 752 3615 820 τῆς

323 837 588 902 γυναικὸς
618 835 971 916 θεράποντες,
1010 837 1101 890 τὸν
1130 838 1269 892 κύνα
1302 839 1598 909 φεύγοντα,
1659 841 1759 911 τῆς
1827 842 2076 916 Λιϐυκῆς
2116 844 2379 916 στρουθοῦ
2454 844 2523 897 τὰ
2574 844 2709 914 κρέα
2767 844 3112 913 ἁρπάσαντα.
3154 838 3523 911 Ὀρυττὸντων
3554 843 3612 896 δὲ

326 928 631 983 ἁνακύπτει
666 929 761 981 καὶ
796 929 1113 998 ἐκφαίνεται
1159 932 1495 986 παλαιτάτου
1533 934 1636 987 νεὼ
1668 936 1918 1007 ἀέτωμα.

400 1026 523 1077 Ὀτι
554 1025 582 1075 6
619 1023 917 1095 Ἑρμείας²
956 1028 1111 1093 γένος
1143 1026 1244 1095 μὲν
1270 1022 1339 1097 ἦν
1374 1026 1780 1099 Ἀλεξανδρεὺς,
1808 1048 1915 1083 πα-

324 1116 432 1185 τὴρ
462 1116 505 1168 δ’
523 1117 839 1185 Ἀμμωνίου
869 1118 962 1169 καὶ
996 1115 1346 1187 Ἡλιοδώρου.
1379 1113 1549 1182 Οὗτος
1578 1123 1829 1191 ἐπιεικὴς
1848 1118 1918 1193 ἦν

326 1208 429 1276 τὴν
455 1205 616 1274 φύσιν
645 1208 737 1260 καὶ
765 1207 967 1269 ἁπλοῦς
999 1207 1059 1260 τὺ
1090 1203 1244 1278 ἦθος,
1269 1211 1579 1280 ἠκροάσατο
1605 1213 1661 1266 δέ
1690 1213 1786 1265 καὶ
1812 1214 1919 1265 Συ-

331 1297 519 1368 ριανοῦ
569 1298 667 1351 σὺν
694 1298 942 1370 Πρόκλῳ.
974 1300 1268 1371 Φιλοπονίᾳ
1302 1302 1399 1370 μὲν
1423 1296 1577 1366 οὗτος
1606 1304 1823 1369 οὐδενὸς
1849 1300 1918 1375 ἦν

326 1390 601 1459 δεύτερος,
652 1392 907 1459 ἀγχίνους
957 1391 1013 1443 δὲ
1052 1391 1202 1444 οῦτι⁸
1230 1392 1436 1463 σφόδρα
1477 1389 1565 1464 ἦν,
1591 1395 1711 1448 ούδέ
1743 1394 1918 1463 λόγων

328 1481 560 1551 εὑρετὴς
613 1482 1043 1547 ἀποδεικτικῶν,
1090 1484 1209 1537 οὐδὲ
1244 1486 1492 1553 γενναῖος
1528 1485 1635 1553 ἄρα
1682 1485 1924 1558 ζητητὴς

328 1572 623 1644 ἀληθείαςο
674 1574 870 1627 οὔκουν
922 1576 1031 1628 οὐδ’
1067 1571 1177 1640 οἷός
1228 1594 1287 1629 τε
1334 1578 1576 1645 ἐγεγόνει
1606 1578 1744 1649 πρὸς
1785 1582 1922 1632 ἀπο-

330 1666 561 1734 ροῦντας
583 1665 721 1719 κατά
743 1666 804 1719 τὸ
830 1668 1097 1738 καρτερὸν
1119 1668 1799 1736 ἀνταγωνίζεσθαι,καὶτοι
1816 1672 1919 1741 ἐμ-

328 1755 536 1826 έμνητο
552 1758 627 1821 ώς
656 1761 829 1811 εἰπεῖν
862 1760 1079 1812 πάντων
1106 1754 1182 1813 ὧν
1214 1777 1273 1813 τε
1288 1761 1516 1831 ἀκηκόει
1544 1761 1640 1815 τοῦ
1668 1760 1797 1833 [555
1824 1762 1915 1835 H.]

324 1850 650 1906 διδασκάλου
699 1853 1067 1923 ἐξηγουμένου
1127 1858 1221 1908 καὶ¹
1284 1854 1393 1908 τῶν
1424 1859 1482 1909 ἐν
1539 1856 1765 1927 βιϐλίοις
1788 1858 1919 1912 ἀνα-

2096 1028 2345 1083 Herniias
2367 1026 2587 1080 natione
2613 1024 3042 1088 Alexandrinus,
3077 1025 3531 1093 pater’Ammonii
3560 1036 3615 1079 et

2023 1121 2321 1177 Hcliodori.
2357 1119 2455 1175 llic
2480 1117 2581 1172 fuit
2614 1126 2807 1171 natura
2840 1116 3019 1171 bonus
3039 1127 3094 1171 et
3120 1116 3370 1185 simplex,
3400 1119 3615 1178 auditor

2024 1212 2238 1285 Syriani
2272 1211 2385 1281 (i3)
2422 1226 2546 1265 cum
2578 1208 2794 1264 Proclo.
2828 1207 3056 1262 Laboris
3096 1208 3278 1263 studio
3312 1207 3441 1261 nulli
3476 1208 3616 1262 infe-

2022 1307 2135 1359 rior
2160 1323 2174 1359 :
2214 1303 2387 1357 solers
2423 1309 2604 1354 tamen
2629 1314 2735 1354 non
2765 1299 3053 1352 admodum
3082 1297 3203 1361 fuit,
3241 1312 3340 1352 nec
3365 1297 3519 1351 firma
3547 1298 3613 1351 ad

2025 1411 2136 1451 rem
2163 1402 2485 1464 argumenta
2510 1391 2754 1445 invenire
2774 1400 3009 1459 poterat,
3049 1406 3225 1459 neque
3255 1406 3484 1460 magnus
3514 1407 3611 1445 ve-

2022 1486 2199 1542 ritatis
2230 1485 2604 1553 investigator.
2642 1482 2822 1549 Quare
2852 1497 2957 1536 non
2992 1492 3206 1551 poterat
3236 1492 3427 1537 contra
3456 1482 3616 1537 dubi-

2023 1584 2198 1631 tantes
2221 1572 2438 1629 fortiter
2472 1574 2757 1638 dimicare,
2790 1574 3041 1641 quamvis
3077 1588 3140 1627 ea
3171 1574 3433 1628 memoria
3466 1574 3618 1628 vale—

2023 1676 2123 1731 ret,
2157 1680 2216 1724 nt
2258 1667 2514 1722 recitaret
2564 1681 2901 1736 qutccunqne
2944 1682 2973 1719 a
3015 1677 3344 1735 prmceptore
3387 1668 3617 1721 docente

2019 1761 2353 1825 audivisset,
2410 1776 2638 1831 quicque
2687 1760 2907 1828 scriptis
2969 1760 3220 1812 mandata
3254 1770 3457 1814 essent.
3508 1759 3614 1814 Sed

2024 1855 2223 1908 mentis
2270 1855 2522 1909 celeritas
2571 1868 2693 1907 cum
2723 1850 2969 1907 discendi
3005 1847 3187 1906 studio
3223 1867 3327 1906 non
3372 1852 3611 1921 vigebat.

325 1945 753 2015 γεγραμμένων.
774 1946 935 1999 Ἀλλά
965 1946 1025 1998 τὸ
1061 1946 1416 2017 αὐτοκίνητον
1440 1947 1501 2000 οὐ
1532 1924 1828 2019 προσήνοει
1848 1954 1914 2020 τῇ

2030 1944 2230 2001 Virtuti
2278 1946 2550 2015 egregiam
2605 1958 2826 2012 operam
2882 1943 3121 2007 navavit,
3182 1952 3241 1997 ut
3286 1942 3419 1997 nihil
3462 1944 3514 1998 in
3548 1959 3614 1999 eo

326 2035 641 2106 πσλυμαθίᾳ
659 2036 700 2089 ⁸.
742 2037 822 2090 Τά
870 2037 926 2090 δέ
972 2036 1107 2106 πρδ;
1159 2039 1361 2109 ἀρετὴν
1406 2035 1465 2093 εὗ
1514 2040 1745 2110 ἤσκητο,
1776 2041 1918 2095 ὥστε

328 2127 456 2196 μηδ’
486 2127 550 2179 ἂν
582 2127 673 2182 τὸν
716 2128 907 2199 μῶμον
952 2128 1116 2183 αὐτὸν
1148 2131 1612 2201 ἐπιμωμήσασθαι
1650 2134 1786 2202 μηδέ
1830 2151 1921 2204 μι-

326 2221 492 2290 σῆσαι
540 2218 632 2273 τὸν
683 2219 900 2289 φθόνον,
948 2214 1117 2284 Οὗτος
1171 2221 1383 2274 ἰδιώτου
1432 2224 1561 2276 ποτὲ
1612 2225 1919 2291 πωλοῦντος

322 2312 477 2381 αύτῷ
504 2312 729 2383 βιϐλίον,
762 2314 855 2367 κα)⁸
883 2313 1105 2367 ἔλαττον
1134 2314 1281 2384 ἤπερ
1322 2308 1390 2385 ἦν
1437 2314 1587 2379 ἄξιον
1613 2317 1916 2385 αἰτοῦντος,

323 2402 696 2474 ἐπηνώρθωσέ
740 2423 800 2457 τε
846 2406 942 2475 τὴν
988 2405 1198 2475 πλάνην
1241 2406 1336 2459 καὶ
1370 2406 1616 2470 πλείονος
1648 2409 1917 2479 ὠνήσατο.

322 2496 438 2549 Καὶ
470 2498 567 2566 οὐχ
602 2496 749 2561 ἅπαξ
782 2496 877 2567 τὴν
907 2496 1256 2567 δικαιοσύνην
1294 2498 1497 2569 ταύτην
1521 2540 1536 2564 ,
1563 2495 1631 2572 ἧς
1670 2505 1781 2566 τοῖς
1825 2505 1921 2557 ἄλ-

321 2585 439 2650 λοις
461 2587 582 2641 ούδέ
614 2605 696 2651 τις
724 2583 829 2659 ἦν⁸
862 2588 1187 2659 ἐπιστροφὴ,
1212 2588 1348 2642 ἀλλὰ
1376 2590 1637 2656 πολλάκις
1660 2594 1701 2657 ⁸,
1730 2595 1921 2658 ὁσάκις

326 2679 645 2733 συνέϐαινεν
678 2682 896 2748 ἀγνοεῖν
943 2680 1034 2733 τὸν
1080 2681 1466 2751 πιπράσκοντα
1494 2683 1555 2735 τὸ
1580 2684 1792 2738 δίκαιον
1834 2688 1920 2739 τί-

327 2786 517 2838 μημα,
553 2770 921 2831 ἐπεδείκνυτο,
952 2770 1013 2822 οὐ
1047 2770 1185 2822 κατὰ
1210 2771 1337 2834 τοὺς
1366 2770 1561 2836 ἄλλους
1602 2774 1832 2841 ἀγαπῶν
1862 2777 1921 2829 τὸ

322 2860 577 2931 ἕρμαιον,
601 2862 721 2914 οὐδὲ
747 2861 980 2931 οἰηθεὶςἸ
1000 2862 1109 2931 ἄρα
1128 2862 1294 2932 μηδὲν
1318 2863 1545 2928 ἀδικεῖν,
1566 2868 1613 2917 εἰ
1628 2864 1769 2919 ἐκὼν
1783 2885 1893 2937 παρ
1909 2869 1922 2889 ’

323 2953 545 3013 ἑκόντος
587 2952 767 3005 ὁτιοῦν
805 2956 1084 3023 ἐωνήσατο
1109 2969 1123 2984 ⁸
1159 2956 1253 3008 καὶ
1280 2955 1389 3026 γὰρ
1428 2955 1652 3027 ἔνεδράν
1686 2976 1809 3011 τινα
1841 2956 1922 3012 εἶ-

323 3044 458 3096 ναι⁸
493 3044 570 3114 τῷ
602 3045 889 3116 πράγματι
918 3048 1012 3099 καὶ
1043 3046 1285 3118 ἀπάτην,
1315 3049 1378 3100 οὐ
1408 3048 1672 3117 λέγουσαν
1702 3052 1763 3103 τὸ
1789 3050 1923 3120 ψεῦ-

323 3135 443 3198 δος,
478 3136 615 3190 ἀλλά
646 3138 939 3190 σιωπῶσαν
968 3138 1065 3209 τὴν
1092 3138 1372 3208 ἀλήθειαν,
1407 3141 1730 3208 καὶξάδικίαν
1757 3139 1924 3197 οὖσαν

2024 2041 2234 2095 Momus
2262 2038 2377 2107 ipse
2405 2036 2825 2106 reprehendere,
2870 2050 2970 2089 nec
3011 2035 3148 2090 livor
3188 2036 3369 2090 odisse
3408 2046 3611 2105 posset.

2021 2135 2155 2191 Cum
2188 2132 2469 2203 imperitus
2496 2132 2544 2186 ei
2574 2131 2769 2185 librum
2793 2131 3070 2196 venderet,
3096 2140 3147 2184 et
3174 2131 3408 2200 pretium
3438 2132 3615 2184 minus

2024 2243 2182 2295 quam
2216 2226 2423 2281 valeret
2477 2225 2741 2294 exigeret,
2777 2224 3014 2278 hominis
3063 2238 3308 2277 errorem
3352 2222 3611 2284 correxit,

2023 2330 2077 2375 et
2105 2320 2277 2389 pluris
2326 2318 2476 2373 emit.
2540 2316 2648 2373 Nec
2698 2317 2869 2371 semel
2928 2316 3073 2370 hanc
3114 2314 3405 2383 justitiam,
3460 2313 3615 2383 cujus

2024 2410 2224 2463 nullam
2268 2409 2359 2463 alii
2404 2408 2667 2462 ratioueut
2718 2406 2941 2472 habent,
2968 2421 3155 2459 verum
3184 2406 3348 2458 etiam
3381 2403 3605 2473 saepius,

2024 2501 2234 2571 quoties
2259 2500 2593 2555 venditorem
2639 2498 2881 2553 debitum
2919 2499 3156 2566 pretium
3188 2498 3440 2565 ignorare
3476 2510 3612 2549 con-

2024 2574 2256 2661 tigisset,
2287 2590 2527 2645 ostendit
2563 2608 2577 2644 :
2609 2604 2715 2643 non
2747 2588 2974 2643 aliorqu
3016 2604 3168 2643 more
3197 2587 3423 2641 fortuito
3462 2585 3614 2641 lucro

2023 2684 2256 2749 deditus,
2293 2693 2443 2737 ratus
2472 2684 2709 2750 aliquam
2736 2696 2796 2736 se
2828 2682 3080 2751 injuriam
3110 2680 3406 2744 facturum,
3436 2679 3484 2734 si
3514 2693 3610 2731 vo-

2023 2778 2139 2831 lens
2169 2792 2197 2830 a
2230 2776 2443 2831 volente
2480 2776 2645 2830 etiam
2677 2775 2871 2844 quovis
2905 2775 3065 2827 modo
3096 2782 3322 2827 emeret.
3355 2770 3487 2824 Nam
3518 2771 3613 2824 do-

2026 2872 2134 2923 lum
2175 2869 2464 2939 quemdam
2496 2883 2618 2923 esse
2665 2867 2718 2921 in
2766 2877 3050 2922 contractu
3104 2876 3159 2920 et
3199 2864 3469 2929 fraudem,
3503 2877 3611 2917 non

2024 2962 2270 3016 indicare
2298 2975 2567 3026 errorem,
2612 2959 2706 3014 sed
2737 2959 3022 3013 veritatem
3054 2957 3357 3020 occultare,
3404 2966 3459 3010 et
3490 2970 3613 3008 cum

2026 3053 2100 3108 sit
2135 3051 2331 3121 injuria
2377 3068 2482 3106 non
2516 3052 2751 3106 violenta
2796 3052 2890 3105 sed
2933 3048 3177 3114 fortuita,
3214 3049 3501 3118 plerosque
3532 3046 3618 3099 la-

2027 3155 2166 3211 tere,
2194 3161 2295 3201 uec
2320 3146 2489 3200 furari
2528 3144 2753 3213 aliquid.
2791 3144 2963 3197 instar
2994 3142 3286 3198 latronum.
3317 3156 3437 3194 cum
3471 3138 3621 3207 peri-

323 3229 613 3282 λανθάνειν
644 3230 771 3293 τοὺς
798 3231 1047 3298 πολλοὺς,
1072 3234 1132 3285 οὐ
1158 3234 1353 3305 βίαιον,
1381 3235 1860 3305 ἀλλὰκλοπιμαίαν
1879 3240 1921 3305 ⁸,

2032 3238 2173 3302 culo,
2215 3238 2308 3293 sed
2365 3252 2394 3290 a
2446 3236 2563 3305 lege
2608 3234 2828 3306 quidem
2870 3233 3100 3296 absolvi,
3133 3232 3399 3301 justitiam
3434 3239 3614 3283 autem

323 3318 440 3370 οὐδ’
466 3320 507 3349 ¹⁰
552 3320 890 3373 ἐπικίνδυνόν
937 3338 1059 3375 τινα
1105 3323 1300 3395 λῃστοῦ
1355 3325 1512 3394 δίκην
1562 3324 1922 3391 κλέπτουσαν,

322 3410 449 3462 ἀλλ’
472 3410 575 3462 ὑπὸ
607 3411 706 3481 μὲν
735 3411 829 3464 τοῦ
857 3413 1023 3483 νόμου
1060 3415 1388 3486 ἀφειμένην,
1408 3416 1469 3469 τὸ
1492 3416 1545 3469 δέ
1569 3415 1772 3469 δίκαιον
1798 3416 1927 3469 ἀνα-

323 3502 659 3572 τρέπουσαν.
726 3503 852 3557 Ὅτι
900 3508 928 3558 ὁ
965 3506 1005 3537 ¹¹
1060 3506 1287 3577 ἀδελφὸς
1334 3507 1592 3577 Ἑρμείου
1625 3507 1928 3578 Γρηγόριος

323 3593 481 3647 ἆπαν
506 3590 576 3664 ἦν
608 3596 941 3659 τούναντίον,
974 3598 1231 3667 ὀξύτατος
1266 3599 1365 3670 μὲν
1388 3601 1465 3662 εἰς
1498 3599 1804 3669 ὑπερϐολὴν
1832 3598 1930 3651 καὶ

324 3684 621 3756 εὐκίνητος
653 3687 808 3739 sui.“
843 3689 941 3751 τὰς
972 3689 1229 3759 ζητήσεις
1262 3692 1356 3745 καὶ
1380 3691 1479 3754 τὰς
1508 3690 1804 3761 μαθήσεις,
1836 3690 1931 3744 ἄλ-

322 3778 445 3841 λως
464 3778 519 3832 δέ
539 3781 637 3849 οὐχ
667 3780 889 3851 ἡσύχιος
913 3784 1035 3836 οὐδὲ
1066 3786 1311 3857 γαλήνην
1337 3786 1395 3839 ἐν
1424 3789 1536 3849 τοῖς
1560 3788 1717 3857 ἤθεσι
1746 3786 1929 3856 φέρων

322 3868 476 3934 τινὰ,
507 3870 644 3924 ἀλλά
668 3889 719 3924 τι
746 3875 838 3925 καὶ
861 3877 1322 3948 παρακεκινηκὼς
1340 3879 1415 3910 ’³ο
1441 3877 1669 3949 ὕστερον
1688 3878 1733 3907 ¹⁶
1756 3877 1811 3929 δὲ
1836 3876 1931 3929 καὶ

322 3962 403 4030 τῇ
432 3962 570 4033 νόσῳ
594 3964 737 4017 ἑάλω
760 3966 851 4017 ἐπὶ
880 3967 1061 4032 πλέον,
1086 3968 1227 4021 ὥστε
1248 3968 1584 4040 δύσχρηστον
1614 3967 1781 4022 αὑτοῦ
1818 3968 1929 4030 τοῖς

322 4056 621 4125 λογισμοῖς
642 4057 737 4109 καὶ
760 4058 892 4110 πολὺ
919 4059 1293 4128 παραλλάττον
1314 4061 1568 4128 γενέσθαι
1590 4061 1650 4113 τὸ
1670 4060 1923 4129 ὄργανον.

328 4146 461 4199 Ὅτι
505 4147 582 4217 τῷ
614 4148 842 4220 Ἑρμεία
888 4152 951 4203 ἐκ
996 4152 1095 4221 τῆς
1128 4152 1378 4215 Αίδεσίας
1412 4151 1786 4222 πρεσϐύτερον
1820 4152 1929 4204 τῶν

326 4238 648 4308 φιλοσόφων
683 4240 846 4292 υἱέων
875 4241 1116 4293 τίκτεται
1152 4242 1387 4305 παιδίον,
1420 4241 1515 4294 καὶ
1542 4244 1575 4311 ή
1606 4242 1825 4294 Λὶδεσία
1854 4241 1931 4310 τῷ

324 4331 447 4382 υἱεῖ
477 4332 614 4384 ἐπτὰ
640 4332 816 4402 μῆνας
845 4334 954 4386 ἀπὸ
985 4334 1253 4400 γενέσεως
1283 4333 1471 4401 ἄγοντι
1504 4332 1841 4403 προσέπαιζέ
1870 4352 1929 4386 τε

2030 3342 2398 3397 corrumpere.
2462 3325 2663 3379 Habuit
2724 3323 2949 3377 fratrem
3010 3322 3336 3391 Gregorium
3390 3320 3616 3375 omnino

2030 3424 2374 3486 dissimilem,
2424 3422 2545 3492 plus
2592 3420 2761 3474 nimio
2803 3429 3047 3483 acutum,
3079 3429 3133 3471 et
3177 3417 3244 3471 ad
3288 3416 3618 3487 quaestiones

2029 3528 2085 3571 et
2131 3515 2451 3585 disciplinas
2496 3512 2847 3582 expeditum;
2907 3510 3241 3577 cateroquin
3288 3509 3618 3579 inquietum,

2032 3624 2132 3662 nec
2153 3606 2387 3677 placidis
2428 3604 2692 3668 moribus,
2739 3603 2832 3657 sed
2867 3600 3112 3655 nonnihil
3160 3610 3353 3655 emotae
3399 3599 3617 3653 mentis.

2032 3700 2158 3755 Post
2181 3708 2363 3754 autem
2396 3697 2590 3752 crebro
2624 3696 2816 3749 morbo
2847 3701 3132 3763 correptus
3159 3702 3264 3752 est,
3297 3702 3356 3746 ut
3391 3692 3620 3745 rationis

2032 3807 2129 3846 usu
2163 3806 2353 3859 parum
2382 3788 2606 3852 valeret,
2632 3785 2829 3857 3411)
2867 3794 2923 3839 et
2959 3800 3222 3854 organum
3253 3782 3410 3837 valde
3438 3791 3618 3835 muta-

2033 3892 2201 3937 retur.
2235 3881 2405 3936 Natus
2438 3887 2521 3935 est
2549 3879 2783 3933 Hermiae
2814 3892 2880 3933 ex
2937 3876 3158 3932 IEdesia
3195 3878 3360 3943 filius,
3394 3884 3621 3931 cmteros

2033 3971 2478 4039 philosophorum
2508 3969 2648 4024 ﬁlios
2678 3983 2980 4039 superans:
3009 3977 3062 4022 et
3096 3967 3316 4022 Edesia
3352 3983 3473 4022 cum
3509 3966 3623 4020 ﬁlio

2026 4064 2140 4131 jam
2171 4071 2381 4129 septem
2418 4069 2545 4114 nato
2575 4074 2812 4124 menses,
2847 4066 2905 4112 ut
2951 4058 3067 4113 fieri
3114 4068 3282 4122 amat,
3310 4058 3619 4125 jocabatur,

2031 4163 2085 4206 et
2128 4152 2351 4206 Babium
2396 4159 2451 4204 et
2485 4149 2721 4219 puellum
2766 4162 2896 4202 voce
2939 4147 3262 4202 diminutiva
3296 4147 3620 4216 appellabat.

2034 4246 2195 4299 Pater
2240 4243 2467 4297 audiens
2532 4251 2872 4310 conquestus
2912 4249 3018 4305 est,
3061 4251 3117 4294 et
3161 4239 3433 4307 increpuit
3480 4239 3624 4293 hanc

2035 4336 2298 4407 puerilem
2341 4334 2784 4397 diminutionem,
2825 4341 2879 4385 et
2914 4331 3257 4384 articulatam
3294 4330 3622 4397 increpando

322 4415 427 4473 οἷα
453 4423 621 4485 εἰκὸς,
652 4423 744 4475 καὶ
773 4424 960 4494 βάϐιον
996 4425 1090 4478 καὶ
1122 4426 1333 4480 παιδίον
1358 4425 1610 4480 ἀνεκάλει
1635 4426 1698 4489 ”,
1732 4426 1923 4478 ὑποκοο

2034 4444 2220 4484 vocem
2258 4426 2530 4497 protulit:
2576 4426 2792 4493 aliaque
2835 4423 3001 4476 multa
3033 4422 3099 4476 de
3149 4421 3240 4475 illo
3282 4433 3452 4489 puero
3482 4420 3619 4472 mira

327 4513 563 4584 ρίζουσα
593 4513 692 4585 τὴν
721 4516 1005 4586 φωνήν.’0
1049 4516 1106 4570 δέ
1155 4517 1395 4581 ἀκούσας
1443 4517 1792 4587 ἠγανάκτησε
1839 4518 1933 4569 καὶ

2035 4525 2310 4585 dicuntur,
2358 4533 2481 4573 eum
2533 4517 2744 4572 scilicet
2796 4516 2960 4567 vitam
3007 4515 3059 4566 in
3094 4527 3323 4582 corpore
3348 4526 3454 4566 non
3481 4511 3618 4564 tole-

324 4609 639 4677 ὲπετίμησε
680 4608 771 4660 τὸν
818 4608 1066 4662 παιδικὸν
1094 4613 1281 4663 τοῦτον
1314 4610 1685 4681 ὑποκορισμὺν
1712 4649 1727 4670 ,
1768 4611 1863 4662 καὶ
1890 4610 1923 4639 ¹⁶

2042 4625 2210 4677 rassc,
2259 4610 2355 4664 sed
2391 4608 2621 4677 septimo
2660 4620 2803 4660 anno
2845 4605 3031 4659 vivere
3076 4603 3327 4667 desiisse,
3367 4617 3467 4657 nec
3502 4602 3622 4668 eius

324 4698 753 4770 διηρθρωμένην
791 4700 889 4772 τὴν
925 4702 1243 4773 ἐπιτίμησιν
1278 4702 1600 4771 ἐξενεγκὼν.
1639 4703 1750 4757 Καὶ
1793 4702 1931 4756 ἄλλα

326 4790 393 4842 δὲ
422 4790 592 4843 πολλὰ
621 4791 750 4861 περὶ
780 4793 873 4844 τοῦ
899 4793 1090 4855 παιδὸς
1118 4794 1309 4846 τούτου
1332 4794 1699 4863 τερατολογεῖ,
1726 4795 1820 4846 καὶ
1846 4795 1930 4846 ὅτι

323 4884 437 4935 οὐκ
467 4884 793 4954 ἀνεχόμενος
820 4884 919 4956 τὴν
966 4887 1025 4939 ἐν
1074 4886 1287 4957 σώματι
1318 4886 1463 4958 ζωὴν
1493 4887 1632 4940 em
1661 4886 1800 4940 ἐτῶν
1835 4885 1928 4941 τοῦ

330 4974 454 5044 βίου
484 4976 696 5049 ἀπέστη
716 4993 731 5007 ·
759 4978 819 5030 οὑ
845 4979 954 5048 γὰρ
984 4976 1181 5048 ἐχώρει
1215 4979 1381 5031 αὐτοῦ
1413 4979 1512 5048 τὴν
1537 4978 1715 5048 ψυχὴν
1743 4981 1770 5031 6
1800 4980 1928 5049 περὶ

324 5066 442 5135 γῆν
472 5068 557 5120 ὅδε
585 5069 767 5132 τόπος.
799 5069 972 5122 Βάϐια
1004 5070 1059 5123 δέ
1091 5072 1138 5122 οἱ
1169 5069 1366 5139 Σύροι,
1396 5070 1489 5123 καὶ
1523 5071 1759 5139 μάλιστα
1783 5071 1833 5123 οί
1866 5072 1926 5124 ἐν

333 5161 635 5232 Δαμασκῷ,
664 5164 732 5217 τὰ
762 5164 955 5232 νεογνὰ
1001 5162 1224 5217 καλοῦσι
1258 5164 1463 5231 παιδία,
1497 5164 1596 5235 ἤδη
1626 5165 1683 5217 δὲ
1722 5164 1817 5218 καὶ
1859 5164 1929 5217 τὰ

2035 4704 2274 4755 animam
2308 4706 2621 4754 terrestrem
2652 4697 2886 4765 aliquem
2942 4696 3120 4749 locum
3152 4694 3451 4762 excepisse.
3498 4693 3618 4763 Syri

2035 4804 2091 4849 et
2120 4794 2355 4846 maxime
2379 4792 2471 4860 qui
2505 4791 2557 4844 in
2596 4790 2859 4843 Damasco
2896 4787 3165 4851 habitant,
3210 4801 3407 4855 pueros
3432 4800 3622 4839 recens

2036 4896 2194 4940 natos
2240 4882 2405 4938 Babia
2458 4893 2671 4937 vocant.
2721 4879 2839 4935 Jam
2898 4896 3025 4933 vero
3070 4889 3123 4934 ct
3176 4878 3549 4934 adolescentes
3590 4894 3618 4929 a

2033 4979 2135 5031 dea
2169 4976 2354 5039 Babia,
2390 4989 2514 5043 quae
2542 4971 2683 5042 apud
2716 4972 2836 5027 illos
2867 4981 3089 5041 putatur
3114 4983 3257 5033 esse,
3293 4969 3376 5023 sic
3403 4976 3617 5023 vocant.

2035 5067 2154 5123 Jam
2190 5068 2335 5122 enim
2367 5064 2607 5119 nonnulli
2630 5079 2841 5127 eorum,
2872 5063 2963 5131 qui
2987 5076 3147 5116 aures
3170 5060 3373 5114 fractas
3396 5058 3619 5122 habent,

2036 5172 2089 5217 et
2131 5174 2353 5215 sensum
2388 5157 2761 5226 depravatum,
2807 5156 2858 5210 in
2893 5156 3219 5210 comoediam
3262 5161 3318 5205 et
3362 5151 3414 5206 iu
3453 5151 3619 5205 risum

1623 5276 1853 5332 VARUE
1888 5271 2296 5330 LECTIONES.

459 5367 481 5397 1
520 5368 616 5438 Ἐρ

624 5365 803 5438 μείας]
843 5366 912 5421 cf.
941 5366 1134 5422 Sttidas
1191 5368 1247 5423 h.
1305 5383 1358 5424 v.

338 5437 465 5491 add.
533 5442 589 5493 Α.

706 5440 726 5470 ⁵
762 5439 898 5490 ἀλλὰ
926 5442 1020 5491 καὶ
1060 5438 1213 5494 πολλ.
1271 5456 1327 5502 ς’.

335 5596 368 5632 e
407 5580 673 5633 llamascii
704 5579 927 5632 historia
969 5580 1333 5647 philosophica
1362 5580 1604 5648 apponit.

336 5722 505 5776 ὑποκ.
539 5720 696 5790 τορόν
727 5719 790 5775 Β.

1492 5367 1512 5398 ³
1533 5366 1650 5419 οὕτι
1670 5399 1739 5407 —-
1762 5365 1882 5419 οὐδέ
1904 5366 1982 5418 A:
2014 5362 2139 5417 οὔτε
2177 5393 2241 5405 --
2268 5359 2389 5414 οὕτε
2417 5377 2479 5423 ς’.

1448 5438 1468 5468 ’⁷
1496 5437 1604 5506 ἀρα
1633 5441 1671 5490 Α
1700 5454 1823 5507 cum
1882 5437 2044 5507 Suida
2066 5452 2125 5507 7v.
2164 5433 2478 5507 Ἑρμαῖον]
2513 5430 2594 5482 ὅτι
2619 5447 2685 5507 Ξ.

335 5511 566 5577 πιμαῖον
591 5508 653 5563 Α.
733 5509 778 5540 ¹⁰
811 5507 923 5563 οὔθ’
954 5526 1013 5572 ς.
1094 5512 1135 5541 ”
1168 5511 1196 5561 6
1220 5497 1328 5563 otii.
1372 5508 1435 5562 Α.
1516 5497 1556 5538 ⁸⁵
1588 5508 1701 5608 ἐπὶ]
1732 5506 1824 5558 ἐπί
1856 5524 1915 5559 τε
1944 5506 2139 5558 Suidas
2165 5497 2241 5571 (νζ
2270 5497 2577 5572 Γρηγόριος
2608 5497 2887 5566 ἀδελφός),

335 5596 368 5628 e
407 5580 672 5628 liantascii
704 5579 927 5628 historia
969 5580 1333 5628 nhilosnnhica
1362 5580 1604 5628 annonit.
1708 5579 1727 5608 ³
1754 5576 2199 5628 παοακεκινηκός
2236 5574 2293 5626 Β.
2410 5572 2452 5602 ³⁸
2488 5570 2716 5628 ὕστερον
2745 5567 2822 5628 δὲΙ
2866 5571 2887 5621 ὲ

335 5596 368 5632 e
407 5592 673 5633 l’atnasctt
705 5592 927 5632 historia
969 5592 1333 5647 pltllosophtcu
1362 5592 1604 5648 apponit.
1686 5592 1727 5608 ¹⁰
1754 5592 2199 5645 παρακεκινηκος
2236 5592 2293 5626 ιι.

335 5650 417 5712 εἰς
438 5649 851 5721 Ἀλεξάνδρειαν
888 5648 1129 5721 ὕστερον,
1153 5650 1348 5706 Suidas
1375 5665 1389 5702 :
1424 5651 1560 5704 idem
1587 5664 1708 5703 mox
1742 5664 1850 5701 om.
1878 5648 1987 5708 τοῖς
2012 5645 2315 5715 λογισμοῖς.

2598 5362 2621 5390 δ
2676 5355 2974 5428 φιλομαθὶᾳ
3005 5373 3066 5419 ς.
3096 5354 3188 5425 τὰ]
3223 5354 3283 5405 τὸ
3439 5426 3452 5428 _
3502 5348 3620 5428 σμῆν

2828 5428 2849 5458 ⁸
2884 5422 3063 5481 ιιοίιηυ
3091 5422 3331 5477 ἐνεῖναιὶ)
3436 5426 3455 5454 ³
3488 5422 3615 5475 κλο-

2943 5496 3033 5561 qui
3083 5498 3182 5549 hoc
3249 5494 3615 5563 fragmentum

2410 5558 2987 5640 λε’ὖστερον-δὲιίὲπεῖ
3038 5566 3116 5640 δέ.
3154 5558 3452 5640 Ἀθῄνηθεν
3484 5558 3617 5640 ἧκεν

2394 5642 2439 5673 ¹⁸
2472 5631 2746 5711 ἀνεκάλει]
2773 5631 2838 5692 αὗ
2870 5636 3053 5690 ἐκάλει
3086 5636 3145 5688 Β.
3226 5631 3462 5687 ’θίὺποᾉ
3504 5631 3619 5704 καὶ]

1860 5781 2095 5839 NOTAE.

412 5886 526 5955 (l5)
568 5884 759 5940 Suidas
804 5886 853 5939 in
888 5882 1106 5937 "et-utin
1142 5880 1420 5949 legendus.
