  <div class='ocr_page' id='page_1' title='image "/cluster/home/n/w/nwhite01/storage/ocr_20150623/103:no.3/coo.31924054870070/651.png"; bbox 0 0 3954 6434; ppageno 0'>
   <div class='ocr_carea' id='block_1_1' title="bbox 464 408 2025 476">
    <p class='ocr_par' dir='ltr' id='par_1_1' title="bbox 464 408 2025 475">
     <span class='ocr_line' id='line_1_1' title="bbox 464 408 2025 475; baseline -0.001 0"><span class='ocrx_word' id='word_1_1' title='bbox 464 408 594 475; x_wconf 66' lang='grc' dir='ltr'>ιξτι</span> <span class='ocrx_word' id='word_1_2' title='bbox 1648 411 1911 473; x_wconf 88' lang='grc' dir='ltr'>ΡΗΟΤΙΙ</span> <span class='ocrx_word' id='word_1_3' title='bbox 1946 411 2025 473; x_wconf 72' lang='grc' dir='ltr'>ΡΑ</span> 
     </span>
    </p>
   </div>
   <div class='ocr_carea' id='block_1_2' title="bbox 2126 408 3687 476">
    <p class='ocr_par' dir='ltr' id='par_1_2' title="bbox 2126 409 3687 476">
     <span class='ocr_line' id='line_1_2' title="bbox 2126 409 3687 476; baseline 0.003 -6"><span class='ocrx_word' id='word_1_4' title='bbox 2126 412 2458 473; x_wconf 61' lang='grc' dir='ltr'>ΠΑΒΟΗέΕ</span> <span class='ocrx_word' id='word_1_5' title='bbox 2492 414 2602 474; x_wconf 87' lang='lat' dir='ltr'>CP.</span> <span class='ocrx_word' id='word_1_6' title='bbox 3576 409 3687 476; x_wconf 68' lang='lat'><strong>1279.</strong></span> 
     </span>
    </p>
   </div>
   <div class='ocr_carea' id='block_1_3' title="bbox 465 523 2026 597">
    <p class='ocr_par' dir='ltr' id='par_1_3' title="bbox 465 523 2026 595">
     <span class='ocr_line' id='line_1_3' title="bbox 465 523 2026 595; baseline 0.001 -16"><span class='ocrx_word' id='word_1_7' title='bbox 465 523 910 595; x_wconf 69' lang='lat' dir='ltr'><strong>philosomtornm</strong></span> <span class='ocrx_word' id='word_1_8' title='bbox 998 538 1199 580; x_wconf 79' lang='lat' dir='ltr'><strong>arcana</strong></span> <span class='ocrx_word' id='word_1_9' title='bbox 1296 532 1706 582; x_wconf 87' lang='lat' dir='ltr'><strong>converterunt.</strong></span> <span class='ocrx_word' id='word_1_10' title='bbox 1789 526 2026 582; x_wconf 90' lang='lat' dir='ltr'><strong>Panicun</strong></span> 
     </span>
    </p>
   </div>
   <div class='ocr_carea' id='block_1_4' title="bbox 2127 523 3688 597">
    <p class='ocr_par' dir='ltr' id='par_1_4' title="bbox 2157 524 3688 597">
     <span class='ocr_line' id='line_1_4' title="bbox 2157 524 3688 597; baseline 0.001 -18"><span class='ocrx_word' id='word_1_11' title='bbox 2157 527 2423 597; x_wconf 82' lang='grc' dir='ltr'>μειράκια</span> <span class='ocrx_word' id='word_1_12' title='bbox 2456 527 2566 580; x_wconf 81' lang='grc' dir='ltr'>ἀπὸ</span> <span class='ocrx_word' id='word_1_13' title='bbox 2590 528 2689 596; x_wconf 83' lang='grc' dir='ltr'>τῆς</span> <span class='ocrx_word' id='word_1_14' title='bbox 2719 526 2849 597; x_wconf 89' lang='grc' dir='ltr'>παρ’</span> <span class='ocrx_word' id='word_1_15' title='bbox 2874 526 3058 591; x_wconf 84' lang='grc' dir='ltr'>αὐτοῖς</span> <span class='ocrx_word' id='word_1_16' title='bbox 3086 524 3438 597; x_wconf 78' lang='grc' dir='ltr'>νομιζομένης</span> <span class='ocrx_word' id='word_1_17' title='bbox 3464 524 3637 591; x_wconf 84' lang='grc' dir='ltr'>Βαϐίας</span> <span class='ocrx_word' id='word_1_18' title='bbox 3658 530 3688 561; x_wconf 74' lang='grc'>³⁷</span> 
     </span>
    </p>
   </div>
   <div class='ocr_carea' id='block_1_5' title="bbox 461 613 2022 691">
    <p class='ocr_par' dir='ltr' id='par_1_5' title="bbox 461 615 2019 686">
     <span class='ocr_line' id='line_1_5' title="bbox 461 615 2019 686; baseline 0.003 -17"><span class='ocrx_word' id='word_1_19' title='bbox 461 616 731 686; x_wconf 83' lang='lat' dir='ltr'><strong>quoddam</strong></span> <span class='ocrx_word' id='word_1_20' title='bbox 766 615 964 670; x_wconf 86' lang='lat' dir='ltr'>animal</span> <span class='ocrx_word' id='word_1_21' title='bbox 1009 616 1211 673; x_wconf 85' lang='lat' dir='ltr'>vidisse</span> <span class='ocrx_word' id='word_1_22' title='bbox 1269 620 1347 673; x_wconf 91' lang='lat' dir='ltr'>ait</span> <span class='ocrx_word' id='word_1_23' title='bbox 1396 617 1682 674; x_wconf 78' lang='lat' dir='ltr'><strong>Hieracem</strong></span> <span class='ocrx_word' id='word_1_24' title='bbox 1726 617 2019 673; x_wconf 79' lang='lat' dir='ltr'>Alexandri</span> 
     </span>
    </p>
   </div>
   <div class='ocr_carea' id='block_1_6' title="bbox 2133 613 3694 691">
    <p class='ocr_par' dir='ltr' id='par_1_6' title="bbox 2163 613 3694 691">
     <span class='ocr_line' id='line_1_6' title="bbox 2163 613 3694 691; baseline 0.003 -19"><span class='ocrx_word' id='word_1_25' title='bbox 2163 618 2310 673; x_wconf 86' lang='grc' dir='ltr'>θεοῦ.</span> <span class='ocrx_word' id='word_1_26' title='bbox 2359 617 2521 691; x_wconf 73' lang='grc'><strong>[1045</strong></span> <span class='ocrx_word' id='word_1_27' title='bbox 2550 617 2641 691; x_wconf 61' lang='lat' dir='ltr'>IL]</span> <span class='ocrx_word' id='word_1_28' title='bbox 2700 618 2840 689; x_wconf 83' lang='grc' dir='ltr'>’ΊΙδη</span> <span class='ocrx_word' id='word_1_29' title='bbox 2904 618 3013 690; x_wconf 76' lang='grc' dir='ltr'>γὰρ</span> <span class='ocrx_word' id='word_1_30' title='bbox 3034 618 3195 683; x_wconf 74' lang='grc' dir='ltr'>ἐνίοις</span> <span class='ocrx_word' id='word_1_31' title='bbox 3239 619 3344 674; x_wconf 86' lang='grc' dir='ltr'>τῶν</span> <span class='ocrx_word' id='word_1_32' title='bbox 3373 624 3440 673; x_wconf 71' lang='grc' dir='ltr'>τὰ</span> <span class='ocrx_word' id='word_1_33' title='bbox 3462 613 3564 673; x_wconf 75' lang='grc' dir='ltr'>ὦτα</span> <span class='ocrx_word' id='word_1_34' title='bbox 3584 639 3694 676; x_wconf 87' lang='grc' dir='ltr'>κατ-</span> 
     </span>
    </p>
   </div>
   <div class='ocr_carea' id='block_1_7' title="bbox 465 707 2026 784">
    <p class='ocr_par' dir='ltr' id='par_1_7' title="bbox 465 707 2025 784">
     <span class='ocr_line' id='line_1_7' title="bbox 465 707 2025 784; baseline 0.003 -22"><span class='ocrx_word' id='word_1_35' title='bbox 465 723 593 763; x_wconf 88' lang='lat' dir='ltr'>num</span> <span class='ocrx_word' id='word_1_36' title='bbox 638 707 928 762; x_wconf 83' lang='lat' dir='ltr'><strong>Ammonio</strong></span> <span class='ocrx_word' id='word_1_37' title='bbox 968 710 1231 777; x_wconf 67' lang='lat' dir='ltr'><strong>aequalem</strong></span> <span class='ocrx_word' id='word_1_38' title='bbox 1272 725 1397 765; x_wconf 88' lang='lat' dir='ltr'>cum</span> <span class='ocrx_word' id='word_1_39' title='bbox 1441 725 1509 766; x_wconf 83' lang='lat' dir='ltr'>ex</span> <span class='ocrx_word' id='word_1_40' title='bbox 1537 709 1814 781; x_wconf 65' lang='lat' dir='ltr'><strong>Ethiopia</strong></span> <span class='ocrx_word' id='word_1_41' title='bbox 1848 710 2025 784; x_wconf 81' lang='lat' dir='ltr'><strong>Byzan</strong></span> 
     </span>
    </p>
   </div>
   <div class='ocr_carea' id='block_1_8' title="bbox 2137 707 3698 784">
    <p class='ocr_par' dir='ltr' id='par_1_8' title="bbox 2159 710 3698 783">
     <span class='ocr_line' id='line_1_8' title="bbox 2159 710 3698 783; baseline 0.001 -20"><span class='ocrx_word' id='word_1_42' title='bbox 2159 711 2404 780; x_wconf 85' lang='grc' dir='ltr'>εαγότων</span> <span class='ocrx_word' id='word_1_43' title='bbox 2459 712 2552 766; x_wconf 72' lang='grc' dir='ltr'>καὶ</span> <span class='ocrx_word' id='word_1_44' title='bbox 2596 710 2776 783; x_wconf 79' lang='grc' dir='ltr'>ἆμα¹⁸</span> <span class='ocrx_word' id='word_1_45' title='bbox 2807 713 3217 782; x_wconf 78' lang='grc' dir='ltr'>διεφθαρμένων</span> <span class='ocrx_word' id='word_1_46' title='bbox 3243 711 3340 775; x_wconf 85' lang='grc' dir='ltr'>τάς</span> <span class='ocrx_word' id='word_1_47' title='bbox 3379 712 3598 776; x_wconf 72' lang='grc' dir='ltr'>διανοίας</span> <span class='ocrx_word' id='word_1_48' title='bbox 3635 718 3698 777; x_wconf 74' lang='grc' dir='ltr'>εἰς</span> 
     </span>
    </p>
   </div>
   <div class='ocr_carea' id='block_1_9' title="bbox 464 800 2025 876">
    <p class='ocr_par' dir='ltr' id='par_1_9' title="bbox 464 800 2025 873">
     <span class='ocr_line' id='line_1_9' title="bbox 464 800 2025 873; baseline 0.004 -20"><span class='ocrx_word' id='word_1_49' title='bbox 464 803 597 854; x_wconf 85' lang='lat' dir='ltr'><strong>tium</strong></span> <span class='ocrx_word' id='word_1_50' title='bbox 627 800 1089 869; x_wconf 80' lang='lat' dir='ltr'><strong>proficisceretur,</strong></span> <span class='ocrx_word' id='word_1_51' title='bbox 1114 802 1257 869; x_wconf 88' lang='lat' dir='ltr'><strong>quod</strong></span> <span class='ocrx_word' id='word_1_52' title='bbox 1292 802 1522 873; x_wconf 77' lang='lat' dir='ltr'>depictis</span> <span class='ocrx_word' id='word_1_53' title='bbox 1552 812 1607 859; x_wconf 85' lang='lat' dir='ltr'>et</span> <span class='ocrx_word' id='word_1_54' title='bbox 1639 803 1926 859; x_wconf 83' lang='lat' dir='ltr'><strong>delineatis</strong></span> <span class='ocrx_word' id='word_1_55' title='bbox 1958 804 2025 859; x_wconf 92' lang='lat' dir='ltr'>ad</span> 
     </span>
    </p>
   </div>
   <div class='ocr_carea' id='block_1_10' title="bbox 2139 800 3700 876">
    <p class='ocr_par' dir='ltr' id='par_1_10' title="bbox 2160 803 3700 876">
     <span class='ocr_line' id='line_1_10' title="bbox 2160 803 3700 876; baseline 0.001 -21"><span class='ocrx_word' id='word_1_56' title='bbox 2160 803 2455 874; x_wconf 84' lang='grc' dir='ltr'>κωμῳδίαν</span> <span class='ocrx_word' id='word_1_57' title='bbox 2484 804 2697 876; x_wconf 86' lang='grc' dir='ltr'>ἐτράπη</span> <span class='ocrx_word' id='word_1_58' title='bbox 2728 804 2821 858; x_wconf 67' lang='grc' dir='ltr'>καὶ</span> <span class='ocrx_word' id='word_1_59' title='bbox 2852 803 3066 873; x_wconf 88' lang='grc' dir='ltr'>γέλωτα</span> <span class='ocrx_word' id='word_1_60' title='bbox 3100 804 3268 859; x_wconf 72' lang='grc' dir='ltr'>πολὺν</span> <span class='ocrx_word' id='word_1_61' title='bbox 3294 804 3359 856; x_wconf 75' lang='grc' dir='ltr'>τὰ</span> <span class='ocrx_word' id='word_1_62' title='bbox 3395 804 3492 873; x_wconf 80' lang='grc' dir='ltr'>τῆς</span> <span class='ocrx_word' id='word_1_63' title='bbox 3521 803 3700 873; x_wconf 75' lang='grc' dir='ltr'>φιλοσο-</span> 
     </span>
    </p>
   </div>
   <div class='ocr_carea' id='block_1_11' title="bbox 462 893 2023 968">
    <p class='ocr_par' dir='ltr' id='par_1_11' title="bbox 462 893 2023 955">
     <span class='ocr_line' id='line_1_11' title="bbox 462 893 2023 955; baseline 0.003 -8"><span class='ocrx_word' id='word_1_64' title='bbox 462 894 678 947; x_wconf 90' lang='lat' dir='ltr'><strong>modum</strong></span> <span class='ocrx_word' id='word_1_65' title='bbox 720 893 919 955; x_wconf 85' lang='lat' dir='ltr'><strong>simile,</strong></span> <span class='ocrx_word' id='word_1_66' title='bbox 943 901 997 947; x_wconf 90' lang='lat' dir='ltr'>et</span> <span class='ocrx_word' id='word_1_67' title='bbox 1031 894 1251 949; x_wconf 78' lang='lat' dir='ltr'><strong>audiSse</strong></span> <span class='ocrx_word' id='word_1_68' title='bbox 1279 895 1425 949; x_wconf 91' lang='lat' dir='ltr'><strong>illum</strong></span> <span class='ocrx_word' id='word_1_69' title='bbox 1452 911 1640 952; x_wconf 89' lang='lat' dir='ltr'><strong>vocem</strong></span> <span class='ocrx_word' id='word_1_70' title='bbox 1670 896 1924 952; x_wconf 84' lang='lat' dir='ltr'><strong>animalis</strong></span> <span class='ocrx_word' id='word_1_71' title='bbox 1956 897 2023 951; x_wconf 90' lang='lat' dir='ltr'>bu</span> 
     </span>
    </p>
   </div>
   <div class='ocr_carea' id='block_1_12' title="bbox 2140 893 3701 968">
    <p class='ocr_par' dir='ltr' id='par_1_12' title="bbox 2160 895 3701 968">
     <span class='ocr_line' id='line_1_12' title="bbox 2160 895 3701 968; baseline -0.008 -7"><span class='ocrx_word' id='word_1_72' title='bbox 2160 896 2289 966; x_wconf 83' lang='grc' dir='ltr'>φίας</span> <span class='ocrx_word' id='word_1_73' title='bbox 2320 897 2628 968; x_wconf 76' lang='grc' dir='ltr'>ἀπόρρητα.</span> <span class='ocrx_word' id='word_1_74' title='bbox 2694 896 2817 949; x_wconf 83' lang='grc' dir='ltr'>Ὅτι</span> <span class='ocrx_word' id='word_1_75' title='bbox 2876 895 3111 951; x_wconf 89' lang='grc' dir='ltr'>Πανικόν</span> <span class='ocrx_word' id='word_1_76' title='bbox 3162 913 3214 949; x_wconf 91' lang='grc' dir='ltr'>τι</span> <span class='ocrx_word' id='word_1_77' title='bbox 3257 895 3391 959; x_wconf 80' lang='grc' dir='ltr'>ζῶον</span> <span class='ocrx_word' id='word_1_78' title='bbox 3431 895 3701 966; x_wconf 72' lang='grc' dir='ltr'>διακομιζόο</span> 
     </span>
    </p>
   </div>
   <div class='ocr_carea' id='block_1_13' title="bbox 456 983 2017 1059">
    <p class='ocr_par' dir='ltr' id='par_1_13' title="bbox 456 983 2017 1054">
     <span class='ocr_line' id='line_1_13' title="bbox 456 983 2017 1054; baseline 0.005 -19"><span class='ocrx_word' id='word_1_79' title='bbox 456 986 549 1054; x_wconf 82' lang='lat' dir='ltr'><strong>jus</strong></span> <span class='ocrx_word' id='word_1_80' title='bbox 575 986 718 1039; x_wconf 87' lang='lat' dir='ltr'><strong>circa</strong></span> <span class='ocrx_word' id='word_1_81' title='bbox 765 983 1184 1050; x_wconf 78' lang='lat' dir='ltr'><strong>Alexandriam,</strong></span> <span class='ocrx_word' id='word_1_82' title='bbox 1216 985 1379 1040; x_wconf 88' lang='lat' dir='ltr'><strong>veluti</strong></span> <span class='ocrx_word' id='word_1_83' title='bbox 1428 987 1471 1042; x_wconf 92' lang='lat' dir='ltr'>si</span> <span class='ocrx_word' id='word_1_84' title='bbox 1518 988 1792 1043; x_wconf 86' lang='lat' dir='ltr'><strong>strideret.</strong></span> <span class='ocrx_word' id='word_1_85' title='bbox 1838 989 2017 1043; x_wconf 72' lang='lat' dir='ltr'><strong>Ammt</strong></span> 
     </span>
    </p>
   </div>
   <div class='ocr_carea' id='block_1_14' title="bbox 2140 983 3701 1059">
    <p class='ocr_par' dir='ltr' id='par_1_14' title="bbox 2161 986 3701 1059">
     <span class='ocr_line' id='line_1_14' title="bbox 2161 986 3701 1059; baseline 0.001 -19"><span class='ocrx_word' id='word_1_86' title='bbox 2161 1004 2323 1058; x_wconf 87' lang='grc' dir='ltr'>μενον</span> <span class='ocrx_word' id='word_1_87' title='bbox 2343 989 2384 1021; x_wconf 79' lang='grc'>¹⁹</span> <span class='ocrx_word' id='word_1_88' title='bbox 2421 986 2722 1042; x_wconf 83' lang='grc' dir='ltr'>θεάσασθαί</span> <span class='ocrx_word' id='word_1_89' title='bbox 2760 1004 2929 1057; x_wconf 88' lang='grc' dir='ltr'>φησιν</span> <span class='ocrx_word' id='word_1_90' title='bbox 2956 989 2983 1041; x_wconf 92' lang='lat'>6</span> <span class='ocrx_word' id='word_1_91' title='bbox 3017 986 3192 1059; x_wconf 83' lang='grc' dir='ltr'>Ἰέραξ</span> <span class='ocrx_word' id='word_1_92' title='bbox 3229 990 3257 1040; x_wconf 92' lang='lat'>6</span> <span class='ocrx_word' id='word_1_93' title='bbox 3288 986 3701 1057; x_wconf 79' lang='grc' dir='ltr'>Ἀλεξανδρεὺς,ό</span> 
     </span>
    </p>
   </div>
   <div class='ocr_carea' id='block_1_15' title="bbox 461 1078 2022 1151">
    <p class='ocr_par' dir='ltr' id='par_1_15' title="bbox 461 1078 2022 1150">
     <span class='ocr_line' id='line_1_15' title="bbox 461 1078 2022 1150; baseline 0.003 -17"><span class='ocrx_word' id='word_1_94' title='bbox 461 1081 583 1135; x_wconf 90' lang='lat' dir='ltr'><strong>nius</strong></span> <span class='ocrx_word' id='word_1_95' title='bbox 632 1078 732 1134; x_wconf 88' lang='lat' dir='ltr'><strong>fuit</strong></span> <span class='ocrx_word' id='word_1_96' title='bbox 778 1078 1268 1148; x_wconf 81' lang='lat' dir='ltr'><strong>diligentissimus,</strong></span> <span class='ocrx_word' id='word_1_97' title='bbox 1314 1088 1371 1135; x_wconf 85' lang='lat' dir='ltr'>et</span> <span class='ocrx_word' id='word_1_98' title='bbox 1411 1080 1613 1137; x_wconf 86' lang='lat' dir='ltr'><strong>multos</strong></span> <span class='ocrx_word' id='word_1_99' title='bbox 1659 1081 2022 1150; x_wconf 84' lang='lat' dir='ltr'><strong>explicatores</strong></span> 
     </span>
    </p>
   </div>
   <div class='ocr_carea' id='block_1_16' title="bbox 2141 1078 3702 1151">
    <p class='ocr_par' dir='ltr' id='par_1_16' title="bbox 2159 1080 3702 1151">
     <span class='ocr_line' id='line_1_16' title="bbox 2159 1080 3702 1151; baseline -0.001 -18"><span class='ocrx_word' id='word_1_100' title='bbox 2159 1081 2517 1149; x_wconf 81' lang='grc' dir='ltr'>συνακμάσας</span> <span class='ocrx_word' id='word_1_101' title='bbox 2553 1080 2868 1151; x_wconf 78' lang='grc' dir='ltr'>Ἀμμωνίῳ,</span> <span class='ocrx_word' id='word_1_102' title='bbox 2899 1080 2957 1147; x_wconf 80' lang='grc' dir='ltr'>ἐξ</span> <span class='ocrx_word' id='word_1_103' title='bbox 3005 1080 3289 1145; x_wconf 80' lang='grc' dir='ltr'>Αἰθιοπίας</span> <span class='ocrx_word' id='word_1_104' title='bbox 3336 1082 3414 1143; x_wconf 87' lang='grc' dir='ltr'>είς</span> <span class='ocrx_word' id='word_1_105' title='bbox 3446 1080 3504 1133; x_wconf 84' lang='grc' dir='ltr'>τὸ</span> <span class='ocrx_word' id='word_1_106' title='bbox 3534 1080 3702 1144; x_wconf 77' lang='grc' dir='ltr'>Βυζάν-</span> 
     </span>
    </p>
   </div>
   <div class='ocr_carea' id='block_1_17' title="bbox 459 1170 2020 1246">
    <p class='ocr_par' dir='ltr' id='par_1_17' title="bbox 459 1170 2019 1243">
     <span class='ocr_line' id='line_1_17' title="bbox 459 1170 2019 1243; baseline 0.001 -17"><span class='ocrx_word' id='word_1_107' title='bbox 459 1174 550 1243; x_wconf 87' lang='lat' dir='ltr'>qui</span> <span class='ocrx_word' id='word_1_108' title='bbox 584 1172 711 1228; x_wconf 91' lang='lat' dir='ltr'><strong>olim</strong></span> <span class='ocrx_word' id='word_1_109' title='bbox 741 1170 1071 1239; x_wconf 86' lang='lat' dir='ltr'><strong>floruissent,</strong></span> <span class='ocrx_word' id='word_1_110' title='bbox 1100 1173 1261 1241; x_wconf 85' lang='lat' dir='ltr'><strong>juvit,</strong></span> <span class='ocrx_word' id='word_1_111' title='bbox 1288 1172 1523 1227; x_wconf 78' lang='lat' dir='ltr'><strong>maxime</strong></span> <span class='ocrx_word' id='word_1_112' title='bbox 1562 1181 1743 1228; x_wconf 87' lang='lat' dir='ltr'><strong>autem</strong></span> <span class='ocrx_word' id='word_1_113' title='bbox 1774 1173 2019 1230; x_wconf 81' lang='lat' dir='ltr'><strong>Aristote</strong></span> 
     </span>
    </p>
   </div>
   <div class='ocr_carea' id='block_1_18' title="bbox 2140 1170 3701 1246">
    <p class='ocr_par' dir='ltr' id='par_1_18' title="bbox 2154 1173 3701 1246">
     <span class='ocr_line' id='line_1_18' title="bbox 2154 1173 3701 1246; baseline 0.001 -20"><span class='ocrx_word' id='word_1_114' title='bbox 2154 1190 2293 1237; x_wconf 87' lang='grc' dir='ltr'>τιον,</span> <span class='ocrx_word' id='word_1_115' title='bbox 2325 1173 2504 1237; x_wconf 78' lang='grc' dir='ltr'>ἐοικὸς</span> <span class='ocrx_word' id='word_1_116' title='bbox 2535 1173 2778 1246; x_wconf 89' lang='grc' dir='ltr'>ἀκριϐῶς</span> <span class='ocrx_word' id='word_1_117' title='bbox 2806 1178 2917 1239; x_wconf 85' lang='grc' dir='ltr'>τοῖς</span> <span class='ocrx_word' id='word_1_118' title='bbox 2946 1174 3312 1245; x_wconf 79' lang='grc' dir='ltr'>γραφομένοις</span> <span class='ocrx_word' id='word_1_119' title='bbox 3350 1174 3442 1227; x_wconf 76' lang='grc' dir='ltr'>καὶ</span> <span class='ocrx_word' id='word_1_120' title='bbox 3467 1175 3701 1244; x_wconf 77' lang='grc' dir='ltr'>τυπουμέ-</span> 
     </span>
    </p>
   </div>
   <div class='ocr_carea' id='block_1_19' title="bbox 460 1263 2021 1337">
    <p class='ocr_par' dir='ltr' id='par_1_19' title="bbox 460 1264 2019 1335">
     <span class='ocr_line' id='line_1_19' title="bbox 460 1264 2019 1335; baseline 0.001 -18"><span class='ocrx_word' id='word_1_121' title='bbox 460 1265 566 1319; x_wconf 84' lang='lat' dir='ltr'>lem</span> <span class='ocrx_word' id='word_1_122' title='bbox 607 1267 939 1322; x_wconf 80' lang='lat' dir='ltr'><strong>sectabatur.</strong></span> <span class='ocrx_word' id='word_1_123' title='bbox 986 1264 1296 1332; x_wconf 79' lang='lat' dir='ltr'><strong>Quinetiam</strong></span> <span class='ocrx_word' id='word_1_124' title='bbox 1356 1280 1462 1320; x_wconf 91' lang='lat' dir='ltr'>non</span> <span class='ocrx_word' id='word_1_125' title='bbox 1517 1264 1691 1320; x_wconf 87' lang='lat' dir='ltr'><strong>solum</strong></span> <span class='ocrx_word' id='word_1_126' title='bbox 1751 1266 2019 1335; x_wconf 65' lang='lat' dir='ltr'><strong>aequalibu</strong></span> 
     </span>
    </p>
   </div>
   <div class='ocr_carea' id='block_1_20' title="bbox 2141 1263 3702 1337">
    <p class='ocr_par' dir='ltr' id='par_1_20' title="bbox 2155 1263 3702 1337">
     <span class='ocr_line' id='line_1_20' title="bbox 2155 1263 3702 1337; baseline -0.003 -18"><span class='ocrx_word' id='word_1_127' title='bbox 2155 1283 2301 1331; x_wconf 82' lang='grc' dir='ltr'>νοις·</span> <span class='ocrx_word' id='word_1_128' title='bbox 2350 1267 2651 1337; x_wconf 83' lang='grc' dir='ltr'>ἀκηκοέναι</span> <span class='ocrx_word' id='word_1_129' title='bbox 2691 1283 2751 1320; x_wconf 90' lang='grc' dir='ltr'>τε</span> <span class='ocrx_word' id='word_1_130' title='bbox 2781 1265 2946 1321; x_wconf 80' lang='grc' dir='ltr'>αὑτοῦ</span> <span class='ocrx_word' id='word_1_131' title='bbox 2976 1266 3076 1337; x_wconf 83' lang='grc' dir='ltr'>τῆς</span> <span class='ocrx_word' id='word_1_132' title='bbox 3106 1265 3289 1335; x_wconf 81' lang='grc' dir='ltr'>φωνῆς</span> <span class='ocrx_word' id='word_1_133' title='bbox 3317 1265 3403 1318; x_wconf 68' lang='grc' dir='ltr'>διὰ</span> <span class='ocrx_word' id='word_1_134' title='bbox 3433 1265 3525 1333; x_wconf 81' lang='grc' dir='ltr'>τῆς</span> <span class='ocrx_word' id='word_1_135' title='bbox 3557 1263 3702 1329; x_wconf 76' lang='grc' dir='ltr'>Ἀλεξ-</span> 
     </span>
    </p>
   </div>
   <div class='ocr_carea' id='block_1_21' title="bbox 459 1355 2020 1433">
    <p class='ocr_par' dir='ltr' id='par_1_21' title="bbox 459 1355 2017 1426">
     <span class='ocr_line' id='line_1_21' title="bbox 459 1355 2017 1426; baseline 0.001 -16"><span class='ocrx_word' id='word_1_136' title='bbox 459 1358 595 1423; x_wconf 85' lang='lat' dir='ltr'><strong>suis,</strong></span> <span class='ocrx_word' id='word_1_137' title='bbox 625 1373 811 1414; x_wconf 88' lang='lat' dir='ltr'><strong>verum</strong></span> <span class='ocrx_word' id='word_1_138' title='bbox 836 1357 1001 1413; x_wconf 90' lang='lat' dir='ltr'><strong>etiam</strong></span> <span class='ocrx_word' id='word_1_139' title='bbox 1032 1357 1153 1412; x_wconf 88' lang='lat' dir='ltr'><strong>aliis</strong></span> <span class='ocrx_word' id='word_1_140' title='bbox 1184 1355 1378 1412; x_wconf 84' lang='lat' dir='ltr'><strong>Proclo</strong></span> <span class='ocrx_word' id='word_1_141' title='bbox 1410 1357 1814 1426; x_wconf 80' lang='lat' dir='ltr'><strong>antiquioribus</strong></span> <span class='ocrx_word' id='word_1_142' title='bbox 1834 1357 2017 1425; x_wconf 68' lang='lat' dir='ltr'><strong>praesti</strong></span> 
     </span>
    </p>
   </div>
   <div class='ocr_carea' id='block_1_22' title="bbox 2141 1355 3702 1433">
    <p class='ocr_par' dir='ltr' id='par_1_22' title="bbox 2154 1356 3702 1433">
     <span class='ocr_line' id='line_1_22' title="bbox 2154 1356 3702 1433; baseline -0.003 -21"><span class='ocrx_word' id='word_1_143' title='bbox 2154 1359 2408 1431; x_wconf 85' lang='grc' dir='ltr'>ανδρείας</span> <span class='ocrx_word' id='word_1_144' title='bbox 2473 1359 2773 1433; x_wconf 77' lang='grc' dir='ltr'>φερομένου</span> <span class='ocrx_word' id='word_1_145' title='bbox 2816 1358 2981 1413; x_wconf 71' lang='grc' dir='ltr'>οἱονεὶ</span> <span class='ocrx_word' id='word_1_146' title='bbox 3041 1357 3348 1429; x_wconf 73' lang='grc' dir='ltr'>τριζούσης.</span> <span class='ocrx_word' id='word_1_147' title='bbox 3405 1356 3702 1426; x_wconf 76' lang='grc' dir='ltr'>ὍτιόἋμ-</span> 
     </span>
    </p>
   </div>
   <div class='ocr_carea' id='block_1_23' title="bbox 460 1447 2021 1522">
    <p class='ocr_par' dir='ltr' id='par_1_23' title="bbox 460 1447 2017 1519">
     <span class='ocr_line' id='line_1_23' title="bbox 460 1447 2017 1519; baseline 0.002 -18"><span class='ocrx_word' id='word_1_148' title='bbox 460 1451 544 1513; x_wconf 88' lang='lat' dir='ltr'><strong>tit,</strong></span> <span class='ocrx_word' id='word_1_149' title='bbox 573 1464 741 1518; x_wconf 89' lang='lat' dir='ltr'><strong>prope</strong></span> <span class='ocrx_word' id='word_1_150' title='bbox 780 1449 1010 1503; x_wconf 81' lang='lat' dir='ltr'><strong>dixerim</strong></span> <span class='ocrx_word' id='word_1_151' title='bbox 1040 1448 1130 1516; x_wconf 90' lang='lat' dir='ltr'>qui</span> <span class='ocrx_word' id='word_1_152' title='bbox 1176 1462 1411 1517; x_wconf 86' lang='lat' dir='ltr'><strong>unquam</strong></span> <span class='ocrx_word' id='word_1_153' title='bbox 1443 1447 1796 1515; x_wconf 88' lang='lat' dir='ltr'><strong>exstiterunt,</strong></span> <span class='ocrx_word' id='word_1_154' title='bbox 1831 1450 1883 1503; x_wconf 92' lang='lat' dir='ltr'>in</span> <span class='ocrx_word' id='word_1_155' title='bbox 1916 1463 2017 1519; x_wconf 83' lang='lat' dir='ltr'>geo</span> 
     </span>
    </p>
   </div>
   <div class='ocr_carea' id='block_1_24' title="bbox 2139 1447 3700 1522">
    <p class='ocr_par' dir='ltr' id='par_1_24' title="bbox 2156 1448 3700 1522">
     <span class='ocr_line' id='line_1_24' title="bbox 2156 1448 3700 1522; baseline -0.004 -16"><span class='ocrx_word' id='word_1_156' title='bbox 2156 1451 2359 1522; x_wconf 87' lang='grc' dir='ltr'>μώνιος</span> <span class='ocrx_word' id='word_1_157' title='bbox 2404 1452 2845 1521; x_wconf 83' lang='grc' dir='ltr'>φιλοπονώτατος</span> <span class='ocrx_word' id='word_1_158' title='bbox 2893 1450 3111 1519; x_wconf 89' lang='grc' dir='ltr'>γέγονε,</span> <span class='ocrx_word' id='word_1_159' title='bbox 3144 1450 3241 1504; x_wconf 78' lang='grc' dir='ltr'>καὶ</span> <span class='ocrx_word' id='word_1_160' title='bbox 3279 1448 3558 1511; x_wconf 84' lang='grc' dir='ltr'>πλείστους</span> 
     </span>
    </p>
   </div>
   <div class='ocr_carea' id='block_1_25' title="bbox 456 1536 2017 1615">
    <p class='ocr_par' dir='ltr' id='par_1_25' title="bbox 456 1536 2017 1609">
     <span class='ocr_line' id='line_1_25' title="bbox 456 1536 2017 1609; baseline 0.001 -19"><span class='ocrx_word' id='word_1_161' title='bbox 456 1537 649 1591; x_wconf 86' lang='lat' dir='ltr'><strong>metria</strong></span> <span class='ocrx_word' id='word_1_162' title='bbox 683 1546 733 1592; x_wconf 90' lang='lat' dir='ltr'>et</span> <span class='ocrx_word' id='word_1_163' title='bbox 777 1537 1128 1592; x_wconf 88' lang='lat' dir='ltr'><strong>astronomia.</strong></span> <span class='ocrx_word' id='word_1_164' title='bbox 1175 1536 1403 1592; x_wconf 85' lang='lat' dir='ltr'><strong>Proclus</strong></span> <span class='ocrx_word' id='word_1_165' title='bbox 1427 1552 1490 1592; x_wconf 91' lang='lat' dir='ltr'>os</span> <span class='ocrx_word' id='word_1_166' title='bbox 1535 1537 1751 1602; x_wconf 87' lang='lat' dir='ltr'><strong>lsidori,</strong></span> <span class='ocrx_word' id='word_1_167' title='bbox 1786 1546 2017 1609; x_wconf 78' lang='lat' dir='ltr'><strong>tanqnan</strong></span> 
     </span>
    </p>
   </div>
   <div class='ocr_carea' id='block_1_26' title="bbox 2141 1536 3702 1615">
    <p class='ocr_par' dir='ltr' id='par_1_26' title="bbox 2151 1540 3702 1615">
     <span class='ocr_line' id='line_1_26' title="bbox 2151 1540 3702 1615; baseline -0.002 -18"><span class='ocrx_word' id='word_1_168' title='bbox 2151 1543 2281 1615; x_wconf 87' lang='grc' dir='ltr'>λησε</span> <span class='ocrx_word' id='word_1_169' title='bbox 2311 1546 2420 1597; x_wconf 89' lang='grc' dir='ltr'>τῶν</span> <span class='ocrx_word' id='word_1_170' title='bbox 2448 1543 2668 1598; x_wconf 83' lang='grc' dir='ltr'>πώποτε</span> <span class='ocrx_word' id='word_1_171' title='bbox 2710 1543 3095 1615; x_wconf 76' lang='grc' dir='ltr'>γεγενημένων</span> <span class='ocrx_word' id='word_1_172' title='bbox 3119 1541 3401 1613; x_wconf 76' lang='grc' dir='ltr'>ἐξηγητῶν</span> <span class='ocrx_word' id='word_1_173' title='bbox 3418 1558 3431 1571; x_wconf 92' lang='grc'><strong>·</strong></span> <span class='ocrx_word' id='word_1_174' title='bbox 3465 1540 3639 1610; x_wconf 80' lang='grc' dir='ltr'>μᾶλλον</span> <span class='ocrx_word' id='word_1_175' title='bbox 3659 1541 3702 1594; x_wconf 84' lang='grc' dir='ltr'>δὲ</span> 
     </span>
    </p>
   </div>
   <div class='ocr_carea' id='block_1_27' title="bbox 455 1627 2016 1710">
    <p class='ocr_par' dir='ltr' id='par_1_27' title="bbox 455 1627 2014 1699">
     <span class='ocr_line' id='line_1_27' title="bbox 455 1627 2014 1699; baseline 0.004 -19"><span class='ocrx_word' id='word_1_176' title='bbox 455 1629 697 1683; x_wconf 85' lang='lat' dir='ltr'><strong>divinum</strong></span> <span class='ocrx_word' id='word_1_177' title='bbox 746 1638 797 1683; x_wconf 92' lang='lat' dir='ltr'>et</span> <span class='ocrx_word' id='word_1_178' title='bbox 845 1628 1059 1698; x_wconf 86' lang='lat' dir='ltr'><strong>plenum</strong></span> <span class='ocrx_word' id='word_1_179' title='bbox 1114 1627 1498 1699; x_wconf 63' lang='lat' dir='ltr'><strong>philosophica:</strong></span> <span class='ocrx_word' id='word_1_180' title='bbox 1529 1630 1659 1683; x_wconf 54' lang='lat' dir='ltr'><strong>vita:</strong></span> <span class='ocrx_word' id='word_1_181' title='bbox 1693 1669 1709 1695; x_wconf 94' lang='lat'>,</span> <span class='ocrx_word' id='word_1_182' title='bbox 1746 1632 2014 1686; x_wconf 85' lang='lat' dir='ltr'><strong>admiratu</strong></span> 
     </span>
    </p>
   </div>
   <div class='ocr_carea' id='block_1_28' title="bbox 2141 1627 3702 1710">
    <p class='ocr_par' dir='ltr' id='par_1_28' title="bbox 2150 1634 3702 1710">
     <span class='ocr_line' id='line_1_28' title="bbox 2150 1634 3702 1710; baseline -0.003 -19"><span class='ocrx_word' id='word_1_183' title='bbox 2150 1639 2221 1691; x_wconf 79' lang='grc' dir='ltr'>τὰ</span> <span class='ocrx_word' id='word_1_184' title='bbox 2250 1638 2662 1709; x_wconf 81' lang='grc' dir='ltr'>Ἀριστοτέλους</span> <span class='ocrx_word' id='word_1_185' title='bbox 2690 1638 3118 1710; x_wconf 77' lang='grc' dir='ltr'>ἐξήσκητο.”Ετι</span> <span class='ocrx_word' id='word_1_186' title='bbox 3148 1637 3205 1690; x_wconf 85' lang='grc' dir='ltr'>δὲ</span> <span class='ocrx_word' id='word_1_187' title='bbox 3235 1635 3514 1707; x_wconf 84' lang='grc' dir='ltr'>διήνεγκεν</span> <span class='ocrx_word' id='word_1_188' title='bbox 3538 1635 3594 1687; x_wconf 81' lang='grc' dir='ltr'>ού</span> <span class='ocrx_word' id='word_1_189' title='bbox 3618 1634 3702 1687; x_wconf 79' lang='grc' dir='ltr'>τῶν</span> 
     </span>
    </p>
   </div>
   <div class='ocr_carea' id='block_1_29' title="bbox 453 1718 2014 1802">
    <p class='ocr_par' dir='ltr' id='par_1_29' title="bbox 453 1718 2014 1792">
     <span class='ocr_line' id='line_1_29' title="bbox 453 1718 2014 1792; baseline 0.005 -20"><span class='ocrx_word' id='word_1_190' title='bbox 453 1729 580 1774; x_wconf 87' lang='lat' dir='ltr'><strong>est:</strong></span> <span class='ocrx_word' id='word_1_191' title='bbox 615 1718 754 1775; x_wconf 92' lang='lat' dir='ltr'><strong>oculi</strong></span> <span class='ocrx_word' id='word_1_192' title='bbox 795 1719 1129 1774; x_wconf 84' lang='lat' dir='ltr'><strong>celeritatem</strong></span> <span class='ocrx_word' id='word_1_193' title='bbox 1168 1720 1367 1775; x_wconf 89' lang='lat' dir='ltr'><strong>mentis</strong></span> <span class='ocrx_word' id='word_1_194' title='bbox 1389 1721 1854 1791; x_wconf 87' lang='lat' dir='ltr'><strong>demonstrantes,</strong></span> <span class='ocrx_word' id='word_1_195' title='bbox 1883 1734 1938 1779; x_wconf 89' lang='lat' dir='ltr'>et</span> <span class='ocrx_word' id='word_1_196' title='bbox 1960 1723 2014 1792; x_wconf 88' lang='lat' dir='ltr'><strong>ju</strong></span> 
     </span>
    </p>
   </div>
   <div class='ocr_carea' id='block_1_30' title="bbox 2141 1718 3702 1802">
    <p class='ocr_par' dir='ltr' id='par_1_30' title="bbox 2149 1724 3702 1802">
     <span class='ocr_line' id='line_1_30' title="bbox 2149 1724 3702 1802; baseline -0.005 -16"><span class='ocrx_word' id='word_1_197' title='bbox 2149 1730 2275 1786; x_wconf 85' lang='grc' dir='ltr'>καθ’</span> <span class='ocrx_word' id='word_1_198' title='bbox 2310 1732 2504 1786; x_wconf 82' lang='grc' dir='ltr'>ἐαυτὸν</span> <span class='ocrx_word' id='word_1_199' title='bbox 2539 1733 2701 1802; x_wconf 91' lang='grc' dir='ltr'>μόνον</span> <span class='ocrx_word' id='word_1_200' title='bbox 2732 1770 2746 1796; x_wconf 91' lang='grc'>,</span> <span class='ocrx_word' id='word_1_201' title='bbox 2772 1730 2909 1785; x_wconf 84' lang='grc' dir='ltr'>ἀλλά</span> <span class='ocrx_word' id='word_1_202' title='bbox 2952 1730 3049 1784; x_wconf 76' lang='grc' dir='ltr'>καὶ</span> <span class='ocrx_word' id='word_1_203' title='bbox 3084 1728 3194 1783; x_wconf 89' lang='grc' dir='ltr'>τῶν</span> <span class='ocrx_word' id='word_1_204' title='bbox 3220 1728 3594 1800; x_wconf 89' lang='grc' dir='ltr'>πρεσϐυτέρων</span> <span class='ocrx_word' id='word_1_205' title='bbox 3629 1724 3702 1779; x_wconf 75' lang='grc' dir='ltr'>τοῦ</span> 
     </span>
    </p>
   </div>
   <div class='ocr_carea' id='block_1_31' title="bbox 452 1813 2013 1895">
    <p class='ocr_par' dir='ltr' id='par_1_31' title="bbox 452 1813 2013 1888">
     <span class='ocr_line' id='line_1_31' title="bbox 452 1813 2013 1888; baseline 0.004 -20"><span class='ocrx_word' id='word_1_206' title='bbox 452 1814 629 1868; x_wconf 85' lang='lat' dir='ltr'><strong>cnnda</strong></span> <span class='ocrx_word' id='word_1_207' title='bbox 664 1813 904 1883; x_wconf 81' lang='lat' dir='ltr'><strong>gravitas</strong></span> <span class='ocrx_word' id='word_1_208' title='bbox 939 1813 1207 1879; x_wconf 87' lang='lat' dir='ltr'><strong>emicans,</strong></span> <span class='ocrx_word' id='word_1_209' title='bbox 1259 1814 1619 1885; x_wconf 89' lang='lat' dir='ltr'><strong>sincerusque</strong></span> <span class='ocrx_word' id='word_1_210' title='bbox 1664 1818 1840 1886; x_wconf 89' lang='lat' dir='ltr'><strong>pudor</strong></span> <span class='ocrx_word' id='word_1_211' title='bbox 1872 1818 2013 1888; x_wconf 87' lang='lat' dir='ltr'><strong>philo</strong></span> 
     </span>
    </p>
   </div>
   <div class='ocr_carea' id='block_1_32' title="bbox 2142 1813 3703 1895">
    <p class='ocr_par' dir='ltr' id='par_1_32' title="bbox 2152 1816 3703 1895">
     <span class='ocr_line' id='line_1_32' title="bbox 2152 1816 3703 1895; baseline -0.005 -17"><span class='ocrx_word' id='word_1_212' title='bbox 2152 1824 2400 1894; x_wconf 79' lang='grc' dir='ltr'>Πρόκλου</span> <span class='ocrx_word' id='word_1_213' title='bbox 2436 1825 2671 1895; x_wconf 78' lang='grc' dir='ltr'>ἑταίρων</span> <span class='ocrx_word' id='word_1_214' title='bbox 2690 1826 2757 1892; x_wconf 82' lang='grc'>³⁰,</span> <span class='ocrx_word' id='word_1_215' title='bbox 2788 1824 2970 1895; x_wconf 83' lang='grc' dir='ltr'>ὀλίγου</span> <span class='ocrx_word' id='word_1_216' title='bbox 2999 1823 3055 1877; x_wconf 85' lang='grc' dir='ltr'>δέ</span> <span class='ocrx_word' id='word_1_217' title='bbox 3091 1822 3304 1877; x_wconf 81' lang='grc' dir='ltr'>ἀποδέω</span> <span class='ocrx_word' id='word_1_218' title='bbox 3348 1821 3446 1875; x_wconf 69' lang='grc' dir='ltr'>καὶ</span> <span class='ocrx_word' id='word_1_219' title='bbox 3486 1818 3585 1873; x_wconf 87' lang='grc' dir='ltr'>τῶν</span> <span class='ocrx_word' id='word_1_220' title='bbox 3614 1816 3703 1870; x_wconf 75' lang='grc' dir='ltr'>πώ-</span> 
     </span>
    </p>
   </div>
   <div class='ocr_carea' id='block_1_33' title="bbox 451 1897 2012 1988">
    <p class='ocr_par' dir='ltr' id='par_1_33' title="bbox 451 1905 1408 1975">
     <span class='ocr_line' id='line_1_33' title="bbox 451 1905 1408 1975; baseline 0.003 -19"><span class='ocrx_word' id='word_1_221' title='bbox 451 1905 681 1975; x_wconf 84' lang='lat' dir='ltr'><strong>sophum</strong></span> <span class='ocrx_word' id='word_1_222' title='bbox 712 1905 777 1958; x_wconf 91' lang='lat' dir='ltr'>ad</span> <span class='ocrx_word' id='word_1_223' title='bbox 815 1905 989 1973; x_wconf 86' lang='lat' dir='ltr'><strong>ipsum</strong></span> <span class='ocrx_word' id='word_1_224' title='bbox 1032 1906 1408 1961; x_wconf 83' lang='lat' dir='ltr'><strong>convertebat.</strong></span> 
     </span>
    </p>
   </div>
   <div class='ocr_carea' id='block_1_34' title="bbox 2143 1897 3704 1988">
    <p class='ocr_par' dir='ltr' id='par_1_34' title="bbox 2143 1910 3704 1988">
     <span class='ocr_line' id='line_1_34' title="bbox 2143 1910 3704 1988; baseline -0.004 -20"><span class='ocrx_word' id='word_1_225' title='bbox 2143 1932 2273 1969; x_wconf 90' lang='grc' dir='ltr'>ποτε</span> <span class='ocrx_word' id='word_1_226' title='bbox 2298 1918 2683 1988; x_wconf 82' lang='grc' dir='ltr'>γεγενημένων</span> <span class='ocrx_word' id='word_1_227' title='bbox 2706 1918 2904 1981; x_wconf 80' lang='grc' dir='ltr'>εἰπεῖν,</span> <span class='ocrx_word' id='word_1_228' title='bbox 2934 1916 3004 1970; x_wconf 76' lang='grc' dir='ltr'>τὰ</span> <span class='ocrx_word' id='word_1_229' title='bbox 3030 1915 3172 1985; x_wconf 75' lang='grc' dir='ltr'>ἀμφὶ</span> <span class='ocrx_word' id='word_1_230' title='bbox 3199 1912 3540 1982; x_wconf 86' lang='grc' dir='ltr'>γεωμετρίαν</span> <span class='ocrx_word' id='word_1_231' title='bbox 3558 1929 3611 1965; x_wconf 87' lang='grc' dir='ltr'>τε</span> <span class='ocrx_word' id='word_1_232' title='bbox 3631 1910 3704 1963; x_wconf 76' lang='grc' dir='ltr'>καὶ</span> 
     </span>
    </p>
   </div>
   <div class='ocr_carea' id='block_1_35' title="bbox 447 2000 3702 2088">
    <p class='ocr_par' dir='ltr' id='par_1_35' title="bbox 447 2000 3702 2088">
     <span class='ocr_line' id='line_1_35' title="bbox 447 2000 3702 2088; baseline 0.005 -32"><span class='ocrx_word' id='word_1_233' title='bbox 447 2001 833 2072; x_wconf 83' lang='grc' dir='ltr'>ἀστρονομίαν.</span> <span class='ocrx_word' id='word_1_234' title='bbox 885 2001 996 2054; x_wconf 74' lang='grc' dir='ltr'>Καὶ</span> <span class='ocrx_word' id='word_1_235' title='bbox 1024 2002 1053 2054; x_wconf 98' lang='lat'>6</span> <span class='ocrx_word' id='word_1_236' title='bbox 1079 2000 1319 2073; x_wconf 81' lang='grc' dir='ltr'>Πρόκλος</span> <span class='ocrx_word' id='word_1_237' title='bbox 1368 2000 1647 2073; x_wconf 78' lang='grc' dir='ltr'>ἐθαύμαζε</span> <span class='ocrx_word' id='word_1_238' title='bbox 1672 2004 1732 2058; x_wconf 77' lang='grc' dir='ltr'>τὸ</span> <span class='ocrx_word' id='word_1_239' title='bbox 1753 2005 2029 2080; x_wconf 85' lang='grc' dir='ltr'>Ἰσιδώρου</span> <span class='ocrx_word' id='word_1_240' title='bbox 2071 2013 2386 2082; x_wconf 89' lang='grc' dir='ltr'>πρόσωπον,</span> <span class='ocrx_word' id='word_1_241' title='bbox 2418 2014 2495 2078; x_wconf 86' lang='grc' dir='ltr'>ὼς</span> <span class='ocrx_word' id='word_1_242' title='bbox 2533 2014 2716 2069; x_wconf 75' lang='grc' dir='ltr'>ἔνθεον</span> <span class='ocrx_word' id='word_1_243' title='bbox 2742 2012 2811 2088; x_wconf 82' lang='grc' dir='ltr'>ἦν</span> <span class='ocrx_word' id='word_1_244' title='bbox 2832 2013 2960 2088; x_wconf 80' lang='grc'>[556</span> <span class='ocrx_word' id='word_1_245' title='bbox 2990 2013 3085 2085; x_wconf 82' lang='grc' dir='ltr'>Η.]</span> <span class='ocrx_word' id='word_1_246' title='bbox 3113 2012 3206 2065; x_wconf 71' lang='grc' dir='ltr'>καὶ</span> <span class='ocrx_word' id='word_1_247' title='bbox 3231 2011 3438 2080; x_wconf 81' lang='grc' dir='ltr'>πλῆρες</span> <span class='ocrx_word' id='word_1_248' title='bbox 3507 2005 3627 2059; x_wconf 67' lang='grc' dir='ltr'>εἵσω</span> <span class='ocrx_word' id='word_1_249' title='bbox 3669 2005 3702 2037; x_wconf 77' lang='grc'>’³</span> 
     </span>
    </p>
   </div>
   <div class='ocr_carea' id='block_1_36' title="bbox 449 2091 3702 2179">
    <p class='ocr_par' dir='ltr' id='par_1_36' title="bbox 449 2091 3702 2179">
     <span class='ocr_line' id='line_1_36' title="bbox 449 2091 3702 2179; baseline 0.001 -32"><span class='ocrx_word' id='word_1_250' title='bbox 449 2091 742 2161; x_wconf 78' lang='grc' dir='ltr'>φιλοσόφου</span> <span class='ocrx_word' id='word_1_251' title='bbox 771 2091 950 2161; x_wconf 68' lang='grc' dir='ltr'>ζωῆς*</span> <span class='ocrx_word' id='word_1_252' title='bbox 981 2093 1034 2146; x_wconf 80' lang='grc' dir='ltr'>οἶ</span> <span class='ocrx_word' id='word_1_253' title='bbox 1057 2111 1118 2146; x_wconf 89' lang='grc' dir='ltr'>τε</span> <span class='ocrx_word' id='word_1_254' title='bbox 1146 2092 1417 2165; x_wconf 76' lang='grc' dir='ltr'>ὀφθαλμοὶ</span> <span class='ocrx_word' id='word_1_255' title='bbox 1446 2094 1508 2149; x_wconf 83' lang='grc' dir='ltr'>τὸ</span> <span class='ocrx_word' id='word_1_256' title='bbox 1550 2099 1650 2168; x_wconf 86' lang='grc' dir='ltr'>τῆς</span> <span class='ocrx_word' id='word_1_257' title='bbox 1709 2097 1952 2166; x_wconf 85' lang='grc' dir='ltr'>διανοίας</span> <span class='ocrx_word' id='word_1_258' title='bbox 2005 2103 2265 2176; x_wconf 74' lang='grc' dir='ltr'>εὔτροχον</span> <span class='ocrx_word' id='word_1_259' title='bbox 2327 2107 2773 2177; x_wconf 80' lang='grc' dir='ltr'>ἀποσαφοῦντες,</span> <span class='ocrx_word' id='word_1_260' title='bbox 2842 2108 2938 2163; x_wconf 69' lang='grc' dir='ltr'>καὶ</span> <span class='ocrx_word' id='word_1_261' title='bbox 2966 2106 3087 2179; x_wconf 74' lang='grc' dir='ltr'>ἅμα</span> <span class='ocrx_word' id='word_1_262' title='bbox 3111 2105 3295 2168; x_wconf 80' lang='grc' dir='ltr'>αὐτοῖς</span> <span class='ocrx_word' id='word_1_263' title='bbox 3325 2100 3608 2156; x_wconf 82' lang='grc' dir='ltr'>ἐπιθέουσα</span> <span class='ocrx_word' id='word_1_264' title='bbox 3633 2114 3702 2151; x_wconf 80' lang='grc' dir='ltr'>σε·</span> 
     </span>
    </p>
   </div>
   <div class='ocr_carea' id='block_1_37' title="bbox 451 2184 2718 2271">
    <p class='ocr_par' dir='ltr' id='par_1_37' title="bbox 451 2184 2718 2271">
     <span class='ocr_line' id='line_1_37' title="bbox 451 2184 2718 2271; baseline 0.007 -32"><span class='ocrx_word' id='word_1_265' title='bbox 451 2186 655 2258; x_wconf 82' lang='grc' dir='ltr'>μνότης</span> <span class='ocrx_word' id='word_1_266' title='bbox 690 2184 842 2256; x_wconf 79' lang='grc' dir='ltr'>ἡδεῖα</span> <span class='ocrx_word' id='word_1_267' title='bbox 883 2185 977 2239; x_wconf 74' lang='grc' dir='ltr'>καὶ</span> <span class='ocrx_word' id='word_1_268' title='bbox 1007 2184 1281 2250; x_wconf 75' lang='grc' dir='ltr'>ἄπλαστος</span> <span class='ocrx_word' id='word_1_269' title='bbox 1307 2186 1469 2251; x_wconf 77' lang='grc' dir='ltr'>αἰδὼς</span> <span class='ocrx_word' id='word_1_270' title='bbox 1501 2189 1808 2265; x_wconf 77' lang='grc' dir='ltr'>ἐπέστρεφε</span> <span class='ocrx_word' id='word_1_271' title='bbox 1829 2198 1874 2228; x_wconf 76' lang='grc'>³³</span> <span class='ocrx_word' id='word_1_272' title='bbox 1904 2196 2042 2268; x_wconf 67' lang='grc' dir='ltr'>πρὸς</span> <span class='ocrx_word' id='word_1_273' title='bbox 2079 2198 2241 2252; x_wconf 78' lang='grc' dir='ltr'>αὐτὸν</span> <span class='ocrx_word' id='word_1_274' title='bbox 2279 2200 2370 2254; x_wconf 77' lang='grc' dir='ltr'>τὸν</span> <span class='ocrx_word' id='word_1_275' title='bbox 2408 2201 2718 2271; x_wconf 89' lang='grc' dir='ltr'>φιλόσοφον.</span> 
     </span>
    </p>
   </div>
   <div class='ocr_carea' id='block_1_38' title="bbox 528 2280 2089 2366">
    <p class='ocr_par' dir='ltr' id='par_1_38' title="bbox 528 2280 2036 2355">
     <span class='ocr_line' id='line_1_38' title="bbox 528 2280 2036 2355; baseline 0.006 -20"><span class='ocrx_word' id='word_1_276' title='bbox 528 2280 773 2336; x_wconf 87' lang='lat' dir='ltr'><strong>Eunoius</strong></span> <span class='ocrx_word' id='word_1_277' title='bbox 818 2282 986 2336; x_wconf 84' lang='lat' dir='ltr'><strong>tardae</strong></span> <span class='ocrx_word' id='word_1_278' title='bbox 1039 2282 1237 2338; x_wconf 89' lang='lat' dir='ltr'><strong>mentis</strong></span> <span class='ocrx_word' id='word_1_279' title='bbox 1268 2281 1389 2348; x_wconf 88' lang='lat' dir='ltr'><strong>fuit,</strong></span> <span class='ocrx_word' id='word_1_280' title='bbox 1430 2284 1589 2339; x_wconf 89' lang='lat' dir='ltr'><strong>modo</strong></span> <span class='ocrx_word' id='word_1_281' title='bbox 1621 2285 1851 2355; x_wconf 75' lang='lat' dir='ltr'><strong>juvenili</strong></span> <span class='ocrx_word' id='word_1_282' title='bbox 1888 2289 2036 2344; x_wconf 87' lang='lat' dir='ltr'><strong>insu-</strong></span> 
     </span>
    </p>
   </div>
   <div class='ocr_carea' id='block_1_39' title="bbox 2140 2280 3701 2366">
    <p class='ocr_par' dir='ltr' id='par_1_39' title="bbox 2215 2284 3701 2366">
     <span class='ocr_line' id='line_1_39' title="bbox 2215 2284 3701 2366; baseline -0.007 -20"><span class='ocrx_word' id='word_1_283' title='bbox 2215 2293 2337 2346; x_wconf 85' lang='grc' dir='ltr'>Ὅτι</span> <span class='ocrx_word' id='word_1_284' title='bbox 2362 2293 2583 2358; x_wconf 84' lang='grc' dir='ltr'>Εὐνόῖος</span> <span class='ocrx_word' id='word_1_285' title='bbox 2608 2296 2637 2349; x_wconf 92' lang='lat'>6</span> <span class='ocrx_word' id='word_1_286' title='bbox 2657 2295 2846 2366; x_wconf 77' lang='grc' dir='ltr'>ῥήτωρ</span> <span class='ocrx_word' id='word_1_287' title='bbox 2891 2291 3183 2365; x_wconf 75' lang='grc' dir='ltr'>βραδύνους</span> <span class='ocrx_word' id='word_1_288' title='bbox 3221 2284 3462 2361; x_wconf 83' lang='grc' dir='ltr'>ἦν.Ἦδη</span> <span class='ocrx_word' id='word_1_289' title='bbox 3494 2284 3701 2339; x_wconf 75' lang='grc' dir='ltr'>νεανικοῦ</span> 
     </span>
    </p>
   </div>
   <div class='ocr_carea' id='block_1_40' title="bbox 448 2372 2009 2454">
    <p class='ocr_par' dir='ltr' id='par_1_40' title="bbox 448 2372 2008 2451">
     <span class='ocr_line' id='line_1_40' title="bbox 448 2372 2008 2451; baseline 0.006 -26"><span class='ocrx_word' id='word_1_290' title='bbox 448 2372 618 2427; x_wconf 86' lang='lat' dir='ltr'><strong>lentia</strong></span> <span class='ocrx_word' id='word_1_291' title='bbox 660 2380 897 2439; x_wconf 83' lang='lat' dir='ltr'><strong>tumens,</strong></span> <span class='ocrx_word' id='word_1_292' title='bbox 934 2382 989 2428; x_wconf 91' lang='lat' dir='ltr'>et</span> <span class='ocrx_word' id='word_1_293' title='bbox 1045 2376 1099 2428; x_wconf 91' lang='lat' dir='ltr'>ln</span> <span class='ocrx_word' id='word_1_294' title='bbox 1151 2374 1493 2431; x_wconf 83' lang='lat' dir='ltr'><strong>orationibus</strong></span> <span class='ocrx_word' id='word_1_295' title='bbox 1541 2379 1813 2449; x_wconf 80' lang='lat' dir='ltr'><strong>turgidus.</strong></span> <span class='ocrx_word' id='word_1_296' title='bbox 1862 2378 2008 2451; x_wconf 91' lang='lat' dir='ltr'><strong>Snpe</strong></span> 
     </span>
    </p>
   </div>
   <div class='ocr_carea' id='block_1_41' title="bbox 2142 2372 3703 2454">
    <p class='ocr_par' dir='ltr' id='par_1_41' title="bbox 2142 2378 3703 2454">
     <span class='ocr_line' id='line_1_41' title="bbox 2142 2378 3703 2454; baseline -0.003 -21"><span class='ocrx_word' id='word_1_297' title='bbox 2142 2384 2490 2454; x_wconf 85' lang='grc' dir='ltr'>φρονήματος</span> <span class='ocrx_word' id='word_1_298' title='bbox 2536 2384 2824 2448; x_wconf 82' lang='grc' dir='ltr'>ὑπόπλεως</span> <span class='ocrx_word' id='word_1_299' title='bbox 2871 2384 2966 2437; x_wconf 76' lang='grc' dir='ltr'>καὶ</span> <span class='ocrx_word' id='word_1_300' title='bbox 3007 2382 3182 2436; x_wconf 89' lang='grc' dir='ltr'>σοϐῶν</span> <span class='ocrx_word' id='word_1_301' title='bbox 3234 2382 3291 2434; x_wconf 90' lang='grc' dir='ltr'>ἐν</span> <span class='ocrx_word' id='word_1_302' title='bbox 3358 2378 3554 2447; x_wconf 89' lang='grc' dir='ltr'>λόγοις.</span> <span class='ocrx_word' id='word_1_303' title='bbox 3611 2378 3703 2430; x_wconf 87' lang='grc' dir='ltr'>Ὀτι</span> 
     </span>
    </p>
   </div>
   <div class='ocr_carea' id='block_1_42' title="bbox 446 2464 2007 2547">
    <p class='ocr_par' dir='ltr' id='par_1_42' title="bbox 446 2464 2007 2542">
     <span class='ocr_line' id='line_1_42' title="bbox 446 2464 2007 2542; baseline 0.008 -25"><span class='ocrx_word' id='word_1_304' title='bbox 446 2465 636 2519; x_wconf 84' lang='lat' dir='ltr'><strong>rianus</strong></span> <span class='ocrx_word' id='word_1_305' title='bbox 660 2464 771 2533; x_wconf 87' lang='lat' dir='ltr'><strong>jam</strong></span> <span class='ocrx_word' id='word_1_306' title='bbox 810 2464 1034 2535; x_wconf 87' lang='lat' dir='ltr'><strong>triginta</strong></span> <span class='ocrx_word' id='word_1_307' title='bbox 1073 2480 1343 2521; x_wconf 90' lang='lat' dir='ltr'><strong>annorum</strong></span> <span class='ocrx_word' id='word_1_308' title='bbox 1385 2468 1659 2524; x_wconf 84' lang='lat' dir='ltr'><strong>rhetorica</strong></span> <span class='ocrx_word' id='word_1_309' title='bbox 1709 2472 2007 2542; x_wconf 80' lang='lat' dir='ltr'><strong>auspicatu:</strong></span> 
     </span>
    </p>
   </div>
   <div class='ocr_carea' id='block_1_43' title="bbox 2142 2464 3703 2547">
    <p class='ocr_par' dir='ltr' id='par_1_43' title="bbox 2142 2467 3703 2547">
     <span class='ocr_line' id='line_1_43' title="bbox 2142 2467 3703 2547; baseline -0.005 -20"><span class='ocrx_word' id='word_1_310' title='bbox 2142 2474 2515 2547; x_wconf 84' lang='grc' dir='ltr'>Σουπηριανδς</span> <span class='ocrx_word' id='word_1_311' title='bbox 2537 2476 2835 2547; x_wconf 83' lang='grc' dir='ltr'>τριάκοντα</span> <span class='ocrx_word' id='word_1_312' title='bbox 2866 2473 3005 2529; x_wconf 89' lang='grc' dir='ltr'>ἐτῶν</span> <span class='ocrx_word' id='word_1_313' title='bbox 3031 2474 3139 2527; x_wconf 88' lang='grc' dir='ltr'>τῶν</span> <span class='ocrx_word' id='word_1_314' title='bbox 3154 2474 3204 2506; x_wconf 78' lang='grc'><strong><em>⁸³</em></strong></span> <span class='ocrx_word' id='word_1_315' title='bbox 3233 2471 3537 2544; x_wconf 80' lang='grc' dir='ltr'>ῥητορικῶν</span> <span class='ocrx_word' id='word_1_316' title='bbox 3568 2467 3703 2539; x_wconf 76' lang='grc' dir='ltr'>ἀρξά-</span> 
     </span>
    </p>
   </div>
   <div class='ocr_carea' id='block_1_44' title="bbox 443 2555 2004 2639">
    <p class='ocr_par' dir='ltr' id='par_1_44' title="bbox 443 2555 2004 2626">
     <span class='ocr_line' id='line_1_44' title="bbox 443 2555 2004 2626; baseline 0.006 -18"><span class='ocrx_word' id='word_1_317' title='bbox 443 2562 552 2621; x_wconf 88' lang='lat' dir='ltr'><strong>est,</strong></span> <span class='ocrx_word' id='word_1_318' title='bbox 584 2569 899 2625; x_wconf 84' lang='lat' dir='ltr'><strong>quanquam</strong></span> <span class='ocrx_word' id='word_1_319' title='bbox 933 2555 1151 2626; x_wconf 88' lang='lat' dir='ltr'><strong>ingenio</strong></span> <span class='ocrx_word' id='word_1_320' title='bbox 1187 2556 1393 2613; x_wconf 88' lang='lat' dir='ltr'><strong>tardior</strong></span> <span class='ocrx_word' id='word_1_321' title='bbox 1426 2569 1592 2625; x_wconf 85' lang='lat' dir='ltr'><strong>esset,</strong></span> <span class='ocrx_word' id='word_1_322' title='bbox 1640 2570 1821 2617; x_wconf 89' lang='lat' dir='ltr'><strong>tamen</strong></span> <span class='ocrx_word' id='word_1_323' title='bbox 1863 2559 2004 2619; x_wconf 77' lang='lat' dir='ltr'><strong>nimi</strong></span> 
     </span>
    </p>
   </div>
   <div class='ocr_carea' id='block_1_45' title="bbox 2139 2555 3700 2639">
    <p class='ocr_par' dir='ltr' id='par_1_45' title="bbox 2143 2560 3700 2639">
     <span class='ocr_line' id='line_1_45' title="bbox 2143 2560 3700 2639; baseline -0.006 -18"><span class='ocrx_word' id='word_1_324' title='bbox 2143 2584 2325 2638; x_wconf 85' lang='grc' dir='ltr'>μενος,</span> <span class='ocrx_word' id='word_1_325' title='bbox 2352 2568 2530 2623; x_wconf 85' lang='grc' dir='ltr'>καίτοι</span> <span class='ocrx_word' id='word_1_326' title='bbox 2571 2566 2670 2639; x_wconf 80' lang='grc' dir='ltr'>τὴν</span> <span class='ocrx_word' id='word_1_327' title='bbox 2699 2569 2863 2637; x_wconf 83' lang='grc' dir='ltr'>φύσιν</span> <span class='ocrx_word' id='word_1_328' title='bbox 2890 2565 3329 2637; x_wconf 84' lang='grc' dir='ltr'>ύπονωθέστερος</span> <span class='ocrx_word' id='word_1_329' title='bbox 3362 2564 3466 2627; x_wconf 82' lang='grc' dir='ltr'>ῶν,</span> <span class='ocrx_word' id='word_1_330' title='bbox 3490 2563 3622 2632; x_wconf 82' lang='grc' dir='ltr'>ὅμως</span> <span class='ocrx_word' id='word_1_331' title='bbox 3640 2560 3700 2613; x_wconf 76' lang='grc' dir='ltr'>δι’</span> 
     </span>
    </p>
   </div>
   <div class='ocr_carea' id='block_1_46' title="bbox 442 2647 2003 2732">
    <p class='ocr_par' dir='ltr' id='par_1_46' title="bbox 442 2647 2003 2711">
     <span class='ocr_line' id='line_1_46' title="bbox 442 2647 2003 2711; baseline 0.007 -11"><span class='ocrx_word' id='word_1_332' title='bbox 442 2647 624 2703; x_wconf 78' lang='lat' dir='ltr'><strong>studio</strong></span> <span class='ocrx_word' id='word_1_333' title='bbox 652 2648 869 2703; x_wconf 86' lang='lat' dir='ltr'><strong>tandem</strong></span> <span class='ocrx_word' id='word_1_334' title='bbox 898 2648 1129 2704; x_wconf 85' lang='lat' dir='ltr'><strong>Athenis</strong></span> <span class='ocrx_word' id='word_1_335' title='bbox 1163 2648 1310 2704; x_wconf 85' lang='lat' dir='ltr'><strong>clara</strong></span> <span class='ocrx_word' id='word_1_336' title='bbox 1343 2660 1399 2705; x_wconf 88' lang='lat' dir='ltr'>et</span> <span class='ocrx_word' id='word_1_337' title='bbox 1453 2651 1656 2708; x_wconf 87' lang='lat' dir='ltr'><strong>celebri</strong></span> <span class='ocrx_word' id='word_1_338' title='bbox 1705 2654 1843 2709; x_wconf 91' lang='lat' dir='ltr'><strong>urbe</strong></span> <span class='ocrx_word' id='word_1_339' title='bbox 1867 2657 2003 2711; x_wconf 87' lang='lat' dir='ltr'><strong>desi-</strong></span> 
     </span>
    </p>
   </div>
   <div class='ocr_carea' id='block_1_47' title="bbox 2142 2647 3703 2732">
    <p class='ocr_par' dir='ltr' id='par_1_47' title="bbox 2142 2650 3703 2732">
     <span class='ocr_line' id='line_1_47' title="bbox 2142 2650 3703 2732; baseline -0.004 -21"><span class='ocrx_word' id='word_1_340' title='bbox 2142 2659 2450 2732; x_wconf 83' lang='grc' dir='ltr'>ὑπερϐολὴν</span> <span class='ocrx_word' id='word_1_341' title='bbox 2494 2660 2811 2730; x_wconf 87' lang='grc' dir='ltr'>φιλοπονίας</span> <span class='ocrx_word' id='word_1_342' title='bbox 2859 2658 3087 2729; x_wconf 78' lang='grc' dir='ltr'>ὕστερον</span> <span class='ocrx_word' id='word_1_343' title='bbox 3117 2660 3177 2711; x_wconf 80' lang='grc' dir='ltr'>ἐν</span> <span class='ocrx_word' id='word_1_344' title='bbox 3204 2660 3322 2721; x_wconf 87' lang='grc' dir='ltr'>ταῖς</span> <span class='ocrx_word' id='word_1_345' title='bbox 3360 2656 3609 2723; x_wconf 82' lang='grc' dir='ltr'>λιπαραῖς</span> <span class='ocrx_word' id='word_1_346' title='bbox 3633 2650 3703 2705; x_wconf 76' lang='grc' dir='ltr'>καὶ</span> 
     </span>
    </p>
   </div>
   <div class='ocr_carea' id='block_1_48' title="bbox 441 2740 2002 2825">
    <p class='ocr_par' dir='ltr' id='par_1_48' title="bbox 441 2740 2002 2815">
     <span class='ocr_line' id='line_1_48' title="bbox 441 2740 2002 2815; baseline 0.008 -24"><span class='ocrx_word' id='word_1_347' title='bbox 441 2749 640 2805; x_wconf 67' lang='lat' dir='ltr'><strong>gnatur</strong></span> <span class='ocrx_word' id='word_1_348' title='bbox 661 2740 924 2809; x_wconf 86' lang='lat' dir='ltr'><strong>sophista,</strong></span> <span class='ocrx_word' id='word_1_349' title='bbox 950 2740 1151 2813; x_wconf 62' lang='lat' dir='ltr'>342a</span> <span class='ocrx_word' id='word_1_350' title='bbox 1192 2756 1297 2797; x_wconf 90' lang='lat' dir='ltr'>non</span> <span class='ocrx_word' id='word_1_351' title='bbox 1320 2742 1549 2798; x_wconf 91' lang='lat' dir='ltr'><strong>multum</strong></span> <span class='ocrx_word' id='word_1_352' title='bbox 1572 2745 1745 2815; x_wconf 80' lang='lat' dir='ltr'><strong>gloria</strong></span> <span class='ocrx_word' id='word_1_353' title='bbox 1771 2746 2002 2804; x_wconf 73' lang='lat' dir='ltr'><strong>Lachart</strong></span> 
     </span>
    </p>
   </div>
   <div class='ocr_carea' id='block_1_49' title="bbox 2139 2740 3700 2825">
    <p class='ocr_par' dir='ltr' id='par_1_49' title="bbox 2139 2745 3700 2825">
     <span class='ocr_line' id='line_1_49' title="bbox 2139 2745 3700 2825; baseline -0.006 -19"><span class='ocrx_word' id='word_1_354' title='bbox 2139 2752 2407 2823; x_wconf 86' lang='grc' dir='ltr'>ἀοιδίμοις</span> <span class='ocrx_word' id='word_1_355' title='bbox 2442 2753 2697 2825; x_wconf 78' lang='grc' dir='ltr'>Ἀθήναις</span> <span class='ocrx_word' id='word_1_356' title='bbox 2748 2750 3116 2822; x_wconf 84' lang='grc' dir='ltr'>ἀνηγορεύετο</span> <span class='ocrx_word' id='word_1_357' title='bbox 3162 2748 3447 2819; x_wconf 76' lang='grc' dir='ltr'>σοφιστὴς,</span> <span class='ocrx_word' id='word_1_358' title='bbox 3491 2748 3547 2799; x_wconf 87' lang='grc' dir='ltr'>ού</span> <span class='ocrx_word' id='word_1_359' title='bbox 3589 2745 3700 2798; x_wconf 73' lang='grc' dir='ltr'>πάνυ</span> 
     </span>
    </p>
   </div>
   <div class='ocr_carea' id='block_1_50' title="bbox 442 2828 2003 2917">
    <p class='ocr_par' dir='ltr' id='par_1_50' title="bbox 442 2828 2003 2910">
     <span class='ocr_line' id='line_1_50' title="bbox 442 2828 2003 2910; baseline 0.007 -25"><span class='ocrx_word' id='word_1_360' title='bbox 442 2828 689 2886; x_wconf 83' lang='lat' dir='ltr'><strong>inferior.</strong></span> <span class='ocrx_word' id='word_1_361' title='bbox 752 2831 1025 2889; x_wconf 85' lang='lat' dir='ltr'><strong>Lachares</strong></span> <span class='ocrx_word' id='word_1_362' title='bbox 1085 2834 1266 2889; x_wconf 89' lang='lat' dir='ltr'><strong>studio</strong></span> <span class='ocrx_word' id='word_1_363' title='bbox 1341 2836 1515 2906; x_wconf 83' lang='lat' dir='ltr'><strong>magis</strong></span> <span class='ocrx_word' id='word_1_364' title='bbox 1584 2853 1746 2908; x_wconf 90' lang='lat' dir='ltr'><strong>quam</strong></span> <span class='ocrx_word' id='word_1_365' title='bbox 1802 2840 2003 2910; x_wconf 69' lang='lat' dir='ltr'><strong>ingenii</strong></span> 
     </span>
    </p>
   </div>
   <div class='ocr_carea' id='block_1_51' title="bbox 2140 2828 3701 2917">
    <p class='ocr_par' dir='ltr' id='par_1_51' title="bbox 2140 2836 3701 2917">
     <span class='ocr_line' id='line_1_51' title="bbox 2140 2836 3701 2917; baseline -0.015 -7"><span class='ocrx_word' id='word_1_366' title='bbox 2140 2846 2240 2915; x_wconf 78' lang='grc' dir='ltr'>τῆς</span> <span class='ocrx_word' id='word_1_367' title='bbox 2282 2844 2539 2917; x_wconf 86' lang='grc' dir='ltr'>Λαχάρου</span> <span class='ocrx_word' id='word_1_368' title='bbox 2586 2844 2633 2879; x_wconf 68' lang='grc'>³⁸</span> <span class='ocrx_word' id='word_1_369' title='bbox 2681 2844 2843 2915; x_wconf 79' lang='grc' dir='ltr'>δόξης</span> <span class='ocrx_word' id='word_1_370' title='bbox 2895 2842 3353 2912; x_wconf 83' lang='grc' dir='ltr'>ἀπολειπόμενος.</span> <span class='ocrx_word' id='word_1_371' title='bbox 3414 2839 3531 2891; x_wconf 86' lang='grc' dir='ltr'>Ὀτι</span> <span class='ocrx_word' id='word_1_372' title='bbox 3576 2836 3701 2889; x_wconf 73' lang='lat' dir='ltr'><strong>ml&quot;</strong></span> 
     </span>
    </p>
   </div>
   <div class='ocr_carea' id='block_1_52' title="bbox 441 2921 2002 3009">
    <p class='ocr_par' dir='ltr' id='par_1_52' title="bbox 441 2921 2002 3003">
     <span class='ocr_line' id='line_1_52' title="bbox 441 2921 2002 3003; baseline 0.008 -26"><span class='ocrx_word' id='word_1_373' title='bbox 441 2921 644 2977; x_wconf 82' lang='lat' dir='ltr'><strong>claruit</strong></span> <span class='ocrx_word' id='word_1_374' title='bbox 681 2932 902 2991; x_wconf 87' lang='lat' dir='ltr'><strong>orator;</strong></span> <span class='ocrx_word' id='word_1_375' title='bbox 944 2925 1148 2994; x_wconf 80' lang='lat' dir='ltr'><strong>ingenii</strong></span> <span class='ocrx_word' id='word_1_376' title='bbox 1178 2927 1296 2996; x_wconf 89' lang='lat' dir='ltr'><strong>ejus</strong></span> <span class='ocrx_word' id='word_1_377' title='bbox 1329 2928 1639 2985; x_wconf 87' lang='lat' dir='ltr'><strong>tarditatem</strong></span> <span class='ocrx_word' id='word_1_378' title='bbox 1659 2932 1866 3003; x_wconf 89' lang='lat' dir='ltr'><strong>scripta</strong></span> <span class='ocrx_word' id='word_1_379' title='bbox 1899 2935 2002 2989; x_wconf 87' lang='lat' dir='ltr'><strong>sati</strong></span> 
     </span>
    </p>
   </div>
   <div class='ocr_carea' id='block_1_53' title="bbox 2142 2921 3703 3009">
    <p class='ocr_par' dir='ltr' id='par_1_53' title="bbox 2142 2927 3703 3009">
     <span class='ocr_line' id='line_1_53' title="bbox 2142 2927 3703 3009; baseline -0.006 -20"><span class='ocrx_word' id='word_1_380' title='bbox 2142 2935 2403 3009; x_wconf 83' lang='grc' dir='ltr'>Λαχάρης</span> <span class='ocrx_word' id='word_1_381' title='bbox 2428 2935 2490 3002; x_wconf 80' lang='grc' dir='ltr'>ἐξ</span> <span class='ocrx_word' id='word_1_382' title='bbox 2513 2936 2838 3007; x_wconf 86' lang='grc' dir='ltr'>ἐπιμελείας</span> <span class='ocrx_word' id='word_1_383' title='bbox 2872 2935 3073 3006; x_wconf 81' lang='grc' dir='ltr'>μᾶλλον</span> <span class='ocrx_word' id='word_1_384' title='bbox 3098 2933 3132 3005; x_wconf 81' lang='grc' dir='ltr'>ἢ</span> <span class='ocrx_word' id='word_1_385' title='bbox 3166 2933 3385 3002; x_wconf 83' lang='grc' dir='ltr'>φύσεως</span> <span class='ocrx_word' id='word_1_386' title='bbox 3416 2929 3555 2996; x_wconf 74' lang='grc' dir='ltr'>εδοξε</span> <span class='ocrx_word' id='word_1_387' title='bbox 3593 2927 3703 2982; x_wconf 80' lang='grc' dir='ltr'>κατὰ</span> 
     </span>
    </p>
   </div>
   <div class='ocr_carea' id='block_1_54' title="bbox 440 3016 2001 3102">
    <p class='ocr_par' dir='ltr' id='par_1_54' title="bbox 440 3016 1996 3085">
     <span class='ocr_line' id='line_1_54' title="bbox 440 3016 1996 3085; baseline 0.008 -17"><span class='ocrx_word' id='word_1_388' title='bbox 440 3025 702 3084; x_wconf 82' lang='lat' dir='ltr'><strong>arguunt,</strong></span> <span class='ocrx_word' id='word_1_389' title='bbox 734 3030 954 3071; x_wconf 86' lang='lat' dir='ltr'><strong>sacrum</strong></span> <span class='ocrx_word' id='word_1_390' title='bbox 982 3016 1154 3073; x_wconf 90' lang='lat' dir='ltr'><strong>fuisse</strong></span> <span class='ocrx_word' id='word_1_391' title='bbox 1184 3019 1385 3085; x_wconf 90' lang='lat' dir='ltr'><strong>virum,</strong></span> <span class='ocrx_word' id='word_1_392' title='bbox 1416 3028 1471 3075; x_wconf 88' lang='lat' dir='ltr'>et</span> <span class='ocrx_word' id='word_1_393' title='bbox 1513 3036 1673 3078; x_wconf 89' lang='lat' dir='ltr'><strong>sacro</strong></span> <span class='ocrx_word' id='word_1_394' title='bbox 1723 3025 1996 3082; x_wconf 79' lang='lat' dir='ltr'><strong>divinarnt</strong></span> 
     </span>
    </p>
   </div>
   <div class='ocr_carea' id='block_1_55' title="bbox 2140 3016 3701 3102">
    <p class='ocr_par' dir='ltr' id='par_1_55' title="bbox 2142 3022 3701 3102">
     <span class='ocr_line' id='line_1_55' title="bbox 2142 3022 3701 3102; baseline -0.006 -19"><span class='ocrx_word' id='word_1_395' title='bbox 2142 3028 2241 3098; x_wconf 82' lang='grc' dir='ltr'>τὴν</span> <span class='ocrx_word' id='word_1_396' title='bbox 2277 3029 2576 3102; x_wconf 80' lang='grc' dir='ltr'>ῥητορικὴν</span> <span class='ocrx_word' id='word_1_397' title='bbox 2614 3028 2997 3099; x_wconf 77' lang='grc' dir='ltr'>εὐδοκιμῆσαι.</span> <span class='ocrx_word' id='word_1_398' title='bbox 3033 3027 3194 3097; x_wconf 89' lang='grc' dir='ltr'>Δηλοί</span> <span class='ocrx_word' id='word_1_399' title='bbox 3236 3026 3294 3080; x_wconf 86' lang='grc' dir='ltr'>δὲ</span> <span class='ocrx_word' id='word_1_400' title='bbox 3330 3023 3501 3078; x_wconf 80' lang='grc' dir='ltr'>αὑτοῦ</span> <span class='ocrx_word' id='word_1_401' title='bbox 3546 3022 3701 3091; x_wconf 76' lang='grc' dir='ltr'>τὸτῆς</span> 
     </span>
    </p>
   </div>
   <div class='ocr_carea' id='block_1_56' title="bbox 439 3107 2000 3196">
    <p class='ocr_par' dir='ltr' id='par_1_56' title="bbox 439 3107 2000 3188">
     <span class='ocr_line' id='line_1_56' title="bbox 439 3107 2000 3188; baseline 0.008 -25"><span class='ocrx_word' id='word_1_402' title='bbox 439 3122 625 3164; x_wconf 83' lang='lat' dir='ltr'><strong>rerum</strong></span> <span class='ocrx_word' id='word_1_403' title='bbox 653 3107 917 3179; x_wconf 80' lang='lat' dir='ltr'><strong>ﬂagrasse</strong></span> <span class='ocrx_word' id='word_1_404' title='bbox 947 3126 1151 3167; x_wconf 88' lang='lat' dir='ltr'><strong>amore.</strong></span> <span class='ocrx_word' id='word_1_405' title='bbox 1184 3111 1571 3184; x_wconf 83' lang='lat' dir='ltr'><strong>Metrophanes</strong></span> <span class='ocrx_word' id='word_1_406' title='bbox 1604 3117 1852 3188; x_wconf 87' lang='lat' dir='ltr'><strong>sophista</strong></span> <span class='ocrx_word' id='word_1_407' title='bbox 1877 3130 2000 3176; x_wconf 90' lang='lat' dir='ltr'><strong>natu</strong></span> 
     </span>
    </p>
   </div>
   <div class='ocr_carea' id='block_1_57' title="bbox 2139 3107 3700 3196">
    <p class='ocr_par' dir='ltr' id='par_1_57' title="bbox 2147 3115 3700 3196">
     <span class='ocr_line' id='line_1_57' title="bbox 2147 3115 3700 3196; baseline -0.003 -18"><span class='ocrx_word' id='word_1_408' title='bbox 2147 3125 2361 3196; x_wconf 86' lang='grc' dir='ltr'>φύσεως</span> <span class='ocrx_word' id='word_1_409' title='bbox 2389 3125 2779 3196; x_wconf 88' lang='grc' dir='ltr'>ἀγεννέστερον</span> <span class='ocrx_word' id='word_1_410' title='bbox 2798 3125 2843 3156; x_wconf 76' lang='grc'>⁸⁸</span> <span class='ocrx_word' id='word_1_411' title='bbox 2868 3124 2962 3177; x_wconf 73' lang='grc' dir='ltr'>καὶ</span> <span class='ocrx_word' id='word_1_412' title='bbox 2994 3123 3062 3176; x_wconf 79' lang='grc' dir='ltr'>τὰ</span> <span class='ocrx_word' id='word_1_413' title='bbox 3094 3120 3513 3192; x_wconf 85' lang='grc' dir='ltr'>συγγράμματα</span> <span class='ocrx_word' id='word_1_414' title='bbox 3550 3115 3700 3173; x_wconf 75' lang='grc' dir='ltr'>αὑτοῦ.</span> 
     </span>
    </p>
   </div>
   <div class='ocr_carea' id='block_1_58' title="bbox 440 3200 2001 3289">
    <p class='ocr_par' dir='ltr' id='par_1_58' title="bbox 440 3200 2001 3268">
     <span class='ocr_line' id='line_1_58' title="bbox 440 3200 2001 3268; baseline 0.008 -13"><span class='ocrx_word' id='word_1_415' title='bbox 440 3216 505 3256; x_wconf 88' lang='lat' dir='ltr'>ex</span> <span class='ocrx_word' id='word_1_416' title='bbox 536 3200 798 3258; x_wconf 86' lang='lat' dir='ltr'><strong>Lacltare.</strong></span> <span class='ocrx_word' id='word_1_417' title='bbox 854 3202 1040 3259; x_wconf 78' lang='lat' dir='ltr'><strong>Refert</strong></span> <span class='ocrx_word' id='word_1_418' title='bbox 1070 3214 1263 3261; x_wconf 86' lang='lat' dir='ltr'><strong>auctor</strong></span> <span class='ocrx_word' id='word_1_419' title='bbox 1316 3208 1523 3264; x_wconf 89' lang='lat' dir='ltr'><strong>vidisse</strong></span> <span class='ocrx_word' id='word_1_420' title='bbox 1561 3226 1621 3265; x_wconf 88' lang='lat' dir='ltr'>se</span> <span class='ocrx_word' id='word_1_421' title='bbox 1676 3211 2001 3268; x_wconf 84' lang='lat' dir='ltr'><strong>simulacrur</strong></span> 
     </span>
    </p>
   </div>
   <div class='ocr_carea' id='block_1_59' title="bbox 2140 3200 3701 3289">
    <p class='ocr_par' dir='ltr' id='par_1_59' title="bbox 2147 3214 3701 3289">
     <span class='ocr_line' id='line_1_59' title="bbox 2147 3214 3701 3289; baseline -0.005 -19"><span class='ocrx_word' id='word_1_422' title='bbox 2147 3218 2354 3288; x_wconf 82' lang='grc' dir='ltr'>Ἀνδρα</span> <span class='ocrx_word' id='word_1_423' title='bbox 2415 3218 2559 3289; x_wconf 77' lang='grc' dir='ltr'>ἱερὸν</span> <span class='ocrx_word' id='word_1_424' title='bbox 2601 3218 2696 3272; x_wconf 76' lang='grc' dir='ltr'>καὶ</span> <span class='ocrx_word' id='word_1_425' title='bbox 2755 3217 2885 3289; x_wconf 69' lang='grc' dir='ltr'>περὶ</span> <span class='ocrx_word' id='word_1_426' title='bbox 2917 3217 2985 3271; x_wconf 90' lang='grc' dir='ltr'>τά</span> <span class='ocrx_word' id='word_1_427' title='bbox 3035 3216 3151 3271; x_wconf 83' lang='grc' dir='ltr'>θεῖα</span> <span class='ocrx_word' id='word_1_428' title='bbox 3189 3214 3529 3287; x_wconf 73' lang='grc' dir='ltr'>βακχεύοντα</span> <span class='ocrx_word' id='word_1_429' title='bbox 3566 3227 3701 3279; x_wconf 73' lang='grc' dir='ltr'>μεγα-</span> 
     </span>
    </p>
   </div>
   <div class='ocr_carea' id='block_1_60' title="bbox 444 3290 2005 3384">
    <p class='ocr_par' dir='ltr' id='par_1_60' title="bbox 444 3290 2005 3372">
     <span class='ocr_line' id='line_1_60' title="bbox 444 3290 2005 3372; baseline 0.008 -25"><span class='ocrx_word' id='word_1_430' title='bbox 444 3290 696 3359; x_wconf 75' lang='lat' dir='ltr'><strong>Veneris,</strong></span> <span class='ocrx_word' id='word_1_431' title='bbox 721 3294 867 3364; x_wconf 92' lang='lat' dir='ltr'><strong>quod</strong></span> <span class='ocrx_word' id='word_1_432' title='bbox 900 3296 951 3351; x_wconf 90' lang='lat' dir='ltr'>in</span> <span class='ocrx_word' id='word_1_433' title='bbox 981 3296 1185 3367; x_wconf 90' lang='lat' dir='ltr'><strong>templo</strong></span> <span class='ocrx_word' id='word_1_434' title='bbox 1223 3297 1470 3356; x_wconf 82' lang='lat' dir='ltr'><strong>Herodes</strong></span> <span class='ocrx_word' id='word_1_435' title='bbox 1516 3302 1764 3372; x_wconf 89' lang='lat' dir='ltr'><strong>sophista</strong></span> <span class='ocrx_word' id='word_1_436' title='bbox 1817 3305 2005 3360; x_wconf 89' lang='lat' dir='ltr'><strong>dedica</strong></span> 
     </span>
    </p>
   </div>
   <div class='ocr_carea' id='block_1_61' title="bbox 2141 3290 3702 3384">
    <p class='ocr_par' dir='ltr' id='par_1_61' title="bbox 2141 3299 3702 3383">
     <span class='ocr_line' id='line_1_61' title="bbox 2141 3299 3702 3383; baseline 0.008 -21"><span class='ocrx_word' id='word_1_437' title='bbox 2141 3309 2450 3381; x_wconf 87' lang='grc' dir='ltr'>λοπρεπῶς.</span> <span class='ocrx_word' id='word_1_438' title='bbox 2488 3311 2613 3365; x_wconf 84' lang='grc' dir='ltr'>’Ότι</span> <span class='ocrx_word' id='word_1_439' title='bbox 2667 3312 3037 3383; x_wconf 85' lang='grc' dir='ltr'>Μητροφάνης</span> <span class='ocrx_word' id='word_1_440' title='bbox 3092 3313 3120 3363; x_wconf 89' lang='lat'>6</span> <span class='ocrx_word' id='word_1_441' title='bbox 3150 3308 3413 3379; x_wconf 76' lang='grc' dir='ltr'>σοφιστὴς</span> <span class='ocrx_word' id='word_1_442' title='bbox 3434 3308 3634 3375; x_wconf 72' lang='grc' dir='ltr'>ἔκγονος</span> <span class='ocrx_word' id='word_1_443' title='bbox 3652 3299 3702 3374; x_wconf 71' lang='grc' dir='ltr'>ἦν</span> 
     </span>
    </p>
   </div>
   <div class='ocr_carea' id='block_1_62' title="bbox 436 3388 1997 3473">
    <p class='ocr_par' dir='ltr' id='par_1_62' title="bbox 436 3388 1997 3471">
     <span class='ocr_line' id='line_1_62' title="bbox 436 3388 1997 3471; baseline 0.008 -27"><span class='ocrx_word' id='word_1_444' title='bbox 436 3394 544 3444; x_wconf 82' lang='lat' dir='ltr'><strong>rat.</strong></span> <span class='ocrx_word' id='word_1_445' title='bbox 578 3388 713 3456; x_wconf 85' lang='lat' dir='ltr'><strong>Hoc,</strong></span> <span class='ocrx_word' id='word_1_446' title='bbox 747 3390 943 3459; x_wconf 88' lang='lat' dir='ltr'><strong>inquit.</strong></span> <span class='ocrx_word' id='word_1_447' title='bbox 979 3394 1384 3463; x_wconf 75' lang='lat' dir='ltr'><strong>contemplans,</strong></span> <span class='ocrx_word' id='word_1_448' title='bbox 1418 3396 1610 3451; x_wconf 89' lang='lat' dir='ltr'><strong>sudavi</strong></span> <span class='ocrx_word' id='word_1_449' title='bbox 1660 3413 1773 3469; x_wconf 73' lang='lat' dir='ltr'><strong>prae</strong></span> <span class='ocrx_word' id='word_1_450' title='bbox 1803 3409 1997 3471; x_wconf 88' lang='lat' dir='ltr'><strong>stupor</strong></span> 
     </span>
    </p>
   </div>
   <div class='ocr_carea' id='block_1_63' title="bbox 2140 3388 3701 3473">
    <p class='ocr_par' dir='ltr' id='par_1_63' title="bbox 2143 3397 3701 3473">
     <span class='ocr_line' id='line_1_63' title="bbox 2143 3397 3701 3473; baseline -0.004 -18"><span class='ocrx_word' id='word_1_451' title='bbox 2143 3402 2432 3473; x_wconf 78' lang='grc' dir='ltr'>Λαχάρους</span> <span class='ocrx_word' id='word_1_452' title='bbox 2476 3404 2545 3457; x_wconf 78' lang='grc'><strong>’⁷.</strong></span> <span class='ocrx_word' id='word_1_453' title='bbox 2597 3403 2722 3457; x_wconf 86' lang='grc' dir='ltr'>Ὅτι</span> <span class='ocrx_word' id='word_1_454' title='bbox 2759 3404 2927 3473; x_wconf 58' lang='grc' dir='ltr'>φησιν</span> <span class='ocrx_word' id='word_1_455' title='bbox 2958 3403 3004 3435; x_wconf 70' lang='grc'>’⁸</span> <span class='ocrx_word' id='word_1_456' title='bbox 3055 3404 3082 3455; x_wconf 91' lang='lat'>6</span> <span class='ocrx_word' id='word_1_457' title='bbox 3126 3402 3484 3472; x_wconf 78' lang='grc' dir='ltr'>συγγραφεὺς</span> <span class='ocrx_word' id='word_1_458' title='bbox 3518 3397 3701 3466; x_wconf 76' lang='grc' dir='ltr'>ἄγαλμα</span> 
     </span>
    </p>
   </div>
   <div class='ocr_carea' id='block_1_64' title="bbox 436 3481 1997 3566">
    <p class='ocr_par' dir='ltr' id='par_1_64' title="bbox 436 3481 1997 3558">
     <span class='ocr_line' id='line_1_64' title="bbox 436 3481 1997 3558; baseline 0.008 -24"><span class='ocrx_word' id='word_1_459' title='bbox 436 3489 494 3535; x_wconf 89' lang='lat' dir='ltr'>et</span> <span class='ocrx_word' id='word_1_460' title='bbox 523 3481 935 3552; x_wconf 87' lang='lat' dir='ltr'><strong>admiratione;</strong></span> <span class='ocrx_word' id='word_1_461' title='bbox 979 3484 1227 3555; x_wconf 88' lang='lat' dir='ltr'><strong>adeoque</strong></span> <span class='ocrx_word' id='word_1_462' title='bbox 1251 3487 1450 3556; x_wconf 84' lang='lat' dir='ltr'><strong>gaudio</strong></span> <span class='ocrx_word' id='word_1_463' title='bbox 1478 3488 1731 3557; x_wconf 85' lang='lat' dir='ltr'><strong>perfusus</strong></span> <span class='ocrx_word' id='word_1_464' title='bbox 1779 3507 1922 3558; x_wconf 91' lang='lat' dir='ltr'><strong>sum,</strong></span> <span class='ocrx_word' id='word_1_465' title='bbox 1980 3509 1997 3547; x_wconf 84' lang='grc' dir='ltr'>ι</span> 
     </span>
    </p>
   </div>
   <div class='ocr_carea' id='block_1_65' title="bbox 2140 3481 3701 3566">
    <p class='ocr_par' dir='ltr' id='par_1_65' title="bbox 2142 3488 3701 3566">
     <span class='ocr_line' id='line_1_65' title="bbox 2142 3488 3701 3566; baseline -0.013 -7"><span class='ocrx_word' id='word_1_466' title='bbox 2142 3496 2243 3565; x_wconf 82' lang='grc' dir='ltr'>τῆς</span> <span class='ocrx_word' id='word_1_467' title='bbox 2271 3494 2599 3565; x_wconf 77' lang='grc' dir='ltr'>Ἀφροδίτης</span> <span class='ocrx_word' id='word_1_468' title='bbox 2641 3494 2771 3549; x_wconf 85' lang='grc' dir='ltr'>ἰδεῖν</span> <span class='ocrx_word' id='word_1_469' title='bbox 2790 3495 2836 3526; x_wconf 80' lang='grc'><strong>²⁹</strong></span> <span class='ocrx_word' id='word_1_470' title='bbox 2868 3494 3157 3566; x_wconf 82' lang='grc' dir='ltr'>ἱδρυμένον</span> <span class='ocrx_word' id='word_1_471' title='bbox 3192 3491 3437 3562; x_wconf 86' lang='grc' dir='ltr'>Ἡρώδου</span> <span class='ocrx_word' id='word_1_472' title='bbox 3469 3488 3559 3548; x_wconf 69' lang='grc' dir='ltr'>τοῦ</span> <span class='ocrx_word' id='word_1_473' title='bbox 3584 3505 3701 3555; x_wconf 73' lang='grc' dir='ltr'>σοφι-</span> 
     </span>
    </p>
   </div>
   <div class='ocr_carea' id='block_1_66' title="bbox 436 3570 1997 3658">
    <p class='ocr_par' dir='ltr' id='par_1_66' title="bbox 436 3570 1997 3647">
     <span class='ocr_line' id='line_1_66' title="bbox 436 3570 1997 3647; baseline 0.01 -24"><span class='ocrx_word' id='word_1_474' title='bbox 436 3570 659 3625; x_wconf 84' lang='lat' dir='ltr'><strong>domum</strong></span> <span class='ocrx_word' id='word_1_475' title='bbox 705 3573 886 3629; x_wconf 87' lang='lat' dir='ltr'><strong>redire</strong></span> <span class='ocrx_word' id='word_1_476' title='bbox 932 3590 1037 3629; x_wconf 91' lang='lat' dir='ltr'>non</span> <span class='ocrx_word' id='word_1_477' title='bbox 1080 3590 1338 3644; x_wconf 89' lang='lat' dir='ltr'><strong>possem;</strong></span> <span class='ocrx_word' id='word_1_478' title='bbox 1376 3587 1431 3632; x_wconf 88' lang='lat' dir='ltr'>ct</span> <span class='ocrx_word' id='word_1_479' title='bbox 1483 3580 1681 3647; x_wconf 67' lang='lat' dir='ltr'><strong>saepius</strong></span> <span class='ocrx_word' id='word_1_480' title='bbox 1731 3580 1997 3638; x_wconf 75' lang='lat' dir='ltr'><strong>abituriea</strong></span> 
     </span>
    </p>
   </div>
   <div class='ocr_carea' id='block_1_67' title="bbox 2139 3570 3700 3658">
    <p class='ocr_par' dir='ltr' id='par_1_67' title="bbox 2143 3582 3700 3658">
     <span class='ocr_line' id='line_1_67' title="bbox 2143 3582 3700 3658; baseline -0.004 -19"><span class='ocrx_word' id='word_1_481' title='bbox 2143 3586 2271 3640; x_wconf 84' lang='grc' dir='ltr'>στοῦ</span> <span class='ocrx_word' id='word_1_482' title='bbox 2305 3587 2584 3658; x_wconf 82' lang='grc' dir='ltr'>ἀνάθημα.</span> <span class='ocrx_word' id='word_1_483' title='bbox 2622 3586 2792 3641; x_wconf 75' lang='grc' dir='ltr'>Τοῦτο</span> <span class='ocrx_word' id='word_1_484' title='bbox 2825 3585 2939 3650; x_wconf 77' lang='grc' dir='ltr'>οὖν,</span> <span class='ocrx_word' id='word_1_485' title='bbox 2983 3589 3138 3658; x_wconf 76' lang='grc' dir='ltr'>φησὶ,</span> <span class='ocrx_word' id='word_1_486' title='bbox 3173 3585 3511 3653; x_wconf 85' lang='grc' dir='ltr'>θεασάμενος</span> <span class='ocrx_word' id='word_1_487' title='bbox 3532 3582 3700 3653; x_wconf 73' lang='grc' dir='ltr'>ἵδρωσα</span> 
     </span>
    </p>
   </div>
   <div class='ocr_carea' id='block_1_68' title="bbox 438 3661 1999 3754">
    <p class='ocr_par' dir='ltr' id='par_1_68' title="bbox 438 3661 1999 3741">
     <span class='ocr_line' id='line_1_68' title="bbox 438 3661 1999 3741; baseline 0.01 -26"><span class='ocrx_word' id='word_1_488' title='bbox 438 3662 507 3716; x_wconf 85' lang='lat' dir='ltr'>ad</span> <span class='ocrx_word' id='word_1_489' title='bbox 541 3661 830 3718; x_wconf 86' lang='lat' dir='ltr'><strong>videndum</strong></span> <span class='ocrx_word' id='word_1_490' title='bbox 866 3666 1128 3722; x_wconf 89' lang='lat' dir='ltr'><strong>redirem.</strong></span> <span class='ocrx_word' id='word_1_491' title='bbox 1162 3665 1395 3725; x_wconf 90' lang='lat' dir='ltr'><strong>Tantam</strong></span> <span class='ocrx_word' id='word_1_492' title='bbox 1448 3670 1522 3726; x_wconf 90' lang='lat' dir='ltr'><strong>illi</strong></span> <span class='ocrx_word' id='word_1_493' title='bbox 1575 3671 1999 3741; x_wconf 79' lang='lat' dir='ltr'><strong>pulcltritndinet</strong></span> 
     </span>
    </p>
   </div>
   <div class='ocr_carea' id='block_1_69' title="bbox 2139 3661 3700 3754">
    <p class='ocr_par' dir='ltr' id='par_1_69' title="bbox 2144 3672 3700 3754">
     <span class='ocr_line' id='line_1_69' title="bbox 2144 3672 3700 3754; baseline -0.003 -23"><span class='ocrx_word' id='word_1_494' title='bbox 2144 3678 2245 3749; x_wconf 80' lang='grc' dir='ltr'>μὲν</span> <span class='ocrx_word' id='word_1_495' title='bbox 2277 3679 2380 3733; x_wconf 81' lang='grc' dir='ltr'>ὑπὸ</span> <span class='ocrx_word' id='word_1_496' title='bbox 2411 3678 2507 3732; x_wconf 80' lang='grc' dir='ltr'>τοῦ</span> <span class='ocrx_word' id='word_1_497' title='bbox 2544 3680 2789 3754; x_wconf 82' lang='grc' dir='ltr'>θάμϐους</span> <span class='ocrx_word' id='word_1_498' title='bbox 2832 3681 2927 3734; x_wconf 66' lang='grc' dir='ltr'>καὶ</span> <span class='ocrx_word' id='word_1_499' title='bbox 2945 3678 2991 3711; x_wconf 74' lang='grc'><strong>⁸⁸</strong></span> <span class='ocrx_word' id='word_1_500' title='bbox 3024 3678 3353 3749; x_wconf 80' lang='grc' dir='ltr'>ἐκπλήξεως,</span> <span class='ocrx_word' id='word_1_501' title='bbox 3392 3675 3535 3729; x_wconf 80' lang='grc' dir='ltr'>οὕτω</span> <span class='ocrx_word' id='word_1_502' title='bbox 3557 3674 3604 3726; x_wconf 81' lang='grc' dir='ltr'>δὲ</span> <span class='ocrx_word' id='word_1_503' title='bbox 3626 3672 3700 3742; x_wconf 81' lang='grc' dir='ltr'>τὴν</span> 
     </span>
    </p>
   </div>
   <div class='ocr_carea' id='block_1_70' title="bbox 435 3750 1996 3844">
    <p class='ocr_par' dir='ltr' id='par_1_70' title="bbox 435 3750 1996 3833">
     <span class='ocr_line' id='line_1_70' title="bbox 435 3750 1996 3833; baseline 0.009 -27"><span class='ocrx_word' id='word_1_504' title='bbox 435 3750 634 3808; x_wconf 81' lang='lat' dir='ltr'><strong>artifex</strong></span> <span class='ocrx_word' id='word_1_505' title='bbox 669 3754 1043 3812; x_wconf 88' lang='lat' dir='ltr'><strong>immiscuerat</strong></span> <span class='ocrx_word' id='word_1_506' title='bbox 1080 3797 1096 3823; x_wconf 97' lang='lat'>,</span> <span class='ocrx_word' id='word_1_507' title='bbox 1124 3774 1229 3813; x_wconf 91' lang='lat' dir='ltr'>non</span> <span class='ocrx_word' id='word_1_508' title='bbox 1262 3759 1518 3816; x_wconf 87' lang='lat' dir='ltr'><strong>blandum</strong></span> <span class='ocrx_word' id='word_1_509' title='bbox 1550 3762 1678 3833; x_wconf 91' lang='lat' dir='ltr'><strong>quid</strong></span> <span class='ocrx_word' id='word_1_510' title='bbox 1709 3774 1803 3819; x_wconf 89' lang='lat' dir='ltr'>aut</span> <span class='ocrx_word' id='word_1_511' title='bbox 1849 3764 1996 3820; x_wconf 67' lang='lat' dir='ltr'><strong>molli</strong></span> 
     </span>
    </p>
   </div>
   <div class='ocr_carea' id='block_1_71' title="bbox 2139 3750 3700 3844">
    <p class='ocr_par' dir='ltr' id='par_1_71' title="bbox 2139 3750 3700 3844">
     <span class='ocr_line' id='line_1_71' title="bbox 2139 3750 3700 3844; baseline -0.007 -18"><span class='ocrx_word' id='word_1_512' title='bbox 2139 3768 2316 3841; x_wconf 76' lang='grc' dir='ltr'>ψυχὴν</span> <span class='ocrx_word' id='word_1_513' title='bbox 2363 3750 2610 3841; x_wconf 82' lang='grc' dir='ltr'>διετέθην</span> <span class='ocrx_word' id='word_1_514' title='bbox 2644 3772 2749 3826; x_wconf 77' lang='grc' dir='ltr'>ὑπὸ</span> <span class='ocrx_word' id='word_1_515' title='bbox 2779 3775 2878 3844; x_wconf 83' lang='grc' dir='ltr'>τῆς</span> <span class='ocrx_word' id='word_1_516' title='bbox 2910 3770 3273 3843; x_wconf 76' lang='grc' dir='ltr'>εὐφροσύνης,</span> <span class='ocrx_word' id='word_1_517' title='bbox 3316 3768 3463 3823; x_wconf 85' lang='grc' dir='ltr'>ὥστε</span> <span class='ocrx_word' id='word_1_518' title='bbox 3502 3768 3592 3836; x_wconf 81' lang='grc' dir='ltr'>οὐχ</span> <span class='ocrx_word' id='word_1_519' title='bbox 3616 3758 3700 3824; x_wconf 77' lang='grc' dir='ltr'>οἷός</span> 
     </span>
    </p>
   </div>
   <div class='ocr_carea' id='block_1_72' title="bbox 434 3846 1995 3935">
    <p class='ocr_par' dir='ltr' id='par_1_72' title="bbox 434 3846 1995 3925">
     <span class='ocr_line' id='line_1_72' title="bbox 434 3846 1995 3925; baseline 0.007 -23"><span class='ocrx_word' id='word_1_520' title='bbox 434 3846 531 3902; x_wconf 82' lang='lat' dir='ltr'>sed</span> <span class='ocrx_word' id='word_1_521' title='bbox 578 3855 820 3902; x_wconf 90' lang='lat' dir='ltr'><strong>tortuum</strong></span> <span class='ocrx_word' id='word_1_522' title='bbox 869 3858 924 3904; x_wconf 88' lang='lat' dir='ltr'>et</span> <span class='ocrx_word' id='word_1_523' title='bbox 960 3850 1288 3920; x_wconf 90' lang='lat' dir='ltr'><strong>masculum,</strong></span> <span class='ocrx_word' id='word_1_524' title='bbox 1327 3862 1595 3909; x_wconf 87' lang='lat' dir='ltr'><strong>armatam</strong></span> <span class='ocrx_word' id='word_1_525' title='bbox 1656 3856 1903 3925; x_wconf 87' lang='lat' dir='ltr'><strong>quidem,</strong></span> <span class='ocrx_word' id='word_1_526' title='bbox 1938 3873 1995 3913; x_wconf 88' lang='lat' dir='ltr'>se</span> 
     </span>
    </p>
   </div>
   <div class='ocr_carea' id='block_1_73' title="bbox 2140 3846 3701 3935">
    <p class='ocr_par' dir='ltr' id='par_1_73' title="bbox 2140 3855 3701 3935">
     <span class='ocr_line' id='line_1_73' title="bbox 2140 3855 3701 3935; baseline -0.003 -19"><span class='ocrx_word' id='word_1_527' title='bbox 2140 3864 2187 3915; x_wconf 86' lang='grc' dir='ltr'>τ’</span> <span class='ocrx_word' id='word_1_528' title='bbox 2206 3860 2274 3935; x_wconf 82' lang='grc' dir='ltr'>ἦν</span> <span class='ocrx_word' id='word_1_529' title='bbox 2300 3864 2482 3917; x_wconf 76' lang='grc' dir='ltr'>οἴκαδε</span> <span class='ocrx_word' id='word_1_530' title='bbox 2502 3864 2805 3930; x_wconf 77' lang='grc' dir='ltr'>ἐπανιέναι,</span> <span class='ocrx_word' id='word_1_531' title='bbox 2829 3864 3091 3927; x_wconf 85' lang='grc' dir='ltr'>πολλάκις</span> <span class='ocrx_word' id='word_1_532' title='bbox 3118 3862 3175 3917; x_wconf 86' lang='grc' dir='ltr'>δέ</span> <span class='ocrx_word' id='word_1_533' title='bbox 3201 3861 3378 3917; x_wconf 86' lang='grc' dir='ltr'>ἀπιὼν</span> <span class='ocrx_word' id='word_1_534' title='bbox 3405 3855 3701 3926; x_wconf 81' lang='grc' dir='ltr'>ἐπαναστρὲ-</span> 
     </span>
    </p>
   </div>
   <div class='ocr_carea' id='block_1_74' title="bbox 434 3936 1995 4028">
    <p class='ocr_par' dir='ltr' id='par_1_74' title="bbox 434 3936 1995 4008">
     <span class='ocr_line' id='line_1_74' title="bbox 434 3936 1995 4008; baseline 0.012 -20"><span class='ocrx_word' id='word_1_535' title='bbox 434 3936 583 3993; x_wconf 84' lang='lat' dir='ltr'><strong>velut</strong></span> <span class='ocrx_word' id='word_1_536' title='bbox 608 3954 728 4008; x_wconf 68' lang='lat' dir='ltr'><strong>quae</strong></span> <span class='ocrx_word' id='word_1_537' title='bbox 759 3954 789 3993; x_wconf 92' lang='lat' dir='ltr'>a</span> <span class='ocrx_word' id='word_1_538' title='bbox 845 3940 1076 3997; x_wconf 85' lang='lat' dir='ltr'><strong>victoria</strong></span> <span class='ocrx_word' id='word_1_539' title='bbox 1114 3943 1423 3999; x_wconf 69' lang='lat' dir='ltr'><strong>ltetabuntla</strong></span> <span class='ocrx_word' id='word_1_540' title='bbox 1463 3949 1779 4007; x_wconf 86' lang='lat' dir='ltr'><strong>revertitur.</strong></span> <span class='ocrx_word' id='word_1_541' title='bbox 1812 3948 1995 4007; x_wconf 86' lang='lat' dir='ltr'><strong>llierut</strong></span> 
     </span>
    </p>
   </div>
   <div class='ocr_carea' id='block_1_75' title="bbox 2139 3936 3700 4028">
    <p class='ocr_par' dir='ltr' id='par_1_75' title="bbox 2139 3952 3700 4028">
     <span class='ocr_line' id='line_1_75' title="bbox 2139 3952 3700 4028; baseline 0.008 -21"><span class='ocrx_word' id='word_1_542' title='bbox 2139 3972 2261 4025; x_wconf 90' lang='grc' dir='ltr'>φειν</span> <span class='ocrx_word' id='word_1_543' title='bbox 2287 3956 2380 4009; x_wconf 77' lang='grc' dir='ltr'>ἐπὶ</span> <span class='ocrx_word' id='word_1_544' title='bbox 2399 3956 2460 4010; x_wconf 81' lang='grc' dir='ltr'>τὸ</span> <span class='ocrx_word' id='word_1_545' title='bbox 2482 3956 2663 4028; x_wconf 85' lang='grc' dir='ltr'>θέαμα</span> <span class='ocrx_word' id='word_1_546' title='bbox 2683 3974 2697 3988; x_wconf 94' lang='grc'><strong>·</strong></span> <span class='ocrx_word' id='word_1_547' title='bbox 2727 3957 2984 4011; x_wconf 78' lang='grc' dir='ltr'>τοσοῦτον</span> <span class='ocrx_word' id='word_1_548' title='bbox 3008 3955 3159 4025; x_wconf 85' lang='grc' dir='ltr'>αὐτῷ</span> <span class='ocrx_word' id='word_1_549' title='bbox 3186 3954 3384 4017; x_wconf 81' lang='grc' dir='ltr'>κάλλος</span> <span class='ocrx_word' id='word_1_550' title='bbox 3414 3952 3700 4021; x_wconf 74' lang='grc' dir='ltr'>ἐνεκέρασεν</span> 
     </span>
    </p>
   </div>
   <div class='ocr_carea' id='block_1_76' title="bbox 438 4025 1999 4120">
    <p class='ocr_par' dir='ltr' id='par_1_76' title="bbox 438 4025 1991 4109">
     <span class='ocr_line' id='line_1_76' title="bbox 438 4025 1991 4109; baseline 0.013 -30"><span class='ocrx_word' id='word_1_551' title='bbox 438 4025 716 4084; x_wconf 79' lang='lat' dir='ltr'><strong>Plutarchi</strong></span> <span class='ocrx_word' id='word_1_552' title='bbox 752 4030 923 4085; x_wconf 77' lang='lat' dir='ltr'><strong>lilium</strong></span> <span class='ocrx_word' id='word_1_553' title='bbox 943 4032 1045 4087; x_wconf 87' lang='lat' dir='ltr'>sub</span> <span class='ocrx_word' id='word_1_554' title='bbox 1071 4033 1267 4089; x_wconf 89' lang='lat' dir='ltr'><strong>Proclo</strong></span> <span class='ocrx_word' id='word_1_555' title='bbox 1282 4037 1758 4109; x_wconf 80' lang='lat' dir='ltr'><strong>phil050phantem</strong></span> <span class='ocrx_word' id='word_1_556' title='bbox 1792 4044 1843 4097; x_wconf 92' lang='lat' dir='ltr'>in</span> <span class='ocrx_word' id='word_1_557' title='bbox 1871 4044 1991 4099; x_wconf 89' lang='lat' dir='ltr'>dom</span> 
     </span>
    </p>
   </div>
   <div class='ocr_carea' id='block_1_77' title="bbox 2133 4025 3694 4120">
    <p class='ocr_par' dir='ltr' id='par_1_77' title="bbox 2134 4025 3694 4120">
     <span class='ocr_line' id='line_1_77' title="bbox 2134 4025 3694 4120; baseline -0.004 -19"><span class='ocrx_word' id='word_1_558' title='bbox 2134 4049 2163 4101; x_wconf 87' lang='lat'>6</span> <span class='ocrx_word' id='word_1_559' title='bbox 2193 4048 2465 4119; x_wconf 88' lang='grc' dir='ltr'>τεχνίτης,</span> <span class='ocrx_word' id='word_1_560' title='bbox 2498 4050 2558 4103; x_wconf 84' lang='grc' dir='ltr'>ού</span> <span class='ocrx_word' id='word_1_561' title='bbox 2584 4025 2758 4118; x_wconf 85' lang='grc' dir='ltr'>γλυκύ</span> <span class='ocrx_word' id='word_1_562' title='bbox 2787 4067 2840 4103; x_wconf 68' lang='grc' dir='ltr'>⁹ιιι</span> <span class='ocrx_word' id='word_1_563' title='bbox 2871 4050 2966 4104; x_wconf 71' lang='grc' dir='ltr'>καὶ</span> <span class='ocrx_word' id='word_1_564' title='bbox 2994 4049 3327 4120; x_wconf 82' lang='grc' dir='ltr'>ἀφροδίσιον,</span> <span class='ocrx_word' id='word_1_565' title='bbox 3366 4046 3506 4100; x_wconf 85' lang='grc' dir='ltr'>ἀλλά</span> <span class='ocrx_word' id='word_1_566' title='bbox 3534 4045 3694 4114; x_wconf 81' lang='grc' dir='ltr'>βλοσυ-</span> 
     </span>
    </p>
   </div>
   <div class='ocr_carea' id='block_1_78' title="bbox 434 4121 1995 4214">
    <p class='ocr_par' dir='ltr' id='par_1_78' title="bbox 434 4121 1995 4206">
     <span class='ocr_line' id='line_1_78' title="bbox 434 4121 1995 4206; baseline 0.013 -31"><span class='ocrx_word' id='word_1_567' title='bbox 434 4121 661 4189; x_wconf 73' lang='lat' dir='ltr'><strong>Quirini</strong></span> <span class='ocrx_word' id='word_1_568' title='bbox 690 4124 889 4182; x_wconf 85' lang='lat' dir='ltr'><strong>vidisse</strong></span> <span class='ocrx_word' id='word_1_569' title='bbox 908 4126 1074 4182; x_wconf 81' lang='lat' dir='ltr'><strong>refert</strong></span> <span class='ocrx_word' id='word_1_570' title='bbox 1099 4131 1237 4184; x_wconf 89' lang='lat' dir='ltr'><strong>adeo</strong></span> <span class='ocrx_word' id='word_1_571' title='bbox 1265 4147 1489 4200; x_wconf 89' lang='lat' dir='ltr'><strong>parvum</strong></span> <span class='ocrx_word' id='word_1_572' title='bbox 1523 4144 1688 4206; x_wconf 89' lang='lat' dir='ltr'><strong>caput</strong></span> <span class='ocrx_word' id='word_1_573' title='bbox 1709 4138 1995 4195; x_wconf 88' lang='lat' dir='ltr'><strong>humanum</strong></span> 
     </span>
    </p>
   </div>
   <div class='ocr_carea' id='block_1_79' title="bbox 2135 4121 3696 4214">
    <p class='ocr_par' dir='ltr' id='par_1_79' title="bbox 2137 4134 3696 4214">
     <span class='ocr_line' id='line_1_79' title="bbox 2137 4134 3696 4214; baseline -0.003 -21"><span class='ocrx_word' id='word_1_574' title='bbox 2137 4141 2228 4211; x_wconf 89' lang='grc' dir='ltr'>ρόν</span> <span class='ocrx_word' id='word_1_575' title='bbox 2262 4158 2323 4194; x_wconf 91' lang='grc' dir='ltr'>τε</span> <span class='ocrx_word' id='word_1_576' title='bbox 2356 4143 2450 4196; x_wconf 78' lang='grc' dir='ltr'>καὶ</span> <span class='ocrx_word' id='word_1_577' title='bbox 2479 4142 2756 4213; x_wconf 79' lang='grc' dir='ltr'>ἀνδρικὸν,</span> <span class='ocrx_word' id='word_1_578' title='bbox 2784 4142 3009 4197; x_wconf 79' lang='grc' dir='ltr'>ἔνοπλον</span> <span class='ocrx_word' id='word_1_579' title='bbox 3041 4143 3142 4214; x_wconf 79' lang='grc' dir='ltr'>μὲν</span> <span class='ocrx_word' id='word_1_580' title='bbox 3161 4182 3176 4206; x_wconf 91' lang='grc'>,</span> <span class='ocrx_word' id='word_1_581' title='bbox 3205 4137 3319 4194; x_wconf 74' lang='grc' dir='ltr'>οἷον</span> <span class='ocrx_word' id='word_1_582' title='bbox 3351 4139 3412 4193; x_wconf 82' lang='grc' dir='ltr'>δὲ</span> <span class='ocrx_word' id='word_1_583' title='bbox 3441 4138 3543 4193; x_wconf 80' lang='grc' dir='ltr'>ἀπὸ</span> <span class='ocrx_word' id='word_1_584' title='bbox 3572 4134 3696 4201; x_wconf 72' lang='grc' dir='ltr'>νίκης</span> 
     </span>
    </p>
   </div>
   <div class='ocr_carea' id='block_1_80' title="bbox 435 4215 1996 4305">
    <p class='ocr_par' dir='ltr' id='par_1_80' title="bbox 435 4215 1996 4295">
     <span class='ocr_line' id='line_1_80' title="bbox 435 4215 1996 4295; baseline 0.013 -26"><span class='ocrx_word' id='word_1_585' title='bbox 435 4222 496 4269; x_wconf 82' lang='lat' dir='ltr'>ut</span> <span class='ocrx_word' id='word_1_586' title='bbox 516 4215 667 4272; x_wconf 85' lang='lat' dir='ltr'><strong>cicer</strong></span> <span class='ocrx_word' id='word_1_587' title='bbox 710 4219 1025 4289; x_wconf 60' lang='lat' dir='ltr'><strong>adaequaret</strong></span> <span class='ocrx_word' id='word_1_588' title='bbox 1075 4224 1451 4293; x_wconf 82' lang='lat' dir='ltr'><strong>magnitudine</strong></span> <span class='ocrx_word' id='word_1_589' title='bbox 1485 4236 1543 4282; x_wconf 84' lang='lat' dir='ltr'>et</span> <span class='ocrx_word' id='word_1_590' title='bbox 1575 4229 1772 4295; x_wconf 85' lang='lat' dir='ltr'><strong>forma,</strong></span> <span class='ocrx_word' id='word_1_591' title='bbox 1805 4233 1946 4289; x_wconf 91' lang='lat' dir='ltr'><strong>unde</strong></span> <span class='ocrx_word' id='word_1_592' title='bbox 1974 4252 1996 4290; x_wconf 78' lang='grc' dir='ltr'>ε</span> 
     </span>
    </p>
   </div>
   <div class='ocr_carea' id='block_1_81' title="bbox 2135 4215 3696 4305">
    <p class='ocr_par' dir='ltr' id='par_1_81' title="bbox 2135 4227 3696 4305">
     <span class='ocr_line' id='line_1_81' title="bbox 2135 4227 3696 4305; baseline -0.001 -21"><span class='ocrx_word' id='word_1_593' title='bbox 2135 4232 2523 4305; x_wconf 87' lang='grc' dir='ltr'>ἐπανηγμένης</span> <span class='ocrx_word' id='word_1_594' title='bbox 2554 4235 2597 4267; x_wconf 75' lang='grc'>³⁸</span> <span class='ocrx_word' id='word_1_595' title='bbox 2649 4235 2740 4289; x_wconf 78' lang='grc' dir='ltr'>καὶ</span> <span class='ocrx_word' id='word_1_596' title='bbox 2812 4235 2872 4289; x_wconf 87' lang='grc' dir='ltr'>τὸ</span> <span class='ocrx_word' id='word_1_597' title='bbox 2952 4234 3185 4304; x_wconf 80' lang='grc' dir='ltr'>γεγηθὸς</span> <span class='ocrx_word' id='word_1_598' title='bbox 3243 4227 3696 4302; x_wconf 74' lang='grc' dir='ltr'>ὲπιφαινούσης³¹ι</span> 
     </span>
    </p>
   </div>
   <div class='ocr_carea' id='block_1_82' title="bbox 433 4311 1994 4399">
    <p class='ocr_par' dir='ltr' id='par_1_82' title="bbox 433 4311 1986 4394">
     <span class='ocr_line' id='line_1_82' title="bbox 433 4311 1986 4394; baseline 0.012 -34"><span class='ocrx_word' id='word_1_599' title='bbox 433 4322 632 4364; x_wconf 87' lang='lat' dir='ltr'><strong>nomen</strong></span> <span class='ocrx_word' id='word_1_600' title='bbox 682 4311 849 4380; x_wconf 87' lang='lat' dir='ltr'><strong>capiti</strong></span> <span class='ocrx_word' id='word_1_601' title='bbox 904 4326 969 4367; x_wconf 84' lang='lat' dir='ltr'>ex</span> <span class='ocrx_word' id='word_1_602' title='bbox 1013 4314 1192 4369; x_wconf 88' lang='lat' dir='ltr'><strong>cicere</strong></span> <span class='ocrx_word' id='word_1_603' title='bbox 1219 4316 1445 4371; x_wconf 87' lang='lat' dir='ltr'><strong>iuditmn</strong></span> <span class='ocrx_word' id='word_1_604' title='bbox 1478 4334 1629 4373; x_wconf 89' lang='lat' dir='ltr'><strong>esse:</strong></span> <span class='ocrx_word' id='word_1_605' title='bbox 1692 4327 1986 4394; x_wconf 68' lang='lat' dir='ltr'><strong>cmteroqui</strong></span> 
     </span>
    </p>
   </div>
   <div class='ocr_carea' id='block_1_83' title="bbox 2138 4311 3699 4399">
    <p class='ocr_par' dir='ltr' id='par_1_83' title="bbox 2138 4320 3699 4399">
     <span class='ocr_line' id='line_1_83' title="bbox 2138 4320 3699 4399; baseline -0.005 -20"><span class='ocrx_word' id='word_1_606' title='bbox 2138 4323 2260 4379; x_wconf 69' lang='grc' dir='ltr'>Ὀτι</span> <span class='ocrx_word' id='word_1_607' title='bbox 2293 4326 2483 4396; x_wconf 86' lang='grc' dir='ltr'>Ὶέριον</span> <span class='ocrx_word' id='word_1_608' title='bbox 2531 4327 2625 4380; x_wconf 88' lang='grc' dir='ltr'>τὸν</span> <span class='ocrx_word' id='word_1_609' title='bbox 2674 4326 3049 4399; x_wconf 74' lang='grc' dir='ltr'>Πλουτάρχου,</span> <span class='ocrx_word' id='word_1_610' title='bbox 3081 4325 3185 4379; x_wconf 82' lang='grc' dir='ltr'>ὑπὸ</span> <span class='ocrx_word' id='word_1_611' title='bbox 3230 4324 3466 4395; x_wconf 85' lang='grc' dir='ltr'>Πρόκλῳ</span> <span class='ocrx_word' id='word_1_612' title='bbox 3516 4320 3699 4390; x_wconf 84' lang='grc' dir='ltr'>φιλοσο-</span> 
     </span>
    </p>
   </div>
   <div class='ocr_carea' id='block_1_84' title="bbox 432 4399 1993 4490">
    <p class='ocr_par' dir='ltr' id='par_1_84' title="bbox 432 4399 1993 4479">
     <span class='ocr_line' id='line_1_84' title="bbox 432 4399 1993 4479; baseline 0.011 -27"><span class='ocrx_word' id='word_1_613' title='bbox 432 4399 732 4456; x_wconf 85' lang='lat' dir='ltr'><strong>humanum</strong></span> <span class='ocrx_word' id='word_1_614' title='bbox 769 4412 932 4471; x_wconf 85' lang='lat' dir='ltr'><strong>caput</strong></span> <span class='ocrx_word' id='word_1_615' title='bbox 964 4418 1103 4473; x_wconf 90' lang='lat' dir='ltr'><strong>esse,</strong></span> <span class='ocrx_word' id='word_1_616' title='bbox 1138 4407 1329 4462; x_wconf 88' lang='lat' dir='ltr'><strong>oculos</strong></span> <span class='ocrx_word' id='word_1_617' title='bbox 1370 4418 1425 4462; x_wconf 88' lang='lat' dir='ltr'>et</span> <span class='ocrx_word' id='word_1_618' title='bbox 1463 4408 1675 4464; x_wconf 88' lang='lat' dir='ltr'><strong>vultum</strong></span> <span class='ocrx_word' id='word_1_619' title='bbox 1708 4412 1935 4479; x_wconf 89' lang='lat' dir='ltr'><strong>habere,</strong></span> <span class='ocrx_word' id='word_1_620' title='bbox 1968 4430 1993 4469; x_wconf 88' lang='lat' dir='ltr'>e</span> 
     </span>
    </p>
   </div>
   <div class='ocr_carea' id='block_1_85' title="bbox 2134 4399 3695 4490">
    <p class='ocr_par' dir='ltr' id='par_1_85' title="bbox 2134 4412 3695 4490">
     <span class='ocr_line' id='line_1_85' title="bbox 2134 4412 3695 4490; baseline -0.006 -19"><span class='ocrx_word' id='word_1_621' title='bbox 2134 4415 2336 4486; x_wconf 80' lang='grc' dir='ltr'>φοῦντα</span> <span class='ocrx_word' id='word_1_622' title='bbox 2353 4418 2420 4484; x_wconf 81' lang='grc'>³³,</span> <span class='ocrx_word' id='word_1_623' title='bbox 2454 4420 2512 4481; x_wconf 88' lang='grc' dir='ltr'>ἐς</span> <span class='ocrx_word' id='word_1_624' title='bbox 2537 4419 2637 4489; x_wconf 82' lang='grc' dir='ltr'>τὴν</span> <span class='ocrx_word' id='word_1_625' title='bbox 2663 4419 2902 4490; x_wconf 84' lang='grc' dir='ltr'>Κυρίνου</span> <span class='ocrx_word' id='word_1_626' title='bbox 2922 4419 2966 4452; x_wconf 72' lang='grc'>³⁸</span> <span class='ocrx_word' id='word_1_627' title='bbox 2993 4418 3294 4489; x_wconf 82' lang='grc' dir='ltr'>λεγομένην</span> <span class='ocrx_word' id='word_1_628' title='bbox 3324 4416 3503 4470; x_wconf 75' lang='grc' dir='ltr'>οἰκίαν</span> <span class='ocrx_word' id='word_1_629' title='bbox 3528 4412 3695 4467; x_wconf 69' lang='grc' dir='ltr'>θεάσα-</span> 
     </span>
    </p>
   </div>
   <div class='ocr_carea' id='block_1_86' title="bbox 429 4492 1990 4583">
    <p class='ocr_par' dir='ltr' id='par_1_86' title="bbox 429 4492 1990 4569">
     <span class='ocr_line' id='line_1_86' title="bbox 429 4492 1990 4569; baseline 0.009 -24"><span class='ocrx_word' id='word_1_630' title='bbox 429 4492 683 4561; x_wconf 81' lang='lat' dir='ltr'><strong>superius</strong></span> <span class='ocrx_word' id='word_1_631' title='bbox 735 4496 939 4563; x_wconf 89' lang='lat' dir='ltr'><strong>crines,</strong></span> <span class='ocrx_word' id='word_1_632' title='bbox 989 4507 1047 4552; x_wconf 90' lang='lat' dir='ltr'>et</span> <span class='ocrx_word' id='word_1_633' title='bbox 1102 4499 1378 4569; x_wconf 82' lang='lat' dir='ltr'><strong>integrum</strong></span> <span class='ocrx_word' id='word_1_634' title='bbox 1423 4516 1508 4568; x_wconf 82' lang='lat' dir='ltr'>os,</span> <span class='ocrx_word' id='word_1_635' title='bbox 1554 4511 1608 4557; x_wconf 90' lang='lat' dir='ltr'>et</span> <span class='ocrx_word' id='word_1_636' title='bbox 1660 4518 1757 4558; x_wconf 89' lang='lat' dir='ltr'>ore</span> <span class='ocrx_word' id='word_1_637' title='bbox 1814 4514 1990 4561; x_wconf 81' lang='lat' dir='ltr'><strong>tantar</strong></span> 
     </span>
    </p>
   </div>
   <div class='ocr_carea' id='block_1_87' title="bbox 2135 4492 3696 4583">
    <p class='ocr_par' dir='ltr' id='par_1_87' title="bbox 2135 4503 3696 4583">
     <span class='ocr_line' id='line_1_87' title="bbox 2135 4503 3696 4583; baseline -0.003 -22"><span class='ocrx_word' id='word_1_638' title='bbox 2135 4509 2253 4562; x_wconf 88' lang='grc' dir='ltr'>σθαί</span> <span class='ocrx_word' id='word_1_639' title='bbox 2283 4526 2418 4580; x_wconf 84' lang='grc' dir='ltr'>φησι</span> <span class='ocrx_word' id='word_1_640' title='bbox 2456 4510 2661 4581; x_wconf 88' lang='grc' dir='ltr'>μικράν</span> <span class='ocrx_word' id='word_1_641' title='bbox 2693 4511 2839 4566; x_wconf 78' lang='grc' dir='ltr'>οὕτω</span> <span class='ocrx_word' id='word_1_642' title='bbox 2872 4512 3116 4583; x_wconf 83' lang='grc' dir='ltr'>κεφαλὴν</span> <span class='ocrx_word' id='word_1_643' title='bbox 3143 4511 3311 4581; x_wconf 89' lang='grc' dir='ltr'>μόνην</span> <span class='ocrx_word' id='word_1_644' title='bbox 3331 4503 3696 4580; x_wconf 73' lang='grc' dir='ltr'>ἀνθριτ›που,τι5</span> 
     </span>
    </p>
   </div>
   <div class='ocr_carea' id='block_1_88' title="bbox 427 4587 1988 4677">
    <p class='ocr_par' dir='ltr' id='par_1_88' title="bbox 427 4587 1986 4658">
     <span class='ocr_line' id='line_1_88' title="bbox 427 4587 1986 4658; baseline 0.008 -21"><span class='ocrx_word' id='word_1_645' title='bbox 427 4597 617 4638; x_wconf 75' lang='lat' dir='ltr'><strong>vocem</strong></span> <span class='ocrx_word' id='word_1_646' title='bbox 653 4587 932 4656; x_wconf 87' lang='lat' dir='ltr'><strong>emittere,</strong></span> <span class='ocrx_word' id='word_1_647' title='bbox 966 4600 1225 4658; x_wconf 84' lang='lat' dir='ltr'><strong>quantam</strong></span> <span class='ocrx_word' id='word_1_648' title='bbox 1260 4591 1410 4645; x_wconf 87' lang='lat' dir='ltr'><strong>mille</strong></span> <span class='ocrx_word' id='word_1_649' title='bbox 1442 4592 1714 4647; x_wconf 90' lang='lat' dir='ltr'><strong>homines.</strong></span> <span class='ocrx_word' id='word_1_650' title='bbox 1780 4593 1905 4648; x_wconf 64' lang='lat' dir='ltr'><strong>llzrc</strong></span> <span class='ocrx_word' id='word_1_651' title='bbox 1955 4596 1986 4649; x_wconf 94' lang='lat' dir='ltr'>d</span> 
     </span>
    </p>
   </div>
   <div class='ocr_carea' id='block_1_89' title="bbox 2131 4587 3692 4677">
    <p class='ocr_par' dir='ltr' id='par_1_89' title="bbox 2131 4603 3692 4677">
     <span class='ocr_line' id='line_1_89' title="bbox 2131 4603 3692 4677; baseline -0.006 -18"><span class='ocrx_word' id='word_1_652' title='bbox 2131 4620 2186 4654; x_wconf 85' lang='grc' dir='ltr'>τε</span> <span class='ocrx_word' id='word_1_653' title='bbox 2212 4604 2445 4673; x_wconf 84' lang='grc' dir='ltr'>μεγέθος</span> <span class='ocrx_word' id='word_1_654' title='bbox 2470 4606 2566 4659; x_wconf 79' lang='grc' dir='ltr'>καὶ</span> <span class='ocrx_word' id='word_1_655' title='bbox 2597 4607 2657 4659; x_wconf 86' lang='grc' dir='ltr'>τὺ</span> <span class='ocrx_word' id='word_1_656' title='bbox 2684 4603 2826 4671; x_wconf 75' lang='grc' dir='ltr'>εἶδος</span> <span class='ocrx_word' id='word_1_657' title='bbox 2853 4607 3005 4660; x_wconf 78' lang='grc' dir='ltr'>οὐδὲν</span> <span class='ocrx_word' id='word_1_658' title='bbox 3026 4606 3305 4677; x_wconf 81' lang='grc' dir='ltr'>ἐρεϐίνθου</span> <span class='ocrx_word' id='word_1_659' title='bbox 3336 4604 3692 4673; x_wconf 81' lang='grc' dir='ltr'>διαφέρουσαν·</span> 
     </span>
    </p>
   </div>
   <div class='ocr_carea' id='block_1_90' title="bbox 427 4675 1988 4772">
    <p class='ocr_par' dir='ltr' id='par_1_90' title="bbox 427 4675 1988 4758">
     <span class='ocr_line' id='line_1_90' title="bbox 427 4675 1988 4758; baseline 0.009 -31"><span class='ocrx_word' id='word_1_660' title='bbox 427 4675 624 4730; x_wconf 84' lang='lat' dir='ltr'><strong>ciceris</strong></span> <span class='ocrx_word' id='word_1_661' title='bbox 656 4677 759 4732; x_wconf 90' lang='lat' dir='ltr'>hoc</span> <span class='ocrx_word' id='word_1_662' title='bbox 798 4684 977 4751; x_wconf 89' lang='lat' dir='ltr'><strong>capite</strong></span> <span class='ocrx_word' id='word_1_663' title='bbox 1008 4685 1323 4755; x_wconf 85' lang='lat' dir='ltr'><strong>prodigiose</strong></span> <span class='ocrx_word' id='word_1_664' title='bbox 1354 4683 1524 4739; x_wconf 87' lang='lat' dir='ltr'><strong>refert</strong></span> <span class='ocrx_word' id='word_1_665' title='bbox 1557 4693 1772 4749; x_wconf 90' lang='lat' dir='ltr'><strong>auctor,</strong></span> <span class='ocrx_word' id='word_1_666' title='bbox 1808 4686 1988 4758; x_wconf 89' lang='lat' dir='ltr'><strong>aliaqn</strong></span> 
     </span>
    </p>
   </div>
   <div class='ocr_carea' id='block_1_91' title="bbox 2134 4675 3695 4772">
    <p class='ocr_par' dir='ltr' id='par_1_91' title="bbox 2134 4675 3695 4772">
     <span class='ocr_line' id='line_1_91' title="bbox 2134 4675 3695 4772; baseline 0.001 -23"><span class='ocrx_word' id='word_1_667' title='bbox 2134 4695 2212 4749; x_wconf 81' lang='grc' dir='ltr'>διὸ</span> <span class='ocrx_word' id='word_1_668' title='bbox 2235 4698 2327 4750; x_wconf 76' lang='grc' dir='ltr'>καὶ</span> <span class='ocrx_word' id='word_1_669' title='bbox 2361 4699 2640 4769; x_wconf 84' lang='grc' dir='ltr'>ἐρέϐινθον</span> <span class='ocrx_word' id='word_1_670' title='bbox 2668 4701 2840 4772; x_wconf 80' lang='grc' dir='ltr'>αὐτὴν</span> <span class='ocrx_word' id='word_1_671' title='bbox 2868 4675 3153 4753; x_wconf 84' lang='grc' dir='ltr'>καλεῖσθαι</span> <span class='ocrx_word' id='word_1_672' title='bbox 3171 4715 3186 4730; x_wconf 73' lang='grc' dir='ltr'><strong>ο</strong></span> <span class='ocrx_word' id='word_1_673' title='bbox 3215 4698 3282 4751; x_wconf 83' lang='grc' dir='ltr'>τὰ</span> <span class='ocrx_word' id='word_1_674' title='bbox 3312 4698 3358 4750; x_wconf 80' lang='grc' dir='ltr'>δ’</span> <span class='ocrx_word' id='word_1_675' title='bbox 3388 4697 3523 4751; x_wconf 81' lang='grc' dir='ltr'>ἄλλα</span> <span class='ocrx_word' id='word_1_676' title='bbox 3554 4709 3695 4761; x_wconf 76' lang='grc' dir='ltr'>κεφα-</span> 
     </span>
    </p>
   </div>
   <div class='ocr_carea' id='block_1_92' title="bbox 428 4765 1989 4863">
    <p class='ocr_par' dir='ltr' id='par_1_92' title="bbox 428 4765 1988 4849">
     <span class='ocr_line' id='line_1_92' title="bbox 428 4765 1988 4849; baseline 0.01 -29"><span class='ocrx_word' id='word_1_677' title='bbox 428 4765 873 4840; x_wconf 85' lang='lat' dir='ltr'><strong>innumerabilia,</strong></span> <span class='ocrx_word' id='word_1_678' title='bbox 905 4774 1066 4845; x_wconf 80' lang='lat' dir='ltr'><strong>digna</strong></span> <span class='ocrx_word' id='word_1_679' title='bbox 1115 4776 1266 4847; x_wconf 90' lang='lat' dir='ltr'><strong>impii</strong></span> <span class='ocrx_word' id='word_1_680' title='bbox 1315 4777 1587 4833; x_wconf 85' lang='lat' dir='ltr'><strong>Damascii</strong></span> <span class='ocrx_word' id='word_1_681' title='bbox 1631 4785 1685 4834; x_wconf 84' lang='lat' dir='ltr'>et</span> <span class='ocrx_word' id='word_1_682' title='bbox 1727 4781 1988 4849; x_wconf 89' lang='lat' dir='ltr'><strong>scription</strong></span> 
     </span>
    </p>
   </div>
   <div class='ocr_carea' id='block_1_93' title="bbox 2135 4765 3696 4863">
    <p class='ocr_par' dir='ltr' id='par_1_93' title="bbox 2135 4765 3696 4863">
     <span class='ocr_line' id='line_1_93' title="bbox 2135 4765 3696 4863; baseline -0.006 -18"><span class='ocrx_word' id='word_1_683' title='bbox 2135 4788 2232 4860; x_wconf 81' lang='grc' dir='ltr'>λὴν</span> <span class='ocrx_word' id='word_1_684' title='bbox 2262 4765 2610 4861; x_wconf 80' lang='grc' dir='ltr'>ἀνθρωπείαν</span> <span class='ocrx_word' id='word_1_685' title='bbox 2640 4765 2805 4859; x_wconf 68' lang='grc' dir='ltr'>εἶναι,</span> <span class='ocrx_word' id='word_1_686' title='bbox 2832 4792 3147 4863; x_wconf 80' lang='grc' dir='ltr'>ὀφθαλμούς</span> <span class='ocrx_word' id='word_1_687' title='bbox 3176 4810 3235 4845; x_wconf 87' lang='grc' dir='ltr'>τε</span> <span class='ocrx_word' id='word_1_688' title='bbox 3257 4791 3402 4861; x_wconf 81' lang='grc' dir='ltr'>ἔχειν</span> <span class='ocrx_word' id='word_1_689' title='bbox 3434 4790 3526 4842; x_wconf 73' lang='grc' dir='ltr'>καὶ</span> <span class='ocrx_word' id='word_1_690' title='bbox 3558 4786 3696 4857; x_wconf 77' lang='grc' dir='ltr'>πρόσ-</span> 
     </span>
    </p>
   </div>
   <div class='ocr_carea' id='block_1_94' title="bbox 427 4860 3697 4958">
    <p class='ocr_par' dir='ltr' id='par_1_94' title="bbox 427 4860 3697 4958">
     <span class='ocr_line' id='line_1_94' title="bbox 427 4860 3697 4958; baseline -0.001 -27"><span class='ocrx_word' id='word_1_691' title='bbox 427 4868 482 4909; x_wconf 67' lang='grc' dir='ltr'>θί</span> <span class='ocrx_word' id='word_1_692' title='bbox 527 4860 652 4915; x_wconf 71' lang='lat' dir='ltr'>&quot;de-</span> <span class='ocrx_word' id='word_1_693' title='bbox 1286 4876 1292 4883; x_wconf 71' lang='grc'><strong>’</strong></span> <span class='ocrx_word' id='word_1_694' title='bbox 2132 4901 2281 4938; x_wconf 87' lang='grc' dir='ltr'>ωπον</span> <span class='ocrx_word' id='word_1_695' title='bbox 2315 4887 2411 4939; x_wconf 74' lang='grc' dir='ltr'>καὶ</span> <span class='ocrx_word' id='word_1_696' title='bbox 2456 4887 2652 4958; x_wconf 86' lang='grc' dir='ltr'>τρίχας</span> <span class='ocrx_word' id='word_1_697' title='bbox 2681 4887 2795 4941; x_wconf 81' lang='grc' dir='ltr'>ἄνω</span> <span class='ocrx_word' id='word_1_698' title='bbox 2824 4889 2918 4941; x_wconf 77' lang='grc' dir='ltr'>καὶ</span> <span class='ocrx_word' id='word_1_699' title='bbox 2955 4887 3132 4957; x_wconf 80' lang='grc' dir='ltr'>στόμα</span> <span class='ocrx_word' id='word_1_700' title='bbox 3171 4888 3299 4951; x_wconf 83' lang='grc' dir='ltr'>πᾶν,</span> <span class='ocrx_word' id='word_1_701' title='bbox 3339 4883 3434 4939; x_wconf 72' lang='grc' dir='ltr'>καὶ</span> <span class='ocrx_word' id='word_1_702' title='bbox 3479 4880 3582 4939; x_wconf 82' lang='grc' dir='ltr'>ἀπὸ</span> <span class='ocrx_word' id='word_1_703' title='bbox 3623 4879 3697 4929; x_wconf 67' lang='grc' dir='ltr'>τοῦ</span> 
     </span>
    </p>
   </div>
   <div class='ocr_carea' id='block_1_95' title="bbox 432 4952 3695 5048">
    <p class='ocr_par' dir='ltr' id='par_1_95' title="bbox 432 4952 3695 5048">
     <span class='ocr_line' id='line_1_95' title="bbox 432 4952 3695 5048; baseline 0.007 -43"><span class='ocrx_word' id='word_1_704' title='bbox 432 4952 705 5023; x_wconf 80' lang='grc' dir='ltr'>στόματος</span> <span class='ocrx_word' id='word_1_705' title='bbox 731 4952 917 5023; x_wconf 85' lang='grc' dir='ltr'>φωνὴν</span> <span class='ocrx_word' id='word_1_706' title='bbox 940 4954 1185 5024; x_wconf 89' lang='grc' dir='ltr'>ἀφιέναι,</span> <span class='ocrx_word' id='word_1_707' title='bbox 1222 4958 1348 5011; x_wconf 84' lang='grc' dir='ltr'>ὅσον</span> <span class='ocrx_word' id='word_1_708' title='bbox 1409 4958 1718 5032; x_wconf 84' lang='grc' dir='ltr'>ἀνθρώπων</span> <span class='ocrx_word' id='word_1_709' title='bbox 1767 4964 1975 5037; x_wconf 86' lang='grc' dir='ltr'>χιλίων,</span> <span class='ocrx_word' id='word_1_710' title='bbox 2038 4973 2295 5028; x_wconf 75' lang='grc' dir='ltr'>τοσοῦτον</span> <span class='ocrx_word' id='word_1_711' title='bbox 2360 4952 2627 5046; x_wconf 64' lang='grc' dir='ltr'>μεγάλην.</span> <span class='ocrx_word' id='word_1_712' title='bbox 2698 4976 2869 5031; x_wconf 84' lang='grc' dir='ltr'>Τοῦτο</span> <span class='ocrx_word' id='word_1_713' title='bbox 2929 4952 3395 5048; x_wconf 73' lang='grc' dir='ltr'>τερατευσάμενος</span> <span class='ocrx_word' id='word_1_714' title='bbox 3447 4972 3572 5042; x_wconf 78' lang='grc' dir='ltr'>περὶ</span> <span class='ocrx_word' id='word_1_715' title='bbox 3624 4972 3695 5022; x_wconf 64' lang='grc' dir='ltr'>τεῦ</span> 
     </span>
    </p>
   </div>
   <div class='ocr_carea' id='block_1_96' title="bbox 431 5041 3695 5138">
    <p class='ocr_par' dir='ltr' id='par_1_96' title="bbox 431 5041 3695 5138">
     <span class='ocr_line' id='line_1_96' title="bbox 431 5041 3695 5138; baseline 0.012 -46"><span class='ocrx_word' id='word_1_716' title='bbox 431 5041 711 5111; x_wconf 71' lang='grc' dir='ltr'>ἐρεϐίνθου</span> <span class='ocrx_word' id='word_1_717' title='bbox 742 5046 769 5095; x_wconf 86' lang='grc' dir='ltr'>ὁ</span> <span class='ocrx_word' id='word_1_718' title='bbox 800 5044 1151 5113; x_wconf 87' lang='grc' dir='ltr'>συγγραφεὺς</span> <span class='ocrx_word' id='word_1_719' title='bbox 1188 5046 1288 5117; x_wconf 83' lang='grc' dir='ltr'>τῆς</span> <span class='ocrx_word' id='word_1_720' title='bbox 1324 5048 1591 5121; x_wconf 78' lang='grc' dir='ltr'>κεφαλῆς,</span> <span class='ocrx_word' id='word_1_721' title='bbox 1622 5052 1718 5106; x_wconf 78' lang='grc' dir='ltr'>καὶ</span> <span class='ocrx_word' id='word_1_722' title='bbox 1748 5055 1886 5112; x_wconf 79' lang='grc' dir='ltr'>ἄλλα</span> <span class='ocrx_word' id='word_1_723' title='bbox 1922 5059 2092 5129; x_wconf 88' lang='grc' dir='ltr'>μυρία</span> <span class='ocrx_word' id='word_1_724' title='bbox 2121 5066 2249 5136; x_wconf 78' lang='grc' dir='ltr'>περὶ</span> <span class='ocrx_word' id='word_1_725' title='bbox 2283 5041 2455 5137; x_wconf 79' lang='grc' dir='ltr'>αὐτῆς</span> <span class='ocrx_word' id='word_1_726' title='bbox 2483 5041 2611 5132; x_wconf 78' lang='grc' dir='ltr'>ἀξια</span> <span class='ocrx_word' id='word_1_727' title='bbox 2642 5066 2941 5138; x_wconf 82' lang='grc' dir='ltr'>Δαμασκίῳ</span> <span class='ocrx_word' id='word_1_728' title='bbox 3134 5041 3387 5119; x_wconf 84' lang='grc' dir='ltr'>δυσσεϐεῖ</span> <span class='ocrx_word' id='word_1_729' title='bbox 3444 5041 3538 5117; x_wconf 56' lang='grc' dir='ltr'>καί</span> <span class='ocrx_word' id='word_1_730' title='bbox 3587 5055 3695 5128; x_wconf 69' lang='grc' dir='ltr'>γρά·</span> 
     </span>
    </p>
   </div>
   <div class='ocr_carea' id='block_1_97' title="bbox 436 5135 1577 5209">
    <p class='ocr_par' dir='ltr' id='par_1_97' title="bbox 436 5135 1577 5209">
     <span class='ocr_line' id='line_1_97' title="bbox 436 5135 1577 5209; baseline 0.012 -24"><span class='ocrx_word' id='word_1_731' title='bbox 436 5152 557 5204; x_wconf 88' lang='grc' dir='ltr'>φειν</span> <span class='ocrx_word' id='word_1_732' title='bbox 595 5136 690 5187; x_wconf 73' lang='grc' dir='ltr'>καὶ</span> <span class='ocrx_word' id='word_1_733' title='bbox 729 5135 1009 5189; x_wconf 83' lang='grc' dir='ltr'>πιστεύειν</span> <span class='ocrx_word' id='word_1_734' title='bbox 1050 5141 1577 5209; x_wconf 76' lang='grc' dir='ltr'>προστιρατεύεται.</span> 
     </span>
    </p>
   </div>
   <div class='ocr_carea' id='block_1_98' title="bbox 509 5226 2070 5317">
    <p class='ocr_par' dir='ltr' id='par_1_98' title="bbox 509 5226 2027 5313">
     <span class='ocr_line' id='line_1_98' title="bbox 509 5226 2027 5313; baseline 0.014 -35"><span class='ocrx_word' id='word_1_735' title='bbox 509 5226 785 5283; x_wconf 82' lang='lat' dir='ltr'><strong>Salustius</strong></span> <span class='ocrx_word' id='word_1_736' title='bbox 873 5227 1110 5300; x_wconf 81' lang='lat' dir='ltr'><strong>Cynicus</strong></span> <span class='ocrx_word' id='word_1_737' title='bbox 1188 5246 1295 5286; x_wconf 91' lang='lat' dir='ltr'>non</span> <span class='ocrx_word' id='word_1_738' title='bbox 1385 5237 1574 5293; x_wconf 86' lang='lat' dir='ltr'><strong>tritam</strong></span> <span class='ocrx_word' id='word_1_739' title='bbox 1670 5243 2027 5313; x_wconf 70' lang='lat' dir='ltr'><strong>philosophia:</strong></span> 
     </span>
    </p>
   </div>
   <div class='ocr_carea' id='block_1_99' title="bbox 2131 5226 3692 5317">
    <p class='ocr_par' dir='ltr' id='par_1_99' title="bbox 2222 5239 3692 5317">
     <span class='ocr_line' id='line_1_99' title="bbox 2222 5239 3692 5317; baseline -0.003 -19"><span class='ocrx_word' id='word_1_740' title='bbox 2222 5245 2280 5299; x_wconf 82' lang='grc' dir='ltr'>Ὀ</span> <span class='ocrx_word' id='word_1_741' title='bbox 2324 5246 2649 5313; x_wconf 88' lang='grc' dir='ltr'>Σαλούστιος</span> <span class='ocrx_word' id='word_1_742' title='bbox 2704 5247 2938 5313; x_wconf 77' lang='grc' dir='ltr'>κυνίζων</span> <span class='ocrx_word' id='word_1_743' title='bbox 2984 5247 3046 5300; x_wconf 89' lang='grc' dir='ltr'>ού</span> <span class='ocrx_word' id='word_1_744' title='bbox 3099 5246 3199 5317; x_wconf 80' lang='grc' dir='ltr'>τὴν</span> <span class='ocrx_word' id='word_1_745' title='bbox 3247 5242 3554 5314; x_wconf 86' lang='grc' dir='ltr'>εἰθισμένην</span> <span class='ocrx_word' id='word_1_746' title='bbox 3600 5239 3692 5293; x_wconf 73' lang='grc' dir='ltr'>ὁδὸν</span> 
     </span>
    </p>
   </div>
   <div class='ocr_carea' id='block_1_100' title="bbox 1751 5356 2451 5415">
    <p class='ocr_par' dir='ltr' id='par_1_100' title="bbox 1751 5356 2451 5415">
     <span class='ocr_line' id='line_1_100' title="bbox 1751 5356 2451 5415; baseline 0.006 -5"><span class='ocrx_word' id='word_1_747' title='bbox 1751 5356 1989 5413; x_wconf 65' lang='lat' dir='ltr'>VARIIE</span> <span class='ocrx_word' id='word_1_748' title='bbox 2040 5357 2451 5415; x_wconf 70' lang='lat' dir='ltr'>LECTIONES.</span> 
     </span>
    </p>
   </div>
   <div class='ocr_carea' id='block_1_101' title="bbox 506 5435 3686 5522">
    <p class='ocr_par' dir='ltr' id='par_1_101' title="bbox 506 5435 3686 5522">
     <span class='ocr_line' id='line_1_101' title="bbox 506 5435 3686 5522; baseline 0.01 -36"><span class='ocrx_word' id='word_1_749' title='bbox 506 5436 551 5469; x_wconf 77' lang='grc'>³⁷</span> <span class='ocrx_word' id='word_1_750' title='bbox 584 5435 828 5522; x_wconf 49' lang='lat' dir='ltr'><strong>Bagam;</strong></span> <span class='ocrx_word' id='word_1_751' title='bbox 866 5438 930 5491; x_wconf 82' lang='grc' dir='ltr'>Δ.</span> <span class='ocrx_word' id='word_1_752' title='bbox 1010 5437 1052 5470; x_wconf 75' lang='grc'>⁸⁸</span> <span class='ocrx_word' id='word_1_753' title='bbox 1081 5438 1198 5522; x_wconf 46' lang='lat' dir='ltr'><strong>(ita?</strong></span> <span class='ocrx_word' id='word_1_754' title='bbox 1223 5454 1330 5522; x_wconf 78' lang='lat' dir='ltr'>om.</span> <span class='ocrx_word' id='word_1_755' title='bbox 1367 5441 1815 5522; x_wconf 11' lang='lat' dir='ltr'><strong>Snitlas‘vs&#39;ﬂta</strong></span> <span class='ocrx_word' id='word_1_756' title='bbox 1852 5453 2168 5521; x_wconf 84' lang='grc' dir='ltr'>κατεαγότα</span> <span class='ocrx_word' id='word_1_757' title='bbox 2193 5465 2242 5507; x_wconf 89' lang='lat' dir='ltr'>et</span> <span class='ocrx_word' id='word_1_758' title='bbox 2278 5454 2359 5505; x_wconf 80' lang='grc' dir='ltr'>Τὰ</span> <span class='ocrx_word' id='word_1_759' title='bbox 2389 5448 2503 5508; x_wconf 80' lang='grc' dir='ltr'>ὦτα</span> <span class='ocrx_word' id='word_1_760' title='bbox 2533 5455 2627 5507; x_wconf 75' lang='grc' dir='ltr'>ἐπὶ</span> <span class='ocrx_word' id='word_1_761' title='bbox 2664 5454 2772 5510; x_wconf 84' lang='grc' dir='ltr'>τῶν</span> <span class='ocrx_word' id='word_1_762' title='bbox 2811 5454 2997 5522; x_wconf 78' lang='grc' dir='ltr'>ὤμων.</span> <span class='ocrx_word' id='word_1_763' title='bbox 3078 5452 3119 5483; x_wconf 81' lang='grc'>¹⁹</span> <span class='ocrx_word' id='word_1_764' title='bbox 3150 5445 3583 5522; x_wconf 11' lang='grc' dir='ltr'>διακομιξζὸμενρν</span> <span class='ocrx_word' id='word_1_765' title='bbox 3610 5442 3645 5493; x_wconf 72' lang='grc' dir='ltr'><strong>Β</strong></span> <span class='ocrx_word' id='word_1_766' title='bbox 3676 5460 3686 5493; x_wconf 75' lang='grc'><strong><em>³</em></strong></span> 
     </span>
    </p>
   </div>
   <div class='ocr_carea' id='block_1_102' title="bbox 432 5505 3687 5595">
    <p class='ocr_par' dir='ltr' id='par_1_102' title="bbox 432 5505 3687 5595">
     <span class='ocr_line' id='line_1_102' title="bbox 432 5505 3687 5595; baseline 0.004 -34"><span class='ocrx_word' id='word_1_767' title='bbox 432 5505 889 5595; x_wconf 50' lang='grc' dir='ltr'>διακομιςῦξεεθος</span> <span class='ocrx_word' id='word_1_768' title='bbox 925 5526 985 5571; x_wconf 83' lang='grc' dir='ltr'>ς.</span> <span class='ocrx_word' id='word_1_769' title='bbox 1074 5510 1131 5595; x_wconf 42' lang='grc' dir='ltr'>’³ο</span> <span class='ocrx_word' id='word_1_770' title='bbox 1163 5510 1455 5595; x_wconf 42' lang='grc' dir='ltr'>έτέρωνις.</span> <span class='ocrx_word' id='word_1_771' title='bbox 1536 5518 1577 5549; x_wconf 70' lang='grc' dir='ltr'>’ί</span> <span class='ocrx_word' id='word_1_772' title='bbox 1610 5520 1740 5572; x_wconf 73' lang='grc' dir='ltr'>εἴσω</span> <span class='ocrx_word' id='word_1_773' title='bbox 1761 5538 1866 5576; x_wconf 85' lang='lat' dir='ltr'>om.</span> <span class='ocrx_word' id='word_1_774' title='bbox 1909 5525 1969 5576; x_wconf 87' lang='grc' dir='ltr'>Β.</span> <span class='ocrx_word' id='word_1_775' title='bbox 2043 5505 2055 5521; x_wconf 65' lang='grc'><em>’</em></span> <span class='ocrx_word' id='word_1_776' title='bbox 2076 5505 3159 5595; x_wconf 29' lang='grc' dir='ltr'>²¹ἐπέτρεχεννίκοινῶςψτὺνφιλόσοφον⁸</span> <span class='ocrx_word' id='word_1_777' title='bbox 3189 5522 3281 5573; x_wconf 76' lang='grc' dir='ltr'>καὶ</span> <span class='ocrx_word' id='word_1_778' title='bbox 3309 5505 3687 5595; x_wconf 48' lang='grc' dir='ltr'>’γνώριμον</span> 
     </span>
    </p>
   </div>
   <div class='ocr_carea' id='block_1_103' title="bbox 431 5578 3683 5667">
    <p class='ocr_par' dir='ltr' id='par_1_103' title="bbox 431 5578 3683 5667">
     <span class='ocr_line' id='line_1_103' title="bbox 431 5578 3683 5667; baseline 0.002 -39"><span class='ocrx_word' id='word_1_779' title='bbox 431 5578 605 5667; x_wconf 45' lang='grc' dir='ltr'>ξποΔίει</span> <span class='ocrx_word' id='word_1_780' title='bbox 635 5578 783 5663; x_wconf 77' lang='grc' dir='ltr'>αύτῷ</span> <span class='ocrx_word' id='word_1_781' title='bbox 806 5578 1218 5667; x_wconf 53' lang='grc' dir='ltr'>ξὸνυνεανίσκιον</span> <span class='ocrx_word' id='word_1_782' title='bbox 1249 5578 1446 5661; x_wconf 61' lang='lat' dir='ltr'><strong>Suidas</strong></span> <span class='ocrx_word' id='word_1_783' title='bbox 1486 5604 1536 5640; x_wconf 93' lang='lat' dir='ltr'>v.</span> <span class='ocrx_word' id='word_1_784' title='bbox 1592 5592 1922 5655; x_wconf 72' lang='grc' dir='ltr'>’Λπλαστο;.</span> <span class='ocrx_word' id='word_1_785' title='bbox 2001 5595 2047 5625; x_wconf 78' lang='grc'>’³</span> <span class='ocrx_word' id='word_1_786' title='bbox 2079 5593 2210 5667; x_wconf 87' lang='grc' dir='ltr'>τῶν]</span> <span class='ocrx_word' id='word_1_787' title='bbox 2245 5578 2319 5647; x_wconf 59' lang='grc' dir='ltr'>ὢν</span> <span class='ocrx_word' id='word_1_788' title='bbox 2450 5598 2521 5649; x_wconf 84' lang='lat' dir='ltr'>cf.</span> <span class='ocrx_word' id='word_1_789' title='bbox 2562 5578 2756 5649; x_wconf 56' lang='lat' dir='ltr'><strong>Suilins</strong></span> <span class='ocrx_word' id='word_1_790' title='bbox 2795 5612 2847 5649; x_wconf 81' lang='grc' dir='ltr'>ν.</span> <span class='ocrx_word' id='word_1_791' title='bbox 2872 5578 3293 5667; x_wconf 43' lang='grc' dir='ltr'>⁸Ὀιῖκιμοιθήςηρι</span> <span class='ocrx_word' id='word_1_792' title='bbox 3330 5578 3683 5667; x_wconf 46' lang='grc' dir='ltr'>Σουπηριανό..</span> 
     </span>
    </p>
   </div>
   <div class='ocr_carea' id='block_1_104' title="bbox 437 5648 3681 5733">
    <p class='ocr_par' dir='ltr' id='par_1_104' title="bbox 437 5648 3681 5733">
     <span class='ocr_line' id='line_1_104' title="bbox 437 5648 3681 5733; baseline 0.001 -36"><span class='ocrx_word' id='word_1_793' title='bbox 437 5648 484 5733; x_wconf 54' lang='grc'>2</span> <span class='ocrx_word' id='word_1_794' title='bbox 516 5648 844 5733; x_wconf 41' lang='grc' dir='ltr'>ᾼαχάρουςλ</span> <span class='ocrx_word' id='word_1_795' title='bbox 888 5648 1361 5733; x_wconf 56' lang='lat' dir='ltr'><strong>Vid.“atl_lll:trirt_._</strong></span> <span class='ocrx_word' id='word_1_796' title='bbox 1378 5657 1472 5709; x_wconf 80' lang='lat' dir='ltr'><strong>vit.</strong></span> <span class='ocrx_word' id='word_1_797' title='bbox 1506 5658 1681 5733; x_wconf 72' lang='lat' dir='ltr'><strong>Procli</strong></span> <span class='ocrx_word' id='word_1_798' title='bbox 1715 5677 1763 5725; x_wconf 74' lang='grc' dir='ltr'>ι).</span> <span class='ocrx_word' id='word_1_799' title='bbox 1808 5648 1917 5718; x_wconf 10' lang='lat'>89.7</span> <span class='ocrx_word' id='word_1_800' title='bbox 1999 5666 2044 5697; x_wconf 76' lang='grc'>’⁵</span> <span class='ocrx_word' id='word_1_801' title='bbox 2082 5648 2321 5719; x_wconf 67' lang='grc' dir='ltr'>καὶξιιιιί.</span> <span class='ocrx_word' id='word_1_802' title='bbox 2381 5648 2601 5721; x_wconf 62' lang='grc' dir='ltr'>Ᾱ.ιιιοκ</span> <span class='ocrx_word' id='word_1_803' title='bbox 2662 5666 2692 5733; x_wconf 76' lang='grc' dir='ltr'><strong>ἦ</strong></span> <span class='ocrx_word' id='word_1_804' title='bbox 2727 5648 2821 5719; x_wconf 62' lang='grc' dir='ltr'>καὶ</span> <span class='ocrx_word' id='word_1_805' title='bbox 2858 5648 2987 5733; x_wconf 59' lang='grc' dir='ltr'>φύσί</span> <span class='ocrx_word' id='word_1_806' title='bbox 3158 5648 3240 5733; x_wconf 18' lang='grc' dir='ltr'>θη</span> <span class='ocrx_word' id='word_1_807' title='bbox 3272 5648 3605 5733; x_wconf 66' lang='grc' dir='ltr'>ἀγενέστέρον</span> <span class='ocrx_word' id='word_1_808' title='bbox 3630 5654 3681 5704; x_wconf 77' lang='grc' dir='ltr'>Α.</span> 
     </span>
    </p>
   </div>
   <div class='ocr_carea' id='block_1_105' title="bbox 438 5716 3678 5808">
    <p class='ocr_par' dir='ltr' id='par_1_105' title="bbox 438 5716 3678 5808">
     <span class='ocr_line' id='line_1_105' title="bbox 438 5716 3678 5808; baseline 0.008 -45"><span class='ocrx_word' id='word_1_809' title='bbox 438 5716 484 5808; x_wconf 53' lang='grc' dir='ltr'>ξς</span> <span class='ocrx_word' id='word_1_810' title='bbox 803 5716 982 5808; x_wconf 31' lang='lat' dir='ltr'>Flet.</span> <span class='ocrx_word' id='word_1_811' title='bbox 1004 5722 1200 5808; x_wconf 42' lang='lat' dir='ltr'><strong>Suillas</strong></span> <span class='ocrx_word' id='word_1_812' title='bbox 1220 5737 1268 5773; x_wconf 84' lang='grc' dir='ltr'>ν.</span> <span class='ocrx_word' id='word_1_813' title='bbox 1307 5724 1681 5808; x_wconf 73' lang='grc' dir='ltr'>Μητροφὰνης</span> <span class='ocrx_word' id='word_1_814' title='bbox 1706 5716 1947 5808; x_wconf 61' lang='grc' dir='ltr'>ἔκγονος.</span> <span class='ocrx_word' id='word_1_815' title='bbox 2023 5736 2070 5766; x_wconf 81' lang='grc'>²⁸</span> <span class='ocrx_word' id='word_1_816' title='bbox 2089 5716 2266 5808; x_wconf 63' lang='grc' dir='ltr'>Δφηςέλν</span> <span class='ocrx_word' id='word_1_817' title='bbox 2867 5716 3047 5789; x_wconf 77' lang='grc' dir='ltr'>ίδοι</span> <span class='ocrx_word' id='word_1_818' title='bbox 3093 5803 3105 5808; x_wconf 87' lang='lat'><em>_</em></span> <span class='ocrx_word' id='word_1_819' title='bbox 3126 5732 3174 5808; x_wconf 78' lang='lat'>&quot;_</span> <span class='ocrx_word' id='word_1_820' title='bbox 3199 5733 3289 5784; x_wconf 88' lang='grc' dir='ltr'>καί</span> <span class='ocrx_word' id='word_1_821' title='bbox 3384 5748 3418 5808; x_wconf 46' lang='lat'>_:‘</span> <span class='ocrx_word' id='word_1_822' title='bbox 3438 5743 3494 5779; x_wconf 83' lang='grc' dir='ltr'>τε</span> <span class='ocrx_word' id='word_1_823' title='bbox 3521 5716 3678 5808; x_wconf 52' lang='lat'>5395&quot;?-</span> 
     </span>
    </p>
   </div>
   <div class='ocr_carea' id='block_1_106' title="bbox 444 5783 3683 5877">
    <p class='ocr_par' dir='ltr' id='par_1_106' title="bbox 444 5783 3683 5877">
     <span class='ocr_line' id='line_1_106' title="bbox 444 5783 3683 5877; baseline -0.009 0"><span class='ocrx_word' id='word_1_824' title='bbox 444 5783 492 5877; x_wconf 53' lang='grc' dir='ltr'>Ϊι-</span> <span class='ocrx_word' id='word_1_825' title='bbox 529 5783 1032 5877; x_wconf 35' lang='grc' dir='ltr'>ἰῖέαῖᾔγίίένηξιδῖ</span> <span class='ocrx_word' id='word_1_826' title='bbox 1071 5783 1543 5877; x_wconf 52' lang='grc' dir='ltr'>,ξῗυανερχοελέῖδηὲ</span> <span class='ocrx_word' id='word_1_827' title='bbox 1570 5783 1679 5865; x_wconf 79' lang='grc' dir='ltr'>ς’.”</span> <span class='ocrx_word' id='word_1_828' title='bbox 1712 5783 3057 5877; x_wconf 60' lang='grc' dir='ltr'>”“’δέ’ᾠι).οσοῷἇόἱιὲξὶιίἱῐέε</span> <span class='ocrx_word' id='word_1_829' title='bbox 3084 5783 3355 5873; x_wconf 11' lang='grc' dir='ltr'>ὁπὸίροιιὶι</span> <span class='ocrx_word' id='word_1_830' title='bbox 3384 5799 3440 5857; x_wconf 85' lang='grc' dir='ltr'>Β.</span> <span class='ocrx_word' id='word_1_831' title='bbox 3531 5797 3572 5828; x_wconf 78' lang='grc'><strong><em>³⁵</em></strong></span> <span class='ocrx_word' id='word_1_832' title='bbox 3592 5783 3683 5848; x_wconf 54' lang='lat' dir='ltr'><strong>Ka-</strong></span> 
     </span>
    </p>
   </div>
   <div class='ocr_carea' id='block_1_107' title="bbox 443 5853 1313 5925">
    <p class='ocr_par' dir='ltr' id='par_1_107' title="bbox 443 5853 1313 5925">
     <span class='ocr_line' id='line_1_107' title="bbox 443 5853 1313 5925; baseline 0.014 -22"><span class='ocrx_word' id='word_1_833' title='bbox 443 5853 947 5925; x_wconf 49' lang='grc' dir='ltr'>ρίνου1Δωρίνου⁷Β</span> <span class='ocrx_word' id='word_1_834' title='bbox 980 5868 1033 5912; x_wconf 87' lang='lat' dir='ltr'>et</span> <span class='ocrx_word' id='word_1_835' title='bbox 1065 5872 1209 5913; x_wconf 90' lang='lat' dir='ltr'><strong>corr.</strong></span> <span class='ocrx_word' id='word_1_836' title='bbox 1247 5853 1313 5916; x_wconf 68' lang='grc' dir='ltr'>Ᾰξ</span> 
     </span>
    </p>
   </div>
  </div>
