3954 6466
321 448 458 510 1273
1400 452 1882 513 BIBLIOTI—IECJ

2043 453 2206 513 COD.
2242 453 2518 515 CCXLII.
3455 460 3593 524 1274

321 557 619 628 ἐπορεύετο
664 557 765 630 τῆς
813 559 1152 630 φιλοσοφίας,
1181 561 1320 616 ἀλλὰ
1348 562 1447 632 τὴν
1493 565 1882 634 κεχαραγμένη

2042 565 2166 618 riam
2205 567 2399 630 tenuit,
2435 566 2530 620 sed
2561 580 2682 634 quze
2729 565 2995 620 adversus
3054 565 3496 634 reprehensiones
3546 579 3603 627 et

314 652 458 719 πρὸς
509 649 732 720 έλεγχόν
776 668 838 703 τε
886 653 982 706 καὶ
1026 653 1297 724 λοιδορίαν
1329 654 1426 706 καὶ
1457 654 1542 706 τὸν
1573 654 1813 723 μάλιστα
1843 654 1875 708 δ¹

2036 656 2246 710 'isiones
2301 665 2414 710 tuta
2457 665 2539 710 est
2575 657 2863 725 lirmaque,
2896 669 2953 713 et
2981 658 3047 712 ad
3079 658 3321 714 laborem
3357 675 3456 729 pro
3488 665 3597 716 vir-

311 743 481 796 πόνον
516 742 658 813 ὑπὲρ
687 743 910 813 ἀρετῆς.
931 743 1248 800 ’Υπεδέδετο
1275 746 1320 799 δ’
1346 739 1502 808 οὗτος
1529 747 1846 812 σπανιάκις,

2043 757 2133 803 ute
2150 747 2573 815 suspiciendum.
2593 748 2790 802 Rarius
2816 750 3094 817 induebat,
3111 751 3196 805 vel
3223 752 3603 822 ipbicratidas,

322 837 413 896 τὰς
439 833 690 898 Ἀττικὰς
736 837 1078 906 ίφικρατίδας
1123 836 1157 908 ἦ
1211 837 1281 891 τὰ
1328 838 1533 908 συνήθη
1585 839 1883 893 σανδάλια³

2040 837 2102 892 vel
2142 838 2337 893 usitata
2373 838 2613 894 sandalia
2647 835 2964 909 (H).Visus
2981 851 3064 897 est
3084 857 3601 913 corporenunqnain

315 927 752 996 περιδεδεμένος.
781 927 943 1000 [1048
967 928 1059 1001 8.]
1086 929 1368 998 Ἐφαίνετο
1385 931 1431 963 ³⁸
1449 932 1506 985 δὲ
1534 931 1791 984 οὐδέποτε
1814 932 1876 983 ὲπ

2038 929 2112 982 )iu
2145 929 2414 997 inﬁrmus,
2474 946 2574 987 nec
2613 932 2796 989 animo
2835 947 2999 1003 aager.
3045 932 3173 999 Sed,
3217 944 3274 986 ut
3299 935 3402 986 dici
3439 934 3599 1001 solet,

316 1020 570 1072 πλεῖστον
592 1020 784 1089 χρόνον
810 1020 937 1074 οὕτε
969 1023 1270 1092 ἀρρωστῶν
1295 1022 1358 1076 τδ
1387 1023 1548 1095 σῶμα
1571 1021 1696 1076 οὔτε
1726 1022 1877 1076 ταλαί

2042 1031 2199 1075 :recla
2245 1023 2460 1078 cervice
2511 1024 2752 1079 laborem
2802 1026 3041 1087 subibat,
3094 1027 3316 1079 honesta
3366 1021 3498 1078 it'em
3550 1039 3603 1080 et

315 1111 674 1180 πωρούμενος
703 1111 802 1182 τὴν
830 1112 1030 1184 ψυχὴν,
1061 1113 1196 1167 ἀλλὰ
1228 1114 1662 1184 (τὸλεγόμενον)
1699 1113 1876 1182 εὑλόφ‹

2023 1111 2310 1169 laudabilia
2339 1119 2538 1180 studia,
2565 1127 2618 1171 et
2648 1117 2700 1172 id
2733 1132 2906 1188 genus
2932 1118 3033 1170 alia
3069 1118 3287 1172 homine
3321 1119 3497 1187 digna.

314 1203 504 1273 αὐχένι
560 1203 659 1274 τὴν
691 1203 924 1274 ἄσκησιν
974 1206 1230 1275 ὑπέμενε.
1284 1206 1443 1260 Καλὰ
1501 1208 1598 1261 καὶ
1654 1206 1948 1271 ἀξιέπαινα
1977 1205 2374 1278 πολιτεύματα,
2441 1210 2536 1264 καὶ
2592 1210 2693 1263 ὅσα
2755 1210 2981 1264 τοιαῦτα
3041 1209 3600 1280 φιλανθρωπεύματα·

391 1297 515 1369 [557
577 1297 671 1370 H.]
723 1299 785 1351 '0
836 1301 1224 1372 Καρχηδονίων
1253 1301 1510 1372 βασιλεὺς
1548 1301 1916 1372 Γεζέριχος³⁷,

2093 1301 2595 1375 Carthaginiensium
2648 1319 2739 1358 rex
2775 1302 3128 1366 Gezerichus,
3160 1301 3348 1356 audito
3404 1300 3605 1354 [lonia—-

313 1389 557 1453 ἀκούσας
591 1391 669 1454 ὡς
719 1391 769 1443 οἱ
809 1391 1068 1461 Ῥωμαῖοι
1108 1392 1200 1446 τὸν
1247 1393 1535 1464 σύμμαχον
1560 1395 1749 1456 αὐτοῖς
1780 1410 1874 1446 κατ

2038 1408 2138 1470 ιοει
2170 1395 2290 1450 dolo
2331 1406 2385 1450 et
2418 1395 2613 1467 35.26
2655 1407 2852 1466 praeter
2880 1395 3249 1464 juramentum
3282 1432 3298 1458 ,
3370 1393 3599 1447 Marcel-

316 1481 482 1536 αὑτοῦ
512 1482 888 1554 Μαρκελλῖνον
905 1485 951 1516 ³⁸
981 1483 1116 1555 δόλῳ
1144 1485 1240 1539 καὶ
1265 1488 1416 1557 παρὰ
1438 1486 1566 1549 τοὺς
1589 1486 1788 1557 ὅρκους
1816 1487 1877 1540 ἀν

2043 1483 2228 1547 linum,
2251 1485 2347 1554 qui
2379 1496 2568 1539 contra
2599 1500 2659 1539 se
2691 1501 2814 1540 cunt
2851 1486 2932 1540 eis
2977 1486 3326 1555 belligeraret
3397 1485 3604 1540 intere-

315 1574 480 1640 εἷλον,
513 1573 656 1644 ἥσθη
687 1590 748 1626 τε
784 1573 925 1644 ἄγαν
954 1576 1048 1628 ἐπὶ
1080 1577 1201 1640 ταῖς
1247 1577 1430 1630 ἐλπίσι
1469 1580 1570 1648 τῆς
1600 1578 1776 1648 νίκης,
1811 1595 1876 1630 κα

2047 1575 2214 1638 uisse,
2259 1589 2458 1645 magno
2499 1577 2695 1647 gamlio
2719 1577 2894 1632 elatus
2939 1585 3040 1645 est,
3101 1592 3197 1644 spe
3247 1577 3508 1640 victoria»,
3549 1587 3604 1631 et

315 1664 496 1731 ἔδοξεν
526 1663 806 1734 εἰρηκέναι
851 1665 1010 1733 λόγον
1049 1666 1111 1718 οὐ
1159 1667 1513 1738 Καρχηδονίῳ
1556 1669 1876 1738 προσήκοντι

2038 1675 2232 1720 oculus
2279 1677 2364 1721 est
2401 1669 2565 1722 verba
2606 1683 2712 1722 non
2729 1666 3239 1738 Carthagineusem,
3273 1667 3367 1721 sed
3396 1666 3599 1720 Roma-

315 1755 454 1810 ἀλλὰ
485 1758 742 1828 Ῥωμαίῳ
763 1757 999 1827 βασιλεῖ·
1027 1759 1153 1821 τοὺς
1172 1760 1282 1830 γάρ
1302 1777 1383 1813 τοι
1416 1761 1717 1831 Ῥωμαίους
1739 1761 1876 1830 έφατ

2038 1773 2142 1811 uttn
2176 1759 2558 1828 imperatorem
2592 1761 2838 1814 decentia
2883 1777 2898 1815 :
2935 1758 3192 1825 Romani,
3228 1760 3426 1830 inquit,
3461 1760 3599 1812 sini-

313 1853 380 1918 τῇ
417 1851 680 1919 ἀριστερᾷ
712 1849 858 1919 χειρὶ
886 1850 1160 1920 ἀποκόψαι
1207 1852 1306 1922 τὴν
1354 1852 1634 1917 δεξιάν.’0
1657 1853 1712 1906 δὲ
1740 1854 1871 1926 Μαρ

2040 1858 2122 1902 tra
2148 1865 2313 1903 manu
2342 1853 2612 1905 dexteram
2643 1861 3004 1919 amputnrunt.
3074 1849 3416 1905 Marcellinus
3465 1866 3597 1907 vero

313 1937 557 2002 κελλῖνος
609 1939 708 2006 τῆς
754 1940 1053 2009 Δαλμάτων
1073 1941 1116 1974 ⁸9
1167 1937 1236 2012 ἦν
1281 1942 1463 2013 χώρας
1514 1943 1874 1997 αὑτοδέσποτο

2038 1938 2314 2007 )almatiaa,
2331 1941 2416 1994 cui
2436 1957 2559 1994 cuin
2581 1941 2807 2009 imperio
2825 1943 3190 2010 praeerat,dux
3207 1943 3450 2007 erat,sed
3468 1958 3599 2012 gen-

311 2031 561 2100 ήγεμὼν,
587 2029 788 2101 Ἕλλην
816 2008 913 2102 τὴν
927 2031 974 2064 ⁸ο
1017 2008 1200 2098 δόξαν,
1235 2008 1418 2087 Ὅτι-ὁ
1447 2033 1773 2097 Σαλούστιος
1816 2036 1872 2087 είς

2040 2031 2142 2085 ilis.
2170 2030 2438 2086 Salustius
2457 2008 2749 2100 inspiciens
2772 2008 3056 2086 obviorum
3098 2031 3307 2095 oculos,
3338 2008 3601 2102 lprmdixit

310 2121 441 2183 τοὺς
461 2120 570 2174 τῶν
595 2122 1034 2192 ἐντυγχανόντων
1064 2123 1378 2194 ὀφθαλμοὺς
1407 2126 1628 2197 ἀφορῶν
1670 2124 1868 2198 προέλε

2036 2123 2330 2190 'requenter
2347 2122 2575 2190 singulis
2605 2133 2830 2176 mortem
2846 2123 3155 2177 violentam.
3191 2123 3420 2176 Causam
3439 2138 3597 2186 vero,

311 2227 411 2280 γεν
441 2212 700 2266 ἑκάστοτε
731 2212 829 2284 τὴν
879 2213 1026 2286 βίᾳδί
1057 2215 1429 2285 γενησομένην
1454 2217 1671 2286 ἑκάστῳ
1701 2215 1872 2269 τελευι

2042 2231 2105 2268 ua
2154 2224 2282 2269 ante
2323 2224 2690 2284 prainosceret
2721 2256 2737 2281 ,
2769 2232 2836 2271 ne
2887 2217 3002 2286 ipse
3031 2216 3248 2284 quidem
3287 2218 3469 2271 dicere
3507 2231 3603 2284 po-

307 2306 435 2372 τήν.
477 2304 589 2374 Τὴν
626 2303 672 2358 δ’
705 2305 883 2358 αἰτίαν
924 2307 1025 2372 τῆς
1069 2305 1430 2374 προγνώσεως
1455 2306 1565 2359 οὐδ’
1596 2306 1757 2369 αὐτὸς
1783 2302 1868 2376 εἷχ

2037 2317 2173 2371 erat,
2205 2323 2518 2377 quanquam
2545 2309 2910 2379 interrogatus
2932 2313 3289 2378 praetenderet
3319 2309 3598 2362 oculorum

309 2395 542 2466 φράζειν
561 2411 576 2425 ⁸
611 2395 792 2450 καίτοι
819 2398 1078 2468 ἐπειρᾶτο
1096 2397 1142 2430 ⁸³
1162 2397 1515 2469 ἐρωτώμενος
1532 2397 1595 2452 τὸ
1619 2398 1870 2453 σκοτεινὸ·

2038 2398 2386 2453 bscuritatem
2441 2409 2496 2453 et
2536 2399 2806 2467 tenebras,
2845 2409 2900 2454 et
2962 2399 3191 2455 bumore
3229 2399 3414 2468 plenos
3455 2414 3599 2453 esse,

306 2485 422 2538 τῶν
444 2485 738 2556 ὀφθαλμῶν
772 2489 1050 2543 αἰτιᾶσθαι
1077 2489 1171 2542 καὶ
1198 2489 1470 2560 ἁχλυῶδες
1502 2489 1597 2543 καὶ
1634 2491 1867 2560 νοτισμοὶ

2038 2489 2177 2544 ualis
2207 2490 2258 2544 in
2285 2491 2429 2545 luetu
2473 2491 2690 2559 pupillis
2725 2491 2856 2558 ipsis
2883 2491 3165 2546 oculorum
3199 2493 3593 2545 contineretur.

310 2580 533 2649 μεστὸν,
562 2575 674 2632 οἷον
706 2581 799 2634 ἐπὶ
825 2581 1044 2635 πένθεσι
1073 2583 1190 2645 ταῖς
1215 2583 1404 2653 κόραις
1433 2583 1622 2647 αὐταῖς
1651 2583 1871 2654 ἐμφερόι

2036 2583 2066 2635 '.t
2091 2581 2168 2636 ait
2185 2581 2472 2650 quemdam
2509 2579 2765 2635 Uranium
2800 2581 3040 2644 nomine,
3063 2583 3400 2650 Apantenutn
3423 2583 3597 2636 civem

312 2690 498 2742 μενον.
524 2674 634 2726 Καὶ
665 2675 928 2744 Οὐράνιόν
956 2691 1078 2728 τινα
1105 2675 1296 2744 ὄνομα,
1314 2675 1620 2745 Ἀπαμείας
1637 2675 1685 2708 ⁵³
1711 2675 1811 2746 τῆς
1835 2677 1873 2729 ὲ1

2037 2673 2682 2745 tSyria,etdominantem
2703 2675 2962 2728 Caesarea:
2979 2676 3029 2727 in
3048 2673 3356 2738 Palaestina,
3374 2690 3439 2729 ex
3464 2690 3598 2729 ocu-

307 2767 484 2838 Συρία
517 2765 744 2836 πολίτην
773 2767 866 2820 καὶ
907 2768 1148 2838 ἄρξαντα
1180 2767 1519 2838 Καισαρείας
1559 2768 1657 2838 τῆς
1696 2769 1754 2820 ὲν
1784 2769 1867 2820 Πα

2040 2783 2062 2821 s
2095 2781 2257 2822 nosse
2278 2767 2465 2821 eodem
2502 2767 2663 2821 modo
2682 2767 2944 2836 plurimos
2963 2766 3380 2836 praestigiatores
3407 2768 3601 2822 admn‘

305 2854 580 2930 λᾶιστίνῃ,
612 2860 720 2912 ἀπὸ
763 2859 871 2913 τῶν
919 2859 1215 2932 ὀφθαλμῶν
1237 2860 1526 2932 γνωρίζειν
1565 2860 1658 2913 τὸν
1705 2862 1866 2931 ὅμοιο·

2035 2874 2122 2912 um
2146 2858 2511 2913 exsecrandos
2531 2874 2548 2925 ;
2567 2867 2622 2913 et
2647 2861 2936 2927 quemdam
2968 2859 3197 2913 Nomunt
3226 2860 3426 2926 civem,
3461 2860 3591 2914 Sum

303 2951 512 3023 τρόπον
539 2953 665 3015 τοὺς
693 2952 1065 3022 πολυαράτους
1087 2953 1291 3022 γόητάς
1313 2970 1466 3022 φησι.
1496 2952 1608 3006 Καὶ
1635 2953 1817 3022 Νόμον
1836 2951 1864 3004 δ

2037 2962 2212 3015 uctur,
2264 2951 2363 3014 ait,
2399 2965 2465 3004 ex
2495 2951 2611 3006 visu
2639 2949 2924 3005 oculorum
2969 2953 3393 3018 occurrentium,
3427 2953 3598 3006 laten-

304 3061 434 3098 τινα
476 3043 749 3115 τοῦνομα,
785 3045 1012 3116 πολίτην
1039 3045 1191 3111 ἴδιον,
1219 3047 1248 3099 6
1282 3045 1632 3116 συγγραφεὺς
1679 3044 1828 3113 λέγει
1848 3046 1865 3076 ’⁸

2030 3056 2082 3097 es
2101 3042 2401 3097 homicidas
2422 3044 2726 3111 agnovisse.
2747 3042 2984 3099 Isidorus
3006 3056 3060 3097 et
3079 3047 3193 3113 ipse
3222 3045 3591 3115 Asclepiades,

303 3136 422 3191 ἀπὸ
469 3138 570 3208 τῆς
617 3137 760 3192 κατὰ
800 3138 869 3191 τὰ
896 3138 1119 3209 ὄμματα
1156 3138 1264 3191 τῶν
1292 3137 1732 3208 ἐντυγχανόντων
1767 3137 1864 3191 θέα

2038 3150 2128 3188 nm
2164 3135 2507 3205 traiecissent
2536 3151 2686 3191 mare
2701 3135 2945 3208 JEg'eutn
2977 3176 2992 3202 ,
3029 3137 3176 3191 aiunt
3222 3153 3282 3192 se
3307 3139 3503 3194 vidisse
3542 3139 3595 3192 itt

302 3229 438 3289 τοὺς
492 3228 856 3293 λανθάνοντας
902 3230 1285 3297 ἐπιγινώσκειν
1329 3229 1546 3299 φονέας.
1597 3229 1655 3282 '0
1699 3229 1755 3282 δὲ
1804 3229 1863 3282 τὸ

2024 3224 2240 3279 ﬂumine
2265 3223 2384 3280 Nilo
2406 3226 2708 3291 caesariem,
2733 3227 2866 3278 mira
2888 3228 3267 3296 magnitudine
3292 3235 3348 3280 et
3387 3226 3585 3284 forma.

273 3303 532 3386 ίΑξγαϊον
578 3319 1020 3391 διαπεραιωθεὶς,
1070 3323 1098 3374 6
1134 3319 1424 3390 Ἰσίδωρος,
1472 3320 1568 3373 καὶ
1619 3319 1781 3384 αὐτὸς

2032 3320 2212 3373 Statim
2234 3333 2363 3373 vero
2390 3320 2710 3374 comedente
2733 3322 3129 3388 utroquejuxta
3164 3318 3341 3373 Nilum
3382 3321 3593 3390 (aderat

319 3376 757 3481 Ἀσκληπιάδης,
787 3376 1028 3479 ἔφασκεν
1065 3376 1682 3481 ἑωρακέναι-πλόκαμον
1731 3376 1791 3465 ὲν
1829 3411 1880 3478 τί

2032 3421 2070 3466 :t
2086 3412 2276 3466 tertius
2288 3421 2477 3466 noster
2492 3411 2864 3484 philosophus)
2881 3413 3119 3467 accurrit
3130 3429 3158 3466 a
3183 3411 3304 3467 Nilo
3318 3414 3593 3478 caesaries,

303 3500 491 3572 Νείλῳ
520 3499 752 3572 ποταμῷ
772 3501 816 3535 ⁵⁵
843 3502 1122 3572 δαιμόνιον
1147 3502 1206 3554 τὸ
1233 3500 1464 3572 μέγεθος
1485 3501 1576 3555 καὶ
1599 3501 1661 3554 τὸ
1687 3501 1864 3564 κάλλος

2028 3511 2073 3554 ,tt
2121 3502 2428 3566 videbatur,
2458 3503 2698 3570 quinque
2742 3503 3046 3558 cubitorum
3080 3513 3176 3559 :et
3223 3504 3326 3558 alia
3349 3515 3589 3560 monstra

304 3591 479 3657 Αὖθις
521 3593 579 3646 δέ
625 3610 752 3647 ποτε
787 3593 937 3664 παρὰ
963 3593 1040 3663 τῷ
1065 3593 1246 3664 Νείλῳ
1264 3593 1308 3625 ⁸⁸
1338 3594 1689 3663 ἑστιωμένοις
1725 3596 1865 3664 ἀμφι

2022 3592 2398 3649 narratJuxta
2417 3594 2719 3663 Heliopolin
2742 3596 2936 3666 Syrite,
2970 3597 3047 3650 ait
3105 3596 3481 3666 Asclepiadem
3528 3597 3583 3651 in

301 3686 491 3759 τέροις
512 3686 720 3758 (παρῆν
740 3686 796 3740 δὲ
822 3688 886 3740 ὲκ
914 3686 1116 3758 τρίτων
1147 3686 1242 3741 καὶ
1264 3686 1309 3716 ⁸⁷
1339 3689 1367 3740 6
1394 3687 1664 3756 ἡμέτερος
1687 3687 1862 3756 φιλόσε

2033 3699 2245 3741 nomen:
2276 3685 2470 3741 Libani
2507 3689 2839 3754 ascendisse,
2871 3699 2926 3743 et
2954 3689 3153 3743 vidisse
3184 3689 3354 3744 multa
3395 3687 3594 3744 betulia

299 3779 432 3851 (ρος)
462 3779 764 3850 ἀνέδραμεν
794 3778 903 3832 ἀπὸ
945 3779 1042 3832 τοῦ
1070 3777 1316 3849 ποταμοῦ
1351 3777 1634 3849 πλόκαμος
1669 3780 1745 3842 ὡς
1775 3779 1860 3833 ίδεῑ

2033 3779 2090 3833 νει
2121 3777 2337 3842 baetula,
2383 3776 2453 3832 de
2481 3779 2680 3846 quibus
2709 3779 2876 3833 multa
2933 3781 3277 3849 prodigiose,
3324 3781 3594 3850 dignaque

299 3872 682 3943 πεντάπηχυς.
728 3872 834 3926 Καὶ
901 3869 1074 3924 πολλὰ
1131 3869 1356 3923 τοιαῦτα
1413 3869 1678 3940 φάσματα
1731 3871 1854 3938 λέγε

2035 3873 2286 3940 mpioore
2314 3874 2680 3939 prosequitur,
2719 3874 2958 3942 dicitque
2983 3888 3040 3927 se
3075 3885 3130 3926 et
3171 3871 3432 3927 [siderum
3481 3873 3596 3926 [nec

303 3964 434 4020 Ὅτι
458 3965 598 4020 κατά
622 3965 720 4036 τὴν
750 3944 1092 4018 Ἡλιούπολιν
1117 3963 1216 4030 τῆς
1241 3962 1440 4034 Συρίας
1461 3963 1542 4025 είς
1574 3963 1700 4034 ὖρος
1724 3962 1784 4015 τὸ
1807 3981 1864 4016 τυ

2032 3971 2196 4017 tostea
2218 3963 2438 4016 vidisse.
2460 3959 2628 4015 Sacra
2656 3965 2938 4032 progenies
2951 3980 3048 4034 per
3068 3978 3127 4018 se
3146 3964 3281 4018 vixit
3295 3966 3454 4017 vitam
3473 3962 3593 4018 l‘eli-

304 4055 544 4110 Λιϐάνου
579 4055 670 4109 τὸν
697 4053 1102 4125 Ἀσκληπιάδην
1135 4051 1375 4105 ἀνελθεῖν
1421 4068 1590 4121 φησι,
1621 4051 1717 4105 καὶ
1772 4053 1865 4105 ἰδεξ

2032 4071 2126 4109 :em
2161 4063 2210 4107 et
2262 4054 2426 4122 piam,
2453 4053 2882 4124 pltilosophicam
2904 4095 2921 4121 ,
2968 4055 3382 4122 divinarumque
3416 4069 3593 4110 rerum

302 4146 486 4201 πολλὰ
510 4145 621 4199 τῶν
654 4145 965 4214 λεγομένων
1000 4142 1342 4214 βαιτυλίωνδδ
1374 4141 1406 4212 ἢ
1444 4141 1740 4210 βαιτύλων,
1774 4162 1863 4216 περ

1898 4169 1904 4200 ι
2017 4145 2498 4213 investigatriceui,
2535 4159 2726 4200 sancto
2760 4148 2882 4215 igne
2919 4161 3044 4200 aras
3075 4147 3459 4201 accenderunt.

301 4238 388 4299 ὧν
419 4244 589 4314 μυρία
618 4243 966 4314 τερατολογιῐ
990 4244 1115 4308 ἄξια
1143 4245 1395 4316 γλώσσης
1427 4245 1753 4315 ἀσεϐούσης.
1781 4248 1946 4317 Λέγει
2000 4250 2057 4304 δὲ
2108 4247 2203 4301 καὶ
2255 4245 2446 4298 ἑαυτὸν
2517 4245 2614 4298 καὶ
2697 4243 2789 4298 τὸν
2853 4245 3123 4316 Ἰσίδωρον
3200 4247 3372 4301 ταῦτα
3420 4247 3598 4320 χρόνῳ

302 4333 537 4404 ὕστερον
553 4332 950 4388 θεάσασθαι.Ἦ
971 4333 1028 4386 δὲ
1053 4333 1175 4402 ἱερὰ
1201 4335 1361 4402 γενεὰ
1381 4334 1503 4388 καθ’
1520 4336 1717 4406 ἑαυτὴν
1738 4336 1886 4410 διέζη
1930 4340 2045 4410 βίον
2077 4337 2302 4408 θεοφιλῆ
2333 4337 2428 4390 καὶ
2451 4336 2768 4407 εὐδαίμονα,
2803 4336 2895 4391 τόν
2959 4354 3020 4391 τε
3051 4339 3449 4408 φιλοσοφοῦντα
3501 4334 3596 4394 καὶ

299 4428 400 4483 τὸν
422 4427 492 4481 τὰ
513 4427 632 4481 θεῖα
661 4425 1054 4496 θεραπεύοντα.
1095 4426 1372 4481 Ἀνέκαιον
1401 4427 1534 4499 ὁσίῳ
1561 4430 1696 4498 πυρὶ
1720 4431 1844 4494 τοὺς
1887 4432 2124 4505 βωμούς.

384 4523 506 4576 ὀτι
534 4522 635 4592 ήιθ
664 4520 928 4592 πάρδαλις
960 4522 1068 4586 ἀεὶ,
1094 4522 1247 4592 φησι,
1283 4521 1410 4592 διψῇ
1431 4522 1500 4586 ⁵ο,
1541 4523 1569 4575 6
1602 4522 1754 4592 ἱέραξ
1799 4525 1890 4578 οὐ·
1923 4545 1945 4600 ι

2073 4524 2319 4579 Pardalls
2335 4538 2552 4592 semper
2577 4524 2714 4586 sitit,
2739 4523 3000 4591 accipiter
3018 4539 3291 4593 nunquam
3317 4565 3332 4589 ,
3361 4525 3592 4595 ideoque

300 4615 498 4670 δέποτε
521 4632 534 4646 ·
569 4613 649 4668 διὸ
700 4614 990 4678 σπανιάκις
1038 4616 1228 4685 ὁρᾶται
1257 4615 1451 4669 πίνων.
1496 4614 1555 4666 '0
1586 4616 1861 4669 ίπποπότα

2030 4616 2175 4670 arius
2191 4616 2406 4670 videtur
2421 4612 2628 4678 bibere,
2659 4612 3082 4682 Hippopotamus
3106 4611 3217 4683 (15)
3254 4614 3452 4681 injusta
3478 4616 3591 4671 bel-

309 4727 409 4779 μος
459 4707 641 4762 ἄδικον
689 4707 860 4774 ζῶον,
904 4706 1028 4761 ὅθεν
1075 4707 1173 4760 καὶ
1219 4709 1276 4760 ἐν
1328 4709 1444 4770 τοῖς
1493 4707 1866 4778 ίερογλυφικοϊ

2029 4724 2118 4772 ua,
2157 4708 2299 4761 unde
2331 4715 2386 4760 et
2437 4706 2490 4758 in
2544 4705 2974 4776 bierOglyplticis
3007 4707 3118 4775 (l6)
3152 4706 3346 4761 litteris
3393 4711 3589 4762 crude:

304 4801 632 4871 γράμμασιν
673 4798 887 4853 ἀδικίαν
915 4797 1069 4868 δηλοῖ
1089 4814 1104 4828 ο
1136 4797 1229 4851 τὸν
1255 4798 1364 4870 γὰρ
1398 4797 1611 4870 πατέρα
1635 4799 1865 4853 ἀποκτεί

2029 4799 2221 4852 ηἰιιιιριιι
2269 4795 2566 4865 signiﬁcat,
2627 4807 2838 4864 patrem
2892 4805 3072 4859 necat,
3125 4807 3354 4851 matrem
3403 4797 3590 4852 violat.

302 4911 406 4956 νας
436 4893 680 4963 βιάζεται
721 4891 819 4964 τὴν
866 4893 1096 4962 μητέρα.
1140 4891 1198 4944 '0
1235 4891 1428 4962 σοῦχος
1454 4892 1694 4956 δίκαιος·
1728 4893 1862 4962 ὄνομ

2033 4889 2224 4944 inclitis
2246 4902 2379 4942 vero
2394 4885 2575 4954 justus
2593 4895 2698 4952 est,
2731 4887 2873 4955 quod
2899 4901 3092 4942 nomen
3107 4887 3304 4960 353a
3331 4890 3594 4944 crocodili

303 4986 362 5041 δὲ
385 4987 729 5058 κροκοδείλου
754 4987 849 5040 καὶ
878 4981 1015 5050 εἶδος
1036 4987 1064 5039 6
1085 4983 1305 5055 σοῦχος·
1331 4986 1390 5038 οὐ
1418 4986 1526 5058 γὰρ
1554 4987 1733 5040 ἀδικεῖ
1758 4985 1864 5050 ζῶο

2018 4990 2060 5034 at
2089 4979 2303 5048 species
2336 4987 2449 5032 est:
2492 4977 2696 5031 nullunt
2735 4978 2882 5031 enim
2919 4978 3119 5032 animal
3157 4979 3323 5035 laedit.
3370 4979 3579 5034 Duode-

1632 5094 1869 5151 νΑιιιιΕ
1907 5092 2317 5150 LECTIONES.

378 5217 424 5249 ³⁸
452 5215 708 5270 σανδάλια
732 5213 807 5267 B:
837 5212 1073 5266 σάνδαλα
1094 5213 1170 5276 Ac
1191 5227 1312 5281 cum
1342 5211 1508 5264 Suida
1535 5228 1584 5266 v.
1616 5210 1999 5281 Ἰφικρατίδες.
2066 5209 2120 5281 _"
2145 5208 2235 5281 cf.
2260 5208 2457 5281 Suidas
2484 5224 2535 5281 ν.
2563 5208 2839 5281 esteem.
2918 5210 2962 5242 ³⁷
2993 5209 3276 5280 Γιξέριχος
3301 5212 3364 5281 Α.
3445 5209 3493 5242 ³³
3526 5210 3601 5275 «νε»

309 5287 628 5342 Marcellino
657 5286 732 5340 cf.
769 5283 967 5337 Suidas
997 5286 1052 5336 lt.
1083 5298 1135 5336 ν.
1239 5280 1283 5313 ⁵³
1304 5281 1585 5348 δελμάτων
1610 5277 1682 5335 Αξ
1753 5277 1799 5312 ⁸ο
1826 5279 1947 5350 τὴν]
1973 5297 2031 5331 τε
2062 5279 2120 5335 Β.
2160 5278 2240 5350 7“
2268 5277 2381 5350 ﬂigi]
2403 5278 2583 5350 βιαίαν
2604 5279 2671 5332 Α.
2749 5279 2794 5311 ¹⁴²
2831 5277 3158 5348 ὲπεπείρατο
3182 5277 3241 5343 ς.
3267 5349 3276 5350 7
3321 5280 3367 5312 “
3413 5280 3591 5332 Ἀπα-

310 5359 467 5425 μεία;
492 5358 590 5424 τῆς
615 5357 673 5419 Β,
694 5356 947 5425 Ἀπάμας
973 5355 1073 5425 τῆς
1107 5352 1162 5425 Δγ
1179 5369 1192 5405 :
1211 5351 1524 5425 Ἀπανάστη
1554 5369 1616 5425 ς’,
1643 5421 1652 5425 _
1692 5351 1740 5425 "f
1765 5349 1949 5425 λέγειΙ
1976 5349 2220 5425 φησινΒ.
2295 5349 2342 5381 ’⁵⁸
2367 5349 2447 5425 ἐν⁸
2460 5349 2713 5425 τᾼῴνείλῳ
2730 5351 3032 5425 ἑωρακέναι
3056 5349 3287 5425 ποταμῷ
3313 5350 3598 5425 πλόκαμον

307 5419 372 5483 Β.
445 5428 492 5461 ’⁵⁸
525 5419 616 5481 τὸν
637 5419 928 5488 Νεῖλοκπς.
1006 5419 1050 5455 ⁴⁵⁷
1084 5424 1178 5476 καὶ
1197 5432 1252 5477 et
1271 5437 1395 5476 mox
1423 5419 1523 5491 τῆς
1553 5421 1678 5477 add.
1705 5423 1772 5475 A.
1849 5423 1892 5452 ⁸⁸
1925 5419 2242 5489 βαιτουλίων
2267 5436 2329 5484 ς’.
2403 5420 2448 5451 ⁸⁹
2478 5419 2518 5491 ἡ
2538 5423 2662 5475 add.
2689 5425 2753 5477 A.
2807 5419 2879 5452 1°
2903 5423 3034 5492 φησι
3072 5420 3200 5491 διψῇ
3239 5426 3322 5472 A:
3371 5421 3497 5490 διψᾷ
3522 5437 3590 5485 ς,

1847 5536 2081 5592 NOTAE.

381 5660 495 5730 (14)
561 5653 787 5714 ΒοἸιοο
826 5657 1174 5730 calceamenti
1241 5672 1455 5728 genere.
1488 5671 1611 5730 _nos
1660 5669 1726 5710 ex
1749 5653 1895 5710 Julin
2007 5653 2303 5730 larcliusin
2356 5653 2498 5730 (side
2546 5654 3138 5730 ρίοεὶνὶτίείιεειγριῑῑε
3198 5656 3599 5726 impudentiam

303 5725 548 5790 Polluce.
580 5731 808 5798 aliiSque
845 5731 908 5782 ad
943 5728 1116 5783 l’rocli
1138 5725 1652 5798 Cltrcstmnatltiam.
1788 5795 1800 5798 _
2003 5725 2312 5798 signiﬁcare
2335 5727 2428 5788 ait,
2452 5737 2516 5798 get
2549 5727 2817 5798 _Cleutens
2847 5725 3005 5798 ψιλὴ
3040 5725 3300 5782 δινοηιαῐ.

382 5801 494 5870 (l5)
534 5790 984 5869 Hippopotamns.
1012 5798 1088 5854 De
1115 5801 1216 5855 hoc
1254 5797 1498 5870 fluviatili
1535 5811 1676 5863 equo
1705 5795 1890 5870 eadem
2058 5790 2188 5870 :06)
2231 5793 2519 5870 Horapollo
2548 5796 2644 5870 liti.
2679 5813 2714 5858 ι,
2747 5812 2868 5863 cap.
2901 5796 2988 5862 56,
3015 5815 3174 5869 quem
3228 5799 3390 5853 etiam
3455 5813 3596 5854 conv

305 5863 540 5939 Plinius,
581 5863 818 5937 selinus,
851 5879 903 5925 et
923 5872 1242 5926 Ammianus
1263 5867 1626 5934 Marcellinus,
1674 5874 1729 5922 et
1762 5863 1887 5920 Plu-
2003 5866 2121 5921 sule
2137 5867 2202 5921 de
2224 5866 2518 5932 crocou’.'lo,
2544 5867 2729 5934 acturo,
2755 5880 2863 5923 etc.
