3924 6446
495 414 515 478 1
532 419 630 480 277

1517 427 2043 494 BlBLIOTIIECA.
2084 458 2153 468 ·-
2193 436 2356 497 COD.
2390 437 2665 499 CCXLII.

3630 444 3769 507 19.73

492 529 855 601 ΙΙαμπρεπίου
889 532 1022 603 πρὸς
1073 533 1279 602 ταύτην
1330 536 1526 599 αὐτοὺς
1569 539 1917 605 ἐλκύσαντος,
1956 543 2076 597 δια-

2208 550 2397 604 ιεεετίι.
2431 550 2739 621 Pamprepii
2774 565 2946 621 nugas
2981 558 3036 605 et
3067 550 3441 606 inﬁdelitatem
3477 566 3601 621 erga
3634 559 3774 610 utui-

490 623 749 676 τείνεται.
783 622 907 676 Ὅτι
964 625 1329 696 Παμπρεπίου
1393 629 1437 659 ⁶⁸
1484 630 1545 682 τὸ
1603 633 1956 702 τερατολόγον
1994 638 2089 689 καὶ

489 718 853 770 ἀπιστότατον
875 717 1068 787 φίλοις,
1098 722 1193 773 καὶ
1245 722 1336 773 τὸν
1372 722 1549 789 βίαιον
1588 723 1839 788 θάνατον,
1876 730 2086 796 ὁμοίως

494 810 611 871 τοῖς
643 808 825 872 ἄλλοις
852 812 947 861 καὶ
968 811 1129 872 αὐτὸς
1162 813 1370 882 ἱστορεῖ
1391 831 1403 844 ·
1421 809 1489 884 ἦν
1512 815 1557 867 δ’
1592 818 1888 885 Αἰγύπτιος
1909 820 2087 887 γένος,

491 900 693 969 τέχνην
762 903 1144 971 γραμματικὸς
1220 905 1249 957 ὁ
1334 906 1720 977 Παμπρέπιος.
1796 912 1911 965 Οὐκ
1968 914 2085 981 εἰμί

496 992 780 1061 πρόθυμος
830 996 1062 1064 πρᾶγμα
1100 997 1280 1065 λέγειν
1333 1001 1426 1052 καὶ
1486 1000 1680 1069 ἄδηλον
1729 1004 1809 1065 εἰς
1830 1004 2089 1073 ἀλήθειαν

2195 655 2308 707 cos,
2361 642 2766 712 violentamque
2798 653 3050 708 mortem,
3106 647 3294 699 eodem
3336 661 3441 714 quo
3470 646 3558 700 alii
3616 650 3775 702 modo

2194 744 2252 789 et
2288 736 2428 789 idem
2460 737 2683 790 scribit:
2728 736 2828 790 fuit
2877 752 3073 807 genere
3100 736 3415 806 Egyptius,
3454 752 3568 791 arte
3600 755 3777 804 gram-

2197 829 2449 883 maticus.
2513 827 2627 883 Non
2665 844 2782 884 sum
2820 843 3103 898 promptus
3142 833 3207 884 ad
3266 847 3377 885 rem
3424 833 3771 897 narrandam,

2201 919 2359 989 cujus
2424 922 2627 976 incerta
2679 931 2763 976 est
2816 918 3040 986 veritas,
3077 933 3131 975 ει
3162 934 3284 991 apta
3342 925 3407 977 ad
3461 925 3773 977 inimicitias

2197 1009 2570 1065 concitandas.
2640 1010 2970 1080 Relinquens
3008 1013 3173 1082 igitur
3231 1012 3508 1083 Pythium,
3563 1014 3627 1066 ad
3668 1012 3774 1065 llc-

497 1085 593 1174 καὶ
664 1086 959 1154 πρόχειρον
1022 1092 1102 1153 εἰς
1175 1091 1745 1163 φιλαπεχθημοσύνην.
1822 1094 2089 1166 Βούλομαι

2208 1098 2425 1153 uiscum
2493 1103 2689 1155 reverti
2762 1104 2883 1159 volo
2952 1102 3217 1157 Euboeam
3250 1142 3267 1169 ,
3344 1106 3429 1159 cui
3499 1106 3777 1174 proinissre

498 1172 559 1223 δὲ
610 1174 705 1226 κα)⁵
766 1176 925 1242 ἀφεὶς
981 1177 1080 1247 ἤδη
1141 1179 1231 1231 τὸν
1280 1179 1420 1252 [559
1451 1181 1554 1253 1L]
1608 1184 1806 1238 Πύθιον
1851 1187 1942 1239 ἐπὶ
1998 1187 2090 1239 τὸν

2208 1190 2386 1260 :apitis
2417 1206 2585 1247 comae
2631 1194 2682 1247 iu
2732 1193 2990 1250 humeros
3030 1196 3412 1249 demittuntur.

512 1267 803 1336 Ἠραῖστον
839 1271 1159 1325 ἐπανελθεῖν
1191 1273 1285 1327 τὸν
1343 1275 1574 1329 σκὺϐιέα.
1607 1279 1677 1343 ⁸⁸,
1738 1278 1996 1332 ἀνεϐόα⁷⁰
2038 1280 2298 1352 μέγιστον
2352 1284 2495 1339 ὅσον.
2544 1285 2656 1357 Τῆς
2687 1288 2730 1320 ⁷⁸
2759 1288 3001 1357 κεφαλῆς
3029 1289 3084 1340 αἱ
3112 1288 3278 1358 κόμαι
3320 1287 3568 1340 καθεῖντο
3618 1287 3777 1357 μέχρι

498 1364 611 1416 τῶν
642 1362 829 1432 ὡμων.

577 1454 701 1506 Ὅτι
730 1456 974 1519 Φοίνικες
1024 1460 1116 1511 καὶ
1168 1458 1328 1529 Σύροι
1362 1460 1459 1514 τὸν
1487 1462 1698 1534 Κρόνον
1723 1464 1826 1517 Ἢλ
1851 1465 1947 1519 καὶ
1978 1463 2091 1537 Βὴλ

510 1552 607 1602 καὶ
670 1550 1004 1621 Βωλαθὴντ⁸
1068 1554 1516 1626 ἐπονομάζουσιν.
1591 1558 1885 1629 Ἑνέϐησαν
1907 1561 1953 1593 ⁷³
1993 1562 2094 1631 μὲν

501 1644 584 1703 εἰς
612 1644 671 1695 τὸ
704 1644 920 1715 ῥεῖθρον
948 1645 1042 1699 τοῦ
1094 1649 1414 1719 Μαιάνδρου
1460 1652 1819 1722 διανήξασθαι
1845 1655 2093 1724 ποταμοῦ

501 1732 669 1794 αὐτός
696 1750 757 1785 τε
804 1737 895 1786 καὶ
940 1736 969 1788 6
1019 1736 1474 1806 ’Ᾱσκληπιόδοτος
1512 1740 1558 1771 ⁷⁸
1602 1742 1631 1793 6
1661 1742 1828 1795 πάλαι
1858 1743 2096 1811 γεγονὼς

505 1824 854 1892 παιδαγωγὸς
896 1828 1059 1880 αὑτοῦ
1081 1845 1094 1859 ο
1125 1830 1153 1881 6
1187 1829 1244 1881 δὲ
1292 1832 1432 1899 σφᾶς
1460 1833 1517 1886 ἐν
1551 1835 1741 1903 μέσαις
1776 1838 1896 1897 ταῖς
1923 1836 2096 1899 δίναις

504 1915 818 1978 ἀπολαϐὼν,
866 1920 894 1971 6
934 1919 1263 1989 Μαίανδρος,
1316 1922 1682 1994 ὑποϐρυχίους
1716 1926 1909 1987 ἐποίει,
1935 1926 2037 1990 ἕως
2067 1930 2095 1981 6

522 2004 969 2075 Ἀσκληπιόδοτος
1002 2010 1095 2061 ἐπὶ
1134 2011 1333 2081 μικρὸν
1377 2012 1597 2075 ἀναδὺς,
1643 2014 1765 2067 ὅσον
1798 2014 2095 2070 θεάσασθαι

502 2102 599 2153 τὸν
621 2102 791 2170 ἥλιον.
821 2103 1333 2174 ’Λποθνήσκομεν,
1360 2106 1461 2177 ἔφη
1482 2106 1575 2161 καί
1592 2125 1643 2161 τι
1668 2108 1977 2180 προσθεῖναι
2003 2110 2096 2162 καὶ

502 2194 818 2263 ἀπόρρητον
841 2195 1105 2266 ἠδυνήθη.
1144 2198 1277 2250 Τότε
1308 2199 1364 2252 δὲ
1408 2199 1688 2270 ἐξαίφνης,
1717 2201 1812 2254 ἀπ’
1839 2201 2097 2272 οὐδεμιᾶς

503 2285 749 2354 φανερᾶς
800 2286 1172 2355 προμηθείας,
1220 2288 1314 2341 ἐπὶ
1364 2290 1464 2359 τῆς
1526 2289 1692 2360 ὄχθης
1744 2291 1954 2345 ἔκειντο
2000 2292 2093 2345 τοῦ

503 2375 775 2447 ποταμοῦ,
808 2378 1108 2448 ἡμιθνῆτες
1133 2397 1147 2410 ο
1172 2376 1293 2433 εἶτα
1318 2381 1760 2451 ἀνακτησάμενοι
1790 2383 1890 2447 τὰς
1913 2383 2095 2454 ψυχὰς

505 2465 867 2537 ἀνεχώρησαν
895 2468 952 2534 ἐξ
978 2468 1158 2521 αὐτῶν
1193 2469 1300 2523 τῶν
1320 2488 1384 2538 γε
1404 2471 1497 2523 τοῦ
1518 2470 1644 2542 ᾅδου
1665 2474 1758 2543 ῥευ
1768 2474 1971 2541 μάτων.
1992 2473 2097 2527 Οὖ-

500 2575 614 2619 τως
652 2560 832 2612 ἔνθεον
864 2561 1133 2629 ἐκτήσατο
1178 2560 1406 2629 δύναμιν
1445 2563 1473 2615 ὁ
1506 2563 1977 2633 Ἀσκληπιόδοτος,
2004 2566 2096 2617 καὶ

502 2650 680 2703 ταῦτα
715 2651 852 2721 μετὰ
905 2651 1001 2703 τοῦ
1039 2650 1289 2720 σώματος
1310 2650 1390 2704 ἔτι
1427 2651 1521 2706 ὢν.
1575 2653 1905 2715 Ἀπόλλωνος
1926 2653 2096 2717 αὐλάς

502 2739 665 2794 τοῦτο
690 2740 746 2795 δὲ
783 2742 843 2794 τὸ
874 2741 1071 2812 χωρίον
1121 2743 1170 2795 οἰ
1207 2744 1388 2813 Κᾶρες
1428 2743 1708 2800 καλοῦσιν.
1766 2746 1826 2798 Ὀ
1866 2746 2097 2816 Ἀσκλη-

504 2832 752 2896 πιόδοτος
773 2832 955 2886 τοίνυν
988 2833 1099 2887 ἀπὸ
1141 2834 1251 2886 τῶν
1297 2835 1477 2887 αὐλῶν
1502 2837 1578 2898 εἰς
1605 2836 1987 2905 Ἀφροδισιάδα
2013 2837 2094 2891 of-

503 2924 637 2977 καδε
670 2924 1128 2996 ἐπανερχόμενος,
1157 2925 1260 2996 ήδη
1292 2926 1390 2997 μέν
1430 2927 1458 2978 ὁ
1513 2927 1665 2996 ἥλιος
1696 2927 1955 3003 ἐδεδύκει,
1985 2931 2012 2982 6
2040 2928 2097 2981 δὲ

502 3016 849 3088 παραχρῆμα
904 3017 1302 3072 ἀνατέλλουσαν
1366 3018 1630 3073 ἐθεάσατο
1707 3021 1806 3090 τὴν
1865 3022 2096 3092 σελήνην

502 3110 673 3183 [ΙΟὸΞ
705 3109 797 3184 R.]
826 3108 912 3165 οἷα
944 3112 1281 3182 πανσέληνον
1306 3111 1489 3167 οὖσαν.
1525 3112 1716 3166 Καίτοι
1746 3113 1847 3167 οὐκ
1870 3108 1938 3184 ἦν
1973 3115 2031 3167 ἐν
2049 3115 2094 3146 ⁷⁸

2266 1466 2556 1523 Phoenices
2601 1474 2656 1521 et
2691 1465 2813 1536 Syri
2842 1464 3159 1530 Saturnum,
3196 1464 3279 1528 El,
3313 1475 3367 1519 et
3394 1464 3506 1530 Bel,
3540 1474 3592 1519 et
3629 1465 3782 1519 Bola-

2194 1556 2327 1610 tlteu
2390 1554 2692 1609 nominant.
2759 1553 2877 1623 Ipse
2899 1562 2953 1608 et
3005 1554 3418 1623 Asclepiodotus
3479 1554 3605 1608 olim
3663 1554 3783 1623 eius

2199 1647 2464 1718 magister
2530 1646 2597 1700 ad
2670 1644 2964 1699 natandum
3000 1646 3052 1699 iu
3090 1645 3429 1699 Mazandrum
3487 1646 3782 1699 descende-

2200 1747 2343 1793 rant.
2404 1736 2677 1792 Maeander
2727 1745 2985 1804 utrosque
3046 1737 3240 1791 mediis
3292 1737 3593 1791 vorticilius
3649 1737 3785 1789 lian-

2200 1831 2351 1885 riens
2388 1830 2490 1884 sub
2528 1842 2725 1898 aquam
2768 1829 2949 1892 traxit,
2994 1828 3167 1881 donec
3197 1827 3611 1896 Asclepiodotus
3646 1843 3775 1896 pau-

2205 1924 2313 1978 lum
2374 1922 2653 1985 elevatus,
2726 1930 2785 1974 ut
2850 1921 3023 1989 possit
3078 1921 3244 1975 solem
3309 1922 3542 1983 intueri.
3614 1921 3785 1974 Mor."-

2203 2030 2344 2077 mur,
2390 2014 2600 2083 inquit,
2640 2022 2694 2067 et
2724 2012 2928 2082 aliquid
2986 2011 3265 2067 infandum
3324 2014 3523 2067 addere
3588 2014 3783 2082 potuit.

2203 2105 2340 2160 Tum
2396 2120 2525 2160 vero
2578 2114 2819 2174 repente,
2867 2104 3010 2157 nulla
3046 2113 3231 2173 aperta
3273 2104 3518 2159 adhibita
3570 2120 3691 2174 ope,
3730 2106 3784 2158 in

2205 2197 2316 2265 ripa
2352 2196 2590 2250 [luminis
2617 2197 2871 2266 jacebant
2900 2195 3279 2249 semimortui:
3329 2197 3524 2251 deinde
3586 2198 3783 2259 animis

2206 2289 2439 2355 receptis
2469 2302 2499 2341 e
2534 2287 2723 2340 mortis
2766 2285 3023 2341 ﬂuctibus
3083 2286 3297 2340 liberati
3327 2297 3474 2341 sunt.
3526 2288 3674 2341 Adeo
3707 2288 3789 2339 di-

2202 2380 2383 2433 vinam
2437 2379 2693 2435 virtutem
2744 2379 2798 2432 in
2834 2393 2892 2433 se
2959 2377 3399 2447 Asclepiodotus,
3462 2388 3516 2432 et
3564 2379 3785 2447 quidem

2205 2472 2257 2525 in
2287 2486 2514 2540 corpore
2543 2471 2719 2528 adhuc
2750 2472 3041 2533 exsistens,
3069 2470 3407 2524 continebat.
3433 2468 3601 2524 Cares
3636 2471 3785 2524 illam

2204 2564 2478 2633 regionem
2540 2563 2805 2633 Apollinis
2872 2562 3039 2617 Aulas
3070 2562 3147 2634 [id
3190 2572 3291 2627 est,
3334 2562 3521 2634 tibias]
3549 2564 3787 2632 appella-

2204 2656 2352 2711 bant.
2384 2655 2793 2725 Asclepiodotus
2829 2655 2993 2724 igitur
3018 2654 3169 2709 Aulis
3201 2654 3423 2710 domum
3448 2656 3513 2709 ad
3567 2654 3791 2711 Veneris

2203 2751 2416 2814 urbem,
2454 2748 2566 2803 sole
2597 2748 2898 2813 occidente,
2935 2762 3189 2803 reversus
3242 2759 3348 2803 est.
3405 2750 3602 2803 Statim
3662 2764 3791 2802 vero

2205 2839 2385 2893 lunam
2419 2840 2683 2895 orientem
2712 2839 2825 2909 jam
2874 2840 3091 2909 plenam
3141 2841 3297 2903 vidit,
3339 2856 3648 2909 quanquam
3682 2858 3789 2896 non

2204 2942 2349 2985 esset
2393 2932 2444 2984 in
2494 2930 2669 3002 signo,
2700 2932 2842 3001 quod
2872 2930 3067 3003 354a
3097 2948 3127 2985 ε
3161 2933 3428 2986 diametro
3478 2920 3575 2986 suli
3625 2948 3792 2999 oppo-

2205 3024 2307 3077 sita
2358 3032 2497 3079 erat.
2540 3023 2645 3078 Sed
2702 3023 2946 3092 profecto
2975 3035 3027 3077 et
3062 3024 3202 3078 hanc
3251 3025 3537 3092 imaginem
3612 3024 3793 3077 abole-

2206 3116 2301 3180 vit,
2331 3130 2450 3184 qua:
2478 3116 2657 3170 omnia
2691 3116 2869 3171 abolet
2896 3116 3213 3170 necessitas.
3244 3116 3645 3170 Alexandrinus
3669 3128 3790 3170 erat

499 3201 584 3271 τῷ
611 3202 992 3273 διαμετροῦντι
1045 3202 1222 3274 ζωδίῳ
1264 3204 1355 3256 τδν
1429 3202 1603 3272 ἥλιον.
1659 3202 1823 3257 ’Λλλὰ
1869 3205 1934 3275 δὴ
2001 3205 2095 3258 καί¹

2208 3207 2425 3260 natione
2468 3224 2481 3261 :
2526 3207 2701 3275 quoad
2739 3206 2965 3261 fortuna;
3014 3207 3151 3261 bona
3206 3206 3455 3261 obscuris
3510 3218 3667 3261 natus
3698 3222 3794 3275 pa-

500 3294 665 3348 τοῦτο
691 3294 752 3347 τὸ
776 3295 998 3364 ἄγαλμα
1028 3295 1279 3347 καθεῖλεν
1332 3296 1364 3366 ἡ
1407 3295 1584 3349 πάντα
1628 3295 1698 3349 τά
1722 3296 1926 3366 ἀρχαῖα
1947 3295 2083 3350 καθ-

2216 3299 2484 3365 rentibus,
2527 3299 2765 3367 alioquin
2806 3300 2992 3369 probis
3018 3308 3073 3353 ct.
3106 3300 3230 3368 piis.
3288 3362 3294 3373 ἢ

500 3387 700 3451 ελοῦσα
750 3387 986 3456 ἀνάγκη.
1058 3387 1442 3459 Ἀλεξανδρεὺς
1494 3383 1562 3459 ἧν
1624 3388 1684 3441 τὸ
1740 3390 1921 3457 γένος,
1962 3389 2065 3442 οὐκ
2130 3390 2412 3460 ἐπιφανῶν
2470 3392 2672 3460 γονέων
2734 3393 2804 3444 τὰ
2858 3391 2966 3446 ἀπὸ
3004 3391 3103 3460 τῆς
3142 3391 3337 3462 τύχης,
3415 3393 3676 3447 ἐπιεικῶν
3745 3394 3793 3448 δ’

500 3481 681 3545 ἄλλως
714 3481 810 3535 καὶ
850 3480 1035 3550 ἱερῶν.

578 3569 701 3624 Ὅτι
734 3572 864 3641 περὶ
900 3570 1158 3624 Ἰακώϐου
1188 3570 1281 3623 τοῦ
1316 3570 1523 3643 ἰατροῦ,
1554 3570 1613 3635 ὃς
1634 3572 1680 3603 ’⁷⁸
1707 3572 1876 3640 ἐγγὺς
1906 3572 2004 3642 μὲν
2036 3571 2095 3625 τὸ

498 3663 662 3733 γένος
690 3663 1076 3731 ’Δλεξανδρεὺς
1104 3658 1193 3732 ἦν,
1224 3662 1577 3734 πορρώτερον
1617 3663 1661 3715 δ’
1694 3665 1756 3717 ἐκ
1780 3663 2096 3734 Δαμασκοῦ,

502 3756 623 3821 υίὸς
644 3756 687 3808 δ’
722 3754 909 3826 ἰατροῦ
943 3761 995 3825 μ’
1022 3754 1114 3826 ἐτη
1166 3757 1233 3826 τῇ
1264 3755 1432 3827 πείρᾳ
1482 3756 1847 3825 σχολάσαντως
1874 3757 1969 3809 καί¹
2004 3774 2097 3826 μι-

499 3848 643 3920 κροῦ
680 3849 780 3920 τὴν
840 3848 1174 3919 οἰκουμένην
1204 3849 1297 3901 ἐπὶ
1348 3847 1630 3918 γυμνασίᾳ
1676 3849 1769 3921 καὶ
1798 3848 1980 3920 κρίσει
2002 3849 2103 3919 τῆς

499 3942 705 4012 τέχνης
733 3941 1076 4008 ἐπελθόντος,
1110 3940 1169 4004 ὃς
1196 3932 1291 3993 καλ⁵
1342 3940 1434 3993 τὸν
1484 3939 1745 3994 Ἰάκωϐον
1769 3940 1869 4011 τὴν
1913 3942 2101 4010 ίατρι-

500 4034 613 4102 κὴν
642 4035 687 4065 ⁷⁷
720 4034 812 4087 τὸν
840 4034 1006 4087 παῖδα
1035 4034 1127 4086 ἐπὶ
1154 4032 1250 4103 ἔτη
1277 4032 1345 4086 τὰ
1372 4033 1464 4086 ἴσα
1508 4031 1807 4098 ἐδιδάξατο,
1838 4032 1964 4103 περὶ
1992 4031 2074 4084 τοί
2085 4062 2103 4073 -

499 4142 605 4180 νυν
634 4125 787 4179 τοῦδε
818 4126 912 4179 τοῦ
953 4125 1242 4190 Ἰακώϐου,
1295 4123 1484 4195 ὥσπερ
1514 4124 1608 4177 καὶ
1648 4123 1820 4190 ἄλλοι,
1860 4123 2030 4176 πολλὰ
2052 4122 2096 4154 ⁷⁸

499 4218 789 4287 παράδοξα
817 4218 987 4286 λέγει,
1007 4218 1101 4270 καὶ
1140 4217 1215 4279 ob;
1246 4216 1487 4279 ἀκούσας
1522 4217 1755 4283 γυναῖκα
1801 4216 2102 4284 πταρεῖσαν

498 4312 851 4383 ἁθροώτερον
872 4315 1078 4375 πάντας
1110 4310 1407 4366 ἀποϐαλεῖν
1450 4309 1577 4371 τοὺς
1605 4308 1845 4371 ὀδόντας,
1879 4308 1943 4360 ἐκ
1970 4306 2096 4360 τού-

496 4421 602 4459 του
636 4407 797 4475 μόνου
850 4404 944 4458 τοῦ
1004 4403 1415 4473 συμϐεϐηκότος
1460 4403 1702 4454 ἀνειπεῖν
1735 4400 1803 4452 τὰ
1836 4399 1969 4469 περ).
1998 4396 2101 4467 τῆς

497 4500 765 4569 γυναικὸς
788 4497 1025 4562 ἅπαντα,
1064 4493 1203 4558 εἶδός
1242 4513 1299 4547 τε
1352 4496 1446 4548 καὶ
1473 4493 1670 4564 χρῶμα
1707 4491 1957 4562 σώματος
2004 4489 2101 4543 καὶ

2281 3572 2356 3629 [)ε
2422 3571 2625 3627 Jacobo
2685 3570 2897 3626 medico
2928 3570 3040 3639 (qui
3073 3573 3297 3641 prepius
3336 3570 3555 3641 quidem
3596 3588 3796 3642 genere

2210 3664 2610 3720 Alexandrinus
2659 3672 2796 3729 erat,
2836 3662 3048 3732 loogius
3077 3662 3472 3730 Damascenus,
3510 3664 3651 3719 ﬁlius
3680 3680 3796 3719 me-

2209 3756 2339 3819 dici,
2369 3757 2458 3825 qui
2499 3755 2859 3824 quadraginta
2921 3770 3093 3809 annos
3136 3755 3187 3808 in
3218 3756 3555 3823 experientia
3605 3772 3800 3825 posue-

2209 3860 2329 3913 rat,
2362 3859 2417 3903 et
2444 3862 2583 3916 pene
2636 3847 2821 3901 orbem
2875 3857 3143 3901 terrarum
3203 3848 3592 3901 exercitatione
3633 3848 3797 3903 artis—

2210 3955 2315 4010 que
2370 3938 2574 4006 judicio
2628 3940 2887 4009 pervasit,
2937 3940 3027 4009 qui
3067 3948 3123 3995 et
3166 3938 3427 3994 Jacobum
3472 3940 3638 3993 lilium
3678 3955 3796 3994 me-

2212 4034 2385 4087 dicam
2438 4041 2609 4086 artem
2679 4032 2899 4086 totidem
2973 4047 3142 4086 annos
3199 4030 3426 4100 docuit),
3476 4031 3545 4087 de
3597 4030 3800 4086 Jacobo

2214 4126 2398 4194 igitur,
2423 4124 2877 4194 quemadmodum
2920 4132 2975 4177 et
3013 4124 3127 4189 alii,
3164 4124 3431 4178 mirabilia
3467 4125 3617 4186 dicit,
3653 4124 3797 4192 quod

2213 4217 2438 4271 audiens
2462 4216 2747 4270 mulierem
2774 4224 3172 4270 sternutantem
3210 4215 3569 4284 frequentius,
3606 4229 3795 4269 omnes

2212 4308 2458 4361 amiserit
2492 4310 2702 4373 dentes,
2731 4307 2940 4377 hocque
2972 4307 3087 4361 solo
3123 4307 3425 4371 accidente,
3462 4307 3641 4359 omnia
3674 4321 3795 4377 qua:

2212 4398 2277 4451 ad
2310 4396 2586 4450 mulierem
2628 4406 2897 4465 spectant,
2934 4405 2989 4450 et
3018 4395 3246 4450 formam
3284 4397 3633 4464 coloremque
3669 4411 3793 4449 cor-

2202 4494 2375 4560 poris,
2434 4500 2489 4543 et
2548 4489 2993 4558 magnitudinem,
3050 4498 3105 4541 et
3153 4489 3204 4540 iu
3238 4488 3416 4540 anima
3485 4490 3799 4556 quicunque

502 4592 742 4664 μέγεθος
777 4594 871 4645 καὶ
900 4592 997 4660 τῆς
1031 4590 1209 4660 ψυχῆς
1260 4589 1359 4641 ὅσα
1410 4588 1759 4657 φυσικώτερα
1789 4586 1896 4639 τῶν
1929 4584 2095 4654 ἠθῶν.

2210 4592 2417 4635 natum
2467 4596 2649 4635 mores
2684 4580 2855 4648 magis
2894 4580 3267 4643 convenirent,
3321 4581 3641 4633 enuntiarit.
3704 4577 3797 4631 Ja-

501 4688 682 4739 Ὂτιό
713 4685 809 4740 τοῦ
852 4684 1109 4738 Ἰακώϐου
1141 4682 1324 4753 πατὴρ
1356 4682 1493 4750 μετὰ
1526 4680 1622 4752 τὴν
1667 4678 1869 4749 πολλὴν
1900 4678 2000 4747 τῆς
2024 4678 2101 4730 οἰ-

497 4779 783 4849 κουμένης
814 4776 1021 4847 πλάνην
1053 4771 1186 4847 ἦλθε
1248 4775 1340 4828 καὶ
1367 4776 1445 4837 εἰς
1491 4773 1553 4825 τὸ
1600 4772 1912 4836 Βυζάντιον,
1945 4768 2099 4837 φησὶ,

501 4870 756 4933 καὶτοὺς
784 4868 1020 4922 ἐνταῦθα
1069 4866 1369 4920 κατέλαϐεν
1404 4866 1641 4935 ἰατροὺς,
1680 4862 1831 4916 ούδέν
1866 4862 1970 4933 ἄρα
2002 4861 2102 4931 τῆς

499 4962 708 5031 τέχνης
740 4950 1139 5029 ἐπισταμένους
1178 4956 1408 5028 ἀκριϐὲς
1434 4956 1557 5008 οὐδὲ
1584 4956 1932 5025 αὑτόπειρον,
1961 4954 2101 5006 ἀλλὰ

504 5052 620 5108 ἀπὸ
664 5053 758 5106 τῶι
808 5051 1105 5122 ἀλλοτρίων
1142 5049 1518 5119 δοξασμάτων,
1563 5048 1623 5100 οὐ
1665 5046 2095 5118 θεραπεύοντας,

502 5145 648 5199 ἀλλὰ
670 5144 1073 5215 φλυαροῦντας.
1103 5142 1333 5209 (Ἄμφω
1362 5140 1439 5205 δὲ,
1459 5140 1554 5192 καὶ
1578 5140 1606 5192 6
1636 5142 1765 5201 παῖς
1798 5140 1892 5192 καὶ
1920 5140 1948 5191 ό
1972 5140 2096 5206 φὺς,

503 5236 707 5291 ἁσεϐἑε
737 5238 780 5269 ⁷⁵
814 5237 986 5306 ῆστην
1007 5235 1095 5302 ⁸⁸.)
1139 5233 1263 5285 Ὀτι
1316 5231 1554 5302 ἐχρῶντο
1605 5231 1748 5284 κατὰ
1774 5230 1882 5283 τῶν
1926 5231 2100 5282 νόσων

504 5323 658 5382 οὗτοι
690 5328 1011 5398 καθαρσίοις
1032 5325 1246 5388 πολλοῖς
1275 5326 1366 5377 καὶ
1398 5323 1725 5394 βαλανείοις,
1753 5324 2098 5393 χειρουργεῖν

2210 4673 2351 4733 cobi,
2406 4672 2599 4741 inquit,
2640 4681 2792 4739 pater
2816 4682 2938 4739 post
2973 4671 3167 4724 inultos
3221 4686 3315 4739 per
3359 4674 3545 4725 orbein
3582 4688 3799 4728 errores

2208 4763 2524 4833 Byzantium
2552 4764 2720 4827 venit,
2745 4773 2797 4815 et
2832 4763 3068 4816 medicos
3100 4763 3171 4815 ibi
3209 4763 3428 4832 reperit,
3458 4763 3548 4833 qui
3580 4765 3711 4817 nilnil
3742 4765 3798 4820 in

2208 4838 2323 4909 arte
2381 4870 2476 4909 sua
2530 4852 2767 4924 perfecte
2823 4856 3049 4919 scirent,
3112 4870 3211 4909 nec
3269 4856 3367 4923 ipsi
3425 4857 3789 4925 experientia,

2209 4948 2301 5001 sed
2345 4961 2409 5000 ex
2472 4947 2697 5000 aliorum
2748 4947 2993 4999 doctrina
3052 4949 3473 5016 cognovissent:
3556 4965 3659 5001 non
3714 4964 3803 5002 sa-

2214 5050 2427 5103 nanlcs,
2466 5040 2559 5094 sed
2614 5050 2909 5109 litigantes:
2959 5038 3119 5092 ambo
3180 5055 3325 5099 vero,
3367 5051 3520 5108 pater
3562 5052 3616 5093 et
3662 5039 3803 5093 [ilius

2213 5132 2361 5202 impii
2406 5139 2587 5187 erant.
2662 5132 2959 5185 Utebantur
3016 5132 3091 5185 illi
3136 5134 3397 5187 adversus
3435 5134 3652 5186 morbos
3685 5147 3810 5200 pur,

2208 5226 2514 5293 gationibus
2560 5225 2740 5279 multis
2783 5235 2837 5279 et
2877 5226 3101 5280 balneis.
3166 5225 3246 5278 Ad
3281 5228 3642 5294 cliirnrgicam
3697 5225 3802 5279 ler-

2212 5333 2272 5371 ro
2326 5318 2553 5386 ignequc
2613 5331 2717 5371 non
2768 5318 3058 5375 admodum
3102 5326 3261 5371 erant
3303 5317 3559 5386 prompti.
3615 5316 3718 5371 Sed
3750 5324 3806 5370 et

1804 5437 2042 5493 VARI/IS
2079 5431 2483 5489 LECTIONES.

616 5542 661 5573 ⁸³
689 5543 939 5609 Παμπρη
975 5537 1036 5591 τὸ
1091 5534 1470 5609 τερατολόγον]

515 5616 587 5678 Λ,
624 5605 1132 5678 eb'iovLeicltiusp.
1168 5606 1306 5659 XVI.
1365 5608 1430 5678 _"°
1456 5605 1655 5678 ἀνεϐόα
1703 5620 1811 5656 om.

1526 5533 1656 5600 περὶ
1696 5535 1923 5603 Παμπρ.
1974 5534 2116 5603 τότε
2150 5531 2352 5603 ρἄτον
2528 5541 2616 5580 an.
2658 5525 2989 5603 τεράστιονῗ
3027 5596 3040 5603 Δ
3080 5523 3135 5603 ⁶ξ
3184 5524 3411 5603 βύϐρέαῇ
3440 5523 3494 5603 BA
3534 5533 3807 5603 ethcorr.

1998 5603 2039 5633 ⁷¹
2213 5604 2287 5651 A:
2322 5594 2365 5665 ᾧ
2392 5599 2488 5666 τῆς
2520 5614 2577 5660 ς’.
2657 5599 2700 5627 ⁷⁸
2733 5593 2984 5666 βωλαθήν
3016 5596 3078 5655 Α,
3109 5593 3343 5661 βωλαθίν
3377 5597 3432 5655 Β,
3469 5595 3700 5665 βολαθὴν
3730 5601 3805 5655 t2:

517 5666 757 5755 ξόλάθην
819 5698 878 5744 ς’.
898 5666 1479 5755 ’θολάθην-Ημιιιιιξιιςετ.
1510 5676 1844 5755 Μυιιιιιηεηὶι.
1869 5674 1999 5755 l_’un.
2036 5666 2198 5755 p110:
2276 5670 2321 5752 Ἴ
2353 5671 2629 5755 (ξυνέϐησαν
2655 5685 2713 5730 ς.
2795 5666 3369 5755 ⁷λ¹όνᾋσκληπιρόοτος
3401 5667 3724 5755 nullan"
3749 5670 3807 5718 ἐν

511 5736 571 5807 erit
594 5736 725 5806 moi
749 5736 1065 5804 131'adtlmA.
1121 5736 1188 5779 ’⁷⁸
1222 5748 1279 5809 ὃς
1313 5750 1352 5798 Α
1374 5766 1386 5801 :
1408 5749 1528 5799 ὅσον
1549 5764 1609 5809 ς.
1687 5743 1730 5774 ⁷⁷
1755 5742 1850 5810 τὴν
1884 5736 2134 5812 ἰατρικήν
2158 5740 2231 5794 A:
2257 5741 2353 5811 τῆς
2382 5736 2635 5811 ἰατρικῆς
2671 5755 2730 5800 ς,
2798 5737 2997 5791 additis
3022 5738 3119 5807 τὴν
3140 5736 3335 5806 τέχνην
3364 5746 3482 5805 post
3508 5736 3805 5803 ἐδιδάξατο.

540 5824 588 5856 ⁷⁸
619 5821 795 5876 πολλὰ
826 5822 951 5876 add.
990 5823 1054 5874 A.
1134 5819 1179 5851 ⁷⁸
1207 5816 1427 5888 άσεϐἐε]
1452 5816 1597 5871 ᾰϐιοι
1627 5814 1686 5871 Β.
1767 5815 1810 5846 ⁸⁰
1846 5814 2018 5884 ἣσθην
2046 5830 2084 5877 ς
