3924 6442
372 412 512 480 1279

1512 414 1711 474 ΡΗοΤ
1719 412 1775 472 Il
1817 414 2330 474 PATRIARCHJE
2367 416 2476 476 ΟΡ.

3479 424 3594 492 1⁵280

367 531 603 599 pessima
649 527 833 584 ulcera
861 527 1016 582 diaeta
1045 526 1344 597 pellebant,
1370 540 1629 580 venarum
1676 526 1950 580 sectioues

2069 525 2114 579 se
2161 527 2364 596 σιδήρῳ
2393 527 2488 580 καὶ
2515 524 2652 596 πυρί
2679 524 2742 577 οὑ
2795 524 2917 578 λίαν
2946 520 3089 596 ἦσαν
3134 527 3358 598 ἕτοιμοι,
3383 531 3507 587 άλλά
3529 539 3608 594 καὶ

369 621 744 692 repudiabant.
804 621 1008 674 Divites
1061 632 1264 674 sanans
1319 618 1567 673 hortatus
1598 628 1705 682 est,
1739 626 1790 670 ut
1818 631 1957 686 pau-

367 716 589 786 perihus
629 713 1019 783 aegrotantibus
1063 726 1223 783 opem
1277 711 1504 777 ferrent,
1557 719 1613 764 et
1654 709 1745 766 ille
1806 708 1952 763 nulla

372 808 621 861 mercede
661 806 894 867 sanavit,
941 804 1159 874 publico
1188 814 1479 858 contentus
1534 802 1832 855 frumento.
1864 801 1954 854 Ait

369 906 580 958 auctor,
637 897 836 949 vidisse
873 910 932 950 se
970 895 1202 949 Athenis
1239 904 1480 948 statuam
1528 889 1716 946 Jacobi
1771 898 1826 944 et
1870 889 1952 944 vi-

369 1001 483 1037 sam
516 983 684 1038 fuisse
740 986 842 1039 sibi
889 985 1180 1038 admodum
1244 982 1512 1052 ingeniosi
1563 982 1822 1047 hominis,
1868 996 1957 1036 se-

367 1076 507 1137 veri,
569 1086 624 1130 et
677 1078 878 1144 gravis.
946 1074 1047 1130 llic
1106 1074 1346 1130 Jacobus
1409 1074 1645 1129 celebris
1704 1073 1956 1128 Proclum

367 1166 596 1220 Athenis
649 1178 908 1236 aegrotum
965 1182 1187 1232 curans,
1224 1165 1386 1235 jussit
1438 1165 1590 1218 illum
1645 1179 1677 1219 a
1732 1165 1958 1219 crambe

2063 618 2134 672 τά
2163 617 2540 690 μοχθηρότερά
2578 617 2686 671 τῶν
2718 617 2892 672 ἐλκῶν
2943 619 3128 690 διαίτῃ
3173 624 3606 692 κατηγωνιζοντοο

2063 708 2430 779 φλεϐοτομίαν
2473 709 2519 762 δ’
2567 710 2628 763 οὑ
2680 709 2954 778 προσίετο.
3014 709 3272 765 Ἐπειθεν
3322 715 3350 766 6
3391 715 3615 785 Ἰάκωϐος

2062 801 2188 865 τοὺς
2219 801 2508 865 πλουσίους
2538 802 2806 874 ἰατρεύων
2824 803 3039 874 βοηθεῖν
3060 804 3128 876 τῇ
3153 805 3379 880 νοσούσῃ
3401 805 3519 880 ζὸϐθ
3538 810 3616 885 IL]

2063 895 2244 966 πενία,
2274 895 2368 949 καὶ
2403 896 2564 958 αὑτὸς
2595 897 2794 966 προῖκα
2829 896 3069 967 ἰάτρευε,
3107 896 3186 968 τῷ
3211 898 3448 972 δημοσίῳ
3498 903 3620 972 μόνῳ

2061 987 2400 1059 ἀρκούμενος
2431 988 2746 1058 σιτηρεσίῳ.
2794 989 2918 1042 Ὀτι
2959 990 3147 1069 ,φησὶν
3189 991 3219 1044 6
3280 995 3619 1063 συγγραφεὺς,

2067 1075 2222 1132 Εἶδον
2254 1080 2441 1133 εἰκόνα
2473 1079 2568 1132 τοῦ
2610 1077 2873 1132 Ἰακώϐου
2905 1079 3189 1152 Ἀθήνῃσι,
3217 1082 3311 1135 καί
3351 1101 3439 1152 μοι
3467 1084 3621 1152 ἔδοξεν

2063 1171 2093 1222 ὁ
2123 1170 2266 1241 ἀνὴρ
2294 1171 2500 1240 εὐφυὴς
2533 1170 2630 1241 μὲν
2666 1171 2728 1223 οὑ
2778 1173 2924 1225 πάνυ
2955 1167 3116 1238 εἶναι,
3153 1174 3347 1241 σεμνὸς
3387 1175 3443 1226 δὲ
3474 1176 3513 1207 ⁸⁸
3543 1180 3623 1231 καὶ

367 1257 667 1324 abstinere,
701 1259 853 1312 olera
878 1258 1106 1326 plurima
1135 1256 1439 1312 comedere.
1512 1256 1630 1323 Hie,
1683 1271 1834 1311 more
1857 1253 1960 1329 Py-

368 1347 632 1419 thagorae,
693 1350 920 1404 tnalvam
980 1351 1268 1404 comedere
1323 1348 1516 1403 noluit.

2064 1261 2353 1332 ἐμϐριθὴς.
2410 1254 2580 1325 Οὗτος
2630 1261 2687 1316 δὲ
2720 1264 2748 1315 6
2798 1262 3053 1327 Ἰάκωϐος
3120 1263 3346 1334 Πρόκλῳ
3387 1265 3624 1333 νοσοῦντι,

2062 1354 2121 1406 ἐν
2171 1354 2424 1425 Ἀθήναις
2450 1357 2494 1387 ⁸³
2535 1353 2826 1425 διατρίϐων
2853 1356 2948 1408 καὶ
2991 1354 3443 1425 θαυμαζόμενος,
3479 1375 3626 1420 προσ-

368 1440 562 1506 έταξεν
593 1441 893 1513 ἀπέχεσθαι
937 1441 1035 1511 μὲν
1085 1441 1373 1513 κράμϐης,
1409 1438 1774 1512 ἐμφορεῖσθαι
1827 1439 1884 1494 δέ
1911 1441 2022 1496 τῶν
2052 1444 2338 1518 λαχάνωνο
2370 1449 2398 1500 6
2435 1447 2493 1501 δὲ
2529 1448 2672 1501 κατὰ
2699 1447 2789 1500 τὸν
2821 1445 3187 1517 Πυθαγόρειον
3250 1447 3412 1518 νόμον
3448 1448 3492 1480 ⁸³
3546 1451 3629 1506 οὐκ

366 1531 629 1602 ἠνέσχετο
661 1534 910 1604 μαλάχην
935 1535 984 1566 ⁸⁸
1013 1534 1238 1590 ἐσθίειν.

444 1625 864 1694 Asclepiodotus
911 1642 1014 1681 non
1057 1627 1284 1681 omnino
1317 1625 1654 1696 ingeniosus,
1685 1635 1744 1681 ut
1771 1626 1960 1683 multis

2147 1620 2260 1678 Ἦν
2284 1623 2342 1676 δὲ
2395 1623 2424 1677 ό
2491 1622 2942 1696 ’Λσκληπιόδοτος
2987 1625 3088 1695 οὑχ
3126 1625 3418 1697 ὁλόκληρος
3443 1629 3535 1701 τὴν
3555 1629 3606 1683 εὑ

366 1713 680 1772 hominibus
733 1719 908 1772 visum
940 1729 1046 1783 est,
1086 1721 1179 1773 sed
1231 1719 1287 1772 in
1345 1718 1776 1774 dubitationibtts
1827 1735 1960 1776 acu-

2069 1718 2250 1787 φυῖαν,
2275 1718 2352 1782 ὡς
2376 1718 2490 1778 τοῖς
2519 1716 2796 1778 πλείστοις
2841 1717 2986 1783 εδοξε
3019 1717 3125 1771 τῶν
3180 1718 3502 1790 ἀνθρώπων,
3532 1720 3629 1774 ἀλλ’

370 1805 634 1874 tissimus,
667 1810 734 1862 ad
769 1806 1178 1881 intelligendum
1231 1826 1337 1865 non
1374 1812 1513 1867 adeo
1543 1811 1741 1878 solers,
1788 1826 1960 1881 neque

2069 1810 2296 1879 ἀπορεῖν
2332 1807 2432 1878 μὲν
2466 1805 2746 1874 ὀξύτατος,
2785 1809 3024 1860 συνεῖναι
3048 1808 3104 1861 δὲ
3136 1809 3197 1862 οὑ
3238 1809 3363 1863 λίαν
3397 1811 3627 1881 ἀγχίνους

368 1899 486 1968 ipse
517 1902 598 1955 sui
652 1902 868 1968 similis,
915 1905 1152 1973 alioquin
1184 1915 1240 1960 et
1272 1919 1360 1960 res
1394 1904 1643 1969 divinas,
1675 1906 1960 1968 obscuras,

2069 1900 2192 1953 οὑδέ
2219 1897 2381 1962 αὑτὸς
2411 1897 2591 1969 ἐαυτῷ
2635 1899 2842 1968 ὅμοιος,
2897 1899 3139 1953 ἄλλωστε
3167 1902 3264 1955 καὶ
3292 1901 3367 1956 τά
3414 1901 3630 1974 θειότερα

367 2004 424 2048 et
463 1993 658 2066 3446
713 1995 814 2049 sub
863 1995 1277 2064 intelligentiam
1313 1995 1594 2060 cadentes,
1639 2005 1696 2051 et
1735 1996 1960 2051 eximios

2069 1991 2179 2045 τῶν
2210 1990 2576 2060 πραγμάτων,
2598 1989 2700 2042 ὅσα
2731 1989 2917 2060 ἀφανῆ
2941 1993 3035 2044 καὶ
3055 1993 3224 2063 νοητά
3245 1993 3343 2047 καὶ
3369 1994 3468 2062 τῆς
3504 1995 3628 2048 Πλά-

369 2085 492 2139 illos
546 2100 743 2140 sensus
786 2085 1034 2142 Platonis
1086 2087 1426 2156 intelligebat
1477 2103 1492 2141 :
1543 2089 1608 2143 ad
1668 2088 1960 2158 Orphicam

2069 2097 2238 2143 τωνος
2259 2078 2516 2150 ἐξαίρετα
2551 2079 2830 2142 ιδιανοίας.
2867 2079 3012 2150 Πρὸς
3064 2081 3123 2134 δὲ
3161 2081 3258 2152 τὴν
3298 2084 3551 2152 Ὀρφικήν
3581 2101 3632 2137 τε

370 2171 836 2242 Cltaldaicamque
899 2175 1149 2229 altiorem
1201 2175 1598 2245 cognitionem,
1637 2191 1760 2246 quae
1811 2192 1960 2232 com-

2069 2173 2163 2228 καὶ
2189 2172 2502 2243 Χαλδαῖκὴν
2549 2170 2647 2244 τὴν
2699 2170 2747 2202 ⁸⁸
2805 2169 3147 2242 ὑψηλοτέραν
3193 2173 3407 2242 σοφίαν,
3447 2177 3632 2231 καὶτὸν

370 2276 592 2317 munem
651 2263 1091 2333 philosophorum
1163 2275 1382 2334 captum
1447 2268 1758 2336 excederet,
1810 2269 1960 2340 longe

2069 2265 2250 2319 κοινὸν
2302 2263 2623 2332 φιλοσοφίας
2663 2261 2788 2315 νοὺν
2832 2261 3264 2332 ὑπεραίρουσαν,
3327 2264 3409 2318 ἐτι
3459 2266 3631 2335 μᾶλλον

2072 2357 2339 2412 ἐλείπετο.
2369 2355 2513 2428 Πρὸς
2541 2355 2598 2408 δέ
2632 2353 2987 2424 φυσιολογίαν
3013 2355 3121 2408 τῶν
3151 2355 3273 2409 καθ’
3305 2357 3492 2409 ἑαυτὸν
3517 2359 3632 2412 πάν-

2067 2466 2180 2503 των
2213 2444 2284 2519 ἦν
2315 2447 2828 2519 ἐῤῥωμενέστατοςο
2855 2445 3118 2510 ὡσαύτως
3146 2445 3240 2500 καὶ
3262 2447 3321 2500 ἐν
3343 2449 3452 2510 τοῖς
3485 2447 3634 2518 μαθή-

369 2368 494 2408 erat
543 2355 789 2409 inferior.
816 2356 878 2412 ln
915 2359 1161 2428 physicis
1205 2362 1450 2415 omnium
1503 2363 1586 2417 sui
1617 2361 1801 2418 saeculi
1849 2372 1968 2418 erat

369 2449 755 2507 doctissimus:
806 2453 1059 2508 similiter
1086 2463 1141 2508 et
1171 2454 1224 2509 in
1257 2457 1513 2520 mathesi,
1553 2457 1694 2512 unde
1737 2465 1796 2511 et
1827 2471 1967 2527 prte-

370 2549 454 2596 ter
496 2541 602 2595 alia
665 2558 914 2612 magnam
971 2545 1168 2613 ingenii
1197 2547 1426 2618 gloriam
1469 2557 1798 2604 consecutus
1847 2557 1958 2604 est.

367 2633 428 2689 lu
475 2635 665 2691 morali
716 2637 1082 2708 philosophia,
1117 2648 1173 2694 et
1203 2655 1322 2709 quae
1373 2641 1440 2696 de
1498 2641 1795 2696 virtutibus
1856 2651 1960 2707 est,

367 2741 589 2792 semper
630 2742 829 2782 novum
880 2730 1014 2798 quid
1055 2731 1322 2794 invenire,
1351 2741 1405 2786 et
1449 2732 1962 2802 contemplationem

367 2819 439 2872 ad
473 2817 728 2873 inferiora
779 2822 1117 2892 visibiliaque
1173 2825 1392 2880 trahere
1438 2825 1736 2880 conabatur
1781 2825 1965 2881 :nihil

366 2911 614 2978 quidem,
658 2921 718 2965 ut
766 2913 841 2966 ita
896 2915 1106 2984 loquar,
1157 2931 1224 2970 ex
1275 2917 1513 2986 antiquis
1583 2917 1963 2988 intelligentiis

366 3013 617 3066 servans,
674 3002 856 3054 omnia
915 3004 1264 3060 condensans
1302 3015 1356 3060 et
1402 3005 1664 3076 colligens
1695 3007 1749 3061 in
1802 3018 1965 3062 natu-

365 3105 485 3145 ram
546 3093 755 3148 mundi.
825 3093 998 3148 Natus
1043 3099 1110 3149 ad
1173 3098 1437 3152 musicam
1500 3098 1960 3169 Asclepiodotus,

369 3180 710 3250 deperditum
749 3191 926 3238 tamen
976 3185 1373 3240 enarmonicum
1430 3203 1540 3242 non
1581 3192 1756 3259 potuit
1815 3205 1966 3244 revo-

2071 2558 2260 2613 μασιν,
2299 2541 2392 2608 ἀφ’
2430 2533 2504 2595 ὧν
2535 2540 2628 2592 καὶ
2661 2539 2754 2592 ἐπὶ
2789 2539 2861 2593 τὰ
2893 2538 3030 2593 ἄλλα
3057 2537 3119 2591 τὸ
3140 2537 3284 2606 μέγα
3317 2539 3418 2610 τῆς
3450 2539 3634 2609 φύσεως

2068 2633 2423 2704 ἀπηνέγκατο
2447 2632 2629 2696 ακλέος.
2667 2632 2757 2686 Ἐν
2781 2634 2892 2695 τοῖς
2924 2633 3054 2702 περί
3071 2630 3219 2702 ἠθῶν
3239 2630 3296 2684 δὲ
3321 2633 3417 2685 καὶ
3449 2631 3633 2702 ἀρετῶν

2067 2727 2154 2781 ἀεί
2174 2744 2227 2779 τι
2258 2726 2610 2796 καινουργεῖν
2633 2723 2932 2795 ἐπεχείρει,
2971 2725 3064 2778 καὶ
3103 2724 3240 2794 πρὸς
3268 2723 3340 2777 τά
3385 2725 3530 2777 κάτω
3555 2723 3632 2778 καὶ

2067 2818 2137 2870 τά
2170 2817 2216 2849 ⁸⁸
2237 2815 2544 2886 φαινόμενα
2575 2815 2887 2869 συστέλλειν
2912 2817 3011 2886 τὴν
3045 2815 3305 2886 θεωρίαν,
3375 2815 3522 2870 οὑδέν
3549 2815 3631 2884 μὲν

2068 2909 2167 2981 (ὡς
2202 2908 2330 2971 ἔπος
2347 2907 2547 2978 εἰπεῖν)
2603 2907 2714 2963 τῶν
2753 2909 2997 2979 ἀρχαίων
3042 2907 3334 2976 νοημάτων
3383 2909 3634 2961 ἀποικονο-

2079 2996 2372 3072 μούμενος,
2401 3001 2581 3056 πάντα
2610 3000 2666 3053 δὲ
2701 3000 2961 3054 συνωθῶν
2992 3003 3085 3054 καὶ
3113 3002 3371 3070 κατάγων
3398 3003 3474 3064 εἰς
3502 3001 3633 3073 τήνδε

2065 3093 2356 3164 τὴνφύσιν
2427 3092 2525 3164 τὴν
2596 3092 2974 3163 περικόσμιον.
3024 3091 3149 3146 Ὅτι
3221 3092 3633 3163 εὑφυέστατοςό

2079 3187 2534 3260 Ἀσκληπιόδοτος
2565 3188 2695 3259 περί
2725 3187 2990 3258 μουσικὴν
3027 3186 3268 3255 γεγονὼς
3316 3187 3380 3241 τδ
3412 3184 3632 3253 ἐναρμό-

366 3287 517 3338 care,
572 3275 1042 3342 quanquamalia
1086 3278 1191 3333 duo
1243 3289 1442 3334 cantus
1495 3295 1695 3351 genera
1753 3283 1960 3337 rescin-

2069 3299 2200 3335 νιον
2249 3280 2406 3350 γένος
2437 3279 2716 3342 ἀπολωλὸς
2763 3280 2864 3349 οὑχ
2897 3273 3072 3331 οἷόστε
3126 3277 3346 3346 ἐγένετο
3379 3275 3633 3330 ἀνασώσα-

366 3364 522 3417 deret
563 3374 618 3420 et
668 3367 1014 3434 reprimeret,
1055 3370 1288 3425 alterum
1341 3372 1726 3427 chromaticum
1784 3375 1961 3444 appel-

367 3454 562 3524 latum,
601 3457 832 3512 alterum
877 3461 1248 3528 diatonicum;
1279 3463 1619 3536 harmoniam
1648 3473 1828 3518 tamen
1856 3481 1960 3520 non

368 3545 600 3612 invenit,
656 3551 906 3616 quamvis
962 3553 1242 3620 magades,
1303 3565 1365 3609 ut
1404 3555 1566 3622 dixit,
1613 3557 1857 3620 mutarit,
1907 3567 1964 3611 et

366 3643 800 3706 transposuerit,
858 3658 962 3697 non
1017 3646 1197 3700 minus
1253 3661 1417 3714 quam
1466 3647 1658 3716 viginti
1704 3659 1762 3703 et
1802 3649 1957 3703 duas.

364 3726 544 3783 Causa
573 3743 671 3784 cur
703 3747 806 3786 non
862 3733 1148 3801 inveniret,
1207 3736 1322 3790 haec
1374 3747 1500 3792 est:
1531 3737 1809 3791 minimam
1845 3754 1963 3794 m0-

367 3823 708 3878 derationem
773 3827 1211 3883 harmonicarum
1295 3829 1717 3895 dimensionum,
1792 3846 1954 3902 quant

365 3914 541 4006 diesin
591 3915 716 3986 (hoc
752 3928 856 3982 est,
907 3921 1142 3988 pritnutu
1199 3937 1418 3989 sonum,
1474 3924 1567 3993 qui
1612 3925 1666 3978 in
1700 3925 1955 3979 cantibus

367 4007 686 4077 percipitur)
749 4021 966 4076 vocant,
1002 4026 1034 4067 e
1096 4023 1286 4068 nostro
1363 4031 1527 4069 sensu
1588 4015 1844 4084 perdidit,
1903 4025 1960 4072 et

366 4099 534 4154 etiam
598 4100 743 4155 aliud
779 4117 952 4170 genus
1001 4107 1410 4161 enarmonicum
1468 4107 1630 4163 simul
1693 4109 1959 4180 corrupit.

367 4189 783 4258 Asclepiodotus
814 4207 843 4246 a
891 4190 1092 4247 Jacoho
1137 4195 1456 4250 medicinam
1507 4197 1727 4254 discens
1761 4197 1829 4255 ad
1875 4214 1964 4256 ve-

367 4281 588 4350 Stigium
639 4283 787 4336 illum
845 4285 1112 4353 sequitur,
1169 4287 1220 4340 in
1274 4286 1459 4342 multis
1489 4288 1653 4344 etiam
1713 4301 1959 4361 superat.

367 4370 502 4425 Nam
534 4374 797 4427 amissum
826 4375 954 4429 olim
1006 4391 1164 4430 usum
1199 4376 1312 4431 albi
1373 4377 1622 4442 ellebori,
1650 4395 1750 4436 nec
1794 4383 1959 4436 etiam

368 4479 399 4517 a
449 4463 656 4520 Jacobo
714 4467 1086 4534 observatum,
1139 4470 1253 4538 ipse
1305 4472 1608 4538 renovavit,
1647 4481 1702 4527 et
1760 4472 1963 4528 illoin-

369 4558 644 4614 sanabiles
683 4561 904 4616 morbos
964 4554 1226 4616 inusitato
1289 4563 1454 4618 modo
1503 4564 1736 4619 sanavit.
1773 4564 1956 4620 Ascle-

2071 3373 2216 3439 σθαι,
2251 3373 2429 3427 καίτοι
2461 3370 2631 3428 τᾶλλα
2655 3370 2749 3426 δύο
2770 3371 2900 3442 γένη
2922 3369 3244 3440 κατατεμὼν
3273 3371 3374 3423 καὶ
3393 3369 3632 3438 ἀνακρου-

2070 3464 2327 3534 σάμενος,
2387 3463 2448 3517 τό
2496 3479 2558 3517 τε
2619 3461 2996 3532 χρωματικὸν
3031 3457 3438 3530 ὀνομαζόμενον
3472 3459 3555 3512 καὶ
3585 3459 3632 3530 si

2068 3556 2436 3610 διατονικόν.
2472 3555 2545 3608 Τὸ
2582 3555 2639 3609 δὲ
2685 3553 3006 3624 ἐναρμόνιον
3029 3554 3130 3622 οὑχ
3157 3547 3305 3628 εὗρε,
3337 3551 3512 3604 καίτοι
3549 3567 3633 3620 μα-

2069 3650 2262 3718 γάδας,
2324 3649 2401 3712 ὡς
2456 3649 2668 3717 ἔλεγεν,
2742 3645 3058 3712 ὑπαλλάξας
3121 3647 3218 3698 καί
3260 3644 3516 3714 μεταθεὶς
3553 3643 3633 3696 οὑκ

2070 3741 2326 3806 ἐλάττους
2346 3739 2522 3795 εἰκοσι
2569 3739 2666 3794 καὶ
2719 3738 3029 3792 διακοσίων.
3076 3734 3240 3808 [1055
3275 3734 3370 3807 IL]
3404 3731 3634 3789 Αἰτιονδέ

2071 3835 2170 3904 τῆς
2203 3833 2278 3904 μὴ
2316 3833 2593 3904 εὑρέσεως
2645 3831 2707 3884 τὸ
2735 3829 3019 3898 ἐλάχιστον
3051 3827 3250 3898 μέτρον
3283 3827 3398 3880 τῶν
3431 3828 3635 3897 ἐναρμο-

2071 3925 2199 3980 νίων
2221 3923 2630 3994 διαστημάτων,
2665 3922 2801 3993 ὅπερ
2831 3920 2998 3973 δίεσιν
3028 3918 3378 3988 ὀνομάζουσι.
3416 3917 3572 3970 Τοῦτο
3586 3916 3635 3982 δὴ

2071 4016 2353 4082 ἀπολωλὸς
2381 4019 2448 4070 ἐκ
2475 4016 2577 4086 τῆς
2597 4013 2871 4085 ἡμετέρας
2895 4011 3200 4082 αἰσθήσεως
3223 4010 3396 4063 καὶτὸ
3417 4009 3536 4062 ἄλλο
3559 4007 3633 4075 γί-

2070 4129 2160 4175 νος
2195 4112 2258 4165 τδ
2311 4110 2634 4180 ἐναρμόνιον
2682 4105 3105 4178 προσαπώλεσεν
3129 4104 3196 4156 ⁸⁷.
3249 4103 3373 4156 Ὅτι
3425 4099 3634 4167 Ἰακώϐῳ

2068 4205 2140 4260 τὰ
2175 4205 2316 4259 κατὰ
2339 4203 2437 4273 τὴν
2504 4200 2758 4272 ἰατρικὴν
2803 4197 3167 4270 μαθητευθεὶς
3199 4197 3228 4250 ὁ
3269 4192 3635 4264 Ἀσκληπιόδο-

2069 4316 2162 4361 τος
2190 4296 2258 4363 ⁸⁸,
2290 4296 2386 4350 καὶ
2415 4294 2536 4349 κατ’
2573 4294 2693 4364 ἴχνη
2731 4293 2933 4362 βαίνων
2983 4290 3215 4357 ἐκείνου,
3274 4289 3424 4341 ἐστιν
3465 4280 3540 4348 οἷς
3560 4283 3636 4336 καὶ

2071 4387 2534 4461 ὑπερεϐάλετο¹⁸⁹.
2575 4385 2690 4440 Καὶ
2743 4384 2853 4454 γὰρ
2900 4382 2994 4436 καὶ
3026 4380 3122 4435 τοῦ
3149 4379 3347 4434 λευκοῦ
3380 4376 3634 4447 ἐλλεϐόρου

2072 4482 2241 4536 πάλαι
2296 4481 2396 4551 τὴν
2459 4480 2657 4551 χρῆσιν
2707 4477 3052 4532 ἀπολωλυῖαν
3103 4477 3195 4530 καὶ
3236 4475 3359 4545 μηδ’
3419 4471 3635 4537 Ἰακώϐῳ

2073 4569 2448 4625 ἁνασωθεῖσαν
2490 4567 2656 4632 αὐτὸς
2713 4568 3044 4632 ἀνεκαίνισε,
3076 4566 3171 4619 καὶ
3199 4565 3267 4618 δι’
3311 4563 3474 4616 αὑτοῦ
3504 4561 3636 4615 ἀνιά-

370 4649 624 4715 piodotus
677 4652 880 4706 nullum
916 4667 946 4706 e
985 4655 1140 4709 novis
1187 4655 1454 4720 .medicis,
1528 4665 1733 4724 ιιι-αξιοι·
1799 4653 1959 4710 Jaco-

2069 4680 2189 4726 τους
2217 4663 2403 4725 νόσους
2442 4660 2764 4731 παραδόξως
2807 4658 3059 4724 ἐξιάσατο
3083 4660 3151 4714 ⁸⁸.
3204 4658 3327 4711 Ὅτι
3367 4657 3396 4709 ὁ
3432 4654 3636 4719 Ἀσκλη-

371 4738 522 4802 bum,
562 4742 830 4809 probavit,
863 4759 931 4798 ex
963 4746 1203 4815 antiquis
1262 4757 1383 4816 post
1409 4746 1816 4819 Hippocratem,
1851 4749 1951 4806 So-

373 4846 565 4885 ratium
600 4831 843 4900 Cilicem,
881 4835 1164 4892 Maleoten.
1221 4839 1490 4906 Quocirca
1523 4857 1746 4898 uxorem
1803 4858 1959 4898 suam

372 4922 672 4979 Damianen
704 4926 1121 4996 Asclepiodotus
1152 4924 1580 5000 pudicissimam,
1611 4944 1665 4990 et
1693 4935 1838 5006 quod
1867 4951 1960 4991 ra-

371 5031 495 5070 rum
541 5026 647 5084 est,
695 5019 1116 5086 magnanimam,
1169 5021 1457 5092 virilisque
1517 5036 1717 5084 mentis
1765 5029 1818 5082 in
1861 5029 1960 5083 ad-

375 5109 786 5165 ministratione
819 5111 1060 5176 familiae,
1086 5115 1542 5182 quemadmodum
1586 5119 1641 5172 in
1681 5131 1969 5176 consuetu-

2070 4753 2312 4815 πιόδοτος
2333 4750 2439 4803 τῶν
2465 4751 2562 4820 μέν
2579 4749 2860 4818 νεωτέρων
2881 4747 3080 4819 ἰατρῶν
3099 4748 3192 4802 τὸν
3223 4746 3478 4801 Ἰάκωϐον
3500 4745 3635 4815 μόνον

2074 4844 2392 4914 ἀπεδέχετο,
2435 4841 2544 4894 τῶν
2584 4824 2642 4894 δέ
2681 4840 3068 4912 πρεσϐυτέρων
3128 4840 3266 4911 μετὰ
3310 4840 3400 4893 τὸν
3473 4839 3634 4891 Ἰππο-

2069 4937 2279 5010 κράτην
2301 4934 2552 5006 Σωρανὸν
2595 4934 2686 4988 τὸν
2713 4933 2912 4986 Κίλικα
2945 4933 3049 5004 τὸν.
3087 4931 3387 5001 Μαλεώτην
3417 4930 3484 4984 ’⁸.
3528 4925 3634 4978 Τοι-

2079 5031 2272 5100 γάρτοι
2311 5028 2405 5080 καὶ
2435 5024 2764 5079 ἀπετέλεσεν
2796 5027 2824 5078 6
2853 5023 3305 5096 Ἀσκληπιόδοτος
3333 5022 3428 5092 τὴν
3452 5023 3635 5088 Δαμια-

2078 5122 2176 5192 νὴν
2201 5118 2667 5190 αἰδημονεστάτην
2697 5119 2792 5170 καὶ
2810 5117 3119 5188 παράλογον
3142 5117 3186 5148 ⁹¹
3212 5113 3395 5176 οὖσαν,
3418 5113 3510 5183 τὴν
3529 5111 3634 5162 ἐαυ-

374 5201 499 5255 dine
555 5211 764 5257 castam
813 5217 912 5258 nec
951 5204 1345 5274 voluptuariam
1406 5210 1659 5267 reddidit.
1695 5213 1960 5282 Hierapoli

2077 5211 2173 5265 τοῦ
2205 5210 2450 5281 γαμετὴν
2472 5250 2486 5272 ,
2519 5209 2871 5281 ὑψηλόφρονα
2905 5209 3000 5262 καὶ
3022 5206 3372 5278 ἀνδρόϐουλον
3397 5206 3473 5265 εἰς
3507 5202 3631 5254 οἰκο-

373 5297 434 5352 in
491 5294 724 5367 Phrygia
783 5295 1039 5366 templum
1101 5307 1222 5352 erat
1264 5298 1563 5368 Apollinis;
1626 5303 1823 5358 subtus
1854 5303 1968 5372 spi-

2077 5302 2292 5375 νομίαν,
2313 5301 2502 5373 ὥσπερ
2527 5302 2780 5373 σώφρονα
2810 5303 2906 5355 καὶ
2939 5300 3216 5374 ἄθρυπτον
3233 5299 3310 5362 εἰς
3331 5293 3626 5366 συμϐίωσιν.

1677 5435 1916 5492 VAl-{IAQ
1959 5435 2370 5493 LECTIONES.

453 5575 496 5606 ⁸⁸
520 5574 576 5626 δὲ
605 5574 796 5629 om.C.
872 5575 919 5606 δ’
963 5575 1222 5645 ’Λϐήναις
1244 5573 1284 5627 Β
1315 5591 1329 5627 :
1367 5573 1668 5642 Ἀθηναίοις
1685 5593 1747 5639 ς.
1822 5576 1869 5609 ⁸³
1895 5576 2059 5642 νόμον
2099 5592 2206 5630 om.
2229 5567 2326 5630 A.'
2371 5577 2419 5608 ⁸³

2467 5575 2728 5646 μαλαχῶν
2754 5577 2815 5629 Α.
2850 5576 2918 5630 de
2941 5592 2997 5629 re
3017 5575 3089 5628 cf.
3117 5572 3510 5646 Jamhlichqide
3530 5567 3624 5625 vita

379 5643 783 5718 l‘yth:tgor:£_p.
812 5645 1034 5718 linstc-r.
1065 5643 1118 5714 μ.
1152 5645 1241 5718 9i.
1273 5647 1618 5718 ct?pr_otre_pt.
1651 5662 1705 5715 p.
1738 5647 1860 5718 159.
1937 5647 2105 5718 ⁸⁵τὴν
2138 5660 2263 5700 ante
2293 5643 2646 5718 ὑψηλοτέραν
2671 5647 2797 5702 add.
2825 5647 2887 5702 A.
2922 5659 2930 5664 ‘
2963 5647 3104 5718 “flii
3131 5663 3240 5703 om.
3273 5647 3334 5718 ᾼ.
3374 5643 3452 5718 κεῖ
3475 5656 3622 5718 προπ;

379 5707 667 5787 αἱτῴᾉλέσεν
706 5707 1440 5787 όίγυμνάστουί-πρδς-αὑτδ
1493 5707 1814 5787 τῆςνάκοῆς
1876 5707 2353 5787 ἀπολελειμμένης
2390 5707 2587 5771 Sttidas
2633 5734 2684 5771 v.
2711 5718 2909 5771 Διὲσιν.
2986 5717 3032 5749 ⁸⁸
3061 5717 3126 5770 de
3177 5707 3620 5787 Asclepiodulbf‘f-

383 5784 538 5855 sunt.
576 5786 630 5838 ll.
655 5801 707 5855 ν.
783 5785 826 5816 ⁸³
857 5784 1222 5855 ὑπερεϐάλετο
1259 5785 1336 5840 B:
1386 5786 1791 5855 ὑπερεϐάλλετο
1819 5804 1882 5850 ς.
1958 5789 2004 5821 9°
2042 5784 2232 5840 ἰάσατο
2256 5784 2315 5852 gr.

381 5865 441 5905 v.
474 5851 723 5921 Σωρανὺς
805 5851 1069 5921 Ἐφέσιος.

2417 5790 2460 5860 'f
2486 5787 2811 5860 Μαλεώτην]
2844 5788 2952 5843 imo
2980 5788 3282 5856 Μαλλώτην
3337 5780 3454 5838 cum
3479 5780 3621 5836 Sttith

1162 5856 1206 5887 θ’
1249 5855 1591 5927 παράλογον]
1632 5857 1864 5913 fortasse
1899 5856 2183 5927 legendqu
2221 5857 2373 5928 παρᾶ
2399 5857 2576 5926 λόγον.
