3924 6442
426 276 559 341 1281

1424 276 1951 337 BIBLIOTHECA.
1984 299 2056 316 -
2094 276 2257 339 COD.
2295 282 2569 347 CCXLIi.

3576 298 3715 363 1282

433 391 560 442 ’Ὁτι
622 390 680 442 ἐν
745 386 1045 456 Ἱεραπόλει
1119 389 1217 458 τῆς
1254 391 1495 460 Φρυγίας
1556 389 1701 460 ἱερὸν
1733 386 2002 461 ἦν’Λπόλ·

2134 392 2377 448 raculum
2455 408 2577 452 erat
2641 399 2875 458 letltiferi
2952 404 3200 472 Spiritus.
3260 404 3527 473 SpelunCa
3603 414 3721 470 haec

420 480 616 544 λωνος,
652 479 757 533 ὑπὸ
780 480 837 533 δέ
875 480 968 533 τὸν
994 479 1121 534 ναὸν
1154 482 1489 536 καταϐάσιον
1545 482 1803 535 ὑπέκειτο
1857 482 2021 535 θανα-

423 576 618 645 σίμους
649 574 924 635 ἀναπνοὰς
988 574 1388 643 παρεχόμενον.
1442 574 1645 627 Τοῦτον
1696 573 1788 627 τὸν
1829 574 2022 645 βόθρον

418 670 532 722 οὐδ’
574 667 781 722 ἄνωθέν
815 668 963 719 ἐστιν
996 666 1117 738 [561
1153 666 1243 739 ΙΙ.]
1274 667 1557 720 ἀκίνδυνον
1581 668 1703 721 οὐδέ
1731 670 1844 731 τοῖς
1878 686 2018 738 πτη-

418 763 531 824 νοίς
554 760 659 813 τῶν
691 758 846 822 ζώων
879 759 1131 820 διελθεῖν.
1166 760 1280 813 ἀλλ’
1301 762 1400 813 ὅσα
1435 760 1558 814 κατ’
1592 762 1757 813 αὑτὸν
1778 761 2016 829 γίνεται,

417 854 742 910 ἀπόλλυται.
771 854 898 915 Τοῖς
931 853 987 906 δέ
1026 853 1467 923 τετελεσμένοις,
1501 851 1658 920 φησὶ,
1698 852 1929 906 δυνατὸν
1950 848 2019 922 ἧν

416 946 706 1008 κατιόντας
748 944 845 997 καὶ
871 946 949 1007 είς
980 927 1143 999 αὑτὸν
1174 944 1266 997 τὸν
1306 944 1476 1014 μυχὸν
1499 944 1756 1009 ἀϐλαϐῶς
1784 944 2015 1011 διάγειν.

413 1041 585 1108 Λέγει
608 1039 652 1092 δ’
703 1040 732 1091 6
786 1039 1141 1109 συγγραφεὺς
1166 1037 1244 1101 ὡς
1284 1039 1452 1101 αὑτός
1476 1056 1533 1092 τε
1568 1038 1664 1092 καὶ
1697 1039 1883 1109 Δῶρος
1912 1038 1958 1071 ⁹³
1987 1040 2016 1092 6

414 1134 729 1201 φιλόσοφος,
759 1131 867 1185 ὑπὸ
889 1131 1201 1202 προθυμίας
1248 1130 1654 1202 ἐκνικηθέντες,
1700 1130 2015 1201 κατέϐησάν

410 1243 475 1277 τε
503 1225 595 1277 καὶ
625 1223 857 1286 ἀπαθεῖς
885 1223 1073 1276 κακῶν
1104 1222 1402 1294 ἀνέϐησαν.
1446 1223 1611 1291 Λέγει
1642 1224 1686 1276 δ’
1708 1224 1735 1276 6
1765 1240 2011 1293 συγγρα-

410 1318 549 1386 φεὺς
581 1318 664 1371 ὃτι
705 1318 841 1369 Τότε
875 1320 939 1387 τῇ
994 1316 1292 1385 Ἱεραπόλει
1342 1316 1751 1386 ἐγκαθευδήσας
1784 1317 2004 1371 ἐδόκουν

406 1412 543 1482 ὄναρ
577 1412 605 1464 6
665 1412 871 1480 1Ἀττης
916 1408 1192 1479 γενέσθαι,
1224 1408 1317 1463 καί
1344 1427 1435 1479 μοι
1465 1409 1828 1463 ἐπιτελεῖσθαι
1857 1410 2011 1479 παρὰ

406 1505 512 1572 τῆς
551 1505 754 1574 μητρὸς
767 1504 875 1556 τῶν
902 1503 1039 1557 θεῶν
1068 1502 1166 1574 τὴν
1192 1502 1303 1556 τῶν
1328 1503 1558 1573 ἶλαρίων
1582 1503 1936 1573 καλουμένων
1960 1502 2007 1534 ⁸⁵

408 1596 607 1666 ἑορτήν
630 1612 642 1626 ο
677 1597 815 1667 ὅπερ
883 1596 1072 1664 ἐδήλου
1132 1595 1232 1665 τὴν
1262 1595 1321 1660 ἐξ
1360 1596 1487 1667 ᾅδου
1533 1598 1821 1665 γεγονυῖαν
1847 1596 2005 1665 ἡμῶν

411 1687 711 1757 σωτηρίαν.
727 1688 1091 1756 Διηγησάμην
1107 1687 1163 1739 δὲ
1185 1686 1263 1757 τῷ
1292 1687 1754 1758 Ἀσκληπιοδότῳ,
1775 1687 2005 1741 ἐπανελ-

2127 498 2361 555 superne
2394 503 2494 545 nec
2548 493 2738 548 avibus
2783 497 3297 564 prmtervolantibus
3328 502 3445 554 sine
3474 506 3716 572 periculo

2124 587 2234 640 est,
2286 579 2379 632 sed
2428 596 2768 654 quaecunque
2828 588 2951 641 illac
2995 590 3209 653 volant,
3263 595 3587 649 moriuntur.
3643 598 3715 649 At

2124 666 2213 733 iis,
2269 670 2359 737 qui
2411 674 2697 729 sacriﬁciis
2730 688 2855 731 sunt
2904 679 3142 746 initiati,
3175 681 3372 753 345a
3408 683 3564 739 facile
3614 687 3717 740 fuit

2126 760 2357 829 ingredi,
2384 772 2438 816 et
2477 765 2530 818 in
2576 765 2668 819 illa
2710 768 2970 836 spelunca
2997 773 3116 825 sine
3151 773 3254 825 ulla
3311 790 3448 826 noxa
3483 776 3701 841 degere.

2122 847 2311 904 Refert
2364 863 2557 909 auctor
2583 870 2643 910 se
2670 865 2726 910 et
2750 857 2948 911 Dorum
2982 861 3385 930 philosophum,
3416 866 3717 933 cupiditate

2120 950 2307 1009 captos
2372 942 2622 1013 intrasse,
2689 957 2743 1001 et
2803 948 3000 1003 illzesos
3055 965 3303 1019 egressos
3363 970 3503 1011 esse.
3574 957 3715 1012 Dicit

2118 1033 2352 1102 Scriptor
2396 1049 2517 1089 cum
2572 1046 2700 1091 tunc
2766 1037 3043 1110 Hierapoli
3087 1043 3373 1111 dormiret,
3409 1047 3461 1099 in
3503 1050 3716 1105 somnis

2118 1124 2220 1178 sibi
2273 1126 2446 1181 visum
2519 1143 2644 1184 esse
2690 1130 2866 1194 Attin,
2922 1134 3137 1204 sibique
3181 1151 3208 1188 a
3260 1148 3437 1193 matre
3485 1141 3713 1194 deorum

2117 1214 2339 1281 festum,
2383 1220 2526 1286 quod
2569 1220 2768 1275 dicitur
2807 1222 3159 1293 llilariormn,
3193 1230 3529 1296 mandatum,
3566 1233 3713 1300 quod

2116 1306 2392 1364 indicabat
2427 1320 2671 1367 nostram
2732 1319 3207 1373 conservationem
3243 1323 3313 1376 ab
3344 1322 3556 1379 inferis.
3605 1325 3713 1381 Re-

2114 1413 2307 1456 versus
2349 1403 2532 1472 itaque
2573 1406 2623 1458 iu
2674 1405 2903 1464 Veneris
2935 1412 3122 1465 urbem
3161 1416 3375 1466 narravi
3428 1415 3711 1484 Asclepio-

2112 1492 2237 1545 doto
2270 1492 2575 1550 visionem:
2631 1496 2719 1551 ille
2756 1499 2830 1553 rei
2868 1500 3130 1555 miraculo
3159 1505 3459 1573 obstupuit,
3496 1515 3550 1560 et
3576 1507 3711 1562 mihi

2109 1598 2209 1652 pro
2240 1584 2342 1640 hoc
2375 1588 2585 1643 somnio
2612 1605 2717 1642 non
2757 1593 3029 1647 somnium
3061 1596 3322 1658 narravit,
3360 1597 3458 1649 sed
3484 1599 3712 1655 minoris

2110 1674 2185 1728 rei
2218 1678 2585 1733 narrationem
2622 1684 2869 1751 rcpendit
2901 1685 3124 1752 majore.
3157 1685 3302 1741 Dixit
3328 1703 3387 1742 se
3408 1690 3705 1746 etiamnum

408 1778 520 1833 θὼν
582 1780 639 1842 ἐς
694 1778 1103 1850 Ἀφροδισιάδα,
1163 1779 1263 1847 τὴν
1301 1779 1394 1833 τοῦ
1416 1757 1628 1850 ὀνείρου
1672 1779 1816 1848 ὄψιν.
1860 1779 1918 1831 '0
1942 1778 2000 1832 δέ

2109 1763 2355 1833 iuvenem
2392 1768 2445 1821 in
2472 1768 2609 1825 hanc
2645 1774 2917 1841 regionem
2948 1776 3183 1840 venisse,
3217 1784 3271 1831 et
3300 1788 3547 1834 naturam
3588 1781 3705 1848 eius

406 1872 692 1943 ἐθαύμασέ
744 1891 803 1925 τε
826 1873 871 1905 ³⁸
896 1872 958 1925 τὸ
1004 1872 1374 1943 συμϐεϐηκὸς,
1420 1873 1513 1927 καὶ
1560 1873 1860 1943 διηγήσατο
1900 1873 2002 1926 οὐκ

405 1964 543 2033 ὄναρ
572 1964 693 2016 ἀντὶ
717 1963 1020 2034 ὀνείρατος,
1074 1963 1211 2017 ἀλλά
1255 1963 1442 2032 θαῦμα
1471 1964 1658 2035 μεῖζον
1695 1964 1816 2017 ἀντὶ
1842 1964 2001 2018 ἐλάτ-

401 2073 579 2119 τονος.
620 2055 902 2127 Νεώτερος
961 2057 1071 2127 γὰρ
1126 2056 1315 2125 ἔλεγεν
1367 2059 1448 2120 είς
1498 2056 1559 2110 τὺ
1594 2056 1796 2126 χωρίον
1824 2055 2001 2110 ἐλθεῖν

402 2146 585 2215 τοῦτο,
639 2148 733 2203 καὶ
782 2147 1233 2219 ἀποπειραθῆναι
1301 2146 1468 2202 αὐτοῦ
1505 2147 1606 2216 τῆς
1636 2149 1873 2215 φύσεως.
1908 2146 2002 2211 Ai;

402 2236 500 2293 οὖν
534 2238 625 2293 καὶ
680 2239 800 2309 τρὶς
854 2238 1165 2306 ἐπιπτύξας
1193 2240 1256 2293 τὸ
1301 2237 1517 2309 ἱμάτιον
1541 2238 1670 2308 περὶ
1699 2237 1799 2301 τάς
1824 2240 1999 2308 ῥῖνας,

403 2331 517 2398 ἴνα,
551 2332 653 2386 κᾶν
673 2333 917 2405 ἀναπνέῃ
956 2332 1242 2397 πολλάκις,
1267 2331 1342 2402 μὴ
1372 2330 1464 2384 τὸν
1491 2329 1888 2401 διεφθαρμένον
1907 2330 2003 2383 καὶ

402 2421 739 2493 λυμαντικδν
768 2424 907 2493 ἀέρα
976 2424 1023 2456 ⁸⁸
1078 2425 1317 2494 ἀναπνῇ,
1360 2421 1498 2476 ἀλλά
1550 2422 1645 2475 τὸν
1682 2421 1872 2491 ἀπαθῆ
1906 2421 2002 2475 καὶ

404 2515 699 2583 σωτήριον,
724 2513 783 2566 ὃν
820 2513 1022 2579 ἔξωθεν
1064 2515 1329 2585 εἰσήγαγε
1352 2512 1667 2584 περιλαϐὼν
1693 2515 1752 2566 ἐν
1767 2512 1846 2583 τῷ
1874 2513 2002 2584 ίμαο

400 2603 530 2674 τίῳ,
554 2603 696 2657 οὕτω
713 2605 928 2675 πράξας
960 2606 1135 2677 εἰσῄει
1156 2623 1215 2659 τε
1241 2606 1299 2659 ἐν
1318 2607 1385 2677 τῇ
1408 2604 1723 2669 καταδύσει,
1744 2608 1809 2676 τῇ
1833 2608 1997 2677 ἐκροῇ

402 2694 519 2748 τῶν
554 2694 774 2768 θερμῶν
801 2697 1009 2751 ὑδάτων
1040 2697 1451 2761 ἐπακολουθῶν,
1500 2698 1595 2751 ἐπὶ
1616 2697 1871 2751 πλεῖστον
1898 2696 1995 2751 τοῦ

403 2786 615 2840 ἀϐάτου
654 2788 850 2858 μυχοῦ,
905 2790 967 2841 οὐ
1004 2790 1113 2859 μὴν
1141 2790 1219 2852 είς
1239 2788 1395 2851 τέλος
1444 2787 1673 2857 ἀφίκετο
1695 2785 1799 2856 τῆς
1826 2803 1999 2840 κατα-

403 2879 622 2943 ϐάσεως
641 2896 654 2909 '
711 2883 745 2951 ἡ
790 2883 900 2952 γὰρ
930 2881 1134 2945 εἴσοδος
1185 2880 1501 2953 ἀπερρώγει
1528 2882 1574 2913 ⁸⁸⁷
1596 2880 1732 2951 πρὸς
1757 2879 1920 2951 βάθος
1951 2880 1997 2913 ⁸⁸

399 2972 507 3043 ἤδη
541 2973 677 3026 πολὺ
716 2974 824 3027 τῶν
846 2975 1077 3039 ὑδάτων,
1106 2974 1203 3028 καὶ
1251 2972 1528 3045 ἀνθρώπῳ
1552 2989 1617 3041 γε
1650 2973 1712 3026 οὗ
1745 2970 2002 3026 διαϐατὸν

398 3059 497 3135 ἦν,
526 3064 643 3120 ἀλλ’
663 3067 691 3119 ὁ
721 3066 1060 3137 καταιϐάτης
1088 3067 1133 3099 ³⁵
1153 3065 1449 3119 ἐνθουσιῶν
1468 3065 1695 3136 ἐφέρετο
1716 3065 1879 3137 μέχρι
1904 3063 1998 3117 τοῦ

401 3157 668 3230 πέρατος.
706 3160 764 3212 '0
798 3160 983 3231 μέντοι
1028 3157 1485 3229 Ἀσκληπιόδοτος
1544 3156 1756 3209 ἐκεῖθεν
1802 3156 2001 3227 ἀνῆλθε

404 3251 572 3323 σοφίᾳ
612 3253 681 3321 τῇ
730 3251 897 3304 αὐτοῦ
957 3249 1148 3305 κακῶν
1210 3246 1638 3319 ἀπαθής.⁹Δλλά
1684 3247 1780 3301 καὶ
1834 3247 2003 3319 πνοὴν

402 3341 805 3413 παραπλησίαν
833 3341 1063 3412 ὕστερον
1093 3343 1162 3411 τῇ
1192 3340 1482 3410 θανασίμῳ
1511 3340 1576 3392 ἐκ
1611 3337 1885 3408 διαφόρων
1926 3338 2003 3391 εί-

340 3492 352 3497 ,
399 3433 513 3488 δῶν
566 3434 1122 3503 κατασκευασάμενος
1177 3433 1584 3504 ἐμηχανήσατο.
1644 3430 1830 3500 Χωρὶς
1880 3429 1897 3461 ³
1932 3427 2006 3485 τὰ

404 3523 714 3594 φιλοσόφων
751 3526 845 3578 καὶ
878 3524 947 3577 τὰ
973 3524 1080 3577 τῶν
1120 3523 1314 3594 ἱερέων
1342 3523 1635 3594 ὁρίσματα,
1659 3521 1813 3575 οὐδὲν
1838 3514 2001 3592 ἦττον

400 3615 438 3687 ἢ
467 3615 537 3670 τὰ
565 3616 836 3686 λεγόμενα
886 3616 1090 3669 Μυσῶν
1141 3615 1240 3669 καὶ
1283 3614 1532 3686 Φρυγῶν.
1590 3612 1734 3667 Ἀλλ’
1780 3614 1932 3683 ὅμως
1971 3616 2000 3667 6

404 3708 705 3780 Πατρίκιος
733 3708 1024 3779 ἐτόλμησε,
1055 3725 1130 3761 πα
1139 3708 1209 3779 ρά
1230 3708 1393 3777 νόμον
1410 3707 1503 3759 τὸν
1532 3706 1873 3775 φιλοσοφίας,
1906 3705 1999 3758 ἐπὶ

398 3799 576 3854 ταῦτα
591 3800 765 3871 ρυείς.
783 3800 846 3852 Ἠ
861 3800 917 3853 δὲ
934 3799 1058 3871 ἔφη,
1078 3798 1221 3868 Ἐγὼ
1233 3798 1457 3870 χωρῖτίς
1472 3800 1588 3869 ειμι
1608 3798 1702 3851 καὶ
1715 3797 1994 3869 ἄγροικος.

401 3891 565 3944 Ἀλλά
585 3892 878 3954 διαναστὰς
908 3892 1017 3945 ἀπὸ
1048 3890 1142 3944 τοῦ
1175 3889 1346 3944 ὕπνου
1367 3889 1464 3943 καὶ
1496 3890 1999 3959 διαγκωνισάμενος

399 3983 496 4035 ἐπὶ
523 3981 619 4035 τοῦ
646 3982 946 4053 σκίμποδος
991 3982 1116 4051 ἔφη.
1150 3980 1390 4044 Ἀστεῖός
1419 3997 1479 4033 τε
1506 3975 1574 4050 ἦν
1594 3980 1691 4033 καὶ
1719 3979 1996 4051 εὐόμιλος,

396 4075 461 4128 οὐ
499 4076 658 4145 μόνον
688 4075 825 4146 πρὸς
852 4075 952 4146 τὴν
984 4074 1415 4138 σπουδάζουσαν,
1447 4072 1582 4125 ἀλλά
1610 4073 1705 4125 καὶ
1737 4072 1875 4142 πρὸς
1895 4072 2001 4144 τὴν

398 4166 702 4231 παίζουσαν
733 4166 903 4220 ἐνίοτε
950 4167 1260 4228 συνουσίαν,
1298 4165 1440 4218 ὥστε
1472 4164 1567 4218 καὶ
1602 4164 1823 4235 ἥδιστος
1854 4159 1996 4217 εἶναι

395 4262 515 4325 τοῖς
549 4259 912 4332 πλησιάζουσι
943 4259 1082 4331 πρὸς
1111 4259 1190 4330 τῷ
1217 4258 1503 4330 ὠφελίμῳ.
1531 4258 1636 4311 Τὸν
1669 4256 1800 4310 Θεὸν
1824 4257 1993 4327 προὺ-

396 4352 622 4407 καλεῐτο
669 4354 761 4407 ἐπὶ
804 4352 969 4407 πάθει
1000 4351 1317 4421 περιωδύνῳ
1359 4354 1461 4422 τῆς
1508 4352 1616 4404 τῶν
1662 4350 1926 4404 ὀπισθίων
1972 4352 1994 4381 ⁹

2113 1865 2421 1925 expertum.
2474 1859 2564 1914 Bis
2593 1862 2774 1932 itaque
2824 1874 2879 1919 et
2911 1874 2990 1921 ter
3022 1877 3225 1922 vestem
3279 1870 3506 1925 naribus
3538 1873 3711 1941 appli-

2109 1963 2263 2017 cans,
2313 1966 2403 2017 ne,
2448 1951 2573 2007 licet
2618 1956 2916 2024 respiraret
2952 1959 3174 2028 saepius,
3232 1971 3548 2030 corruptum
3606 1980 3709 2019 no-

2110 2042 2369 2111 xiumque
2426 2058 2608 2099 aerem
2639 2048 2964 2112 attraherel,
3015 2053 3110 2104 sed
3172 2068 3353 2107 aerem
3414 2053 3616 2109 bonum
3644 2068 3706 2110 et

2109 2134 2427 2199 salutarem,
2472 2152 2632 2206 quem
2662 2133 2882 2194 aliunde
2930 2142 3229 2198 adduxerat
3279 2145 3331 2199 in
3382 2156 3530 2200 veste
3567 2161 3707 2202 con-

2110 2226 2370 2293 eludens,
2427 2228 2705 2299 ingressus
2763 2241 2849 2287 est
2917 2234 2968 2287 in
3026 2235 3337 2305 speluncam
3397 2248 3700 2295 scatentem

2110 2320 2303 2375 calidis
2330 2323 2508 2390 aquis,
2557 2338 2793 2394 sequens
2849 2340 3070 2396 semper
3122 2329 3321 2383 inviam
3358 2333 3701 2401 voraginem,

2109 2422 2164 2467 et
2213 2415 2279 2467 ad
2328 2414 2489 2470 tinem
2550 2417 2845 2475 descensus
2897 2422 3166 2489 pervenit.
3208 2422 3304 2476 Via
3362 2427 3507 2478 enim
3554 2426 3705 2482 circa

2109 2502 2533 2572 profunditatem
2583 2510 2811 2578 abrupta
2853 2522 2970 2566 est:
3005 2520 3060 2566 at
3114 2524 3241 2567 tunc
3275 2513 3346 2568 ob
3400 2513 3704 2570 multitudi-

2110 2610 2231 2649 nem
2292 2613 2560 2667 aquarum
2621 2602 2785 2657 etiam
2839 2602 3045 2659 homini
3095 2606 3237 2661 invia
3282 2617 3419 2663 erat.
3469 2608 3575 2665 Sed
3610 2610 3706 2664 de-

2109 2701 2331 2743 scensor
2358 2689 2581 2748 fatidico
2631 2692 2817 2749 furore
2876 2710 3155 2766 correptus
3196 2699 3262 2754 ad
3301 2701 3461 2757 tinent
3518 2717 3703 2758 acces-

2109 2780 2199 2835 sit.
2260 2782 2679 2849 Asclepiodotus
2730 2787 2894 2858 igitur
2943 2792 3206 2860 sapientia
3263 2808 3361 2846 sua
3413 2794 3703 2850 incolumis

2117 2874 2241 2928 hinc
2299 2876 2493 2941 evasit,
2552 2877 2648 2933 sed
2677 2888 2731 2933 et
2762 2890 2944 2950 postea
2995 2883 3246 2950 spiritum
3306 2886 3495 2940 lethali
3552 2888 3706 2941 simi-

2111 2966 2214 3020 lem
2243 2982 2274 3021 e
2304 2968 2470 3024 variis
2506 2971 2792 3039 speciebus
2830 2975 3166 3031 miscendum
3218 2978 3565 3049 excogitavit,
3600 2995 3701 3034 ne-

2111 3057 2318 3128 gligens
2346 3070 2401 3114 et
2433 3060 2877 3131 philosophorum
2944 3068 3404 3140 szucerdolumque
3432 3072 3698 3135 rationes,

2109 3150 2242 3204 nihil
2281 3165 2439 3206 secus
2488 3161 2654 3221 atque
2716 3152 2990 3225 Mysorum
3056 3156 3440 3233 Plirygumque
3500 3164 3698 3220 dicta:

2107 3242 2201 3297 sed
2245 3252 2422 3298 tamen
2473 3245 2744 3301 Patricius
2799 3263 2964 3304 ausus
2998 3248 3100 3304 l'uit
3131 3252 3321 3307 eodem
3352 3266 3539 3311 contra
3572 3256 3700 3327 phi-

2105 3335 2459 3406 losophorum
2512 3338 2728 3394 decreta
2786 3355 3033 3413 pergere.
3088 3343 3341 3410 Quaedam
3378 3349 3545 3404 dixit:
3584 3349 3699 3419 Ego

2104 3427 2339 3495 agrestis
2382 3436 2439 3483 et
2498 3428 2696 3483 rustica
2745 3446 2889 3487 sum.
2944 3432 3051 3486 Sed
3110 3450 3339 3504 surgens
3371 3451 3401 3490 e
3452 3451 3694 3507 somno,

2105 3528 2159 3573 et
2190 3521 2447 3587 innitens,
2482 3523 2680 3594 inquit,
2735 3527 2969 3581 scabello
2997 3567 3013 3592 ,
3055 3527 3231 3584 civilis
3264 3540 3319 3584 et
3363 3532 3534 3587 comis
3567 3531 3696 3598 fuit,

2104 3628 2209 3666 non
2245 3614 2419 3668 solum
2450 3617 2502 3668 in
2534 3618 2700 3681 serio,
2745 3619 2841 3673 sed
2870 3620 3032 3674 etiam
3068 3622 3119 3673 in
3162 3621 3355 3691 puerili
3400 3624 3698 3693 aliquando

2102 3704 2395 3775 colloquio,
2453 3718 2513 3762 ut
2545 3717 2599 3763 et
2629 3707 3062 3777 iucundissimus
3122 3726 3248 3765 cum
3306 3714 3508 3782 quibus
3561 3730 3691 3770 ver-

2101 3805 2340 3864 saretur,
2401 3813 2525 3854 cum
2577 3800 2815 3855 utilitate
2850 3810 3016 3857 esset.
3085 3802 3253 3857 Deum
3323 3804 3597 3859 invocavit
3638 3806 3695 3860 in

2104 3890 2257 3957 gravi
2313 3892 2576 3959 periculo,
2610 3901 2669 3947 ut
2703 3901 3013 3949 cataractas
3067 3908 3333 3963 aquarum
3368 3911 3489 3966 quae
3511 3897 3697 3953 adhuc

2106 3992 2403 4048 restarent,
2432 3983 3000 4061 amoverel.Uxorem
3048 3987 3282 4043 vicinam
3333 3990 3514 4057 partui
3585 4006 3691 4045 una

2099 4072 2348 4129 adduxit.
2412 4076 2604 4130 Adhuc
2655 4076 2708 4129 in
2748 4062 3201 4146 spondajacenti
3252 4079 3479 4148 contigit
3539 4079 3615 4135 iili
3660 4096 3697 4136 e

2098 4168 2328 4238 vestigio
2398 4167 2561 4222 Dicen
2619 4168 2827 4234 videre,
2882 4169 3160 4239 egregiam
3216 4171 3476 4239 puellam,
3534 4188 3703 4243 expc.

2098 4262 2285 4326 ditam,
2341 4260 2539 4333 35.56
2602 4262 2789 4316 tunica
2840 4262 2958 4316 sine
2998 4261 3246 4330 manicis,
3296 4262 3423 4318 lutei
3471 4266 3695 4330 coloris,

2096 4362 2152 4406 et
2196 4354 2485 4423 purpureis
2526 4353 2697 4409 clavis
2730 4355 3069 4410 exstantibus
3122 4358 3431 4411 decoratam
3469 4372 3486 4413 :
3530 4369 3699 4427 caput
3796 4424 3805 4427 _

393 4444 605 4515 ὀχετῶν
658 4444 926 4513 ἀφέσεως.
966 4442 1132 4516 [1056
1163 4442 1258 4515 11.]
1302 4444 1564 4496 Ἐπίτεκα
1614 4443 1635 4474 ³
1673 4438 1840 4497 οὖσαν
1887 4441 1987 4511 τὴν

2109 4444 2229 4497 vitta
2254 4443 2502 4514 ligatum,
2536 4445 2655 4500 sine
2681 4445 2936 4510 amiculo,
2974 4446 3121 4498 vultu
3152 4447 3398 4501 nonnihil
3431 4463 3620 4505 severo
3635 4461 3693 4505 et

395 4536 651 4607 γαμετὴν
711 4536 1038 4605 συνεπῆγεν.
1098 4536 1223 4590 Ἐπὶ
1264 4536 1363 4605 τῆς
1400 4534 1591 4605 κλίνης
1643 4534 1991 4606 ἀνακειμένῳ

393 4632 667 4701 ἐξαπίνης
681 4631 779 4701 τὴν
794 4631 950 4701 δίκην
966 4631 1097 4684 ἰδεῖν
1114 4630 1313 4701 συνέϐη
1325 4629 1614 4701 ,λαμπρὰν
1630 4628 1819 4697 κόρην,
1833 4627 1997 4693 εὔζω-

396 4743 529 4791 νον,
578 4723 801 4777 κολοϐὸν
852 4724 1055 4793 χιτῶνα
1100 4723 1461 4794 μηλινόχρουν
1497 4724 1520 4754 ⁸
1575 4720 1991 4791 ἀνεζωσμένην,

396 4819 705 4888 πορφυροῖς
733 4815 962 4869 πλατέσι
994 4814 1283 4886 σημαδίοις
1331 4813 1767 4884 κεκοσμημένον,
1798 4812 1992 4866 ἀναδε-

391 4913 455 4966 δε
466 4910 634 4981 μένην
661 4908 762 4980 μὲν
787 4908 886 4977 τὴν
906 4906 1149 4977 κεφαλὴν
1178 4905 1482 4976 ἀναδέσμῃ,
1509 4905 1726 4977 γυμνὴν
1754 4904 1812 4957 δέ
1839 4921 1997 4973 περι-

394 5000 645 5066 ϐολαίου,
689 4998 951 5072 βλοσυρόν
992 5015 1046 5050 τι
1079 4996 1295 5068 ὁρῶσαν
1336 4995 1433 5051 καὶ
1477 4994 1951 5065 συνωφρυωμένον
1975 5034 1991 5061 ,

394 5092 520 5149 οὔτι
546 5110 612 5162 γε
655 5093 790 5163 πρὸς
826 5091 988 5146 αὐτὸν
1015 5130 1030 5154 ,
1062 5089 1201 5143 ἀλλά
1238 5089 1378 5160 πρὸς
1403 5088 1427 5120 ⁸
1479 5088 1580 5160 τὴν
1610 5087 1837 5143 εἴσοδον.
1866 5086 1993 5139 Ὀτι

411 5186 868 5258 Ἀσκληπιόδοτος
918 5187 964 5274 ό.
1003 5183 1313 5255 φιλόσοφος,
1355 5184 1384 5236 ὁ
1430 5180 1675 5254 Πρόκλου
1723 5178 2023 5251 μαθητὴς,’

2105 4536 2283 4591 fronte
2308 4546 2613 4591 contracta.
2658 4536 2773 4591 Non
2804 4537 3004 4606 aliquid
3032 4538 3096 4591 ad
3124 4538 3295 4602 illum,
3320 4540 3411 4595 sed
3439 4550 3492 4595 et
3518 4541 3583 4596 ad
3609 4543 3697 4597 in-

2104 4631 2349 4683 troitmn.
2376 4629 2791 4698 Asclepiodotus
2832 4629 3005 4684 Procli
3043 4631 3360 4701 discipulus,
3384 4634 3436 4688 in
3465 4637 3706 4691 summis

2107 4720 2346 4775 tenebris
2376 4721 2493 4774 sine
2528 4719 2731 4773 lumine
2764 4719 2910 4789 legit,
2937 4729 3288 4789 astantesque
3324 4721 3569 4777 homines
3608 4724 3705 4779 di-

2104 4811 2311 4880 gnovit.
2336 4809 2642 4881 Aliquando
2671 4810 2857 4880 itaque
2879 4809 2931 4864 in
2964 4809 3122 4867 Caria
3162 4813 3242 4866 ait
3269 4827 3328 4868 se
3362 4823 3524 4883 caput
3563 4816 3695 4870 dra—

2101 4906 2258 4961 conis
2281 4905 2332 4959 in
2360 4920 2548 4977 agrum
2568 4903 2787 4977 Pytheae
2805 4905 2959 4961 Caris
2975 4904 3196 4972 cadens,
3215 4916 3271 4962 et
3293 4906 3515 4963 allatum
3538 4923 3567 4963 a
3592 4908 3706 4981 Py-

2106 4997 2228 5050 tbea
2262 4996 2405 5066 ipso,
2436 4996 2805 5063 magnitudine
2871 4997 3093 5051 maximi
3146 4999 3346 5053 taurini
3375 5002 3569 5069 capitis
3616 5004 3703 5058 vi.-

2060 5084 2063 5085 ⁷
2107 5088 2273 5141 disse.
2304 5087 2493 5143 Refert
2512 5088 2676 5142 etiam
2730 5088 3176 5159 Asclepiodotum
3205 5092 3407 5148 vidisse
3432 5103 3481 5148 et
3514 5094 3702 5149 vivum

2107 5182 2395 5237 draconem
2420 5181 2706 5237 sublimem
2734 5183 2786 5237 in
2806 5197 2933 5240 aere
2950 5192 3284 5251 concretum,
3313 5200 3344 5240 a
3368 5196 3528 5243 vento
3557 5201 3704 5243 con-

1710 5377 1951 5435 VARIIE
1992 5377 2399 5435 LECTIONES.

476 5500 523 5534 ”
549 5501 617 5555 de
648 5501 790 5556 Doro
807 5500 930 5556 victe
958 5500 1177 5555 Suidam
1210 5500 1266 5554 h.
1293 5513 1346 5552 v.
1422 5497 1469 5531 ’δ
1492 5495 1805 5567 καλουμένη

398 5572 451 5606 "
477 5572 774 5642 ἁπερράγη
838 5571 900 5634 Β,
961 5572 1216 5642 ἀπεραγη
1250 5574 1268 5640 (
1301 5586 1334 5639 η
1360 5569 1723 5651 (δοττθειολΑ.

393 5642 475 5698 τὰ
499 5642 726 5695 Μυσῶν.
802 5643 823 5674 ³
850 5641 1138 5698 ὀπισθίων]
1172 5640 1383 5693 πυθίων
1423 5636 1482 5695 Β.
1574 5637 1596 5669 ⁸
1624 5638 1723 5688 επίι

1810 5496 1931 5600 κίιῐὶ.
1977 5496 2052 5600 λη
2084 5514 2143 5600 τλε
2162 5510 2306 5600 nom.
2334 5494 2397 5550 B.
2420 5496 2520 5599 ﬂ"
2548 5494 2885 5600 λυιέαιντικδν
2913 5494 3050 5597 ἀέρα
3081 5494 3177 5600 καὶ
3198 5494 3595 5600 Ξιεφιθαρμέχον
3626 5496 3692 5581 Β.

838 5571 900 5634 Β,
961 5572 1216 5642 ἀπεραγη
1250 5574 1268 5640 (
1301 5586 1334 5639 η
1360 5571 1630 5630 correcta)
1658 5569 1723 5619 A.
1795 5565 1871 5600 V"
1899 5566 2037 5636 πρὸς
2069 5567 2129 5618 τὸ
2162 5565 2213 5636 β.
2244 5584 2303 5629 ς.
2420 5566 2465 5599 ⁹⁹
2497 5567 2814 5635 καταϐάτης
2861 5583 2920 5630 ς.
2987 5565 2992 5566 “
3025 5568 3040 5597 ¹
3096 5566 3168 5620 cl.
3198 5565 3472 5621 Suiclasv.
3502 5568 3691 5639 Χωρὶς

802 5643 823 5674 ³
850 5641 1139 5713 ὀπισθίων]
1172 5640 1383 5693 πυθίων
1502 5637 1858 5713 --ξ-ἐπίτεκα
1874 5634 2042 5713 οὖσαν
2066 5652 2211 5713 _mg._,
2240 5636 2475 5692 ἐπίτοκα
2492 5632 2671 5691 οὖσαν
2696 5636 2760 5702 C,
2790 5636 2977 5691 ἔπειτα
2993 5635 3324 5692 κλάουσανΒ
3357 5647 3412 5693 et
3437 5651 3583 5693 corr.
3618 5642 3691 5693 A.

2420 5566 2465 5599 ⁹⁹
2497 5567 2814 5639 κριταϐάᾼτης
2861 5583 2920 5630 ς.
2987 5565 2992 5566 “
3025 5568 3040 5639 ξ
3079 5566 3168 5639 Δ(4.
3198 5565 3472 5639 διιῇιαςν.
3502 5568 3693 5639 Χωρὶς

388 5712 421 5747 ι
451 5711 797 5785 μιλινόχρουν
820 5713 866 5766 Δ
894 5731 905 5767 :
940 5706 1280 5783 μιλινόχρουν
1302 5728 1362 5775 ς.
1440 5710 1461 5740 ⁸
1489 5706 1627 5761 ἀλλά
1655 5708 1789 5777 πρὸς
1825 5708 1864 5761 Β
1898 5728 1911 5762 :
1954 5708 2088 5763 ἀλλά
2112 5707 2201 5761 καί
2234 5725 2295 5771 ς.
