3924 6452
354 319 500 382 12ὃῖ

1427 314 1691 375 ΡΙ-ΙΟΤΙΙ
1718 314 1994 375 PATRIA
2010 310 2231 372 RCH.’E
2264 312 2371 371 CP.

3470 304 3589 370 19.84

356 443 595 501 ceptum,
639 430 871 484 nubibus
912 426 1259 482 condensatis
1296 425 1628 482 immobilem
1664 438 1833 490 stare,
1886 434 1941 479 et

2061 440 2102 474 εν
2141 421 2316 489 σκότῳ
2368 418 2523 490 βαθεῖ
2549 414 2855 489 γράμματά
2896 432 2954 468 τε
2984 414 3362 482 ἀνεγίνωσκεν,
3395 418 3544 485 φησὶν
3562 419 3600 484 ⁸,

364 523 538 578 instar
584 523 765 592 magni
800 520 945 574 conti
987 528 1293 574 extensum.
1350 518 1504 574 llunc
1541 519 1725 589 itaque
1777 528 1831 572 et
1862 518 1910 570 vi

362 616 529 678 disse,
559 614 971 681 astantibusque
1007 624 1332 685 montrasse,
1364 625 1596 680 cumque
1629 610 1800 665 nubes
1833 624 1948 662 ma-

363 706 446 771 gis
513 704 796 773 magisque
856 703 1318 772 constipareutur,
1379 702 1552 757 feram
1634 702 1945 755 evanuisse.

364 794 611 849 Marinus
646 796 785 865 (l8),
817 795 1009 862 inquit.
1064 795 1241 849 Procli
1289 811 1589 855 successor,
1622 808 1795 862 genus
1850 794 1948 847 du-

364 886 526 937 Cl'bitl
584 884 802 954 Neapoli
859 884 912 937 in
967 884 1288 950 Palaestina,
1340 886 1495 954 juxta
1559 896 1794 939 montem
1860 884 1949 938 cui

366 992 559 1029 nomen
612 975 941 1044 llargarizus
973 975 1107 1042 (l9).
1148 976 1347 1030 Deinde
1401 975 1806 1044 blasphemans,
1845 976 1951 1028 im-

366 1068 506 1134 pius,
573 1067 770 1134 inquit,
819 1066 911 1120 ille
956 1068 1193 1136 scriptor
1244 1066 1425 1120 addit:
1485 1066 1543 1120 In
1597 1082 1707 1135 quo
1770 1075 1952 1120 monte

363 1154 512 1208 Jovis
554 1153 753 1207 summi
797 1156 1227 1209 sacratissimum
1304 1155 1560 1223 templum
1621 1165 1726 1221 est,
1776 1154 1848 1209 ibi
1898 1165 1954 1210 et

363 1248 636 1300 Abraham
688 1246 800 1315 (‘20)
835 1246 1046 1313 primus
1104 1248 1452 1315 antiquorum
1505 1245 1813 1300 Judaeornm
1861 1262 1952 1301 sa-

363 1348 548 1391 cratus
595 1339 715 1400 fuit.
751 1350 807 1391 ut
838 1339 975 1392 idem
1026 1339 1158 1392 dixit
1243 1338 1509 1393 Marinus.
1571 1338 1955 1391 Samaritanus

368 1428 524 1482 initio
565 1428 739 1483 factus
783 1444 900 1481 cum
934 1438 1083 1483 esset
1115 1428 1375 1493 Marinus,
1408 1444 1594 1484 eorum
1640 1428 1951 1497 opinionem

368 1520 691 1588 repudiavit,
750 1520 902 1587 quasi
962 1520 1029 1573 ab
1083 1520 1358 1574 Abraham
1431 1519 1717 1574 sacriﬁciis
1768 1534 1956 1573 recens

367 1612 419 1663 in
462 1627 651 1665 novam
710 1614 1096 1681 degenerasset
1166 1613 1515 1680 Opinionem:
1584 1619 1639 1665 et
1670 1610 1735 1664 ad
1782 1610 1958 1681 genti-

367 1704 580 1758 lismum
653 1719 710 1756 se
761 1705 1055 1758 convertit.
1113 1702 1500 1758 Verumtamen
1555 1702 1725 1757 labori
1778 1711 1833 1757 et
1874 1717 1957 1757 as-

2049 512 2178 567 ἄνευ
2238 511 2416 580 φωτὸς
2488 510 2583 563 καὶ
2666 510 2792 570 τοὺς
2845 507 3114 576 παρόντας
3169 503 3292 576 [562
3362 505 3453 576 IL]
3512 508 3605 561 τῶν

2052 602 2359 671 ἀνθρώπων
2417 601 2758 668 διεγίνωσκε.
2828 598 3084 666 Κεφαλὴν
3134 595 3259 663 γοῦν
3322 613 3446 649 ποτε
3499 598 3610 666 δρα.

2053 695 2305 747 κοντείαν
2365 694 2425 746 ἐν
2484 692 2668 762 Καρίᾳ
2733 690 2813 752 είς
2882 688 3046 758 ἀγρὸν
3101 686 3368 740 πεσοῦσαν
3425 688 3611 741 Πυθέου

2050 785 2145 839 τοῦ
2206 785 2423 855 Καρὸς,
2482 784 2793 853 ἐνεχθεῖσαν
2840 782 2898 833 δὲ
2949 780 3098 849 αὐτῷ
3155 780 3233 850 τῷ
3274 779 3485 850 Πυθέᾳ,
3533 781 3616 833 καὶ

2054 879 2215 939 αὐτὸς
2242 877 2347 947 ἔφη
2370 876 2668 931 θεάσασθαι
2694 874 2923 946 μέγεθος
2953 869 3117 927 οὖσαν
3142 872 3341 943 ταύρου
3380 872 3618 941 μεγίστου

2055 970 2198 1025 κατὰ
2250 970 2516 1040 κεφαλήν.
2578 968 2729 1021 Ἰδεῖν
2789 967 2845 1019 δὲ
2894 966 2985 1017 τὸν
3036 954 3483 1033 Ἀσκληπιόδοτον
3534 966 3619 1018 καὶ

2053 1061 2233 1126 ζῶντα
2264 1060 2535 1132 δράκοντα
2582 1058 2855 1129 μετέωρον
2895 1057 2953 1109 ὲν
2998 1056 3120 1126 ἀέρι
3170 1057 3421 1125 συννεφεῖ
3455 1072 3620 1126 πεπη-

2053 1157 2188 1225 γότα
2221 1157 2316 1209 καὶ
2350 1152 2781 1224 συνειλημμένον
2822 1152 2927 1205 ὑπὸ
2954 1151 3049 1204 τοῦ
3081 1151 3391 1220 πνεύματος
3424 1194 3438 1212 .
3478 1153 3532 1206 ὲν
3564 1155 3621 1225 τῇ

2057 1244 2355 1315 πυκνότητι
2377 1244 2487 1296 τῶν
2518 1244 2697 1312 νεφῶν
2720 1241 2979 1312 ἀκίνητον
3010 1244 3241 1309 ἑστῶτα,
3269 1243 3393 1295 ὅσον
3420 1241 3483 1312 δὴ
3510 1260 3621 1296 κον-

2056 1335 2148 1385 τόν
2178 1350 2301 1387 τινα
2334 1333 2509 1402 μέγαν
2552 1332 2983 1403 ἀποτεταμένον,
3040 1333 3191 1385 Ἰδετν
3222 1350 3279 1385 τε
3305 1332 3513 1396 τοῦτον,
3544 1336 3625 1386 καὶ

2058 1422 2325 1487 ἐπιδεῖξαι
2349 1424 2444 1476 καὶ
2466 1424 2580 1487 τοῖς
2603 1421 2861 1491 παροῦσι,
2884 1421 3277 1476 πυκνωθέντων
3306 1422 3365 1475 δὲ
3397 1423 3485 1474 ἐπὶ
3509 1422 3625 1491 μίλ-

2057 1514 2147 1567 λον
2168 1514 2279 1566 τῶν
2311 1513 2488 1583 νεφῶν
2515 1513 2877 1584 ἀφανισθῆναι
2916 1514 2979 1567 τὸ
3009 1514 3217 1583 θηρίον.
3254 1515 3379 1567 Ὀτι
3406 1517 3434 1567 6
3466 1514 3624 1568 διάδο·

2059 1624 2152 1676 χος
2184 1606 2453 1676 Πρόκλου,
2486 1606 2672 1676 φησὶν,
2702 1607 2729 1659 6
2757 1608 3018 1677 Μαρῖνος,
3047 1607 3201 1673 γένος
3236 1602 3302 1677 ἦν
3333 1606 3441 1660 ἀπὸ
3468 1609 3557 1677 τῆς
3577 1609 3625 1661 ἐν

2061 1696 2392 1766 Παλαιστίνη
2436 1696 2583 1754 Νέας
2618 1696 2848 1763 πόλεως,
2898 1697 3033 1765 πρὸς
3073 1696 3188 1767 ὄρει
3227 1698 3625 1767 κατῳκισμένης

365 1795 533 1848 siduis
598 1796 741 1849 curis
806 1797 1165 1859 incumbens,
1217 1796 1509 1851 multorum
1588 1795 1751 1850 etiam
1804 1794 1952 1863 inge-

2064 1787 2143 1857 τῷ
2177 1786 2490 1859 ’Δργαρίζῳ
2514 1787 2858 1857 καλουμένῳ.
2886 1782 3018 1840 Εἶτα
3045 1786 3381 1858 βλασφημῶν
3403 1789 3431 1841 6
3455 1788 3625 1841 δυσσε-

364 1887 796 1941 niosissimorum
861 1898 915 1943 et
985 1887 1486 1957 antiquissimorum
1556 1887 1783 1958 gloriam
1850 1902 1951 1941 suo

364 1976 579 2029 nomine
626 1978 868 2030 Marinus
897 1979 1227 2032 obscuravit.
1273 1977 1453 2031 Noluit
1497 1993 1626 2032 vero
1672 1978 1819 2032 illum
1852 1975 1953 2030 lsi-

362 2066 531 2120 dnrus
570 2068 904 2138 interrogare
941 2070 1257 2124 inﬁrmitate
1292 2071 1539 2138 corporis
1587 2070 1948 2133 laborantem,

364 2169 616 2212 metuens
665 2176 731 2214 ne
786 2162 950 2214 homo
1011 2163 1341 2216 turbaretur.
1386 2161 1427 2215 E
1486 2161 1645 2215 dictis
1687 2170 1864 2214 tamen
1898 2168 1953 2213 et

362 2249 585 2316 scriptis
639 2249 755 2317 ejus
794 2251 935 2319 (quae
959 2266 1065 2305 nou
1098 2253 1384 2307 admodum
1416 2251 1582 2305 multa
1609 2250 1758 2321 Stlnl)
1797 2249 1957 2304 facile

361 2349 479 2391 erat
538 2340 792 2407 colligere
848 2341 1111 2395 Marinum
1185 2358 1292 2396 non
1350 2341 1637 2396 fecundum
1687 2350 1742 2394 et
1790 2340 1957 2409 probe

364 2430 650 2482 subactum
680 2444 987 2485 noematum
1020 2449 1206 2501 agrum
1241 2432 1409 2488 fuisse
1431 2475 1445 2498 ,
1477 2434 1567 2502 qui
1595 2441 1833 2501 segetem
1864 2446 1955 2484 sa-

366 2520 563 2587 pientis
595 2537 773 2574 rermn
799 2526 1122 2577 naturalium
1152 2525 1631 2593 contemplationis
1661 2521 1955 2592 proferret.

2064 1879 2167 1947 6ης
2198 1895 2363 1946 φησιν
2386 1880 2413 1930 6
2453 1879 2825 1947 συγγραφεὺς,
2855 1880 2913 1930 ὲν
2934 1871 2979 1946 ᾧ
3007 1879 3127 1941 Διὸς
3148 1877 3375 1946 ὑψίστου
3408 1878 3626 1945 ἁγιώτα-

2060 1984 2151 2020 τον
2184 1966 2351 2036 ἱερὸν,
2375 1958 2419 2034 ᾧ
2444 1966 2746 2037 καθιέρωτο
2786 1968 3069 2036 Ἀδραμος
3106 1970 3132 2020 6
3172 1968 3281 2020 τῶν
3329 1967 3495 2021 πάλαι
3553 1967 3626 2022 Ἐ-

2062 2059 2271 2131 6ραίων
2303 2059 2589 2128 πρόγονος,
2614 2059 2688 2121 ὡς
2716 2059 2878 2123 αὐτὸς
2904 2059 3089 2126 ἔλεγεν
3119 2063 3146 2113 6
3168 2061 3434 2131 Μαρίνος.
3460 2061 3625 2130 Σαμα-

2062 2153 2247 2222 ρείτης
2281 2147 2374 2204 οὖν
2399 2152 2460 2204 τὸ
2487 2150 2583 2204 ἀπ’
2610 2151 2785 2221 ἀρχῆς
2814 2154 2842 2204 6
2871 2153 3112 2223 Μαρίνος
3134 2152 3378 2220 γεγονὼς
3404 2192 3418 2214 ,
3444 2152 3626 2207 ἀπετά-

2063 2244 2191 2309 ξατο
2235 2243 2333 2313 μὲν
2378 2242 2515 2314 πρὸς
2552 2242 2649 2312 τὴν
2686 2243 2909 2296 ἐκείνων
2940 2244 3117 2310 δόξαν,
3151 2245 3244 2298 διτε
3278 2247 3361 2307 είς
3407 2260 3628 2298 καινοτο-

2065 2336 2197 2407 μίαν
2220 2335 2328 2389 ἀπὸ
2354 2336 2452 2405 τῆς
2491 2335 2767 2406 Ἀὅρὰμου
2799 2335 3092 2406 θρησκείας
3118 2337 3138 2367 ⁷
3160 2338 3549 2409 ἀπορῤυεῖσαν,
3570 2337 3627 2390 τὰ

2060 2429 2118 2481 δὲ
2190 2427 2459 2494 Ἐλλήνων
2500 2428 2807 2497 ἠγάπησεν.
2840 2426 3033 2497 Ὅμως
3076 2429 3367 2499 φιλοπονίᾳ
3408 2429 3430 2459 ⁸
3460 2446 3515 2481 τε
3549 2426 3627 2480 καὶ

2061 2519 2315 2590 ἀτρύτοις
2337 2520 2516 2581 πόνοις
2540 2519 2855 2590 ἐγκείμενος
2892 2520 3266 2590 εὐφυεστέρων
3299 2521 3405 2590 ἤδη
3441 2519 3627 2572 πολλῶν

361 2612 457 2665 καὶ
497 2612 608 2665 τῶν
671 2614 1059 2686 πρεσϐυτέριον
1121 2618 1400 2689 κατέχωσε
1446 2617 1603 2681 δόξας
1653 2615 1732 2686 τῷ
1777 2612 1974 2667 ἑαυτοῦ
2034 2611 2260 2681 ὀνόματι
2325 2612 2353 2663 6
2418 2612 2682 2680 Μαρῖνος.
2730 2612 2844 2664 Οὐκ
2905 2611 2991 2663 εἴα
3028 2610 3082 2665 δὲ
3140 2611 3305 2663 αὑτὸν
3359 2612 3560 2681 ἐρωτᾷν
3604 2614 3627 2663 6

374 2707 643 2776 Ἰσίδωρος
694 2708 947 2779 ἀσθενείᾳ
984 2708 1235 2778 σώματος
1295 2710 1713 2781 ἐνοχλούμενον,
1750 2707 2007 2777 εὐλαϐείᾳ
2041 2704 2135 2758 τοῦ
2175 2704 2464 2774 ὀχλώδους.
2502 2704 2648 2773 Πλὴν
2695 2706 2724 2758 6
2769 2706 3012 2776 Μαρῖνος
3052 2705 3111 2770 ἐξ
3135 2698 3208 2759 ὧν
3237 2722 3298 2758 τε
3329 2707 3350 2737 ⁹
3385 2705 3629 2773 διελέγετο

364 2797 462 2850 καὶ
491 2798 551 2861 ἐξ
574 2792 646 2851 ὧν
672 2799 907 2867 ἔγραψεν
935 2801 1112 2869 (ὀλίγα
1140 2802 1196 2855 δὲ
1240 2802 1415 2855 ταῦτά
1471 2802 1609 2871 ἐστι)
1631 2802 1787 2868 δῆλος
1810 2797 1879 2872 ἧν
1913 2800 1974 2853 οὐ
2012 2799 2231 2869 βαθεῖαν
2252 2795 2466 2850 αῦλακα
2491 2795 2598 2850 τῶν
2625 2797 2913 2866 νοημάτων
2941 2796 3323 2867 καρπούμενος
3348 2834 3364 2859 ,
3397 2794 3458 2861 ἐξ
3480 2789 3548 2850 ὧν
3572 2794 3628 2847 τὰ

367 2888 511 2955 σοφὰ
553 2887 840 2956 βλαστάνει
888 2888 1137 2957 θεάματα
1168 2890 1263 2957 τῆς
1292 2890 1400 2943 τῶν
1430 2889 1598 2942 ὄντων
1624 2893 1860 2959 φύσεως.

441 2978 764 3033 Ptolemaeus
810 2980 924 3051 (2t)
980 2984 1359 3037 astronomiae
1413 2983 1654 3038 scientiae
1702 2984 1952 3053 princeps
1980 2985 2024 3044 C

367 3067 610 3134 scripsit,
644 3076 701 3121 ut
738 3067 975 3136 loquitur
1006 3070 1182 3132 Plato,
1228 3070 1421 3138 placita
1474 3072 1837 3142 interpretum
1891 3074 1957 3126 ad

368 3157 667 3213 senectutis
728 3159 1077 3223 oblivionem,
1125 3161 1438 3230 relinquens
1480 3164 1583 3218 sibi
1617 3173 1670 3217 et
1719 3164 1958 3219 condens

368 3261 744 3305 monumenta.
796 3252 993 3323 346a
1030 3254 1255 3309 Proclus
1277 3256 1469 3310 videns
1501 3258 1663 3311 istum
1687 3255 1958 3311 deﬂuxum

368 3342 637 3409 corporis,
690 3344 1022 3398 adolescenti
1081 3346 1295 3401 metuit.
1346 3346 1443 3403 llic
1486 3349 1653 3416 igitur
1693 3358 1957 3415 mortuus,

371 3440 500 3487 tunc
523 3433 734 3499 beatus,
762 3436 963 3500 anima,
988 3436 1228 3505 inquam,
1252 3440 1557 3509 animmque
1576 3441 1751 3512 imago
1773 3450 1959 3511 aperte

369 3522 504 3577 mihi
535 3523 586 3577 in
625 3525 724 3579 hoc
761 3526 998 3581 scabello
1031 3530 1237 3582 sedenti
1272 3530 1452 3586 astitit
1481 3548 1495 3585 :
1527 3533 1750 3586 credere
1774 3540 1957 3588 autem

368 3623 587 3682 oportet
628 3617 888 3681 sermoni,
920 3632 1089 3690 quem
1142 3620 1282 3673 visio
1336 3620 1642 3690 philosophi
1692 3621 1955 3692 principis

2154 2981 2213 3035 '0
2246 2982 2461 3053 ἄριστος
2492 2981 2715 3053 ἡγεμὼν
2738 2982 3071 3051 Πτολεμαῖος
3088 2982 3191 3052 τῆς
3215 2982 3628 3054 ἀστροθεάμονος

2062 3073 2393 3143 ἐπιστήμης.
2433 3073 2514 3127 Τὰ
2543 3074 2848 3144 ἀρέσκοντα
2891 3077 3004 3136 τοῖς
3056 3073 3353 3143 ἐξηγηταῖς
3402 3073 3627 3144 ἀπεγρά-

2063 3179 2216 3233 φετο,
2248 3166 2328 3227 είς
2356 3163 2417 3216 τὸ
2441 3164 2540 3234 τῆς
2578 3164 2749 3235 λήθης
2782 3166 2980 3236 γῆρας,
3002 3165 3077 3227 ὼς
3106 3163 3209 3234 ἔφη
3234 3166 3483 3229 Πλάτων,
3513 3167 3626 3218 ὑπο-

2065 3255 2332 3324 μνήματα
2407 3256 2450 3286 ”
2482 3254 2825 3309 καταλείπων
2874 3255 3052 3325 ἐαυτῷ
3086 3255 3182 3309 καὶ
3218 3253 3630 3325 ἀποθησαυριζό-

2064 3363 2246 3415 μενος.
2296 3346 2407 3399 Καὶ
2461 3346 2561 3417 τὴν
2603 3346 2699 3399 τοῦ
2741 3346 2993 3416 σώματος
3028 3346 3305 3417 ἀπορροὴν
3355 3347 3560 3417 βλέπων
3606 3344 3631 3396 6

2062 3436 2305 3507 Πρόκλος
2328 3437 2516 3491 ἐδεδίει
2534 3439 2662 3510 περὶ
2679 3438 2758 3509 τῷ
2778 3438 3061 3508 νεανίσκῳ.
3078 3439 3136 3492 Ὀ
3159 3439 3333 3491 τοίνυν
3348 3437 3629 3509 τεθνηκὼς,

2061 3532 2089 3584 6
2128 3531 2361 3603 εὐτυχὴς
2390 3526 2543 3594 οὗτος
2588 3530 2704 3597 νῦν,
2735 3533 2768 3599 ἡ
2798 3530 2944 3602 ψυχή
2980 3549 3122 3602 φημι
3148 3532 3241 3584 καὶ
3267 3532 3326 3584 τὸ
3353 3533 3455 3600 τῆς
3476 3531 3632 3601 ψυχῆς

2063 3624 2307 3690 εἴδωλον,
2344 3624 2588 3695 παρέστη
2625 3642 2715 3695 μοι
2746 3624 3053 3693 ἀναφανδὸν
3081 3626 3173 3676 ἐπὶ
3191 3624 3343 3677 τοῦδε
3372 3625 3465 3677 τοῦ
3495 3624 3632 3693 σκίμ-

371 3704 665 3760 conﬁrmat
703 3716 757 3762 et
797 3723 987 3763 recens
1017 3709 1243 3765 alterius
1274 3709 1415 3765 fama
1443 3725 1569 3765 vere
1586 3712 1807 3766 secundi
1839 3724 1962 3783 post

372 3796 520 3849 illum
560 3807 612 3849 et
659 3798 884 3869 insuper
917 3804 1114 3856 tertius
1145 3815 1458 3873 suggestus,
1484 3813 1538 3859 et
1565 3808 1654 3874 qui
1688 3808 1799 3861 [nec
1824 3809 1960 3861 scri-

372 3887 477 3954 psit
502 3898 721 3957 propter
748 3907 936 3945 eorum
968 3908 1086 3960 qua:
1115 3895 1506 3960 nuntiavimus,
1537 3912 1787 3966 pompam
1812 3898 1960 3952 veri-

2062 3718 2226 3778 ποδος
2253 3715 2622 3785 ἀνακειμένῳ.
2657 3716 2935 3769 Ἀπιστεῖν
2965 3715 3023 3768 δὲ
3052 3716 3112 3767 οὐ
3145 3715 3353 3769 δίκαιον
3394 3715 3469 3785 τῷ
3492 3716 3629 3783 Λόγῳ

2064 3807 2440 3878 βεϐαιουμένῳ
2467 3806 2572 3877 θέᾳ
2596 3823 2656 3858 τε
2685 3808 2908 3876 εναργεί
2925 3805 3020 3857 τοῦ
3047 3806 3342 3875 κορυφαίου
3371 3805 3529 3873 σοφοῦ
3551 3806 3629 3859 καὶ

2061 3898 2201 3969 ἀκοῇ
2233 3899 2537 3969 προσφάτῳ
2570 3897 2662 3950 τοῦ
2691 3898 2945 3968 δευτέρου
2973 3899 3089 3965 μετ’
3120 3899 3325 3950 ἐκεῖνον
3356 3900 3490 3970 πρὸς
3517 3897 3630 3969 ἁλή-

374 3981 499 4033 tatis
531 3983 853 4036 studiosam.
887 3983 1109 4039 Proclus
1150 4000 1211 4039 ea
1244 4000 1359 4054 spe,
1401 4002 1563 4055 quam
1596 3988 1663 4042 de
1690 4002 1750 4041 se
1772 3989 1952 4042 conci-

2067 3990 2222 4043 θειαν
2273 3990 2338 4055 “,
2380 3990 2474 4043 xui.
2513 3989 2595 4042 ἔτι
2636 3988 2713 4059 τῷ
2743 3988 2913 4059 τρίτῳ
2953 3988 3159 4059 βήματι
3196 3989 3289 4041 καὶ
3317 3991 3403 4052 εἰς
3448 3988 3628 4058 ταύτην

373 4078 513 4122 tarat
556 4086 652 4125 nec
683 4070 925 4127 Platonis
960 4067 1302 4141 dignitatern
1330 4076 1635 4143 aspernari,
1684 4092 1783 4131 nec
1812 4076 1952 4131 Jam-

2066 4080 2475 4151 καταδεϐηκότι
2502 4079 2602 4150 τὴν
2629 4080 2953 4151 συγγραφὴν
2978 4080 3080 4133 ὑπὸ
3110 4081 3174 4148 τῇ
3207 4078 3491 4147 φιλαλήθει
3509 4095 3628 4147 πομ-

374 4158 563 4223 Μίυιιί,
594 4176 691 4216 nec
722 4160 995 4217 Plutarchi
1018 4164 1280 4232 judicium
1305 4180 1638 4234 oppugnare,
1666 4182 1765 4219 nec
1793 4181 1952 4233 supra

2062 4175 2141 4243 πῇ
2175 4172 2274 4241 τῆς
2307 4171 2448 4241 ἐμῆς
2479 4170 2759 4239 ἀγγελίας.
2789 4170 2899 4224 Καὶ
2935 4172 2964 4223 6
2995 4167 3238 4240 Πρόκλος
3262 4168 3504 4221 ἐπεδίδου
3527 4168 3627 4229 ταῖς

373 4253 734 4309 communiter
754 4254 887 4309 utile
909 4257 1198 4321 consilium
1230 4272 1423 4327 sapere
1457 4259 1655 4326 potuit:
1676 4260 1769 4313 sed
1789 4275 1952 4330 quan-

2064 4264 2145 4323 είς
2175 4262 2337 4315 αὐτὸν
2366 4262 2602 4331 ὁρώσαις
2629 4261 2809 4314 ἐλπίσι
2843 4261 2979 4331 μηδὲ
3005 4260 3065 4313 τὸ
3096 4258 3189 4313 τοῦ
3224 4259 3503 4323 Πλάτωνος
3524 4259 3625 4311 ἀτι-

377 4353 489 4397 ιυιη
522 4345 803 4401 crescebat
832 4348 1058 4402 instituti
1103 4350 1417 4419 magnitudo
1446 4350 1498 4403 in
1531 4351 1778 4416 dicendo,
1807 4318 1952 4407 lant:

2070 4318 2262 4422 μάζειν
2312 4318 2549 4422 ἀξίωμα,
2582 4318 2740 4422 *μηδὲ
2782 4318 3247 4423 τὴ.ν”1αμ6λίχου
3285 4354 3464 4421 κρίσιν
3486 4318 3499 4323 γ
3512 4348 3625 4419 μηδὲ

375 4438 553 4492 minus
602 4442 933 4509 persuadere
985 4442 1088 4496 sibi
1144 4443 1451 4511 patiebatur
1500 4443 1758 4511 Isidorus,
1814 4447 1952 4513 quod

2063 4444 2163 4512 τὴν
2209 4444 2562 4514 Πλουτάρχου
2606 4443 3071 4507 κατανωτίζεσθαι
3115 4444 3177 4509 ⁸³,
3209 4442 3328 4513 μηδ’
3353 4437 3421 4496 αὖ
3463 4440 3622 4511 μεῖζον

375 4532 554 4601 majus
578 4543 724 4588 esset
748 4548 910 4598 onus,
939 4549 1101 4603 quam
1134 4532 1279 4589 ferre
1302 4546 1501 4602 posset.
1530 4535 1807 4590 Sollicitus
1832 4551 1952 4591 vero

2067 4535 2284 4603 φρονεῖν
2322 4534 2422 4605 τῆς
2461 4533 2829 4603 κοινωφελοῦς
2886 4533 3279 4603 προαιρέσεως.
3350 4532 3489 4587 Ἀλλ’
3525 4532 3623 4598 ὅσῳ

374 4631 494 4675 erat
523 4621 749 4679 Proclus
778 4624 845 4679 de
881 4640 1045 4680 aurea
1090 4640 1278 4680 revera
1314 4625 1557 4680 Platonis
1587 4636 1779 4681 catena
1818 4627 1952 4698 (‘22),

2061 4624 2257 4694 ηὔξετο
2276 4624 2376 4694 τῆς
2404 4624 2651 4696 διαδοχῆς
2680 4625 2740 4678 τὸ
2768 4625 2809 4657 ¹³
2844 4625 3072 4695 μέγεθος
3097 4626 3155 4678 ὲν
3183 4624 3260 4694 τῷ
3290 4623 3461 4692 λόγῳ,
3488 4617 3620 4695 [565]

380 4726 447 4764 ne
479 4710 637 4766 nobis
668 4715 853 4767 urbem
896 4716 1281 4770 Atheniensem
1338 4715 1690 4785 relinqueret.
1744 4716 1952 4771 Sollici-

2061 4717 2302 4781 τοσούτῳ
2332 4718 2532 4789 μᾶλλον
2572 4720 2599 4771 6
2671 4718 2937 4789 Ἰσίδωρος
2978 4719 3108 4789 πρὸς
3160 4717 3259 4789 τὴν
3314 4717 3481 4770 πειθὼ
3520 4730 3624 4767 συν-

384 4811 467 4854 tus
488 4801 653 4856 etiam
692 4804 759 4857 de
785 4803 988 4859 Marino
1021 4816 1241 4876 propter
1274 4808 1521 4876 corporis
1556 4807 1951 4865 infirmitatem.

2062 4809 2340 4863 εστέλλετο
2376 4810 2560 4882 μεῖζόν
2591 4826 2655 4879 γε
2686 4809 2744 4864 ὃν
2766 4811 2890 4866 καθ’
2918 4811 3108 4866 ἑαυτὸν
3132 4810 3366 4883 ἄρασθαι
3405 4806 3619 4880 φορτίον.

1664 4917 1901 4973 VABIIE
1936 4919 2344 4977 LECTIONES.

473 5001 690 5085 “fpnc‘tv
718 5003 933 5085 add.
970 5074 983 5085 Α
1011 5006 1030 5036 ’⁷
1059 5005 1357 5085 θρησκείας
1387 5010 1430 5085 ᾼ
1459 5026 1473 5061 ε
1516 5008 1705 5072 θυσίας
1730 5028 1811 5085 λς..
1881 5012 1902 5042 ⁸
1929 5012 2211 5085 φρολογίᾳ
2249 5012 2442 5085 Suidas
2474 5030 2526 5069 v.
2566 5016 2853 5085 Ἀτρυτος,
2896 5015 2984 5083 qui
3013 5030 3132 5068 mox
3171 5030 3275 5068 om.
3305 5015 3403 5085 ἤδη
3432 5012 3620 5067 πολλῶν

382 5080 434 5123 ct
468 5072 594 5124 τῶν.
670 5072 775 5155 ’.τε
808 5074 929 5155 add.
958 5074 1021 5127 A.
1074 5072 1164 5155 ,ξιθ
1199 5078 1562 5155 ὑπομνηματα
1588 5072 2252 5155 καταλείπωνδιιίιίιίείν.
2304 5084 2481 5154 Λήθη,
2522 5072 2893 5155 ὑπομνήματα
2912 5072 3236 5138 Ϊκαταλιπὼν
3281 5072 3361 5138 Δ”;
3389 5072 3617 5153 ἆπομνή-

387 5141 873 5226 μαθταδκαταλιττών
915 5161 972 5226 ς.
1074 5145 1113 5174 ¹¹
1152 5146 1287 5226 πρὸς
1311 5141 1571 5218 ἆλήθειαν
1625 5149 1742 5219 μετ’
1770 5152 1976 5206 ἐκεῖνον
2010 5168 2069 5215 ς.
2152 5154 2193 5184 ⁸³
2225 5141 2701 5209 κατανωίέίσασθαι
2726 5141 2957 5210 ”5υἱι1ιιε
3016 5158 3071 5211 ll.
3099 5171 3152 5209 ν.
3209 5166 3263 5209 et
3293 5171 3414 5210 mox
3448 5141 3616 5226 μέἱζὼο

388 5214 429 5241 ¹³
449 5211 700 5282 διαδοχῆς
739 5212 798 5265 τὸ
825 5216 905 5266 A:
934 5211 1213 5286 διαγωγῆς
1254 5233 1318 5279 ς.

1934 5329 2171 5385 NOT/E.

424 5414 566 5497 .(ISQ
604 5414 840 5497 Marinus
892 5414 1062 5469 Procli
1090 5432 1438 5497 successor:
1492 5419 1645 5489 cujus
1682 5428 1861 5476 exstat
1900 5424 1966 5477 de
2079 5494 2090 5497 Α
2148 5423 2264 5497 (2|)
2291 5423 2612 5481 Ptolcmmus
2634 5428 2956 5497 astrologus.
2979 5426 3615 5484 Tresbicversusaliunde

387 5484 699 5570 vita-ltroqu
743 5487 882 5566 illius
922 5487 1443 5570 aureolpsulibellufs‘.
1498 5562 1507 5570 _
1550 5484 1573 5570 ι’
1688 5560 1721 5570 ﬁ
2077 5484 2377 5570 inculcatas
2418 5497 2561 5570 docti
2613 5484 2997 5570 observarunt,
3049 5510 3104 5556 et
3146 5500 3327 5555 luxata
3368 5506 3520 5555 multa
3561 5510 3613 5551 ac

459 5553 576 5635 (illi
619 5554 767 5635 litoris
805 5559 853 5606 in
883 5559 1056 5635 sacris
1094 5556 1326 5635 Litteris
1382 5558 1627 5635 _Garizin.
1688 5560 1843 5617 Deut.
1879 5579 1959 5628 XI,
2074 5566 2393 5635 detruncata
2423 5566 2475 5618 iu
2507 5567 2606 5621 bac
2637 5569 2748 5635 ipsa
2771 5570 2902 5622 vita.

389 5621 727 5704 99;n1‘4Ill‘ll.C.
763 5640 837 5704 ix,
883 5626 944 5687 7;
997 5637 1050 5679 et
1092 5627 1131 5704 l_l
1191 5625 1434 5704 Machab.
1487 5647 1561 5696 vr,
1590 5633 1643 5686 Ὦ.
1946 5621 1956 5628 ’
2146 5633 2256 5704 (‘Ml
2290 5633 2552 5691 Proverb.
2581 5648 2634 5692 et
2657 5621 2883 5693 'llonier.

468 5692 579 5763 (20)
613 5696 953 5750 Abrabamus
988 5700 1318 5765 patriarcha.
