  <div class='ocr_page' id='page_1' title='image "/cluster/home/n/w/nwhite01/storage/ocr_20150623/103:no.3/coo.31924054870070/658.png"; bbox 0 0 3924 6436; ppageno 0'>
   <div class='ocr_carea' id='block_1_1' title="bbox 311 258 3593 327">
    <p class='ocr_par' dir='ltr' id='par_1_1' title="bbox 311 258 3593 327">
     <span class='ocr_line' id='line_1_1' title="bbox 311 258 3593 327; baseline 0.002 -6"><span class='ocrx_word' id='word_1_1' title='bbox 311 258 457 325; x_wconf 73' lang='lat'><strong>1285</strong></span> <span class='ocrx_word' id='word_1_2' title='bbox 1422 258 1952 319; x_wconf 79' lang='lat' dir='ltr'><strong>BIBLIOTIIECA.</strong></span> <span class='ocrx_word' id='word_1_3' title='bbox 1995 285 2061 294; x_wconf 85' lang='lat'><strong>--</strong></span> <span class='ocrx_word' id='word_1_4' title='bbox 2102 260 2266 320; x_wconf 77' lang='lat' dir='ltr'><strong>COD.</strong></span> <span class='ocrx_word' id='word_1_5' title='bbox 2303 260 2580 322; x_wconf 84' lang='lat' dir='ltr'><strong>CCXLII.</strong></span> <span class='ocrx_word' id='word_1_6' title='bbox 3457 262 3593 327; x_wconf 67' lang='lat'><strong>1286</strong></span> 
     </span>
    </p>
   </div>
   <div class='ocr_carea' id='block_1_2' title="bbox 289 372 1838 447">
    <p class='ocr_par' dir='ltr' id='par_1_2' title="bbox 289 373 1838 447">
     <span class='ocr_line' id='line_1_2' title="bbox 289 373 1838 447; baseline -0.003 -19"><span class='ocrx_word' id='word_1_7' title='bbox 289 376 477 447; x_wconf 60' lang='lat'><strong>110.37</strong></span> <span class='ocrx_word' id='word_1_8' title='bbox 531 373 624 445; x_wconf 61' lang='lat' dir='ltr'><strong>IL]</strong></span> <span class='ocrx_word' id='word_1_9' title='bbox 668 373 864 437; x_wconf 78' lang='grc' dir='ltr'>Δεδιὼς</span> <span class='ocrx_word' id='word_1_10' title='bbox 910 374 953 428; x_wconf 77' lang='grc' dir='ltr'>δ’</span> <span class='ocrx_word' id='word_1_11' title='bbox 987 377 1016 428; x_wconf 98' lang='lat'><strong>6</strong></span> <span class='ocrx_word' id='word_1_12' title='bbox 1049 373 1291 445; x_wconf 82' lang='grc' dir='ltr'>Πρόκλος</span> <span class='ocrx_word' id='word_1_13' title='bbox 1341 376 1469 446; x_wconf 73' lang='grc' dir='ltr'>περὶ</span> <span class='ocrx_word' id='word_1_14' title='bbox 1507 376 1573 444; x_wconf 81' lang='grc' dir='ltr'>τῇ</span> <span class='ocrx_word' id='word_1_15' title='bbox 1613 374 1838 427; x_wconf 84' lang='grc' dir='ltr'><strong>Πλάτων</strong></span> 
     </span>
    </p>
   </div>
   <div class='ocr_carea' id='block_1_3' title="bbox 2044 372 3593 447">
    <p class='ocr_par' dir='ltr' id='par_1_3' title="bbox 2053 372 3593 443">
     <span class='ocr_line' id='line_1_3' title="bbox 2053 372 3593 443; baseline 0 -14"><span class='ocrx_word' id='word_1_16' title='bbox 2053 389 2180 429; x_wconf 88' lang='lat' dir='ltr'><strong>erus</strong></span> <span class='ocrx_word' id='word_1_17' title='bbox 2222 373 2577 443; x_wconf 76' lang='lat' dir='ltr'><strong>philosophiae</strong></span> <span class='ocrx_word' id='word_1_18' title='bbox 2606 389 2761 430; x_wconf 91' lang='lat' dir='ltr'><strong>amor</strong></span> <span class='ocrx_word' id='word_1_19' title='bbox 2791 372 3071 440; x_wconf 82' lang='lat' dir='ltr'><strong>inseritur,</strong></span> <span class='ocrx_word' id='word_1_20' title='bbox 3114 383 3171 429; x_wconf 89' lang='lat' dir='ltr'><strong>et</strong></span> <span class='ocrx_word' id='word_1_21' title='bbox 3200 373 3344 429; x_wconf 86' lang='lat' dir='ltr'><strong>omni</strong></span> <span class='ocrx_word' id='word_1_22' title='bbox 3371 382 3593 430; x_wconf 91' lang='lat' dir='ltr'><strong>terreno</strong></span> 
     </span>
    </p>
   </div>
   <div class='ocr_carea' id='block_1_4' title="bbox 297 463 1846 537">
    <p class='ocr_par' dir='ltr' id='par_1_4' title="bbox 297 463 1846 537">
     <span class='ocr_line' id='line_1_4' title="bbox 297 463 1846 537; baseline -0.003 -18"><span class='ocrx_word' id='word_1_23' title='bbox 297 469 489 536; x_wconf 74' lang='grc' dir='ltr'>χρυσῇ</span> <span class='ocrx_word' id='word_1_24' title='bbox 525 465 604 535; x_wconf 81' lang='grc' dir='ltr'><strong>τῷ</strong></span> <span class='ocrx_word' id='word_1_25' title='bbox 631 464 744 516; x_wconf 80' lang='grc' dir='ltr'>ὄντι</span> <span class='ocrx_word' id='word_1_26' title='bbox 782 465 962 536; x_wconf 81' lang='grc' dir='ltr'><strong>σειρᾷ,</strong></span> <span class='ocrx_word' id='word_1_27' title='bbox 998 464 1073 537; x_wconf 84' lang='grc' dir='ltr'>μὴ</span> <span class='ocrx_word' id='word_1_28' title='bbox 1112 466 1245 535; x_wconf 86' lang='grc' dir='ltr'>ἡμῖν</span> <span class='ocrx_word' id='word_1_29' title='bbox 1276 464 1518 535; x_wconf 79' lang='grc' dir='ltr'><strong>ἀπολίπῃ</strong></span> <span class='ocrx_word' id='word_1_30' title='bbox 1545 463 1591 495; x_wconf 68' lang='grc'><strong>¹³</strong></span> <span class='ocrx_word' id='word_1_31' title='bbox 1614 463 1711 535; x_wconf 86' lang='grc' dir='ltr'><strong>τὴν</strong></span> <span class='ocrx_word' id='word_1_32' title='bbox 1747 463 1846 517; x_wconf 90' lang='grc' dir='ltr'><strong>πόλ</strong></span> 
     </span>
    </p>
   </div>
   <div class='ocr_carea' id='block_1_5' title="bbox 2043 463 3592 537">
    <p class='ocr_par' dir='ltr' id='par_1_5' title="bbox 2045 465 3592 536">
     <span class='ocr_line' id='line_1_5' title="bbox 2045 465 3592 536; baseline 0 -18"><span class='ocrx_word' id='word_1_33' title='bbox 2045 465 2224 520; x_wconf 88' lang='lat' dir='ltr'><strong>iuculo</strong></span> <span class='ocrx_word' id='word_1_34' title='bbox 2258 466 2526 536; x_wconf 76' lang='lat' dir='ltr'><strong>disrupta,</strong></span> <span class='ocrx_word' id='word_1_35' title='bbox 2564 466 2810 521; x_wconf 78' lang='lat' dir='ltr'><strong>Athenas</strong></span> <span class='ocrx_word' id='word_1_36' title='bbox 2854 467 2979 521; x_wconf 92' lang='lat' dir='ltr'><strong>odio</strong></span> <span class='ocrx_word' id='word_1_37' title='bbox 3024 466 3265 519; x_wconf 91' lang='lat' dir='ltr'><strong>omnium</strong></span> <span class='ocrx_word' id='word_1_38' title='bbox 3308 468 3592 530; x_wconf 86' lang='lat' dir='ltr'><strong>bonorum,</strong></span> 
     </span>
    </p>
   </div>
   <div class='ocr_carea' id='block_1_6' title="bbox 293 554 1842 627">
    <p class='ocr_par' dir='ltr' id='par_1_6' title="bbox 293 555 1842 627">
     <span class='ocr_line' id='line_1_6' title="bbox 293 555 1842 627; baseline 0 -20"><span class='ocrx_word' id='word_1_39' title='bbox 293 557 408 627; x_wconf 79' lang='grc' dir='ltr'>τῆς</span> <span class='ocrx_word' id='word_1_40' title='bbox 451 557 713 626; x_wconf 86' lang='grc' dir='ltr'>.Ἀθηνᾶς.</span> <span class='ocrx_word' id='word_1_41' title='bbox 750 556 948 619; x_wconf 82' lang='grc' dir='ltr'>Δεδιὼς</span> <span class='ocrx_word' id='word_1_42' title='bbox 976 557 1033 609; x_wconf 81' lang='grc' dir='ltr'><strong>δὲ</strong></span> <span class='ocrx_word' id='word_1_43' title='bbox 1066 557 1158 609; x_wconf 77' lang='grc' dir='ltr'><strong>ἐπὶ</strong></span> <span class='ocrx_word' id='word_1_44' title='bbox 1184 556 1262 627; x_wconf 81' lang='grc' dir='ltr'><strong>τῷ</strong></span> <span class='ocrx_word' id='word_1_45' title='bbox 1295 556 1525 627; x_wconf 82' lang='grc' dir='ltr'>Μαρίνῳ</span> <span class='ocrx_word' id='word_1_46' title='bbox 1547 556 1635 609; x_wconf 84' lang='grc' dir='ltr'>διὰ</span> <span class='ocrx_word' id='word_1_47' title='bbox 1664 555 1763 627; x_wconf 84' lang='grc' dir='ltr'>τὴν</span> <span class='ocrx_word' id='word_1_48' title='bbox 1803 573 1842 607; x_wconf 83' lang='grc' dir='ltr'><strong>τ⁴</strong></span> 
     </span>
    </p>
   </div>
   <div class='ocr_carea' id='block_1_7' title="bbox 2047 554 3596 627">
    <p class='ocr_par' dir='ltr' id='par_1_7' title="bbox 2048 557 3596 627">
     <span class='ocr_line' id='line_1_7' title="bbox 2048 557 3596 627; baseline 0.003 -20"><span class='ocrx_word' id='word_1_49' title='bbox 2048 557 2436 624; x_wconf 87' lang='lat' dir='ltr'><strong>ivitiarumque</strong></span> <span class='ocrx_word' id='word_1_50' title='bbox 2460 568 2771 627; x_wconf 90' lang='lat' dir='ltr'><strong>contemptu</strong></span> <span class='ocrx_word' id='word_1_51' title='bbox 2797 559 2964 613; x_wconf 85' lang='lat' dir='ltr'><strong>venit.</strong></span> <span class='ocrx_word' id='word_1_52' title='bbox 2996 557 3145 613; x_wconf 84' lang='lat' dir='ltr'><strong>Talis</strong></span> <span class='ocrx_word' id='word_1_53' title='bbox 3165 559 3328 613; x_wconf 87' lang='lat' dir='ltr'><strong>etiam</strong></span> <span class='ocrx_word' id='word_1_54' title='bbox 3360 559 3596 626; x_wconf 85' lang='lat' dir='ltr'><strong>philoso-</strong></span> 
     </span>
    </p>
   </div>
   <div class='ocr_carea' id='block_1_8' title="bbox 296 647 1845 721">
    <p class='ocr_par' dir='ltr' id='par_1_8' title="bbox 296 647 1845 721">
     <span class='ocr_line' id='line_1_8' title="bbox 296 647 1845 721; baseline -0.001 -19"><span class='ocrx_word' id='word_1_55' title='bbox 296 651 564 720; x_wconf 75' lang='grc' dir='ltr'>σώματος</span> <span class='ocrx_word' id='word_1_56' title='bbox 597 648 906 703; x_wconf 88' lang='grc' dir='ltr'>ἀσθένειαν.</span> <span class='ocrx_word' id='word_1_57' title='bbox 946 649 1225 721; x_wconf 76' lang='grc' dir='ltr'>Ἀληθινὺς</span> <span class='ocrx_word' id='word_1_58' title='bbox 1253 650 1392 719; x_wconf 79' lang='grc' dir='ltr'>ἔρως</span> <span class='ocrx_word' id='word_1_59' title='bbox 1421 647 1785 718; x_wconf 78' lang='grc' dir='ltr'>ἐμφυτεύεται</span> <span class='ocrx_word' id='word_1_60' title='bbox 1810 666 1845 716; x_wconf 90' lang='grc' dir='ltr'><strong>φ</strong></span> 
     </span>
    </p>
   </div>
   <div class='ocr_carea' id='block_1_9' title="bbox 2047 647 3596 721">
    <p class='ocr_par' dir='ltr' id='par_1_9' title="bbox 2047 648 3596 721">
     <span class='ocr_line' id='line_1_9' title="bbox 2047 648 3596 721; baseline 0.003 -21"><span class='ocrx_word' id='word_1_61' title='bbox 2047 648 2143 702; x_wconf 89' lang='lat' dir='ltr'><strong>bus</strong></span> <span class='ocrx_word' id='word_1_62' title='bbox 2171 648 2479 706; x_wconf 89' lang='lat' dir='ltr'><strong>Zenodotus</strong></span> <span class='ocrx_word' id='word_1_63' title='bbox 2509 650 2679 705; x_wconf 80' lang='lat' dir='ltr'><strong>fuisse</strong></span> <span class='ocrx_word' id='word_1_64' title='bbox 2717 651 2938 718; x_wconf 91' lang='lat' dir='ltr'><strong>dicitur,</strong></span> <span class='ocrx_word' id='word_1_65' title='bbox 2970 652 3063 721; x_wconf 89' lang='lat' dir='ltr'><strong>qui</strong></span> <span class='ocrx_word' id='word_1_66' title='bbox 3093 652 3241 706; x_wconf 90' lang='lat' dir='ltr'><strong>solus</strong></span> <span class='ocrx_word' id='word_1_67' title='bbox 3271 652 3465 721; x_wconf 83' lang='lat' dir='ltr'><strong>dignus</strong></span> <span class='ocrx_word' id='word_1_68' title='bbox 3495 651 3596 704; x_wconf 82' lang='lat' dir='ltr'><strong>fuit</strong></span> 
     </span>
    </p>
   </div>
   <div class='ocr_carea' id='block_1_10' title="bbox 291 740 1840 813">
    <p class='ocr_par' dir='ltr' id='par_1_10' title="bbox 291 740 1840 813">
     <span class='ocr_line' id='line_1_10' title="bbox 291 740 1840 813; baseline 0 -19"><span class='ocrx_word' id='word_1_69' title='bbox 291 741 566 811; x_wconf 81' lang='grc' dir='ltr'>λοσοφίας</span> <span class='ocrx_word' id='word_1_70' title='bbox 618 742 659 773; x_wconf 80' lang='grc'><strong>¹⁵</strong></span> <span class='ocrx_word' id='word_1_71' title='bbox 702 742 792 795; x_wconf 79' lang='grc' dir='ltr'><strong>καὶ</strong></span> <span class='ocrx_word' id='word_1_72' title='bbox 843 743 1018 795; x_wconf 75' lang='grc' dir='ltr'>πάντα</span> <span class='ocrx_word' id='word_1_73' title='bbox 1061 745 1270 811; x_wconf 82' lang='grc' dir='ltr'><strong>γηγενῆ</strong></span> <span class='ocrx_word' id='word_1_74' title='bbox 1313 741 1512 811; x_wconf 84' lang='grc' dir='ltr'>δεσμὸν</span> <span class='ocrx_word' id='word_1_75' title='bbox 1555 740 1840 813; x_wconf 78' lang='grc' dir='ltr'>ἀπορῤήξα</span> 
     </span>
    </p>
   </div>
   <div class='ocr_carea' id='block_1_11' title="bbox 2046 740 3595 813">
    <p class='ocr_par' dir='ltr' id='par_1_11' title="bbox 2046 742 3595 813">
     <span class='ocr_line' id='line_1_11' title="bbox 2046 742 3595 813; baseline 0.002 -20"><span class='ocrx_word' id='word_1_76' title='bbox 2046 742 2215 796; x_wconf 68' lang='lat' dir='ltr'><strong>elicite</strong></span> <span class='ocrx_word' id='word_1_77' title='bbox 2251 742 2428 797; x_wconf 84' lang='lat' dir='ltr'><strong>Procli</strong></span> <span class='ocrx_word' id='word_1_78' title='bbox 2467 745 2671 810; x_wconf 82' lang='lat' dir='ltr'><strong>vocari,</strong></span> <span class='ocrx_word' id='word_1_79' title='bbox 2706 744 2772 799; x_wconf 91' lang='lat' dir='ltr'><strong>de</strong></span> <span class='ocrx_word' id='word_1_80' title='bbox 2797 760 2905 813; x_wconf 94' lang='lat' dir='ltr'><strong>quo</strong></span> <span class='ocrx_word' id='word_1_81' title='bbox 2932 744 3227 799; x_wconf 80' lang='lat' dir='ltr'><strong>maximam</strong></span> <span class='ocrx_word' id='word_1_82' title='bbox 3259 746 3421 799; x_wconf 87' lang='lat' dir='ltr'><strong>etiam</strong></span> <span class='ocrx_word' id='word_1_83' title='bbox 3445 759 3595 812; x_wconf 84' lang='lat' dir='ltr'><strong>spem</strong></span> 
     </span>
    </p>
   </div>
   <div class='ocr_carea' id='block_1_12' title="bbox 288 832 1837 917">
    <p class='ocr_par' dir='ltr' id='par_1_12' title="bbox 288 832 1837 903">
     <span class='ocr_line' id='line_1_12' title="bbox 288 832 1837 903; baseline 0.001 -20"><span class='ocrx_word' id='word_1_84' title='bbox 288 833 535 895; x_wconf 77' lang='grc' dir='ltr'><strong>ἐλπίδας</strong></span> <span class='ocrx_word' id='word_1_85' title='bbox 582 850 642 885; x_wconf 94' lang='grc' dir='ltr'><strong>τε</strong></span> <span class='ocrx_word' id='word_1_86' title='bbox 692 833 871 896; x_wconf 84' lang='grc' dir='ltr'>πάσας</span> <span class='ocrx_word' id='word_1_87' title='bbox 917 832 1053 902; x_wconf 78' lang='grc' dir='ltr'>ὁμοῦ</span> <span class='ocrx_word' id='word_1_88' title='bbox 1093 834 1136 863; x_wconf 75' lang='grc'><strong>³⁸</strong></span> <span class='ocrx_word' id='word_1_89' title='bbox 1164 833 1341 903; x_wconf 76' lang='grc' dir='ltr'>τιμῶν</span> <span class='ocrx_word' id='word_1_90' title='bbox 1370 851 1427 885; x_wconf 88' lang='grc' dir='ltr'><strong>τε</strong></span> <span class='ocrx_word' id='word_1_91' title='bbox 1460 834 1553 887; x_wconf 79' lang='grc' dir='ltr'><strong>καὶ</strong></span> <span class='ocrx_word' id='word_1_92' title='bbox 1597 833 1837 903; x_wconf 85' lang='grc' dir='ltr'>χρημάτι</span> 
     </span>
    </p>
   </div>
   <div class='ocr_carea' id='block_1_13' title="bbox 2044 832 3593 917">
    <p class='ocr_par' dir='ltr' id='par_1_13' title="bbox 2044 834 3593 917">
     <span class='ocr_line' id='line_1_13' title="bbox 2044 834 3593 917; baseline 0.003 -34"><span class='ocrx_word' id='word_1_93' title='bbox 2044 834 2273 902; x_wconf 80' lang='lat' dir='ltr'><strong>nnccpil,</strong></span> <span class='ocrx_word' id='word_1_94' title='bbox 2309 850 2407 917; x_wconf 76' lang='lat' dir='ltr'><strong>nec</strong></span> <span class='ocrx_word' id='word_1_95' title='bbox 2438 851 2565 905; x_wconf 86' lang='lat' dir='ltr'><strong>erga</strong></span> <span class='ocrx_word' id='word_1_96' title='bbox 2603 837 2751 890; x_wconf 89' lang='lat' dir='ltr'><strong>illum</strong></span> <span class='ocrx_word' id='word_1_97' title='bbox 2785 839 3020 905; x_wconf 89' lang='lat' dir='ltr'><strong>superbe</strong></span> <span class='ocrx_word' id='word_1_98' title='bbox 3048 852 3107 891; x_wconf 89' lang='lat' dir='ltr'><strong>se</strong></span> <span class='ocrx_word' id='word_1_99' title='bbox 3137 838 3381 907; x_wconf 72' lang='lat' dir='ltr'><strong>gerebat,</strong></span> <span class='ocrx_word' id='word_1_100' title='bbox 3420 851 3593 904; x_wconf 90' lang='lat' dir='ltr'><strong>neque</strong></span> 
     </span>
    </p>
   </div>
   <div class='ocr_carea' id='block_1_14' title="bbox 288 925 1837 999">
    <p class='ocr_par' dir='ltr' id='par_1_14' title="bbox 288 925 1837 997">
     <span class='ocr_line' id='line_1_14' title="bbox 288 925 1837 997; baseline 0.001 -20"><span class='ocrx_word' id='word_1_101' title='bbox 288 928 728 997; x_wconf 81' lang='grc' dir='ltr'><strong>καταπατήσας,</strong></span> <span class='ocrx_word' id='word_1_102' title='bbox 790 928 1102 997; x_wconf 83' lang='grc' dir='ltr'>ἀφικνεῖται</span> <span class='ocrx_word' id='word_1_103' title='bbox 1164 925 1431 996; x_wconf 81' lang='grc' dir='ltr'>Ἀθήναζε</span> <span class='ocrx_word' id='word_1_104' title='bbox 1480 927 1543 978; x_wconf 85' lang='grc'><strong>¹⁷.</strong></span> <span class='ocrx_word' id='word_1_105' title='bbox 1617 925 1781 979; x_wconf 85' lang='grc' dir='ltr'>Ἀλλά</span> <span class='ocrx_word' id='word_1_106' title='bbox 1835 945 1837 954; x_wconf 60' lang='grc' dir='ltr'><strong><em>λ</em></strong></span> 
     </span>
    </p>
   </div>
   <div class='ocr_carea' id='block_1_15' title="bbox 2046 925 3595 999">
    <p class='ocr_par' dir='ltr' id='par_1_15' title="bbox 2055 928 3595 999">
     <span class='ocr_line' id='line_1_15' title="bbox 2055 928 3595 999; baseline 0.003 -22"><span class='ocrx_word' id='word_1_107' title='bbox 2055 928 2223 981; x_wconf 87' lang='lat' dir='ltr'><strong>uister</strong></span> <span class='ocrx_word' id='word_1_108' title='bbox 2257 938 2396 994; x_wconf 85' lang='lat' dir='ltr'><strong>erat,</strong></span> <span class='ocrx_word' id='word_1_109' title='bbox 2432 946 2531 987; x_wconf 84' lang='lat' dir='ltr'><strong>uec</strong></span> <span class='ocrx_word' id='word_1_110' title='bbox 2553 930 2828 997; x_wconf 89' lang='lat' dir='ltr'><strong>colloquio</strong></span> <span class='ocrx_word' id='word_1_111' title='bbox 2861 930 3119 995; x_wconf 89' lang='lat' dir='ltr'><strong>tumidus,</strong></span> <span class='ocrx_word' id='word_1_112' title='bbox 3170 929 3295 984; x_wconf 88' lang='lat' dir='ltr'><strong>licet</strong></span> <span class='ocrx_word' id='word_1_113' title='bbox 3334 929 3595 999; x_wconf 77' lang='lat' dir='ltr'><strong>praeditus</strong></span> 
     </span>
    </p>
   </div>
   <div class='ocr_carea' id='block_1_16' title="bbox 283 1017 1832 1091">
    <p class='ocr_par' dir='ltr' id='par_1_16' title="bbox 283 1017 1832 1087">
     <span class='ocr_line' id='line_1_16' title="bbox 283 1017 1832 1087; baseline -0.001 -18"><span class='ocrx_word' id='word_1_114' title='bbox 283 1020 546 1081; x_wconf 79' lang='grc' dir='ltr'>τοιοῦτος</span> <span class='ocrx_word' id='word_1_115' title='bbox 598 1018 693 1071; x_wconf 72' lang='grc' dir='ltr'><strong>καὶ</strong></span> <span class='ocrx_word' id='word_1_116' title='bbox 739 1020 766 1071; x_wconf 91' lang='lat'><strong>6</strong></span> <span class='ocrx_word' id='word_1_117' title='bbox 807 1018 1095 1086; x_wconf 84' lang='grc' dir='ltr'>φιλόσοφος</span> <span class='ocrx_word' id='word_1_118' title='bbox 1147 1019 1441 1087; x_wconf 77' lang='grc' dir='ltr'>ἱστορεῖται</span> <span class='ocrx_word' id='word_1_119' title='bbox 1495 1018 1537 1049; x_wconf 84' lang='grc'><strong>¹⁸</strong></span> <span class='ocrx_word' id='word_1_120' title='bbox 1585 1017 1832 1086; x_wconf 69' lang='grc' dir='ltr'>Ζηνόδοτι</span> 
     </span>
    </p>
   </div>
   <div class='ocr_carea' id='block_1_17' title="bbox 2043 1017 3592 1091">
    <p class='ocr_par' dir='ltr' id='par_1_17' title="bbox 2043 1019 3592 1091">
     <span class='ocr_line' id='line_1_17' title="bbox 2043 1019 3592 1091; baseline 0.003 -22"><span class='ocrx_word' id='word_1_121' title='bbox 2043 1029 2147 1071; x_wconf 76' lang='lat' dir='ltr'><strong>sset</strong></span> <span class='ocrx_word' id='word_1_122' title='bbox 2185 1019 2466 1075; x_wconf 90' lang='lat' dir='ltr'><strong>nobilitate</strong></span> <span class='ocrx_word' id='word_1_123' title='bbox 2514 1021 2739 1089; x_wconf 88' lang='lat' dir='ltr'><strong>imperio</strong></span> <span class='ocrx_word' id='word_1_124' title='bbox 2772 1031 2950 1090; x_wconf 80' lang='lat' dir='ltr'><strong>parta,</strong></span> <span class='ocrx_word' id='word_1_125' title='bbox 2987 1031 3040 1073; x_wconf 83' lang='lat' dir='ltr'><strong>et</strong></span> <span class='ocrx_word' id='word_1_126' title='bbox 3070 1020 3441 1091; x_wconf 78' lang='lat' dir='ltr'><strong>generositate</strong></span> <span class='ocrx_word' id='word_1_127' title='bbox 3475 1035 3592 1073; x_wconf 90' lang='lat' dir='ltr'><strong>mo-</strong></span> 
     </span>
    </p>
   </div>
   <div class='ocr_carea' id='block_1_18' title="bbox 284 1107 1833 1179">
    <p class='ocr_par' dir='ltr' id='par_1_18' title="bbox 284 1107 1833 1179">
     <span class='ocr_line' id='line_1_18' title="bbox 284 1107 1833 1179; baseline 0.001 -21"><span class='ocrx_word' id='word_1_128' title='bbox 284 1108 536 1161; x_wconf 82' lang='grc' dir='ltr'>παιδικὰ</span> <span class='ocrx_word' id='word_1_129' title='bbox 552 1108 645 1160; x_wconf 83' lang='grc' dir='ltr'><strong>τοῦ</strong></span> <span class='ocrx_word' id='word_1_130' title='bbox 668 1107 915 1179; x_wconf 82' lang='grc' dir='ltr'><strong>Πρόκλου</strong></span> <span class='ocrx_word' id='word_1_131' title='bbox 949 1107 1233 1161; x_wconf 86' lang='grc' dir='ltr'>καλεῖσθαι</span> <span class='ocrx_word' id='word_1_132' title='bbox 1261 1108 1419 1177; x_wconf 83' lang='grc' dir='ltr'>μόνος</span> <span class='ocrx_word' id='word_1_133' title='bbox 1447 1107 1723 1172; x_wconf 74' lang='grc' dir='ltr'>ἀξιωθεὶς,</span> <span class='ocrx_word' id='word_1_134' title='bbox 1748 1108 1833 1177; x_wconf 82' lang='grc' dir='ltr'>ἐφ’</span> 
     </span>
    </p>
   </div>
   <div class='ocr_carea' id='block_1_19' title="bbox 2043 1107 3592 1179">
    <p class='ocr_par' dir='ltr' id='par_1_19' title="bbox 2043 1107 3592 1179">
     <span class='ocr_line' id='line_1_19' title="bbox 2043 1107 3592 1179; baseline 0.001 -19"><span class='ocrx_word' id='word_1_135' title='bbox 2043 1124 2124 1161; x_wconf 91' lang='lat' dir='ltr'><strong>nm</strong></span> <span class='ocrx_word' id='word_1_136' title='bbox 2156 1147 2172 1171; x_wconf 97' lang='lat'><strong>,</strong></span> <span class='ocrx_word' id='word_1_137' title='bbox 2242 1119 2546 1179; x_wconf 86' lang='lat' dir='ltr'><strong>apertoque</strong></span> <span class='ocrx_word' id='word_1_138' title='bbox 2590 1111 2770 1165; x_wconf 91' lang='lat' dir='ltr'><strong>studio</strong></span> <span class='ocrx_word' id='word_1_139' title='bbox 2813 1124 3051 1179; x_wconf 89' lang='lat' dir='ltr'><strong>curaque</strong></span> <span class='ocrx_word' id='word_1_140' title='bbox 3094 1109 3403 1163; x_wconf 83' lang='lat' dir='ltr'><strong>verborum.</strong></span> <span class='ocrx_word' id='word_1_141' title='bbox 3443 1107 3592 1161; x_wconf 84' lang='lat' dir='ltr'><strong>Alios</strong></span> 
     </span>
    </p>
   </div>
   <div class='ocr_carea' id='block_1_20' title="bbox 280 1194 1829 1272">
    <p class='ocr_par' dir='ltr' id='par_1_20' title="bbox 280 1194 1826 1272">
     <span class='ocr_line' id='line_1_20' title="bbox 280 1194 1826 1272; baseline -0.001 -18"><span class='ocrx_word' id='word_1_142' title='bbox 280 1194 339 1267; x_wconf 76' lang='grc' dir='ltr'><strong>ᾧ</strong></span> <span class='ocrx_word' id='word_1_143' title='bbox 370 1200 439 1272; x_wconf 80' lang='grc' dir='ltr'>δὴ</span> <span class='ocrx_word' id='word_1_144' title='bbox 466 1200 562 1254; x_wconf 67' lang='grc' dir='ltr'><strong>καλ⁸</strong></span> <span class='ocrx_word' id='word_1_145' title='bbox 590 1198 689 1261; x_wconf 80' lang='grc' dir='ltr'><strong>τὰς</strong></span> <span class='ocrx_word' id='word_1_146' title='bbox 722 1200 957 1269; x_wconf 87' lang='grc' dir='ltr'>μάλιστα</span> <span class='ocrx_word' id='word_1_147' title='bbox 985 1202 1203 1270; x_wconf 75' lang='grc' dir='ltr'>ἐπεῖχεν</span> <span class='ocrx_word' id='word_1_148' title='bbox 1237 1198 1476 1262; x_wconf 83' lang='grc' dir='ltr'>ἐλπίδας.</span> <span class='ocrx_word' id='word_1_149' title='bbox 1498 1199 1610 1253; x_wconf 75' lang='grc' dir='ltr'>Καὶ</span> <span class='ocrx_word' id='word_1_150' title='bbox 1631 1200 1731 1251; x_wconf 89' lang='grc' dir='ltr'><strong>οὐκ</strong></span> <span class='ocrx_word' id='word_1_151' title='bbox 1758 1194 1826 1268; x_wconf 77' lang='grc' dir='ltr'>ἦν</span> 
     </span>
    </p>
   </div>
   <div class='ocr_carea' id='block_1_21' title="bbox 2045 1194 3594 1272">
    <p class='ocr_par' dir='ltr' id='par_1_21' title="bbox 2045 1199 3594 1269">
     <span class='ocr_line' id='line_1_21' title="bbox 2045 1199 3594 1269; baseline -0.001 -15"><span class='ocrx_word' id='word_1_152' title='bbox 2045 1201 2071 1252; x_wconf 83' lang='lat' dir='ltr'><strong>tl</strong></span> <span class='ocrx_word' id='word_1_153' title='bbox 2094 1216 2259 1269; x_wconf 84' lang='lat' dir='ltr'><strong>grave</strong></span> <span class='ocrx_word' id='word_1_154' title='bbox 2281 1201 2569 1256; x_wconf 89' lang='lat' dir='ltr'><strong>concilium</strong></span> <span class='ocrx_word' id='word_1_155' title='bbox 2595 1212 2953 1267; x_wconf 77' lang='lat' dir='ltr'><strong>convocatos,</strong></span> <span class='ocrx_word' id='word_1_156' title='bbox 2980 1216 3086 1255; x_wconf 89' lang='lat' dir='ltr'><strong>non</strong></span> <span class='ocrx_word' id='word_1_157' title='bbox 3110 1201 3273 1254; x_wconf 86' lang='lat' dir='ltr'><strong>modo</strong></span> <span class='ocrx_word' id='word_1_158' title='bbox 3296 1199 3594 1269; x_wconf 84' lang='lat' dir='ltr'><strong>superabat</strong></span> 
     </span>
    </p>
   </div>
   <div class='ocr_carea' id='block_1_22' title="bbox 277 1288 1826 1363">
    <p class='ocr_par' dir='ltr' id='par_1_22' title="bbox 277 1290 1826 1363">
     <span class='ocr_line' id='line_1_22' title="bbox 277 1290 1826 1363; baseline 0 -19"><span class='ocrx_word' id='word_1_159' title='bbox 277 1309 386 1354; x_wconf 84' lang='grc' dir='ltr'><strong>τις</strong></span> <span class='ocrx_word' id='word_1_160' title='bbox 424 1292 532 1363; x_wconf 82' lang='grc' dir='ltr'>ἄρα</span> <span class='ocrx_word' id='word_1_161' title='bbox 572 1292 706 1362; x_wconf 75' lang='grc' dir='ltr'>πρὸς</span> <span class='ocrx_word' id='word_1_162' title='bbox 734 1292 897 1344; x_wconf 79' lang='grc' dir='ltr'>αὐτὸν</span> <span class='ocrx_word' id='word_1_163' title='bbox 931 1291 1150 1357; x_wconf 79' lang='grc' dir='ltr'>ἀλαζὼν</span> <span class='ocrx_word' id='word_1_164' title='bbox 1181 1292 1305 1346; x_wconf 90' lang='grc' dir='ltr'><strong>οὐδέ</strong></span> <span class='ocrx_word' id='word_1_165' title='bbox 1352 1294 1541 1357; x_wconf 77' lang='grc' dir='ltr'>σκαιὸς</span> <span class='ocrx_word' id='word_1_166' title='bbox 1576 1291 1695 1345; x_wconf 82' lang='grc' dir='ltr'>οὐδὲ</span> <span class='ocrx_word' id='word_1_167' title='bbox 1732 1290 1826 1345; x_wconf 84' lang='grc' dir='ltr'><strong>σοϐ</strong></span> 
     </span>
    </p>
   </div>
   <div class='ocr_carea' id='block_1_23' title="bbox 2039 1288 3588 1363">
    <p class='ocr_par' dir='ltr' id='par_1_23' title="bbox 2039 1290 3588 1362">
     <span class='ocr_line' id='line_1_23' title="bbox 2039 1290 3588 1362; baseline 0.003 -19"><span class='ocrx_word' id='word_1_168' title='bbox 2039 1290 2342 1360; x_wconf 88' lang='lat' dir='ltr'><strong>&#39;beogenes,</strong></span> <span class='ocrx_word' id='word_1_169' title='bbox 2374 1293 2466 1351; x_wconf 86' lang='lat' dir='ltr'><strong>sed</strong></span> <span class='ocrx_word' id='word_1_170' title='bbox 2491 1291 2603 1361; x_wconf 87' lang='lat' dir='ltr'><strong>jam</strong></span> <span class='ocrx_word' id='word_1_171' title='bbox 2638 1293 2804 1347; x_wconf 88' lang='lat' dir='ltr'><strong>etiam</strong></span> <span class='ocrx_word' id='word_1_172' title='bbox 2832 1293 3029 1362; x_wconf 84' lang='lat' dir='ltr'><strong>aliquis</strong></span> <span class='ocrx_word' id='word_1_173' title='bbox 3058 1302 3179 1347; x_wconf 81' lang='lat' dir='ltr'><strong>erat</strong></span> <span class='ocrx_word' id='word_1_174' title='bbox 3213 1292 3588 1362; x_wconf 86' lang='lat' dir='ltr'><strong>philosophus.</strong></span> 
     </span>
    </p>
   </div>
   <div class='ocr_carea' id='block_1_24' title="bbox 285 1382 1834 1457">
    <p class='ocr_par' dir='ltr' id='par_1_24' title="bbox 285 1385 1834 1457">
     <span class='ocr_line' id='line_1_24' title="bbox 285 1385 1834 1457; baseline 0 -18"><span class='ocrx_word' id='word_1_175' title='bbox 285 1385 397 1457; x_wconf 84' lang='grc' dir='ltr'><strong>ρὸς</strong></span> <span class='ocrx_word' id='word_1_176' title='bbox 429 1386 526 1456; x_wconf 79' lang='grc' dir='ltr'><strong>τὴν</strong></span> <span class='ocrx_word' id='word_1_177' title='bbox 554 1385 793 1453; x_wconf 74' lang='grc' dir='ltr'>ἔντευξιν</span> <span class='ocrx_word' id='word_1_178' title='bbox 828 1388 898 1444; x_wconf 74' lang='grc' dir='ltr'>ἰ,</span> <span class='ocrx_word' id='word_1_179' title='bbox 936 1388 1016 1455; x_wconf 83' lang='grc' dir='ltr'>Τῇ</span> <span class='ocrx_word' id='word_1_180' title='bbox 1048 1405 1107 1441; x_wconf 88' lang='grc' dir='ltr'><strong>τε</strong></span> <span class='ocrx_word' id='word_1_181' title='bbox 1137 1387 1198 1452; x_wconf 81' lang='grc' dir='ltr'><strong>ἐξ</strong></span> <span class='ocrx_word' id='word_1_182' title='bbox 1218 1388 1395 1457; x_wconf 83' lang='grc' dir='ltr'>ἀρχῆς</span> <span class='ocrx_word' id='word_1_183' title='bbox 1424 1387 1676 1457; x_wconf 81' lang='grc' dir='ltr'>εὐγενείᾳ</span> <span class='ocrx_word' id='word_1_184' title='bbox 1708 1386 1801 1440; x_wconf 74' lang='grc' dir='ltr'><strong>καὶ</strong></span> <span class='ocrx_word' id='word_1_185' title='bbox 1832 1410 1834 1420; x_wconf 77' lang='grc' dir='ltr'><strong>ι</strong></span> 
     </span>
    </p>
   </div>
   <div class='ocr_carea' id='block_1_25' title="bbox 2043 1382 3592 1457">
    <p class='ocr_par' dir='ltr' id='par_1_25' title="bbox 2043 1382 3592 1457">
     <span class='ocr_line' id='line_1_25' title="bbox 2043 1382 3592 1457; baseline -0.001 -19"><span class='ocrx_word' id='word_1_186' title='bbox 2043 1382 2213 1439; x_wconf 70' lang='lat' dir='ltr'><strong>ivitia:</strong></span> <span class='ocrx_word' id='word_1_187' title='bbox 2239 1386 2648 1441; x_wconf 90' lang='lat' dir='ltr'><strong>successionum</strong></span> <span class='ocrx_word' id='word_1_188' title='bbox 2685 1385 2762 1457; x_wconf 76' lang='lat' dir='ltr'><strong>[in</strong></span> <span class='ocrx_word' id='word_1_189' title='bbox 2792 1383 2941 1457; x_wconf 89' lang='lat' dir='ltr'><strong>ludo]</strong></span> <span class='ocrx_word' id='word_1_190' title='bbox 2969 1400 3098 1449; x_wconf 91' lang='lat' dir='ltr'><strong>non,</strong></span> <span class='ocrx_word' id='word_1_191' title='bbox 3129 1394 3187 1439; x_wconf 93' lang='lat' dir='ltr'><strong>ut</strong></span> <span class='ocrx_word' id='word_1_192' title='bbox 3215 1384 3458 1439; x_wconf 90' lang='lat' dir='ltr'><strong>nonnulli</strong></span> <span class='ocrx_word' id='word_1_193' title='bbox 3492 1398 3592 1452; x_wconf 83' lang='lat' dir='ltr'><strong>pu-</strong></span> 
     </span>
    </p>
   </div>
   <div class='ocr_carea' id='block_1_26' title="bbox 284 1474 1833 1551">
    <p class='ocr_par' dir='ltr' id='par_1_26' title="bbox 284 1478 1832 1551">
     <span class='ocr_line' id='line_1_26' title="bbox 284 1478 1832 1551; baseline 0.001 -21"><span class='ocrx_word' id='word_1_194' title='bbox 284 1480 692 1549; x_wconf 85' lang='grc' dir='ltr'>μεγαλειότητι</span> <span class='ocrx_word' id='word_1_195' title='bbox 726 1478 835 1532; x_wconf 84' lang='grc' dir='ltr'><strong>τῶν</strong></span> <span class='ocrx_word' id='word_1_196' title='bbox 864 1479 1084 1550; x_wconf 88' lang='grc' dir='ltr'>τρόπων</span> <span class='ocrx_word' id='word_1_197' title='bbox 1108 1481 1202 1534; x_wconf 73' lang='grc' dir='ltr'><strong>καὶ</strong></span> <span class='ocrx_word' id='word_1_198' title='bbox 1228 1482 1294 1551; x_wconf 81' lang='grc' dir='ltr'>τῇ</span> <span class='ocrx_word' id='word_1_199' title='bbox 1328 1480 1458 1550; x_wconf 79' lang='grc' dir='ltr'>περὶ</span> <span class='ocrx_word' id='word_1_200' title='bbox 1481 1480 1677 1547; x_wconf 80' lang='grc' dir='ltr'>λόγους</span> <span class='ocrx_word' id='word_1_201' title='bbox 1708 1479 1754 1510; x_wconf 80' lang='grc'>¹¹</span> <span class='ocrx_word' id='word_1_202' title='bbox 1784 1478 1832 1532; x_wconf 89' lang='grc' dir='ltr'><strong>δι</strong></span> 
     </span>
    </p>
   </div>
   <div class='ocr_carea' id='block_1_27' title="bbox 2041 1474 3590 1551">
    <p class='ocr_par' dir='ltr' id='par_1_27' title="bbox 2041 1474 3590 1545">
     <span class='ocr_line' id='line_1_27' title="bbox 2041 1474 3590 1545; baseline 0 -18"><span class='ocrx_word' id='word_1_203' title='bbox 2041 1484 2142 1540; x_wconf 82' lang='grc' dir='ltr'>ιηι,</span> <span class='ocrx_word' id='word_1_204' title='bbox 2181 1475 2515 1544; x_wconf 91' lang='lat' dir='ltr'><strong>temporibus</strong></span> <span class='ocrx_word' id='word_1_205' title='bbox 2564 1475 2809 1531; x_wconf 85' lang='lat' dir='ltr'><strong>Platonis</strong></span> <span class='ocrx_word' id='word_1_206' title='bbox 2855 1476 3023 1530; x_wconf 82' lang='lat' dir='ltr'><strong>luere.</strong></span> <span class='ocrx_word' id='word_1_207' title='bbox 3078 1474 3395 1545; x_wconf 10' lang='lat' dir='ltr'><strong>Plator(25)</strong></span> <span class='ocrx_word' id='word_1_208' title='bbox 3446 1474 3590 1527; x_wconf 86' lang='lat' dir='ltr'><strong>enim</strong></span> 
     </span>
    </p>
   </div>
   <div class='ocr_carea' id='block_1_28' title="bbox 278 1566 1827 1641">
    <p class='ocr_par' dir='ltr' id='par_1_28' title="bbox 278 1570 1827 1641">
     <span class='ocr_line' id='line_1_28' title="bbox 278 1570 1827 1641; baseline -0.001 -18"><span class='ocrx_word' id='word_1_209' title='bbox 278 1573 467 1639; x_wconf 76' lang='grc' dir='ltr'>φανεῖ</span> <span class='ocrx_word' id='word_1_210' title='bbox 506 1571 709 1641; x_wconf 82' lang='grc' dir='ltr'>σπουδῇ</span> <span class='ocrx_word' id='word_1_211' title='bbox 750 1588 811 1623; x_wconf 88' lang='grc' dir='ltr'><strong>τε</strong></span> <span class='ocrx_word' id='word_1_212' title='bbox 863 1572 910 1602; x_wconf 77' lang='grc'><strong><em>’³</em></strong></span> <span class='ocrx_word' id='word_1_213' title='bbox 966 1573 1060 1624; x_wconf 77' lang='grc' dir='ltr'><strong>καὶ</strong></span> <span class='ocrx_word' id='word_1_214' title='bbox 1107 1570 1421 1641; x_wconf 79' lang='grc' dir='ltr'>ἐπιμελείᾳ.</span> <span class='ocrx_word' id='word_1_215' title='bbox 1468 1570 1611 1640; x_wconf 82' lang='grc' dir='ltr'>Πρὸς</span> <span class='ocrx_word' id='word_1_216' title='bbox 1648 1571 1759 1640; x_wconf 85' lang='grc' dir='ltr'><strong>γάρ</strong></span> <span class='ocrx_word' id='word_1_217' title='bbox 1813 1587 1827 1621; x_wconf 73' lang='grc' dir='ltr'>σι</span> 
     </span>
    </p>
   </div>
   <div class='ocr_carea' id='block_1_29' title="bbox 2040 1566 3589 1641">
    <p class='ocr_par' dir='ltr' id='par_1_29' title="bbox 2041 1566 3589 1635">
     <span class='ocr_line' id='line_1_29' title="bbox 2041 1566 3589 1635; baseline -0.002 -16"><span class='ocrx_word' id='word_1_218' title='bbox 2041 1581 2211 1635; x_wconf 90' lang='lat' dir='ltr'><strong>anper</strong></span> <span class='ocrx_word' id='word_1_219' title='bbox 2241 1566 2363 1632; x_wconf 82' lang='lat' dir='ltr'><strong>fuit,</strong></span> <span class='ocrx_word' id='word_1_220' title='bbox 2396 1576 2451 1622; x_wconf 87' lang='lat' dir='ltr'><strong>et</strong></span> <span class='ocrx_word' id='word_1_221' title='bbox 2489 1584 2652 1621; x_wconf 91' lang='lat' dir='ltr'><strong>unum</strong></span> <span class='ocrx_word' id='word_1_222' title='bbox 2691 1568 2915 1622; x_wconf 83' lang='lat' dir='ltr'><strong>hortum</strong></span> <span class='ocrx_word' id='word_1_223' title='bbox 2954 1568 3007 1622; x_wconf 92' lang='lat' dir='ltr'><strong>in</strong></span> <span class='ocrx_word' id='word_1_224' title='bbox 3042 1568 3337 1622; x_wconf 84' lang='lat' dir='ltr'><strong>Academia</strong></span> <span class='ocrx_word' id='word_1_225' title='bbox 3382 1566 3589 1628; x_wconf 84' lang='lat' dir='ltr'><strong>habuit,</strong></span> 
     </span>
    </p>
   </div>
   <div class='ocr_carea' id='block_1_30' title="bbox 276 1657 1825 1734">
    <p class='ocr_par' dir='ltr' id='par_1_30' title="bbox 276 1661 1825 1734">
     <span class='ocr_line' id='line_1_30' title="bbox 276 1661 1825 1734; baseline -0.001 -21"><span class='ocrx_word' id='word_1_226' title='bbox 276 1664 435 1725; x_wconf 80' lang='grc' dir='ltr'>τοὺς</span> <span class='ocrx_word' id='word_1_227' title='bbox 464 1662 657 1725; x_wconf 84' lang='grc' dir='ltr'>ἄλλους</span> <span class='ocrx_word' id='word_1_228' title='bbox 692 1663 819 1725; x_wconf 80' lang='grc' dir='ltr'>τοὺς</span> <span class='ocrx_word' id='word_1_229' title='bbox 853 1664 930 1726; x_wconf 83' lang='grc' dir='ltr'>εἰς</span> <span class='ocrx_word' id='word_1_230' title='bbox 963 1662 1010 1693; x_wconf 66' lang='grc'>³⁸</span> <span class='ocrx_word' id='word_1_231' title='bbox 1044 1661 1240 1734; x_wconf 84' lang='grc' dir='ltr'>βουλὴν</span> <span class='ocrx_word' id='word_1_232' title='bbox 1269 1664 1369 1732; x_wconf 85' lang='grc' dir='ltr'>τὴν</span> <span class='ocrx_word' id='word_1_233' title='bbox 1410 1661 1653 1732; x_wconf 80' lang='grc' dir='ltr'>μεγάλην</span> <span class='ocrx_word' id='word_1_234' title='bbox 1689 1679 1825 1731; x_wconf 89' lang='grc' dir='ltr'>συγκ</span> 
     </span>
    </p>
   </div>
   <div class='ocr_carea' id='block_1_31' title="bbox 2040 1657 3589 1734">
    <p class='ocr_par' dir='ltr' id='par_1_31' title="bbox 2042 1657 3589 1728">
     <span class='ocr_line' id='line_1_31' title="bbox 2042 1657 3589 1728; baseline 0.002 -18"><span class='ocrx_word' id='word_1_235' title='bbox 2042 1658 2163 1728; x_wconf 86' lang='lat' dir='ltr'><strong>ujus</strong></span> <span class='ocrx_word' id='word_1_236' title='bbox 2193 1671 2494 1728; x_wconf 83' lang='lat' dir='ltr'><strong>proventus</strong></span> <span class='ocrx_word' id='word_1_237' title='bbox 2525 1661 2687 1713; x_wconf 87' lang='lat' dir='ltr'><strong>trium</strong></span> <span class='ocrx_word' id='word_1_238' title='bbox 2718 1669 2837 1715; x_wconf 90' lang='lat' dir='ltr'><strong>erat</strong></span> <span class='ocrx_word' id='word_1_239' title='bbox 2891 1674 3257 1713; x_wconf 91' lang='lat' dir='ltr'><strong>nummorum.</strong></span> <span class='ocrx_word' id='word_1_240' title='bbox 3288 1657 3589 1713; x_wconf 79' lang='lat' dir='ltr'><strong>Provrtttus</strong></span> 
     </span>
    </p>
   </div>
   <div class='ocr_carea' id='block_1_32' title="bbox 271 1740 1820 1823">
    <p class='ocr_par' dir='ltr' id='par_1_32' title="bbox 271 1751 1820 1823">
     <span class='ocr_line' id='line_1_32' title="bbox 271 1751 1820 1823; baseline 0.001 -19"><span class='ocrx_word' id='word_1_241' title='bbox 271 1751 599 1821; x_wconf 77' lang='grc' dir='ltr'>λουμένους</span> <span class='ocrx_word' id='word_1_242' title='bbox 628 1752 690 1805; x_wconf 91' lang='grc' dir='ltr'><strong>οὐ</strong></span> <span class='ocrx_word' id='word_1_243' title='bbox 735 1753 896 1822; x_wconf 88' lang='grc' dir='ltr'>μόνον</span> <span class='ocrx_word' id='word_1_244' title='bbox 932 1753 1000 1806; x_wconf 90' lang='grc' dir='ltr'><strong>τά</strong></span> <span class='ocrx_word' id='word_1_245' title='bbox 1032 1752 1169 1806; x_wconf 80' lang='grc' dir='ltr'>ἄλλα</span> <span class='ocrx_word' id='word_1_246' title='bbox 1199 1752 1473 1823; x_wconf 84' lang='grc' dir='ltr'><strong>διαφέρων</strong></span> <span class='ocrx_word' id='word_1_247' title='bbox 1502 1751 1789 1822; x_wconf 81' lang='grc' dir='ltr'>ἅνθρωπος</span> <span class='ocrx_word' id='word_1_248' title='bbox 1818 1775 1820 1782; x_wconf 60' lang='grc' dir='ltr'><strong>λ</strong></span> 
     </span>
    </p>
   </div>
   <div class='ocr_carea' id='block_1_33' title="bbox 2038 1740 3587 1823">
    <p class='ocr_par' dir='ltr' id='par_1_33' title="bbox 2038 1751 3587 1807">
     <span class='ocr_line' id='line_1_33' title="bbox 2038 1751 3587 1807; baseline -0.001 -3"><span class='ocrx_word' id='word_1_249' title='bbox 2038 1765 2127 1805; x_wconf 90' lang='lat' dir='ltr'><strong>ero</strong></span> <span class='ocrx_word' id='word_1_250' title='bbox 2148 1751 2395 1807; x_wconf 88' lang='lat' dir='ltr'><strong>omnium</strong></span> <span class='ocrx_word' id='word_1_251' title='bbox 2421 1752 2731 1807; x_wconf 87' lang='lat' dir='ltr'><strong>divitiarum</strong></span> <span class='ocrx_word' id='word_1_252' title='bbox 2756 1753 2855 1807; x_wconf 91' lang='lat' dir='ltr'><strong>sub</strong></span> <span class='ocrx_word' id='word_1_253' title='bbox 2870 1751 3060 1806; x_wconf 87' lang='lat' dir='ltr'><strong>Proclo</strong></span> <span class='ocrx_word' id='word_1_254' title='bbox 3088 1752 3232 1806; x_wconf 90' lang='lat' dir='ltr'><strong>mille</strong></span> <span class='ocrx_word' id='word_1_255' title='bbox 3247 1765 3587 1805; x_wconf 82' lang='lat' dir='ltr'><strong>nummorum</strong></span> 
     </span>
    </p>
   </div>
   <div class='ocr_carea' id='block_1_34' title="bbox 270 1842 1819 1914">
    <p class='ocr_par' dir='ltr' id='par_1_34' title="bbox 270 1842 1819 1914">
     <span class='ocr_line' id='line_1_34' title="bbox 270 1842 1819 1914; baseline -0.001 -18"><span class='ocrx_word' id='word_1_256' title='bbox 270 1844 319 1896; x_wconf 86' lang='grc' dir='ltr'>ὁ</span> <span class='ocrx_word' id='word_1_257' title='bbox 368 1843 689 1912; x_wconf 79' lang='grc' dir='ltr'>Θεαγένης,</span> <span class='ocrx_word' id='word_1_258' title='bbox 730 1844 847 1896; x_wconf 82' lang='grc' dir='ltr'>ἀλλ’</span> <span class='ocrx_word' id='word_1_259' title='bbox 898 1843 1001 1914; x_wconf 74' lang='grc' dir='ltr'>ἤδη</span> <span class='ocrx_word' id='word_1_260' title='bbox 1050 1860 1135 1907; x_wconf 84' lang='grc' dir='ltr'><strong>τις</strong></span> <span class='ocrx_word' id='word_1_261' title='bbox 1190 1846 1283 1896; x_wconf 62' lang='grc' dir='ltr'><strong>καὶ¹</strong></span> <span class='ocrx_word' id='word_1_262' title='bbox 1323 1843 1635 1910; x_wconf 82' lang='grc' dir='ltr'>φιλόσοφος.</span> <span class='ocrx_word' id='word_1_263' title='bbox 1686 1842 1749 1895; x_wconf 85' lang='grc' dir='ltr'><strong>Ἦ</strong></span> <span class='ocrx_word' id='word_1_264' title='bbox 1784 1860 1819 1894; x_wconf 85' lang='grc' dir='ltr'><strong>τι</strong></span> 
     </span>
    </p>
   </div>
   <div class='ocr_carea' id='block_1_35' title="bbox 2039 1842 3588 1914">
    <p class='ocr_par' dir='ltr' id='par_1_35' title="bbox 2039 1842 3588 1914">
     <span class='ocr_line' id='line_1_35' title="bbox 2039 1842 3588 1914; baseline -0.001 -17"><span class='ocrx_word' id='word_1_265' title='bbox 2039 1853 2093 1897; x_wconf 89' lang='grc' dir='ltr'><strong>ιιι</strong></span> <span class='ocrx_word' id='word_1_266' title='bbox 2118 1845 2280 1898; x_wconf 89' lang='lat' dir='ltr'><strong>etiam</strong></span> <span class='ocrx_word' id='word_1_267' title='bbox 2313 1844 2603 1914; x_wconf 89' lang='lat' dir='ltr'><strong>plurimum</strong></span> <span class='ocrx_word' id='word_1_268' title='bbox 2630 1844 2749 1910; x_wconf 78' lang='lat' dir='ltr'><strong>fuit,</strong></span> <span class='ocrx_word' id='word_1_269' title='bbox 2781 1843 2925 1913; x_wconf 91' lang='lat' dir='ltr'><strong>quod</strong></span> <span class='ocrx_word' id='word_1_270' title='bbox 2958 1842 3110 1897; x_wconf 90' lang='lat' dir='ltr'><strong>multi</strong></span> <span class='ocrx_word' id='word_1_271' title='bbox 3140 1844 3435 1897; x_wconf 90' lang='lat' dir='ltr'><strong>morientes</strong></span> <span class='ocrx_word' id='word_1_272' title='bbox 3457 1854 3588 1909; x_wconf 81' lang='lat' dir='ltr'><strong>epes</strong></span> 
     </span>
    </p>
   </div>
   <div class='ocr_carea' id='block_1_36' title="bbox 269 1931 1818 2005">
    <p class='ocr_par' dir='ltr' id='par_1_36' title="bbox 269 1932 1816 2005">
     <span class='ocr_line' id='line_1_36' title="bbox 269 1932 1816 2005; baseline -0.001 -18"><span class='ocrx_word' id='word_1_273' title='bbox 269 1934 560 2004; x_wconf 84' lang='grc' dir='ltr'>διαδόχων</span> <span class='ocrx_word' id='word_1_274' title='bbox 592 1934 750 1988; x_wconf 90' lang='grc' dir='ltr'>οὐσία</span> <span class='ocrx_word' id='word_1_275' title='bbox 784 1934 905 2004; x_wconf 86' lang='grc' dir='ltr'>οὐχ,</span> <span class='ocrx_word' id='word_1_276' title='bbox 932 1935 1009 1998; x_wconf 86' lang='grc' dir='ltr'>ὡς</span> <span class='ocrx_word' id='word_1_277' title='bbox 1040 1935 1089 1987; x_wconf 79' lang='grc' dir='ltr'><strong>οἱ</strong></span> <span class='ocrx_word' id='word_1_278' title='bbox 1130 1934 1314 1989; x_wconf 71' lang='grc' dir='ltr'>πολλοὶ</span> <span class='ocrx_word' id='word_1_279' title='bbox 1335 1932 1633 2005; x_wconf 72' lang='grc' dir='ltr'>νομίζουσι,</span> <span class='ocrx_word' id='word_1_280' title='bbox 1666 1934 1816 1988; x_wconf 87' lang='grc' dir='ltr'>Πλάτ</span> 
     </span>
    </p>
   </div>
   <div class='ocr_carea' id='block_1_37' title="bbox 2041 1931 3590 2005">
    <p class='ocr_par' dir='ltr' id='par_1_37' title="bbox 2041 1931 3590 2004">
     <span class='ocr_line' id='line_1_37' title="bbox 2041 1931 3590 2004; baseline -0.002 -17"><span class='ocrx_word' id='word_1_281' title='bbox 2041 1949 2111 1989; x_wconf 70' lang='lat' dir='ltr'><strong>tae</strong></span> <span class='ocrx_word' id='word_1_282' title='bbox 2156 1935 2356 1990; x_wconf 62' lang='lat' dir='ltr'><strong>scholae</strong></span> <span class='ocrx_word' id='word_1_283' title='bbox 2393 1934 2781 2004; x_wconf 86' lang='lat' dir='ltr'><strong>relinquerent.</strong></span> <span class='ocrx_word' id='word_1_284' title='bbox 2828 1932 3172 2004; x_wconf 66' lang='grc' dir='ltr'><strong>,1³11134θὸ</strong></span> <span class='ocrx_word' id='word_1_285' title='bbox 3217 1931 3361 1988; x_wconf 88' lang='lat' dir='ltr'><strong>enim</strong></span> <span class='ocrx_word' id='word_1_286' title='bbox 3397 1932 3464 1985; x_wconf 88' lang='lat' dir='ltr'><strong>ad</strong></span> <span class='ocrx_word' id='word_1_287' title='bbox 3491 1946 3590 1985; x_wconf 78' lang='lat' dir='ltr'><strong>ex-</strong></span> 
     </span>
    </p>
   </div>
   <div class='ocr_carea' id='block_1_38' title="bbox 269 2022 1818 2100">
    <p class='ocr_par' dir='ltr' id='par_1_38' title="bbox 269 2022 1818 2100">
     <span class='ocr_line' id='line_1_38' title="bbox 269 2022 1818 2100; baseline 0.001 -22"><span class='ocrx_word' id='word_1_288' title='bbox 269 2044 388 2089; x_wconf 85' lang='grc' dir='ltr'><strong>νος</strong></span> <span class='ocrx_word' id='word_1_289' title='bbox 426 2029 469 2059; x_wconf 77' lang='grc'><strong>’⁵</strong></span> <span class='ocrx_word' id='word_1_290' title='bbox 500 2023 567 2095; x_wconf 73' lang='grc' dir='ltr'>ἦν</span> <span class='ocrx_word' id='word_1_291' title='bbox 593 2026 654 2079; x_wconf 78' lang='grc' dir='ltr'><strong>τὸ</strong></span> <span class='ocrx_word' id='word_1_292' title='bbox 677 2027 943 2080; x_wconf 86' lang='grc' dir='ltr'>ἀνέκαθεν</span> <span class='ocrx_word' id='word_1_293' title='bbox 970 2045 983 2056; x_wconf 94' lang='grc'><strong>·</strong></span> <span class='ocrx_word' id='word_1_294' title='bbox 1017 2028 1189 2099; x_wconf 85' lang='grc' dir='ltr'>πένης</span> <span class='ocrx_word' id='word_1_295' title='bbox 1223 2027 1332 2100; x_wconf 88' lang='grc' dir='ltr'><strong>γάρ</strong></span> <span class='ocrx_word' id='word_1_296' title='bbox 1360 2022 1428 2099; x_wconf 76' lang='grc' dir='ltr'>ἦν</span> <span class='ocrx_word' id='word_1_297' title='bbox 1460 2029 1488 2080; x_wconf 91' lang='lat'><strong>6</strong></span> <span class='ocrx_word' id='word_1_298' title='bbox 1518 2028 1763 2092; x_wconf 84' lang='grc' dir='ltr'>Πλάτων,</span> <span class='ocrx_word' id='word_1_299' title='bbox 1800 2045 1818 2080; x_wconf 68' lang='grc' dir='ltr'><strong>ι</strong></span> 
     </span>
    </p>
   </div>
   <div class='ocr_carea' id='block_1_39' title="bbox 2035 2022 3584 2100">
    <p class='ocr_par' dir='ltr' id='par_1_39' title="bbox 2035 2024 3584 2095">
     <span class='ocr_line' id='line_1_39' title="bbox 2035 2024 3584 2095; baseline -0.003 -17"><span class='ocrx_word' id='word_1_300' title='bbox 2035 2041 2229 2080; x_wconf 74' lang='lat' dir='ltr'><strong>remum</strong></span> <span class='ocrx_word' id='word_1_301' title='bbox 2272 2027 2575 2092; x_wconf 87' lang='lat' dir='ltr'><strong>sermonis,</strong></span> <span class='ocrx_word' id='word_1_302' title='bbox 2625 2042 2785 2095; x_wconf 84' lang='lat' dir='ltr'><strong>quem</strong></span> <span class='ocrx_word' id='word_1_303' title='bbox 2838 2026 3187 2095; x_wconf 84' lang='lat' dir='ltr'><strong>reliquimus,</strong></span> <span class='ocrx_word' id='word_1_304' title='bbox 3247 2024 3584 2085; x_wconf 89' lang='lat' dir='ltr'><strong>devenimus,</strong></span> 
     </span>
    </p>
   </div>
   <div class='ocr_carea' id='block_1_40' title="bbox 276 2109 1825 2188">
    <p class='ocr_par' dir='ltr' id='par_1_40' title="bbox 276 2109 1825 2188">
     <span class='ocr_line' id='line_1_40' title="bbox 276 2109 1825 2188; baseline 0.003 -23"><span class='ocrx_word' id='word_1_305' title='bbox 276 2112 466 2181; x_wconf 84' lang='grc' dir='ltr'>μόνον</span> <span class='ocrx_word' id='word_1_306' title='bbox 485 2113 574 2167; x_wconf 85' lang='grc' dir='ltr'><strong>τὸν</strong></span> <span class='ocrx_word' id='word_1_307' title='bbox 600 2117 657 2167; x_wconf 88' lang='grc' dir='ltr'>ὲν</span> <span class='ocrx_word' id='word_1_308' title='bbox 701 2115 1008 2186; x_wconf 78' lang='grc' dir='ltr'>Ἀκαδημίᾳ</span> <span class='ocrx_word' id='word_1_309' title='bbox 1040 2115 1303 2187; x_wconf 80' lang='grc' dir='ltr'>ἐκέκτητο</span> <span class='ocrx_word' id='word_1_310' title='bbox 1340 2116 1536 2186; x_wconf 81' lang='grc' dir='ltr'>κῆπον,</span> <span class='ocrx_word' id='word_1_311' title='bbox 1567 2109 1628 2169; x_wconf 77' lang='grc' dir='ltr'><strong>οὐ</strong></span> <span class='ocrx_word' id='word_1_312' title='bbox 1657 2118 1690 2186; x_wconf 82' lang='grc' dir='ltr'>ἡ</span> <span class='ocrx_word' id='word_1_313' title='bbox 1722 2116 1825 2188; x_wconf 88' lang='grc' dir='ltr'><strong>πρό</strong></span> 
     </span>
    </p>
   </div>
   <div class='ocr_carea' id='block_1_41' title="bbox 2040 2109 3589 2188">
    <p class='ocr_par' dir='ltr' id='par_1_41' title="bbox 2044 2116 3589 2188">
     <span class='ocr_line' id='line_1_41' title="bbox 2044 2116 3589 2188; baseline -0.004 -16"><span class='ocrx_word' id='word_1_314' title='bbox 2044 2119 2408 2188; x_wconf 89' lang='lat' dir='ltr'><strong>sclepiodotus</strong></span> <span class='ocrx_word' id='word_1_315' title='bbox 2456 2119 2710 2175; x_wconf 91' lang='lat' dir='ltr'><strong>omnibus</strong></span> <span class='ocrx_word' id='word_1_316' title='bbox 2762 2121 2883 2173; x_wconf 60' lang='lat' dir='ltr'><strong>vita:</strong></span> <span class='ocrx_word' id='word_1_317' title='bbox 2926 2116 3308 2187; x_wconf 85' lang='lat' dir='ltr'><strong>splendoribus</strong></span> <span class='ocrx_word' id='word_1_318' title='bbox 3363 2124 3589 2170; x_wconf 88' lang='lat' dir='ltr'><strong>ornatus</strong></span> 
     </span>
    </p>
   </div>
   <div class='ocr_carea' id='block_1_42' title="bbox 267 2204 1816 2280">
    <p class='ocr_par' dir='ltr' id='par_1_42' title="bbox 267 2206 1816 2280">
     <span class='ocr_line' id='line_1_42' title="bbox 267 2206 1816 2280; baseline 0.003 -22"><span class='ocrx_word' id='word_1_319' title='bbox 267 2206 423 2268; x_wconf 85' lang='grc' dir='ltr'>οδος</span> <span class='ocrx_word' id='word_1_320' title='bbox 462 2207 817 2277; x_wconf 80' lang='grc' dir='ltr'>νομισμάτων</span> <span class='ocrx_word' id='word_1_321' title='bbox 858 2207 1045 2279; x_wconf 82' lang='grc' dir='ltr'>τριῶν,</span> <span class='ocrx_word' id='word_1_322' title='bbox 1089 2209 1208 2279; x_wconf 77' lang='grc' dir='ltr'><strong>ἠδὲ</strong></span> <span class='ocrx_word' id='word_1_323' title='bbox 1272 2209 1373 2279; x_wconf 83' lang='grc' dir='ltr'>τῆς</span> <span class='ocrx_word' id='word_1_324' title='bbox 1412 2209 1604 2273; x_wconf 86' lang='grc' dir='ltr'>οὐσίας</span> <span class='ocrx_word' id='word_1_325' title='bbox 1642 2209 1816 2280; x_wconf 72' lang='grc' dir='ltr'>ὅλης]</span> 
     </span>
    </p>
   </div>
   <div class='ocr_carea' id='block_1_43' title="bbox 2038 2204 3587 2280">
    <p class='ocr_par' dir='ltr' id='par_1_43' title="bbox 2038 2204 3587 2278">
     <span class='ocr_line' id='line_1_43' title="bbox 2038 2204 3587 2278; baseline -0.003 -15"><span class='ocrx_word' id='word_1_326' title='bbox 2038 2211 2118 2267; x_wconf 79' lang='lat' dir='ltr'><strong>tit.</strong></span> <span class='ocrx_word' id='word_1_327' title='bbox 2178 2208 2321 2264; x_wconf 86' lang='lat' dir='ltr'><strong>Nulli</strong></span> <span class='ocrx_word' id='word_1_328' title='bbox 2373 2224 2565 2265; x_wconf 86' lang='lat' dir='ltr'><strong>eorum</strong></span> <span class='ocrx_word' id='word_1_329' title='bbox 2614 2210 2946 2264; x_wconf 87' lang='lat' dir='ltr'><strong>connubium</strong></span> <span class='ocrx_word' id='word_1_330' title='bbox 2989 2208 3279 2278; x_wconf 88' lang='lat' dir='ltr'><strong>objiciunt,</strong></span> <span class='ocrx_word' id='word_1_331' title='bbox 3337 2208 3429 2261; x_wconf 89' lang='lat' dir='ltr'><strong>sed</strong></span> <span class='ocrx_word' id='word_1_332' title='bbox 3486 2204 3587 2259; x_wconf 89' lang='lat' dir='ltr'><strong>soli</strong></span> 
     </span>
    </p>
   </div>
   <div class='ocr_carea' id='block_1_44' title="bbox 267 2295 1816 2371">
    <p class='ocr_par' dir='ltr' id='par_1_44' title="bbox 267 2295 1816 2371">
     <span class='ocr_line' id='line_1_44' title="bbox 267 2295 1816 2371; baseline 0.002 -23"><span class='ocrx_word' id='word_1_333' title='bbox 267 2295 434 2349; x_wconf 72' lang='grc' dir='ltr'>λίων</span> <span class='ocrx_word' id='word_1_334' title='bbox 460 2296 603 2367; x_wconf 75' lang='grc' dir='ltr'>ἧκαῖ</span> <span class='ocrx_word' id='word_1_335' title='bbox 634 2297 714 2351; x_wconf 76' lang='grc' dir='ltr'>ἔτι</span> <span class='ocrx_word' id='word_1_336' title='bbox 732 2297 779 2330; x_wconf 83' lang='grc'><strong>²⁶</strong></span> <span class='ocrx_word' id='word_1_337' title='bbox 806 2299 1070 2353; x_wconf 87' lang='grc' dir='ltr'>πλειόνων</span> <span class='ocrx_word' id='word_1_338' title='bbox 1088 2299 1331 2370; x_wconf 81' lang='grc' dir='ltr'>ὑπῆρχεν</span> <span class='ocrx_word' id='word_1_339' title='bbox 1362 2300 1452 2353; x_wconf 79' lang='grc' dir='ltr'><strong>ἐπὶ</strong></span> <span class='ocrx_word' id='word_1_340' title='bbox 1472 2300 1739 2371; x_wconf 85' lang='grc' dir='ltr'>Πρόκλου,</span> <span class='ocrx_word' id='word_1_341' title='bbox 1767 2319 1816 2355; x_wconf 75' lang='grc' dir='ltr'>πε</span> 
     </span>
    </p>
   </div>
   <div class='ocr_carea' id='block_1_45' title="bbox 2035 2295 3584 2371">
    <p class='ocr_par' dir='ltr' id='par_1_45' title="bbox 2035 2296 3584 2371">
     <span class='ocr_line' id='line_1_45' title="bbox 2035 2296 3584 2371; baseline -0.004 -16"><span class='ocrx_word' id='word_1_342' title='bbox 2035 2301 2175 2370; x_wconf 85' lang='lat' dir='ltr'><strong>eipsa</strong></span> <span class='ocrx_word' id='word_1_343' title='bbox 2207 2300 2512 2371; x_wconf 87' lang='lat' dir='ltr'><strong>philosophi</strong></span> <span class='ocrx_word' id='word_1_344' title='bbox 2545 2300 2612 2355; x_wconf 88' lang='lat' dir='ltr'><strong>ad</strong></span> <span class='ocrx_word' id='word_1_345' title='bbox 2656 2315 2927 2356; x_wconf 88' lang='lat' dir='ltr'><strong>sumquu</strong></span> <span class='ocrx_word' id='word_1_346' title='bbox 2970 2306 3355 2370; x_wconf 86' lang='lat' dir='ltr'><strong>pervenerunt.</strong></span> <span class='ocrx_word' id='word_1_347' title='bbox 3389 2296 3584 2351; x_wconf 87' lang='lat' dir='ltr'><strong>Ascle-</strong></span> 
     </span>
    </p>
   </div>
   <div class='ocr_carea' id='block_1_46' title="bbox 266 2389 1815 2464">
    <p class='ocr_par' dir='ltr' id='par_1_46' title="bbox 266 2389 1815 2463">
     <span class='ocr_line' id='line_1_46' title="bbox 266 2389 1815 2463; baseline 0 -20"><span class='ocrx_word' id='word_1_348' title='bbox 266 2390 411 2443; x_wconf 76' lang='grc' dir='ltr'><strong>λῶν</strong></span> <span class='ocrx_word' id='word_1_349' title='bbox 439 2390 548 2443; x_wconf 85' lang='grc' dir='ltr'><strong>τῶν</strong></span> <span class='ocrx_word' id='word_1_350' title='bbox 571 2389 1027 2461; x_wconf 78' lang='grc' dir='ltr'>ἀποθνησκόντων</span> <span class='ocrx_word' id='word_1_351' title='bbox 1051 2391 1306 2461; x_wconf 79' lang='grc' dir='ltr'>κτήματα</span> <span class='ocrx_word' id='word_1_352' title='bbox 1332 2393 1399 2463; x_wconf 81' lang='grc' dir='ltr'>τῇ</span> <span class='ocrx_word' id='word_1_353' title='bbox 1432 2390 1593 2460; x_wconf 83' lang='grc' dir='ltr'>σχολῇ</span> <span class='ocrx_word' id='word_1_354' title='bbox 1622 2389 1815 2444; x_wconf 89' lang='grc' dir='ltr'>καταλι</span> 
     </span>
    </p>
   </div>
   <div class='ocr_carea' id='block_1_47' title="bbox 2036 2389 3585 2464">
    <p class='ocr_par' dir='ltr' id='par_1_47' title="bbox 2036 2390 3585 2464">
     <span class='ocr_line' id='line_1_47' title="bbox 2036 2390 3585 2464; baseline -0.003 -18"><span class='ocrx_word' id='word_1_355' title='bbox 2036 2393 2245 2448; x_wconf 88' lang='lat' dir='ltr'><strong>iodotus</strong></span> <span class='ocrx_word' id='word_1_356' title='bbox 2270 2392 2467 2462; x_wconf 89' lang='lat' dir='ltr'><strong>ingenii</strong></span> <span class='ocrx_word' id='word_1_357' title='bbox 2493 2392 2693 2459; x_wconf 83' lang='lat' dir='ltr'><strong>dextri,</strong></span> <span class='ocrx_word' id='word_1_358' title='bbox 2716 2408 2883 2464; x_wconf 89' lang='lat' dir='ltr'><strong>gener</strong></span> <span class='ocrx_word' id='word_1_359' title='bbox 2902 2395 3081 2462; x_wconf 81' lang='lat' dir='ltr'><strong>magni</strong></span> <span class='ocrx_word' id='word_1_360' title='bbox 3101 2390 3463 2459; x_wconf 66' lang='lat' dir='ltr'><strong>Asclepiodoti</strong></span> <span class='ocrx_word' id='word_1_361' title='bbox 3488 2403 3585 2459; x_wconf 87' lang='lat' dir='ltr'><strong>per</strong></span> 
     </span>
    </p>
   </div>
   <div class='ocr_carea' id='block_1_48' title="bbox 270 2480 1819 2555">
    <p class='ocr_par' dir='ltr' id='par_1_48' title="bbox 270 2480 1819 2552">
     <span class='ocr_line' id='line_1_48' title="bbox 270 2480 1819 2552; baseline 0.001 -19"><span class='ocrx_word' id='word_1_362' title='bbox 270 2481 606 2535; x_wconf 73' lang='grc' dir='ltr'>πανόντων.</span> <span class='ocrx_word' id='word_1_363' title='bbox 640 2481 781 2552; x_wconf 84' lang='grc' dir='ltr'>Ἤδη</span> <span class='ocrx_word' id='word_1_364' title='bbox 814 2481 996 2535; x_wconf 85' lang='grc' dir='ltr'>τοίνυν</span> <span class='ocrx_word' id='word_1_365' title='bbox 1034 2481 1348 2552; x_wconf 89' lang='grc' dir='ltr'>κρουόμεθα</span> <span class='ocrx_word' id='word_1_366' title='bbox 1382 2480 1637 2552; x_wconf 85' lang='grc' dir='ltr'>πρύμναν</span> <span class='ocrx_word' id='word_1_367' title='bbox 1668 2482 1763 2534; x_wconf 80' lang='grc' dir='ltr'>ἐπὶ</span> <span class='ocrx_word' id='word_1_368' title='bbox 1800 2499 1819 2534; x_wconf 72' lang='grc' dir='ltr'>σι</span> 
     </span>
    </p>
   </div>
   <div class='ocr_carea' id='block_1_49' title="bbox 2036 2480 3585 2555">
    <p class='ocr_par' dir='ltr' id='par_1_49' title="bbox 2036 2480 3585 2555">
     <span class='ocr_line' id='line_1_49' title="bbox 2036 2480 3585 2555; baseline -0.002 -15"><span class='ocrx_word' id='word_1_369' title='bbox 2036 2487 2185 2554; x_wconf 88' lang='lat' dir='ltr'><strong>liam,</strong></span> <span class='ocrx_word' id='word_1_370' title='bbox 2210 2501 2445 2555; x_wconf 85' lang='lat' dir='ltr'><strong>sponsus</strong></span> <span class='ocrx_word' id='word_1_371' title='bbox 2465 2484 2579 2555; x_wconf 87' lang='lat' dir='ltr'><strong>jam</strong></span> <span class='ocrx_word' id='word_1_372' title='bbox 2602 2494 2741 2552; x_wconf 90' lang='lat' dir='ltr'><strong>erat,</strong></span> <span class='ocrx_word' id='word_1_373' title='bbox 2769 2486 2853 2539; x_wconf 88' lang='lat' dir='ltr'><strong>vir</strong></span> <span class='ocrx_word' id='word_1_374' title='bbox 2871 2500 3077 2555; x_wconf 70' lang='lat' dir='ltr'><strong>magna:</strong></span> <span class='ocrx_word' id='word_1_375' title='bbox 3099 2484 3411 2553; x_wconf 68' lang='lat' dir='ltr'><strong>diligentiae.</strong></span> <span class='ocrx_word' id='word_1_376' title='bbox 3441 2480 3585 2537; x_wconf 87' lang='lat' dir='ltr'><strong>Fons</strong></span> 
     </span>
    </p>
   </div>
   <div class='ocr_carea' id='block_1_50' title="bbox 262 2572 1811 2647">
    <p class='ocr_par' dir='ltr' id='par_1_50' title="bbox 262 2572 1811 2644">
     <span class='ocr_line' id='line_1_50' title="bbox 262 2572 1811 2644; baseline 0.002 -21"><span class='ocrx_word' id='word_1_377' title='bbox 262 2573 458 2641; x_wconf 71' lang='grc' dir='ltr'>λόγον</span> <span class='ocrx_word' id='word_1_378' title='bbox 488 2572 549 2625; x_wconf 78' lang='grc' dir='ltr'>ὃν</span> <span class='ocrx_word' id='word_1_379' title='bbox 588 2572 951 2644; x_wconf 85' lang='grc' dir='ltr'>ἀπελίπομεν.</span> <span class='ocrx_word' id='word_1_380' title='bbox 999 2572 1057 2626; x_wconf 89' lang='grc' dir='ltr'>Ὁ</span> <span class='ocrx_word' id='word_1_381' title='bbox 1100 2573 1197 2642; x_wconf 80' lang='grc' dir='ltr'>μὲν</span> <span class='ocrx_word' id='word_1_382' title='bbox 1250 2573 1703 2644; x_wconf 76' lang='grc' dir='ltr'>Ἀσκληπιόδοτος</span> <span class='ocrx_word' id='word_1_383' title='bbox 1761 2574 1811 2625; x_wconf 67' lang='grc' dir='ltr'>ἐ)</span> 
     </span>
    </p>
   </div>
   <div class='ocr_carea' id='block_1_51' title="bbox 2037 2572 3586 2647">
    <p class='ocr_par' dir='ltr' id='par_1_51' title="bbox 2037 2575 3586 2647">
     <span class='ocr_line' id='line_1_51' title="bbox 2037 2575 3586 2647; baseline -0.001 -16"><span class='ocrx_word' id='word_1_384' title='bbox 2037 2589 2114 2633; x_wconf 89' lang='lat' dir='ltr'><strong>rat</strong></span> <span class='ocrx_word' id='word_1_385' title='bbox 2144 2592 2338 2647; x_wconf 90' lang='lat' dir='ltr'><strong>aquam</strong></span> <span class='ocrx_word' id='word_1_386' title='bbox 2367 2592 2581 2632; x_wconf 87' lang='lat' dir='ltr'><strong>sacram</strong></span> <span class='ocrx_word' id='word_1_387' title='bbox 2610 2587 2663 2630; x_wconf 89' lang='lat' dir='ltr'><strong>et</strong></span> <span class='ocrx_word' id='word_1_388' title='bbox 2694 2576 2984 2646; x_wconf 78' lang='lat' dir='ltr'><strong>potabilem</strong></span> <span class='ocrx_word' id='word_1_389' title='bbox 3012 2577 3315 2641; x_wconf 79' lang='lat' dir='ltr'><strong>ell‘undens,</strong></span> <span class='ocrx_word' id='word_1_390' title='bbox 3348 2584 3406 2629; x_wconf 96' lang='grc' dir='ltr'><strong>ιιι</strong></span> <span class='ocrx_word' id='word_1_391' title='bbox 3439 2575 3586 2645; x_wconf 90' lang='lat' dir='ltr'><strong>quod</strong></span> 
     </span>
    </p>
   </div>
   <div class='ocr_carea' id='block_1_52' title="bbox 264 2663 1813 2744">
    <p class='ocr_par' dir='ltr' id='par_1_52' title="bbox 264 2663 1813 2736">
     <span class='ocr_line' id='line_1_52' title="bbox 264 2663 1813 2736; baseline 0.001 -20"><span class='ocrx_word' id='word_1_392' title='bbox 264 2667 496 2734; x_wconf 81' lang='grc' dir='ltr'>σμεῖτο</span> <span class='ocrx_word' id='word_1_393' title='bbox 540 2666 676 2717; x_wconf 77' lang='grc' dir='ltr'>πᾶσι</span> <span class='ocrx_word' id='word_1_394' title='bbox 714 2667 826 2727; x_wconf 88' lang='grc' dir='ltr'>τοῖς</span> <span class='ocrx_word' id='word_1_395' title='bbox 878 2663 974 2717; x_wconf 81' lang='grc' dir='ltr'><strong>τοῦ</strong></span> <span class='ocrx_word' id='word_1_396' title='bbox 1027 2663 1142 2734; x_wconf 82' lang='grc' dir='ltr'>βίου</span> <span class='ocrx_word' id='word_1_397' title='bbox 1167 2666 1461 2736; x_wconf 87' lang='grc' dir='ltr'>λαμπροῖς,</span> <span class='ocrx_word' id='word_1_398' title='bbox 1516 2666 1565 2717; x_wconf 84' lang='grc' dir='ltr'>οἱ</span> <span class='ocrx_word' id='word_1_399' title='bbox 1621 2664 1679 2717; x_wconf 81' lang='grc' dir='ltr'>δὲ</span> <span class='ocrx_word' id='word_1_400' title='bbox 1717 2665 1813 2717; x_wconf 90' lang='grc' dir='ltr'><strong>οὐδ</strong></span> 
     </span>
    </p>
   </div>
   <div class='ocr_carea' id='block_1_53' title="bbox 2035 2663 3584 2744">
    <p class='ocr_par' dir='ltr' id='par_1_53' title="bbox 2035 2663 3584 2744">
     <span class='ocr_line' id='line_1_53' title="bbox 2035 2663 3584 2744; baseline -0.003 -22"><span class='ocrx_word' id='word_1_401' title='bbox 2035 2677 2275 2722; x_wconf 89' lang='lat' dir='ltr'><strong>oetarum</strong></span> <span class='ocrx_word' id='word_1_402' title='bbox 2326 2680 2480 2722; x_wconf 85' lang='lat' dir='ltr'><strong>more</strong></span> <span class='ocrx_word' id='word_1_403' title='bbox 2520 2664 2661 2744; x_wconf 80' lang='lat' dir='ltr'><strong>dixit</strong></span> <span class='ocrx_word' id='word_1_404' title='bbox 2698 2675 2909 2732; x_wconf 90' lang='lat' dir='ltr'><strong>auctor,</strong></span> <span class='ocrx_word' id='word_1_405' title='bbox 2949 2681 3012 2720; x_wconf 93' lang='lat' dir='ltr'><strong>os</strong></span> <span class='ocrx_word' id='word_1_406' title='bbox 3033 2665 3150 2735; x_wconf 88' lang='lat' dir='ltr'><strong>ejus</strong></span> <span class='ocrx_word' id='word_1_407' title='bbox 3175 2675 3229 2719; x_wconf 85' lang='lat' dir='ltr'><strong>et</strong></span> <span class='ocrx_word' id='word_1_408' title='bbox 3269 2664 3471 2732; x_wconf 82' lang='lat' dir='ltr'><strong>reliqua</strong></span> <span class='ocrx_word' id='word_1_409' title='bbox 3503 2663 3584 2718; x_wconf 81' lang='lat' dir='ltr'><strong>la-</strong></span> 
     </span>
    </p>
   </div>
   <div class='ocr_carea' id='block_1_54' title="bbox 256 2754 1805 2829">
    <p class='ocr_par' dir='ltr' id='par_1_54' title="bbox 256 2754 1805 2826">
     <span class='ocr_line' id='line_1_54' title="bbox 256 2754 1805 2826; baseline -0.001 -17"><span class='ocrx_word' id='word_1_410' title='bbox 256 2754 530 2820; x_wconf 72' lang='grc' dir='ltr'>τούτων,</span> <span class='ocrx_word' id='word_1_411' title='bbox 580 2756 641 2808; x_wconf 89' lang='grc' dir='ltr'><strong>οὐ</strong></span> <span class='ocrx_word' id='word_1_412' title='bbox 691 2755 1132 2826; x_wconf 86' lang='grc' dir='ltr'>προϐεϐλημένοι</span> <span class='ocrx_word' id='word_1_413' title='bbox 1167 2755 1266 2825; x_wconf 80' lang='grc' dir='ltr'><strong>τὴν</strong></span> <span class='ocrx_word' id='word_1_414' title='bbox 1316 2757 1562 2826; x_wconf 80' lang='grc' dir='ltr'>γαμικὴν</span> <span class='ocrx_word' id='word_1_415' title='bbox 1593 2754 1805 2826; x_wconf 85' lang='grc' dir='ltr'>προϐολ·</span> 
     </span>
    </p>
   </div>
   <div class='ocr_carea' id='block_1_55' title="bbox 2039 2754 3588 2829">
    <p class='ocr_par' dir='ltr' id='par_1_55' title="bbox 2039 2757 3588 2829">
     <span class='ocr_line' id='line_1_55' title="bbox 2039 2757 3588 2829; baseline 0 -19"><span class='ocrx_word' id='word_1_416' title='bbox 2039 2764 2105 2816; x_wconf 64' lang='lat' dir='ltr'><strong>les</strong></span> <span class='ocrx_word' id='word_1_417' title='bbox 2138 2759 2467 2815; x_wconf 90' lang='lat' dir='ltr'><strong>domicilium</strong></span> <span class='ocrx_word' id='word_1_418' title='bbox 2497 2758 2569 2813; x_wconf 88' lang='lat' dir='ltr'><strong>sit</strong></span> <span class='ocrx_word' id='word_1_419' title='bbox 2621 2758 2945 2829; x_wconf 84' lang='lat' dir='ltr'><strong>gratiarum.</strong></span> <span class='ocrx_word' id='word_1_420' title='bbox 2996 2757 3052 2812; x_wconf 92' lang='lat' dir='ltr'><strong>Si</strong></span> <span class='ocrx_word' id='word_1_421' title='bbox 3109 2760 3324 2827; x_wconf 87' lang='lat' dir='ltr'><strong>quando</strong></span> <span class='ocrx_word' id='word_1_422' title='bbox 3356 2758 3500 2811; x_wconf 90' lang='lat' dir='ltr'><strong>enim</strong></span> <span class='ocrx_word' id='word_1_423' title='bbox 3533 2766 3588 2811; x_wconf 89' lang='lat' dir='ltr'><strong>et</strong></span> 
     </span>
    </p>
   </div>
   <div class='ocr_carea' id='block_1_56' title="bbox 256 2844 1805 2923">
    <p class='ocr_par' dir='ltr' id='par_1_56' title="bbox 256 2844 1805 2919">
     <span class='ocr_line' id='line_1_56' title="bbox 256 2844 1805 2919; baseline 0 -18"><span class='ocrx_word' id='word_1_424' title='bbox 256 2847 440 2901; x_wconf 83' lang='grc' dir='ltr'><strong>ἀλλά</strong></span> <span class='ocrx_word' id='word_1_425' title='bbox 485 2848 643 2918; x_wconf 89' lang='grc' dir='ltr'>μόνον</span> <span class='ocrx_word' id='word_1_426' title='bbox 674 2844 814 2919; x_wconf 84' lang='grc' dir='ltr'>ἦσαν</span> <span class='ocrx_word' id='word_1_427' title='bbox 853 2848 933 2919; x_wconf 85' lang='grc' dir='ltr'><strong>τῷ</strong></span> <span class='ocrx_word' id='word_1_428' title='bbox 965 2848 1081 2902; x_wconf 79' lang='grc' dir='ltr'>ὖντι</span> <span class='ocrx_word' id='word_1_429' title='bbox 1121 2848 1426 2918; x_wconf 88' lang='grc' dir='ltr'>φιλόσοφοι,</span> <span class='ocrx_word' id='word_1_430' title='bbox 1451 2848 1536 2902; x_wconf 81' lang='grc' dir='ltr'>ἐπ’</span> <span class='ocrx_word' id='word_1_431' title='bbox 1568 2848 1735 2919; x_wconf 83' lang='grc' dir='ltr'>ἀκρον</span> <span class='ocrx_word' id='word_1_432' title='bbox 1762 2850 1805 2901; x_wconf 80' lang='grc' dir='ltr'><strong>ἐι</strong></span> 
     </span>
    </p>
   </div>
   <div class='ocr_carea' id='block_1_57' title="bbox 2038 2844 3587 2923">
    <p class='ocr_par' dir='ltr' id='par_1_57' title="bbox 2039 2851 3587 2923">
     <span class='ocr_line' id='line_1_57' title="bbox 2039 2851 3587 2923; baseline -0.001 -18"><span class='ocrx_word' id='word_1_433' title='bbox 2039 2853 2072 2907; x_wconf 92' lang='lat' dir='ltr'><strong>li</strong></span> <span class='ocrx_word' id='word_1_434' title='bbox 2106 2867 2164 2909; x_wconf 89' lang='lat' dir='ltr'><strong>re</strong></span> <span class='ocrx_word' id='word_1_435' title='bbox 2192 2853 2372 2923; x_wconf 89' lang='lat' dir='ltr'><strong>aliqua</strong></span> <span class='ocrx_word' id='word_1_436' title='bbox 2398 2851 2785 2921; x_wconf 83' lang='lat' dir='ltr'><strong>indiguissent,</strong></span> <span class='ocrx_word' id='word_1_437' title='bbox 2815 2866 3008 2906; x_wconf 84' lang='lat' dir='ltr'><strong>omnes</strong></span> <span class='ocrx_word' id='word_1_438' title='bbox 3037 2853 3104 2906; x_wconf 90' lang='lat' dir='ltr'><strong>ad</strong></span> <span class='ocrx_word' id='word_1_439' title='bbox 3139 2851 3290 2905; x_wconf 91' lang='lat' dir='ltr'><strong>illum</strong></span> <span class='ocrx_word' id='word_1_440' title='bbox 3334 2858 3587 2919; x_wconf 85' lang='lat' dir='ltr'><strong>tanquam</strong></span> 
     </span>
    </p>
   </div>
   <div class='ocr_carea' id='block_1_58' title="bbox 253 2934 1802 3012">
    <p class='ocr_par' dir='ltr' id='par_1_58' title="bbox 253 2940 1802 3012">
     <span class='ocr_line' id='line_1_58' title="bbox 253 2940 1802 3012; baseline -0.001 -18"><span class='ocrx_word' id='word_1_441' title='bbox 253 2941 462 3011; x_wconf 77' lang='grc' dir='ltr'>τέρος</span> <span class='ocrx_word' id='word_1_442' title='bbox 484 2940 657 3010; x_wconf 78' lang='grc' dir='ltr'>ἥκων,</span> <span class='ocrx_word' id='word_1_443' title='bbox 690 2941 719 2993; x_wconf 88' lang='lat'><strong>6</strong></span> <span class='ocrx_word' id='word_1_444' title='bbox 759 2942 856 3012; x_wconf 86' lang='grc' dir='ltr'>μὲν</span> <span class='ocrx_word' id='word_1_445' title='bbox 902 2941 1149 2996; x_wconf 84' lang='grc' dir='ltr'>ίθυϐὀλου</span> <span class='ocrx_word' id='word_1_446' title='bbox 1192 2941 1430 3011; x_wconf 84' lang='grc' dir='ltr'>φύσεως,</span> <span class='ocrx_word' id='word_1_447' title='bbox 1471 2943 1499 2995; x_wconf 94' lang='lat'><strong>6</strong></span> <span class='ocrx_word' id='word_1_448' title='bbox 1532 2942 1624 2993; x_wconf 79' lang='grc' dir='ltr'><strong>ἐπὶ</strong></span> <span class='ocrx_word' id='word_1_449' title='bbox 1658 2941 1802 3009; x_wconf 74' lang='grc' dir='ltr'>θυγαι</span> 
     </span>
    </p>
   </div>
   <div class='ocr_carea' id='block_1_59' title="bbox 2037 2934 3586 3012">
    <p class='ocr_par' dir='ltr' id='par_1_59' title="bbox 2037 2941 3586 3011">
     <span class='ocr_line' id='line_1_59' title="bbox 2037 2941 3586 3011; baseline -0.003 -11"><span class='ocrx_word' id='word_1_450' title='bbox 2037 2946 2153 3000; x_wconf 77' lang='lat' dir='ltr'><strong>inici</strong></span> <span class='ocrx_word' id='word_1_451' title='bbox 2186 2948 2251 2999; x_wconf 90' lang='lat' dir='ltr'><strong>ad</strong></span> <span class='ocrx_word' id='word_1_452' title='bbox 2279 2947 2513 3000; x_wconf 90' lang='lat' dir='ltr'><strong>amicum</strong></span> <span class='ocrx_word' id='word_1_453' title='bbox 2546 2953 2899 2999; x_wconf 86' lang='lat' dir='ltr'><strong>accesserunt</strong></span> <span class='ocrx_word' id='word_1_454' title='bbox 2923 2943 3060 3011; x_wconf 65' lang='grc'><strong>(24).</strong></span> <span class='ocrx_word' id='word_1_455' title='bbox 3094 2943 3329 2997; x_wconf 87' lang='lat' dir='ltr'><strong>Isidorus</strong></span> <span class='ocrx_word' id='word_1_456' title='bbox 3361 2941 3586 2996; x_wconf 86' lang='lat' dir='ltr'><strong>multum</strong></span> 
     </span>
    </p>
   </div>
   <div class='ocr_carea' id='block_1_60' title="bbox 256 3031 1805 3107">
    <p class='ocr_par' dir='ltr' id='par_1_60' title="bbox 256 3031 1805 3104">
     <span class='ocr_line' id='line_1_60' title="bbox 256 3031 1805 3104; baseline 0.001 -20"><span class='ocrx_word' id='word_1_457' title='bbox 256 3031 551 3101; x_wconf 82' lang='grc' dir='ltr'>γαμϐρὸς</span> <span class='ocrx_word' id='word_1_458' title='bbox 603 3031 696 3085; x_wconf 82' lang='grc' dir='ltr'>τοῦ</span> <span class='ocrx_word' id='word_1_459' title='bbox 740 3033 980 3104; x_wconf 79' lang='grc' dir='ltr'>μεγάλου</span> <span class='ocrx_word' id='word_1_460' title='bbox 1048 3033 1498 3104; x_wconf 84' lang='grc' dir='ltr'>’Λσκληπιοδότου</span> <span class='ocrx_word' id='word_1_461' title='bbox 1562 3033 1805 3102; x_wconf 84' lang='grc' dir='ltr'>Ἀσκληπ</span> 
     </span>
    </p>
   </div>
   <div class='ocr_carea' id='block_1_61' title="bbox 2041 3031 3590 3107">
    <p class='ocr_par' dir='ltr' id='par_1_61' title="bbox 2041 3033 3590 3107">
     <span class='ocr_line' id='line_1_61' title="bbox 2041 3033 3590 3107; baseline -0.001 -16"><span class='ocrx_word' id='word_1_462' title='bbox 2041 3037 2294 3092; x_wconf 72' lang='lat' dir='ltr'><strong>raastabat</strong></span> <span class='ocrx_word' id='word_1_463' title='bbox 2324 3036 2594 3107; x_wconf 85' lang='lat' dir='ltr'><strong>Hypatiae,</strong></span> <span class='ocrx_word' id='word_1_464' title='bbox 2636 3052 2744 3091; x_wconf 92' lang='lat' dir='ltr'><strong>non</strong></span> <span class='ocrx_word' id='word_1_465' title='bbox 2795 3035 2966 3092; x_wconf 90' lang='lat' dir='ltr'><strong>solum</strong></span> <span class='ocrx_word' id='word_1_466' title='bbox 3005 3045 3065 3090; x_wconf 91' lang='lat' dir='ltr'><strong>ut</strong></span> <span class='ocrx_word' id='word_1_467' title='bbox 3102 3035 3189 3090; x_wconf 90' lang='lat' dir='ltr'><strong>vir</strong></span> <span class='ocrx_word' id='word_1_468' title='bbox 3224 3033 3460 3102; x_wconf 89' lang='lat' dir='ltr'><strong>mulieri,</strong></span> <span class='ocrx_word' id='word_1_469' title='bbox 3494 3034 3590 3090; x_wconf 91' lang='lat' dir='ltr'><strong>sed</strong></span> 
     </span>
    </p>
   </div>
   <div class='ocr_carea' id='block_1_62' title="bbox 248 3123 1797 3196">
    <p class='ocr_par' dir='ltr' id='par_1_62' title="bbox 248 3123 1797 3196">
     <span class='ocr_line' id='line_1_62' title="bbox 248 3123 1797 3196; baseline 0.001 -19"><span class='ocrx_word' id='word_1_470' title='bbox 248 3123 471 3185; x_wconf 83' lang='grc' dir='ltr'>δοτος.</span> <span class='ocrx_word' id='word_1_471' title='bbox 513 3125 571 3176; x_wconf 84' lang='grc' dir='ltr'>ὃν</span> <span class='ocrx_word' id='word_1_472' title='bbox 597 3126 642 3178; x_wconf 82' lang='grc' dir='ltr'>δ’</span> <span class='ocrx_word' id='word_1_473' title='bbox 677 3125 776 3195; x_wconf 72' lang='grc' dir='ltr'>ἤδη</span> <span class='ocrx_word' id='word_1_474' title='bbox 810 3125 1164 3196; x_wconf 81' lang='grc' dir='ltr'>ἐμνήστευεν,</span> <span class='ocrx_word' id='word_1_475' title='bbox 1197 3124 1496 3196; x_wconf 76' lang='grc' dir='ltr'>ἐπιμελοῦς</span> <span class='ocrx_word' id='word_1_476' title='bbox 1522 3125 1797 3196; x_wconf 83' lang='grc' dir='ltr'>ἀκριϐείας</span> 
     </span>
    </p>
   </div>
   <div class='ocr_carea' id='block_1_63' title="bbox 1679 3123 3228 3196">
    <p class='ocr_par' dir='ltr' id='par_1_63' title="bbox 1679 3123 3228 3196">
     <span class='ocr_line' id='line_1_63' title="bbox 1679 3123 3228 3196; baseline 0.003 -20"><span class='ocrx_word' id='word_1_477' title='bbox 1679 3125 1831 3189; x_wconf 75' lang='grc' dir='ltr'>ἱείας,</span> <span class='ocrx_word' id='word_1_478' title='bbox 1868 3127 1896 3179; x_wconf 96' lang='lat'><strong>6</strong></span> <span class='ocrx_word' id='word_1_479' title='bbox 1922 3123 1964 3145; x_wconf 84' lang='lat'><strong>&quot;&#39;</strong></span> <span class='ocrx_word' id='word_1_480' title='bbox 2001 3136 2059 3182; x_wconf 91' lang='lat' dir='ltr'><strong>ut</strong></span> <span class='ocrx_word' id='word_1_481' title='bbox 2092 3126 2399 3195; x_wconf 64' lang='lat' dir='ltr'><strong>geometriae</strong></span> <span class='ocrx_word' id='word_1_482' title='bbox 2422 3126 2617 3180; x_wconf 70' lang='lat' dir='ltr'><strong>deditae</strong></span> <span class='ocrx_word' id='word_1_483' title='bbox 2648 3126 2824 3195; x_wconf 86' lang='lat' dir='ltr'><strong>reipsa</strong></span> <span class='ocrx_word' id='word_1_484' title='bbox 2854 3126 3228 3196; x_wconf 90' lang='lat' dir='ltr'><strong>philosophus.</strong></span> 
     </span>
    </p>
   </div>
   <div class='ocr_carea' id='block_1_64' title="bbox 266 3216 3593 3293">
    <p class='ocr_par' dir='ltr' id='par_1_64' title="bbox 266 3216 3593 3293">
     <span class='ocr_line' id='line_1_64' title="bbox 266 3216 3593 3293; baseline 0.002 -23"><span class='ocrx_word' id='word_1_485' title='bbox 266 3216 605 3288; x_wconf 67' lang='grc' dir='ltr'>Ἰσίδωρος.</span> <span class='ocrx_word' id='word_1_486' title='bbox 650 3217 808 3289; x_wconf 84' lang='grc' dir='ltr'>Πηγὴ</span> <span class='ocrx_word' id='word_1_487' title='bbox 835 3218 1157 3273; x_wconf 87' lang='grc' dir='ltr'>ἀναδίδωσιν</span> <span class='ocrx_word' id='word_1_488' title='bbox 1192 3216 1339 3290; x_wconf 76' lang='grc' dir='ltr'>ὕδωρ</span> <span class='ocrx_word' id='word_1_489' title='bbox 1379 3219 1524 3289; x_wconf 83' lang='grc' dir='ltr'>ἱερόν</span> <span class='ocrx_word' id='word_1_490' title='bbox 1547 3236 1606 3273; x_wconf 92' lang='grc' dir='ltr'><strong>τε</strong></span> <span class='ocrx_word' id='word_1_491' title='bbox 1639 3218 1735 3272; x_wconf 79' lang='grc' dir='ltr'><strong>καὶ</strong></span> <span class='ocrx_word' id='word_1_492' title='bbox 1770 3217 2020 3272; x_wconf 74' lang='grc' dir='ltr'>εὔποτον.</span> <span class='ocrx_word' id='word_1_493' title='bbox 2055 3219 2222 3272; x_wconf 82' lang='grc' dir='ltr'>Ὥστε</span> <span class='ocrx_word' id='word_1_494' title='bbox 2249 3221 2533 3289; x_wconf 84' lang='grc' dir='ltr'>ποιητικὸς</span> <span class='ocrx_word' id='word_1_495' title='bbox 2603 3220 2745 3290; x_wconf 83' lang='grc' dir='ltr'>ἀνὴρ</span> <span class='ocrx_word' id='word_1_496' title='bbox 2786 3220 2891 3291; x_wconf 74' lang='grc' dir='ltr'>ἔφη</span> <span class='ocrx_word' id='word_1_497' title='bbox 2950 3221 3017 3275; x_wconf 82' lang='grc' dir='ltr'><strong>ἂν</strong></span> <span class='ocrx_word' id='word_1_498' title='bbox 3077 3221 3137 3274; x_wconf 81' lang='grc' dir='ltr'><strong>τὸ</strong></span> <span class='ocrx_word' id='word_1_499' title='bbox 3193 3222 3370 3293; x_wconf 90' lang='grc' dir='ltr'>στόμα</span> <span class='ocrx_word' id='word_1_500' title='bbox 3421 3218 3593 3277; x_wconf 74' lang='grc' dir='ltr'>αὐτοῦ</span> 
     </span>
    </p>
   </div>
   <div class='ocr_carea' id='block_1_65' title="bbox 249 3312 3587 3393">
    <p class='ocr_par' dir='ltr' id='par_1_65' title="bbox 249 3312 3587 3393">
     <span class='ocr_line' id='line_1_65' title="bbox 249 3312 3587 3393; baseline 0 -20"><span class='ocrx_word' id='word_1_501' title='bbox 249 3316 386 3373; x_wconf 73' lang='grc' dir='ltr'>καὶ</span> <span class='ocrx_word' id='word_1_502' title='bbox 424 3317 484 3370; x_wconf 85' lang='grc' dir='ltr'><strong>τὸ</strong></span> <span class='ocrx_word' id='word_1_503' title='bbox 516 3316 645 3371; x_wconf 83' lang='grc' dir='ltr'>ἄλλο</span> <span class='ocrx_word' id='word_1_504' title='bbox 680 3317 973 3389; x_wconf 81' lang='grc' dir='ltr'>πρόσωπον</span> <span class='ocrx_word' id='word_1_505' title='bbox 1012 3318 1327 3389; x_wconf 80' lang='grc' dir='ltr'>οἰκητήριον</span> <span class='ocrx_word' id='word_1_506' title='bbox 1379 3312 1519 3372; x_wconf 80' lang='grc' dir='ltr'>εἶναι</span> <span class='ocrx_word' id='word_1_507' title='bbox 1559 3317 1739 3371; x_wconf 84' lang='grc' dir='ltr'>αὐτῶν</span> <span class='ocrx_word' id='word_1_508' title='bbox 1776 3318 1885 3370; x_wconf 83' lang='grc' dir='ltr'><strong>τῶν</strong></span> <span class='ocrx_word' id='word_1_509' title='bbox 1910 3317 2187 3389; x_wconf 83' lang='grc' dir='ltr'>Χαρίτων.</span> <span class='ocrx_word' id='word_1_510' title='bbox 2220 3319 2298 3371; x_wconf 79' lang='grc' dir='ltr'><strong>Εἴ</strong></span> <span class='ocrx_word' id='word_1_511' title='bbox 2334 3334 2467 3370; x_wconf 90' lang='grc' dir='ltr'>ποτε</span> <span class='ocrx_word' id='word_1_512' title='bbox 2500 3317 2610 3389; x_wconf 86' lang='grc' dir='ltr'>γὰρ</span> <span class='ocrx_word' id='word_1_513' title='bbox 2640 3317 2734 3371; x_wconf 73' lang='grc' dir='ltr'>καὶ</span> <span class='ocrx_word' id='word_1_514' title='bbox 2787 3316 2941 3371; x_wconf 88' lang='grc' dir='ltr'>αὐτοί</span> <span class='ocrx_word' id='word_1_515' title='bbox 3003 3335 3149 3382; x_wconf 83' lang='grc' dir='ltr'>τινος</span> <span class='ocrx_word' id='word_1_516' title='bbox 3208 3320 3587 3393; x_wconf 74' lang='grc' dir='ltr'>ἠπορήθησαν,</span> 
     </span>
    </p>
   </div>
   <div class='ocr_carea' id='block_1_66' title="bbox 248 3406 3590 3489">
    <p class='ocr_par' dir='ltr' id='par_1_66' title="bbox 248 3406 3590 3489">
     <span class='ocr_line' id='line_1_66' title="bbox 248 3406 3590 3489; baseline 0 -20"><span class='ocrx_word' id='word_1_517' title='bbox 248 3418 468 3489; x_wconf 71' lang='grc' dir='ltr'>ᾔεσαν</span> <span class='ocrx_word' id='word_1_518' title='bbox 498 3414 701 3469; x_wconf 84' lang='grc' dir='ltr'>αὐτίκα</span> <span class='ocrx_word' id='word_1_519' title='bbox 732 3412 861 3484; x_wconf 82' lang='grc' dir='ltr'>παρ’</span> <span class='ocrx_word' id='word_1_520' title='bbox 896 3413 1061 3466; x_wconf 80' lang='grc' dir='ltr'>αὐτὸν</span> <span class='ocrx_word' id='word_1_521' title='bbox 1097 3413 1240 3482; x_wconf 83' lang='grc' dir='ltr'>φίλοι</span> <span class='ocrx_word' id='word_1_522' title='bbox 1273 3413 1427 3485; x_wconf 89' lang='grc' dir='ltr'>παρὰ</span> <span class='ocrx_word' id='word_1_523' title='bbox 1457 3412 1631 3483; x_wconf 89' lang='grc' dir='ltr'>φίλον.</span> <span class='ocrx_word' id='word_1_524' title='bbox 1668 3411 1728 3467; x_wconf 80' lang='lat'><strong>&#39;0</strong></span> <span class='ocrx_word' id='word_1_525' title='bbox 1768 3413 2037 3481; x_wconf 84' lang='grc' dir='ltr'>Ἰσίδωρος</span> <span class='ocrx_word' id='word_1_526' title='bbox 2064 3412 2199 3466; x_wconf 83' lang='grc' dir='ltr'>πολὺ</span> <span class='ocrx_word' id='word_1_527' title='bbox 2240 3412 2515 3484; x_wconf 82' lang='grc' dir='ltr'>διαφέρων</span> <span class='ocrx_word' id='word_1_528' title='bbox 2565 3406 2635 3483; x_wconf 79' lang='grc' dir='ltr'>ἦν</span> <span class='ocrx_word' id='word_1_529' title='bbox 2700 3414 2801 3483; x_wconf 73' lang='grc' dir='ltr'>τῆς</span> <span class='ocrx_word' id='word_1_530' title='bbox 2847 3411 3117 3477; x_wconf 81' lang='grc' dir='ltr'>’Υπατίας</span> <span class='ocrx_word' id='word_1_531' title='bbox 3156 3414 3222 3481; x_wconf 75' lang='grc'>’⁷,</span> <span class='ocrx_word' id='word_1_532' title='bbox 3298 3416 3361 3470; x_wconf 89' lang='grc' dir='ltr'><strong>οὐ</strong></span> <span class='ocrx_word' id='word_1_533' title='bbox 3428 3416 3590 3487; x_wconf 82' lang='grc' dir='ltr'>μόνον</span> 
     </span>
    </p>
   </div>
   <div class='ocr_carea' id='block_1_67' title="bbox 248 3504 2383 3580">
    <p class='ocr_par' dir='ltr' id='par_1_67' title="bbox 248 3504 2383 3580">
     <span class='ocr_line' id='line_1_67' title="bbox 248 3504 2383 3580; baseline -0.002 -14"><span class='ocrx_word' id='word_1_534' title='bbox 248 3506 381 3567; x_wconf 75' lang='grc' dir='ltr'>οἷα.</span> <span class='ocrx_word' id='word_1_535' title='bbox 422 3510 680 3579; x_wconf 82' lang='grc' dir='ltr'>γυναικὸς</span> <span class='ocrx_word' id='word_1_536' title='bbox 707 3510 870 3580; x_wconf 81' lang='grc' dir='ltr'>ἀνὴρ,</span> <span class='ocrx_word' id='word_1_537' title='bbox 894 3510 1033 3563; x_wconf 89' lang='grc' dir='ltr'><strong>ἀλλά</strong></span> <span class='ocrx_word' id='word_1_538' title='bbox 1065 3510 1162 3563; x_wconf 78' lang='grc' dir='ltr'><strong>καὶ</strong></span> <span class='ocrx_word' id='word_1_539' title='bbox 1195 3504 1283 3563; x_wconf 77' lang='grc' dir='ltr'>οἷα</span> <span class='ocrx_word' id='word_1_540' title='bbox 1314 3508 1700 3580; x_wconf 83' lang='grc' dir='ltr'>γεωμετρικῆς</span> <span class='ocrx_word' id='word_1_541' title='bbox 1730 3510 1777 3541; x_wconf 76' lang='grc'><strong>³⁸</strong></span> <span class='ocrx_word' id='word_1_542' title='bbox 1813 3509 1890 3579; x_wconf 85' lang='grc' dir='ltr'>τῷ</span> <span class='ocrx_word' id='word_1_543' title='bbox 1928 3509 2044 3563; x_wconf 76' lang='grc' dir='ltr'>ὄντι</span> <span class='ocrx_word' id='word_1_544' title='bbox 2074 3507 2383 3577; x_wconf 86' lang='grc' dir='ltr'>φιλόσοφος.</span> 
     </span>
    </p>
   </div>
   <div class='ocr_carea' id='block_1_68' title="bbox 358 3597 1907 3674">
    <p class='ocr_par' dir='ltr' id='par_1_68' title="bbox 358 3597 1890 3674">
     <span class='ocr_line' id='line_1_68' title="bbox 358 3597 1890 3674; baseline -0.004 -17"><span class='ocrx_word' id='word_1_545' title='bbox 358 3605 609 3674; x_wconf 76' lang='grc' dir='ltr'>Στεῤῥὸς</span> <span class='ocrx_word' id='word_1_546' title='bbox 637 3603 694 3655; x_wconf 83' lang='grc' dir='ltr'><strong>δέ</strong></span> <span class='ocrx_word' id='word_1_547' title='bbox 727 3602 788 3655; x_wconf 88' lang='grc' dir='ltr'><strong>τὸ</strong></span> <span class='ocrx_word' id='word_1_548' title='bbox 826 3597 957 3672; x_wconf 85' lang='grc' dir='ltr'>ἦθος</span> <span class='ocrx_word' id='word_1_549' title='bbox 986 3602 1014 3653; x_wconf 89' lang='lat'><strong>6</strong></span> <span class='ocrx_word' id='word_1_550' title='bbox 1053 3600 1381 3670; x_wconf 84' lang='grc' dir='ltr'>Σεϐηριανὺς</span> <span class='ocrx_word' id='word_1_551' title='bbox 1405 3600 1450 3631; x_wconf 80' lang='grc'>²⁹</span> <span class='ocrx_word' id='word_1_552' title='bbox 1479 3599 1576 3663; x_wconf 84' lang='grc' dir='ltr'>ὢν,</span> <span class='ocrx_word' id='word_1_553' title='bbox 1620 3600 1714 3652; x_wconf 70' lang='grc' dir='ltr'><strong>καὶ</strong></span> <span class='ocrx_word' id='word_1_554' title='bbox 1745 3599 1890 3669; x_wconf 83' lang='grc' dir='ltr'>ἆπερ</span> 
     </span>
    </p>
   </div>
   <div class='ocr_carea' id='block_1_69' title="bbox 2038 3597 3587 3674">
    <p class='ocr_par' dir='ltr' id='par_1_69' title="bbox 2069 3598 3587 3670">
     <span class='ocr_line' id='line_1_69' title="bbox 2069 3598 3587 3670; baseline 0.003 -18"><span class='ocrx_word' id='word_1_555' title='bbox 2069 3598 2400 3655; x_wconf 86' lang='lat' dir='ltr'><strong>Severianus</strong></span> <span class='ocrx_word' id='word_1_556' title='bbox 2459 3600 2728 3655; x_wconf 90' lang='lat' dir='ltr'><strong>constanti</strong></span> <span class='ocrx_word' id='word_1_557' title='bbox 2779 3600 2964 3655; x_wconf 90' lang='lat' dir='ltr'><strong>animo</strong></span> <span class='ocrx_word' id='word_1_558' title='bbox 3004 3599 3146 3665; x_wconf 81' lang='lat' dir='ltr'><strong>fuit,</strong></span> <span class='ocrx_word' id='word_1_559' title='bbox 3192 3608 3249 3655; x_wconf 90' lang='lat' dir='ltr'><strong>et</strong></span> <span class='ocrx_word' id='word_1_560' title='bbox 3305 3602 3397 3670; x_wconf 92' lang='lat' dir='ltr'><strong>qui</strong></span> <span class='ocrx_word' id='word_1_561' title='bbox 3463 3617 3587 3657; x_wconf 89' lang='lat' dir='ltr'><strong>cum</strong></span> 
     </span>
    </p>
   </div>
   <div class='ocr_carea' id='block_1_70' title="bbox 251 3690 1800 3765">
    <p class='ocr_par' dir='ltr' id='par_1_70' title="bbox 251 3690 1800 3765">
     <span class='ocr_line' id='line_1_70' title="bbox 251 3690 1800 3765; baseline -0.008 -11"><span class='ocrx_word' id='word_1_562' title='bbox 251 3701 350 3754; x_wconf 81' lang='grc' dir='ltr'>ἂν</span> <span class='ocrx_word' id='word_1_563' title='bbox 402 3693 734 3765; x_wconf 83' lang='grc' dir='ltr'>διανοηθείη,</span> <span class='ocrx_word' id='word_1_564' title='bbox 778 3693 951 3748; x_wconf 77' lang='grc' dir='ltr'>ταῦτα</span> <span class='ocrx_word' id='word_1_565' title='bbox 986 3693 1249 3763; x_wconf 88' lang='grc' dir='ltr'>πράττειν</span> <span class='ocrx_word' id='word_1_566' title='bbox 1283 3690 1657 3757; x_wconf 78' lang='grc' dir='ltr'>ἐσπουδακὼς,</span> <span class='ocrx_word' id='word_1_567' title='bbox 1691 3690 1800 3760; x_wconf 71' lang='grc' dir='ltr'>ἔφθ</span> 
     </span>
    </p>
   </div>
   <div class='ocr_carea' id='block_1_71' title="bbox 2039 3690 3588 3765">
    <p class='ocr_par' dir='ltr' id='par_1_71' title="bbox 2039 3690 3588 3762">
     <span class='ocr_line' id='line_1_71' title="bbox 2039 3690 3588 3762; baseline 0.004 -20"><span class='ocrx_word' id='word_1_568' title='bbox 2039 3690 2179 3745; x_wconf 81' lang='lat' dir='ltr'><strong>nimo</strong></span> <span class='ocrx_word' id='word_1_569' title='bbox 2219 3691 2534 3760; x_wconf 85' lang='lat' dir='ltr'><strong>cogitasset,</strong></span> <span class='ocrx_word' id='word_1_570' title='bbox 2573 3706 2630 3745; x_wconf 90' lang='lat' dir='ltr'><strong>re</strong></span> <span class='ocrx_word' id='word_1_571' title='bbox 2685 3691 2907 3760; x_wconf 81' lang='lat' dir='ltr'><strong>exsequi</strong></span> <span class='ocrx_word' id='word_1_572' title='bbox 2936 3703 3181 3760; x_wconf 86' lang='lat' dir='ltr'><strong>paratus,</strong></span> <span class='ocrx_word' id='word_1_573' title='bbox 3205 3695 3416 3762; x_wconf 79' lang='lat' dir='ltr'><strong>agendo</strong></span> <span class='ocrx_word' id='word_1_574' title='bbox 3455 3708 3588 3748; x_wconf 90' lang='lat' dir='ltr'><strong>con-</strong></span> 
     </span>
    </p>
   </div>
   <div class='ocr_carea' id='block_1_72' title="bbox 248 3781 1797 3858">
    <p class='ocr_par' dir='ltr' id='par_1_72' title="bbox 248 3783 1797 3858">
     <span class='ocr_line' id='line_1_72' title="bbox 248 3783 1797 3858; baseline -0.005 -14"><span class='ocrx_word' id='word_1_575' title='bbox 248 3790 366 3858; x_wconf 80' lang='grc' dir='ltr'>τῷ</span> <span class='ocrx_word' id='word_1_576' title='bbox 408 3786 708 3857; x_wconf 84' lang='grc' dir='ltr'>πρακτικῷ</span> <span class='ocrx_word' id='word_1_577' title='bbox 734 3785 796 3837; x_wconf 84' lang='grc' dir='ltr'><strong>τὸ</strong></span> <span class='ocrx_word' id='word_1_578' title='bbox 829 3784 1199 3855; x_wconf 80' lang='grc' dir='ltr'>βουλευτικὸν,</span> <span class='ocrx_word' id='word_1_579' title='bbox 1244 3785 1338 3837; x_wconf 73' lang='grc' dir='ltr'><strong>καὶ</strong></span> <span class='ocrx_word' id='word_1_580' title='bbox 1373 3784 1462 3837; x_wconf 90' lang='grc' dir='ltr'><strong>διά</strong></span> <span class='ocrx_word' id='word_1_581' title='bbox 1502 3783 1660 3837; x_wconf 78' lang='grc' dir='ltr'>τοῦτο</span> <span class='ocrx_word' id='word_1_582' title='bbox 1706 3785 1735 3836; x_wconf 91' lang='lat'><strong>6</strong></span> <span class='ocrx_word' id='word_1_583' title='bbox 1776 3784 1797 3855; x_wconf 71' lang='grc' dir='ltr'>β</span> 
     </span>
    </p>
   </div>
   <div class='ocr_carea' id='block_1_73' title="bbox 2034 3781 3583 3858">
    <p class='ocr_par' dir='ltr' id='par_1_73' title="bbox 2034 3782 3583 3854">
     <span class='ocr_line' id='line_1_73' title="bbox 2034 3782 3583 3854; baseline 0.003 -19"><span class='ocrx_word' id='word_1_584' title='bbox 2034 3782 2171 3837; x_wconf 89' lang='lat' dir='ltr'><strong>lium</strong></span> <span class='ocrx_word' id='word_1_585' title='bbox 2202 3784 2600 3837; x_wconf 85' lang='lat' dir='ltr'><strong>antevertebat.</strong></span> <span class='ocrx_word' id='word_1_586' title='bbox 2634 3782 2821 3849; x_wconf 88' lang='lat' dir='ltr'><strong>Itaque</strong></span> <span class='ocrx_word' id='word_1_587' title='bbox 2855 3798 3000 3852; x_wconf 71' lang='lat' dir='ltr'><strong>saepe</strong></span> <span class='ocrx_word' id='word_1_588' title='bbox 3028 3785 3137 3838; x_wconf 83' lang='lat' dir='ltr'><strong>vita</strong></span> <span class='ocrx_word' id='word_1_589' title='bbox 3160 3783 3277 3853; x_wconf 81' lang='lat' dir='ltr'><strong>ejus</strong></span> <span class='ocrx_word' id='word_1_590' title='bbox 3312 3785 3535 3854; x_wconf 88' lang='lat' dir='ltr'><strong>impegit</strong></span> <span class='ocrx_word' id='word_1_591' title='bbox 3569 3803 3583 3840; x_wconf 91' lang='lat'><strong>:</strong></span> 
     </span>
    </p>
   </div>
   <div class='ocr_carea' id='block_1_74' title="bbox 249 3874 1798 3949">
    <p class='ocr_par' dir='ltr' id='par_1_74' title="bbox 249 3874 1798 3949">
     <span class='ocr_line' id='line_1_74' title="bbox 249 3874 1798 3949; baseline -0.006 -15"><span class='ocrx_word' id='word_1_592' title='bbox 249 3877 449 3949; x_wconf 81' lang='grc' dir='ltr'>αὐτῷ</span> <span class='ocrx_word' id='word_1_593' title='bbox 479 3876 725 3947; x_wconf 84' lang='grc' dir='ltr'>πολλαχῆ</span> <span class='ocrx_word' id='word_1_594' title='bbox 757 3876 1045 3946; x_wconf 84' lang='grc' dir='ltr'>διεσφάλη.</span> <span class='ocrx_word' id='word_1_595' title='bbox 1092 3877 1165 3929; x_wconf 91' lang='grc' dir='ltr'>Οὐ</span> <span class='ocrx_word' id='word_1_596' title='bbox 1205 3874 1635 3947; x_wconf 66' lang='grc' dir='ltr'>γάρ;ὲπιδιδόναι</span> <span class='ocrx_word' id='word_1_597' title='bbox 1669 3874 1798 3946; x_wconf 69' lang='grc' dir='ltr'>ῥᾳδία</span> 
     </span>
    </p>
   </div>
   <div class='ocr_carea' id='block_1_75' title="bbox 2036 3874 3585 3949">
    <p class='ocr_par' dir='ltr' id='par_1_75' title="bbox 2036 3874 3585 3944">
     <span class='ocr_line' id='line_1_75' title="bbox 2036 3874 3585 3944; baseline 0.001 -16"><span class='ocrx_word' id='word_1_598' title='bbox 2036 3890 2099 3929; x_wconf 86' lang='lat' dir='ltr'><strong>on</strong></span> <span class='ocrx_word' id='word_1_599' title='bbox 2137 3876 2282 3931; x_wconf 87' lang='lat' dir='ltr'><strong>enim</strong></span> <span class='ocrx_word' id='word_1_600' title='bbox 2312 3874 2474 3929; x_wconf 83' lang='lat' dir='ltr'><strong>facile</strong></span> <span class='ocrx_word' id='word_1_601' title='bbox 2502 3885 2621 3929; x_wconf 87' lang='lat' dir='ltr'><strong>erat</strong></span> <span class='ocrx_word' id='word_1_602' title='bbox 2641 3889 2917 3942; x_wconf 85' lang='lat' dir='ltr'><strong>crescere,</strong></span> <span class='ocrx_word' id='word_1_603' title='bbox 2948 3884 3003 3929; x_wconf 92' lang='lat' dir='ltr'><strong>et</strong></span> <span class='ocrx_word' id='word_1_604' title='bbox 3033 3877 3100 3930; x_wconf 88' lang='lat' dir='ltr'><strong>ad</strong></span> <span class='ocrx_word' id='word_1_605' title='bbox 3122 3877 3383 3930; x_wconf 85' lang='lat' dir='ltr'><strong>amussim</strong></span> <span class='ocrx_word' id='word_1_606' title='bbox 3417 3876 3585 3944; x_wconf 87' lang='lat' dir='ltr'><strong>proli-</strong></span> 
     </span>
    </p>
   </div>
   <div class='ocr_carea' id='block_1_76' title="bbox 247 3963 1796 4038">
    <p class='ocr_par' dir='ltr' id='par_1_76' title="bbox 247 3963 1796 4038">
     <span class='ocr_line' id='line_1_76' title="bbox 247 3963 1796 4038; baseline -0.006 -12"><span class='ocrx_word' id='word_1_607' title='bbox 247 3969 419 4027; x_wconf 71' lang='grc' dir='ltr'>οὐδὲ</span> <span class='ocrx_word' id='word_1_608' title='bbox 443 3963 514 4038; x_wconf 79' lang='grc' dir='ltr'>ἦν</span> <span class='ocrx_word' id='word_1_609' title='bbox 538 3966 800 4034; x_wconf 73' lang='grc' dir='ltr'>αὔξεσθαι</span> <span class='ocrx_word' id='word_1_610' title='bbox 830 3967 972 4020; x_wconf 85' lang='grc' dir='ltr'><strong>κατά</strong></span> <span class='ocrx_word' id='word_1_611' title='bbox 995 3969 1175 4038; x_wconf 80' lang='grc' dir='ltr'>πῆχυν</span> <span class='ocrx_word' id='word_1_612' title='bbox 1207 3966 1276 4032; x_wconf 82' lang='grc'><strong>³⁰,</strong></span> <span class='ocrx_word' id='word_1_613' title='bbox 1315 3964 1503 4037; x_wconf 85' lang='grc' dir='ltr'>ὥσπερ</span> <span class='ocrx_word' id='word_1_614' title='bbox 1529 3965 1796 4036; x_wconf 85' lang='grc' dir='ltr'>Θεόδωρος</span> 
     </span>
    </p>
   </div>
   <div class='ocr_carea' id='block_1_77' title="bbox 2037 3963 3586 4038">
    <p class='ocr_par' dir='ltr' id='par_1_77' title="bbox 2037 3966 3586 4037">
     <span class='ocr_line' id='line_1_77' title="bbox 2037 3966 3586 4037; baseline -0.001 -14"><span class='ocrx_word' id='word_1_615' title='bbox 2037 3983 2139 4034; x_wconf 74' lang='lat' dir='ltr'><strong>ere,</strong></span> <span class='ocrx_word' id='word_1_616' title='bbox 2169 3976 2235 4023; x_wconf 89' lang='lat' dir='ltr'><strong>ut</strong></span> <span class='ocrx_word' id='word_1_617' title='bbox 2252 3966 2580 4023; x_wconf 90' lang='lat' dir='ltr'><strong>Theodorus</strong></span> <span class='ocrx_word' id='word_1_618' title='bbox 2612 3967 2861 4024; x_wconf 74' lang='lat' dir='ltr'><strong>Asinaeus</strong></span> <span class='ocrx_word' id='word_1_619' title='bbox 2886 3966 3115 4034; x_wconf 82' lang='lat' dir='ltr'><strong>profecit</strong></span> <span class='ocrx_word' id='word_1_620' title='bbox 3134 3968 3236 4022; x_wconf 86' lang='lat' dir='ltr'><strong>sub</strong></span> <span class='ocrx_word' id='word_1_621' title='bbox 3261 3966 3586 4037; x_wconf 82' lang='lat' dir='ltr'><strong>Porphyrio,</strong></span> 
     </span>
    </p>
   </div>
   <div class='ocr_carea' id='block_1_78' title="bbox 247 4056 1796 4131">
    <p class='ocr_par' dir='ltr' id='par_1_78' title="bbox 247 4057 1796 4131">
     <span class='ocr_line' id='line_1_78' title="bbox 247 4057 1796 4131; baseline -0.008 -13"><span class='ocrx_word' id='word_1_622' title='bbox 247 4067 289 4118; x_wconf 88' lang='grc' dir='ltr'>ὁ</span> <span class='ocrx_word' id='word_1_623' title='bbox 361 4061 643 4124; x_wconf 81' lang='grc' dir='ltr'>Ἀσιναῖος</span> <span class='ocrx_word' id='word_1_624' title='bbox 678 4059 893 4131; x_wconf 81' lang='grc' dir='ltr'>ηὐξήθη</span> <span class='ocrx_word' id='word_1_625' title='bbox 927 4058 1033 4111; x_wconf 85' lang='grc' dir='ltr'><strong>ὐπὸ</strong></span> <span class='ocrx_word' id='word_1_626' title='bbox 1070 4057 1147 4127; x_wconf 79' lang='grc' dir='ltr'>τῷ</span> <span class='ocrx_word' id='word_1_627' title='bbox 1175 4057 1490 4129; x_wconf 86' lang='grc' dir='ltr'>Πορφυρίῳ.</span> <span class='ocrx_word' id='word_1_628' title='bbox 1528 4058 1692 4111; x_wconf 81' lang='grc' dir='ltr'>Ὥστε</span> <span class='ocrx_word' id='word_1_629' title='bbox 1723 4057 1796 4109; x_wconf 63' lang='grc' dir='ltr'>εὐ(</span> 
     </span>
    </p>
   </div>
   <div class='ocr_carea' id='block_1_79' title="bbox 2034 4056 3583 4131">
    <p class='ocr_par' dir='ltr' id='par_1_79' title="bbox 2041 4058 3583 4128">
     <span class='ocr_line' id='line_1_79' title="bbox 2041 4058 3583 4128; baseline -0.001 -15"><span class='ocrx_word' id='word_1_630' title='bbox 2041 4063 2092 4114; x_wconf 88' lang='lat' dir='ltr'><strong>ui</strong></span> <span class='ocrx_word' id='word_1_631' title='bbox 2129 4061 2312 4115; x_wconf 85' lang='lat' dir='ltr'><strong>statim</strong></span> <span class='ocrx_word' id='word_1_632' title='bbox 2347 4060 2504 4116; x_wconf 87' lang='lat' dir='ltr'><strong>initio</strong></span> <span class='ocrx_word' id='word_1_633' title='bbox 2537 4059 2651 4116; x_wconf 90' lang='lat' dir='ltr'><strong>sola</strong></span> <span class='ocrx_word' id='word_1_634' title='bbox 2678 4060 2987 4116; x_wconf 87' lang='lat' dir='ltr'><strong>necessaria</strong></span> <span class='ocrx_word' id='word_1_635' title='bbox 3033 4059 3248 4128; x_wconf 89' lang='lat' dir='ltr'><strong>corpori</strong></span> <span class='ocrx_word' id='word_1_636' title='bbox 3292 4058 3583 4123; x_wconf 87' lang='lat' dir='ltr'><strong>conferret,</strong></span> 
     </span>
    </p>
   </div>
   <div class='ocr_carea' id='block_1_80' title="bbox 249 4145 1798 4222">
    <p class='ocr_par' dir='ltr' id='par_1_80' title="bbox 249 4145 1798 4222">
     <span class='ocr_line' id='line_1_80' title="bbox 249 4145 1798 4222; baseline -0.004 -15"><span class='ocrx_word' id='word_1_637' title='bbox 249 4154 341 4218; x_wconf 72' lang='grc' dir='ltr'>ἐξ</span> <span class='ocrx_word' id='word_1_638' title='bbox 377 4150 563 4222; x_wconf 82' lang='grc' dir='ltr'>ἀρχῆς</span> <span class='ocrx_word' id='word_1_639' title='bbox 593 4150 661 4203; x_wconf 86' lang='grc' dir='ltr'>τὰ</span> <span class='ocrx_word' id='word_1_640' title='bbox 692 4150 966 4219; x_wconf 86' lang='grc' dir='ltr'>ἀναγκαῖα</span> <span class='ocrx_word' id='word_1_641' title='bbox 1010 4149 1147 4220; x_wconf 86' lang='grc' dir='ltr'>μόνα</span> <span class='ocrx_word' id='word_1_642' title='bbox 1179 4148 1513 4219; x_wconf 81' lang='grc' dir='ltr'>προσφέρειν</span> <span class='ocrx_word' id='word_1_643' title='bbox 1535 4148 1614 4218; x_wconf 80' lang='grc' dir='ltr'>τῷ</span> <span class='ocrx_word' id='word_1_644' title='bbox 1648 4145 1798 4218; x_wconf 81' lang='grc' dir='ltr'>σῶμα</span> 
     </span>
    </p>
   </div>
   <div class='ocr_carea' id='block_1_81' title="bbox 2038 4145 3587 4222">
    <p class='ocr_par' dir='ltr' id='par_1_81' title="bbox 2038 4148 3587 4219">
     <span class='ocr_line' id='line_1_81' title="bbox 2038 4148 3587 4219; baseline -0.001 -14"><span class='ocrx_word' id='word_1_645' title='bbox 2038 4160 2298 4206; x_wconf 85' lang='lat' dir='ltr'><strong>tomnem</strong></span> <span class='ocrx_word' id='word_1_646' title='bbox 2336 4153 2501 4207; x_wconf 83' lang='lat' dir='ltr'><strong>vitam</strong></span> <span class='ocrx_word' id='word_1_647' title='bbox 2536 4162 2686 4207; x_wconf 89' lang='lat' dir='ltr'><strong>caste</strong></span> <span class='ocrx_word' id='word_1_648' title='bbox 2721 4152 3051 4207; x_wconf 89' lang='lat' dir='ltr'><strong>traduceret.</strong></span> <span class='ocrx_word' id='word_1_649' title='bbox 3082 4148 3437 4219; x_wconf 88' lang='lat' dir='ltr'><strong>Pamprepius</strong></span> <span class='ocrx_word' id='word_1_650' title='bbox 3460 4149 3587 4204; x_wconf 87' lang='lat' dir='ltr'><strong>bre-</strong></span> 
     </span>
    </p>
   </div>
   <div class='ocr_carea' id='block_1_82' title="bbox 248 4234 1797 4310">
    <p class='ocr_par' dir='ltr' id='par_1_82' title="bbox 248 4234 1764 4310">
     <span class='ocr_line' id='line_1_82' title="bbox 248 4234 1764 4310; baseline -0.004 -13"><span class='ocrx_word' id='word_1_651' title='bbox 248 4240 629 4310; x_wconf 71' lang='lat' dir='ltr'><strong>dzppo5wiwv</strong></span> <span class='ocrx_word' id='word_1_652' title='bbox 662 4238 719 4293; x_wconf 84' lang='grc' dir='ltr'>δὲ</span> <span class='ocrx_word' id='word_1_653' title='bbox 766 4238 1034 4310; x_wconf 81' lang='grc' dir='ltr'>ἄχραντον</span> <span class='ocrx_word' id='word_1_654' title='bbox 1073 4234 1210 4292; x_wconf 81' lang='grc' dir='ltr'>εἶναι</span> <span class='ocrx_word' id='word_1_655' title='bbox 1256 4238 1344 4292; x_wconf 85' lang='grc' dir='ltr'><strong>διὰ</strong></span> <span class='ocrx_word' id='word_1_656' title='bbox 1394 4239 1509 4308; x_wconf 88' lang='grc' dir='ltr'>βίου</span> <span class='ocrx_word' id='word_1_657' title='bbox 1542 4240 1764 4300; x_wconf 83' lang='grc' dir='ltr'>παντός.</span> 
     </span>
    </p>
   </div>
   <div class='ocr_carea' id='block_1_83' title="bbox 2039 4234 3588 4310">
    <p class='ocr_par' dir='ltr' id='par_1_83' title="bbox 2039 4235 3588 4308">
     <span class='ocr_line' id='line_1_83' title="bbox 2039 4235 3588 4308; baseline -0.001 -18"><span class='ocrx_word' id='word_1_658' title='bbox 2039 4238 2219 4295; x_wconf 91' lang='lat' dir='ltr'><strong>issimo</strong></span> <span class='ocrx_word' id='word_1_659' title='bbox 2281 4246 2523 4308; x_wconf 92' lang='lat' dir='ltr'><strong>tempore</strong></span> <span class='ocrx_word' id='word_1_660' title='bbox 2581 4237 3060 4308; x_wconf 88' lang='lat' dir='ltr'><strong>eloquentissimus</strong></span> <span class='ocrx_word' id='word_1_661' title='bbox 3110 4244 3164 4290; x_wconf 82' lang='lat' dir='ltr'><strong>et</strong></span> <span class='ocrx_word' id='word_1_662' title='bbox 3238 4235 3588 4291; x_wconf 89' lang='lat' dir='ltr'><strong>doctissimus</strong></span> 
     </span>
    </p>
   </div>
   <div class='ocr_carea' id='block_1_84' title="bbox 252 4324 1801 4401">
    <p class='ocr_par' dir='ltr' id='par_1_84' title="bbox 252 4324 1801 4401">
     <span class='ocr_line' id='line_1_84' title="bbox 252 4324 1801 4401; baseline -0.003 -16"><span class='ocrx_word' id='word_1_663' title='bbox 252 4330 669 4401; x_wconf 74' lang='grc' dir='ltr'>Πσιμπρέπιος</span> <span class='ocrx_word' id='word_1_664' title='bbox 728 4332 786 4383; x_wconf 71' lang='grc' dir='ltr'><strong>ἐν</strong></span> <span class='ocrx_word' id='word_1_665' title='bbox 844 4331 1012 4400; x_wconf 80' lang='grc' dir='ltr'>ὀλίγῳ</span> <span class='ocrx_word' id='word_1_666' title='bbox 1064 4331 1244 4401; x_wconf 83' lang='grc' dir='ltr'>χρόνῳ</span> <span class='ocrx_word' id='word_1_667' title='bbox 1301 4328 1675 4400; x_wconf 83' lang='grc' dir='ltr'>λογιμώτατος</span> <span class='ocrx_word' id='word_1_668' title='bbox 1744 4324 1801 4381; x_wconf 59' lang='grc' dir='ltr'>εἶλ</span> 
     </span>
    </p>
   </div>
   <div class='ocr_carea' id='block_1_85' title="bbox 2036 4324 3585 4401">
    <p class='ocr_par' dir='ltr' id='par_1_85' title="bbox 2036 4328 3585 4398">
     <span class='ocr_line' id='line_1_85' title="bbox 2036 4328 3585 4398; baseline -0.001 -16"><span class='ocrx_word' id='word_1_669' title='bbox 2036 4331 2167 4385; x_wconf 79' lang='lat' dir='ltr'><strong>tisse</strong></span> <span class='ocrx_word' id='word_1_670' title='bbox 2194 4329 2344 4386; x_wconf 87' lang='lat' dir='ltr'><strong>visus</strong></span> <span class='ocrx_word' id='word_1_671' title='bbox 2370 4337 2475 4391; x_wconf 85' lang='lat' dir='ltr'><strong>est,</strong></span> <span class='ocrx_word' id='word_1_672' title='bbox 2506 4330 2586 4384; x_wconf 88' lang='lat' dir='ltr'><strong>sic</strong></span> <span class='ocrx_word' id='word_1_673' title='bbox 2626 4330 2871 4384; x_wconf 88' lang='lat' dir='ltr'><strong>incubuit</strong></span> <span class='ocrx_word' id='word_1_674' title='bbox 2918 4329 3109 4398; x_wconf 87' lang='lat' dir='ltr'><strong>primis</strong></span> <span class='ocrx_word' id='word_1_675' title='bbox 3147 4328 3408 4382; x_wconf 81' lang='lat' dir='ltr'><strong>doctrinae</strong></span> <span class='ocrx_word' id='word_1_676' title='bbox 3438 4328 3585 4381; x_wconf 87' lang='lat' dir='ltr'><strong>rudi-</strong></span> 
     </span>
    </p>
   </div>
   <div class='ocr_carea' id='block_1_86' title="bbox 248 4419 1797 4506">
    <p class='ocr_par' dir='ltr' id='par_1_86' title="bbox 248 4423 1797 4494">
     <span class='ocr_line' id='line_1_86' title="bbox 248 4423 1797 4494; baseline -0.005 -12"><span class='ocrx_word' id='word_1_677' title='bbox 248 4424 448 4490; x_wconf 79' lang='grc' dir='ltr'>ἔδοξε</span> <span class='ocrx_word' id='word_1_678' title='bbox 481 4425 575 4478; x_wconf 79' lang='grc' dir='ltr'><strong>καὶ</strong></span> <span class='ocrx_word' id='word_1_679' title='bbox 606 4423 1085 4494; x_wconf 80' lang='grc' dir='ltr'>πολυμαθέστατος</span> <span class='ocrx_word' id='word_1_680' title='bbox 1130 4424 1173 4455; x_wconf 82' lang='grc'><strong>³³</strong></span> <span class='ocrx_word' id='word_1_681' title='bbox 1194 4439 1209 4453; x_wconf 88' lang='grc'><strong>·</strong></span> <span class='ocrx_word' id='word_1_682' title='bbox 1240 4424 1386 4477; x_wconf 71' lang='grc' dir='ltr'>οὕτω</span> <span class='ocrx_word' id='word_1_683' title='bbox 1419 4424 1717 4476; x_wconf 81' lang='grc' dir='ltr'>διεπονεῖτο</span> <span class='ocrx_word' id='word_1_684' title='bbox 1759 4439 1797 4475; x_wconf 88' lang='grc' dir='ltr'><strong>π</strong></span> 
     </span>
    </p>
   </div>
   <div class='ocr_carea' id='block_1_87' title="bbox 2038 4419 3587 4506">
    <p class='ocr_par' dir='ltr' id='par_1_87' title="bbox 2038 4419 3587 4494">
     <span class='ocr_line' id='line_1_87' title="bbox 2038 4419 3587 4494; baseline -0.001 -18"><span class='ocrx_word' id='word_1_685' title='bbox 2038 4423 2217 4487; x_wconf 83' lang='lat' dir='ltr'><strong>tentis,</strong></span> <span class='ocrx_word' id='word_1_686' title='bbox 2248 4438 2382 4491; x_wconf 90' lang='lat' dir='ltr'><strong>quas</strong></span> <span class='ocrx_word' id='word_1_687' title='bbox 2404 4422 2752 4494; x_wconf 84' lang='lat' dir='ltr'><strong>grammatica</strong></span> <span class='ocrx_word' id='word_1_688' title='bbox 2775 4431 2829 4475; x_wconf 89' lang='lat' dir='ltr'><strong>et</strong></span> <span class='ocrx_word' id='word_1_689' title='bbox 2852 4423 3058 4490; x_wconf 89' lang='lat' dir='ltr'><strong>poetica</strong></span> <span class='ocrx_word' id='word_1_690' title='bbox 3088 4420 3303 4474; x_wconf 89' lang='lat' dir='ltr'><strong>docent.</strong></span> <span class='ocrx_word' id='word_1_691' title='bbox 3333 4419 3461 4474; x_wconf 88' lang='lat' dir='ltr'><strong>Erat</strong></span> <span class='ocrx_word' id='word_1_692' title='bbox 3484 4435 3587 4474; x_wconf 90' lang='lat' dir='ltr'><strong>na-</strong></span> 
     </span>
    </p>
   </div>
   <div class='ocr_carea' id='block_1_88' title="bbox 247 4510 1796 4592">
    <p class='ocr_par' dir='ltr' id='par_1_88' title="bbox 247 4512 1796 4592">
     <span class='ocr_line' id='line_1_88' title="bbox 247 4512 1796 4592; baseline -0.008 -17"><span class='ocrx_word' id='word_1_693' title='bbox 247 4520 394 4592; x_wconf 79' lang='grc' dir='ltr'>τὴν</span> <span class='ocrx_word' id='word_1_694' title='bbox 431 4516 601 4587; x_wconf 81' lang='grc' dir='ltr'>ἄλλην</span> <span class='ocrx_word' id='word_1_695' title='bbox 630 4516 1009 4588; x_wconf 85' lang='grc' dir='ltr'>προπαιδεὶαν,</span> <span class='ocrx_word' id='word_1_696' title='bbox 1032 4518 1163 4587; x_wconf 84' lang='grc' dir='ltr'>ὅσην</span> <span class='ocrx_word' id='word_1_697' title='bbox 1190 4515 1447 4586; x_wconf 85' lang='grc' dir='ltr'>ποιητική</span> <span class='ocrx_word' id='word_1_698' title='bbox 1480 4530 1540 4566; x_wconf 90' lang='grc' dir='ltr'><strong>τε</strong></span> <span class='ocrx_word' id='word_1_699' title='bbox 1575 4512 1669 4566; x_wconf 75' lang='grc' dir='ltr'>καὶ</span> <span class='ocrx_word' id='word_1_700' title='bbox 1706 4526 1796 4579; x_wconf 81' lang='grc' dir='ltr'><strong>γρι</strong></span> 
     </span>
    </p>
   </div>
   <div class='ocr_carea' id='block_1_89' title="bbox 2035 4510 3584 4592">
    <p class='ocr_par' dir='ltr' id='par_1_89' title="bbox 2041 4510 3584 4584">
     <span class='ocr_line' id='line_1_89' title="bbox 2041 4510 3584 4584; baseline -0.003 -15"><span class='ocrx_word' id='word_1_701' title='bbox 2041 4528 2145 4570; x_wconf 90' lang='lat' dir='ltr'><strong>one</strong></span> <span class='ocrx_word' id='word_1_702' title='bbox 2174 4513 2485 4584; x_wconf 59' lang='lat' dir='ltr'><strong>Egyptius,</strong></span> <span class='ocrx_word' id='word_1_703' title='bbox 2521 4522 2577 4567; x_wconf 89' lang='lat' dir='ltr'><strong>ct</strong></span> <span class='ocrx_word' id='word_1_704' title='bbox 2604 4512 2871 4581; x_wconf 91' lang='lat' dir='ltr'><strong>poeticam</strong></span> <span class='ocrx_word' id='word_1_705' title='bbox 2908 4512 2965 4565; x_wconf 87' lang='lat' dir='ltr'><strong>in</strong></span> <span class='ocrx_word' id='word_1_706' title='bbox 3002 4510 3174 4580; x_wconf 88' lang='lat' dir='ltr'><strong>patria</strong></span> <span class='ocrx_word' id='word_1_707' title='bbox 3201 4526 3321 4565; x_wconf 91' lang='lat' dir='ltr'><strong>cum</strong></span> <span class='ocrx_word' id='word_1_708' title='bbox 3363 4510 3584 4566; x_wconf 84' lang='lat' dir='ltr'><strong>didicis-</strong></span> 
     </span>
    </p>
   </div>
   <div class='ocr_carea' id='block_1_90' title="bbox 256 4599 1805 4683">
    <p class='ocr_par' dir='ltr' id='par_1_90' title="bbox 256 4604 1805 4683">
     <span class='ocr_line' id='line_1_90' title="bbox 256 4604 1805 4683; baseline -0.006 -17"><span class='ocrx_word' id='word_1_709' title='bbox 256 4608 509 4683; x_wconf 78' lang='grc' dir='ltr'>ματικὴ</span> <span class='ocrx_word' id='word_1_710' title='bbox 541 4608 778 4680; x_wconf 64' lang='lat'><strong>[56611.]</strong></span> <span class='ocrx_word' id='word_1_711' title='bbox 814 4609 1021 4679; x_wconf 81' lang='grc' dir='ltr'>σοφίζει</span> <span class='ocrx_word' id='word_1_712' title='bbox 1046 4605 1706 4674; x_wconf 79' lang='grc' dir='ltr'>παιδεύουσα.Αίγύπτιος</span> <span class='ocrx_word' id='word_1_713' title='bbox 1734 4604 1805 4657; x_wconf 77' lang='grc' dir='ltr'><strong>δέ</strong></span> 
     </span>
    </p>
   </div>
   <div class='ocr_carea' id='block_1_91' title="bbox 2034 4599 3583 4683">
    <p class='ocr_par' dir='ltr' id='par_1_91' title="bbox 2034 4602 3583 4674">
     <span class='ocr_line' id='line_1_91' title="bbox 2034 4602 3583 4674; baseline -0.002 -14"><span class='ocrx_word' id='word_1_714' title='bbox 2034 4615 2100 4673; x_wconf 82' lang='lat' dir='ltr'><strong>et,</strong></span> <span class='ocrx_word' id='word_1_715' title='bbox 2123 4606 2364 4660; x_wconf 88' lang='lat' dir='ltr'><strong>Athenas</strong></span> <span class='ocrx_word' id='word_1_716' title='bbox 2384 4603 2656 4674; x_wconf 81' lang='lat' dir='ltr'><strong>profectus</strong></span> <span class='ocrx_word' id='word_1_717' title='bbox 2673 4611 2790 4668; x_wconf 86' lang='lat' dir='ltr'><strong>est;</strong></span> <span class='ocrx_word' id='word_1_718' title='bbox 2814 4602 2906 4657; x_wconf 89' lang='lat' dir='ltr'><strong>sed</strong></span> <span class='ocrx_word' id='word_1_719' title='bbox 2927 4602 3288 4657; x_wconf 73' lang='lat' dir='ltr'><strong>Athenienses</strong></span> <span class='ocrx_word' id='word_1_720' title='bbox 3311 4617 3583 4672; x_wconf 89' lang='lat' dir='ltr'><strong>gramma-</strong></span> 
     </span>
    </p>
   </div>
   <div class='ocr_carea' id='block_1_92' title="bbox 250 4693 1799 4772">
    <p class='ocr_par' dir='ltr' id='par_1_92' title="bbox 250 4693 1799 4772">
     <span class='ocr_line' id='line_1_92' title="bbox 250 4693 1799 4772; baseline -0.007 -13"><span class='ocrx_word' id='word_1_721' title='bbox 250 4703 395 4759; x_wconf 68' lang='grc' dir='ltr'><strong>καὶ</strong></span> <span class='ocrx_word' id='word_1_722' title='bbox 424 4698 527 4770; x_wconf 85' lang='grc' dir='ltr'>τὴν</span> <span class='ocrx_word' id='word_1_723' title='bbox 554 4701 847 4772; x_wconf 85' lang='grc' dir='ltr'>ποιητικὴν</span> <span class='ocrx_word' id='word_1_724' title='bbox 872 4702 929 4753; x_wconf 82' lang='grc' dir='ltr'><strong>ἐν</strong></span> <span class='ocrx_word' id='word_1_725' title='bbox 960 4704 1027 4772; x_wconf 83' lang='grc' dir='ltr'>τῇ</span> <span class='ocrx_word' id='word_1_726' title='bbox 1052 4700 1275 4771; x_wconf 83' lang='grc' dir='ltr'>πατρίδι</span> <span class='ocrx_word' id='word_1_727' title='bbox 1305 4701 1554 4769; x_wconf 84' lang='grc' dir='ltr'>ἀσκήσας</span> <span class='ocrx_word' id='word_1_728' title='bbox 1579 4693 1697 4749; x_wconf 70' lang='grc' dir='ltr'>εἶτα</span> <span class='ocrx_word' id='word_1_729' title='bbox 1732 4695 1799 4749; x_wconf 66' lang='grc' dir='ltr'><strong>Ἀ(</strong></span> 
     </span>
    </p>
   </div>
   <div class='ocr_carea' id='block_1_93' title="bbox 2033 4693 3582 4772">
    <p class='ocr_par' dir='ltr' id='par_1_93' title="bbox 2037 4693 3582 4765">
     <span class='ocr_line' id='line_1_93' title="bbox 2037 4693 3582 4765; baseline -0.001 -15"><span class='ocrx_word' id='word_1_730' title='bbox 2037 4711 2158 4750; x_wconf 91' lang='lat' dir='ltr'><strong>cum</strong></span> <span class='ocrx_word' id='word_1_731' title='bbox 2176 4711 2295 4749; x_wconf 85' lang='lat' dir='ltr'><strong>cum</strong></span> <span class='ocrx_word' id='word_1_732' title='bbox 2320 4695 2982 4763; x_wconf 82' lang='lat' dir='ltr'><strong>fecerunt,puerorumqne</strong></span> <span class='ocrx_word' id='word_1_733' title='bbox 2996 4693 3191 4749; x_wconf 84' lang='lat' dir='ltr'><strong>scholae</strong></span> <span class='ocrx_word' id='word_1_734' title='bbox 3208 4710 3329 4748; x_wconf 90' lang='lat' dir='ltr'><strong>eum</strong></span> <span class='ocrx_word' id='word_1_735' title='bbox 3351 4710 3582 4765; x_wconf 66' lang='lat' dir='ltr'><strong>prmesse</strong></span> 
     </span>
    </p>
   </div>
   <div class='ocr_carea' id='block_1_94' title="bbox 252 4786 1801 4864">
    <p class='ocr_par' dir='ltr' id='par_1_94' title="bbox 252 4790 1801 4864">
     <span class='ocr_line' id='line_1_94' title="bbox 252 4790 1801 4864; baseline -0.006 -13"><span class='ocrx_word' id='word_1_736' title='bbox 252 4794 431 4858; x_wconf 74' lang='grc' dir='ltr'>ναζε</span> <span class='ocrx_word' id='word_1_737' title='bbox 465 4793 817 4863; x_wconf 83' lang='grc' dir='ltr'>παρεγένετο.</span> <span class='ocrx_word' id='word_1_738' title='bbox 847 4794 912 4848; x_wconf 83' lang='grc' dir='ltr'><strong>Οἱ</strong></span> <span class='ocrx_word' id='word_1_739' title='bbox 938 4793 995 4847; x_wconf 77' lang='grc' dir='ltr'>δὲ</span> <span class='ocrx_word' id='word_1_740' title='bbox 1046 4792 1321 4864; x_wconf 83' lang='grc' dir='ltr'>Ἀθηναῖοι</span> <span class='ocrx_word' id='word_1_741' title='bbox 1353 4790 1743 4863; x_wconf 79' lang='grc' dir='ltr'>γραμματικὸν</span> <span class='ocrx_word' id='word_1_742' title='bbox 1788 4806 1801 4841; x_wconf 83' lang='lat' dir='ltr'><strong>c</strong></span> 
     </span>
    </p>
   </div>
   <div class='ocr_carea' id='block_1_95' title="bbox 2032 4786 3581 4864">
    <p class='ocr_par' dir='ltr' id='par_1_95' title="bbox 2032 4786 3581 4852">
     <span class='ocr_line' id='line_1_95' title="bbox 2032 4786 3581 4852; baseline -0.001 -9"><span class='ocrx_word' id='word_1_743' title='bbox 2032 4788 2301 4843; x_wconf 79' lang='lat' dir='ltr'><strong>oluerunt.</strong></span> <span class='ocrx_word' id='word_1_744' title='bbox 2329 4786 2478 4842; x_wconf 89' lang='lat' dir='ltr'><strong>Zeno</strong></span> <span class='ocrx_word' id='word_1_745' title='bbox 2509 4795 2700 4840; x_wconf 83' lang='lat' dir='ltr'><strong>natura</strong></span> <span class='ocrx_word' id='word_1_746' title='bbox 2731 4786 2950 4839; x_wconf 86' lang='lat' dir='ltr'><strong>timidus</strong></span> <span class='ocrx_word' id='word_1_747' title='bbox 2973 4796 3111 4852; x_wconf 87' lang='lat' dir='ltr'><strong>eral,</strong></span> <span class='ocrx_word' id='word_1_748' title='bbox 3135 4797 3189 4841; x_wconf 87' lang='lat' dir='ltr'><strong>et</strong></span> <span class='ocrx_word' id='word_1_749' title='bbox 3219 4788 3405 4841; x_wconf 84' lang='lat' dir='ltr'><strong>videns</strong></span> <span class='ocrx_word' id='word_1_750' title='bbox 3426 4787 3581 4842; x_wconf 88' lang='lat' dir='ltr'><strong>Illum</strong></span> 
     </span>
    </p>
   </div>
   <div class='ocr_carea' id='block_1_96' title="bbox 247 4876 1796 4956">
    <p class='ocr_par' dir='ltr' id='par_1_96' title="bbox 247 4880 1793 4956">
     <span class='ocr_line' id='line_1_96' title="bbox 247 4880 1793 4956; baseline -0.01 -10"><span class='ocrx_word' id='word_1_751' title='bbox 247 4891 388 4946; x_wconf 72' lang='grc' dir='ltr'>τὸν</span> <span class='ocrx_word' id='word_1_752' title='bbox 436 4887 790 4956; x_wconf 81' lang='grc' dir='ltr'>ἐποιήσαντο,</span> <span class='ocrx_word' id='word_1_753' title='bbox 826 4888 922 4940; x_wconf 72' lang='grc' dir='ltr'><strong>καὶ</strong></span> <span class='ocrx_word' id='word_1_754' title='bbox 956 4888 1049 4942; x_wconf 78' lang='grc' dir='ltr'>ἐπὶ</span> <span class='ocrx_word' id='word_1_755' title='bbox 1088 4884 1228 4948; x_wconf 88' lang='grc' dir='ltr'>νέοις</span> <span class='ocrx_word' id='word_1_756' title='bbox 1267 4880 1588 4938; x_wconf 81' lang='grc' dir='ltr'>διδάσκαλον</span> <span class='ocrx_word' id='word_1_757' title='bbox 1627 4881 1793 4949; x_wconf 80' lang='grc' dir='ltr'>ἕστησ</span> 
     </span>
    </p>
   </div>
   <div class='ocr_carea' id='block_1_97' title="bbox 2033 4876 3582 4956">
    <p class='ocr_par' dir='ltr' id='par_1_97' title="bbox 2033 4876 3582 4946">
     <span class='ocr_line' id='line_1_97' title="bbox 2033 4876 3582 4946; baseline 0.001 -15"><span class='ocrx_word' id='word_1_758' title='bbox 2033 4878 2259 4933; x_wconf 84' lang='lat' dir='ltr'><strong>nlicibus</strong></span> <span class='ocrx_word' id='word_1_759' title='bbox 2289 4878 2540 4943; x_wconf 88' lang='lat' dir='ltr'><strong>charum,</strong></span> <span class='ocrx_word' id='word_1_760' title='bbox 2561 4886 2617 4932; x_wconf 87' lang='lat' dir='ltr'><strong>et</strong></span> <span class='ocrx_word' id='word_1_761' title='bbox 2639 4876 2887 4931; x_wconf 68' lang='lat' dir='ltr'><strong>maximae</strong></span> <span class='ocrx_word' id='word_1_762' title='bbox 2914 4879 3275 4946; x_wconf 84' lang='lat' dir='ltr'><strong>auctoritatis,</strong></span> <span class='ocrx_word' id='word_1_763' title='bbox 3293 4880 3393 4935; x_wconf 90' lang='lat' dir='ltr'><strong>sibi</strong></span> <span class='ocrx_word' id='word_1_764' title='bbox 3425 4880 3492 4935; x_wconf 88' lang='lat' dir='ltr'><strong>de</strong></span> <span class='ocrx_word' id='word_1_765' title='bbox 3517 4892 3582 4933; x_wconf 90' lang='lat' dir='ltr'><strong>eo</strong></span> 
     </span>
    </p>
   </div>
   <div class='ocr_carea' id='block_1_98' title="bbox 368 5032 3584 5117">
    <p class='ocr_par' dir='ltr' id='par_1_98' title="bbox 368 5032 3584 5117">
     <span class='ocr_line' id='line_1_98' title="bbox 368 5032 3584 5117; baseline -0.006 -20"><span class='ocrx_word' id='word_1_766' title='bbox 368 5046 420 5079; x_wconf 66' lang='lat'><em>“</em></span> <span class='ocrx_word' id='word_1_767' title='bbox 463 5046 733 5117; x_wconf 78' lang='grc' dir='ltr'>ἀπολείπῃ</span> <span class='ocrx_word' id='word_1_768' title='bbox 756 5044 816 5117; x_wconf 84' lang='grc' dir='ltr'>Β,</span> <span class='ocrx_word' id='word_1_769' title='bbox 839 5032 1138 5117; x_wconf 51' lang='grc' dir='ltr'>-ἀπολείπὲ-</span> <span class='ocrx_word' id='word_1_770' title='bbox 1247 5113 1257 5117; x_wconf 26' lang='grc' dir='ltr'><strong>Δ</strong></span> <span class='ocrx_word' id='word_1_771' title='bbox 1305 5044 1347 5073; x_wconf 85' lang='grc'><strong>¹¹⁵</strong></span> <span class='ocrx_word' id='word_1_772' title='bbox 1364 5041 1632 5117; x_wconf 59' lang='grc' dir='ltr'>ἐμφύεται</span> <span class='ocrx_word' id='word_1_773' title='bbox 1659 5041 1808 5117; x_wconf 70' lang='grc' dir='ltr'>αὐτῷ</span> <span class='ocrx_word' id='word_1_774' title='bbox 1829 5041 1939 5117; x_wconf 59' lang='grc' dir='ltr'><strong>τῆς</strong></span> <span class='ocrx_word' id='word_1_775' title='bbox 1957 5039 2271 5117; x_wconf 75' lang='grc' dir='ltr'>φιλοσοφίας</span> <span class='ocrx_word' id='word_1_776' title='bbox 2288 5036 2486 5117; x_wconf 65' lang='lat' dir='ltr'><strong>Suidas</strong></span> <span class='ocrx_word' id='word_1_777' title='bbox 2500 5035 3022 5117; x_wconf 53' lang='grc' dir='ltr'><strong>νθΑληθένρςέρωξἔ</strong></span> <span class='ocrx_word' id='word_1_778' title='bbox 3040 5104 3065 5117; x_wconf 73' lang='lat'>_</span> <span class='ocrx_word' id='word_1_779' title='bbox 3101 5042 3144 5072; x_wconf 80' lang='lat'><strong>&#39;°</strong></span> <span class='ocrx_word' id='word_1_780' title='bbox 3170 5039 3584 5117; x_wconf 51' lang='lat' dir='ltr'><strong>6p.o§_out.__Sui:</strong></span> 
     </span>
    </p>
   </div>
   <div class='ocr_carea' id='block_1_99' title="bbox 248 5104 3576 5187">
    <p class='ocr_par' dir='ltr' id='par_1_99' title="bbox 248 5104 3576 5187">
     <span class='ocr_line' id='line_1_99' title="bbox 248 5104 3576 5187; baseline -0.007 -14"><span class='ocrx_word' id='word_1_781' title='bbox 248 5123 420 5174; x_wconf 79' lang='lat' dir='ltr'><strong>das.</strong></span> <span class='ocrx_word' id='word_1_782' title='bbox 494 5117 533 5147; x_wconf 82' lang='grc'>¹⁷</span> <span class='ocrx_word' id='word_1_783' title='bbox 572 5104 859 5187; x_wconf 58' lang='grc' dir='ltr'>Ἀθήναζε]</span> <span class='ocrx_word' id='word_1_784' title='bbox 892 5114 1055 5187; x_wconf 19' lang='grc' dir='ltr'>πρὸς,</span> <span class='ocrx_word' id='word_1_785' title='bbox 1093 5113 1338 5187; x_wconf 76' lang='grc' dir='ltr'>Πρόκλον</span> <span class='ocrx_word' id='word_1_786' title='bbox 1358 5104 1577 5187; x_wconf 66' lang='grc' dir='ltr'>δύἷιὶιιε.</span> <span class='ocrx_word' id='word_1_787' title='bbox 1622 5104 2029 5187; x_wconf 34' lang='grc' dir='ltr'>βξίᾴτορεί-ται</span> <span class='ocrx_word' id='word_1_788' title='bbox 2062 5108 2106 5161; x_wconf 76' lang='grc' dir='ltr'><strong>Λ</strong></span> <span class='ocrx_word' id='word_1_789' title='bbox 2149 5104 2537 5187; x_wconf 46' lang='lat' dir='ltr'><strong>{Hiempsin</strong></span> <span class='ocrx_word' id='word_1_790' title='bbox 2561 5124 2659 5187; x_wconf 39' lang='grc' dir='ltr'>ς.-.</span> <span class='ocrx_word' id='word_1_791' title='bbox 2680 5104 2744 5187; x_wconf 57' lang='grc' dir='ltr'><strong>’ίξ</strong></span> <span class='ocrx_word' id='word_1_792' title='bbox 2768 5104 3017 5187; x_wconf 37' lang='grc' dir='ltr'><strong>ἐφἰἑ-ηίο</strong></span> <span class='ocrx_word' id='word_1_793' title='bbox 3037 5104 3115 5187; x_wconf 40' lang='grc' dir='ltr'><strong>ἦν.</strong></span> <span class='ocrx_word' id='word_1_794' title='bbox 3137 5104 3246 5187; x_wconf 42' lang='lat' dir='ltr'><strong>oni,</strong></span> <span class='ocrx_word' id='word_1_795' title='bbox 3393 5180 3403 5187; x_wconf 38' lang='lat'><strong>-</strong></span> <span class='ocrx_word' id='word_1_796' title='bbox 3431 5112 3473 5141; x_wconf 72' lang='lat' dir='ltr'><strong>ﬂ</strong></span> <span class='ocrx_word' id='word_1_797' title='bbox 3505 5112 3576 5163; x_wconf 72' lang='lat' dir='ltr'><strong>cr,</strong></span> 
     </span>
    </p>
   </div>
   <div class='ocr_carea' id='block_1_100' title="bbox 251 5175 1800 5255">
    <p class='ocr_par' dir='ltr' id='par_1_100' title="bbox 251 5175 1800 5255">
     <span class='ocr_line' id='line_1_100' title="bbox 251 5175 1800 5255; baseline -0.006 -13"><span class='ocrx_word' id='word_1_798' title='bbox 251 5188 507 5246; x_wconf 72' lang='lat' dir='ltr'><strong>Suitlas</strong></span> <span class='ocrx_word' id='word_1_799' title='bbox 530 5203 581 5240; x_wconf 80' lang='grc' dir='ltr'><strong>ν.</strong></span> <span class='ocrx_word' id='word_1_800' title='bbox 615 5175 890 5255; x_wconf 63' lang='grc' dir='ltr'>Θεαγένης</span> <span class='ocrx_word' id='word_1_801' title='bbox 914 5175 967 5255; x_wconf 79' lang='lat' dir='ltr'><strong>p.</strong></span> <span class='ocrx_word' id='word_1_802' title='bbox 995 5175 1120 5246; x_wconf 67' lang='lat'><strong>{68.</strong></span> <span class='ocrx_word' id='word_1_803' title='bbox 1148 5175 1249 5255; x_wconf 45' lang='lat'><strong>15.</strong></span> <span class='ocrx_word' id='word_1_804' title='bbox 1314 5184 1524 5255; x_wconf 25' lang='lat' dir='ltr'><strong>_”A7t€p&quot;.</strong></span> <span class='ocrx_word' id='word_1_805' title='bbox 1555 5181 1682 5244; x_wconf 82' lang='grc' dir='ltr'>τοὺς</span> <span class='ocrx_word' id='word_1_806' title='bbox 1711 5179 1800 5246; x_wconf 84' lang='grc' dir='ltr'><strong>λόγ</strong></span> 
     </span>
    </p>
   </div>
   <div class='ocr_carea' id='block_1_101' title="bbox 2027 5175 3576 5255">
    <p class='ocr_par' dir='ltr' id='par_1_101' title="bbox 2027 5175 3576 5255">
     <span class='ocr_line' id='line_1_101' title="bbox 2027 5175 3576 5255; baseline 0.001 -25"><span class='ocrx_word' id='word_1_807' title='bbox 2027 5190 2094 5230; x_wconf 91' lang='lat' dir='ltr'><strong>m.</strong></span> <span class='ocrx_word' id='word_1_808' title='bbox 2163 5179 2217 5255; x_wconf 59' lang='lat' dir='ltr'><strong>f3</strong></span> <span class='ocrx_word' id='word_1_809' title='bbox 2237 5196 2295 5255; x_wconf 74' lang='grc' dir='ltr'><strong>τε</strong></span> <span class='ocrx_word' id='word_1_810' title='bbox 2331 5175 2547 5255; x_wconf 47' lang='grc' dir='ltr'>φημὶ.</span> <span class='ocrx_word' id='word_1_811' title='bbox 2572 5246 2585 5255; x_wconf 32' lang='grc'><strong>⁵</strong></span> <span class='ocrx_word' id='word_1_812' title='bbox 2625 5175 2790 5248; x_wconf 56' lang='lat' dir='ltr'><strong>&quot;sm</strong></span> <span class='ocrx_word' id='word_1_813' title='bbox 2811 5177 2911 5255; x_wconf 73' lang='grc' dir='ltr'>τῄν</span> <span class='ocrx_word' id='word_1_814' title='bbox 2939 5178 2997 5231; x_wconf 78' lang='grc' dir='ltr'>Β.</span> <span class='ocrx_word' id='word_1_815' title='bbox 3061 5175 3116 5211; x_wconf 80' lang='grc'><strong>’³³</strong></span> <span class='ocrx_word' id='word_1_816' title='bbox 3170 5180 3241 5255; x_wconf 73' lang='grc' dir='ltr'><strong>εί.</strong></span> <span class='ocrx_word' id='word_1_817' title='bbox 3275 5180 3468 5255; x_wconf 63' lang='lat' dir='ltr'><strong>Suidas</strong></span> <span class='ocrx_word' id='word_1_818' title='bbox 3527 5195 3576 5255; x_wconf 58' lang='grc' dir='ltr'><strong>ν.</strong></span> 
     </span>
    </p>
   </div>
   <div class='ocr_carea' id='block_1_102' title="bbox 250 5246 1799 5325">
    <p class='ocr_par' dir='ltr' id='par_1_102' title="bbox 250 5246 1799 5325">
     <span class='ocr_line' id='line_1_102' title="bbox 250 5246 1799 5325; baseline -0.003 -16"><span class='ocrx_word' id='word_1_819' title='bbox 250 5258 533 5317; x_wconf 62' lang='grc' dir='ltr'>Πλάτων</span> <span class='ocrx_word' id='word_1_820' title='bbox 556 5259 584 5310; x_wconf 86' lang='lat'><strong>6</strong></span> <span class='ocrx_word' id='word_1_821' title='bbox 614 5246 928 5325; x_wconf 44' lang='grc' dir='ltr'>φιλόσοφος]</span> <span class='ocrx_word' id='word_1_822' title='bbox 1032 5256 1076 5287; x_wconf 74' lang='grc'>⁸⁸</span> <span class='ocrx_word' id='word_1_823' title='bbox 1101 5253 1204 5325; x_wconf 80' lang='grc' dir='ltr'>ἔτι]</span> <span class='ocrx_word' id='word_1_824' title='bbox 1234 5253 1326 5325; x_wconf 81' lang='grc' dir='ltr'><strong>ἐπί</strong></span> <span class='ocrx_word' id='word_1_825' title='bbox 1471 5246 1609 5325; x_wconf 58' lang='lat' dir='ltr'><strong>&#39;om.</strong></span> <span class='ocrx_word' id='word_1_826' title='bbox 1631 5269 1710 5325; x_wconf 65' lang='grc' dir='ltr'><strong>ς.Δ</strong></span> <span class='ocrx_word' id='word_1_827' title='bbox 1788 5321 1799 5325; x_wconf 91' lang='lat'>_</span> 
     </span>
    </p>
   </div>
   <div class='ocr_carea' id='block_1_103' title="bbox 2029 5246 3578 5325">
    <p class='ocr_par' dir='ltr' id='par_1_103' title="bbox 2032 5246 3578 5325">
     <span class='ocr_line' id='line_1_103' title="bbox 2032 5246 3578 5325; baseline 0 -24"><span class='ocrx_word' id='word_1_828' title='bbox 2032 5248 2211 5325; x_wconf 66' lang='lat' dir='ltr'><strong>ypatia</strong></span> <span class='ocrx_word' id='word_1_829' title='bbox 2239 5246 2544 5325; x_wconf 69' lang='lat' dir='ltr'><strong>cf_._Sttidas</strong></span> <span class='ocrx_word' id='word_1_830' title='bbox 2572 5246 2625 5301; x_wconf 92' lang='lat' dir='ltr'><strong>h.</strong></span> <span class='ocrx_word' id='word_1_831' title='bbox 2658 5262 2723 5325; x_wconf 32' lang='lat' dir='ltr'><strong>qv.</strong></span> <span class='ocrx_word' id='word_1_832' title='bbox 2756 5246 2786 5325; x_wconf 49' lang='grc' dir='ltr'><em>ξ</em></span> <span class='ocrx_word' id='word_1_833' title='bbox 2829 5249 3242 5325; x_wconf 37' lang='grc' dir='ltr'>’Σχεωμετρι-κή</span> <span class='ocrx_word' id='word_1_834' title='bbox 3258 5268 3339 5325; x_wconf 40' lang='grc' dir='ltr'>ης.</span> <span class='ocrx_word' id='word_1_835' title='bbox 3423 5251 3468 5281; x_wconf 67' lang='grc' dir='ltr'><strong>’θ</strong></span> 
     </span>
    </p>
   </div>
   <div class='ocr_carea' id='block_1_104' title="bbox 250 5315 1799 5398">
    <p class='ocr_par' dir='ltr' id='par_1_104' title="bbox 250 5315 1799 5398">
     <span class='ocr_line' id='line_1_104' title="bbox 250 5315 1799 5398; baseline -0.009 -12"><span class='ocrx_word' id='word_1_836' title='bbox 250 5315 506 5386; x_wconf 69' lang='lat' dir='ltr'><strong>Suidas</strong></span> <span class='ocrx_word' id='word_1_837' title='bbox 533 5343 581 5380; x_wconf 89' lang='grc' dir='ltr'><strong>ν.</strong></span> <span class='ocrx_word' id='word_1_838' title='bbox 621 5315 967 5398; x_wconf 73' lang='grc' dir='ltr'>Σεϐηρίανός.</span> <span class='ocrx_word' id='word_1_839' title='bbox 1045 5326 1090 5358; x_wconf 77' lang='grc' dir='ltr'><strong>³ο</strong></span> <span class='ocrx_word' id='word_1_840' title='bbox 1125 5315 1204 5382; x_wconf 65' lang='lat' dir='ltr'><strong>cf:</strong></span> <span class='ocrx_word' id='word_1_841' title='bbox 1237 5324 1516 5398; x_wconf 53' lang='lat' dir='ltr'><strong>Suidgtsv.</strong></span> <span class='ocrx_word' id='word_1_842' title='bbox 1569 5321 1725 5398; x_wconf 57' lang='grc' dir='ltr'>Κοετὰ</span> <span class='ocrx_word' id='word_1_843' title='bbox 1745 5321 1799 5373; x_wconf 60' lang='lat' dir='ltr'><strong>uti</strong></span> 
     </span>
    </p>
   </div>
   <div class='ocr_carea' id='block_1_105' title="bbox 2031 5315 3580 5398">
    <p class='ocr_par' dir='ltr' id='par_1_105' title="bbox 2031 5315 3580 5398">
     <span class='ocr_line' id='line_1_105' title="bbox 2031 5315 3580 5398; baseline 0.001 -28"><span class='ocrx_word' id='word_1_844' title='bbox 2031 5315 2258 5398; x_wconf 45' lang='grc' dir='ltr'>ἐδίδου...</span> <span class='ocrx_word' id='word_1_845' title='bbox 2290 5319 2332 5350; x_wconf 78' lang='grc'><strong>³¹</strong></span> <span class='ocrx_word' id='word_1_846' title='bbox 2383 5315 2678 5398; x_wconf 56' lang='grc' dir='ltr'>θεέδιιξρος]</span> <span class='ocrx_word' id='word_1_847' title='bbox 2718 5316 2790 5371; x_wconf 88' lang='lat' dir='ltr'><strong>cl&#39;.</strong></span> <span class='ocrx_word' id='word_1_848' title='bbox 2841 5315 3464 5398; x_wconf 55' lang='lat' dir='ltr'><strong>Wyttenbaclt.&#39;Emtap.</strong></span> <span class='ocrx_word' id='word_1_849' title='bbox 3522 5319 3580 5383; x_wconf 74' lang='grc'>2,</span> 
     </span>
    </p>
   </div>
   <div class='ocr_carea' id='block_1_106' title="bbox 244 5386 1793 5476">
    <p class='ocr_par' dir='ltr' id='par_1_106' title="bbox 244 5386 1793 5476">
     <span class='ocr_line' id='line_1_106' title="bbox 244 5386 1793 5476; baseline -0.005 -26"><span class='ocrx_word' id='word_1_850' title='bbox 244 5420 341 5476; x_wconf 79' lang='lat' dir='ltr'><strong>p.</strong></span> <span class='ocrx_word' id='word_1_851' title='bbox 388 5398 486 5451; x_wconf 70' lang='lat'><strong>52.</strong></span> <span class='ocrx_word' id='word_1_852' title='bbox 540 5399 585 5430; x_wconf 81' lang='grc'><strong>³⁸</strong></span> <span class='ocrx_word' id='word_1_853' title='bbox 613 5386 1094 5470; x_wconf 65' lang='grc' dir='ltr'>πολυμαθέστατος</span> <span class='ocrx_word' id='word_1_854' title='bbox 1126 5399 1173 5450; x_wconf 88' lang='grc' dir='ltr'><strong>Α</strong></span> <span class='ocrx_word' id='word_1_855' title='bbox 1196 5411 1316 5450; x_wconf 89' lang='lat' dir='ltr'><strong>cum</strong></span> <span class='ocrx_word' id='word_1_856' title='bbox 1359 5393 1525 5449; x_wconf 87' lang='lat' dir='ltr'><strong>Suida</strong></span> <span class='ocrx_word' id='word_1_857' title='bbox 1556 5409 1608 5447; x_wconf 89' lang='lat' dir='ltr'><strong>v.</strong></span> <span class='ocrx_word' id='word_1_858' title='bbox 1632 5394 1793 5463; x_wconf 80' lang='grc' dir='ltr'>Παμτι</span> 
     </span>
    </p>
   </div>
   <div class='ocr_carea' id='block_1_107' title="bbox 1709 5386 3258 5476">
    <p class='ocr_par' dir='ltr' id='par_1_107' title="bbox 1709 5386 3258 5463">
     <span class='ocr_line' id='line_1_107' title="bbox 1709 5386 3258 5463; baseline 0.003 -25"><span class='ocrx_word' id='word_1_859' title='bbox 1709 5386 1994 5463; x_wconf 76' lang='grc' dir='ltr'>μπρέπιος</span> <span class='ocrx_word' id='word_1_860' title='bbox 2028 5389 2157 5457; x_wconf 80' lang='lat' dir='ltr'><strong>(vol.</strong></span> <span class='ocrx_word' id='word_1_861' title='bbox 2195 5388 2283 5454; x_wconf 85' lang='lat' dir='ltr'><strong>Ill,</strong></span> <span class='ocrx_word' id='word_1_862' title='bbox 2320 5403 2373 5458; x_wconf 90' lang='lat' dir='ltr'><strong>p.</strong></span> <span class='ocrx_word' id='word_1_863' title='bbox 2409 5388 2506 5456; x_wconf 66' lang='lat'><strong>13:,</strong></span> <span class='ocrx_word' id='word_1_864' title='bbox 2535 5386 2625 5457; x_wconf 73' lang='grc'><strong>44)</strong></span> <span class='ocrx_word' id='word_1_865' title='bbox 2660 5386 2683 5440; x_wconf 68' lang='grc' dir='ltr'>Ξ</span> <span class='ocrx_word' id='word_1_866' title='bbox 2720 5386 3186 5458; x_wconf 80' lang='grc' dir='ltr'>περιμαθέστατος</span> <span class='ocrx_word' id='word_1_867' title='bbox 3210 5407 3258 5454; x_wconf 88' lang='grc' dir='ltr'><strong>ς.</strong></span> 
     </span>
    </p>
   </div>
   <div class='ocr_carea' id='block_1_108' title="bbox 367 5569 2800 5652">
    <p class='ocr_par' dir='ltr' id='par_1_108' title="bbox 367 5569 2800 5652">
     <span class='ocr_line' id='line_1_108' title="bbox 367 5569 2800 5652; baseline -0.005 -19"><span class='ocrx_word' id='word_1_868' title='bbox 367 5579 490 5652; x_wconf 66' lang='grc'><strong>(23)</strong></span> <span class='ocrx_word' id='word_1_869' title='bbox 516 5577 686 5652; x_wconf 67' lang='lat' dir='ltr'><strong>Plato,</strong></span> <span class='ocrx_word' id='word_1_870' title='bbox 705 5576 868 5652; x_wconf 74' lang='lat' dir='ltr'><strong>_Sui_d.</strong></span> <span class='ocrx_word' id='word_1_871' title='bbox 892 5589 953 5652; x_wconf 81' lang='lat' dir='ltr'><strong>et</strong></span> <span class='ocrx_word' id='word_1_872' title='bbox 976 5577 1161 5652; x_wconf 73' lang='lat' dir='ltr'><strong>Laert.</strong></span> <span class='ocrx_word' id='word_1_873' title='bbox 2060 5572 2169 5644; x_wconf 69' lang='grc'><strong>(25)</strong></span> <span class='ocrx_word' id='word_1_874' title='bbox 2200 5570 2522 5627; x_wconf 88' lang='lat' dir='ltr'><strong>Theodorus</strong></span> <span class='ocrx_word' id='word_1_875' title='bbox 2553 5569 2800 5624; x_wconf 66' lang='lat' dir='ltr'><strong>Asinicus</strong></span> 
     </span>
    </p>
   </div>
   <div class='ocr_carea' id='block_1_109' title="bbox 364 5648 1177 5723">
    <p class='ocr_par' dir='ltr' id='par_1_109' title="bbox 364 5648 1177 5723">
     <span class='ocr_line' id='line_1_109' title="bbox 364 5648 1177 5723; baseline -0.014 -13"><span class='ocrx_word' id='word_1_876' title='bbox 364 5648 491 5723; x_wconf 66' lang='grc'><strong>(24)</strong></span> <span class='ocrx_word' id='word_1_877' title='bbox 526 5648 772 5719; x_wconf 78' lang='lat' dir='ltr'><strong>llypalin,</strong></span> <span class='ocrx_word' id='word_1_878' title='bbox 802 5648 988 5704; x_wconf 83' lang='lat' dir='ltr'><strong>Isidori</strong></span> <span class='ocrx_word' id='word_1_879' title='bbox 1023 5663 1177 5703; x_wconf 81' lang='lat' dir='ltr'><strong>uxor.</strong></span> 
     </span>
    </p>
   </div>
  </div>
