3924 6430
350 332 487 398 1289

1417 342 1943 403 BIBLIOTHECA.
1982 368 2048 379 -
2071 343 2233 404 COD.
2269 344 2544 404 CCXLII.

3464 346 3602 413 1290

337 449 626 516 φιλόσοφοι
673 452 963 521 καρτερεῖν
999 449 1168 521 ᾤοντο
1208 452 1319 505 δεῖν
1345 453 1437 505 καὶ
1462 452 1526 506 τὰ
1557 452 1921 522 συμϐαίνοντα

2041 454 2257 509 .olerare
2301 466 2572 522 oportere,
2606 462 2661 509 et
2708 468 2894 508 casum
2933 469 3089 524 aequo
3127 456 3309 510 animo
3350 456 3513 515 ferre.
3547 459 3604 516 In

333 538 532 606 φέρειν
554 537 793 607 εὑλόφως
812 540 880 593 ⁸¹.
912 541 1023 594 Καὶ
1047 542 1268 609 γυναικὶ
1287 543 1537 613 ἐνέτυχεν
1562 544 1683 614 ίερᾷ
1712 543 1927 614 θεόμοι-

334 645 439 696 ρον
472 629 672 699 ἐχούσῃ
699 629 861 697 φύσιν
892 632 1574 704 παραλογωτάτην.Ὗδωρ
1602 635 1710 705 γὰρ
1730 635 1929 706 ἀκραι-

330 721 471 787 φνὲς
500 721 738 790 ἐγχέασα
764 724 1011 793 ποτηρίῳ
1034 724 1145 777 τινὶ
1172 724 1281 777 τῶν
1312 724 1564 787 ὑαλίνων,
1600 726 1747 795 ἑώρα
1788 727 1930 780 κατά

326 811 434 863 τοῦ
468 811 660 875 ὕδατος
686 811 819 867 εἵσω
846 813 940 867 τοῦ
972 813 1232 886 ποτηρίου
1271 815 1339 869 τὰ
1380 816 1641 886 φάσματα
1666 815 1775 870 τῶν
1806 818 1929 870 too-

330 901 521 969 μένων
566 902 933 972 πραγμάτων,
970 904 1064 958 καὶ
1105 905 1406 976 προῦλεγεν
1448 907 1557 960 ἀπὸ
1603 907 1702 977 τῆς
1753 906 1931 976 ὅψεως

326 994 501 1058 αὑτὰ,
532 993 674 1065 ἅπερ
708 992 935 1063 ἔμελλεν
970 996 1188 1049 ἔσεσθαι
1220 997 1459 1061 πάντως.
1478 998 1539 1053 Ἡ
1559 982 1615 1051 δὲ
1646 1001 1810 1070 πεῖρα
1835 998 1929 1052 τοῦ

329 1088 672 1156 πράγματος
701 1086 824 1140 οὑδὲ
852 1088 999 1157 ἡμᾶς
1021 1088 1419 1159 παρελήλυθεν.
1452 1088 1557 1142 Τὸν
1591 1088 1650 1141 δὲ
1679 1089 1932 1161 Ἰωάννην

325 1178 361 1229 ὁ
404 1178 711 1242 Ἀνατόλιος
756 1181 1112 1249 αἰκισάμενός
1161 1198 1222 1234 τε
1278 1181 1373 1234 καὶ
1421 1181 1530 1233 τῶν
1577 1180 1933 1252 ὑπαρχόντων

326 1270 658 1338 γυμνώσας,
700 1272 902 1325 αὐτίκα
950 1273 1133 1340 μέντοι
1184 1274 1278 1326 καὶ
1318 1266 1472 1336 οὗτος
1514 1273 1790 1345 ἀπέρρηξε
1842 1273 1932 1325 τὸν

333 1361 479 1430 βίον.
498 1363 778 1431 Ἐνέτυχον
805 1363 862 1428 ἐξ
890 1364 1137 1433 ἀνάγκης
1163 1364 1243 1434 τῷ
1283 1365 1571 1434 Ἐμεσίωνι
1592 1382 1604 1394 ⁸
1640 1367 1700 1417 οὑ
1730 1364 1838 1433 γάρ
1868 1364 1932 1416 ἄν

330 1466 477 1504 ποτε
505 1452 647 1505 ἑκὼν
675 1455 987 1524 ἠνεσχόμην
1011 1455 1056 1486 ⁸⁸
1090 1458 1189 1525 τῆς
1223 1456 1389 1509 αὑτοῦ
1422 1457 1642 1529 ὑηνείας
1659 1458 1727 1522 ⁸³,
1759 1457 1871 1511 ἀλλ’
1896 1458 1929 1526 ἡ

2033 549 2307 604 mulierem
2359 564 2569 603 sacram
2616 549 2828 615 incidit,
2880 550 2967 605 cui
3020 550 3157 604 miro
3198 553 3357 605 modo
3412 552 3610 609 divinae

2031 655 2174 693 anrze
2197 641 2456 709 particula
2483 640 2640 695 insita
2668 651 2807 695 erat.
2845 642 3052 710 Aquam
3088 642 3232 695 enim
3265 658 3453 711 puram
3486 658 3612 698 cum

2032 730 2319 787 infudisset
2347 733 2517 787 vitreo
2549 732 2762 800 poculo,
2792 732 3010 786 videbat
3043 734 3095 785 in
3138 747 3277 802 aqua
3314 734 3490 801 poculi
3526 748 3614 788 re-

2031 836 2145 874 rum
2170 819 2470 875 futurarum
2494 822 2726 891 species,
2751 832 2802 877 et
2831 821 2918 875 illa
2940 822 3266 891 praedicebat
3289 839 3353 877 t-x
3378 824 3613 889 visione,

2032 926 2152 979 quae
2206 913 2428 969 omnino
2476 910 2655 968 futura
2700 922 2919 980 essent;
2979 912 3137 981 hujus
3184 916 3616 984 experimentum

2034 1017 2131 1057 nos
2175 1017 2388 1072 quoque
2452 1004 2715 1071 cepimus.
2769 1005 3053 1059 Anatolius
3118 1003 3381 1061 Joannem
3430 1006 3618 1076 ﬂagris

2032 1110 2227 1149 caesum
2257 1094 2413 1149 bonis
2438 1108 2560 1151 cum
2589 1095 2847 1156 exuisset,
2877 1097 3061 1150 statim
3095 1096 3273 1151 vitam»
3293 1098 3452 1152 ﬁniit.
3478 1098 3617 1152 Con-

2032 1184 2152 1238 veni
2188 1185 2495 1245 necessario
2530 1184 2892 1240 Emesionem.
2931 1184 3046 1239 Non
3074 1187 3217 1241 enim
3250 1200 3405 1254 aequo
3434 1189 3618 1241 animo

2037 1274 2277 1329 tulissem
2301 1273 2417 1341 ejus
2446 1274 2751 1339 stultitiam,
2782 1276 2879 1330 sed
2914 1275 3109 1345 legatio
3154 1275 3305 1331 adire
3340 1291 3425 1329 me
3462 1290 3617 1331 como

2036 1363 2187 1428 pulit.
2225 1363 2438 1416 Arabiae
2474 1377 2613 1433 aqua
2648 1362 2833 1436 Stygia
2860 1365 3236 1420 subterlabens
3267 1376 3528 1421 exonerat
3557 1380 3619 1419 se

2036 1454 2090 1508 in
2135 1453 2324 1507 Bostra
2375 1452 2612 1518 Arabiae,
2658 1470 2777 1523 qua:
2813 1455 2911 1508 sub
2955 1454 3155 1509 Severo
3204 1456 3527 1524 imperatore
3563 1456 3616 1509 in

332 1543 611 1611 πρεσϐεία
666 1560 735 1614 με
789 1546 1151 1614 ἠνάγκασεδδ.
1208 1547 1319 1617 Τῆς
1372 1547 1631 1617 ’Δραϐίας
1680 1545 1821 1618 [καὶ]
1872 1549 1935 1599 τὸ

330 1635 605 1702 Στυγαίον
658 1634 801 1707 ὕδωρ
855 1637 1259 1707 κατειϐόμενον.
1293 1638 1671 1709 Ἀπεδήμησεν
1726 1640 1808 1702 είς
1862 1637 1933 1691 τά

333 1724 559 1796 Βόστρα
606 1728 707 1796 τῆς
749 1728 1029 1798 Ἀραϐίας,
1068 1729 1221 1785 πόλιν
1251 1730 1350 1799 μὲν
1377 1730 1477 1784 οὑκ
1510 1729 1743 1801 ἀρχαίαν
1788 1729 1932 1801 (ὑπὸ

2041 1726 2318 1781 eismnris
2354 1727 2615 1782 cinctum.
2658 1726 2790 1782 Cum
2824 1727 3186 1785 intellexisset
3230 1728 3284 1784 lo
3333 1730 3490 1785 toties
3521 1729 3618 1783 de-

332 1818 454 1887 γάρ
497 1818 740 1890 Σεϐήρου
777 1820 871 1874 τοῦ
906 1820 1170 1890 βασιλέως
1203 1822 1482 1886 πολίζεται
1508 1823 1550 1891 ),
1587 1820 1844 1892 φρούριον
1878 1822 1935 1877 δὲ

2041 1824 2331 1880 cantatam,
2360 1825 2412 1869 et
2439 1830 2636 1871 nomen
2666 1816 2873 1871 civitati
2903 1818 2970 1872 ab
3008 1828 3177 1875 (nstro
3208 1820 3361 1875 bovis
3390 1820 3617 1874 inditum

335 1913 595 1978 παλαιὸν,
635 1914 1128 1984 ἐπιτετειχισμένον
1144 1914 1191 1946 ⁸⁵
1227 1915 1341 1976 τοῖς
1367 1914 1536 1976 πέλας
1566 1912 1935 1968 Διονυσιεῦσιν

2041 1920 2159 1963 esse
2179 1906 2338 1975 (25⁸),
2364 1908 2560 1963 amavit
2595 1907 2742 1961 illam
2782 1916 3002 1978 prepter
3025 1909 3289 1981 originem
3320 1909 3618 1965 fabulosam

334 2003 453 2055 ὑπὸ
502 2002 610 2056 τῶν
663 2003 971 2072 Ἀραϐικῶν
1036 2002 1323 2073 βασιλέων.
1396 2002 1662 2065 Ἀκούσας
1713 2000 1810 2072 τὴν
1857 2002 1935 2056 Ἰὼ

2041 2013 2159 2065 qua:
2194 1997 2368 2051 estde
2398 1995 2454 2052 lo
2488 2010 2717 2067 vagante
2744 1998 2877 2069 (26).
2910 1997 3010 2054 Hic
3056 2013 3185 2053 vero
3217 2000 3467 2069 cognovit
3498 2014 3622 2054 esse

334 2094 505 2164 11061
537 2094 631 2166 IL]
662 2094 1036 2166 θρυλουμένην
1069 2095 1165 2149 καὶ
1193 2095 1255 2148 τὸ
1279 2094 1452 2164 ὄνομα
1474 2095 1573 2163 τῆς
1605 2093 1815 2157 πόλεως
1859 2094 1935 2156 είς

2041 2088 2421 2142 Tbeandritem
2480 2091 2637 2145 deum
2693 2092 2875 2160 specie
2919 2089 3060 2144 virili
3111 2088 3415 2160 animisque
3457 2092 3620 2143 vitam

334 2182 441 2239 τὸν
468 2181 685 2257 οἶστρον
710 2187 809 2256 τῆς
837 2186 960 2255 βοὸς
983 2186 1351 2257 ἀναλυόμενον
1370 2225 1385 2251 ,
1410 2186 1666 2256 ἠγάπησε
1690 2183 1787 2253 τὴν
1808 2200 1935 2238 συν-

2042 2192 2251 2237 castam
2284 2182 2571 2253 inSpirare.

333 2281 528 2350 έχειαν
549 2280 651 2349 τῆς
680 2281 808 2351 περὶ
826 2281 924 2351 τὴν
952 2280 1036 2334 Ἰὼ
1059 2280 1268 2352 πλάνης
1290 2278 1881 2349 μυθευομένης.Ἔγνω
1894 2275 1940 2308 ⁸⁸
1977 2274 2033 2330 δὲ
2072 2275 2308 2330 ἐνταῦθα
2349 2275 2440 2329 τὸν
2474 2275 2792 2349 θεανδρίτην
2813 2277 2879 2344 ⁵⁷,
2925 2277 3233 2351 ἀρῤενωτὸν
3290 2275 3419 2331 ὄντα
3478 2274 3623 2340 θεὸν,

329 2371 442 2425 καὶ
471 2373 563 2425 τὸν
589 2370 794 2441 ἄθηλυν
827 2371 942 2441 βίον
973 2372 1281 2440 ἐμπνέοντα
1310 2372 1433 2434 ταῖς
1469 2370 1692 2440 ψυχαῖς.

2035 1543 2307 1597 civitatem
2336 1544 2552 1599 redacta
2588 1555 2690 1611 est,
2732 1559 2855 1599 cum
2887 1544 3016 1599 olim
3058 1545 3367 1611 pratsitlium
3408 1546 3616 1612 luisset,

2039 1633 2088 1691 in
2112 1636 2342 1704 gratiam
2377 1635 2673 1690 vicinorum
2702 1634 3080 1704 Dionysiorum
3108 1652 3137 1690 a
3169 1638 3388 1706 regibus
3422 1638 3619 1692 Arabi-

413 2506 649 2575 Λέγεται
673 2504 731 2558 δὲ
762 2504 855 2558 καὶ
882 2503 1042 2557 τοῦτο
1077 2504 1135 2555 τὸ
1177 2503 1320 2574 ὕδωρ
1351 2497 1488 2556 εἶναι
1519 2501 1743 2572 Στύγιον
1766 2502 1831 2558 ⁸⁸.
1866 2502 1935 2555 Τὸ

2115 2498 2329 2555 Dicitur
2358 2499 2412 2553 in
2444 2513 2509 2553 eo
2539 2497 2658 2553 loco
2687 2512 2826 2567 aqua
2869 2496 3057 2569 Stygia
3088 2511 3226 2566 esse,
3257 2497 3307 2553 in
3334 2511 3442 2567 quo
3480 2500 3624 2553 Ara-

327 2599 397 2652 δὲ
450 2598 671 2669 χωρίον,
701 2600 759 2651 έν
785 2590 828 2665 ᾧ
854 2599 995 2662 ἐστι,
1029 2596 1210 2649 πεδίον
1242 2597 1339 2665 τῆς
1377 2594 1660 2665 Ἀραϐίας,
1686 2596 1935 2665 ἀνηπλω-

2046 2592 2150 2647 bize
2180 2605 2405 2661 campus
2444 2601 2548 2658 est,
2575 2590 2665 2660 qui
2700 2592 2768 2645 ab
2816 2600 2940 2646 ortu
2963 2590 3094 2645 solis
3139 2591 3292 2645 Diam
3336 2606 3508 2660 usque
3531 2593 3627 2647 de-

331 2690 513 2760 μένον
541 2689 650 2743 ἀπὸ
682 2690 781 2758 τῆς
813 2689 888 2741 ἕω
933 2689 1094 2758 μέχρι
1127 2687 1256 2749 Δίας
1299 2687 1399 2754 τῆς
1457 2687 1666 2757 ἐρήμου
1707 2687 1935 2749 πόλεως.

2041 2694 2240 2738 sertam
2283 2683 2473 2737 urbem
2526 2683 2855 2737 extenditur.
2916 2682 3119 2737 Deinde
3174 2692 3397 2752 repente
3444 2684 3626 2737 hiatus

330 2776 484 2836 Εἶτα
535 2779 793 2849 ἐξαίφνης
835 2780 1244 2851 ἀναρρήγνυται
1277 2781 1466 2849 χάσμα
1498 2781 1577 2842 είς
1607 2778 1806 2832 ἄϐυθον
1838 2778 1935 2831 πέ-

2041 2776 2280 2843 aperitur
2320 2777 2373 2828 in
2414 2775 2736 2828 immensam
2794 2775 3129 2844 voraginem,
3178 2775 3328 2829 saxis
3388 2775 3627 2847 undique

324 2890 506 2943 τραις
567 2871 905 2941 πανταχόθεν
961 2870 1262 2941 συνηρεφὲς
1286 2872 1330 2901 ⁵⁸
1386 2869 1479 2922 καί
1532 2887 1675 2923 τισιν
1722 2868 1935 2941 ἀγρίοις

2044 2866 2506 2934 impendentibus,
2560 2874 2617 2919 et
2676 2865 2945 2935 aliquibus
2988 2864 3187 2935 plantis
3253 2864 3625 2929 silvestribus,

321 2966 536 3032 φυτοῖς
555 2964 598 2994 ⁸⁸
625 2962 733 3015 τῶν
756 2960 971 3034 πετρῶν
999 2961 1400 3030 ἀποφυομένοις
1426 2976 1439 2989 ·
1473 2961 1695 3024 κάθοδος
1726 2961 1786 3027 ἐξ
1815 2964 1935 3033 ἀρι-

2048 2957 2309 3024 horridis,
2338 2965 2394 3013 et
2440 2956 2655 3013 incultis
2683 2972 2715 3011 e
2750 2957 2917 3026 petris
2961 2957 3311 3013 nascentibus
3346 2967 3626 3029 Opacatur.

318 3055 549 3128 στερᾶς
596 3052 839 3107 κατιόντι
892 3053 1052 3123 στενὴ
1084 3054 1175 3106 καὶ
1203 3056 1432 3123 τραχεῖα
1468 3054 1628 3124 (πρὸς
1648 3054 1691 3084 ⁸³
1727 3054 1837 3123 γὰρ
1860 3051 1935 3123 τῷ

2050 3048 2353 3103 Descensus
2408 3062 2438 3100 a
2482 3047 2721 3103 sinistris
2757 3047 3080 3119 ingredienti
3121 3058 3384 3118 angustus
3406 3058 3468 3105 et
3507 3064 3629 3105 sea-

319 3145 618 3216 πετρώδει
653 3145 747 3200 καὶ
783 3146 971 3215 φυτοῖς
990 3144 1283 3215 ἀνημέροις
1314 3146 1407 3198 καὶ
1434 3146 1688 3208 ἀτάκτοις
1715 3144 1935 3197 δασύνε-

2056 3142 2274 3204 brosus,
2324 3142 2516 3212 longus
2558 3140 2746 3195 stadiis
2802 3138 3133 3210 quindecim,
3182 3140 3284 3194 nisi
3345 3141 3488 3210 quod
3520 3157 3628 3195 non

314 3238 549 3306 cat"),
579 3236 769 3308 μακρά
800 3237 857 3289 δὲ
881 3237 1003 3289 ὅσον
1033 3235 1128 3287 ἐπὶ
1164 3235 1409 3299 σταδίους
1429 3238 1472 3269 δ’
1501 3236 1929 3290 πεντεκαίδεκα’

2049 3229 2222 3284 solum
2258 3228 2383 3297 viri,
2422 3229 2517 3283 sed
2551 3229 2714 3284 etiam
2758 3228 2971 3283 femina:
2997 3229 3151 3283 valde
3181 3231 3449 3299 expedita:
3482 3231 3629 3285 illam

318 3332 495 3400 πλὴν
530 3330 952 3383 καταϐαίνουσιν
974 3328 1142 3399 αὐτὴν
1171 3330 1230 3382 οὑ
1267 3328 1428 3399 μόνον
1450 3329 1662 3399 ἄνδρες,
1686 3328 1822 3382 ἀλλὰ
1848 3329 1935 3383 καὶ

2048 3318 2445 3388 ingrediantur.
2481 3318 2840 3373 Descendenti
2891 3319 3032 3373 horti
3066 3328 3121 3373 et
3167 3320 3283 3388 agri
3327 3321 3545 3388 plurimi
3575 3323 3627 3375 in

317 3422 687 3495 γυναικῶνδδ
713 3425 769 3476 αἱ
800 3422 1178 3492 εύζωνότεραι.
1209 3422 1542 3476 Κατελθόντι
1570 3421 1625 3475 δὲ
1654 3420 1818 3492 κῆποι
1847 3422 1935 3474 καὶ

2049 3412 2295 3480 sequenti
2324 3411 2461 3469 valle
2483 3420 2794 3465 occurrunt.
2821 3409 3042 3465 Summa
3078 3426 3205 3480 pars
3247 3421 3301 3466 et
3356 3414 3626 3483 angustis.

316 3513 617 3583 γεωργίαι
652 3511 848 3565 πολλαί
895 3513 1033 3564 εἰσιν
1055 3511 1098 3541 ⁵⁸
1131 3513 1185 3563 ὲν
1218 3510 1295 3581 τῷ
1328 3508 1691 3579 διαδεχομένῳ
1720 3507 1935 3561 αὑλῶνι.

2046 3504 2184 3556 sima
2258 3502 2421 3563 habet
2498 3503 2935 3572 receptaculum,
3001 3517 3109 3571 quo
3162 3504 3340 3558 omnis
3395 3506 3629 3573 undique

318 3607 426 3664 Τὸ
456 3606 499 3661 δ’
530 3601 623 3658 οὖν
656 3604 828 3674 ἀκρον
858 3602 1018 3656 αὑτοῦ
1045 3602 1140 3655 καὶ
1170 3606 1509 3653 στενώτατον
1540 3600 1806 3671 ὑποδοχὴν
1832 3599 1935 3669 ἔχει

2047 3606 2186 3659 aqua
2219 3591 2405 3662 Stygia
2441 3590 2634 3656 inﬂuit,
2704 3591 2905 3663 ειεα
2940 3593 3083 3661 quod
3114 3594 3181 3647 ab
3211 3593 3478 3649 altissimo
3509 3596 3628 3650 loco

2049 3684 2238 3755 fertur,
2274 3686 2325 3742 in
2356 3705 2482 3744 aere
2535 3690 2831 3761 Spargitur,
2895 3687 3087 3741 deinde
3149 3688 3346 3742 iterum
3403 3690 3628 3746 inferius

2048 3783 2348 3839 concurrit.
2388 3782 2766 3852 Spectaculum
2826 3779 2926 3840 hoc
2980 3799 3036 3841 et
3067 3790 3273 3843 naturae
3319 3806 3452 3859 opus
3504 3785 3628 3846 reli-

2058 3874 2215 3943 gione
2245 3873 2461 3941 plenum
2492 3885 2550 3929 et
2584 3876 2828 3931 terribile
2879 3887 2980 3932 est.
3031 3875 3199 3932 Nemo
3228 3891 3331 3941 est,
3405 3884 3495 3951 qui
3553 3884 3628 3934 vi—

2049 3967 2216 4032 derit,
2248 3966 2376 4035 quin
2407 3966 2606 4021 timore
2627 3977 2821 4022 saneto
2869 3968 3159 4037 repleatur.
3191 3968 3448 4036 Quzedatn
3481 3987 3511 4026 e
3535 3975 3630 4028 dn-

2050 4057 2218 4111 nariis
2240 4073 2357 4127 qua?
2378 4071 2529 4128 aquae
2549 4055 2893 4125 injiciuntur,
2937 4061 3257 4116 deferuntur
3313 4062 3366 4114 in
3406 4063 3625 4130 profun-

2049 4148 2199 4211 dum,
2227 4148 2440 4202 tametsi
2473 4146 2634 4213 levla,
2668 4147 2865 4216 quibus
2888 4149 3000 4219 ipse
3023 4150 3155 4204 deus
3178 4151 3449 4220 propitius
3485 4160 3568 4207 est
3610 4170 3624 4206 :

2051 4239 2249 4307 quibus
2274 4253 2403 4293 vero
2433 4237 2635 4302 minus,
2654 4253 2715 4293 ea
2730 4238 2855 4293 licet
2876 4239 3217 4309 gravissima,
3241 4249 3618 4308 supernatant,

2056 4341 2110 4383 et
2141 4329 2428 4399 exspuitur
2454 4327 2601 4383 foras
2621 4328 2936 4383 admirando
2962 4329 3192 4398 quodam
3233 4329 3411 4383 modo.
3439 4328 3629 4383 Jurare

2050 4437 2147 4491 per
2180 4436 2429 4488 campum
2465 4420 2613 4474 illum
2672 4412 2729 4473 et
2779 4434 2948 4488 aquas
3010 4418 3199 4474 incola:
3256 4421 3628 4489 experimento

2049 4513 2227 4567 edocti
2260 4513 2507 4576 horrent,
2540 4525 2709 4580 quare
2738 4510 3023 4565 minimum
3049 4510 3232 4577 jurant
3261 4512 3396 4581 (27).
3428 4509 3483 4565 Si
3509 4513 3629 4578 quis

2055 4605 2348 4674 aliquando
2365 4604 2706 4675 pejeraverit,
2731 4602 2874 4657 intra
2901 4618 3101 4658 annum
3130 4620 3359 4674 corpore
3393 4604 3628 4674 hydropa

318 3701 826 3771 καταλειϐομένων
838 3696 882 3729 ⁸⁸
913 3700 970 3751 έν
999 3694 1184 3768 κύκλῳ
1209 3693 1450 3765 Στυγίων
1482 3695 1710 3761 ὑδάτων,
1741 3693 1834 3750 καὶ
1856 3690 1945 3749 διὰ

316 3799 451 3867 τὴν
478 3794 587 3849 ἀπὸ
622 3789 818 3844 πολλοῦ
856 3789 1025 3858 ὕψους
1055 3791 1226 3860 φορὰν
1263 3792 1342 3852 είς
1384 3788 1527 3859 ἀέρα
1579 3788 1944 3857 σκεδαννυμέ-

318 3908 481 3955 νων,
520 3886 640 3942 εἶτα
660 3887 703 3918 ⁸⁷
732 3886 798 3941 αὑ
833 3885 997 3939 πάλιν
1028 3885 1108 3947 είς
1137 3884 1197 3936 τὸ
1242 3883 1394 3935 κάτω
1441 3881 1940 3952 συμπηγνυμένων.

316 3984 547 4049 Θέαμα
568 3978 729 4033 τοῦτο
751 3978 842 4032 καὶ
872 3976 1087 4046 φύσεως
1119 3974 1277 4044 ἔργον
1306 3974 1502 4046 σεμνὸν
1530 3974 1623 4027 καὶ
1654 3973 1941 4045 φρικῶδες·

317 4076 454 4129 οὐκ
507 4073 654 4125 ἔστιν
703 4070 880 4132 οὐδεὶς
930 4069 1072 4140 ἀνὴρ
1123 4068 1182 4130 ὃς
1236 4065 1363 4120 ἰδὼν
1403 4066 1504 4119 οὑκ
1534 4065 1601 4118 ἂν
1631 4063 1945 4135 πληρωθείη

322 4163 656 4234 σεϐασμίου
705 4160 833 4234 [568
867 4160 963 4233 11.]
1007 4158 1193 4228 φόϐου.
1220 4157 1342 4209 Τῶν
1371 4156 1429 4209 δὲ
1464 4154 1840 4227 ῥιπτουμένων
1868 4153 1945 4224 τῷ

321 4259 511 4317 ὖδατι
565 4255 934 4326 ἀναθημάτων
981 4252 1051 4305 τὰ
1096 4251 1195 4322 μὲν
1245 4247 1570 4301 καταδύεται
1600 4249 1682 4311 είς
1722 4246 1942 4312 ἀϐυθον,

322 4349 458 4406 κᾶν
490 4347 702 4418 ἐλαφρὰ
733 4343 791 4423 ᾗ,
818 4339 899 4408 οἷς
928 4344 1172 4414 εὐμενῶς
1200 4341 1315 4411 ἔχει
1346 4340 1408 4393 τὸ
1452 4332 1594 4392 θεῖον
1613 4353 1628 4368 ο
1663 4333 1815 4401 οἷςδὲ
1845 4337 1943 4408 μὴν

319 4441 533 4495 ταῦτα
566 4438 624 4490 δὲ
650 4438 782 4505 ἄρα,
813 4437 918 4490 κᾶν
946 4433 1227 4505 βαρύτατα
1253 4428 1310 4503 ᾗ,
1351 4429 1673 4492 ἐπιπολάζει
1720 4428 1817 4482 καὶ
1866 4429 1945 4492 είς

319 4536 410 4593 τὸ
439 4532 603 4595 ἐκτὸς
634 4528 975 4586 ἀποπτύεται
1004 4523 1319 4596 θαυμαστόν
1369 4538 1489 4574 τινα
1538 4519 1760 4592 τρόπον.
1788 4519 1862 4572 Τδ
1887 4518 1945 4575 δὲ

316 4633 541 4701 ὅρκιον
570 4623 665 4678 τοῦ
694 4640 753 4678 τε
778 4620 981 4695 χωρίου
1008 4618 1104 4673 καὶ
1142 4616 1252 4670 τῶν
1276 4614 1485 4669 ὑδάτων
1520 4612 1822 4683 πεφρίκασι
1856 4610 1945 4665 διὰ

1665 4793 1901 4851 νΑῐιιλΕ
1940 4791 2345 4849 LECTIONES.

435 4932 488 4967 ⁵⁸
528 4930 662 4999 εὑφό
818 4927 879 4979 Β.
956 4925 1004 4959 ⁸⁸
1047 4920 1247 4991 ἀνεσχὸ
1332 4936 1360 4972 ν
1392 4934 1453 4981 ς.
1531 4915 1575 4947 ⁸³
1619 4911 1886 4991 ἀπηνείας
1916 4909 1956 4963 Β
2001 4921 2241 4990 et_eorr.
2273 4908 2381 4963 AC.
2454 4909 2500 4940 “
2526 4907 2859 4992 διηνάγκασε
2894 4910 2959 4960 Α.
3068 4903 3112 4934 ⁵⁸
3145 4902 3289 4955 ὲπιτ.
3340 4901 3578 4987 Scaliger
3614 4917 3628 4952 :

435 5003 479 5039 pa
545 4946 774 5039 itm-fw
802 4999 849 5032 ιο
892 4995 1066 5039 ἔγνων
1099 4992 1163 5039 Γ..
1240 4935 1636 5039 Ξτθυανδοίτην
1690 4984 1908 5035 codices
1949 4979 2135 5033 Martnt
2188 4994 2239 5039 ι).
2292 4979 2453 5033 Fabr.
2484 4978 2574 5033 17.
2655 4977 2700 5008 ⁸⁸
2748 4993 3013 5039 στυγειον.
3089 4975 3135 5006 ⁸³
3176 4987 3534 5039 συνηρεφεσιν

315 5003 480 5064 libri
802 4968 1656 5066 1⁵Τεγνωηῖνθξυοῖνδρίτῃν.
1690 4968 1908 5066 (iudices
1930 4979 2147 5066 ⁸Μιιςὶιιί
2188 4994 2239 5048 p.
2292 4979 2453 5060 lfabr.
2484 4968 2614 5066 L72:
2655 4968 3629 5066 '5etdystol.h:fruvqpeziat‘ﬁ.

317 5038 480 5111 au"
545 5038 778 5121 “ί’””ὢν
807 5067 847 5120 Α
890 5038 917 5096 Ϊ
934 5038 1397 5131 δι’ξτβῖξνάνημέν
1431 5038 1604 5119 ς’καῖ
1632 5052 1889 5109 ἀτάκτοις
1925 5038 2211 5103 δασύνεται
2256 5049 2365 5102 τῶν
2416 5067 2476 5114 ς.
2574 5050 2616 5080 ⁶¹
2660 5052 2818 5119 πρός.
2850 5038 2919 5088 -λ-
2955 5047 2999 5077 "
3021 5038 3325 5099 δασύνεταῖ
3353 5042 3478 5093 add'
3519 5038 3627 5092 AB'

317 5148 388 5161 ρ-
660 5088 741 5161 .τ-
838 5083 1172 5161 “nium-ru..-
1203 5148 1241 5161 .-
1339 5074 1558 5161 ιῖοέιηω
1602 5132 1725 5161 ιιηαι
1769 5119 1969 5161 αι’λλῶνι
2005 5121 2153 5161 nnnil
2188 5138 2227 5161 ρ·-
2324 5121 2370 5153 ⁶⁸
2415 5118 2815 5161 ιαπειῆηηένων
2846 5136 2906 5161 τ’-
2982 5116 3023 5147 ⁸⁷
3050 5109 3171 5161 εἶτα.
3208 5141 3277 5155 ---
3305 5125 3627 5161 auuMNVU-

313 5109 391 5182 λι
807 5109 1385 5204 ‘h'yBiéiﬁgéfﬁ
1418 5109 1558 5180 εἶσιν
1602 5132 1727 5195 post
1769 5119 1970 5175 αὑλῶνι
2005 5121 2153 5191 ponit
2188 5138 2248 5185 ς.
2324 5121 2370 5153 ⁸⁸
2411 5109 2815 5189 κατειϐομένων
2846 5136 2906 5183 ς.
2982 5116 3023 5147 ⁸⁷
3050 5109 3171 5169 εἶτα
3208 5141 3277 5155 -—-
3305 5125 3627 5181 συμπηγνυ-

320 5217 538 5290 μένων
561 5226 671 5266 om.
702 5214 771 5264 A.

1873 5306 2106 5365 NOTIE.

418 5490 563 5560 (εῖν)
600 5487 677 5560 ἑὰ
706 5482 923 5560 Homeri
957 5482 1135 5560 lo_r_ur_n
1188 5473 1447 5560 respexit.
1482 5471 1551 5526 Il.
1591 5478 1656 5527 θ’.
1693 5485 1818 5525 vers
1847 5469 1947 5533 57,

312 5542 566 5625 exibit].
613 5556 884 5620 Eustath.;
915 5564 970 5606 et
1004 5550 1162 5625 gela,
1184 5542 1500 5625 ΒρἉιρίιεοέ
1531 5611 1587 5625 __

428 5611 970 5707 {saltim-NW2-
1005 5611 1417 5707 ῌίξτειςεὲνὲδ·
1445 5624 1499 5707 ‘1‘
1527 5611 1731 5707 0ὲῖἓὺ

583 5683 852 5778 Virgilius,
879 5688 1269 5778 .Eneidqiflilb.‘
1320 5683 1667 5778 ῑὲλψξέωἵῖἓξ

596 5750 776 5837 Εοῖεμί
803 5750 986 5837 stagna
1004 5750 1115 5837 alte
1132 5759 1295 5823 vides,
1327 5755 1667 5837 Stygiamque
1690 5750 1954 5819 paludem,

587 5839 655 5896 Di
693 5825 840 5902 eujus
861 5825 1051 5903 furare
1079 5832 1257 5885 timent
1298 5838 1345 5880 et
1386 5825 1568 5896 fallere
1610 5838 1815 5876 numen.

695 5892 961 5996 rimo...
1008 5926 1127 5986 Gn.
1156 5916 1317 5986 C‘lll.
1386 5892 1395 5896 τ
3167 5892 3230 5955 ιιι

2124 5468 2195 5523 At
2220 5464 2430 5537 Jupiter
2463 5466 2582 5536 lege
2605 5464 2770 5520 veluti
2810 5461 3016 5518 solutus
3039 5460 3188 5527 jurat

2853 5569 3022 5639 Stygii
3055 5582 3148 5635 per
3167 5562 3629 5644 ﬂuminafratris,

2220 5648 2328 5705 Per
2366 5665 2479 5720 prce
2506 5655 2781 5706 torrentes,
2816 5652 3035 5708 atraque
3069 5648 3312 5703 uoragine
3364 5648 3526 5698 ripas,

2617 5735 2852 5805 (Eueid.
2888 5732 2978 5786 lib.
3015 5744 3085 5793 ix,
3128 5742 3181 5781 v.
3216 5722 3496 5795 105-106.)
