3924 6438
488 323 619 390 1291
1604 323 1863 385 ΡΙΙΟΤΙΙ
1896 321 2401 382 ΡΑΤΒΙΑΒΟΗᾸΞ
2442 321 2550 379 CP.
3550 312 3661 394 ’1292

478 440 785 495 tumefacto
814 442 1061 507 moritur,
1086 455 1354 511 nemoque
1373 455 1605 510 unquam
1632 454 1846 509 poenam
1867 439 2056 493 evasit.

2165 436 2362 507 πείρας
2393 437 2442 489 οἱ
2476 435 2782 506 ἐπιχώριοι,
2814 436 2893 488 διὸ
2950 435 3043 488 καὶ
3094 436 3296 501 ἥκιστα
3326 436 3590 506 ὀμνύουσιν.
3620 446 3668 497 Et

473 532 532 583 δέ
564 532 694 586 ποτέ
723 550 808 595 τις
857 534 1177 604 ἐπιορκήσει
1214 534 1281 599 ⁸⁸,
1330 535 1461 587 εῖσω
1515 531 1765 586 ἐνιαυτοῦ
1796 532 2119 595 ἀπόλλυται,
2152 532 2305 599 φασὶ,
2360 529 2624 601 φυσηθεὶς
2654 529 2827 600 ὑδέρῳ
2855 530 2916 583 τὸ
2948 529 3126 600 σῶμα,
3147 531 3241 583 καὶ
3267 530 3430 593 οὐδεὶς
3451 532 3533 602 τὴν
3554 535 3670 604 δίκην

475 625 751 695 διέφυγεν.

2234 740 2359 793 ’Ὀτι
2390 740 2663 803 Διόνυσος,
2688 740 2825 807 φησὶ
2841 739 2907 800 ⁸³,
2930 740 3243 807 Λυκουργον
3272 737 3361 790 καὶ
3383 740 3490 800 τοὺς
3516 740 3674 809 imp:-

2169 846 2293 891 νους
2344 827 2494 897 αὖτῷ
2526 827 2771 891 Ἄραϐας
2824 827 3236 895 κατηγωνίσατο
3274 826 3414 895 οίνῳ,
3444 828 3524 879 ἀπ’
3546 830 3680 882 ἀσκοῦ

2171 922 2521 992 καταρῤάνας
2560 919 2658 989 τὴν
2699 918 2964 987 πολεμίαν
2998 917 3258 987 στρατιάν
3280 933 3293 947 ·
3340 918 3397 982 ἐξ
3417 913 3471 971 οὗ
3501 921 3581 974 καὶ
3606 922 3682 993 τὴν

2169 1014 2325 1065 πόλιν
2376 1012 2603 1066 ἐκάλεσε
2654 1010 2963 1080 Δαμασκόν.
2996 1012 3060 1063 Oi
3090 1010 3149 1062 δὲ
3176 1010 3276 1080 τὴν
3317 1012 3599 1079 ἐπωνυμίαν
3622 1012 3684 1065 δι-

2169 1106 2322 1160 δόασι
2354 1108 2418 1175 τῇ
2452 1104 2603 1157 πόλει
2627 1103 2736 1156 ἀπὸ
2762 1102 3018 1172 γίγαντός
3041 1119 3209 1165 τινος,
3242 1094 3286 1168 ᾧ
3326 1102 3482 1173 δνομα
3512 1102 3682 1165 ’Δσκδς,

2173 1199 2233 1250 ὃν
2254 1200 2283 1251 6
2308 1198 2441 1258 Ζεὺς
2470 1196 2739 1265 ὲδάμασεν
2767 1194 3211 1249 ένταῦθα.”Αλλοι
3238 1193 3293 1246 δὲ
3317 1193 3406 1246 καὶ
3439 1193 3583 1256 άλλας
3618 1194 3686 1247 λέ-

2175 1304 2331 1355 γουσι
2384 1287 2486 1357 τῆς
2540 1286 2861 1356 ἐπωνυμίας
2890 1285 3165 1348 αίτίας.”0
3191 1285 3247 1337 δὲ
3292 1284 3606 1354 συγγραφεὺς
3638 1286 3687 1337 ἐκ

2174 1380 2373 1447 ταύτης
2410 1377 2636 1448 ὥρμητο
2667 1378 2766 1447 τῆς
2789 1376 3019 1439 πόλεως.
3040 1376 3124 1438 Ὧς
3151 1378 3184 1445 ἡ
3206 1374 3423 1444 ἀσχολία
3447 1374 3532 1427 τοῦ
3560 1377 3687 1444 ῥητο-

2176 1470 2355 1541 ρεύειν
2376 1470 2546 1539 δεινὴ,
2567 1470 2871 1539 στρέφουσα
2900 1470 2999 1539 μὲν
3022 1472 3151 1537 περὶ
3179 1468 3350 1536 στόμα
3378 1468 3467 1520 καὶ
3489 1467 3689 1534 γλῶτταν

546 739 747 795 Fertur
773 753 825 796 et
856 742 1100 798 Bacchus
1142 743 1449 815 Lycurgum
1481 753 1534 797 et
1567 754 1795 798 cancros
1850 753 2058 794 manes
2086 742 2137 799 A

481 834 715 887 comites
758 834 875 899 ejus
910 835 1037 887 vino
1064 835 1362 901 domuisse,
1385 849 1504 889 cum
1526 848 1591 887 ex
1622 842 1743 888 utre
1769 833 2065 888 exercitum

479 922 771 976 irrorasset
819 920 1095 985 hostilem,
1161 923 1303 976 unde
1346 932 1402 975 et
1473 920 1660 974 urbem
1742 920 2065 974 Damascum

482 1012 799 1082 appellavit.
830 1012 1065 1080 Quidam
1102 1014 1219 1067 urbi
1254 1028 1451 1069 nomen
1504 1028 1536 1066 a
1583 1012 1817 1080 quodam
1852 1014 2071 1083 gigante

483 1107 748 1170 tribuunt,
790 1106 875 1158 cui
902 1121 1094 1158 nomen
1152 1104 1345 1167 Ascus,
1386 1117 1545 1172 quem
1589 1103 1801 1172 Jupiter
1827 1104 1937 1159 illic
1975 1104 2069 1157 do-

482 1199 621 1253 muit
654 1216 668 1263 ;
698 1197 785 1251 alii
817 1197 951 1249 alias
1011 1195 1174 1263 hujus
1233 1194 1467 1249 nominis
1509 1196 1752 1249 rationes
1805 1194 2059 1249 reddunt.

482 1290 690 1342 Auctor
714 1301 778 1339 ex
822 1287 922 1338 hac
976 1286 1107 1338 urbe
1159 1284 1423 1354 originem
1472 1284 1644 1339 duxit.
1710 1282 1782 1339 Ut
1822 1284 2063 1339 studium

485 1392 667 1447 aptum
698 1378 762 1432 ad
794 1376 1144 1440 rhetoricam,
1187 1391 1511 1446 omnemque
1543 1392 1728 1431 curam
1773 1378 1838 1429 ad
1899 1392 1961 1429 os
2011 1385 2065 1429 et

484 1473 720 1542 linguam
756 1478 1095 1534 convertere,
1126 1469 1194 1522 ab
1243 1470 1423 1522 anima
1487 1479 1664 1522 autem
1726 1484 1902 1522 rerum
1940 1484 2067 1521 san-

484 1575 693 1618 ctarum
738 1578 801 1618 ac
844 1561 1149 1617 divinarum
1181 1562 1568 1630 cogitationem
1609 1567 1879 1614 avertere.
1912 1558 2059 1623 Haec,

2172 1562 2273 1633 τὴν
2315 1562 2443 1632 ὅλην
2492 1579 2591 1633 μου
2634 1562 2887 1632 σπουδὴν,
2915 1560 3330 1630 ἀποστρέφουσα
3354 1558 3409 1612 δὲ
3437 1559 3525 1629 τῆς
3548 1558 3690 1629 ψυχῆς

484 1657 658 1723 inquit
683 1663 894 1719 auctor,
930 1653 1255 1723 intelligens,
1292 1652 1585 1720 aliquando
1612 1652 1881 1706 oratorias
1904 1665 2059 1705 exer-

2173 1654 2268 1709 καὶ
2313 1654 2423 1707 τῶν
2476 1654 2955 1725 άποκαθαιρόντων
3002 1652 3171 1724 αὐτὴν
3213 1650 3489 1721 μακαρίων
3530 1667 3582 1703 τε
3618 1652 3690 1703 καὶ

484 1747 770 1800 citationes
813 1744 1028 1814 reliqui,
1086 1755 1135 1798 et
1179 1745 1257 1798 sic
1290 1758 1481 1797 novem
1517 1746 1646 1799 anni
1689 1744 1861 1811 elapsi
1902 1753 2051 1807 sunt,

2172 1746 2435 1815 θεοφιλῶν
2495 1747 2876 1817 ἀκουσμάτων.
2909 1745 3093 1799 Ταῦτα
3146 1745 3189 1798 δ’
3213 1743 3427 1809 ἐννοιῖιν,
3478 1742 3618 1813 φησὶν
3667 1744 3690 1793 6

483 1839 717 1892 viximus
734 1836 892 1891 simul
913 1837 1166 1891 omnibus
1212 1846 1268 1890 et
1296 1836 1545 1891 noctibus
1584 1845 1638 1890 et
1671 1835 2056 1898 diebus,men-

2162 1842 2533 1910 συγγραφεὺς,
2567 1840 2740 1893 ἐνίοτε
2769 1839 3139 1909 διεκοπτόμην
3171 1837 3281 1891 τῶν
3316 1838 3599 1907 ῥητορικῶν
3624 1834 3688 1898 ἱξ-

482 1945 571 1983 ses
606 1938 746 1985 octo.
771 1929 1048 1995 Videram,
1082 1928 1553 1998 inquit,btetulum
1578 1930 1630 1982 in
1665 1942 1794 1983 aere
1828 1936 2054 1993 motum,

2161 1932 2673 2002 ηγήσεων.Ἔνστον
2716 1930 2834 1994 ἔτος
2880 1930 3024 1983 οὕτω
3070 1946 3160 2000 μοι
3192 1926 3517 1998 διεληλύθεν.
3543 1927 3688 1980 Συνδι·

484 2020 725 2074 vestibus
773 2019 1041 2073 interdum
1110 2029 1332 2085 tectum,
1409 2018 1701 2086 aliquando
1744 2020 2055 2072 veroetiam

2161 2024 2366 2093 ήγομεν
2412 2023 2667 2092 ἀλλήλοις
2714 2023 2837 2075 ὅσαι
2877 2039 2938 2074 τε
2984 2022 3188 2093 ἡμέραι
3235 2021 3327 2073 καὶ
3374 2021 3491 2073 ὅσαι
3517 2019 3688 2081 νύκτες,

485 2111 742 2165 utanibus
783 2109 979 2164 medici
1013 2119 1311 2179 portatum.
1344 2108 1549 2164 Nomen
1581 2108 1800 2171 medici,
1831 2108 1922 2177 qui
1952 2110 2059 2162 ba:-

2161 2115 2254 2168 ἐπὶ
2291 2114 2466 2185 μῆνας
2491 2122 2562 2185 η’.
2599 2110 2773 2179 Εἶδον,
2809 2114 2944 2185 φησὶ
2963 2154 2977 2178 ,
3006 2114 3099 2167 τον
3133 2112 3384 2182 βαίτυλον
3411 2111 3495 2165 διὰ
3524 2109 3604 2163 τοῦ
3623 2111 3691 2163 ἀέ-

489 2201 664 2255 tulutn
691 2201 960 2269 gestabat,
997 2212 1115 2255 erat
1136 2201 1425 2267 Eusebius,
1456 2200 1546 2270 qui
1600 2199 1766 2254 etiam
1799 2198 1936 2253 dixit
1967 2213 2058 2253 ac-

2161 2219 2252 2274 ρος
2279 2202 2619 2274 κινούμενον,
2644 2203 2774 2256 ποτε
2793 2202 2839 2255 δ’
2859 2205 2917 2255 ὲν
2944 2203 3056 2265 τοῖς
3087 2201 3321 2271 ἱματίοις
3340 2199 3688 2271 κρυπτόμενον,

484 2291 685 2347 cidisse
703 2291 1105 2361 sibialiquando
1127 2306 1229 2347 nec
1261 2291 1505 2362 opinanti
1536 2291 1772 2347 subitum
1798 2290 2056 2358 impetum

2161 2294 2258 2363 ἤδη
2278 2293 2334 2347 δέ
2352 2310 2482 2347 ποτε
2502 2295 2597 2347 καὶ⁵
2618 2296 2674 2347 έν
2697 2295 2855 2364 χερσὶ
2881 2292 3285 2363 βασταζόμενον
3299 2290 3396 2343 τοῦ
3414 2288 3691 2360 θεραπεύον-

484 2382 700 2436 errandi
729 2383 796 2435 ab
838 2383 1033 2436 Emesa
1071 2383 1223 2446 urbe,
1269 2397 1407 2450 pene
1453 2381 1628 2436 media
1687 2391 1867 2444 nocte,
1894 2395 2056 2448 quam

2161 2387 2488 2454 τος.”υνομα
2516 2384 2560 2436 δ’
2591 2379 2658 2453 ἦν
2681 2384 2758 2454 τῷ
2791 2382 3203 2454 θεραπεύοντι⁷⁰
3233 2381 3325 2435 τὸν
3364 2378 3595 2449 βαίτυλον
3618 2379 3694 2430 Εὖ-

480 2472 791 2543 longissime
816 2476 881 2528 ad
910 2486 1147 2530 montem
1178 2475 1346 2540 illum,
1383 2476 1434 2527 in
1481 2488 1589 2544 quo
1641 2473 1876 2529 Palladis
1920 2484 2058 2527 tem-

2161 2477 2359 2543 σέϐιος,
2389 2478 2447 2541 ὃς
2476 2478 2570 2531 καὶ
2602 2476 2789 2545 ἔλεγεν
2833 2474 3078 2529 ἐπελθεῖν
3117 2472 3264 2543 αὑτῷ
3310 2489 3443 2525 ποτε
3478 2471 3691 2540 ἀδόκητον

481 2566 627 2634 plttm
654 2568 819 2621 veteri
855 2567 1254 2637 magniﬁcentia
1300 2568 1581 2621 conditum
1619 2578 1723 2630 est,
1778 2576 1833 2620 et
1895 2569 2059 2622 ivisse

2161 2571 2418 2641 ἐξαίφνης
2441 2568 2753 2640 προθυμίαν
2773 2566 3224 2636 ἀποπλανηθῆναι
3246 2564 3339 2618 τοῦ
3365 2564 3545 2627 ἄστεος
3572 2562 3693 2630 Ἐμέ-

480 2672 604 2712 sese
624 2659 909 2712 celerrime
961 2660 1027 2713 ad
1074 2675 1335 2714 cacumen
1369 2661 1588 2724 montis,
1618 2669 1673 2713 et
1706 2660 1903 2714 ibidem
1936 2669 2056 2713 tan-

2161 2662 2319 2731 σης⁷¹
2361 2664 2419 2714 έν
2452 2661 2606 2713 νυκτὶ
2636 2658 2877 2730 μεσοὺσῃ
2908 2659 3091 2729 σχεδὸν
3128 2660 3203 2721 ὡς
3233 2657 3563 2728 πορρωτάτω
3590 2655 3692 2724 πρὶς

481 2761 644 2816 quam
670 2762 703 2802 e
756 2748 845 2802 via
887 2748 1089 2802 fessum
1143 2748 1439 2815 desedisse,
1469 2762 1527 2804 et
1570 2750 1772 2805 vidisse
1831 2750 2055 2819 globum

479 2838 620 2908 ignis
659 2838 913 2894 celeriter
972 2839 1349 2903 decidentetn,
1404 2850 1458 2894 et
1503 2840 1715 2895 leonem
1783 2843 2054 2909 ingentem

481 2931 539 2984 in
568 2929 724 2999 globo
750 2930 1127 2996 constitutum,
1155 2942 1210 2985 et
1276 2930 1423 2984 illum
1470 2933 1654 2985 statim
1720 2932 2006 2986 evanuisse
2039 2945 2051 2981 :

479 3032 649 3087 seque
680 3017 874 3089 34812
903 3057 919 3081 ,
954 3021 1076 3087 igne
1111 3020 1221 3088 jam
1261 3020 1551 3083 exstincto,
1582 3021 1647 3074 ad
1695 3020 1911 3088 globum
1957 3037 2054 3073 cu-

2156 2755 2217 2806 τὸ
2248 2752 2373 2824 ὄρος
2404 2750 2555 2815 αὐτὸ,
2579 2753 2637 2803 ὲν
2666 2744 2706 2817 ᾧ
2729 2752 2829 2821 τῆς
2871 2750 3101 2819 Ἀθηνᾶς
3125 2749 3333 2819 ἵδρυται
3362 2747 3493 2810 νεὼς
3516 2749 3693 2817 ἀρχαιο-

2159 2845 2376 2913 πρεπής
2396 2860 2410 2874 ·
2432 2843 2724 2912 ἀφικέσθαι
2748 2843 2805 2895 δὲ
2826 2842 2922 2914 τὴν
2944 2841 3206 2910 ταχίστην
3232 2842 3310 2903 είς
3334 2839 3434 2911 τὴν
3462 2838 3694 2909 ὑπώρειαν

2154 2934 2249 2987 τοῦ
2279 2934 2461 3006 ὅρους,
2494 2935 2585 2987 καὶ
2610 2934 2797 2987 αὐτόθι
2828 2934 3127 2988 καθίσαντα
3143 2934 3189 2964 ⁷⁸
3219 2932 3587 2987 ἀναπαύεσθαι
3609 2928 3693 2982 ὦσ-

2160 3043 2264 3095 περ
2292 3024 2351 3090 ἐξ
2373 3025 2494 3078 ὁδοῦ
2519 3042 2532 3055 ·
2566 3028 2801 3097 σφαῖραν
2824 3024 2880 3078 δὲ
2906 3026 3077 3095 πυρὸς
3107 3024 3302 3093 ὑψόθεν
3329 3020 3695 3092 καταθοροῦσιν

479 3113 741 3178 currisse,
765 3123 819 3165 et
870 3111 1015 3165 illum
1065 3120 1317 3180 tanquam
1354 3111 1609 3165 btetulum
1659 3112 1960 3178 accepisse.
1997 3121 2053 3165 et

2162 3093 2423 3186 ἐξαίφνης
2479 3117 2629 3179 ἰδεῖν,
2664 3093 2758 3170 καὶ
2809 3093 2998 3169 λέοντα
3047 3117 3220 3185 μέγαν
3248 3118 3315 3186 τῇ
3350 3116 3550 3184 σφαίρᾳ
3588 3130 3697 3182 παρ·

480 3217 703 3270 rogasse
732 3203 885 3268 cujus
924 3201 1008 3255 dei
1051 3211 1219 3265 esset,
1248 3211 1303 3255 et
1352 3203 1696 3272 respondisse
1740 3201 1886 3255 illum
1934 3215 2056 3256 esse

476 3292 719 3349 Gennaei.
757 3290 1049 3345 Gennazum
1075 3290 1405 3359 Heliopolitae
1450 3294 1653 3356 colunt,
1713 3303 1892 3346 erecta
1931 3308 2058 3361 qua-

478 3382 603 3436 dam
642 3382 814 3435 leonis
862 3381 1033 3435 forma
1080 3382 1133 3435 in
1181 3381 1382 3452 templo
1430 3380 1600 3437 Jovis.
1650 3382 1817 3437 lvisse
1863 3385 2052 3436 eadem

477 3485 641 3528 nocte
668 3474 753 3527 via
786 3490 891 3527 non
938 3476 1116 3528 minus
1156 3489 1316 3544 quam
1356 3475 1541 3529 decem
1596 3485 1650 3528 et
1695 3476 2052 3529 ducentorum

476 3567 801 3631 stadiorum,
843 3566 1128 3632 utaiebat,
1157 3566 1437 3621 Continuo.
1489 3564 1754 3620 Eusebius
1788 3581 1891 3619 nou
1935 3574 2054 3620 erat

478 3658 727 3713 dominus
750 3658 927 3711 btetuli
969 3668 1231 3719 motuum,
1277 3666 1333 3710 ut
1391 3656 1480 3709 alii
1524 3657 1773 3720 aliorum,
1824 3655 1919 3709 sed
1965 3655 2053 3709 hic

478 3749 695 3819 petebat
743 3760 799 3802 et
836 3749 1027 3803 orabat
1061 3766 1075 3802 :
1113 3749 1203 3803 ille
1219 3764 1348 3803 vero
1376 3748 1555 3803 locum
1604 3750 1763 3802 dabat
1788 3748 2049 3803 oraculis.

478 3842 607 3894 Haec
653 3851 704 3895 et
730 3840 895 3894 multa
954 3843 1151 3895 similia
1185 3852 1415 3911 nugatur
1447 3843 1640 3912 dignus
1670 3841 1910 3911 profecto
1941 3843 2051 3897 bae-

480 3933 627 3985 tnliis
658 3933 929 4002 lapidibus
962 3950 975 3985 :
1011 3933 1139 4002 quin
1163 3933 1326 3988 etiam
1364 3934 1586 3987 fortnam
1624 3932 1741 4001 ejus
1769 3933 2047 3986 describit.

478 4022 681 4078 Globus
705 4025 945 4091 quidem,
981 4025 1176 4093 inquit,
1206 4027 1476 4092 egregius,
1499 4027 1678 4078 colore
1696 4025 2046 4088 subcandido,

478 4114 745 4168 diametro
774 4116 965 4184 longus
1002 4115 1201 4184 palmo,
1234 4115 1327 4167 sed
1360 4114 1626 4168 interdum
1688 4113 1858 4181 major
1884 4128 2050 4184 appa-

2161 3209 2449 3277 ιστάμενον
2471 3226 2483 3238 ·
2531 3208 2622 3261 τὸν
2656 3210 2755 3276 μὲν
2781 3209 2845 3277 δὴ
2875 3209 3217 3279 παραχρῆμα
3247 3206 3434 3276 ἀφανῆ
3463 3205 3694 3275 γενέσθαι,

2158 3299 2323 3353 αὐτὸν
2365 3300 2421 3353 δὲ
2470 3299 2564 3353 ἐπὶ
2610 3300 2710 3371 τὴν
2758 3304 2991 3370 σφαῖραν
3043 3300 3269 3370 δραμεῖν
3311 3300 3418 3369 ἤδη
3450 3297 3539 3351 τοῦ
3564 3295 3698 3365 mpii

2157 3391 2653 3461 ἀποσϐεννυμένου,
2687 3392 2782 3444 καὶ
2828 3390 3155 3445 καταλαϐεῖν
3205 3390 3379 3459 αὖτὴν
3429 3385 3584 3442 οὖσαν
3630 3385 3697 3437 τὸν

2158 3481 2433 3552 βαίτυλον,
2467 3484 2560 3535 καὶ
2586 3482 2879 3537 ἀναλαϐεῖν
2907 3481 3087 3546 αὑτὸν,
3122 3482 3283 3554 [1064
3301 3481 3397 3552 IL]
3429 3485 3520 3535 καὶ
3545 3480 3698 3550 διερω-

2154 3573 2319 3642 τῆσαι
2365 3575 2487 3627 ὅτου
2539 3573 2676 3628 θεῶν
2707 3574 2773 3628 ἂν
2803 3575 2913 3645 εἴη,
2943 3576 3108 3644 φάναι
3154 3574 3199 3627 δ’
3228 3576 3444 3627 ἐκεῖνον
3478 3571 3604 3626 εἶναι
3627 3570 3697 3622 τοῦ

2154 3667 2409 3720 Γενναίου
2456 3668 2582 3738 (τὸν
2614 3667 2670 3721 δὲ
2700 3668 2950 3721 Γενναῖον
2984 3667 3386 3722 Ἡλιουπολῖται
3418 3666 3631 3738 τιμῶσιν
3658 3666 3700 3717 ἐν

2153 3757 2277 3820 Διὸς
2303 3758 2643 3829 ἱδρυσάμενοι
2671 3760 2885 3830 μορφήν
2910 3776 3033 3812 τινα
3058 3758 3313 3829 λέοντος),
3346 3760 3639 3826 ἀπαγαγεῖν
3656 3771 3700 3807 τε

2153 3849 2339 3902 οἴκαδε
2384 3852 2483 3921 τῆς
2529 3851 2699 3919 αὐτῆς
2748 3852 2941 3915 νυκτὸς
2969 3852 3069 3906 οὐκ
3102 3852 3305 3905 ἐλάττω
3336 3852 3563 3906 σταδίων
3594 3849 3699 3903 δέκα

2154 3946 2247 3996 καὶ
2277 3944 2590 4009 διακοσίων,
2615 3945 2689 4007 ὡς
2715 3944 2841 4015 ἔφη,
2865 3944 3145 4015 διηνεκῶς.
3164 3948 3277 3999 Οὐκ
3310 3942 3381 4017 ἦν
3407 3946 3465 3999 δὲ
3498 3942 3702 4015 κύριοςὸ

2152 4038 2412 4100 Εὐσέϐιος
2446 4038 2543 4107 τῆς
2574 4039 2667 4092 τοῦ
2683 4040 2726 4070 ⁷³
2756 4038 3008 4108 βαιτύλου
3038 4041 3303 4109 κινήσεως
3322 4079 3338 4102 ,
3369 4039 3557 4109 ὥσπερ
3580 4035 3702 4092 ἀλλοι

2151 4126 2357 4181 ἄλλωνο
2388 4128 2508 4180 ἀλλ’
2530 4131 2558 4181 ὁ
2587 4129 2685 4199 μὲν
2715 4129 2886 4182 ἐδεῖτο
2919 4131 3011 4183 καὶ¹
3041 4128 3259 4200 ηὔχετο.
3291 4132 3319 4183 6
3344 4130 3401 4183 δὲ
3426 4126 3703 4200 ὑπήκουετδ

482 4211 656 4273 rebat,
686 4209 959 4263 interdum
989 4209 1185 4272 minor,
1218 4208 1490 4262 interdum
1533 4225 1855 4279 purpureus,
1889 4210 2050 4264 etlit-

482 4316 629 4360 teras
658 4306 900 4359 ostendit
919 4305 1075 4360 nobis
1104 4306 1156 4359 itt
1184 4306 1361 4373 lapide
1388 4306 1706 4373 descriptas,
1759 4307 1918 4376 idque
1951 4322 2046 4361 co-

481 4394 595 4451 lore
632 4396 1003 4466 tingabarino,
1032 4405 1089 4448 ut
1114 4404 1330 4460 vocant,
1363 4405 1419 4449 et
1453 4399 1505 4448 iit
1529 4410 1682 4449 muro
1709 4396 1847 4450 ﬁxit.
1892 4396 2048 4453 Unde

2161 4404 2441 4475 διαγράφει
2469 4404 2633 4458 καὶτὸ
2652 4400 2791 4469 εἶδος
2818 4406 3005 4459 αὑτοῦ.
3034 4407 3244 4477 Σφαῖρα
3274 4407 3375 4476 μὲν
3404 4402 3703 4475 γάρ,φησὶν,

476 4488 776 4543 sciscitanti
804 4487 1084 4541 oraculum
1115 4488 1282 4548 dedit,
1321 4497 1374 4540 et
1394 4501 1581 4542 vocem
1641 4486 1874 4543 emisite
1900 4490 2045 4543 tenui

2161 4494 2387 4566 ἀκριϐὴς
2428 4494 2722 4566 ἐτύγχανεν
2774 4495 2897 4568 [567
2927 4497 2962 4551 b
2993 4496 3087 4569 [1.]
3135 4496 3229 4560 ὢν,
3262 4497 3561 4559 ὑπόλευκος
3585 4494 3634 4546 δὲ
3658 4496 3704 4544 1‘:

481 4576 684 4642 ﬁstula,
747 4592 907 4644 quam
956 4579 1343 4646 interpretatus
1398 4586 1484 4631 est
1538 4576 1827 4633 Eusebius.
1887 4578 2047 4633 Vana:

2161 4588 2377 4659 χρῶμα,
2408 4588 2742 4658 σπιθαμιαία
2772 4590 2827 4642 δὲ
2852 4590 2949 4660 τὴν
2975 4591 3263 4660 διάμετρον
3294 4591 3438 4642 κατὰ
3470 4586 3700 4659 μέγεθος·

480 4668 676 4721 mentis
709 4669 796 4722 ille
828 4670 930 4721 alia
964 4671 1128 4722 multa
1185 4672 1426 4724 miranda
1472 4671 1536 4725 de
1574 4669 1769 4724 bmtttlo
1820 4682 2004 4725 narrat
2033 4689 2046 4725 :

2161 4677 2273 4731 ἀλλ’
2307 4678 2474 4731 ὲνίοτε
2510 4679 2709 4749 μείζων
2752 4680 2962 4747 ἐγίνετο
2987 4680 3081 4733 καὶ
3107 4679 3365 4744 ἐλάττων,
3402 4679 3498 4730 καὶ
3522 4692 3704 4746 πορφυο

478 4758 740 4828 Equidem
772 4769 1018 4826 putaram
1071 4761 1296 4813 divinius
1355 4777 1465 4814 esse
1518 4763 1789 4814 oraculum
1844 4763 2047 4826 ba'luli,

2161 4769 2370 4839 ροειδὴς
2419 4770 2626 4824 ἄλλοτε.
2655 4772 2761 4823 Καὶ
2790 4770 3091 4842 γράμματα
3135 4769 3468 4834 ἁνέδειξενη
3503 4769 3623 4837 ἡμῖν
3659 4766 3704 4815 ὲν

479 4848 725 4902 Isidorus
759 4852 1074 4903 daemonium
1093 4852 1265 4918 potius
1296 4868 1404 4905 esse
1434 4853 1588 4906 dixit.
1621 4852 1753 4908 Esse
1774 4856 1910 4908 enim
1944 4856 2045 4907 ali-

2161 4860 2234 4928 τῷ
2266 4861 2400 4931 λίθῳ
2430 4864 2811 4934 γεγραμμένα,
2842 4862 3092 4934 χρώματι
3138 4861 3216 4932 τῷ
3264 4860 3583 4928 καλουμένῳ
3608 4873 3705 4923 τιγσ

478 4953 631 5008 quem
658 4939 948 4991 dwmonem
984 4949 1268 4993 moventem
1291 4940 1461 5005 illum,
1498 4958 1599 4997 non
1631 4959 1796 4995 unum
1830 4960 1894 4997 ea:
1950 4946 2049 4997 ad-

2161 4953 2430 5024 γαϐαρίνῳ
2464 4955 2986 5025 κατακεχρωσμένα,
3018 4954 3110 5007 καὶ
3140 4956 3196 5006 ἐν
3219 4952 3387 5022 τοίχῳ
3412 4952 3473 5004 δὲ
3501 4947 3701 5018 ἐγκρού-

479 5026 691 5082 modum
723 5026 898 5094 malis,
928 5044 1032 5082 non
1057 5031 1269 5085 omnino
1299 5032 1694 5095 immateriatis,
1722 5050 1813 5088 nec
1836 5037 2049 5089 omnino

2161 5060 2247 5106 τας
2266 5060 2278 5075 ·
2308 5044 2376 5097 δι’
2394 5063 2469 5099 ων
2492 5044 2744 5099 ἀπεδίδου
2765 5046 2857 5099 τὸν
2885 5044 3212 5115 ζητούμενον
3235 5042 3311 5113 τῷ
3336 5039 3705 5108 πυνθανομένῳ

477 5118 646 5185 puris.
680 5118 1006 5173 Baetulorum
1033 5119 1195 5173 alium
1229 5121 1319 5175 alii
1354 5123 1687 5186 incumbere,
1733 5134 1792 5179 ut
1816 5125 1906 5180 ille
1943 5126 2051 5181 cri-

2161 5134 2427 5205 ίρησμὸν,
2462 5136 2558 5188 καὶ
2592 5135 2777 5207 φωνὴν
2804 5136 3009 5205 ἡφίειττ
3055 5134 3249 5188 λεπτοῦ
3281 5134 3628 5205 συρίσματος,
3651 5129 3703 5195 ἣν

482 5215 700 5266 minans
722 5211 875 5277 dicit,
911 5214 1036 5280 deo,
1065 5212 1325 5277 Saturno,
1358 5213 1501 5277 Jovi,
1526 5215 1659 5279 Soli,
1679 5227 1729 5271 et
1762 5218 1904 5273 aliis.

2161 5224 2461 5294 ἡρμήνευεν
2477 5227 2504 5278 6
2522 5225 3252 5296 Εὑσέϐιος.Τερατολογήσας
3266 5220 3358 5277 οὖν
3379 5224 3453 5277 τά
3468 5220 3703 5291 εἰρημένα

478 5302 505 5353 ὁ
547 5302 829 5374 κενόφρων
884 5298 1037 5366 οὗτος
1088 5305 1185 5356 καὶ
1235 5306 1403 5373 μυρία
1453 5306 1589 5359 ἄλλα
1639 5310 2073 5383 παραλογώτερα
2101 5315 2349 5385 περὶτοῦ
2376 5315 2653 5385 βαιτύλου,
2690 5319 2919 5387 ἐπάγειο
2964 5316 3109 5387 Ἐγὼ
3124 5317 3241 5386 μὲν
3294 5316 3467 5384 ᾤμην
3513 5312 3701 5369 θειότε-

1784 5446 2015 5502 VARI/E
2055 5447 2458 5506 LECTIONES.

551 5554 1329 5653 ῗᾷἐπιοιξκίιῖοέές.-ξίφειῇ
1346 5575 1449 5653 31..
1485 5558 1843 5653 ἷῖηθξράῐξοϊῖι
1868 5582 1928 5653 ξι
2066 5567 2300 5653 Ῑεμέσης
2332 5568 2431 5653 I35.
2456 5569 2683 5640 Ἐμίσης
2705 5590 2774 5653 .s-
2888 5573 3257 5653 ἕξοιςήσεντα
3371 5644 3383 5653 .
3427 5572 3473 5653 ⁷3
3505 5569 3592 5622 τοῦ
3620 5580 3701 5653 ῖεο

484 5624 1118 5761 ιὲᾈῗξᾶεντέὑπήκουσε
1150 5624 1209 5689 ςέ
1285 5627 1329 5657 τ⁸
1359 5627 1449 5678 τὸν
1485 5624 1633 5682 λίθον
1689 5632 1729 5683 Β
1768 5645 1821 5687 et
1877 5624 2017 5689 corr.
2055 5639 2097 5690 Α
2127 5624 2142 5689 ξ
2196 5624 2305 5690 τῶν
2350 5624 2612 5704 λίθωιίς.
2641 5624 2681 5640 Η
2705 5624 3240 5708 τῖάνεδίδάξὶῦλῖ
3287 5624 3326 5673 ᾖ
3357 5642 3509 5711 ἀφίει
3539 5624 3700 5705 *ξδ’

2152 4221 2292 4291 πρὸς
2341 4222 2440 4284 τὰς
2490 4221 2858 4291 χρησμῳδίας.
2892 4222 3076 4276 Ταῦτα
3124 4222 3371 4293 ληρήσας
3420 4222 3515 4275 καὶ
3564 4216 3703 4274 πολλᾶ

2149 4310 2378 4365 τοιαῦτα
2396 4312 2425 4363 6
2450 4312 2559 4365 τῶν
2581 4313 2870 4383 βαιτυλίων
2893 4314 2968 4377 ὡς
2988 4314 3201 4384 άληθῶς
3224 4314 3397 4379 ἄξιος,
3415 4315 3504 4367 τδν
3526 4310 3704 4365 λίθονη
