3924 6442
344 368 486 437 1293

1390 366 1916 427 BIBLIOTHECA.
1946 366 2191 428 —COD.
2234 370 2503 431 CCXLlI.

3456 377 3592 441 ιεθι

331 500 457 551 ρον
496 477 649 535 εἶναι
691 480 759 533 τὸ
801 478 999 547 χρῆμα
1022 480 1064 509 ⁷⁸
1105 477 1211 532 τοῦ
1246 479 1544 542 ,ϐαιτύλου
1567 517 1581 541 ,
1624 482 1655 530 ὁ
1694 477 1762 528 δὲ
1804 476 2105 543 Ἰσίδωρος
2144 472 2455 548 δαιμόνιον
2485 480 2725 550 μᾶλλον
2798 482 3039 551 ἔλεγεν·
3100 479 3250 538 εἶναι
3280 487 3391 555 γάρ
3464 510 3597 546 τινα

349 572 611 643 δαίμονα
638 572 746 624 τὸν
775 571 1061 623 κινοῦντα
1086 568 1294 631 αὐτὸν,
1321 569 1460 622 οὔτε
1487 567 1605 621 τῶν
1630 565 1944 633 βλαϐερῶν
1980 566 2115 619 οὔτε
2144 567 2262 621 τῶν
2278 569 2433 639 ἄγειν
2460 572 2804 640 προσύλων,
2833 575 2902 625 οὺ
2921 573 3129 641 μέντοι
3168 572 3286 635 τῶν
3346 579 3598 647 ἀνηγμέ-

336 681 468 719 mor
504 669 590 730 εὶς
617 663 684 717 τὸ
714 662 907 716 ditior
934 660 1094 728 εἶδος
1122 660 1266 715 οὐδὲ
1294 661 1413 714 τῶν
1440 661 1713 728 καθαρῶν
1754 657 2124 712 παντάπασι.
2158 661 2279 713 Τῶν
2310 663 2369 716 δὲ
2442 665 2707 732 βαιτύλων
2723 668 2765 699 ⁷³
2831 667 2989 721 ἄλλον
3070 667 3213 738 ἄλλῳ
3257 670 3596 736 ἀνακεῖσθαι,

334 756 418 820 ὼς
448 757 653 816 ἐκεῖνος
684 752 981 822 δυσφημῶν
1010 753 1180 818 λέγει,
1219 750 1346 820 θεῷ,
1370 752 1585 820 Κρόνῳ,
1614 752 1716 810 Διὶ,
1735 748 1923 816 Ἡλίῳ,
1962 749 2131 811 τοῖςεο
2170 751 2369 817 ἄλλοις.

418 850 543 903 Ὀτι
578 847 904 917 Μαξιμίνος,
951 848 1117 914 φησὶν
1160 846 1383 915 (Ἕλλην
1410 844 1457 899 δ’
1490 840 1642 908 οὗτος
1670 840 1738 915 ἦν
1766 844 1825 896 τὸ
1853 845 1932 895 σέ-

2110 844 2457 917 Maximinus,
2490 852 2712 926 inquit,_
2733 852 2992 922 religione
3024 864 3135 909 eral
3171 854 3409 926 gentilis,
3431 854 3601 910 oculis

336 940 489 1013 ϐας),
518 939 615 1002 τὰς
650 938 809 1007 βολὰς
835 938 943 990 τῶν
968 938 1232 1007 ὀμμάτων
1261 937 1498 1005 άφιεὶς⁸¹
1531 937 1673 990 οὕτω
1700 936 1929 1006 φοϐερόν

336 1050 392 1083 τι
425 1033 520 1083 καὶ
549 1028 809 1100 βλαϐερὸν
843 1029 1026 1081 ὲνέϐλε
1038 1045 1134 1079 πεν
1154 1029 1223 1094 ⁸⁸,
1251 1028 1391 1081 ὥστε
1424 1028 1533 1082 τῶν
1561 1026 1869 1096 ἐνορώντων
1883 1028 1928 1060 ⁸³

336 1122 712 1189 ἀποστρέφειν
740 1119 839 1182 τὰς
883 1120 1065 1188 ὄψεις
1100 1120 1193 1172 καὶ
1221 1119 1380 1172 τοῦτο
1408 1118 1694 1189 (φησὶνδδ)
1726 1120 1930 1181 ἐκεῖνος

341 1213 607 1275 συνειδὼς
632 1212 811 1281 ἐαυτῷ
835 1210 905 1264 τὰ
929 1211 1102 1264 πολλὰ
1128 1212 1279 1266 κάτω
1304 1214 1395 1265 καὶ
1422 1213 1483 1264 οὐ
1516 1212 1651 1283 πρὸς
1684 1212 1811 1274 τοὺς
1847 1214 1930 1263 ὲν-

336 1304 712 1373 τυγχάνοντας
733 1302 978 1356 ἔϐλεπεν.
999 1300 1157 1356 Ἀλλὰ
1180 1304 1273 1355 καὶ
1296 1301 1507 1356 πολλῶν
1534 1296 1685 1365 οὗτος
1713 1302 1930 1370 φασμά-

337 1412 456 1446 των
484 1394 692 1461 ἑγίνετο
726 1392 941 1461 θεατὴς,
978 1393 1159 1454 ἄλλοις
1192 1394 1289 1463 οὐχ
1315 1393 1632 1463 ὁρωμένων.
1651 1392 1851 1455 Ἱκανὸς
1876 1392 1932 1444 δ’

337 1481 415 1555 ἦν
445 1486 538 1537 καὶ
565 1486 827 1551 δαίμονας
864 1485 1199 1553 ἐπιπέμπειν
1226 1483 1594 1554 φθοροεργοὺς
1614 1524 1629 1548 ,
1663 1485 1755 1536 καὶ
1778 1484 1932 1535 ἄλλο·

340 1572 444 1625 οεν
487 1574 972 1642 ἐπιπεμπομένους
1020 1573 1447 1627 ἀναστέλλεινθῆ
1484 1572 1627 1641 Πλὴν
1655 1572 1932 1626 δυσσεϐῶν

341 1662 576 1727 ﬁlatim“
607 1664 745 1717 κατὰ
796 1664 856 1717 τὸ
905 1664 1198 1728 Βυζάντιον
1226 1664 1325 1731 τὴν
1351 1663 1438 1716 διὰ
1472 1662 1657 1732 ξίφους
1704 1664 1801 1717 οὐκ
1844 1662 1929 1727 ἐξ·

343 1756 519 1825 ἔφυγε
568 1755 741 1825 δίκην.
771 1754 906 1808 Οὔτε
938 1755 1228 1823 φιλόσοφον
1279 1754 1391 1824 βίον
1440 1756 1732 1825 ἐννοήσας,
1771 1755 1824 1808 εί
1848 1772 1932 1817 τις

341 1844 427 1900 ὢν
442 1847 485 1878 ⁸⁷
517 1845 626 1898 τῶν
658 1845 871 1897 πολλῶν
907 1845 1117 1915 ὑϐρίζει
1144 1844 1333 1913 ὕϐρεις
1360 1844 1459 1907 τάς
1500 1844 1558 1910 ἐξ
1605 1843 1929 1914 ἀνθρώπων,

347 1938 616 2007 ’Δπειρος
642 1935 715 1989 ῶν
744 1936 851 1989 τῶν
878 1935 1193 2004 πληκτικῶν
1215 1933 1263 1967 ⁸⁸
1296 1934 1502 1987 τούτων
1554 1934 1648 1987 καὶ
1695 1934 1934 1987 ἀνιάτων

343 2029 713 2100 πραγμάτων.
730 2028 796 2081 Ἦ
822 2027 1057 2097 ἀναϐολὴ
1091 2026 1409 2097 μακροτέρα
1429 2024 1578 2094 αὐτῷ
1606 2024 1797 2092 γέγονε
1826 2024 1935 2077 τῶν

342 2137 408 2172 τε
428 2120 474 2153 ⁸³
504 2121 583 2182 εἰς
610 2118 821 2187 Καρίαν
851 2118 944 2170 καὶ
968 2117 1076 2171 τῶν
1111 2116 1372 2186 Ἀθήναζε
1398 2114 1742 2169 σπευδουσῶν
1777 2115 1931 2168 ἑλπί-

2035 940 2169 994 adeo
2201 943 2561 1009 terribilibus,
2591 954 2648 997 ιιι
2676 920 3360 1003 ῧιιυειιιίυιιιεινειεδτειυι
3390 948 3597 1003 oculos.

2043 1029 2208 1098 Cujus
2248 1032 2351 1086 sibi
2383 1034 2656 1101 conscius,
2677 1044 2734 1089 ut
2754 1036 3044 1105 plurimum
3074 1046 3293 1103 terram,
3325 1052 3429 1093 non
3457 1037 3601 1107 ipsos

2029 1118 2278 1175 homines
2324 1122 2512 1177 obvios
2558 1124 2900 1192 respiciebat,
2942 1135 2996 1181 et
3027 1127 3187 1180 etiam
3244 1126 3409 1182 multa
3467 1126 3603 1181 vidit

2029 1210 2165 1277 visa,
2198 1228 2318 1281 qua:
2357 1214 2447 1267 alii
2487 1229 2591 1271 non
2626 1218 2903 1272 videbant.
2968 1218 3188 1273 Poterat
3220 1231 3275 1274 et
3326 1221 3600 1275 daemones

2031 1301 2224 1357 noxios
2250 1305 2557 1371 immittere,
2585 1318 2638 1361 et
2654 1308 3155 1366 aliundeimmissos
3179 1326 3449 1367 coercere.
3465 1311 3601 1367 Cum

2033 1395 2195 1461 impie
2240 1396 2367 1464 quid
2408 1409 2593 1467 ageret
2638 1400 2903 1470 Byzantii,
2952 1402 3111 1470 gladii
3164 1417 3320 1469 penna
3375 1400 3603 1457 affectus

2033 1495 2136 1549 est,
2170 1500 2269 1540 nec
2295 1488 2719 1557 philosophicam
2775 1491 2938 1544 vitam
2991 1492 3321 1560 intelligens,
3354 1492 3397 1545 si
3424 1493 3546 1560 quis
3572 1506 3603 1545 e

2034 1574 2378 1632 multitudine
2412 1578 2667 1647 iniuriam
2716 1580 2765 1633 ei
2798 1580 3024 1634 inferret
3066 1580 3263 1652 359a
3320 1581 3605 1649 ignorabat

2033 1665 2210 1718 civilia
2242 1676 2295 1719 et
2319 1669 2503 1736 gravia
2563 1670 2801 1739 negotia.
2848 1670 3135 1724 Cunctatio
3172 1671 3380 1740 longior
3404 1672 3449 1725 ei
3481 1670 3599 1734 fuit,

2034 1768 2193 1821 quam
2226 1771 2349 1823 spes
2375 1757 2665 1813 festinandi
2696 1761 2748 1812 in
2777 1760 2993 1814 Cariam
3022 1760 3106 1813 vel
3137 1760 3379 1814 Athenas
3417 1759 3600 1815 ferret.

2039 1841 2204 1898 Venio
2239 1847 2307 1900 ad
2352 1848 2715 1915 precationes,
2755 1863 2892 1918 quas
2939 1849 3007 1903 ad
3060 1851 3218 1903 deum
3284 1849 3490 1912 habuit,
3548 1859 3605 1902 et

2036 1932 2275 2002 Cyllenio
2310 1937 2650 2004 tardante,et
2680 1941 2891 2007 negotia
2921 1938 3225 2005 dill‘erente,
3257 1938 3391 1993 nihil
3429 1938 3604 1994 Isido-

2037 2038 2127 2075 rus
2154 2023 2401 2092 perfecit,
2424 2041 2653 2095 parcens
2697 2029 3104 2097 pretiosissimze
3127 2028 3229 2091 rei,
3267 2028 3419 2097 juxta
3479 2043 3606 2083 sen-

2038 2116 2259 2169 tentiam
2284 2117 2571 2185 sapientis,
2600 2120 2852 2187 tempori.
2892 2120 3094 2175 Vidcns
3130 2120 3393 2188 nteipsum
3421 2119 3603 2175 divino

341 2211 477 2263 δων.
508 2180 617 2262 καὶ
640 2180 774 2277 πρὸς
808 2207 934 2262 θεοῦ
958 2180 1284 2279 λιπαρήσεις
1313 2207 1565 2278 ἔρχομαι.
1587 2206 1693 2261 Τοῦ
1712 2207 1758 2238 ⁹⁰
1785 2208 1931 2260 Κυλ-

2038 2202 2239 2257 lumine
2270 2204 2615 2272 illustratum,
2648 2218 2906 2275 quantam
2957 2218 3115 2277 putas
3148 2209 3315 2262 animi
3374 2221 3601 2264 conten-

339 2303 535 2372 ληνίου
568 2300 917 2370 βλακεύοντος
965 2302 1060 2353 καὶ
1098 2301 1166 2352 τὰ
1206 2301 1506 2370 πράγματα
1541 2299 1932 2363 ἀναϐάλλοντος

2037 2296 2237 2348 tionem
2271 2294 2465 2351 fecisse
2494 2298 2516 2351 ?
2544 2297 2773 2353 Insanus
2806 2298 2981 2352 factus
3030 2314 3150 2351 cum
3181 2309 3345 2360 esset,
3380 2298 3604 2367 abrepta

338 2393 503 2445 οὐδὲν
526 2392 716 2461 ἡνυτεν
744 2393 773 2444 ὁ
808 2391 1091 2461 Ἰσίδωρος.
1124 2392 1198 2443 υὺ
1216 2393 1259 2423 ⁸⁸
1286 2392 1609 2461 φεισάμενος
1640 2390 1734 2443 τοῦ
1766 2391 1932 2445 πολυ-

2036 2385 2234 2448 securi,
2289 2386 2391 2440 sibi
2440 2387 2617 2441 virilia
2671 2396 2933 2455 amputat.
2965 2387 3031 2442 Et
3078 2404 3176 2457 ego
3227 2389 3342 2441 hac
3404 2387 3606 2441 Isidoro

338 2485 673 2539 τελεστάτου
697 2483 775 2552 τῷ
814 2484 927 2536 δντι
964 2483 1372 2552 δαπανήματος,
1407 2483 1501 2535 τοῦ
1540 2483 1755 2552 χρόνου,
1792 2482 1932 2535 κατὰ

2038 2475 2301 2538 nuntiavi,
2334 2477 2425 2545 qui
2456 2492 2671 2545 semper
2717 2477 3012 2545 sapienter.
3047 2488 3101 2532 et
3158 2478 3376 2530 divinus
3433 2477 3607 2531 sacris

336 2576 444 2628 τὸν
479 2576 697 2627 εἰπόντα
726 2574 1098 2645 σοφόν.’ορῶν
1139 2576 1194 2628 δὲ
1242 2576 1478 2644 ἐμαυτὸν
1510 2574 1587 2644 τῷ
1630 2575 1759 2645 θείῳ
1797 2576 1932 2642 φωτὶ

2036 2566 2375 2620 sermonibus
2422 2568 2674 2629 attendit,
2732 2581 2852 2620 cum
2904 2577 3119 2636 putaret
3168 2570 3227 2622 se
3268 2568 3332 2622 de
3376 2582 3608 2636 corpore

340 2662 803 2734 περιρρεόμενον,
839 2663 953 2724 πῶς
1001 2662 1101 2713 οἴει
1138 2662 1341 2729 σφόδρα
1390 2661 1489 2730 τὴν
1537 2659 1712 2730 ψυχὴν
1740 2662 1932 2712 ὲτανυ-

2038 2659 2352 2727 periclitari.
2379 2660 2488 2714 Iloc
2512 2676 2639 2715 vero
2698 2662 3002 2731 exemplum
3058 2664 3291 2732 propria:
3319 2663 3608 2717 voluntatis

340 2756 657 2825 σκόμην⁹²ς
703 2753 973 2824 Ἐκμανὴς
999 2753 1307 2822 γενόμενος,
1335 2751 1537 2805 ἀνελὼν
1560 2753 1650 2804 τὸν
1678 2751 1932 2815 πέλεκυν,

2038 2758 2140 2810 est,
2178 2748 2291 2802 haec
2318 2750 2457 2817 grati
2490 2750 2655 2804 animi
2686 2765 2838 2820 ergo,
2874 2765 3043 2818 pauca
3098 2766 3196 2820 pro
3246 2751 3430 2806 multis
3483 2751 3607 2805 rcd-

2038 2839 2206 2894 denti.
2240 2837 2636 2909 Navigabamus
2687 2842 2931 2907 Samum,
2966 2857 3165 2911 corpus
3192 2858 3321 2898 vero
3364 2844 3610 2899 tumebat

2039 2946 2065 2983 ιι
2113 2932 2339 2999 pedibus
2393 2930 2534 2985 inira
2568 2932 2851 3000 incipiens,
2896 2947 3065 3003 usque
3087 2934 3152 2988 ad
3190 2934 3406 3003 inguina
3429 2944 3484 2989 et
3520 2950 3609 2987 vc-

2042 3022 2203 3075 rcuda
2239 3022 2592 3090 ;consopitus
2622 3038 2739 3077 sum
2770 3022 2824 3077 in
2874 3025 2996 3078 navi
3027 3040 3044 3091 ;
3070 3024 3263 3080 deinde
3306 3026 3357 3078 in
3406 3026 3611 3080 somnis

2042 3115 2273 3183 polluor,
2303 3116 2512 3180 vittam,
2562 3130 2772 3171 sacram
2809 3128 3042 3183 vestem,
3092 3119 3307 3184 stolam,
3337 3118 3493 3173 faciei
3540 3119 3613 3173 si-

2042 3204 2362 3269 mulacrum,
2383 3204 2626 3261 fasciam.
2646 3207 2875 3261 Tantum
2892 3208 3285 3277 pltllosophiam
3309 3210 3609 3263 audivimus

336 3301 584 3373 ρέσεως.
606 3300 792 3368 Ὀλίγα
818 3302 938 3355 ἀντὶ
971 3300 1181 3353 πολλῶν
1221 3300 1523 3353 ἀποδιδόντι
1564 3300 1932 3370 χαρίσια.Ἐν-

2041 3295 2601 3365 contemninunquam
2635 3297 2882 3362 Athenis,
2918 3311 3177 3367 quantum
3233 3300 3467 3354 vidimus
3525 3301 3609 3352 vi-

333 3392 767 3461 αυστολούμεθα
798 3392 935 3463 πρὸς
965 3391 1063 3462 τὴν
1096 3392 1296 3459 Σάμον.
1329 3392 1402 3443 Τὸ
1434 3390 1591 3460 σῶμα
1616 3391 1659 3443 δ’
1682 3392 1932 3458 ὲφυσᾶτο,

2047 3384 2281 3452 tuperari
2317 3385 2383 3439 ab
2415 3384 2605 3454 Hegia.
2633 3386 2932 3443 Archiadas
2976 3388 3089 3458 (28)
3123 3400 3326 3458 patrem
3375 3400 3432 3444 et
3478 3390 3615 3445 alios

334 3478 607 3534 κάτωθεν
658 3478 962 3547 ἀρξάμενον
1012 3478 1119 3532 ἀπὸ
1167 3480 1274 3531 τῶν
1324 3479 1501 3531 ποδῶν
1555 3479 1658 3543 ἕως
1703 3480 1803 3548 ἤδη
1834 3478 1932 3532 τῶν

2045 3473 2245 3530 multos
2270 3479 2560 3544 superabat
2593 3492 2696 3531 non
2737 3492 2926 3547 parum
2973 3478 3193 3533 virtute.
3230 3478 3608 3550 Phi1050pltica

338 3572 649 3644 βουϐώνων
695 3571 790 3625 καὶ
838 3573 937 3642 τῆς
985 3572 1185 3633 αἰδοῦς.
1236 3571 1655 3641 Κατεκοιμήθην
1702 3572 1793 3624 ἐπὶ
1844 3571 1932 3640 τῆς

2044 3568 2222 3622 minus
2239 3570 2485 3634 curabat,
2512 3580 2765 3639 tanquam
2818 3570 2954 3624 adeo
2997 3570 3233 3640 ineptus,
3266 3582 3489 3640 propter
3516 3588 3613 3638 pa-

344 3661 528 3725 νεὼς,
561 3661 656 3714 καί
701 3679 817 3723 πως
849 3661 1297 3733 ἀφροδισιάζομαι
1330 3667 1442 3725 τοῖς
1487 3662 1744 3731 ὀνείρασι.
1784 3662 1932 3732 Κρή-

2039 3659 2353 3715 lrimonium
2384 3659 2694 3726 blandiens,
2726 3661 2833 3715 vita
2883 3661 3005 3729 pius
3059 3662 3252 3727 siquis
3290 3662 3451 3718 alius.
3509 3662 3615 3716 Eu-

339 2846 652 2917 ἀποτέμνει
681 2845 779 2915 τὴν
812 2844 971 2907 αὐτὸς
1000 2844 1193 2897 ἑαυτοῦ
1230 2843 1594 2913 παιδοσπόρον
1619 2843 1802 2912 φύσιν.
1828 2843 1936 2896 Καὶ

338 2936 472 3005 ἐγὼ
503 2936 674 2989 ταῦτα
706 2936 1014 3006 ἀπήγγειλα
1044 2936 1120 3004 τῷ
1150 2933 1405 3005 Ἰσιδώρῳ
1440 2935 1608 3003 σοφήν
1642 2951 1701 2986 τε
1732 2934 1828 2987 καὶ
1856 2934 1938 2987 ἔν-

335 3029 482 3082 θεον
510 3030 595 3080 ἀεὶ
612 3028 659 3059 ’³
688 3027 1018 3097 προτείνοντι
1050 3028 1183 3096 πρὸς
1206 3027 1332 3088 τοὺς
1366 3026 1567 3093 μύθους
1604 3027 1727 3087 τοὺς
1765 3027 1937 3094 ἱεροὺς

332 3120 552 3190 ἀκοήν.
592 3118 864 3188 Οὶηοέντα
911 3120 1039 3187 περὶ
1082 3118 1162 3188 τῷ
1197 3115 1474 3186 σώματιθδ
1521 3116 1845 3169 κινδυνεύειν
1868 3117 1937 3172 θδ.

349 3211 532 3265 Ἀλλά
562 3210 719 3263 τοῦτο
754 3211 852 3279 μὲν
889 3211 987 3276 τῆς
1026 3208 1283 3271 ἰδιώτιδος
1312 3208 1421 3279 ἄρα
1452 3208 1649 3278 δεῖγμα
1666 3210 1713 3240 ³⁸
1747 3225 1939 3278 προαι-

340 3752 559 3819 δεμνον
576 3752 644 3815 ⁸⁷,
672 3749 969 3819 φωσώνιον,
997 3750 1237 3820 ὀράριον,
1269 3750 1422 3821 ρῳ¹⁹⁸
1452 3748 1739 3821 προσώπου
1768 3750 1932 3818 ἐκμα-

2036 3749 2238 3818 pithius
2284 3750 2618 3817 ingeniosior
2672 3758 2811 3814 erat,
2865 3751 3106 3805 moribus
3165 3761 3343 3805 tamen
3399 3752 3613 3817 idiota;

337 3845 533 3912 γεῖον,
592 3841 961 3911 ἡμιτύϐιονθθ.
1011 3842 1102 3905 Εἰς
1158 3840 1409 3895 τοσοῦτον
1468 3841 1576 3911 γάρ
1623 3840 1932 3910 ἀκηκόαμεν

2036 3841 2144 3893 imo
2182 3840 2343 3892 etiam
2391 3840 2555 3893 idiota
2587 3848 2642 3895 et
2688 3840 2988 3909 simplicior
3033 3859 3046 3895 :
3101 3840 3425 3895 imbecillum
3469 3843 3617 3897 illius

336 3932 677 4005 φιλοσοφίαν
718 3932 842 4004 [568
865 3934 899 3988 b
923 3933 1015 4005 IL]
1046 3933 1548 4004 καταφρονηθεῖσαν
1573 3932 1692 3986 οὐδὲ
1718 3931 1932 3988 πώποτε

2037 3938 2157 3984 erat
2209 3944 2425 3999 corpus,
2456 3939 2653 3985 etnon
2710 3931 2934 3984 multum
2978 3946 3006 3985 a
3062 3940 3233 3985 morte
3287 3932 3612 3998 seiunctum.

353 4024 685 4095 Ἀθήνῃσιν,
706 4026 830 4077 ὅσον
853 4026 1173 4096 ἑωράκαμεν
1194 4024 1596 4096 άτιμαζομένην
1617 4026 1707 4078 ὲπὶ
1726 4025 1932 4093 Ἡγίου.

2036 4018 2131 4074 Hic
2157 4021 2373 4088 quidem
2410 4022 2590 4074 statim
2618 4036 2763 4090 aegre
2787 4023 2993 4075 audivit
3023 4022 3424 4088 defensiOnem,
3458 4031 3612 4091 quasi

338 4114 655 4189 [1065,R.]
684 4116 741 4169 '0
772 4116 828 4167 δὲ
859 4116 1223 4186 Ἀρχιάδαςίο²
1247 4117 1307 4168 τὸ
1340 4116 1439 4186 μὲν
1464 4116 1583 4169 ὅλον
1605 4115 1698 4168 τοῦ
1728 4116 1932 4185 πατρὸς

2036 4111 2148 4179 spei
2186 4110 2327 4164 illius
2383 4112 2667 4163 consiliqu
2730 4111 3039 4179 speciosum
3098 4126 3203 4166 non
3244 4111 3609 4167 satisfaceret-

338 4207 467 4262 οὐκ
498 4207 662 4276 ὀλίγῳ
695 4202 762 4277 ἦν
790 4206 1061 4277 διαφέρων
1091 4208 1183 4259 καὶ
1222 4206 1430 4259 πολλῶν
1460 4206 1632 4259 ἄλλων
1654 4206 1674 4237 ³
1701 4206 1781 4267 είς
1808 4206 1932 4275 ἀρε-

2036 4200 2187 4253 Talia
2218 4200 2388 4254 multa
2413 4201 2602 4254 dicens
2645 4210 2697 4255 et
2730 4201 3012 4268 occinens,
3069 4203 3338 4270 persuasit
3380 4201 3618 4257 Marinus

337 4298 485 4366 τὴν,
517 4296 585 4349 τὰ
638 4296 694 4348 δὲ
741 4297 819 4357 είς
873 4295 1187 4363 φιλοσοφίαν
1232 4297 1431 4362 ἄγοντα
1461 4293 1806 4363 παρειμένος,
1840 4294 1932 4345 ἆτε

2036 4292 2238 4345 Isidoro
2263 4290 2377 4361 (29)
2404 4301 2463 4345 ut
2513 4294 2777 4360 reciperet
2822 4293 3098 4347 decretum
3147 4294 3215 4349 de
3250 4296 3615 4360 successione,

338 4387 504 4458 πρὸς
548 4386 717 4440 ταῦτα
761 4387 1041 4455 ἀνάγωγος
1070 4385 1146 4438 ὢν
1192 4386 1279 4438 διὰ
1321 4385 1416 4453 τὴν
1445 4385 1543 4437 οὐκ
1575 4384 1932 4437 ἀκολάκευτον

2045 4391 2098 4435 et
2128 4396 2412 4436 successor
2442 4392 2659 4436 creatus
2692 4393 2796 4446 est,
2824 4383 3038 4435 nomine
3101 4385 3267 4451 magis
3332 4400 3494 4452 quam
3532 4401 3618 4438 rc-

338 4477 627 4548 οπατρῴαν
653 4476 857 4540 οὐσίαν,
895 4478 1044 4546 ἱεράν
1089 4477 1145 4529 δὲ
1188 4478 1333 4544 ζωὴν
1363 4473 1820 4545 προϐεϐλημένος,
1862 4475 1932 4525 εἴ·

2048 4474 2187 4541 ipsa,
2214 4472 2503 4527 Platonicae
2538 4473 2820 4526 doctrinae.
2847 4473 2998 4540 Quod
3032 4474 3077 4527 si
3108 4474 3343 4528 divinior
3401 4489 3483 4527 res
3510 4487 3614 4536 est,

338 4587 473 4640 περ
503 4586 583 4632 τις
606 4569 808 4638 ἕτερος.
826 4567 885 4620 '0
913 4568 1010 4637 μὲν
1033 4568 1125 4621 οὖν
1148 4567 1431 4627 Εὑπείθιος
1454 4566 1812 4635 εὐφυέστερος
1841 4566 1932 4635 μὲν

2050 4576 2105 4619 ut
2134 4574 2188 4617 tu
2225 4565 2327 4627 ais,
2375 4563 2565 4635 Hegia,
2600 4563 2796 4636 3490
2849 4564 3086 4636 (dicebat
3129 4564 3199 4619 illi
3233 4563 3491 4634 Isidorus)
3534 4581 3619 4619 Sn-

339 4661 601 4730 ὶγένετο,
622 4660 690 4714 τά
717 4660 774 4713 δὲ
797 4658 903 4730 ἤθη
929 4660 1350 4729 ὲπισεσυρμένος
1375 4658 1453 4720 εἰς
1481 4656 1809 4725 ίδιωτισμὸν,
1834 4657 1932 4726 ἥδη

2042 4658 2333 4714 cerdotalis
2395 4659 2832 4721 administratio,
2889 4658 3027 4713 idem
3079 4672 3177 4730 ego
3237 4658 3475 4723 allirmo;
3523 4661 3619 4713 sul

1689 4811 1925 4867 VARle
1968 4811 2374 4871 LECTIONES.

437 4935 486 4966 ⁷⁸
525 4934 751 5005 χρῆσμα
786 4953 843 4999 ς’.
921 4938 965 4967 ⁷³
983 4936 1075 5005 τὸν
1112 4934 1169 4986 δὲ
1205 4933 1451 5005 βαίτυλον
1470 4934 1532 4987 Β.
1608 4934 1653 4965 ⁸ο
1688 4936 1803 5005 τοῖς
1832 4935 1922 5005 A7:
1952 4934 2044 4986 καὶ
2058 4936 2168 5005 τοῖς
2199 4953 2257 4999 ς.
2294 4945 2415 5005 post
2444 4933 2624 4996 ἄλλοις
2654 4948 2760 5005 mg.
2794 4934 2834 4984 Α
2867 4950 2880 4985 :
2915 4932 3045 5003 περὶ
3071 4932 3317 5005 τοιούτου
3341 4931 3616 5005 δαιμονίου

339 4998 575 5075 ἥκουσᾶ
616 4998 771 5071 κᾶγὼ
800 4998 856 5056 ἓν
904 5004 1110 5057 Ἑλλάδι
1153 4998 1304 5073 παρὰ
1342 5003 1449 5054 τῶν
1484 5005 1541 5054 ὲν
1570 5006 1681 5065 τοῖς
1717 5003 1809 5055 τοῦ
1859 5004 2144 5075 Παρνασοῦ
2209 4998 2422 5075 θέρεσιν
2458 4998 2854 5071 ὲμφαινομῖένου
2876 5016 2890 5031 ³
2924 4998 3139 5071 περὶοῦ
3172 5002 3264 5054 καὶ
3295 4998 3458 5071 ἕτερά
3499 5017 3618 5051 τινα

340 5075 773 5127 παραδοξότερα
800 5075 1005 5127 ἔλεγον.
1031 5073 1240 5127 σιωπῆς
1261 5072 1386 5127 ἄξια
1413 5072 1610 5127 μᾶλλον
1632 5072 1665 5127 ἢ
1690 5073 2040 5127 ἀφηγήσεως.
2115 5074 2159 5106 ’ί
2188 5021 2364 5127 reptet:
2389 5089 2495 5127 om.
2524 5074 2584 5126 Ο.
2663 5074 2710 5107 ⁸⁸
2739 5072 3033 5124 ἀνέϐλεπεν
3058 5090 3118 5127 ς.
3195 5072 3240 5103 ⁸³
3271 5070 3523 5127 δρώντων
3557 5069 3615 5120 ll.

340 5069 773 5159 ἷξαραδοξόξὶερα
800 5075 1005 5158 ἔλεγον,
1031 5069 1386 5159 σξωπῆςάςιμ
1413 5072 1619 5159 μᾶλλον
1632 5069 2040 5159 ῆιάφηγήσεκως.
2072 5074 2159 5159 ﬂ“
2188 5069 2502 5159 ditat-.5159");—
2524 5069 2584 5126 Ο.
2663 5069 3038 5159 ⁸²Μάνέϐλεπεν
3058 5090 3135 5159 ς.⁸
3195 5072 3240 5103 ⁸³
3271 5069 3523 5159 δρώντων
3557 5069 3615 5120 lt.

342 5144 408 5174 ’⁸⁸
445 5137 612 5211 φησὶν
642 5143 684 5195 Β
710 5137 727 5196 ἐ
750 5137 913 5210 φασὶν
939 5162 997 5207 ς’.
1071 5143 1117 5173 ⁸⁸
1146 5137 1424 5194 ἀνατέλλει
1445 5159 1504 5205 ς.
1573 5142 1619 5171 ⁸⁸
1651 5137 1833 5214 ἁλοὺς]
1865 5137 2039 5204 ἄλλως
2072 5141 2131 5196 Β.
2209 5137 2250 5174 π
2278 5142 2412 5197 ῶνΑ
2436 5162 2448 5197 :
2472 5137 2539 5213 ἦν
2564 5160 2624 5205 ς.
2701 5142 2746 5173 ⁸⁸
2766 5140 3081 5209 πληκτικῶν
3106 5142 3149 5195 Δ
3174 5158 3190 5195 :
3225 5137 3515 5194 πολιτικῶν
3556 5154 3617 5199 ς.

344 5216 408 5247 ⁸³
450 5229 511 5262 τε
543 5219 581 5263 Α
628 5231 639 5266 :
672 5215 791 5264 τότε
838 5230 897 5276 ς.
992 5213 1039 5244 ⁹⁰
1068 5210 1160 5263 τοῦ
1196 5211 1237 5263 Α
1282 5228 1295 5263 :
1338 5214 1430 5263 καὶ
1459 5209 1553 5262 τοῦ
1587 5228 1646 5273 ς.
1737 5212 1779 5241 ’⁸
1825 5213 1882 5262 οὺ
1919 5214 2041 5265 add.
2073 5212 2139 5265 A.
2232 5214 2277 5245 "
2320 5213 2497 5265 malim
2528 5210 2928 5279 ὲγανυσκόμην.
3003 5210 3047 5242 ⁸³
3071 5212 3157 5263 ἀεὶ
3197 5225 3304 5264 out.
3348 5208 3407 5261 Β.
3484 5208 3532 5238 ’⁸
3560 5208 3620 5258 τὸ

350 5281 529 5314 tri-:11."
571 5300 607 5314 ι-
704 5283 748 5314 Ἰ
776 5280 1137 5314 υηιπιιυειῗηειυ
1198 5280 1331 5314 ἢῖλᾶ
1352 5280 1527 5314 ,νηοῖς-’.ι
1556 5278 1596 5314 R
1689 5279 1736 5311 ’θ
1768 5278 1872 5314 ἦλα
1908 5280 2103 5314 Χεῗνηη
2143 5281 2169 5314 Δ
2218 5298 2231 5310 ο
2266 5281 2609 5314 ,δαημς-κείνην.
2643 5297 2683 5314 ι-
2806 5281 2848 5311 97
2880 5279 3181 5314 un‘kernmu
3300 5278 3346 5311 9⁸
3376 5276 3468 5314 λιιι,
3602 5291 3615 5303 ⁹

350 5281 532 5359 σῶμα
570 5300 628 5346 ς.
704 5283 748 5314 ’⁵
776 5275 1158 5334 κινδυνεύσειν.
1198 5280 1332 5332 ἀλλὰ
1352 5280 1527 5358 τούτῳ
1556 5278 1616 5332 Β.
1689 5279 1736 5311 ’⁸
1768 5278 1876 5364 άρα
1908 5280 2107 5349 δεῖγμα
2134 5281 2179 5334 Α
2218 5298 2234 5361 :_
2266 5275 2611 5352 παράδειγμα
2629 5297 2703 5361 ,ςκ
2803 5275 3200 5363 ’τ’κρήδεμνον.
3300 5278 3346 5311 ³⁸
3374 5276 3468 5400 ﬁgi
3487 5275 3572 5328 AC
3602 5291 3616 5327 :

345 5369 469 5421 του
496 5368 554 5413 ς.
587 5353 645 5403 τὸ
679 5354 755 5421 ρω
784 5348 939 5419 οἴμαι
970 5350 1171 5421 ὡραίου
1271 5350 1415 5420 ἱερου
1437 5350 1544 5401 δεῖν
1571 5349 2043 5421 ,ἀναγινωσκεσβαι
2099 5350 2363 5421 Mammus
2400 5350 2728 5421 Marguntus.
2784 5417 2805 5421 _
2832 5350 2876 5421 ἐξ
2916 5349 3373 5421 ᾷίῃλλαιυϐιον-οιιι..Δ
3420 5348 3618 5421 ,φῆμι-

345 5420 627 5490 τιὶϐιον]ἢ
668 5414 893 5489 τύμὸιόν
925 5422 990 5474 Α.
1019 5414 1031 5421 ’
1070 5414 1237 5490 Μείῗ
1271 5414 1544 5490 διιὶιιιιεμν.
1570 5414 1857 5490 Ἀρχιάδας
1879 5419 2238 5490 οιΕλύπείῢιος
2273 5431 2322 5472 et
2349 5414 2590 5490 Ἠγίαξε
2625 5421 2763 5472 unde
2784 5414 3035 5490 Leicliius
3062 5435 3113 5486 [ι.
3134 5416 3232 5471 XX
3275 5419 3303 5470 ὁ
3332 5418 3388 5472 δὲ
3428 5414 3621 5484 Ἦγίας

346 5489 433 5543 ἰδ
469 5487 577 5558 μὲν
602 5487 719 5543 ὅλον
738 5487 836 5543 τοῦ
872 5490 1078 5560 πατρὸς
1118 5488 1396 5559 Ἀρχιάδου
1432 5488 1553 5541 οὐκ.
1628 5490 1649 5520 ³
1682 5488 1891 5540 πολλῶν
1923 5488 2120 5560 ἄλλων]
2146 5490 2253 5542 τῶν
2283 5489 2494 5542 πολλῶν
2523 5487 2717 5543 Suidas
2746 5503 2797 5542 ν,
2833 5487 3138 5551 Εὐπείθιος.

1932 5620 2157 5676 ΝΟΤΑῗ.

443 5714 561 5786 (28)
594 5717 854 5776 Archidas
877 5720 1061 5791 llegia.
1102 5721 1231 5777 Vide
1266 5719 1505 5775 Suidatn.
2128 5714 2241 5785 (29)
2275 5714 2462 5770 Marini
2494 5728 2775 5771 successor
2798 5710 3053 5767 Isidorus.
