3924 6420
476 358 613 425 1295
1621 353 1887 415 PHOTII
1930 349 2440 410 mammam;
2481 350 2586 408 ει).
3553 351 3656 419 ηρθ

466 476 699 542 primum
742 472 994 530 homines
1044 487 1167 528 esse
1214 475 1344 528 deos
1391 472 1605 526 futuros
1674 482 1901 524 necesse
1941 475 2015 521 est

2110 466 2240 528 ,δὲι
2271 466 2364 520 καὶ
2407 464 2753 533 ἀτοπώτερον
2794 464 2932 534 ἔχων
2981 465 3014 535 ἢ
3061 464 3179 517 κατ’
3217 462 3659 534 ίδιώτην.’Ᾱσθενῶν

466 566 697 638 Ideoque
728 577 783 622 et
809 567 962 622 Plato
983 567 1120 621 dixit
1148 566 1323 634 majus
1342 570 1540 619 bonum
1565 562 1772 619 homini
1800 560 2015 615 accider

2151 556 2317 618 αὐτὸς
2346 555 2410 607 τὸ
2448 553 2611 624 σῶμα
2659 554 2753 607 καὶ
2790 554 2852 607 οὐ
2885 554 3078 625 πόρρω
3107 554 3296 605 τείνων
3319 555 3598 611 θανάτου.¹θ
3619 561 3662 612 δὲ

466 674 572 713 non
605 672 786 727 posse,
852 672 1015 726 quam
1064 656 1488 726 philosophiam.
1532 654 1638 709 Sed
1691 653 1799 708 hoc
1827 652 2015 722 coutigi

2149 645 2288 715 πρὸς
2322 645 2423 715 μὲν
2446 644 2510 697 τὸ
2542 643 2857 712 παραυτίκα
2887 641 3165 713 δυσχερῶς
3186 643 3378 713 ἤκουσε
3404 643 3488 714 τῆς
3512 645 3667 700 ἀπολο-

463 765 608 805 nunc
632 758 780 804 stare
819 748 931 820 (50)
962 749 1014 802 in
1044 750 1181 811 acie,
1210 763 1314 802 non
1358 750 1656 809 novaculae,
1705 746 1801 800 sed
1848 744 2012 796 ultim:

2147 738 2274 806 γίας
2297 777 2313 802 ,
2348 736 2443 791 ἆτε
2483 736 2571 809 [δὴ
2587 735 2632 808 ⁵]
2676 736 2751 805 μὴ
2787 736 2905 788 κατ’
2940 733 3164 797 ἐλπίδας
3207 733 3350 805 αὺτῷ
3379 739 3666 811 πραττούσης

471 858 659 897 revera
684 843 1005 898 senectutis.
1032 840 1325 911 lgnorabat
1353 857 1423 907 se
1444 840 1661 911 aggredi
1684 839 1750 892 ad
1771 838 2019 905 corrigen

2146 829 2249 899 τῆς
2282 826 2631 897 ἀγαθοειδοῦς
2668 825 3064 897 προαιρέσεως.
3093 824 3331 879 Τοιαῦτα
3359 826 3512 880 πολλὰ
3535 827 3670 896 λέγων

466 932 565 988 das
595 947 683 988 res
725 932 1054 988 incurabiles
1084 942 1140 986 et
1197 931 1587 1001 nequissimas,
1640 927 1774 983 nihil
1806 927 2008 996 ampliu

2155 938 2217 973 τε
2255 920 2350 973 καὶ
2384 919 2597 990 ἐπᾴδων
2627 917 2810 972 ἔπεισε
2842 919 2936 973 τὸν
2969 918 3245 1001 Ἰσίδωρον
3266 919 3293 971 ὁ
3322 916 3532 987 Μαρῖνος
3552 919 3673 984 δέξα-

474 1037 601 1077 vero
630 1024 880 1092 profecit.
904 1024 1040 1079 Vere
1072 1023 1313 1085 ineunte,
1358 1030 1572 1075 mortuo
1616 1018 1851 1081 Marino,
1881 1016 2021 1070 volui

2159 1012 2285 1065 σθαι
2314 1011 2376 1063 τὸ
2404 1011 2665 1081 ψήφισμα
2693 1011 2794 1080 τῆς
2819 1010 3073 1081 διαδοχῆς
3093 1026 3107 1041 ⁸
3140 1000 3245 1086 καξι
3266 1008 3517 1079 ἐψηφίσθη
3540 1010 3677 1064 διάδο.

472 1115 708 1169 Isidorus
735 1114 980 1168 Athenas
1028 1115 1326 1176 deserere;
1370 1109 1625 1164 monebat
1660 1121 1839 1164 autem
1867 1108 2021 1179 Syria

2156 1119 2248 1173 χος
2271 1102 2356 1155 ἐπ’
2382 1101 2653 1170 ἀξιώματι
2679 1102 2879 1172 μᾶλλον
2900 1103 2933 1173 ἢ
2958 1103 3244 1173 πράγματι
3268 1100 3364 1170 τῆς
3382 1100 3677 1171 Πλατωνικῆς

467 1219 598 1259 num
648 1212 703 1258 et
747 1202 968 1271 llegiam
1024 1199 1288 1265 lsidorus,
1333 1214 1497 1267 quam
1555 1197 1922 1253 necessarium
1956 1196 2016 1249 sit

2147 1192 2481 1264 ἐξηγήσεως.
2529 1190 2595 1245 El
2646 1191 2704 1245 δὲ
2740 1192 3015 1264 θειότερον
3064 1193 3251 1262 χρῆμα
3276 1233 3290 1257 ,
3328 1190 3398 1255 ὡς
3431 1192 3489 1244 σὺ
3517 1186 3679 1262 emt?)

467 1295 873 1369 philosophiam
902 1293 1170 1347 labentem
1204 1290 1515 1344 restituere.

2158 1284 2340 1354 Ἡγία,
2388 1283 2545 1352 ἐλεγε
2600 1286 2737 1353 πρὸς
2789 1284 2952 1338 αὐτὸν
3002 1285 3031 1337 ό
3072 1284 3356 1353 Ἰσίδωρος,
3398 1284 3429 1351 ή
3479 1284 3679 1353 ίερατικὴ

466 1398 843 1469 πραγματεία,
870 1396 1012 1466 φημὶ
1047 1396 1146 1465 μὲν
1169 1393 1328 1447 τοῦτο
1351 1390 1508 1462 κάγώ
1525 1409 1538 1424 ο
1565 1391 1701 1446 ἀλλά
1727 1391 1942 1463 πρῶτον
1971 1390 2292 1463 ἀνθρώπους
2316 1390 2568 1457 γενέσθαι
2594 1389 2719 1451 τοὺς
2741 1384 3032 1455 ἐσομένους
3093 1380 3247 1441 θεοὺς
3268 1378 3365 1432 δεῖ.
3425 1376 3511 1428 Διὰ
3560 1375 3683 1428 τοῦτο

471 1496 566 1546 καὶ
592 1495 621 1548 ὁ
648 1493 874 1547 Πλάτων
925 1491 1028 1561 ἔφη
1085 1490 1159 1561 μὴ
1194 1490 1369 1543 ὲλθεῖν
1400 1491 1478 1552 είς
1512 1487 1829 1558 ἀνθρώπους
1865 1488 2050 1558 μεῖζον
2087 1487 2295 1557 ἀγαθὸν
2326 1486 2664 1555 φιλοσοφίας.
2720 1481 2880 1536 Ἀλλά
2919 1477 3077 1532 τοῦτο
3123 1473 3430 1545 συμϐέὸηκε
3500 1469 3583 1524 νῦν
3614 1471 3683 1528 ἐπὶ

468 1587 632 1660 ξυροῦ
668 1587 885 1640 ἑστάναι
908 1586 970 1639 οὐ
1007 1586 1110 1654 τῆς
1153 1586 1366 1655 ἀκμῆς,
1396 1584 1489 1639 τοῦ
1518 1587 1573 1640 δὲ
1606 1586 1838 1656 ἐσχάτου
1865 1587 2048 1655 γήρως
2086 1586 2161 1649 ὡς
2191 1580 2736 1656 ἀληθῶς.Ἐλάνθανε
2785 1579 2842 1632 δὲ
2888 1573 3079 1629 ἑαυτὸν
3141 1567 3683 1660 ἀνίατα⁸ᾷπράγματι

465 1656 564 1735 καλ
610 1678 798 1751 πόρρω
843 1677 1146 1748 μοχθηρίας
1197 1676 1621 1747 προϐεϐηκότα⁷
1689 1676 2084 1749 διορθώσασθαι
2159 1676 2487 1748 ἐπιχειρῶν·
2524 1673 2729 1745 ήνυτε⁸
2774 1671 2829 1724 δὲ
2866 1667 3017 1722 οὐδὲν
3045 1663 3175 1717 ὲπὶ⁹
3204 1656 3513 1730 πλέον.Ἦρι
3539 1658 3587 1712 δὲ
3610 1660 3684 1727 ἀρ’

466 1774 706 1844 χομένφ,
735 1771 830 1826 τοῦ
877 1772 1125 1842 Μαρίνου
1174 1771 1236 1823 τὸ
1278 1771 1438 1841 σῶμα
1485 1770 1863 1833 ἀπολιπόντος,
1902 1770 2220 1824 ἐϐουλεύετο
2257 1771 2355 1834 τὰς
2393 1770 2625 1839 Ἀθήνας
2659 1765 2947 1820 ἀπολιπεῖν
2978 1763 3007 1814 ό
3080 1757 3368 1827 Ἰσίδωρος.
3403 1752 3613 1825 Παρῂνει
3644 1752 3684 1806 δέ

468 1874 730 1941 Συριανδν
755 1870 846 1922 καὶ
880 1868 1075 1938 Ἦγίαν
1102 1869 1130 1920 ό
1170 1868 1440 1939 Ἰσίδωρος
1484 1867 1560 1931 ώς
1592 1868 1768 1941 χρεὼν
1806 1867 1891 1938 εἴη
1935 1867 2253 1937 φιλοσοφίαν
2293 1866 2668 1939 ὑπορρέουσαν
2706 1857 3108 1927 ἀνασώσασθαι.

471 1964 603 2028 Quae
656 1959 823 2014 verbis
874 1970 1063 2013 ornata
1117 1962 1480 2028 prazlermissa
1522 1971 1681 2031 sunt,
1728 1978 1789 2016 ea
1848 1978 2020 2016 necess

2162 1965 2320 2016 Ὅσα
2342 1962 2611 2031 παρεῖται
2645 1960 2685 1990 ¹⁰
2712 1957 2920 2031 χρεὼν-
2960 1953 3090 2019 ταῖς
3133 1948 3409 2031 {ialm-air;
3452 1944 3687 2000 συντετά-

844 2039 920 2083 (st
942 2046 1058 2082 cum
1102 2022 1361 2098 excerptis
1411 2022 1681 2100 conjungi.
2096 2022 2115 2023 ί

2096 2022 2115 2023 7
2423 2022 2439 2031 ⁷
2519 2036 2653 2101 χθαι
2706 2022 3102 2082 ἇιῖιλλιέπειαν
3148 2022 3386 2091 ἔχοντα.

541 2122 645 2177 Per
672 2130 844 2175 artem
883 2119 1172 2189 quamdam
1208 2121 1452 2185 dubiam,
1485 2130 1539 2174 et
1582 2130 1735 2174 extra
1767 2118 2056 2172 humanam

2229 2126 2328 2178 Διά
2368 2124 2615 2197 μηχανῆς
2645 2137 2791 2185 τινος
2844 2117 3047 2189 ἀπόρου
3096 2112 3191 2168 καὶ
3224 2108 3555 2182 ἀνθρωπίνης
3574 2107 3687 2160 ἐλπί-

473 2230 629 2286 spem
672 2213 1048 2275 constitutam,
1096 2212 1150 2265 in
1202 2212 1428 2266 secretis
1470 2226 1668 2265 arcana
1703 2226 1804 2280 pro
1838 2226 1895 2265 se
1927 2212 2022 2280 ipsi

2158 2218 2245 2281 δος
2269 2216 2373 2280 ἔξω
2400 2211 2804 2281 καθεστηκυίας
2839 2209 2897 2263 ὲν
2944 2205 3284 2277 ἀπορρήτοις
3333 2200 3402 2255 τὰ
3451 2199 3688 2269 ἀπόρρητα

472 2306 667 2360 divinae
696 2305 811 2372 Spei
838 2313 1162 2372 quaerentes,
1192 2314 1247 2357 et
1282 2319 1378 2372 pro
1411 2303 1534 2358 aliis
1569 2302 1861 2374 Egyptiis,
1892 2303 2021 2356 totiu

2158 2304 2677 2379 διαμηχανωμένους
2707 2302 2849 2372 ὑπέρ
2881 2316 2940 2353 τε
2966 2296 3118 2365 σφῶν
3147 2293 3328 2348 αὐτῶν
3358 2291 3456 2361 τῆς
3480 2289 3689 2360 οὐρανίας

471 2398 699 2452 ordinis.
737 2395 840 2449 Sed
884 2395 1008 2448 hinc
1048 2395 1293 2450 alicunde
1331 2409 1359 2448 a
1404 2395 1566 2449 tertio
1593 2407 1737 2459 ortu,
1776 2395 1868 2464 qui
1911 2395 2020 2449 circ

2161 2400 2374 2463 ἐλπίδος
2430 2399 2527 2452 καὶ
2580 2397 2721 2465 ὑπὲρ
2776 2392 2887 2447 τῶν
2932 2391 3108 2446 ἄλλων
3138 2385 3459 2456 Αἰγυπτίων
3484 2382 3570 2451 τῆς
3595 2382 3690 2448 ὅλης

472 2488 733 2541 mundum
783 2493 867 2540 est
918 2486 1086 2555 ligare
1148 2485 1329 2540 funem
1387 2496 1653 2541 revocatte
1711 2486 2021 2542 servationis

2161 2491 2556 2563 εὐθημοσύνης.
2603 2487 2743 2541 Ἀλλ’
2775 2482 3025 2540 ἐντεῦθέν
3063 2480 3228 2534 ποθεν
3276 2479 3387 2532 ἀπ’)
3431 2474 3688 2545 τῆςτρίτης

473 2580 709 2634 Severus
738 2577 999 2648 patricius
1037 2576 1316 2632 Romanus
1349 2586 1405 2632 et
1445 2577 1551 2632 alia
1588 2577 1846 2631 narrabat
1885 2576 2021 2630 mult

2160 2583 2253 2634 ml.
2286 2580 2643 2650 περικοσμίου
2677 2577 2945 2646 γενέσεως
2972 2569 3349 2643 ἀναδήσασθαι
3379 2567 3443 2621 τὰ
3462 2566 3690 2635 πείσματα

472 2673 814 2727 Alexandriae
868 2686 1054 2739 agens,
1090 2679 1144 2724 et
1192 2670 1423 2740 lapidem
1465 2685 1524 2725 se
1571 2671 1793 2735 vidisse,
1848 2670 1900 2724 in
1950 2684 2021 2740 qu

2158 2673 2258 2742 τῆς
2290 2671 2576 2739 ἀναγωγοῦ
2636 2668 2930 2739 σωτηρίας.
2988 2664 3098 2720 Καὶ
3170 2662 3234 2734 δὴ
3296 2660 3548 2731 Σεδῆρος,
3587 2656 3690 2729 ἀνὴρ

475 2764 617 2816 luna:
648 2770 801 2815 erant
828 2770 1101 2814 mutantes
1123 2760 1271 2814 varie
1292 2761 1518 2814 formam
1546 2762 1840 2815 secundum
1865 2759 2024 2815 solem

2158 2761 2261 2831 τῆς
2300 2760 2519 2830 Ῥώμης
2559 2759 2871 2829 πατρίκιος,
2901 2753 3037 2809 ἀλλα
3061 2769 3121 2806 τε
3149 2751 3393 2821 διηγεῖτο
3415 2749 3471 2800 ὲν
3500 2746 3692 2811 Ἀλεξαν·

473 2854 800 2925 quandoque
847 2858 1177 2914 crescentes,
1218 2851 1487 2905 interdum
1530 2852 1941 2914 decrescentes;
1976 2850 2022 2904 la

2159 2853 2313 2926 δρείᾳ
2359 2851 2816 2919 συνδιαιτώμενος
2851 2848 2928 2912 ¹¹,
2976 2846 3067 2899 καὶ
3099 2846 3181 2915 ὅτι
3212 2842 3365 2897 λίθον
3402 2839 3631 2895 ἐθεάσατο
3652 2838 3693 2889 ὲν

473 2945 587 3014 pidi
619 2944 741 3012 ipse
764 2942 931 2997 etiam
963 2941 1047 2995 sol
1069 2940 1265 2996 iuerat.
1297 2941 1452 2997 Unde
1480 2942 1730 2995 dicuntur
1763 2940 1816 2994 hi
1854 2940 2022 3008 lapide

2159 2939 2204 3015 ᾧ
2235 2945 2467 3016 σελήνης
2493 2943 2704 3013 ἐγίνετο
2731 2941 2987 3012 σχήματα
3028 2934 3554 3009 μεταμορφουμένης
3587 2949 3692 2983 παν-

476 3035 746 3105 synoditae
778 3032 961 3087 vocari
997 3050 1011 3086 :
1040 3041 1094 3086 et
1128 3032 1264 3086 dixit
1298 3046 1355 3087 se
1380 3032 1541 3086 etiam
1566 3032 1797 3086 solarem
1830 3032 2025 3101 lapider

2158 3041 2281 3092 τοῖα
2319 3038 2437 3108 μὲν,
2471 3037 2655 3093 ἄλλοτε
2681 3035 2725 3088 δ’
2752 3033 2890 3089 ἄλλα
2920 3031 3057 3103 πρὸς
3116 3030 3267 3100 ἣλιον
3302 3026 3590 3097 αὐξομένης
3625 3024 3692 3075 καὶ

474 3120 703 3184 vidisse,
737 3134 841 3172 non
885 3118 1097 3187 qualem
1136 3118 1289 3173 multi
1333 3120 1586 3187 vidimus,
1636 3120 1815 3174 radios
1847 3137 1912 3174 cx
1942 3136 2023 3175 ses

2164 3126 2499 3198 μειουμένης
2544 3126 2736 3180 ἐνόντα
2781 3123 2860 3193 τῷ
2926 3121 3059 3192 λίθῳ
3110 3120 3203 3173 καὶ
3243 3119 3410 3173 αὑτὸν
3438 3118 3522 3170 τὸν
3550 3117 3692 3186 ἥλιον·

475 3224 672 3265 aureos
699 3210 1090 3277 ell'undentem,
1119 3210 1215 3265 sed
1249 3210 1456 3265 discum
1492 3210 1621 3266 solis
1655 3212 1826 3266 forma
1860 3213 1913 3265 in
1944 3228 2024 3267 me

2160 3216 2283 3270 ὅθεν
2306 3219 2339 3286 ή
2361 3218 2515 3287 φήμη
2548 3217 2676 3279 τοὺς
2699 3214 2973 3278 τοιούτους
2989 3213 3171 3277 λίθους
3193 3212 3352 3265 καλεῖ
3378 3209 3628 3270 συνοδίτας
3646 3208 3690 3259 “.

475 3302 566 3355 dio
594 3300 772 3370 lapide
804 3316 946 3364 esse,
979 3311 1034 3356 et
1070 3302 1196 3357 inde
1229 3301 1370 3370 ignis
1401 3302 1615 3372 globum
1646 3303 1841 3371 videri,
1877 3307 1946 3358 ab
1973 3303 2023 3357 ill

2164 3307 2275 3359 Kal.
2306 3307 2496 3377 ήλίτην
2524 3307 2583 3360 δὲ
2613 3306 2762 3360 λίθον
2788 3306 2973 3374 ἔλεγεν
3004 3305 3337 3374 ἑωρακέναι,
3384 3303 3480 3372 οὐχ
3527 3297 3622 3353 οἷον
3658 3298 3694 3350 οί

473 3406 604 3446 vero
642 3392 822 3447 radios
868 3392 1110 3458 exsilire,
1164 3408 1335 3463 usque
1389 3394 1454 3448 ad
1512 3393 2011 3450 circumferentiam

2166 3398 2354 3452 πολλοὶ
2403 3399 2751 3470 ἑωράκαμεν,
2790 3398 3018 3460 ἀκτῖνας
3077 3394 3430 3464 διαφαίνοντα
3484 3392 3579 3445 ἀπὸ
3626 3388 3694 3441 τοῦ

474 3497 598 3539 esse
644 3483 790 3538 enim
826 3484 1103 3554 globosum
1137 3493 1191 3538 et
1251 3485 1517 3553 integrum
1555 3486 1808 3556 lapidem.
1851 3484 2023 3541 Vidiss

2167 3490 2364 3559 βάθους
2421 3491 2758 3561 χρυσίδιτας,
2820 3487 2954 3541 ἀλλά
3013 3488 3195 3541 δίσκον
3222 3487 3462 3557 ἡλιοειδῆ
3492 3485 3695 3553 κείμενον

474 3585 534 3630 et
577 3575 826 3632 lunarem
870 3592 976 3632 non
1012 3593 1149 3646 aqua
1185 3588 1539 3645 maceratum,
1572 3577 1663 3647 qui
1693 3578 1886 3634 deinde
1914 3578 2013 3632 csh

2167 3584 2334 3653 μέσον
2366 3581 2460 3635 τοῦ
2488 3581 2658 3648 λίθου,
2695 3585 2932 3652 σφαῖραν
2985 3579 3210 3633 αὐτόθεν
3244 3579 3421 3648 πυρὸς
3456 3576 3527 3639 ὡς
3558 3576 3692 3628 ίδείν·

476 3666 572 3723 bet
604 3666 887 3732 lunulam,
944 3678 997 3722 et
1048 3668 1167 3723 ideo
1219 3668 1589 3738 aquilunarem
1634 3679 1932 3724 vocatum:
1967 3684 2023 3723 se

2162 3673 2259 3733 ἀπ’
2287 3674 2456 3744 αὐτῆς
2478 3674 2538 3728 δὲ
2582 3675 2683 3737 τὰς
2716 3675 2963 3737 ’ἀκτῖνας
3018 3671 3359 3742 ὲκθριῦσκειν
3397 3668 3498 3730 ἕως
3522 3668 3603 3719 ἐπὶ
3626 3666 3696 3733 τὴν

478 3769 670 3814 natura
705 3775 765 3816 se
796 3769 1098 3815 vertentem
1133 3762 1430 3815 secundum
1478 3769 1659 3816 motus
1699 3760 1861 3815 lunae.
1899 3759 2027 3815 Mira

2165 3766 2318 3820 ῐτυνο
2371 3764 2511 3821 εῖναι
2569 3767 2681 3838 γάρ
2728 3765 3042 3835 σφαιροειδῆ
3089 3763 3182 3816 καὶ
3247 3762 3372 3815 ὅλον
3437 3761 3523 3812 τὸν
3566 3758 3695 3810 λίθον.

476 3847 585 3903 bile
610 3858 693 3903 est
715 3848 819 3905 hoc
853 3864 987 3920 Opus
1017 3859 1245 3916 natura,
1279 3853 1371 3906 sed
1400 3851 1566 3905 multa
1595 3851 1824 3907 obscura
1857 3861 1914 3906 et
1950 3866 2020 3905 no

2160 3860 2313 3914 Ἰδεῖν
2368 3861 2427 3914 δὲ
2472 3862 2567 3915 καὶ
2624 3860 2929 3931 σεληνίτην,
2983 3861 3042 3912 οὐ
3072 3858 3163 3910 τὸν
3190 3856 3348 3909 ὕδατι
3392 3852 3696 3923 τεγγόμενον,

478 3937 832 4009 iutelligibilia
864 3941 930 3994 de
968 3955 1033 3995 eo
1079 3951 1392 3995 narrantur.
1425 3940 1576 3996 Multi
1611 3942 1801 3997 dicunt
1834 3942 2027 4012 periiss

2163 3952 2289 4025 [569
2322 3952 2413 4025 [1.]
2448 3949 2566 4008 εἶτα
2595 3953 2924 4021 ὲκφαίνοντα
2942 3951 3031 4004 τὸν
3057 3949 3345 4022 μηνίσκον,
3370 3947 3464 3999 καὶ
3482 3946 3561 3998 διὰ
3578 3941 3698 3995 τοῦτο

475 4028 808 4101 Αῑεγριίιιιη.
846 4030 1012 4086 Fama
1048 4041 1228 4087 tamen
1264 4034 1455 4088 salutis
1482 4032 1683 4104 350a
1724 4034 1913 4088 nuntia
1940 4038 2024 4089 vul

2162 4045 2581 4117 ὑδροσεληνίτην
2642 4045 2995 4116 καλούμενον,
3058 4042 3192 4097 ἀλλά
3247 4040 3394 4095 κατὰ
3457 4039 3602 4110 φύσιν
3628 4032 3700 4101 τὴν

476 4123 726 4191 gabatur,
775 4134 829 4178 et
875 4122 1103 4179 forsitan
1154 4140 1240 4180 res
1284 4126 1650 4181 involuntaria
1694 4129 1785 4194 sit,
1832 4136 1887 4182 et
1917 4128 2025 4182 idet

2162 4134 2356 4189 ἑαυτοῦ
2392 4136 2728 4206 τρεπόμενον
2759 4136 2844 4188 ὅτε
2875 4136 2970 4189 καὶ
2990 4134 3136 4194 ὅπως
3164 4133 3198 4203 ή
3229 4131 3431 4202 σελήνη
3470 4129 3697 4199 τρέποιτος

478 4214 712 4270 fortasse
740 4215 905 4271 etiam
940 4217 1103 4273 rebus
1135 4218 1535 4275 immortalibus
1576 4220 1773 4274 accidit
1806 4235 1821 4274 :
1854 4220 2020 4289 optim

2157 4225 2462 4296 θαυμάσιον
2517 4228 2705 4299 χρῆμα
2757 4226 2913 4279 τοῦτό
2994 4242 3057 4292 γε
3121 4224 3359 4292 φύσεως.
3416 4218 3615 4289 Τυφλῆς
3659 4212 3701 4266 δὲ

477 4321 726 4373 monens,
766 4316 820 4361 et
857 4308 1107 4365 oratione
1156 4311 1379 4365 hortans
1420 4325 1516 4366 eos
1544 4310 1638 4381 qui
1667 4310 1720 4365 in
1751 4325 1914 4381 opere
1942 4321 2026 4367 tor

2158 4317 2252 4371 καὶ
2307 4317 2555 4388 ἀσαφοῦς
2575 4318 2673 4389 τῆς
2723 4319 2913 4389 φήμης
2969 4315 3480 4385 περιπλανωμένης.
3527 4311 3579 4373 Ὁ
3626 4306 3700 4376 μὲν

475 4409 782 4468 pescerent.
2159 4406 2255 4463 οὖν
2308 4409 2559 4474 πλεῖστος
2608 4410 2765 4479 λόγος
2804 4409 3141 4463 ἀπολωλέναι
3187 4407 3281 4461 τὸν
3311 4405 3619 4475 Αίγύπτιον.
3645 4398 3703 4451 δι·

479 4494 708 4565 εφέρετο
757 4494 814 4549 δὲ
863 4496 1013 4566 ὅμως
1069 4498 1163 4551 καὶ
1214 4495 1491 4568 σωτηρίας
1540 4513 1621 4559 τις
1652 4495 1886 4565 ἄγγελος
1916 4499 2097 4571 φήμη.
2162 4504 2273 4558 Καὶ
2318 4505 2461 4575 τάχα
2493 4505 2559 4559 ἂν
2586 4506 2679 4576 ἥδε
2715 4507 2750 4576 ή
2802 4505 2950 4575 πάθη
2975 4502 3334 4576 ἀπροαίρετος
3371 4501 3439 4555 ἂν
3466 4499 3578 4568 είη,
3630 4506 3701 4554 καὶ

476 4581 563 4639 διὰ
594 4586 756 4640 τοῦτο
792 4587 1080 4659 συμὸαινοι
1134 4589 1203 4643 ἂν
1260 4590 1390 4653 ἴσως
1456 4588 1553 4642 καὶ
1611 4591 1729 4653 ταῖς
1805 4592 2125 4661 ἀκηράτοις.
2170 4596 2250 4649 Τὰ
2288 4597 2537 4666 βέλτιστα
2556 4598 2859 4669 παραινῶν,
2882 4597 2977 4651 καὶ
3008 4595 3326 4667 παροξύνων
3351 4592 3429 4665 τῷ
3456 4592 3589 4662 λόγῳ
3604 4586 3700 4648 τοὺς

477 4680 537 4730 ὲν
572 4677 650 4747 τῷ
679 4677 824 4747 ἔργῳ
855 4678 1237 4748 βλακεύοντας.
1356 4680 1359 4685 ’

551 4767 688 4822 Cum
733 4778 842 4824 tres
872 4771 982 4824 sint
1008 4772 1203 4825 animae
1237 4774 1469 4841 species,
1502 4773 1700 4842 triplex
1734 4773 1896 4854 etiam
1922 4775 2100 4844 poli-1

2237 4773 2551 4846 ’Ότιτριων
2598 4773 2770 4827 ὅντων
2801 4772 2956 4826 εἰδῶν
3002 4771 3099 4842 τῆς
3148 4768 3348 4840 ψυχῆς,
3382 4764 3565 4840 τριττὴ
3581 4762 3697 4854 καὶὴ

482 4860 601 4913 ticte
646 4861 810 4924 ratio,
858 4876 1087 4928 quarum
1133 4864 1386 4931 quaelibet
1425 4873 1535 4919 tres
1582 4864 1702 4919 illas
1736 4851 1921 4927 habet.
1960 4882 2031 4920 εει

2165 4867 2430 4934 πολιτεία,
2454 4868 2549 4923 καὶ
2587 4865 2701 4938 ἔχει
2731 4868 2829 4937 μὲν
2882 4865 3086 4936 ἑκάστη
3125 4863 3226 4927 τάς
3257 4863 3431 4934 τρεῖς,
3456 4856 3606 4933 [1068
3628 4851 3700 4922 Βο]

476 4968 582 5006 una
613 4956 880 5022 prmcipua
908 4953 1086 5009 forma
1127 4966 1230 5021 est,
1259 4972 1288 5010 a
1311 4972 1414 5025 qua
1444 4957 1763 5026 appellatur,
1798 4974 1860 5013 ac
1885 4958 2022 5028 prim

2164 4959 2282 5013 ἀλλ’
2322 4960 2403 5014 ἑνὶ
2458 4957 2852 5029 διαμορφοῦται
2883 4958 2978 5013 καὶ
3027 4953 3349 5025 ὀνομάζεται
3388 4950 3467 5020 τῷ
3509 4949 3702 5016 ἐπικραο

476 5045 695 5113 quidem
731 5048 997 5100 ratiouem
1036 5058 1223 5102 secula
1253 5063 1336 5103 est
1367 5051 1582 5114 ducem,
1612 5050 1913 5121 cuiusmodi
1945 5050 2025 5104 vit

2162 5050 2369 5107 τοῦντι.
2428 5051 2540 5104 Kal.
2595 5051 2738 5121 λόγῳ
2786 5052 2886 5121 μὲν
2936 5049 3193 5111 ἰθύνεται,
3244 5045 3374 5107 ὼςὸ
3408 5042 3498 5095 ἐπὶ
3526 5039 3698 5109 Κρόνου

473 5143 524 5186 et
554 5136 859 5204 respublica
887 5136 988 5190 sub
1020 5134 1255 5193 Saturno
1277 5138 1399 5205 fuit,
1422 5154 1542 5208 qua
1564 5155 1725 5193 aurea
1754 5150 1888 5195 astas
1922 5141 2022 5194 dici

2163 5140 2297 5211 βίος,
2330 5144 2363 5213 ἡ
2394 5141 2666 5211 λεγομένη
2697 5141 2873 5213 χρυσῆ
2896 5138 3078 5208 γενεὰ,
3105 5138 3219 5209 ἢτὸ
3247 5136 3386 5190 θεῶν
3406 5132 3698 5203 mth

474 5233 583 5293 tur,
616 5230 700 5285 vel
726 5246 894 5299 genus
919 5233 1226 5299 proximum
1254 5232 1376 5298 diis,
1400 5240 1458 5286 ut
1482 5230 1675 5286 fabula:
1703 5233 1859 5287 modo
1882 5242 2023 5301 poet:

2161 5233 2340 5301 γένος,
2368 5228 2457 5289 οἶα
2484 5234 2543 5287 ὲν
2574 5235 2815 5306 σχήματι
2869 5231 3040 5301 μύθου
3089 5229 3445 5299 σεμνύνουσιν
3491 5224 3538 5276 οἱ
3564 5223 3614 5274 ἐν
3639 5216 3697 5285 τῷ

1788 5366 2020 5421 νΑηιιλΕ
2062 5365 2359 5423 LECTION
2369 5370 2469 5424 ES.

544 5454 566 5485 ⁸
596 5454 674 5526 δὲ]
698 5454 759 5507 δέ
787 5472 840 5507 τι
873 5456 947 5510 id.
1024 5457 1045 5487 ⁸
1073 5456 1139 5525 δὴ
1168 5471 1277 5508 om.
1322 5454 1432 5511 AC.
1507 5457 1529 5480 “
1555 5456 1773 5528 ἀνίατα]
1812 5458 1924 5511 ἀνω
1952 5459 2021 5511 τά
2054 5460 2117 5513 Α.
2194 5460 2212 5489 ⁷
2245 5460 2452 5528 προὸεϐ
2494 5460 2628 5516 κότα
2664 5476 2776 5515 om.
2952 5457 2973 5489 ⁸
3001 5459 3160 5529 ήνυτε
3181 5455 3222 5509 Β
3254 5470 3266 5505 :
3298 5454 3425 5522 ἤνυε
3456 5467 3513 5533 Ξ.
3584 5446 3601 5474 ⁹
3626 5440 3698 5516 ἐπὶ

548 5525 600 5577 tl.
625 5525 692 5577 Α.
770 5526 812 5556 ⁸⁸
844 5527 1133 5584 παρεῖνται
1172 5523 1232 5577 B.
1313 5525 1351 5554 “
1405 5525 1852 5584 συνδιαιτώμενος
1894 5532 1961 5584 Α.
2001 5528 2414 5584 ἐνδιαιτώμενος
2456 5478 2503 5584 Ε
2540 5547 2554 5584 :
2600 5529 3068 5584 συνδιαιτούμενος
3095 5545 3152 5584 ς’.
3233 5526 3271 5555 ¹²
3320 5512 3607 5583 συνοοιτας]
3638 5514 3695 5564 εί·

478 5524 600 5578 adtl.
625 5512 692 5577 Κ.
770 5526 812 5556 ⁸⁸
844 5512 1139 5595 παρεῖνταί
1172 5523 1232 5577 B.
1313 5525 1351 5554 “
1405 5512 1852 5596 συνδιαιτώμένος
1894 5532 1961 5592 Α,
2001 5512 3068 5599 ἐνδιαιτώμενοςἷζε-συνδιαιτώμενος
3095 5545 3152 5592 ς.
3233 5526 3271 5555 ¹²
3320 5512 3607 5583 συνοδίτας]
3638 5512 3695 5564 cl.

481 5591 797 5650 Boissonad.
836 5594 1030 5648 Maria.
1063 5610 1114 5665 p.
1148 5595 1239 5649 90.

1881 5727 1890 5739 .
1981 5688 2205 5744 NOTAE.

551 5777 664 5846 (50)
686 5778 821 5833 Vide
858 5782 1000 5847 apud
1029 5781 1240 5836 Platon.
1270 5791 1325 5835 et
1351 5782 1602 5850 proverb.
