3924 6442
316 417 456 485 I297

1349 428 1872 488 BIBIJOTHECA.
1914 454 1983 467 --
2022 432 2184 493 COD.
2228 433 2501 493 CCXLII.

3439 434 3579 500 1298

304 532 525 602 τρίποδι
553 533 652 604 τῆς
678 533 902 603 Μούσης
935 536 1237 608 καθήμενοι
1288 541 1528 609 ποιηταί.
1561 540 1730 611 Θυμῷ
1753 541 1809 595 δὲ
1842 541 1883 573 ¹³

1991 542 2041 596 in
2063 542 2273 612 tripode
2300 558 2464 597 musae
2481 543 2733 599 sedentes
2753 542 2991 599 tradunt.
3017 543 3133 599 Alia
3152 558 3274 615 quae
3295 543 3576 601 iracundia

302 627 730 698 διανισταμένην
784 628 1063 684 πολιτείαν
1089 631 1190 703 τὴν
1218 632 1313 685 ἐπὶ
1338 632 1609 703 πολέμους
1656 636 1753 688 καὶ
1789 635 1892 706 μά-

307 739 433 791 χας,
462 722 561 775 καὶ
593 722 671 785 ὡς
724 723 934 778 ἐπίπαν
962 725 1153 793 φάναι,
1182 727 1283 794 τὴν
1323 726 1455 797 περὶ
1486 726 1770 797 πρωτείων
1797 728 1893 780 καὶ

304 806 911 887 ὥξηςάγωνιζομένην,
936 817 1053 871 οἵαν
1076 817 1120 849 ⁸⁸
1138 817 1395 886 γενέσθαι
1416 818 1512 887 τὴν
1525 819 1616 871 ἐπὶ
1634 822 1731 890 τῆς
1757 820 1891 872 ἰστο-

307 904 438 973 ρίας
469 904 732 959 ἑκάστοτε
750 906 1124 980 θρυλουμένην
1138 908 1430 979 ἀκούομεν.
1455 910 1817 981 Ἐπιθυμίᾳ¹⁸
1832 911 1890 965 δὲ

304 996 410 1063 τὴν
444 997 697 1067 πανταχῆ
720 997 1078 1069 διαρῤέουσαν
1103 999 1197 1053 καὶ
1227 999 1333 1053 ὐπὸ
1359 1002 1570 1072 τρυφῆς
1589 1003 1888 1057 ἀκολάστου

301 1084 731 1159 διεφθαρμένην,
783 1091 1015 1144 ταπεινά
1066 1088 1164 1144 καὶ
1217 1095 1505 1161 γυναικεῖα
1560 1094 1885 1165 φρονοῦσαν,

302 1177 483 1245 δειλίᾳ
504 1179 752 1234 σύνοικον
775 1183 867 1235 καὶ
888 1181 945 1234 ἐν
966 1181 1112 1254 πάσῃ
1148 1182 1341 1253 ύηνείᾳ
1372 1184 1415 1216 ⁸⁵
1440 1184 1887 1254 καλινδουμένην,

305 1271 707 1342 φιλοχρήμονα,
740 1274 1114 1343 μικροπρεπῆ,
1166 1274 1441 1328 δουλεύειν
1481 1275 1739 1342 ἀσφαλῶς
1769 1277 1889 1330 ἐθέ-

305 1364 508 1417 λουσαν
540 1365 605 1427 “,
664 1366 750 1418 οἵα
776 1366 885 1418 τῶν
909 1367 968 1418 ἐν
996 1367 1062 1435 τῇ
1090 1365 1187 1419 νῦν
1214 1366 1426 1433 γενέσει
1456 1367 1889 1437 πολιτευομένων

304 1458 344 1528 ἡ
397 1456 532 1525 ζωή.
602 1456 1016 1527 Προθυμότατος
1062 1458 1141 1521 εἰς
1167 1458 1478 1528 ἀποδημίαν
1526 1458 1589 1510 οὐ
1640 1460 1739 1529 τὴν
1780 1459 1887 1529 μά-

303 1562 463 1601 ταιον
510 1546 605 1598 καὶ
660 1545 977 1614 τρυφῶσαν,
1008 1546 1087 1609 εἰς
1130 1544 1448 1616 ἀνθρώπινα
1482 1545 1890 1617 οἰκοδομήματα

308 1638 407 1691 καὶ
447 1637 654 1707 μεγέθη
690 1638 786 1690 καὶ
818 1638 992 1708 κάλλη
1025 1636 1235 1691 πόλεων
1265 1637 1678 1708 διαχαίνουσαν·
1708 1638 1893 1691 ἀλλἐἴ

308 1732 413 1782 πού
451 1746 505 1783 τι
541 1729 853 1799 θαυμαστὸν
878 1729 1173 1800 ἀκήκοενῆ
1228 1729 1576 1801 ἰεροπρεπὲς,
1614 1731 1818 1799 ἀφανὲς
1844 1731 1888 1763 ¹⁸

304 1821 342 1891 ἢ
367 1821 534 1890 φανὸν
568 1821 633 1886 ",
666 1821 942 1892 αὐτόπτης
970 1820 1235 1890 ἠϐούλετο
1262 1821 1516 1890 γενέσθαι
1549 1822 1644 1875 τοῦ
1671 1822 1889 1892 θαύμα-

300 1888 417 1975 τος.
448 1912 628 1982 Αὐτὴν
650 1911 707 1965 δὲ
736 1911 833 1983 τὴν
849 1888 1028 1982 ψυχὴν
1051 1914 1109 1966 ἐν
1132 1915 1254 1974 ταῖς
1276 1888 1460 1983 Ἵίεραῖς
1512 1914 1696 1983 εὐχαῖς
1749 1888 1885 1984 πρὸς
1920 1888 1963 1943 Β

299 2003 426 2058 ὅλον
486 2002 547 2056 τὸ
596 2002 740 2058 θεῖον
782 2004 1021 2072 πέλαγος
1076 2003 1254 2073 ἔλεγε,
1308 2004 1376 2057 τὰ
1410 2004 1507 2074 μὲν
1534 2006 1728 2075 πρῶτα
1755 2023 1881 2058 συν-

300 2095 671 2167 αγειρομένην
695 2096 804 2150 ἀπὸ
854 2094 952 2150 τοῦ
1005 2095 1259 2167 σώματος
1285 2098 1365 2160 είς
1392 2097 1609 2168 ἑαυτήν,
1643 2094 1801 2161 αὖθις
1828 2099 1884 2152 δὲ

298 2186 667 2257 ἐξισταμένην
695 2187 805 2242 τῶν
853 2187 999 2241 ἰδίων
1045 2188 1192 2258 ἠθῶν
1223 2188 1318 2242 καὶ
1365 2188 1756 2259 ἀναχωροῦσαν
1776 2189 1885 2243 ἀπὸ

294 2277 411 2330 τῶν
440 2277 675 2345 λογικῶν
705 2278 926 2333 ἐννοιῶν
962 2279 1055 2332 ἐπὶ
1094 2280 1193 2343 τὰς
1242 2279 1321 2351 τῷ
1355 2281 1431 2350 νῷ
1474 2283 1779 2349 συγγενεῖς,
1819 2284 1882 2335 ἐκ

299 2366 345 2419 δ’
368 2366 441 2421 αὖ
479 2368 679 2439 τρίτων
729 2368 1092 2424 ἐνθουσιῶσαν
1136 2373 1228 2425 καὶ
1274 2373 1757 2444 παραλλάττουσαν
1804 2377 1884 2437 είς

297 2459 447 2529 ἀήθη
494 2460 617 2515 τινά
662 2461 903 2531 γαλήνην
953 2463 1049 2517 καὶ
1091 2464 1192 2518 οὐκ
1254 2464 1621 2536 ἀνθρωπίνην.
1683 2466 1884 2519 Τοῦτον

305 2549 551 2603 ἐπαινῶν
596 2550 868 2620 Ἰσίδωρος
922 2554 950 2606 ὁ
1014 2552 1304 2622 φιλόσοφος
1340 2554 1484 2607 κατά
1516 2556 1690 2625 στόμα
1744 2552 1878 2625 εἶχε.

302 2640 663 2712 Μετριωτέρα
710 2641 819 2713 γὰρ
869 2642 1042 2696 πειθὼ
1093 2646 1188 2697 καὶ
1233 2646 1555 2716 παραίνεσις
1579 2649 1677 2716 τῆς
1706 2647 1749 2678 ²⁰
1775 2646 1883 2700 ἀπὸ

300 2731 413 2785 τῶν
445 2732 620 2786 ἄλλων
657 2733 833 2801 λόγων
885 2736 997 2798 τοῖς
1040 2736 1315 2806 πολλοῖςή
1355 2737 1462 2789 ἀπὸ
1489 2737 1589 2806 τῆς
1618 2738 1879 2809 ἱστορίας,

302 2822 402 2876 καὶ
427 2824 629 2893 μᾶλλον
660 2823 758 2894 τῆς
784 2823 1150 2895 παλαιοτέρας
1176 2827 1207 2894 ή
1229 2826 1338 2880 ἀπὸ
1359 2828 1459 2897 τῆς
1484 2829 1755 2899 νεωτέρας
1789 2830 1883 2882 καὶ

299 2915 418 2976 τοῖς
472 2914 844 2985 ἀκροωμένοις
914 2917 1155 2987 φέρουσά
1214 2934 1266 2971 τι
1327 2919 1770 2991 γνωριμώτερον.
1818 2921 1881 2973 Oi

299 3004 361 3059 δὲ
395 3002 488 3057 καί
514 3006 571 3057 ἐν
593 3008 705 3068 τοῖς
733 3007 1054 3073 Αἰγυπτίοις
1106 3008 1513 3078 φιλοσοφήμασι
1551 3009 1644 3063 τὸν
1682 3009 1885 3063 Ἰσίδω⁹

302 3109 400 3163 ρον
430 3094 690 3164 συνεργὸν
708 3096 802 3148 καὶ
826 3098 1236 3168 συγκυνηγέτην
1260 3097 1680 3169 παρελάμϐανον
1713 3099 1758 3130 ⁸⁸
1784 3100 1885 3169 τῆς

299 3182 542 3276 ἐν-βυθιῖι
587 3185 979 3276 κεκρυμμένης
1028 3184 1104 3249 ὡς
1138 3186 1355 3257 ἀληθῶς
1403 3188 1554 3257 ἰερᾶς
1578 3187 1878 3258 ἀληθείαςο
1905 3217 1947 3276 c

299 3273 399 3326 καὶ
426 3272 696 3345 πολλαχοῦ
721 3274 836 3344 φῶς
859 3275 1103 3347 ἀνῆπτεν
1144 3277 1329 3340 αὐτοῖς
1370 3278 1429 3330 ἐν
1460 3279 1579 3342 ταῖς
1616 3278 1878 3350 ζητήσεσι

295 3367 401 3435 τῆς
431 3367 832 3438 άρχαιοτρόπου
870 3367 1083 3437 σοφίας.
1130 3368 1203 3421 Τὸ
1255 3368 1313 3422 δὲ
1349 3368 1569 3440 σύμπαν
1601 3370 1753 3440 αὐτῷ
1784 3371 1883 3440 τῆς

297 3458 563 3527 εὐπορίας
590 3457 689 3509 οὐκ
708 3457 817 3510 ἀπὸ
848 3456 1069 3527 βιϐλίων
1088 3458 1181 3511 καὶ
1205 3457 1558 3528 δοξασμάτων
1597 3457 1883 3529 ἐπορίζετο

297 3546 602 3616 ἀλλοτρίων
625 3546 714 3600 διὰ
739 3549 982 3618 μνήμης,
1038 3547 1156 3602 ἀλλ’
1204 3547 1317 3613 ἐξιν
1384 3550 1506 3604 τινὰ
1534 3550 1759 3618 βεϐαίαν
1789 3554 1884 3607 καὶ

297 3638 591 3709 πάμφορον
618 3638 881 3710 ἀληθείας
931 3640 1031 3709 τῆς
1080 3657 1146 3710 γε
1188 3640 1447 3711 τοιαύτης
1490 3642 1585 3694 ἀπ’
1619 3641 1752 3714 [570
1787 3643 1880 3716 Η.]

294 3730 477 3799 ἀρχῆς
503 3730 789 3801 ἐκτήσατο.
814 3729 926 3784 Καὶ
956 3728 1176 3784 δύσεται
1201 3732 1315 3793 τοῖς
1338 3730 1667 3802 ἀνθρώποις,
1694 3732 1791 3786 ἀτε
1816 3734 1879 3786 οὐ

291 3820 619 3889 δυναμένοις
678 3820 847 3874 αὐτοῦ
900 3820 1090 3893 φέρειν
1130 3822 1231 3893 τὴν
1285 3823 1437 3876 θείαν
1484 3825 1530 3855 ’⁸
1590 3825 1877 3895 ἀνατολήν.

292 3911 674 3980 Ἦναγκάζετο
727 3912 774 3944 ’³
819 3912 1198 3982 ἐπιμελεῖσθαι
1233 3913 1332 3983 τῆς
1362 3914 1472 3968 τῶν
1534 3915 1742 3969 παίδων
1790 3918 1883 3969 εὐ-

290 4004 566 4072 αγωγίας.
626 4006 737 4059 Καὶ
808 4005 915 4076 μὴν
970 4006 1062 4059 καὶ
1089 4007 1146 4058 ὲν
1205 4008 1325 4069 ταῖς
1375 4006 1702 4078 ἐξηγήσεσιν
1739 4008 1881 4061 ἐνδε-

288 4098 520 4169 έστερος
586 4098 664 4170 τῷ
718 4097 919 4170 λόγῳῆ
974 4098 1116 4153 ὥστε
1152 4101 1479 4170 ἑρμηνεύειν
1506 4103 1577 4156 τὰ
1613 4102 1878 4157 δοκοῦντα

287 4185 683 4258 ἀποχρώντως.
710 4189 783 4242 Οὐ
819 4190 926 4259 μὴν
960 4190 1069 4243 οὐδ’
1096 4190 1332 4244 ἐνταῦθα
1360 4190 1666 4262 ἀϐοήθητος
1687 4188 1756 4264 ἦν
1775 4192 1879 4246 ὐπὸ

286 4276 398 4347 τῆς
423 4276 640 4346 φύσεως
672 4279 768 4332 καί⁵
794 4281 893 4349 τῆς
923 4280 1091 4350 ἄλλης
1124 4280 1380 4351 μελέτης,
1434 4281 1573 4336 ἀλλά
1602 4282 1881 4337 κατεϐάλ-

287 4371 420 4422 λετο
449 4366 499 4401 ⁸⁸
532 4369 631 4439 μὲν
677 4369 917 4439 σπουδὴν
986 4371 1122 4441 πρὸς
1167 4371 1268 4440 τὴν
1320 4372 1644 4442 σαφήνειαν,
1685 4377 1785 4444 τὴν
1821 4374 1879 4428 δὲ

284 4462 405 4516 τῶν
425 4461 704 4532 ὀνομάτων
736 4461 1040 4533 εὐρυθμίαν
1087 4464 1274 4533 ἀφιεὶς
1332 4464 1542 4534 ἑτέροις
1594 4465 1733 4533 πρὸς
1764 4465 1879 4518 ἐπίο

285 4552 461 4617 δειξιν
505 4553 681 4622 εἴχετο
731 4552 842 4605 τῶν
887 4554 1254 4624 πραγμάτων,
1294 4555 1355 4609 οὐ
1397 4554 1591 4623 λόγους
1610 4555 1672 4608 τὸ
1714 4556 1877 4611 πλέον

1986 4552 2187 4604 videre.
2248 4549 2381 4603 Cum
2449 4547 2610 4603 etiam
2686 4546 2907 4601 Proclus

284 4645 323 4716 ἢ
368 4645 580 4715 νοήσεις
603 4643 976 4713 φθεγγόμενος
1006 4645 1072 4710 ’⁸,
1092 4645 1214 4699 οὐδέ
1244 4646 1457 4717 νοήσεις
1486 4645 1687 4715 μᾶλλον
1718 4646 1751 4716 ἢ
1779 4648 1878 4712 τὰς

285 4729 483 4793 οὐσίας
541 4728 721 4783 αὐτῶν
799 4729 912 4783 τῶν
991 4730 1336 4801 πραγμάτων
1401 4732 1550 4800 ἀγων
1591 4732 1671 4794 εἰς
1741 4731 1876 4798 φῶς.

288 4820 409 4891 Τὴν
436 4819 566 4891 περί
579 4821 639 4873 τὸ
668 4820 821 4874 Θεῖον
848 4822 897 4853 ⁸⁸
920 4821 1316 4890 ἀγιστεύουσαν
1333 4821 1511 4893 θέμιν.
1545 4821 1880 4892 Εὐφραίνετο

281 4912 352 4965 δὲ
390 4911 535 4983 ὁρῶν
561 4911 653 4965 τὸν
714 4912 958 4983 Πρόκλον
990 4914 1019 4965 ὁ
1045 4912 1315 4983 Ἰσίδωρος
1368 4914 1566 4967 αἰδοῖόν
1601 4913 1648 4946 ³⁷
1668 4931 1730 4966 τε
1762 4913 1881 4984 ἅμα

285 5004 391 5057 καὶ
416 5003 593 5057 δεινὸν
626 5002 780 5069 ἰδεῖν,
806 5003 938 5056 αὐτὸ
968 5003 1140 5057 δοκῶν
1166 5006 1283 5057 ἐκεῖ
1310 5005 1445 5075 ὀρᾷν
1487 5005 1533 5036 ⁸⁷
1563 5004 1626 5058 τὸ
1663 5005 1880 5073 φιλοσο-

286 5094 426 5163 φίας
471 5093 550 5164 τῷ
629 5095 746 5147 δντι
820 5094 1135 5165 πρόσωπον.
1189 5094 1347 5148 Ἐπεὶ
1391 5095 1489 5150 καὶ
1540 5096 1570 5148 ό
1634 5094 1879 5167 Πρόκλος

286 5184 578 5255 ἐθαύμαζε
605 5185 702 5239 τοῦ
736 5183 1012 5256 Ἰσιδώρου
1034 5185 1097 5238 τὸ
1122 5182 1260 5249 εἶδος
1297 5187 1373 5250 ὡς
1404 5186 1589 5240 ἔνθεον
1617 5189 1711 5240 καὶ
1739 5188 1877 5256 πλῆ-

290 5294 390 5347 ρες
446 5278 491 5310 ¹⁹
568 5277 699 5330 εῐσω
749 5277 1044 5347 φιλοσόφου
1090 5276 1257 5347 ζωῆς.
1317 5279 1375 5332 '0
1430 5278 1489 5332 δέ
1552 5279 1880 5342 Σαλούστιος

282 5367 477 5424 οὐκέτι
525 5368 604 5438 τῷ
632 5368 912 5441 δικανικῷ,
954 5369 1072 5423 ἀλλ’
1119 5371 1220 5440 ἤδη
1284 5370 1365 5440 τῷ
1422 5370 1719 5441 σοφιστικῷ
1772 5371 1873 5442 βίῳ

1994 633 2346 699 inﬂammata,
2375 634 2426 687 in
2462 633 2597 688 bella
2623 641 2677 689 et
2706 649 2912 705 pugnas
2943 635 3072 699 ruit,
3092 644 3147 690 et
3170 644 3228 691 ut
3258 636 3575 691 summatim

1992 725 2187 786 dicam,
2241 725 2578 793 principatus
2627 734 2683 779 et
2722 725 2906 793 glorise
2948 727 3242 796 cupiditate
3290 735 3572 784 testuans:

1993 815 2296 883 cujusmodi
2356 816 2525 871 fuisse
2576 816 2881 871 audivimus
2927 830 3073 881 eam,
3119 816 3187 871 de
3217 831 3322 885 qua
3366 817 3576 873 crebra:

1993 907 2336 962 narrationes
2367 907 2747 962 historiarum.
2773 906 2893 961 Alia
2920 923 3040 977 quae
3063 907 3307 977 appetitu
3340 908 3573 976 regitur,

1988 998 2117 1052 luxu
2156 1008 2211 1055 et
2249 999 2461 1055 deliciis
2497 998 2761 1066 ditlluens,
2807 1010 3087 1071 corrupta,
3117 1000 3330 1071 abjecto
3368 1010 3424 1055 et
3452 1016 3575 1054 mu-

1992 1088 2146 1144 liebri
2191 1092 2374 1145 animo
2416 1091 2644 1157 ignaviae
2680 1090 2886 1156 dedita,
2921 1091 3124 1146 incerta
3156 1101 3307 1147 sorte
3344 1092 3573 1161 jactata,

1990 1195 2177 1244 avara,
2210 1181 2353 1247 vilis,
2381 1181 2618 1245 servilis,
2641 1180 2815 1249 qualis
2843 1197 2988 1237 nunc
3016 1192 3100 1237 est
3123 1182 3405 1236 hominum
3436 1184 3570 1237 vita.

1991 1270 2368 1339 Propendebat
2410 1272 2460 1325 in
2499 1272 3022 1340 peregrinationem,
3064 1286 3171 1326 non
3215 1287 3433 1335 vanam,
3475 1284 3572 1330 aut

1990 1362 2338 1428 deliciosam,
2380 1362 2678 1418 inhiantem
2738 1364 3016 1417 hominum
3079 1362 3572 1417 substructionibus

1989 1454 2315 1523 spectandis,
2363 1463 2457 1508 aut
2506 1454 2741 1509 urbibus
2772 1454 2984 1523 magnis
3035 1469 3099 1508 ac
3149 1453 3433 1523 pulchris:
3474 1455 3571 1508 sed

1990 1546 2160 1601 sicubi
2192 1545 2319 1614 quid
2351 1546 2656 1600 mirandum
2709 1546 2942 1610 audiret,
2983 1544 3069 1599 vel
3112 1554 3425 1613 augustum,
3452 1546 3568 1599 sive

1991 1636 2278 1701 occultum,
2310 1637 2425 1692 sive
2458 1647 2729 1706 apertum,
2769 1636 3014 1706 ipsismet
3042 1636 3217 1691 oculis
3244 1636 3429 1690 videre
3468 1650 3569 1690 vo-

1991 1726 2148 1783 lebat.
2173 1728 2345 1797 Ipsam
2371 1728 2607 1782 animam
2636 1728 2687 1781 in
2709 1728 2879 1783 sacris
2896 1727 3147 1795 precibus
3176 1736 3345 1781 totum
3374 1726 3570 1781 divinio

1993 1818 2118 1872 tatis
2158 1832 2418 1873 oceanum
2449 1832 2570 1873 esse
2619 1817 2794 1872 dixit:
2851 1819 3028 1886 primo
3079 1832 3107 1871 a
3149 1832 3377 1886 corpore
3421 1818 3473 1870 in
3508 1832 3568 1872 se

1988 1908 2293 1971 collectam;
2330 1908 2523 1964 deinde
2558 1922 2589 1962 a
2620 1908 2734 1964 suis
2775 1909 3016 1961 moribus
3045 1908 3413 1974 recedentem,
3452 1917 3506 1961 et
3534 1922 3565 1961 a

1986 1998 2343 2054 rationalibus
2396 1999 2709 2054 notionibus
2759 1998 3132 2054 deﬂectentem
3179 1998 3248 2053 ad
3291 2013 3397 2063 res,
3445 2013 3567 2068 quas

1987 2090 2153 2143 menti
2182 2098 2421 2158 cognata:
2449 2101 2594 2155 sunt;
2631 2092 2788 2145 tertio
2812 2092 3069 2148 divinitus
3100 2091 3333 2146 aﬂlatam
3358 2101 3413 2147 et
3447 2107 3568 2146 niu-

1987 2188 2153 2233 tatam
2185 2180 2238 2234 in
2266 2181 2536 2235 insolitam
2572 2184 2943 2249 serenitatem,
2982 2198 3092 2237 non
3122 2184 3436 2248 humanam,
3469 2186 3564 2241 sed

1988 2269 2098 2325 Deo
2136 2271 2568 2326 convenientem.
2619 2272 2772 2327 Hunc
2820 2274 3047 2328 laudans
3092 2272 3332 2329 Isidorus
3378 2275 3430 2327 in
3469 2290 3567 2329 ore

1987 2361 2193 2416 habuit.
2226 2361 2575 2417 Commodior
2612 2363 2754 2417 enim
2797 2364 3098 2434 persuasio,
3160 2366 3567 2434 praeceptioque

1986 2465 2096 2519 prae
2122 2450 2243 2505 aliis
2284 2454 2548 2517 materiis,
2584 2452 2742 2523 vulgo
2782 2455 2849 2508 ab
2891 2454 3140 2520 historia,
3185 2464 3241 2509 et
3275 2456 3508 2509 maxime
3531 2471 3564 2510 a

1986 2542 2286 2597 recentiore
2327 2545 2504 2611 potius
2550 2558 2711 2611 quam
2760 2546 3086 2612 antiquiore,
3120 2555 3174 2599 et
3220 2547 3565 2601 audientibus

1985 2631 2187 2700 aliquid
2220 2632 2399 2686 notius
2430 2633 2683 2688 aﬂ'erens.
2726 2634 2796 2688 At
2846 2634 2920 2688 illi
2961 2635 3013 2689 in
3061 2634 3358 2703 disciplinis
3398 2638 3562 2690 etiam

1984 2719 2249 2791 Egyptiis
2264 2719 2527 2776 Isidorum
2547 2724 2774 2790 socium,
2789 2723 3134 2794 sodalemque
3152 2737 3567 2796 assumpserunt

1985 2813 2341 2882 investigandi
2374 2816 2656 2871 veritatem
2683 2831 2917 2881 sacram,
2952 2833 3071 2887 qua:
3104 2820 3156 2872 in
3192 2818 3457 2887 profundo
3485 2820 3565 2871 la-

1985 2913 2143 2969 teret,
2168 2916 2221 2960 et
2256 2906 2363 2961 illis
2403 2922 2545 2975 saepe
2590 2908 2644 2962 in
2681 2909 3073 2977 quaestionibus
3104 2912 3339 2979 antiquae
3366 2911 3562 2981 350b

1984 2997 2263 3065 sapientiae
2289 2996 2466 3052 lumen
2505 3000 2772 3055 accendit.
2819 2999 3008 3056 Omnis
3036 3002 3112 3055 illi
3147 3003 3368 3057 solertia
3398 3019 3500 3057 non
3527 3018 3561 3058 a

1986 3086 2139 3143 libris
2190 3096 2245 3143 et
2288 3088 2588 3158 disciplinis
2626 3091 2818 3147 alienis
2858 3107 2955 3161 per
2997 3095 3317 3148 memoriam
3368 3110 3565 3163 suppe-

1990 3181 2153 3245 tebat,
2183 3182 2277 3235 sed
2330 3182 2570 3236 habitum
2599 3185 2886 3253 quemdam
2921 3185 3133 3239 ﬁrmum
3162 3196 3221 3242 et
3244 3186 3565 3242 fecundissi-

1987 3286 2155 3337 mum,
2194 3271 2286 3341 qui
2332 3272 2514 3326 omnia
2563 3274 3049 3342 comprehenderet
3093 3275 3255 3345 hujus
3294 3277 3561 3343 veritatis,

1984 3361 2052 3415 ab
2081 3360 2234 3414 initio
2268 3361 2477 3415 habuit.
2507 3360 2571 3416 Et
2593 3362 2801 3416 occidet
2828 3364 3156 3429 hominibus,
3187 3374 3245 3419 ut
3284 3365 3376 3435 qui
3423 3366 3563 3419 divi-

1982 3466 2111 3505 num
2140 3450 2256 3518 ejus
2286 3461 2465 3506 ortum
2495 3452 2641 3506 ferre
2670 3464 2974 3521 nequeant:
3007 3465 3231 3510 coactus
3261 3465 3342 3510 est
3369 3470 3561 3510 curam

1984 3544 2215 3596 ﬁliorum
2258 3557 2470 3612 gerere,
2518 3553 2577 3598 ut
2620 3545 2755 3599 bene
2791 3544 3227 3603 institueremur.
3258 3547 3561 3604 Verborum

1984 3635 2037 3688 in
2066 3634 2384 3703 explicando
2411 3634 2626 3703 parcior
2658 3635 2784 3700 fuit,
2818 3652 2979 3706 quam
3012 3647 3072 3692 ιιι
3096 3639 3229 3692 satis
3262 3653 3419 3693 sensa
3441 3639 3563 3693 ani-

1984 3728 2059 3782 mi
2098 3727 2391 3796 explicaret
2436 3745 2449 3781 :
2526 3742 2698 3796 neque
2737 3729 2885 3782 enim
2941 3738 3154 3793 natura,
3211 3730 3562 3784 exercitatio-

1982 3833 2087 3888 que
2140 3833 2261 3873 eum
2318 3819 2405 3875 hic
2463 3819 2823 3885 destituebat,
2874 3820 2967 3874 sed
3030 3820 3270 3875 studium
3326 3822 3443 3889 ipse
3493 3822 3564 3877 ad

1981 3909 2420 3980 perspicuitatem
2469 3910 2839 3965 convertebat.
2888 3909 3174 3964 Nominnm
3228 3912 3565 3966 concinnita-

1984 4008 2090 4053 tem
2118 4009 2173 4054 et
2196 3999 2613 4054 ostentationem
2650 3999 2770 4053 aliis
2801 3998 3139 4067 relinquens,
3173 4015 3286 4053 rem
3318 4010 3561 4057 sectatus

1982 4098 2067 4146 est
2100 4109 2113 4146 :
2144 4106 2247 4145 non
2289 4090 2444 4159 plura
2495 4089 2661 4145 verba
2703 4089 2914 4145 locutus
2961 4105 3124 4158 quam
3160 4106 3321 4145 sensa
3362 4091 3560 4146 mentis

1982 4192 2182 4249 essent,
2218 4197 2394 4252 neque
2433 4182 2582 4249 plura
2619 4196 2776 4237 sensa
2823 4196 2983 4250 quam
3022 4196 3204 4236 rerum
3240 4191 3427 4237 natura
3476 4198 3566 4251 pa-

1985 4286 2209 4339 teretur,
2242 4274 2535 4344 justitiam,
2584 4291 2703 4344 quae
2744 4276 2911 4329 Deum
2954 4284 3269 4342 veneratur,
3303 4276 3355 4328 in
3386 4275 3563 4330 lucem

1982 4369 2180 4424 ferens.
2214 4366 2494 4422 Gaudebat
2531 4366 2765 4422 Isidorus
2818 4365 2935 4419 viso
2975 4364 3187 4428 Proclo,
3224 4374 3374 4417 ratus
3416 4364 3467 4417 in
3498 4378 3566 4418 eo

1983 4477 2043 4516 se
2074 4460 2439 4514 venerandum
2486 4467 2539 4512 et
2573 4472 2790 4527 gravem
2824 4455 3175 4525 philosophiae
3209 4454 3411 4508 vultum
3440 4469 3566 4509 vere

2986 4545 3175 4600 Isidori
3244 4544 3438 4601 faciem
3504 4554 3566 4599 ut

1979 4639 2217 4694 divinam
2282 4635 2447 4691 fuerit
2501 4636 2767 4699 miratus,
2820 4635 3089 4705 plenaque
3150 4636 3297 4691 intus
3382 4636 3560 4705 philo-

1980 4729 2185 4799 sophiae
2234 4729 2379 4782 vitaa.
2445 4725 2714 4781 Salustius
2757 4741 2864 4779 non
2899 4726 3133 4795 amplius
3163 4725 3364 4782 forensi
3401 4765 3416 4792 ,
3467 4726 3564 4780 sed

1982 4821 2234 4872 oratoriae
2278 4818 2383 4872 arti
2447 4816 2679 4870 intendit
2719 4817 2985 4871 animum.
3035 4816 3348 4872 Publicatas
3394 4818 3565 4870 etiam

1986 4908 2363 4964 Demosthenis
2421 4907 2697 4961 orationes
2770 4908 3047 4963 memoriae
3105 4908 3385 4963 mandavit
3444 4922 3567 4962 orn-

1986 5019 2101 5059 nes.
2159 5001 2355 5057 Adhazc
2412 5000 2545 5056 satis
2586 5009 2708 5056 erat
2756 5000 3014 5065 disertus,
3059 5014 3170 5056 non
3229 5000 3563 5057 recentiores

1986 5095 2256 5164 sophistas
2296 5093 2540 5159 imitans,
2572 5093 2667 5149 sed
2695 5108 2817 5148 cum
2844 5103 3029 5149 vetere
3052 5093 3370 5162 scriptionis
3385 5091 3566 5161 splen.

1986 5191 2117 5243 dore
2140 5197 2378 5248 certans,
2428 5187 2816 5255 orationesque
2859 5186 3082 5256 scripsit
3118 5200 3224 5239 non
3254 5183 3424 5238 multo
3458 5184 3566 5238 illis

1988 5278 2292 5334 inferiores.
2337 5276 2508 5333 Nudis
2546 5277 2773 5347 pedibus
2804 5278 2992 5333 orbem
3032 5285 3324 5340 terrarum,
3360 5284 3418 5329 ut
3455 5274 3564 5327 Ier-

1983 5382 2091 5437 tur,
2118 5371 2329 5426 ambiit.
2360 5369 2496 5439 Ἕδη
2553 5370 2696 5438 capit
2725 5384 2823 5439 pro
2860 5369 2993 5438 ipsis
3039 5366 3300 5422 delubris.
3339 5364 3566 5419 Ponitur

1582 5526 1668 5581 VA
1677 5526 1816 5582 RIIE
1854 5524 2253 5583 LECTIONES.

365 5614 383 5644 ¹
439 5612 496 5668 δὲ
515 5629 628 5687 om.
652 5614 722 5671 Δ.
782 5615 844 5687 ἥδ
875 5610 986 5671 οἷον
1015 5617 1080 5671 A.
1158 5618 1202 5649 ¹⁸
1226 5616 1519 5686 ἐπιθυμίαν
1543 5617 1604 5671 Β.
1634 5686 1639 5687 ί
1682 5616 1728 5687 ’ξ
1765 5616 2050 5687 ὐηνείᾳΑτ
2078 5614 2238 5687 κυϐεί

2284 5655 2294 5669 .
2376 5615 2420 5647 ¹¹¹
2445 5615 2703 5670 θέλουσαν
2734 5631 2795 5679 ς.
2875 5613 2920 5647 ¹⁸
2941 5610 3172 5684 ἀφανὲς]
3188 5612 3238 5684 ’ἢ
3270 5609 3474 5684 ἀφανεῖ,
3495 5610 3562 5665 Α.

368 5632 383 5644 ·
439 5632 496 5668 οε
515 5632 628 5671 om.
652 5632 722 5671 Δ.
800 5632 844 5647 ³*
875 5632 986 5671 οιον
1015 5632 1080 5671 A.
1158 5632 1202 5649 ιο
1226 5632 1519 5686 επιυυμιαν
1543 5632 1604 5671 ὕ.
1682 5632 1728 5649 ι’
1765 5632 2050 5687 υηνειᾳΑτ
2078 5632 2235 5669 κυοει
2284 5655 2294 5669 .
2378 5632 2415 5647 υ
2445 5632 2703 5670 υελουσαν
2734 5632 2795 5679 ς.
2876 5632 2920 5647 η’
2941 5632 3172 5684 αφανες]
3203 5632 3238 5684 η
3270 5632 3471 5680 αφανες,
3495 5632 3562 5665 Α.

280 5686 339 5719 ¹⁹
374 5684 610 5755 φανερόν
634 5702 694 5749 ς.
776 5686 823 5718 ὀ
848 5687 947 5755 τῆς
974 5687 1019 5739 Α
1053 5704 1067 5741 :
1102 5689 1214 5750 τοῖς
1242 5706 1301 5753 ς.
1377 5689 1421 5719 ἰ
1454 5686 1857 5757 συνελάμϐανον
1883 5685 1941 5741 Β.
2019 5687 2064 5718 ²¹
2083 5632 2529 5768 θείανῗάλήθειαν
2550 5688 2614 5739 Λ.
2692 5686 2738 5717 ³³
2767 5678 3297 5809 ⁴ἰιναγκάζεειτο]δείναι
3317 5680 3565 5743 εἰκάζετο

282 5757 358 5809 Α.
437 5755 484 5785 ³⁸
512 5752 847 5808 κατεϐάλετο
872 5758 937 5809 A.
1013 5757 1059 5789 ³⁵
1100 5758 1470 5809 φθεγγόμενος
1497 5757 1617 5809 οὐδὲ
1647 5759 1861 5809 νοήσεις
1892 5773 2000 5809 om.
2038 5757 2103 5809 A.
2179 5756 2224 5787 "
2258 5774 2365 5809 των
2398 5755 2555 5809 θείων
2571 5756 2635 5809 Δ.
2730 5754 2774 5787 ¹⁷
2796 5753 2995 5809 αἰδοιον
3026 5783 3095 5794 -
3153 5749 3314 5809 εινὸν]
3341 5750 3481 5805 αἰδοῖ
3497 5775 3564 5790 --

282 5752 396 5827 ᾼς
437 5752 847 5827 ³⁸-κατεϐάλετο
872 5752 937 5810 Ᾱ.
1013 5757 1059 5827 'f
1100 5752 1470 5827 φθεγγόμενος
1497 5757 1617 5810 οὐδὲ
1647 5752 1861 5827 νοήσεις
1892 5773 2000 5827 ou}.
2038 5757 2103 5809 A.
2179 5756 2224 5827 ξ’
2240 5752 2373 5827 ίτῶν
2398 5755 2555 5811 θείων
2571 5756 2635 5811 Λ.
2730 5754 2774 5787 ¹⁷
2796 5752 2995 5809 αἰδοῖον
3026 5783 3095 5794 -

3153 5749 3315 5821 εινὸν]
3341 5750 3481 5805 αἰδοῖ
3497 5775 3564 5790 --

283 5823 467 5894 δείμω
489 5821 553 5879 Β.
628 5823 675 5857 ³⁸
705 5826 912 5880 ἐκεῖνον
950 5825 1090 5897 ὀρῶν
1112 5821 1179 5883 Ἀ.
1216 5821 1227 5827 ’
1253 5821 1320 5860 ’¹⁹
1349 5829 1553 5899 πλῆρες
1600 5821 1795 5887 διιὶιῖθδ
1823 5842 1872 5881 v.
1916 5823 2065 5891 Εἶδος
2097 5845 2109 5882 :
2149 5826 2362 5897 πλήρης
2387 5843 2446 5891 ς.
