3924 6430
480 410 616 475 1209

1641 411 1902 471 ΡΗΟΤΙΙ
1940 410 2449 470 ΡΑΤΒΙΑΒΟΗιΕ
2482 411 2587 470 CP.

3673 386 3703 403 ά
3714 396 3719 399 ν

3567 410 3676 480 13οῧ

386 546 393 551 ί
476 529 663 581 eadem
700 539 803 579 vox
842 534 892 578 et
929 540 1027 594 pro
1067 524 1263 579 statuis
1300 542 1312 578 :
1364 526 1490 579 item
1538 542 1633 593 pro
1680 524 1863 592 templi
1909 524 2049 593 pavi-

2158 526 2410 592 προσεῖχε
2440 523 2531 575 τὸν
2555 522 2699 577 νοῦν.
2720 521 2984 591 Ἐξέμαθε
3026 521 3083 574 δὲ
3134 520 3226 573 καὶ
3276 523 3396 583 τοὺς
3430 522 3683 591 δημοσίους

476 626 675 671 mento.
714 616 903 670 Millies
943 615 1210 670 insomnia
1243 618 1397 681 vidit,
1435 629 1493 671 ut
1524 632 1630 671 uno
1659 616 1823 669 verbo
1849 615 2052 669 dicam.

477 708 655 762 Semel
686 723 814 761 vero
841 708 1003 760 etiam
1035 722 1221 761 verum
1266 709 1441 761 visum
1490 707 1746 777 apparuit
1778 705 2053 760 hominem

478 799 960 866 circumspiciens,
1014 816 1111 869 pro
1140 809 1395 854 accurate
1432 798 1820 867 contemplans,
1857 805 2055 864 prteter

474 899 793 943 consuetum
825 906 1030 945 morem
1062 890 1338 959 loquendi.
1370 890 1547 943 Liberi
1572 898 1731 943 eraut
1764 889 1830 941 ab
1861 888 2052 940 Imma-

473 980 559 1032 nis
596 980 1021 1049 impedimentis,
1070 996 1190 1051 quaa
1245 982 1559 1051 plerumque
1595 991 1739 1034 sunt.
1787 978 1954 1033 Nemo
1998 980 2051 1032 in

472 1069 671 1123 divinis
703 1069 866 1125 rebus
907 1072 1040 1126 adeo
1079 1072 1243 1125 hebes
1279 1082 1381 1135 est,
1415 1072 1545 1139 quin
1590 1070 1791 1123 sentiat
1834 1083 2052 1122 omnem

474 1156 569 1214 Dei
598 1162 730 1225 vim,
768 1164 1004 1217 maxime
1037 1171 1213 1216 autem
1248 1163 1298 1217 in
1325 1158 1610 1231 puniendis
1638 1160 1912 1228 improbis.
1934 1158 2050 1212 Non

474 1251 753 1306 aberraret
782 1268 811 1306 a
851 1268 975 1307 vera
1003 1269 1178 1317 musa,
1212 1253 1292 1307 vel
1324 1268 1351 1305 a
1392 1267 1546 1306 sacra
1575 1253 1825 1305 veritate.
1855 1250 2053 1320 351a

475 1346 621 1399 Socii
663 1346 803 1400 alius
848 1346 1140 1414 opinionis,
1185 1354 1239 1398 et
1277 1354 1598 1406 sectatores,
1639 1350 1693 1396 et
1722 1343 1787 1395 ad
1814 1343 2055 1411 philoso—

475 1438 656 1505 phiam
730 1437 1145 1500 roburabantur,
1224 1449 1531 1503 quanquam
1604 1433 1760 1486 initio
1818 1433 2055 1500 philoso-

474 1526 673 1595 phandi
714 1527 1086 1581 dexteritatem
1123 1540 1227 1579 non
1259 1532 1701 1593 assequereutur.
1740 1523 1872 1579 Volo
1903 1540 2051 1589 usus,

472 1618 540 1671 ad
578 1617 896 1672 familiarem
938 1618 1342 1685 humanumque
1390 1632 1610 1671 sensum
1648 1631 1676 1670 a
1727 1619 2055 1685 portentosis

472 1710 706 1777 spectris
739 1710 921 1774 rediit,
984 1719 1038 1763 ct
1089 1709 1319 1763 elocavit
1353 1709 1418 1761 ad
1461 1718 1679 1777 tempus
1710 1708 2054 1764 matrimonio

472 1813 681 1871 aptum.
711 1803 815 1857 Sed
846 1803 1009 1857 etiam
1052 1800 1409 1869 pliil050pl|ize
1457 1799 1646 1853 induto
1696 1799 1879 1868 pallio,
1934 1810 2051 1852 tan-

2158 614 2402 677 ἅπαντας
2434 613 2527 667 τοῦ
2546 614 2928 684 Δημοσθένους
2961 612 3177 680 λόγους.
3213 612 3321 665 Kal.
3366 612 3428 682 δὴ
3452 612 3611 681 λέγειν
3629 610 3686 684 ἦν

2160 704 2366 769 ίκανος,
2397 704 2457 756 ού
2482 706 2609 765 τοὺς
2643 703 2794 766 νέους
2824 704 2870 735 ³⁸
2907 702 3243 772 μιμούμενος
3286 702 3551 769 σοφιστὰς,
3576 703 3691 757 ἀλλά

2158 796 2293 865 πρὸς
2326 795 2418 848 τὸν
2457 798 2683 865 ἀρχαῖον
2712 796 2864 848 τόνον
2894 795 2932 826 ³¹
2961 795 3060 864 τῆς
3096 792 3455 863 λογογραφίας
3481 795 3690 864 ἁμιλλώ-

2160 904 2340 956 μενος.
2374 887 2594 955 Ἀμέλει
2650 886 2746 939 καὶ
2772 884 2976 955 ἔγραψε
3008 884 3198 952 λόγους
3219 885 3278 937 ού
3328 884 3459 937 πολύ
3492 902 3540 937 τι
3570 887 3694 937 ἐκεί-

2157 996 2264 1032 νων
2314 978 2689 1045 λειπομένους,
2748 975 2909 1048 [1069
2965 973 3056 1047 8.]
3118 974 3441 1037 ἀνυπόδετος
3499 974 3694 1045 περιιὼν

2156 1072 2258 1141 τὴν
2321 1069 2674 1140 οἰκουμένην,
2724 1068 2800 1132 ὡς
2856 1068 3023 1137 φάναι
3048 1066 3202 1135 λόγον
3232 1068 3296 1132 ³¹,
3335 1067 3563 1120 ἅπασαν.
3594 1068 3697 1120 Ὀτι

2158 1162 2227 1214 τὰ
2254 1161 2343 1230 έδη
2372 1162 2465 1213 καὶ
2491 1160 2584 1214 ἐπὶ
2602 1159 2783 1213 αὐτῶν
2813 1159 3082 1228 λαμϐάνει
3110 1158 3217 1212 τῶν
3246 1159 3501 1228 τεμενῶν,
3528 1159 3696 1211 τάττε-

2156 1269 2245 1304 ται
2275 1252 2333 1304 δέ
2361 1253 2455 1305 καὶ
2487 1253 2577 1303 ἐπὶ
2608 1251 2716 1303 τῶν
2746 1251 3081 1322 ἀγαλμάτων
3101 1268 3114 1281 ·
3147 1250 3360 1319 λέγεται
3400 1250 3455 1303 δέ
3483 1250 3591 1313 ἐδος
3619 1252 3698 1305 καὶ

2156 1344 2217 1395 τὸ
2241 1342 2434 1410 ἔδαφος
2483 1342 2577 1395 τοῦ
2637 1343 2762 1395 νεώ.
2800 1342 2966 1412 Ὅναρ
3008 1342 3106 1412 μὲν
3150 1343 3407 1412 μυριάκις
3446 1342 3612 1412 παρῆν
3637 1342 3697 1405 ὡς

2159 1435 2326 1501 φάναι
2346 1432 2407 1484 τὸ
2432 1432 2583 1498 ἔπος,
2607 1432 2755 1496 ἅπαξ
2774 1432 2831 1487 δέ
2860 1434 2956 1486 καὶ
2979 1433 3127 1503 ῦπαρ
3153 1433 3196 1464 ⁸³
3222 1433 3396 1502 ἐφάνη
3425 1432 3484 1484 τὸ
3511 1433 3696 1502 φάσμα.

2158 1522 2572 1593 Περιορὼμενον
2654 1526 2745 1575 τὸν
2812 1524 3098 1594 ἄνθρωπον
3155 1524 3273 1576 ἀντὶ
3316 1522 3409 1575 τοῦ
3461 1523 3699 1592 ἐμϐλέπον

2158 1616 2424 1687 ἀκριϐῶς,
2451 1615 2787 1669 ἐπισκοποῦν
2814 1616 2883 1679 ⁸³,
2944 1617 3201 1679 ἐναντίως
3238 1615 3340 1683 τῆς
3372 1615 3474 1667 τῶν
3518 1616 3695 1669 πολλῶν

2157 1712 2427 1777 χρήσεως.
2453 1706 2749 1761 Ἀκὼλυτοι
2773 1707 3021 1777 διέμενον
3052 1707 3155 1760 ὑπὸ
3177 1708 3283 1760 τῶν
3305 1707 3563 1760 εἰωθότων
3582 1709 3695 1760 κατά

2156 1800 2217 1853 τὸ
2253 1799 2592 1869 ἀνθρώπινον
2636 1799 2684 1832 ³⁸
2736 1798 3098 1869 κωλυμάτων.
3157 1799 3344 1860 Οὐδείς
3399 1800 3539 1851 ἐστιν
3581 1799 3696 1851 οὕτω

471 1906 633 1958 quam
662 1906 858 1961 sponsa
888 1890 1259 1960 philosophica
1286 1891 1337 1942 iu
1364 1890 1566 1943 divinis
1585 1890 1743 1944 rebus
1766 1902 2049 1946 exercente

2158 1892 2218 1943 τὸ
2248 1862 2404 1944 Θεϊον
2446 1862 2928 1960 ἐκκεκωφημένος,
2983 1889 3042 1952 ὃς
3069 1889 3171 1942 οὑκ
3221 1889 3531 1942 αἰσθάνεται
3559 1890 3693 1943 αὐτοῦ

478 1978 762 2047 religione,
798 1990 851 2035 et
883 1993 1221 2048 quaecunque
1252 1977 1455 2042 efferri,
1490 1990 1543 2031 et
1580 1995 1912 2049 qumcunque
1950 1997 2049 2036 uou

2160 1983 2259 2051 τῆς
2285 1983 2570 2051 ἐνεργείας
2602 1983 2785 2050 πάσης
2810 1982 2932 2051 μὲν,
2964 1983 3063 2052 οὐχ
3111 1982 3313 2051 ἥκιστα
3373 1982 3429 2034 δέ
3454 1982 3546 2049 τῆς
3567 1984 3695 2034 κολα-

471 2060 653 2117 cﬂ'erri
680 2075 928 2132 possunt.
963 2065 1054 2120 llle
1081 2066 1533 2133 Aphrodisiadem
1566 2070 1812 2133 secessit,
1843 2080 1895 2122 et
1930 2084 2049 2123 cum

2159 2072 2360 2142 ζούσης
2397 2073 2524 2134 τοὺς
2547 2071 2985 2141 ἁμαρτάνοντας.
3018 2070 3132 2123 Οὐκ
3155 2070 3220 2122 ἂν
3238 2070 3479 2140 ἁμάρτοι
3507 2070 3694 2139 Μούσης

471 2167 642 2207 uxore
676 2154 795 2209 siue
820 2155 1009 2211 liberis
1036 2158 1185 2210 vixit.

2156 2159 2410 2229 ἀληθοῦς,
2438 2161 2470 2231 ἢ
2495 2161 2595 2213 οὐκ
2646 2160 2713 2214 ἂν
2769 2160 3005 2232 ἁμάρτοι
3052 2160 3310 2229 ἀληθείας
3337 2162 3507 2229 ἱερᾶς.
3536 2160 3595 2215 (li
3620 2160 3695 2229 τῆς

470 2247 773 2318 ἀλλοφύλου
844 2250 1003 2322 δόξης
1059 2253 1265 2322 ἐταῖροι
1332 2253 1425 2306 καὶ
1485 2254 1874 2309 συστασιῶται.
1936 2257 2045 2309 Kal
2084 2257 2220 2326 πρὸς
2255 2258 2300 2289 ³⁵
2324 2256 2644 2325 φιλοσοφίαν
2684 2258 2943 2329 ἔρρωντο,
2980 2257 3169 2310 καίτοξ
3204 2258 3379 2329 ἀρχὴν
3419 2255 3695 2327 ἀτυχοῦντες

471 2340 780 2410 εὐαγωγίας
810 2343 1121 2412 φιλοσόφου.
1167 2346 1277 2400 Καὶ
1322 2350 1386 2416 τῇ
1426 2347 1556 2418 εὐχῇ
1592 2347 1934 2416 χρησάμενος
1963 2350 2044 2412 είς
2082 2350 2181 2419 τὴν
2207 2350 2410 2421 συνήθη
2458 2351 2555 2404 καὶ
2612 2351 2960 2422 ἀνθρωπίνην
3019 2349 3270 2429 αἴσθησιν
3321 2350 3430 2406 ἀπὸ
3473 2351 3571 2405 τῶν
3622 2350 3696 2405 άλ-

471 2430 706 2485 λοκότων
758 2433 938 2502 ὄψεων
977 2435 1268 2504 ἐπανῆλθε.
1328 2438 1440 2490 Kal.
1474 2438 1536 2507 δὴ
1571 2439 1834 2502 ἐξέδωκεν
1865 2440 2167 2510 ίκνουμένῳ
2196 2441 2242 2473 ³⁸
2308 2442 2387 2512 τῷ
2433 2442 2528 2496 τοῦ
2610 2443 2792 2513 γάμου
2864 2442 3067 2513 καιρῷ.
3136 2442 3299 2495 Ἀλλά
3342 2444 3436 2495 καὶ
3496 2444 3695 2513 τρίϐωνα

470 2521 782 2591 περιϐαλὼν
814 2523 1130 2594 φιλοσοφίας
1158 2527 1221 2592 ³⁷,
1252 2526 1326 2590 ὡς
1347 2527 1654 2596 φιλόσοφον,
1685 2528 1781 2599 τὴν
1800 2528 2038 2599 νύμφην.
2104 2532 2216 2601 Τῆς
2260 2534 2389 2604 περὶ
2433 2534 2502 2587 τὰ
2550 2533 2668 2587 θεῖα
2717 2534 3104 2604 διατριϐούσης
3157 2534 3476 2605 θρησκείας,
3520 2535 3606 2603 ὅση
3650 2540 3694 2585 τε

471 2617 611 2686 ῥητὴ
676 2619 769 2670 καὶ
810 2619 909 2688 ὅση
947 2619 1277 2692 ἀπόρρητος.
1334 2621 1458 2674 Οὐδ’
1489 2622 1535 2653 ⁸⁸
1568 2623 1646 2684 είς
1669 2623 2053 2692 Ἀφροδισιάδα
2094 2628 2446 2697 μετεχώρησε
2504 2628 2855 2697 παράκλητος
2883 2630 2947 2682 υ.
2982 2627 3221 2681 ’Λπαιδα
3259 2628 3459 2698 ϐίοντῇ
3518 2627 3695 2694 γυναικὶ

472 2721 538 2761 συ
548 2708 877 2777 μϐεϐίωκεν.

544 2800 776 2854 Hilarius
806 2802 1177 2871 philosophus,
1203 2818 1391 2856 amans
1418 2803 1720 2873 voluptates
1747 2820 2038 2869 venereas,

469 2894 666 2949 Proclo
689 2904 897 2949 nonest
927 2909 1057 2949 usus
1087 2897 1366 2964 magistro.
1400 2898 1546 2951 Dixit
1576 2913 1890 2966 persuasum
1924 2900 2044 2953 lou-

2211 2803 2267 2857 Ὀ
2280 2803 2336 2857 δέ
2360 2802 2585 2873 ’ίλάριος
2599 2803 2645 2833 ⁸ο
2663 2801 2965 2871 φιλοσοφῶν
2985 2802 3391 2873 μὲν,ἐκδεδιῃτη
3400 2802 3607 2871 μένοςδέ
3620 2802 3693 2865 τὰς

2150 2895 2547 2965 ὑπογαστρίους
2572 2893 2787 2965 ήδονάς,
2820 2895 2921 2959 οὐκ
2951 2894 3109 2963 ἔτυχε
3129 2893 3375 2963 Πρόκλου
3400 2892 3691 2948 διδασκάλου.

470 2984 676 3051 giorem
705 2984 807 3040 sibi
839 2984 954 3039 fore
982 2985 1033 3038 in
1067 3002 1295 3056 corpore
1336 2989 1521 3053 vitam,
1558 2991 1627 3043 oh
1663 2990 2043 3045 dexteritatem

2156 2986 2443 3040 Πεπεῖσθαι
2494 2986 2645 3053 ἔλεγε
2698 2984 3195 3056 πολυχρονιώτερόν
3241 2987 3292 3038 οἱ
3340 2988 3581 3055 γενέσθαι
3625 2988 3692 3040 τὸν

470 3076 659 3130 uxoris
691 3095 704 3130 :
739 3085 794 3130 et
831 3076 945 3130 haec
989 3078 1144 3142 dixit,
1187 3095 1289 3132 non
1320 3090 1529 3149 gratum
1575 3082 1677 3135 sibi
1710 3097 1831 3136 esse
1881 3083 2048 3135 conli-

2153 3078 2293 3147 μετά
2316 3078 2410 3132 τοῦ
2449 3078 2700 3148 σώματος
2726 3077 2838 3148 βίον
2882 3078 2970 3131 διὰ
3014 3078 3111 3148 τὴν
3147 3078 3432 3150 δεξιότητα
3492 3080 3581 3149 τῆς
3620 3096 3692 3148 γυ·

474 3179 613 3235 tens,
641 3177 698 3222 ut
724 3168 883 3224 alicui
916 3170 1083 3225 videri
1121 3172 1309 3238 possit,
1342 3172 1436 3224 sed
1464 3187 1605 3242 mgre
1633 3172 1813 3229 ferens
1839 3190 2045 3228 moram

2156 3167 2356 3230 ναικός.
2383 3169 2494 3222 Kal.
2538 3167 2710 3221 ταῦτα
2764 3168 2946 3236 ἔλεγεν
2984 3168 3044 3221 ού
3102 3169 3261 3239 χάριν
3322 3171 3603 3241 ὁμολογῶν,
3635 3170 3691 3230 ὡς

470 3260 525 3313 in
553 3273 800 3327 corpore,
829 3268 884 3313 et
908 3262 975 3313 ad
1001 3276 1222 3316 uxorem
1251 3262 1515 3327 referens,
1543 3274 1804 3333 quantum
1841 3266 2046 3319 homini

2156 3260 2217 3314 άν
2241 3276 2318 3330 τῳ
2346 3260 2572 3327 δόξειεν,
2610 3261 2749 3314 ἀλλά
2792 3261 3158 3331 δυσχεραίνων
3192 3262 3327 3331 πρὸς
3360 3261 3480 3334 [571
3510 3261 3684 3333 [Usipi

469 3349 621 3416 licet,
654 3351 845 3407 mortis
894 3352 1233 3417 dilationem,
1270 3355 1566 3424 uxor-isque
1604 3356 1843 3411 laudavit
1874 3357 2048 3411 facili-

469 3449 663 3505 tatem,
694 3449 749 3495 et
789 3440 1088 3496 collactatus
1138 3453 1242 3497 est.
1276 3444 1418 3499 Deus
1449 3445 1676 3511 primam
1720 3449 2046 3501 matrimonii

469 3543 623 3597 spem
660 3530 971 3597 miseratus,
996 3532 1144 3586 dedit
1178 3533 1251 3602 illi
1287 3535 1501 3602 signum
1537 3535 1731 3591 futurae
1754 3540 1961 3606 stirpis,
1996 3547 2050 3593 et

469 3622 685 3675 tandem
707 3637 929 3677 uxorem
955 3639 1104 3678 suam
1136 3626 1366 3681 maritus
1391 3628 1668 3696 gravidam
1688 3630 1841 3684 vidit.
1862 3630 2049 3684 Ascle-

468 3708 695 3778 piodoto
744 3712 998 3776 tenebrae,
1046 3715 1337 3781 quominus
1390 3715 1613 3783 legeret,
1666 3718 2049 3787 impedimento

471 3814 575 3853 neu
601 3809 775 3857 erant.
804 3800 1058 3857 Narravit
1081 3813 1135 3859 et
1165 3806 1290 3872 alia,
1324 3822 1445 3876 qua:
1470 3810 1748 3876 audiisset,
1771 3820 1825 3864 et
1852 3814 1916 3866 de
1933 3812 2049 3877 ejus

470 3892 588 3943 visa
628 3892 795 3944 umlta
826 3894 987 3960 digna
1024 3895 1408 3952 admiratione.
1447 3898 1557 3953 Vox
1583 3898 1867 3967 cuiusnam
1901 3911 2050 3956 esset

472 3979 762 4042 incertum,
812 3998 1002 4037 navem
1030 3985 1419 4056 sisterejussit,
1455 4000 1511 4043 et
1547 3991 1615 4045 de
1651 3993 1913 4061 ὁμακοῖου
1941 4001 2048 4058 est,

470 4072 613 4141 quod
662 4072 765 4140 ipsi
808 4072 1054 4129 videmus
1088 4084 1142 4129 et
1190 4077 1459 4134 audimus.
1497 4080 1564 4135 Et
1601 4096 1773 4150 usque
1802 4084 1866 4136 ad
1901 4099 2049 4137 mor-

472 4170 583 4215 tem
633 4169 818 4215 castus
858 4161 1013 4226 vixit,
1065 4178 1165 4217 nec
1219 4165 1505 4233 quisquam
1553 4180 1656 4232 est,
1704 4172 1864 4225 etiam
1909 4173 2051 4227 inter

474 4248 746 4317 inimicos,
792 4250 882 4318 qui
922 4265 1044 4305 eum
1089 4254 1518 4321 reprehenderit.
1581 4258 1821 4315 Marinus
1862 4262 2045 4331 inepto

472 4340 713 4409 ingenio,
756 4356 858 4395 nec
886 4342 1241 4399 excellentem
1284 4345 1623 4403 Parmenidis
1650 4354 2046 4420 expositionem

470 4434 820 4498 praeceptoris
841 4430 923 4484 sui
955 4431 1098 4497 tulit,
1119 4432 1184 4486 ad
1213 4432 1361 4488 ideas
1385 4449 1512 4488 vero
1534 4438 2047 4505 contemplationem

2152 3355 2211 3407 ἐν
2243 3354 2459 3423 σώματι
2479 3353 2782 3423 διατριϐὴν,
2822 3354 2915 3407 καὶ
2944 3355 3024 3415 είς
3052 3353 3265 3422 ἐκείνην
3295 3354 3590 3425 ἀναφέρων,
3614 3355 3689 3406 ὅσα

2152 3460 2215 3511 γε
2243 3446 2324 3506 είς
2363 3443 2686 3513 ἄνθρωπον,
2737 3442 2835 3513 τὴν
2869 3442 2960 3495 τοῦ
3011 3442 3239 3496 θανάτου
3294 3444 3571 3513 ἀναϐολήν.
3607 3443 3688 3496 Καὶ

2150 3537 2251 3602 τῆς
2286 3535 2546 3602 γυναικὸς
2580 3534 2770 3605 ἐπῄνει
2830 3535 2928 3605 τὴν
2978 3535 3425 3603 εύαγωγίαν,κα’ί
3458 3535 3685 3604 συνήδετο.

2151 3627 2508 3698 Κατελεήσας
2555 3626 2648 3679 τοῦ
2678 3626 2857 3696 γάμου
2892 3625 2989 3690 τὰς
3042 3625 3265 3697 πρώτας
3300 3627 3517 3690 ἐλπίδας
3542 3624 3687 3686 6856;

2151 3718 2324 3771 ἐδίδου
2358 3716 2626 3785 σύμϐολον
2660 3718 2756 3786 τῆς
2794 3718 3057 3788 ἐσομένης
3094 3720 3277 3787 γονῆς·
3314 3720 3410 3772 καὶ
3440 3720 3531 3788 τήν
3554 3734 3688 3786 γαμε-

2150 3808 2249 3877 τὴν
2287 3807 2471 3861 λοιπὸν
2501 3805 2649 3877 ἐώρα
2671 3808 2896 3861 ἐπίτεκα
2928 3805 3092 3861 οὖσαν
3142 3810 3170 3861 ό
3212 3810 3374 3878 ἀνήρ.
3412 3810 3516 3862 Καὶ
3567 3805 3687 3858 οὐδὲν

2152 3898 2407 3968 ἐμποδὼν
2448 3899 2581 3968 πρὸς
2614 3901 2713 3970 τὴν
2774 3901 3081 3967 ἀνάγνωσιν
3130 3900 3208 3969 τῷ
3244 3898 3687 3968 Ἀσκληπιοδότῳό

2153 3989 2345 4051 σκότος
2370 3989 2580 4054 ἐγίνετο
2607 3989 2673 4043 ⁴¹⁵¹.
2710 3991 2959 4059 Διηγεῖτο
2989 3990 3045 4043 δὲ
3100 3989 3234 4042 ἄλλα
3271 4008 3330 4043 τε
3392 3984 3464 4042 ὧν
3499 3990 3683 4057 ἀκήκοε,

2150 4082 2245 4135 καὶ
2271 4082 2336 4152 δὴ
2368 4080 2583 4148 καὶτῆς
2636 4081 2802 4133 αὐτοῦ
2849 4080 3024 4150 ὅψεως
3085 4081 3183 4132 οὐκ
3240 4081 3397 4149 ὀλίγα
3452 4080 3685 4147 θαύματος

2150 4171 2295 4236 ἀξια.
2341 4171 2402 4224 Ἦ
2425 4171 2469 4223 δ’
2505 4171 2779 4237 ἄγνωστος
2807 4172 2957 4240 φωνὴ
2986 4172 3108 4223 ὅτου
3141 4170 3227 4240 εἴη
3252 4172 3353 4240 τὴν
3406 4170 3531 4223 ναῦν
3587 4170 3686 4220 ἀνα-

2151 4261 2423 4333 κωχάζειν
2457 4263 2700 4317 ἐκέλευε.
2726 4263 2832 4315 Τοῦ
2862 4264 2905 4293 ³³
2929 4263 3232 4332 ὀμμακοῖου
3269 4263 3314 4294 ⁸³
3338 4263 3439 4331 τῆς
3468 4261 3685 4327 ademi/ia;

2151 4358 2246 4409 καὶ
2269 4355 2438 4425 ἀκοῆς
2463 4356 2598 4423 ἅμα.
2627 4356 2731 4409 Ka't
2757 4355 3055 4408 διετέλεσεν
3079 4355 3207 4425 ἄχρι
3237 4355 3467 4408 θανάτου
3516 4353 3685 4423 ἀμιγὴς

2154 4446 2355 4508 παντὸς
2406 4446 2676 4516 σώματος.
2730 4447 2853 4499 Οὐδ’
2903 4446 3049 4500 ἐστιν
3102 4448 3246 4509 ὅστις
3294 4447 3684 4515 ἐσυκοφάντησεν

472 4520 711 4584 demisit,
748 4535 776 4573 θ
825 4522 1332 4589 supernaturalibus
1382 4525 1731 4581 unitatibus:
1780 4527 1947 4581 Firmi
1998 4537 2049 4583 et

2156 4538 2316 4591 αὐτὸν
2340 4538 2433 4590 ἐπὶ
2458 4539 2735 4601 τοιαύταις
2757 4537 3052 4603 διαϐολαῖς,
3084 4539 3203 4591 οὐδὲ
3231 4538 3339 4591 τῶν
3378 4538 3617 4607 ἐχθίστων
3632 4533 3683 4584 ⁸⁸.

472 4611 662 4668 Galeni
702 4616 1016 4672 nationibus
1056 4628 1112 4672 ut
1151 4620 1442 4689 plurimum
1479 4633 1682 4687 motus,
1728 4632 1823 4676 aut
1869 4624 2048 4676 ineor-

472 4707 651 4775 ruptis
676 4709 1030 4777 conceptibus
1060 4716 1258 4767 mentis
1280 4713 1561 4769 beatorum
1588 4716 1848 4770 virorum.
1882 4715 2050 4771 Justi-

475 4796 604 4848 tiam
634 4797 821 4864 coluit,
856 4810 910 4853 et
943 4816 1061 4870 qua;
1100 4804 1476 4873 pbilosophmn
1511 4809 1725 4873 decent,
1763 4822 1870 4861 non
1911 4809 2048 4862 adu-

473 4887 698 4943 latorios
728 4904 930 4955 mores,
966 4904 1059 4946 aut
1087 4895 1355 4948 sordidos.
1383 4895 1623 4950 Marinus
1647 4905 1868 4965 propter
1899 4897 2049 4950 sedi-

470 4980 673 5036 tionem
725 4982 957 5038 Athenis
1006 4984 1333 5052 Epidaurum
1382 4989 1630 5053 secessit,
1681 4990 2043 5045 subodoratus

470 5073 699 5129 insidias
752 5074 876 5128 vita
913 5088 1274 5143 comparatas.
1304 5078 1544 5134 Marinus
1577 5091 1631 5135 et
1668 5081 1783 5149 ipse
1826 5080 2049 5135 Proclus

472 5181 578 5218 non
612 5181 716 5219 una
749 5165 941 5233 solum,
973 5167 1167 5237 35]!)
1214 5172 1307 5223 sed
1352 5171 1613 5226 ambabus
1646 5174 1895 5227 manibus
1941 5171 2045 5226 lsi-

472 5257 661 5310 dorum
710 5257 945 5327 amplexi
996 5268 1142 5313 sunt.
1190 5259 1410 5316 Proclus
1455 5262 1643 5317 videns
1686 5263 1827 5317 illius
1872 5264 2039 5318 animi

2168 4630 2226 4682 '0
2266 4630 2321 4682 δέ
2354 4631 2595 4700 Μαρῖνος
2621 4630 2666 4664 ⁸⁸
2694 4631 2771 4700 τῷ
2806 4631 2979 4701 ἀτόνῳ
3040 4632 3139 4701 τῆς
3193 4631 3407 4699 φύσεως
3459 4629 3570 4683 οὐδὲ
3612 4625 3684 4677 τοῦ

2159 4721 2495 4791 Παρμενίδου
2518 4722 2615 4792 τὴν
2643 4722 3043 4792 ὑπεραίρουσαν
3069 4723 3325 4793 ἐξήγησιν
3356 4722 3449 4775 τοῦ
3466 4719 3682 4774 ansam-

2156 4809 2249 4862 λου
2281 4810 2532 4879 ήνεγκεν,
2568 4810 2661 4863 ἐπὶ
2694 4811 2762 4863 τὰ
2790 4811 2905 4879 εἴδη
2927 4812 2984 4863 δὲ
3012 4812 3111 4879 τὴν
3138 4812 3369 4882 θεωρίαν
3414 4811 3683 4879 κατήγαγεν

2158 4901 2265 4953 ἀπὸ
2286 4900 2394 4952 τῶν
2422 4901 2761 4970 ύπερουσίων
2788 4901 2987 4954 ἐνάδων
3015 4902 3081 4965 ⁵⁸,
3106 4904 3225 4965 ταῖς
3251 4902 3455 4972 Φίρμου
3497 4900 3583 4954 καὶ
3605 4898 3683 4949 Γα-

2157 4989 2320 5059 ληνοῦ
2348 4990 2408 5041 τὸ
2447 4990 2609 5042 πλέον
2657 4991 2887 5053 ἐννοίαις
2945 4989 3324 5061 ἐπισπώμενος
3376 4991 3551 5061 ἢταῖς
3572 4988 3679 5052 ἀκη-

2158 5081 2338 5151 ράτοις
2387 5079 2665 5144 ἐπιϐολαῖς
2734 5080 2843 5134 τῶν
2891 5081 3177 5150 μακαρίων
3225 5080 3447 5149 ἀνδρῶν.
3500 5074 3680 5145 Ἐθερά-

2159 5189 2291 5224 πευε
2323 5173 2366 5202 ⁸⁷
2397 5172 2465 5224 τὰ
2494 5171 2678 5225 δίκαια
2722 5173 2816 5225 καὶ
2841 5172 3128 5243 φιλοσοφίᾳ
3173 5172 3463 5241 πρέποντα,
3511 5166 3610 5221 ἀλλ’
3631 5164 3675 5215 οὗ

2151 5264 2243 5317 τὸν
2268 5263 2429 5317 θῶπα
2464 5266 2663 5336 τρόπον
2688 5266 2783 5318 καὶ
2834 5264 3122 5334 βάναυσον.
3181 5267 3276 5318 Διά
3318 5265 3417 5333 τὴν
3464 5255 3672 5314 στάσινό

1730 5439 1961 5494 VAle
1998 5440 2401 5497 LECTIONES.

545 5574 783 5649 ³⁸,νέους1
816 5573 1113 5649 νεῳτέρους
1146 5574 1593 5649 ἐκμιμησάμενος
1622 5576 1816 5649 Suidas
1849 5596 1901 5633 v.
1928 5582 2084 5643 Πῖνος
2110 5620 2126 5645 ,
2161 5579 2458 5649 νεωτέρους
2484 5580 2891 5649 ἐκμιμούμενος
2925 5578 3063 5649 idem
3097 5591 3147 5628 ν.
3186 5570 3491 5649 Σαλούστιος
3527 5558 3668 5649 οὗτος.

473 5636 807 5735 nem
1740 5718 1754 5735 .
1778 5648 1832 5679 δι
1855 5650 1998 5735 λόγῳ
2030 5636 2124 5702 δι’
2164 5650 2211 5681 ο·
2247 5636 2596 5735 {eadem
2622 5636 2679 5701 Ἀ
2714 5636 3074 5735 ensem
3106 5636 3667 5735 ξιεεκέῖοιγε·

475 5714 522 5799 ::
546 5714 638 5764 τδν
675 5703 1051 5799 acerne:
1084 5703 1388 5799 .;":=e¢.1
1410 5715 1488 5777 εις
1740 5703 2076 5799 revocas
2259 5720 2301 5799 ξπ
2333 5703 3003 5799 ςέιλοέτεξφίῖπιί,περιδάλιέξν
3250 5709 3478 5799 οθξίλέ
3513 5703 3664 5799 δὲζὲξ

478 5775 909 5856 παρακληθείς
942 5784 1023 5856 A3»
1049 5855 1065 5856 γ
1083 5784 1127 5856 '_’°
1151 5782 1221 5836 cf.
1249 5775 1524 5856 'Sttidas—v.
1550 5775 2111 5856 ’1λάριος’Λντιοχεύς.
2129 5775 2148 5779 ν
2190 5790 2230 5820 ⁸¹
2255 5775 2471 5856 ἐγένετο
2496 5775 2561 5843 Λ’.
2630 5775 2685 5819 ’δ’
2702 5775 2796 5841 τοῦ
2817 5806 2910 5841 om
2937 5788 2998 5843 Β.
3053 5775 3119 5818 ⁷⁸³
3141 5781 3394 5856 ὁμακοῖου
3406 5793 3477 5856 ς.
3544 5775 3663 5839 ’δέχ-

479 5848 673 5901 θίστων
704 5848 811 5904 om.
849 5852 908 5905 Β.
981 5851 1026 5883 ’⁵⁸
1048 5853 1323 5920 Μαριανὸς
1359 5856 1421 5908 Α.

1500 5857 1543 5886 ⁴⁶
1577 5847 1798 5926 ὲνᾶδων]
1829 5861 1883 5911 ἐν
1908 5847 2034 5926 asas
2070 5847 2110 5911 Β
2139 5867 2192 5915 et
2222 5847 2367 5915 coi'r.
2400 5860 2465 5913 A.
2543 5859 2584 5892 ⁸⁷
2619 5857 2941 5929 ἐθεράπευει
2973 5858 3040 5913 cf.
3063 5847 3254 5912 Suidas
3277 5867 3325 5906 ν,
3352 5847 3543 5907 Θῶπες-
