3924 6420
253 392 381 458 1301

1314 394 1839 455 BIBLIOTHECA.
1866 404 1950 427 ‘—
1996 393 2160 452 COD.
2201 392 2477 451 CCXLI].

3370 386 3503 449 1302

246 505 486 573 Μαρῖνος
509 502 567 571 ἐξ
600 503 840 574 Ἀθηνῶν
877 504 956 566 είς
991 503 1313 572 Ἐπίδαυρον
1362 504 1699 575 ἀνεχώρησε,
1726 506 1824 568 τὰς

1940 502 2257 557 indefessam
2293 502 2654 564 alacritatem,
2699 501 2943 556 discendi
2997 511 3245 554 ardorem
3279 499 3504 553 Insatia-

243 594 371 663 ἄχρι
394 591 770 663 τοῦσώματος
802 592 1163 656 ἐκϐαινούσάς
1188 593 1481 657 ἐπιϐουλὰς
1534 594 1822 665 ὑφορώμε-

244 700 352 746 νος.
402 682 461 735 Ὁ
484 683 543 735 δὲ
600 685 866 753 Μαρῖνος,
912 685 1009 739 καὶ
1060 684 1221 747 αὐτὸς
1273 685 1302 737 6
1345 684 1609 755 Πρόκλος,
1653 685 1715 736 οὐ
1754 686 1821 753 τῇ

245 774 407 845 ἑτέρᾳ
450 774 632 845 μόνον,
653 773 768 827 ἀλλ’
789 775 991 844 ἀμφοῖν
1014 778 1127 828 τοῖν
1147 775 1193 809 ⁸⁸
1220 778 1400 846 χεροῖν
1419 777 1512 830 τοῦ
1551 776 1820 846 Ἰσιδώρου

246 864 604 935 περιείχοντο.
644 864 703 917 '0
730 865 788 918 δέ
814 866 1056 936 Πρόκλος
1093 867 1239 936 ὁρῶν
1285 867 1452 920 αὐτοῦ
1480 867 1579 939 τὴν
1612 868 1819 938 προθυο

246 956 379 1025 μίαν
406 957 637 1025 ἄτρυτον
659 952 825 1010 οὖσαν
850 959 943 1011 καὶ
982 960 1082 1028 τὴν
1111 958 1468 1027 φιλομάθειαν
1502 960 1819 1030 ἀκόρεστον,

245 1046 429 1114 πηγὰς
454 1046 629 1114 λόγων
660 1048 740 1107 είς
765 1046 865 1117 τὴν
893 1047 1101 1101 ἐκείνου
1136 1047 1313 1117 ψυχὴν
1338 1048 1519 1115 ἀφιεὶς
1575 1047 1736 1118 ἱερῶν
1762 1064 1822 1099 τε

243 1138 337 1190 καὶ
363 1137 691 1206 φιλοσόφων,
747 1136 1082 1207 γαννύμενος
1130 1136 1279 1207 αὐτῷ
1309 1138 1534 1191 διετέλει
1560 1138 1823 1191 πλατεῖαν

243 1227 494 1296 ύπέχοντι
527 1228 622 1281 καὶ
646 1228 906 1299 ἀριήκοον
932 1228 1032 1298 τὴν
1073 1229 1173 1298 τῆς
1228 1228 1466 1291 διανοίας
1527 1229 1821 1300 ὑποδοχήν.

242 1315 372 1382 Εἷξε
399 1317 587 1380 δεδιὼς
613 1319 713 1389 τὴν
738 1319 1000 1387 ἑκατέρου
1023 1319 1343 1389 ἐπιτίμησιν
1372 1322 1468 1373 καὶ
1493 1319 1610 1389 ἅμα
1639 1319 1820 1390 λύπην

240 1408 677 1478 ἀγανακτοῦσαν.
704 1410 955 1463 Ἐσεισεν
1006 1410 1269 1479 ὑπερφυῆ
1297 1427 1421 1463 τινα
1476 1410 1702 1480 σεισμὸν
1727 1412 1825 1464 καὶ

240 1500 305 1551 οὑ
326 1499 540 1567 φύσεως
567 1496 809 1566 έκγδιον.
833 1496 941 1552 Ἦν
957 1499 1068 1570 ἄρα
1089 1516 1172 1562 τις
1200 1500 1419 1569 Ἀττικὴ
1435 1500 1601 1570 γυνὴ,
1624 1501 1827 1563 πολλὰς

241 1592 418 1644 εἰδυῖα
452 1591 702 1661 μηχανὰς
744 1593 825 1654 είς
854 1590 1020 1664 [1072
1036 1588 1135 1662 8.]
1160 1590 1357 1655 πειθὼ,
1379 1591 1455 1653 ὡς
1483 1590 1736 1657 διέδειξεν
1756 1592 1822 1645 θ’.

242 1684 322 1735 Οὐ
348 1684 445 1753 μιᾷ
476 1683 521 1715 ⁵⁰
546 1685 691 1753 χειρὶ
717 1682 1055 1753 δωρούμενος
1092 1682 1218 1753 ἀλλ’,
1239 1682 1465 1751 ἀμφοῖν,
1522 1682 1668 1735 κατά
1719 1684 1819 1752 τὴν

242 1773 568 1843 παροιμίαν.
600 1772 851 1836 Τοιοῦτος
870 1768 938 1842 ἦν
961 1773 1022 1826 τό
1050 1789 1111 1826 τε
1151 1772 1197 1805 ⁵⁸
1245 1772 1406 1842 σῶμα
1456 1772 1551 1825 καὶ
1596 1771 1694 1844 τὴν
1720 1771 1827 1841 ψυ-

1926 592 2317 657 hilem,multas
2343 592 2396 645 in
2424 591 2571 645 illius
2600 590 2837 644 animum
2868 590 3117 644 derivare
3151 588 3428 641 doctrinas
3450 595 3506 638 et

1934 698 2121 739 sacras
2135 692 2190 737 et
2216 682 2613 751 philosophicas
2633 682 2872 752 gaudens
2892 682 3153 751 perrexit,
3179 681 3331 735 sinus
3349 695 3504 733 men-

1925 778 1995 830 tis
2030 775 2104 829 illi
2134 774 2442 843 pandentis,
2478 783 2532 828 et
2574 774 2823 828 audiendi
2866 774 3170 843 cupidinem
3208 770 3504 828 alferculis.

1924 861 2103 917 Cessit
2126 873 2370 916 metuens
2391 862 2671 932 utriusque
2690 862 3190 931 reprehensionem,
3230 861 3505 931 querelam

1925 958 1983 1005 et
2006 949 2453 1019 indignationem.
2478 949 2783 1004 Concitavit
2819 950 3190 1004 incredibilem
3216 950 3505 1018 quemdam

1930 1048 2162 1104 motum,
2198 1054 2428 1105 eumque
2458 1055 2560 1093 non
2603 1055 2631 1092 a
2667 1050 2859 1093 natura
2897 1039 3221 1108 profectum.
3261 1038 3387 1093 Fuit
3419 1052 3508 1091 sa-

1930 1146 1998 1186 ne
2023 1131 2202 1186 Attica
2246 1131 2460 1195 mulier,
2503 1145 2623 1200 quae
2659 1131 2856 1187 multas
2899 1141 3061 1185 norat
3102 1139 3247 1185 artes
3276 1145 3506 1199 persua-

1926 1221 2111 1287 dendi,
2144 1232 2209 1276 ut
2247 1222 2362 1290 ipse
2400 1223 2681 1285 docuerat,
2721 1237 2827 1275 non
2862 1237 2967 1275 una
3017 1236 3199 1286 manu,
3239 1231 3300 1275 ut
3335 1220 3509 1289 loqui-

1929 1328 2070 1375 mur,
2120 1313 2215 1368 sed
2260 1313 2524 1368 ambabus
2566 1313 2826 1382 largiens.
2874 1312 3022 1367 Talis
3062 1312 3165 1366 fuit
3195 1326 3426 1381 corpore
3456 1322 3511 1364 et

1927 1403 2133 1470 animo,
2186 1412 2245 1457 ut
2297 1403 2355 1469 ii,
2406 1418 2528 1458 cum
2579 1404 2778 1472 quibus
2822 1402 3244 1472 colloqueretur,
3295 1401 3511 1471 quando

1931 1505 2142 1563 tempus
2167 1504 2305 1558 erat,
2338 1495 2628 1549 severitate
2655 1504 2710 1548 et
2751 1495 3055 1548 constantia
3084 1508 3293 1547 morum
3318 1494 3512 1547 verbo-

1930 1600 2159 1655 rmnque
2203 1586 2608 1654 obstupuerint.
2649 1583 2933 1640 Gratiosus
2962 1594 3080 1638 erat
3112 1586 3250 1653 apud
3300 1583 3511 1654 gratio-

1928 1689 2038 1728 sos.
2091 1673 2236 1728 Loco
2262 1672 2619 1742 philosophiae
2651 1673 2856 1741 otiique
2890 1670 3081 1737 felicis,
3114 1671 3179 1723 ad
3211 1671 3508 1738 rempuin-

1928 1782 2046 1822 cam
2096 1766 2335 1835 seipsum
2401 1775 2456 1821 et
2510 1767 2576 1820 ad
2626 1768 2978 1836 magistratus
3011 1766 3259 1821 contulit.
3307 1765 3508 1819 Natura

241 1864 367 1934 χὴν,
398 1864 537 1919 ὥστε
565 1863 1007 1932 καταπληγνύναι
1036 1864 1081 1896 ⁸¹
1106 1864 1173 1933 τῇ
1212 1861 1431 1932 συννοίᾳ
1462 1863 1587 1924 τοὺς
1629 1862 1821 1928 ἐντυγ-

1940 1857 2296 1913 :ontentiosus
2320 1865 2457 1923 erat,
2487 1866 2541 1909 et
2569 1856 2947 1925 insuperabilis
2974 1856 3026 1909 in
3062 1856 3255 1926 quavis
3300 1870 3379 1911 re.
3422 1856 3509 1908 cui

242 1956 530 2021 χάνοντας,
578 1954 742 2024 ἡνίκα
801 1955 992 2023 καιρὸς
1014 1949 1084 2024 ἦν
1129 1952 1459 2023 σεμνότητος
1501 1952 1596 2004 καὶ
1632 1950 1831 2020 ἐμϐρι-

242 2046 519 2115 θεστέρων
560 2044 709 2113 ἠθῶν
744 2063 806 2099 τε
832 2046 926 2099 καὶ
954 2046 1147 2113 λόγων·
1181 2045 1396 2115 χαρίεις
1442 2044 1485 2097 δ’
1504 2038 1571 2097 αὖ
1613 2044 1657 2077 ⁵⁸
1693 2044 1830 2112 πρὸς

241 2135 371 2196 τοὺς
393 2134 702 2205 χαρίεντας.
721 2135 865 2188 Ἀντί
882 2136 991 2206 γάρ
1015 2135 1335 2205 φιλοσοφίας
1361 2135 1453 2188 καὶ
1475 2134 1839 2205 ἀπραγμοσύ-

242 2243 346 2294 νης
375 2226 693 2296 εὐδαίμονος
728 2228 808 2290 εἰς
845 2228 1120 2281 πολιτείαν
1165 2229 1357 2281 ἐαυτὸν
1401 2231 1503 2304 ,καὶ
1544 2228 1626 2290 εἰς
1664 2227 1839 2297 ἀρχὰς

242 2316 449 2382 ἐξέωσε
476 2318 680 2389 φέρων.
703 2318 866 2372 Φύσει
900 2319 958 2372 δὲ
987 2318 1063 2372 ὢν
1106 2319 1404 2386 φιλόνεικος
1429 2321 1524 2373 καὶ
1562 2320 1831 2389 ἀήττητος

1940 1951 2179 2004 animum
2223 1948 2591 2017 applicuisset.
2635 1945 2835 2002 Gloriae
2876 1962 3069 2001 amans
3108 1947 3154 2001 si
3198 1948 3321 2015 quis
3347 1946 3486 1999 alius

1938 2041 2322 2112 ohjurgatoriis
2364 2039 2545 2094 verbis
2587 2038 2953 2107 operibusque
2986 2053 3137 2100 usus,
3174 2046 3374 2105 etquae
3399 2036 3511 2087 vir-

1942 2141 2108 2185 tutem
2146 2130 2312 2183 animi
2358 2129 2507 2183 foras
2544 2129 2926 2198 producerent.
2971 2127 3105 2181 Cum
3143 2124 3514 2194 superioribus

1941 2235 2153 2289 semper
2179 2219 2477 2274 contendit.
2507 2218 2665 2272 Solus
2688 2219 2854 2273 voluit
2881 2219 2931 2271 in
2967 2219 3139 2286 pretio
3166 2215 3370 2278 haberi,
3390 2229 3513 2268 cum

1940 2313 2154 2367 deesset
2207 2311 2281 2365 illi
2341 2311 2591 2375 comitas,
2636 2325 2758 2379 qtne
2804 2310 3141 2379 superiorem
3189 2315 3513 2362 reveretur:

242 2406 335 2474 ἐφ’
363 2408 391 2461 ὃ
420 2425 474 2461 τι
500 2408 567 2462 ἂν
590 2409 878 2481 ὁρμήσειε,
902 2410 996 2463 καὶ
1026 2410 1307 2479 φιλόδοξος
1333 2409 1410 2473 ὼς
1441 2409 1542 2463 οὐκ
1586 2405 1686 2462 οἷδ’
1709 2411 1757 2462 εί
1783 2409 1829 2440 ⁵⁸

1940 2401 2158 2471 plurimi
2204 2415 2337 2456 vero
2402 2400 2742 2470 respiciendo
2804 2400 2869 2454 ad
2921 2399 3143 2468 antiqua
3199 2396 3514 2466 sperabant.

242 2497 432 2567 ἕτερος
473 2499 568 2553 ἐπὶ
597 2501 801 2571 τιμίοις
824 2503 869 2535 ⁵⁸
905 2503 1089 2570 ἔργοις
1138 2518 1198 2555 τε
1246 2503 1337 2554 καὶ
1375 2500 1557 2570 λόγοις
1606 2503 1702 2553 καὶ
1730 2499 1829 2570 τὴν

1940 2496 2291 2566 Pamprcpius
2337 2495 2760 2550 instrumentum
2824 2494 3074 2548 idoneum
3128 2490 3229 2545 fuit
3277 2491 3517 2545 necessi-

244 2589 451 2661 ἀρετὴν
466 2591 541 2653 είς,
563 2590 624 2645 τὸ
646 2592 750 2657 ἔξω
772 2593 1070 2662 προάγουσι
1095 2595 1193 2663 τῆς
1212 2592 1409 2662 ψυχῆς,
1438 2608 1829 2662 προσκρουστι-

1943 2589 2068 2643 tatis
2094 2586 2339 2641 reﬂantis
2378 2586 2671 2642 honestati.
2702 2584 3045 2640 Procedente
3074 2594 3318 2653 tempore
3357 2582 3515 2643 dixit,

246 2681 347 2743 κὸς
375 2681 461 2734 ἀεὶ
487 2682 583 2736 καὶ
607 2684 963 2752 ἀμιλλητικδς
1013 2685 1149 2755 πρὸς
1172 2685 1301 2748 τοὺς
1333 2684 1703 2754 ὑπερέχοντας
1734 2679 1823 2754 ἦν.

1940 2696 2033 2749 pro
2057 2695 2124 2735 eo
2156 2679 2298 2748 quod
2330 2679 2514 2733 instat.

257 2775 554 2832 Ἡὸούλετο
577 2778 636 2834 δέ
676 2780 833 2849 μόνον
873 2780 1169 2851 ἀξιωθῆναι
1202 2782 1231 2834 6
1278 2779 1530 2848 δεόμενος
1573 2779 1673 2847 τῆς
1722 2778 1814 2831 τὸν
1846 2778 2083 2846 ἄρχοντα
2148 2772 2567 2844 προσκυνούσης-
2592 2771 2905 2836 ἐντεύξεως.
2951 2772 3016 2824 Oi
3074 2770 3134 2824 δὲ
3167 2770 3213 2802 ⁸⁸
3278 2768 3520 2821 πλεῖστοι

245 2867 525 2938 ὠρθοῦντο
552 2871 689 2941 πρὸς
737 2871 806 2923 τὰ
851 2874 1053 2943 ἀρχαῖα
1080 2875 1203 2936 ταῖς
1246 2872 1479 2926 ἐλπίσιν.
1513 2872 1785 2942 Ὄργανον
1843 2870 1871 2923 6
1913 2867 2276 2937 Παμπρέπιος
2339 2865 2642 2935 ἐπιτήδειον
2678 2864 2777 2934 τῆς
2822 2862 2958 2934 πρὸς
2993 2861 3056 2916 τδ
3099 2862 3317 2916 κάλλιον
3372 2863 3522 2914 ἀντι-

244 2959 521 3028 πνεούσης
543 2961 787 3028 ἀνάγκης
809 2955 898 3030 ἦν.
936 2960 1093 3015 Κιτά
1150 2962 1229 3015 τὸν
1274 2960 1590 3031 ἱκνούμενον
1618 2960 1829 3030 χρόνον,
1869 2958 1991 3012 ἀντὶ
2017 2956 2108 3009 τοῦ
2140 2955 2277 3009 κατᾶ
2316 2955 2407 3007 τὸν
2431 2955 2673 3009 ἐπιόντα.

326 3048 455 3122 [572
475 3048 570 3122 Η.]
604 3047 728 3102 Ὅτι
770 3051 896 3113 τοὺς
965 3050 1110 3104 κατὰ
1172 3051 1271 3121 τῆς
1338 3053 1490 3121 ἱερᾶς
1537 3052 1695 3120 ἡμῶν
1744 3049 1834 3104 καὶ

2021 3046 2333 3100 Damascius
2385 3060 2716 3099 enumerans
2749 3059 2844 3100 eos
2874 3044 2965 3114 qui
2998 3057 3213 3098 sacram
3258 3048 3313 3097 et
3348 3042 3521 3098 iudiS'

247 3139 596 3194 ἀκαταλύτου
654 3142 891 3203 πίστεως
942 3141 1407 3213 ἐπιλυττήσαντας
1454 3145 1482 3195 ὁ
1523 3142 1834 3212 Δαμάσκιος

1946 3136 2233 3192 solubilem
2258 3135 2415 3189 (idem
2446 3146 2687 3190 nostram
2718 3136 2907 3189 insane
2942 3136 3521 3205 oppugnarunt,etiam

252 3229 682 3301 ἀριθμούμενος,
734 3230 831 3284 καὶ
886 3232 1037 3286 ἄκων
1059 3233 1156 3303 (ὡς
1189 3234 1355 3305 ἔοικε)
1395 3234 1440 3266 ⁸⁷
1481 3234 1575 3288 καὶ
1606 3234 1709 3287 ὑπὸ
1740 3236 1834 3304 τῆς

1946 3238 2002 3282 ut
2039 3236 2281 3298 apparet,
2316 3227 2515 3282 invitus
2546 3235 2599 3281 et
2636 3237 2857 3282 coactus
2877 3222 3129 3282 veritatis
3161 3227 3211 3279 vi
3247 3227 3362 3281 haec
3391 3228 3519 3281 scri-

257 3320 401 3373 κατά
459 3318 559 3391 τὴν
605 3319 891 3390 ἐνάργειαν
921 3322 968 3355 ⁸⁸
1011 3322 1269 3392 ἀληθείας
1337 3323 1658 3393 βιαζόμενος
1708 3324 1834 3379 τάδε

1945 3322 2041 3375 hit.
2067 3321 2311 3375 Conatus
2336 3329 2419 3374 est
2444 3317 2696 3374 Julianus
2725 3320 3039 3387 imperator,
3085 3318 3181 3372 sed
3223 3317 3357 3371 ultra
3387 3334 3525 3386 qua-

255 3410 585 3481 ἀναγράφει.
630 3412 985 3483 Ἐπεχείρησε
1054 3415 1151 3485 μὲν
1199 3415 1308 3484 γὰρ
1336 3417 1431 3469 καὶ
1460 3419 1506 3450 ⁸⁸
1551 3417 1834 3480 Ἰουλιανὸς

1940 3419 2060 3466 tuor
2075 3426 2246 3466 annos
2264 3426 2369 3466 non
2390 3425 2705 3479 progressus
2721 3408 3160 3480 est.Cogitavitet
3179 3410 3319 3465 idem
3340 3420 3521 3477 postea

254 3501 283 3552 6
308 3499 587 3572 βασιλεὺς,
620 3501 733 3554 ἀλλ’
760 3502 924 3556 ἐτέων
973 3504 1073 3558 οὐκ
1114 3504 1287 3575 ἐπέϐη
1335 3506 1603 3577 πισύρων,
1629 3509 1834 3577 ἐπεχεί·

1940 3502 2137 3557 Lucius
2153 3505 2258 3557 dux
2278 3502 2484 3558 militiae
2502 3502 2749 3575 Byzantii
2766 3504 2866 3557 sub
2882 3503 3210 3570 Theodosio,
3236 3505 3324 3571 qui
3358 3517 3526 3556 cona-

260 3613 398 3665 ρησε
435 3596 494 3650 δέ
532 3592 743 3666 χρόνοις
766 3594 994 3666 ὕστερον
1017 3598 1112 3650 καὶ
1150 3598 1398 3663 Λούκιος,
1437 3599 1573 3670 ἀνὴρ
1624 3600 1683 3651 ἐν
1734 3599 1834 3652 Βυ-

1943 3602 2027 3647 tus
2050 3593 2778 3663 imperatoreminterticere,
2802 3594 2856 3648 iu
2885 3594 3148 3664 palatium
3167 3593 3316 3648 venit
3351 3602 3403 3647 et
3441 3602 3525 3647 ter

262 3687 468 3757 ςαντίῳ
493 3687 592 3757 τὴν
632 3688 965 3759 στρατηγίδα
988 3689 1162 3760 ἀρχὴν
1189 3691 1234 3722 ⁸ο
1275 3690 1382 3742 ὑπὸ
1408 3688 1622 3759 βασιλεῖ
1653 3690 1834 3743 Θεοδο-

1943 3691 2159 3737 tentans
2193 3683 2429 3754 gladium
2462 3685 2715 3748 educere,
2746 3685 3068 3755 perterritus
3095 3685 3349 3739 decessit.
3383 3684 3530 3737 Vidit

263 3778 371 3848 σίῳ
398 3778 642 3846 κοσμῶν,
670 3776 729 3839 ὃς
791 3778 1071 3849 πειραθεὶς
1102 3781 1192 3832 τὸν
1220 3780 1443 3849 βασιλέα
1471 3780 1681 3833 ἀνελεῖν
1710 3780 1834 3833 εῐσω

1942 3776 2085 3829 enim
2137 3785 2357 3845 repente
2417 3776 2697 3831 mulierem
2739 3775 3010 3831 inusitatae
3050 3774 3439 3847 magnitudinis
3475 3784 3529 3828 et

258 3867 375 3920 τῶν
407 3867 700 3937 βασιλείων
725 3868 988 3941 παρῆλθε,
1008 3871 1103 3923 καὶ
1134 3870 1257 3942 τρὶς
1296 3870 1530 3943 θελήσας
1556 3872 1834 3939 ἐξελκύσαι

1949 3865 2271 3929 terribilem,
2308 3883 2337 3920 a
2373 3875 2523 3937 tergo
2547 3866 2910 3922 Theodosium
2947 3867 3368 3936 amplexantem.
3402 3865 3534 3920 Post

257 3957 359 4010 τοῦ
388 3958 577 4011 κολεοῦ
604 3959 647 3989 ⁶¹
684 3958 746 4011 τὸ
823 3959 977 4028 ξίφος
1001 3961 1344 4030 ἀπετρέπετο
1375 3963 1844 4033 καταπεπληγμέ-

260 4063 356 4109 νος
382 4062 397 4078 ο
416 4046 563 4117 ἐώρα
585 4047 692 4118 γὰρ
719 4047 981 4117 ἐξαίφνης
1006 4051 1237 4115 γυναῖκα
1280 4050 1523 4121 μεγάλην
1573 4052 1669 4105 καὶ⁹
1720 4051 1842 4121 βλο-

265 4139 446 4209 συράν
476 4141 990 4210 περιπτυσσομένην
1042 4140 1185 4193 κατὰ
1229 4141 1414 4195 νώτων
1445 4141 1489 4173 ⁶²
1524 4143 1615 4195 τὸν
1640 4143 1687 4173 ⁸³
1712 4143 1845 4195 Θεο-

263 4228 468 4283 δόσιον.
496 4229 653 4283 Μετά
690 4229 860 4283 ταῦτα
893 4231 922 4283 6
948 4230 1122 4299 μέγας
1174 4231 1274 4301 τῆς
1322 4232 1399 4285 ἕω
1466 4233 1846 4303 στρατηλάτης

265 4318 654 4390 ἐπεχείρησεν,
687 4321 800 4373 ἀλλ’
825 4321 1100 4391 ἐπεσχέθη
1133 4320 1309 4391 βίαιον
1354 4324 1655 4394 εὑράμενος
1686 4324 1850 4378 θάναο

266 4427 362 4463 τον
385 4425 399 4441 ⁸
436 4410 545 4464 ἀπὸ
572 4409 680 4479 γάρ
709 4408 800 4463 τοῦ
832 4411 999 4463 ἵππου
1034 4412 1215 4464 πεσὼν
1244 4414 1339 4465 καὶ
1390 4414 1452 4464 τὸ
1516 4412 1710 4475 σκέλος
1743 4430 1848 4465 καο

271 4501 386 4563 κῶς
410 4500 679 4563 διατεθεὶς
708 4500 1029 4571 ἐτελεύτησε
1059 4502 1148 4555 τὸν
1175 4502 1310 4570 βίον.
1334 4500 1468 4556 Εἶτα
1496 4503 1848 4575 Σεόηριανὺς,

1947 3957 2061 4012 haec
2089 3973 2315 4028 magnus
2360 3959 2585 4013 orientis
2635 3958 2826 4013 ductor
2859 3956 3010 4013 Zeno
3056 3959 3109 4013 id
3152 3968 3379 4014 conatus
3420 3968 3528 4018 est.

1946 4051 2040 4103 sed
2076 4050 2306 4103 violenta
2338 4059 2511 4103 morte
2542 4051 2867 4118 praepeditus
2890 4050 3008 4103 fuit.
3035 4047 3171 4103 Nam
3194 4049 3393 4120 352a
3438 4064 3532 4103 ca—

1946 4140 2081 4194 dens
2132 4154 2198 4193 ex
2230 4155 2371 4208 equo
2416 4155 2543 4194 crus
2574 4140 2926 4209 confringens
2973 4140 3291 4208 exspiravit.
3333 4140 3535 4195 Deinde

1952 4232 2283 4287 Severianus
2326 4242 2508 4285 noster
2541 4231 2676 4286 civis
2714 4240 2904 4287 nostro
2947 4240 3211 4301 tempore,
3257 4246 3378 4284 cum
3411 4231 3535 4285 aliis

1951 4322 2228 4376 nonnullis
2252 4321 2648 4391 compluribus,
2682 4338 2871 4391 parum
2905 4322 3077 4375 abfuit
3101 4323 3231 4391 quin
3271 4322 3532 4375 multare-

1954 4422 2043 4465 tur
2078 4422 2252 4467 morte
2284 4422 2504 4481 propter
2531 4413 2872 4467 consciorum
2895 4412 3203 4480 perﬁdiam,
3231 4419 3283 4464 et
3306 4410 3533 4464 aliorum

1954 4503 2209 4566 fortasse,
2242 4512 2295 4558 et
2326 4504 2629 4557 Armorichi
2673 4502 2767 4555 ﬁlii
2805 4502 3047 4571 Asperis,
3075 4502 3165 4569 qui
3198 4502 3535 4569 conjuratio-

270 4594 462 4663 φησὶν,
490 4592 765 4663 ὁπολίτης
826 4593 981 4663 ἡμῶν
1011 4596 1070 4647 ἐν
1123 4597 1237 4657 τοῖς
1290 4593 1411 4649 καθ’
1459 4596 1605 4666 ἡμᾶς
1638 4597 1834 4667 χρόνοις

1957 4610 2077 4650 nem
2116 4594 2320 4650 Zenoni
2361 4594 2586 4648 detexit.
2623 4593 2824 4647 Praeter
2860 4593 2959 4646 hos
2996 4601 3050 4645 et
3084 4590 3291 4646 Marsus
3311 4601 3364 4644 et
3388 4592 3533 4651 lllns.

273 4683 416 4753 μετά
457 4684 554 4736 καὶ
579 4682 756 4737 ἄλλων
792 4684 1021 4753 συχνῶν·
1052 4685 1097 4716 ⁸³⁵
1122 4686 1236 4738 ἀλλ’
1263 4686 1445 4753 ὀλίγου
1489 4687 1600 4740 δεῖν
1634 4687 1849 4758 Θανάτῳ

271 4772 562 4844 ἐζημιώθη
615 4774 681 4826 δι’
716 4776 977 4827 ἀπιστίαν
1024 4775 1133 4830 τῶν
1188 4768 1527 4843 συνειδότων,
1574 4778 1749 4832 ἄλλων
1788 4796 1851 4832 τε

275 4866 432 4927 ἴσως,
460 4865 555 4917 καὶ
606 4865 989 4936 Ἐρμενερίχου
1032 4867 1076 4898 ⁸⁸
1126 4866 1220 4919 τοῦ
1251 4869 1525 4939 Ἀσπερος
1553 4870 1599 4902 ⁸⁸
1662 4870 1853 4933 παιδὸς

273 4956 583 5021 ἐξειπόντος
630 4956 730 5027 τὴν
782 4958 1124 5026 συνωμοσίαν
1172 4957 1251 5028 τῷ
1298 4962 1527 5030 Ζήνωνι.
1581 4962 1727 5031 Πρὸς
1771 4957 1854 5025 οἷς

277 5046 505 5115 Μάρσος
532 5045 624 5098 καὶ
679 5046 909 5109 Ἴλλουςο
939 5040 1013 5100 ὧν
1035 5048 1064 5098 6
1114 5048 1212 5116 μὲν
1275 5049 1500 5119 Μάρσος
1534 5051 1591 5103 ἐν
1619 5052 1754 5121 αὐτῇ
1785 5053 1851 5121 τῇ

280 5135 650 5188 ἐπαναστάσει
698 5136 838 5205 νόσῳ
884 5136 1165 5205 τέθνηκεν,
1221 5138 1250 5190 6
1309 5139 1364 5191 δὲ
1400 5139 1606 5203 ’Ἱλλους
1661 5142 1851 5213 συλλη-

1958 4699 2189 4755 quorum
2239 4685 2472 4749 Marsus,
2522 4688 2575 4741 in
2636 4686 2752 4752 ipsa
2823 4682 3138 4747 rebellione,
3190 4682 3379 4735 morbo
3437 4698 3536 4736 cx-

1959 4778 2192 4832 stinctus
2221 4786 2323 4831 est.
2348 4776 2525 4847 Caput
2557 4778 2608 4831 in
2651 4777 2885 4831 hostium
2920 4776 3222 4831 exercitum
3243 4775 3535 4841 jaculatur,

1959 4882 2193 4934 superne
2221 4883 2251 4922 e
2284 4884 2416 4937 rupe
2438 4869 2828 4938 praecipitatur.
2859 4869 3182 4922 Ammonius
3203 4883 3393 4921 amans
3429 4878 3541 4920 lur-

1961 4960 2043 5026 pis
2091 4959 2248 5024 lucri,
2289 4970 2343 5014 et
2363 4959 2543 5014 omnia
2577 4961 2641 5013 ad
2672 4974 3051 5028 quamcunque
3079 4959 3364 5012 utilitatem
3398 4957 3541 5010 rele-

1961 5066 2115 5116 rens,
2146 5051 2439 5122 paciscitur
2467 5067 2588 5107 cum
2636 5067 2722 5115 eo,
2774 5052 2864 5120 qui
2909 5060 3034 5106 tunc
3069 5052 3410 5120 inspecturus
3443 5063 3537 5101 ve-

1962 5154 2114 5196 nerat
2139 5182 2153 5206 ,
2187 5157 2433 5211 quaenam
2491 5152 2637 5198 esset
2683 5143 3023 5211 praevalitura
3053 5142 3254 5210 opinio.
3292 5138 3538 5208 Supelle-

281 5224 439 5292 φθεὶς
486 5225 629 5294 ξίφει
687 5228 780 5280 τὸν
817 5228 929 5296 βίον
983 5229 1367 5299 κατέστρεψεν.
1410 5231 1701 5297 Ἀκοντίζει
1758 5233 1834 5304 τὴπ

1964 5235 2106 5291 ctilia
2137 5244 2290 5289 erant
2309 5233 2487 5288 omnis
2504 5234 2716 5303 generis
2742 5234 3023 5298 librorum,
3053 5247 3173 5287 cum
3200 5230 3381 5287 liberis
3406 5243 3538 5297 ope-

1560 5393 1793 5449 VARUE
1823 5392 2112 5450 LECTION
2120 5392 2223 5448 ES.

356 5500 402 5531 ⁸⁸
429 5501 549 5553 ταῖν
574 5500 634 5555 Β.
673 5569 686 5580 ⁸
712 5502 756 5535 ⁸⁸
787 5502 1076 5580 διεδίδαξεν
1114 5522 1176 5569 ς.
1208 5573 1220 5580 _
1250 5506 1297 5537 ⁵ο
1326 5507 1386 5580 οὐ
1422 5506 1542 5580 μιᾷ]
1579 5507 1799 5580 Suidam
1823 5524 1874 5563 v.
1907 5505 2709 5580 Gaayévn;_conl'ert_Leichiu_s
2749 5520 2801 5580 p.
2841 5502 2981 5580 X_X_l.
3017 5574 3032 5580 _
3057 5504 3101 5580 ⁸ξ
3132 5502 3195 5580 ⁸ςᾴ
3217 5518 3274 5555 τε
3305 5503 3427 5580 θάρ.
3453 5505 3537 5580 _A_-

283 5568 329 5599 τ’
368 5569 778 5650 καταπηγνύναι
824 5573 900 5650 Β,
933 5568 1314 5650 καταπηγύ-ναι
1358 5568 1442 5642 Α,
1494 5568 1906 5650 καταπλαγῆναι
1938 5597 1999 5650 ς.
2030 5568 2043 5577 ’
2075 5568 2221 5632 ⁵³ἀῦ
2270 5578 2314 5650 ᾼ
2372 5571 2593 5650 εμῇνῄς.
2617 5646 2628 5650 Δ
2671 5576 2716 5607 ⁸⁸
2752 5568 2801 5625 εί
2838 5576 2963 5650 add.
3012 5574 3285 5650 Lej‘chiu-s.
3363 5573 3410 5604 ⁸⁸
3448 5573 3543 5625 ἐπὶ

284 5638 506 5714 ῗέμίοιέ]
549 5638 821 5714 ἔπιῖεμοις
863 5644 908 5696 Α
957 5660 969 5694 ε
1020 5638 1313 5714 ὲπιτίμίοις
1362 5638 1437 5709 ς(
1513 5649 1559 5682 ⁸⁸
1590 5651 1637 5700 οἱ
1668 5638 1729 5701 δὲ
1756 5638 1827 5689 '—'
1868 5638 2080 5702 ἐλπίσιν
2117 5663 2227 5703 οιη.
2270 5646 2329 5701 Β.
2407 5638 2466 5677 ’τ’
2492 5638 2566 5708 ὡς
2603 5646 2745 5698 ἔοικε
2776 5659 2884 5714 om.
2935 5644 2999 5697 A.
3077 5642 3121 5675 ⁸⁸
3162 5642 3444 5714 ἐνέργειαν
3474 5659 3537 5704 ς.

288 5706 333 5736 ’θ
379 5706 611 5762 καὶῒιιιι.
648 5706 714 5763 ΑΖ
760 5714 860 5765 οὐκ
908 5730 935 5766 a
979 5706 1514 5770 correctore’hahent
1553 5718 1659 5770 All.

290 5775 335 5804 '”
363 5776 533 5832 ἄλλων
558 5781 717 5834 τινῶν
749 5784 957 5851 συχνῶν
982 5801 1042 5848 ς.

1738 5720 1783 5749 ⁶⁰
1827 5719 2016 5787 ἄρχειν
2056 5737 2115 5784 ες.
2194 5718 2235 5749 ⁸⁸
2286 5716 2507 5769 κουλεοῦ
2554 5733 2613 5778 ς.
2691 5714 2734 5745 ⁶²
2772 5712 2938 5787 νώτου
2986 5731 3045 5776 ς,

1120 5788 1163 5817 ⁸⁵
1209 5786 1588 5857 Ἐρμενερίχου
1621 5793 1683 5855 Α,
1727 5786 2107 5860 ’Λρμενερίχου
2140 5787 2180 5845 C
2226 5806 2239 5842 :
2286 5786 2606 5859 ’Λρμερίχου
2642 5803 2700 5849 ς.

3122 5713 3169 5743 ⁸³
3191 5712 3280 5763 τὸν
3318 5727 3429 5766 om.
3469 5718 3534 5770 Λ.

2792 5785 2835 5815 ⁶⁶
2881 5785 3161 5854 Ἀσπαρος
3185 5780 3243 5836 Β.
3270 5786 3285 5797 ⁸
