3924 6430
370 351 509 414 1303

1538 354 1800 413 ΡΗΟΤῙΙ
1839 356 2343 419 PATRIARCH/E
2379 362 2488 421 CP.

3490 378 3620 446 1304

366 483 481 520 ram
518 465 683 523 dabat
722 467 898 535 gratia
925 464 1256 534 reipublicze.
1310 464 1500 521 Verbis
1548 468 1807 536 primum,
1858 470 1941 524 in-

2056 473 2290 544 κεφαλὴν
2319 476 2398 538 εἰς
2424 474 2485 527 τὸ
2526 477 2637 531 τῶν
2692 478 2967 549 πολεμίων
3002 485 3388 554 στρατόπεδον.
3414 491 3619 547 ἀνωθεν

365 558 483 624 quit
520 564 731 622 auctor,
769 557 1041 625 specimen
1084 557 1249 623 edidi,
1290 557 1574 611 rhetoricae
1606 558 1827 627 pallium
1862 560 1947 613 iu-

365 649 539 703 duens
586 666 599 703 :
643 662 811 718 quare
862 656 980 701 erat
1030 647 1250 716 pallium
1300 648 1464 702 etiam
1519 649 1837 716 oratorium,
1893 660 1952 706 ut

369 738 822 809 philosOphicum.
872 737 1077 794 Natura
1109 740 1357 797 homines
1394 741 1583 797 otiosa:
1622 742 1747 797 vitae
1782 744 1953 797 virtu—

368 838 478 886 tem
518 832 786 897 tribuunt,
818 846 941 887 cum
992 846 1111 887 meo
1150 832 1368 902 quidem
1408 832 1614 899 judicio
1644 834 1724 887 sic
1749 848 1809 887 se
1842 850 1949 889 non

370 919 589 973 habeat.
620 918 804 975 Virtus
835 922 981 975 enim
1014 922 1067 975 in
1104 922 1277 977 media
1306 922 1578 990 republica
1606 922 1658 975 in
1699 924 1952 979 civilibus

370 1007 563 1063 oﬂiciis
599 1017 655 1064 et
690 1010 1030 1066 sermonibus
1064 1024 1310 1073 versans,
1357 1008 1597 1063 animum
1634 1008 1701 1063 ad
1734 1009 1949 1065 fortitu-

371 1099 552 1155 dinem
600 1110 840 1164 exercet,
888 1108 945 1155 et
994 1100 1322 1170 experientia
1374 1100 1545 1171 magis
1598 1100 1953 1156 conﬁrmatur

371 1192 502 1260 quid
541 1208 733 1247 sanum
781 1195 855 1248 sit
899 1202 955 1248 et
1006 1192 1276 1262 integrum
1320 1211 1335 1249 :
1388 1193 1629 1263 quidque
1669 1194 1852 1250 licium
1899 1204 1953 1250 et

371 1283 737 1339 adulterinum
770 1283 946 1339 latitet
972 1284 1025 1338 in
1061 1283 1336 1338 hominum
1370 1285 1502 1339 vita.
1536 1284 1649 1340 Hoc
1673 1302 1833 1341 omne
1863 1302 1949 1341 re-

370 1378 748 1443 prehenditur,
803 1387 859 1432 et
906 1376 1065 1431 citius
1111 1376 1485 1431 emendatur:
1545 1377 1667 1432 boni
1718 1393 1845 1432 vero
1897 1389 1952 1433 et

370 1466 623 1522 utilitatis
664 1475 924 1536 quantum
956 1474 1039 1521 est
1095 1466 1149 1521 in
1190 1467 1353 1522 rebus
1386 1468 1643 1536 publicis,
1688 1480 1949 1539 quantum

371 1566 431 1611 et
475 1558 812 1613 conﬁdentiae
836 1571 891 1613 et
916 1557 1273 1613 fortitudinis.
1315 1561 1496 1625 Quare
1527 1561 1806 1617 orationes
1834 1561 1950 1631 pri-

373 1649 537 1703 vatim
565 1649 850 1716 habentes,
882 1660 939 1706 et
973 1650 1138 1704 multa
1170 1651 1375 1723 optime
1401 1660 1455 1707 et
1480 1653 1727 1723 graviter
1764 1654 1831 1710 de
1861 1654 1951 1725 ju-

369 1739 518 1793 stitia
552 1748 606 1795 et
644 1740 1001 1809 temperantia
1038 1739 1503 1811 philosophantes,
1543 1741 1610 1796 ad
1654 1756 1741 1797 res
1772 1745 1949 1799 coacti

2050 562 2160 616 ἀπὸ
2195 568 2296 635 τῆς
2342 567 2546 637 πέτρας
2604 570 3029 637 ἀποδισκεύσας.
3085 575 3147 629 '0
3194 578 3251 632 δὲ
3314 581 3621 653 ’Δμμώνιος

2050 655 2442 728 αἰσχροκερδὴς
2464 658 2540 711 ὢν
2581 661 2675 714 καὶ
2702 662 2880 717 πάντα
2927 664 3073 734 ὀρῶν
3107 668 3188 731 εις
3244 676 3625 745 χρηματισμὸν

2051 746 2353 814 ὁντιναοῦν,
2387 749 2678 821 ὁμολογίας
2701 754 2910 810 τίθεται
2941 758 3080 829 πρὸς
3101 761 3193 815 τὸν
3218 762 3621 821 ἐπισκοποῦντα

2050 837 2112 890 τὸ
2125 838 2169 870 ⁸⁷
2192 840 2494 910 τηνικαῦτα
2511 844 2613 915 τὴν
2638 847 2946 917 κρατοῦσαν
2964 850 3143 916 δόξαν.
3166 854 3420 925 Γρυμαία
3447 859 3625 914 ἔκειτο

2052 930 2410 983 παντοδαπῶν
2444 932 2687 1002 βιϐλίων.
2721 937 2891 992 Ὅταν
2943 941 3300 1016 ἀφροδισιάζη
3354 945 3449 999 ἐπὶ
3494 964 3626 1002 παι-

2051 1018 2267 1092 δοποιίᾳ¹
2324 1022 2595 1095 πολιτικῇ.
2644 1026 2852 1093 Λόγους
2879 1028 2947 1095 ⁸⁸,
2976 1032 3145 1100 φησὶν
3177 1036 3205 1088 ὀ
3253 1041 3627 1107 συγγραφεὺς,

2053 1112 2453 1185 ὲπεδεικνύμην
2481 1116 2768 1188 πρότερον,
2818 1120 2912 1176 τὸν
2943 1124 3039 1179 ἐπὶ
3069 1128 3334 1201 ῥητορικῇ
3388 1129 3631 1201 τρίϐωνα

2052 1204 2431 1274 περιθέμενος,
2464 1208 2607 1263 ὥστε
2648 1206 2718 1284 ἦν
2747 1214 2840 1267 καὶ
2869 1216 3075 1289 τρίϐων
3103 1221 3413 1292 ῥητορικὸς,
3439 1224 3631 1287 (beant

2052 1295 2363 1386 φιλόσοφος.
2392 1300 2679 1366 Πεφύκασι
2710 1305 2769 1359 δὲ
2798 1308 2843 1340 ⁸⁷
2865 1309 3145 1383 ἄνθρωποι
3204 1314 3274 1385 τῇ
3315 1316 3630 1386 pamph-

2056 1383 2303 1476 μονιζωῇ
2320 1389 2420 1457 τὴν
2441 1390 2642 1462 ἀρετὴν
2656 1395 3032 1468 ἐπιφημίζειν,
3052 1402 3150 1473 οὐχ
3164 1383 3334 1470 οὕτως
3353 1404 3472 1476 εχον
3489 1383 3634 1462 κατά

2052 1475 2243 1570 γετὴν
2267 1478 2407 1570 ἐμὴν
2457 1481 2641 1551 κρίσιν
2667 1486 2735 1540 ⁷⁸.
2786 1486 2853 1542 Ἦ
2884 1491 2995 1563 γάρ
3025 1494 3084 1547 ὲν
3118 1494 3259 1568 μέση
3283 1498 3350 1568 τῇ
3382 1475 3630 1570 πολιτείᾳ

2052 1564 2140 1659 διά
2171 1566 2278 1619 τῶν
2306 1568 2602 1625 πολιτικῶν
2643 1574 2822 1646 ἔργων
2846 1597 2905 1634 τε
2939 1584 3031 1637 καὶ
3290 1564 3629 1659 ἀναστρεφολ

2057 1657 2193 1749 μίνη
2215 1659 2382 1732 ἀρετὴ
2406 1665 2674 1731 γυμνάζει
2707 1685 2769 1722 τε
2796 1671 2898 1742 τὴν
2917 1673 3098 1745 ψυχὴν
3122 1677 3261 1746 πρὸς
3279 1678 3341 1730 τὸ
3374 1657 3629 1749 ἐρρωμε-

2054 1746 2329 1820 νέστερον,
2361 1754 2454 1807 καὶ
2493 1757 2806 1827 βεϐαιοῦται
2841 1762 3043 1831 μᾶλλον
3109 1765 3203 1818 ἐπὶ
3223 1765 3267 1797 ⁷¹
3298 1746 3631 1837 τῆςῆπείρας,

369 1829 723 1895 descendere,
752 1831 907 1886 valde
940 1832 1121 1901 inepte
1153 1846 1214 1887 se
1256 1842 1472 1900 gerunt.
1506 1831 1755 1888 Proclum
1786 1834 1950 1891 Athe-

2061 1837 2184 1892 ὅσον
2211 1842 2381 1915 αὐτῆς
2414 1826 2563 1917 ὑγιές
2592 1867 2654 1904 τε
2682 1853 2779 1905 καὶ
2803 1826 3116 1927 ὀλόκληρον
3142 1856 3268 1911 ὅσον
3286 1826 3631 1928 ditissimi

368 1932 470 1972 nas
504 1919 582 1974 ire
608 1920 789 1975 adhuc
820 1920 873 1974 in
911 1935 1136 1988 corpore
1180 1920 1557 1977 exsistentem.

2064 1930 2157 2019 καὶ
2179 1932 2513 1994 ἐπίπλαστον
2541 1942 2851 2010 ἑμφωλεύει
2876 1948 2996 2009 ταῖς
3023 1946 3392 2019 ἀνθρωπίναις
3442 1950 3628 2014 ζωαϊς.

364 2007 527 2064 τοῦτο
552 2010 659 2065 πᾶν
698 2010 1028 2082 διελέγχεται
1063 2011 1157 2064 καὶ
1187 2010 1528 2080 ἑτοιμότερον
1557 2012 1602 2044 ⁷³
1620 2012 1946 2069 καθίσταται
1986 2017 2123 2087 πρὸς
2151 2020 2459 2091 διόρθωσιν.
2491 2007 2657 2084 reas
2703 2007 3039 2106 ἀγαθοεργόν
3065 2007 3143 2089 τε.
3186 2039 3283 2092 καὶ
3363 2007 3637 2108 ῶφελητιλ

366 2100 462 2153 κὺν
487 2100 611 2155 ὅσον
642 2101 791 2155 ἐστὶν
822 2103 878 2155 ὲν
907 2104 1018 2165 τοῖς
1068 2100 1495 2171 πολιτεὺμασινί
1536 2103 1599 2156 τὸ
1636 2104 1695 2157 δὲ
1727 2103 2029 2177 θαρραλέον
2064 2112 2158 2164 καὶ
2222 2114 2439 2184 βέϐαιον
2468 2120 2515 2151 ⁷³
2580 2100 2806 2193 sum!
2883 2100 3176 2198 τοιγαροῦν
3230 2129 3283 2182 οί
3366 2100 3437 2182 ὲν.
3464 2100 3636 2203 γωνίᾳ

366 2192 670 2292 καθήμενοι
714 2192 860 2260 λόγοι
890 2193 1198 2292 ",-[107§_
1221 2192 1312 2264 IL]
1343 2193 1437 2247 καὶ
1493 2193 1663 2292 παλλᾶ
1713 2196 2131 2292 φιλοσοφοῦντες
2161 2199 2222 2258 εὖ
2259 2207 2406 2277 μάλα
2468 2192 2684 2283 σεμνῶς
2739 2216 2870 2287 περὶ
2911 2192 3123 2274 δικαίου
3191 2220 3289 2273 καὶ
3350 2192 3632 2292 σωφροσιῖζ

366 2300 489 2353 νης,
513 2282 785 2339 ἐκϐαίνειν
812 2286 905 2339 ἐπὶ
928 2285 1027 2348 τὰς
1050 2284 1282 2357 πράξεις
1310 2286 1751 2357 ἀναγκαζόμενοι
1781 2289 1932 2345 δεινά
1968 2293 2108 2357 ἀσγιπ
2120 2298 2395 2357 μονοῦσιν.
2428 2304 2525 2369 El;
2562 2304 2794 2362 ’Δθίναρ
2816 2282 2910 2364 καὶ
2968 2310 3214 2366 Πρόκλον
3284 2282 3510 2368 ἀπαίρει
3534 2314 3615 2369 ἔτι

366 2375 826 2450 διακρατούμενον
851 2382 911 2434 ὲν
946 2380 1023 2453 τῷ
1051 2380 1311 2452 σώματι.-

440 2471 677 2540 Agapius
698 2473 882 2542 gravis
920 2475 1081 2529 simul
1139 2485 1195 2530 et
1257 2475 1460 2542 facilis,
1513 2478 1797 2549 antiquam
1845 2481 1952 2537 lin-

367 2578 526 2635 gnam
557 2578 719 2633 supra
750 2565 1023 2635 vulgarem
1055 2567 1319 2634 imitatus,
1352 2584 1543 2625 omnes
1569 2572 1622 2625 in
1646 2586 1705 2625 se
1736 2570 1949 2643 Byzan-

367 2655 511 2710 tinos
537 2656 827 2710 convertit.
856 2658 1223 2713 Admirationi
1259 2660 1358 2713 fuit
1391 2662 1736 2718 Alexandriae
1775 2664 1950 2719 diser-

369 2745 443 2800 tis
503 2745 854 2800 bominibus:
890 2748 1145 2801 omnibus
1204 2748 1352 2803 enim
1399 2751 1611 2807 artibus
1642 2752 1946 2809 instructus

367 2844 509 2889 erat.
578 2834 806 2891 Volebat
862 2835 1058 2907 352!)
1128 2840 1515 2907 grammaticos
1570 2851 1623 2896 et
1695 2843 1948 2898 rhetores

370 2927 691 2983 examinare
716 2938 770 2984 et
805 2928 1077 3011 judicare,
1118 2941 1195 2997 et,
1263 2942 1322 2985 ut
1378 2936 1568 3000 paucis
1625 2935 1831 3001 dicam,
1894 2936 1951 2990 in

370 3018 645 3087 sapientia
700 3020 1108 3090 quadrangulus
1149 3036 1273 3077 esse
1331 3024 1634 3091 videbatur,
1682 3035 1738 3079 et
1784 3027 1949 3081 etiam

369 3120 514 3165 erat.
542 3108 799 3179 Magnum
830 3110 1090 3168 honorem
1117 3111 1314 3168 Gesius
1338 3125 1664 3171 consecutus
1692 3125 1797 3183 est,
1840 3133 1947 3171 non

370 3200 547 3255 solum
588 3178 735 3271 quod
786 3211 905 3256 arte
956 3203 1169 3257 medica
1210 3205 1439 3271 valeret,
1492 3216 1548 3261 et
1600 3178 1844 3264 docendo
1895 3178 2020 3264 etc

369 3294 647 3361 Operando
679 3310 691 3347 :
721 3294 814 3348 sed
840 3294 1006 3348 etiam
1044 3293 1115 3349 ob
1136 3309 1351 3349 omnem
1377 3295 1540 3351 aliam
1560 3298 1951 3365 eruditionem,

370 3382 673 3436 dialecticis
700 3398 820 3439 sese
850 3385 1143 3439 instruens.
1187 3385 1395 3441 Isidoro
1429 3386 1693 3441 Domnam
1726 3402 1949 3441 uxorem

368 3477 618 3539 ducente,
648 3484 807 3530 natus
843 3486 926 3531 est
962 3477 1127 3543 ﬁlius,
1166 3492 1325 3547 quem
1356 3477 1608 3535 Proclum
1627 3479 1949 3535 nominavit.

369 3565 576 3625 Domna
610 3567 800 3636 quinto
842 3579 962 3638 post
997 3578 1208 3638 partum
1263 3572 1352 3627 die
1395 3584 1607 3626 mortua
1642 3611 1659 3638 ,
1694 3572 1950 3627 maritum

371 3657 756 3726 philosophum
802 3660 941 3714 mala
977 3660 1111 3727 l'era,
1168 3678 1465 3732 amaraque
1499 3662 1756 3735 coningio
1815 3665 1957 3719 libe-

370 3750 532 3804 ravit.
564 3750 915 3822 Esculapius
955 3752 1133 3825 Beryti
1188 3770 1292 3810 non
1349 3765 1433 3811 est
1471 3754 1717 3822 Graccus,
1778 3772 1955 3825 neque

369 3839 682 3912 A‘ngptius,
719 3849 813 3900 sed
844 3847 982 3901 alius
1012 3846 1237 3903 thnix
1266 3848 1541 3918 indigena.
1578 3849 1712 3904 Nam
1738 3849 1955 3904 Saduco

372 3933 485 3988 nati
526 3944 653 3989 sunt
691 3936 811 3997 lilii,
841 3953 977 4005 quos
1002 3937 1293 3994 Dioscuros
1324 3948 1380 3995 et
1407 3940 1634 3997 Cabiros
1678 3942 1953 4010 interpre-

373 4033 579 4080 tantur.
615 4027 857 4086 Octavus
886 4039 1043 4086 natus
1065 4041 1148 4086 est
1180 4030 1475 4099 Esmunus,
1505 4047 1666 4102 quem
1700 4033 1955 4089 Esculao

373 4118 522 4185 pium
593 4124 1044 4192 interpretantur.
1096 4120 1199 4177 llic
1250 4124 1370 4178 visu
1413 4124 1841 4193 pulcherrimus,
1898 4134 1955 4181 et

367 4215 611 4284 juvenis,
646 4216 738 4285 qui
767 4216 917 4271 visus
957 4214 1376 4269 admirationem
1423 4217 1717 4281 excitaret,
1754 4232 1942 4286 quem,

373 4317 433 4362 ut
468 4309 544 4363 ait
572 4306 1087 4375 l‘abula,Astronoe
1114 4307 1212 4360 dea
1246 4305 1530 4361 PhtBnissa
1575 4318 1748 4362 mater
1789 4312 1949 4363 deum

372 4399 670 4456 adamavit.
728 4396 1045 4466 Solitusque
1089 4397 1145 4451 in
1173 4398 1408 4453 saltibus
1447 4400 1665 4462 venari,
1718 4410 1778 4454 ut
1817 4401 1953 4454 vidit

2127 2486 2332 2555 Σεμνὺς
2349 2486 2424 2542 ὢν
2453 2489 2571 2560 ἅμα
2594 2491 2687 2545 καὶ
2713 2492 2966 2562 εὐόμιλος
3000 2495 3029 2549 ό
3070 2494 3330 2564 Ἀγάπιος
3353 2494 3422 2562 ⁷⁸,
3449 2497 3550 2567 τήν
3572 2514 3631 2553 τε

2057 2576 2292 2647 ἀρχαίαν
2320 2578 2566 2646 γλῶτταν
2588 2582 2726 2653 ὑπὲρ
2751 2582 2881 2654 [573
2914 2583 3009 2656 Η.]
3030 2584 3123 2639 τὸν
3154 2585 3369 2656 ίδιώτην
3406 2588 3631 2658 μελετή-

2060 2681 2177 2731 σας,
2206 2666 2541 2738 ὲπέστρεψιν
2598 2671 2679 2733 είς
2718 2670 2913 2726 ἑαυτὸν
2933 2674 3061 2737 τοὺς
3093 2676 3152 2727 ὲν
3208 2674 3487 2746 Βυζαντίῳ
3542 2677 3634 2730 ἀνο

2056 2755 2331 2829 θρώπους,
2366 2759 2625 2831 θαῦμαδὲ
2654 2763 2850 2816 ἑαυτοῦ
2885 2764 3193 2836 παρέσχετο
3218 2767 3314 2819 καὶ⁵
3351 2770 3410 2821 ὲν
3444 2768 3635 2836 Ἀλεξ-

2053 2850 2276 2923 ανδρείᾳ
2320 2854 2432 2913 τοῖς
2482 2852 2895 2925 λογιμωτέροιςο
2932 2855 3162 2928 ὥρμητο
3205 2860 3313 2929 γὰρ
3350 2861 3459 2912 ἀπὸ
3524 2862 3628 2915 πά-

2055 2959 2153 3013 σης
2181 2942 2281 3012 τῆς
2301 2945 2569 3009 παιδείας,
2587 2944 2878 3017 ζητητικός
2901 2965 2960 3000 τε
2976 2949 3071 3002 καὶ
3089 2952 3334 3019 κριτικὸς
3366 2951 3628 3019 ἠϐούλετο

2055 3029 2196 3087 εἷναι
2222 3038 2627 3107 γραμματικῶν
2646 3056 2709 3093 τε
2740 3041 2836 3094 καὶ
2850 3043 3180 3112 ῥητορικῶν,
3203 3044 3297 3096 καὶ
3331 3042 3630 3115 συλλήϐδην

2056 3127 2253 3191 εἰπεῖν,
2282 3129 2458 3182 ἐδόκει
2479 3133 2825 3200 τετράγωνος
2867 3129 3007 3187 εἶναι
3038 3135 3132 3189 καὶ
3174 3132 3243 3205 ἦν
3281 3136 3380 3206 τὴν
3416 3137 3634 3207 σοφίαν.

2056 3217 2168 3270 Καὶ
2192 3219 2272 3281 είς
2297 3218 2451 3283 κλέος
2480 3222 2509 3272 ό
2531 3220 2719 3285 Γέσιος
2753 3224 2899 3293 μέγα
2938 3225 3132 3294 ἀνέϐη,
3154 3226 3217 3278 οὐ
3251 3227 3411 3295 μόνον
3465 3230 3636 3299 ίατρι-

2054 3305 2162 3376 κῆς
2228 3306 2414 3363 εἵνεκα
2436 3308 2482 3341 ⁷⁸
2505 3312 2886 3381 παρασκευῆς,
2915 3316 3012 3382 τῆς
3038 3330 3096 3366 τε
3118 3313 3501 3385 διδασκαλικῆς
3544 3318 3637 3372 καὶ

2054 3397 2155 3468 τῆς
2210 3399 2516 3468 ὲργάτιδος,
2578 3400 2714 3455 ἀλλὰ
2756 3402 2852 3456 καὶ
2886 3403 2984 3474 τῆς
3028 3402 3193 3474 ἄλλης
3223 3405 3408 3475 πάσης
3434 3406 3479 3438 ⁷⁷
3506 3421 3633 3461 παι-

2056 3489 2226 3553 δείας.
2245 3490 2623 3555 Διαλεκτικαῖς
2652 3493 2961 3556 συνουσίαις
2991 3495 3285 3565 ἀρδόμενος
3308 3497 3409 3567 τὴν
3434 3496 3632 3568 ψυχήν.

2058 3580 2184 3634 Ὀτι
2207 3582 2536 3654 ἀγαγομένῳ
2551 3584 2596 3615 ⁷⁸
2635 3584 2887 3655 Ἰσιδώρῳ
2910 3587 3121 3655 Δόμναν
3141 3589 3377 3655 γυναῖκα
3394 3589 3636 3644 τίκτεται

2058 3672 2209 3743 αὑτῷ
2259 3676 2389 3737 παῖς
2437 3675 2498 3739 ἐξ
2554 3676 2744 3745 αὐτῆςο
2782 3678 3026 3748 Πρόκλον
3049 3680 3095 3712 ⁷⁸
3133 3680 3194 3732 τὸ
3252 3681 3468 3734 παιδίον
3536 3684 3637 3735 ἐπ-

2055 3763 2309 3832 ωνόμασε
2329 3763 2397 3819 ⁸⁰.
2433 3766 2544 3819 Καὶ
2571 3767 2604 3835 ἡ
2661 3766 2842 3837 Δόμνα
2872 3769 2965 3821 ἐπὶ
3017 3784 3081 3836 γε
3124 3769 3203 3839 τῷ
3227 3770 3271 3802 ⁸⁷
3319 3772 3462 3841 τόκῳ
3491 3772 3637 3841 πίμ-

2057 3871 2166 3925 πτῃ
2195 3852 2242 3886 ⁸³
2295 3854 2520 3927 ὕστερον
2572 3857 2754 3929 ἡμέρᾳ
2804 3859 3157 3928 ἀποθνήσκει,
3215 3860 3387 3914 κακοῦ
3444 3862 3636 3932 θηρίου

2057 3947 2153 4000 καὶ
2181 3947 2383 4018 πικροῦ
2445 3950 2786 4003 συνοικεσίου
2840 3950 3258 4022 ἐλευθερώσασα
3286 3952 3379 4004 τὸν
3414 3950 3634 4020 φιλόσο-

2058 4056 2156 4108 φον
2187 4040 2408 4108 ἑαυτῆς.
2445 4039 2569 4093 Ὅτι
2606 4041 2636 4093 ὁ
2663 4042 2721 4093 ὲν
2752 4042 3003 4112 Βηρυτῷ,
3038 4043 3234 4115 φησὶν,
3308 4043 3637 4112 ’Δσκληπιὸς

2057 4125 2157 4178 οὐκ
2196 4125 2343 4178 ἔστιν
2379 4126 2582 4197 Ἕλλην
2629 4128 2751 4182 οὐδὲ
2806 4130 3126 4198 Αἰγύπτιος,
3157 4132 3294 4186 ἀλλά
3318 4150 3401 4197 τις
3429 4133 3635 4203 ἐπιχώ-

2058 4233 2174 4287 ριος
2233 4218 2432 4281 Φοῖνιξ.
2508 4218 2737 4289 Σαδύκῳ
2786 4221 2894 4290 γὰρ
2965 4222 3215 4288 ἐγένοντο
3282 4224 3491 4288 παῖδες,
3540 4222 3637 4287 οὓς

2057 4306 2418 4378 Διοσκούρους
2452 4308 2499 4339 ⁸⁸
2529 4311 2898 4382 ὲρμηνεύουσι
2928 4313 3023 4365 καὶ
3054 4314 3372 4383 Καϐείρους.
3412 4316 3636 4381 Ὄγδοος

2056 4398 2114 4451 δὲ
2174 4400 2392 4467 ἐγένετο
2420 4401 2513 4453 ἐπὶ
2546 4400 2755 4465 τούτοις
2813 4404 2842 4455 ὁ
2904 4404 3227 4473 Ἔσμουνος,
3289 4405 3348 4458 ὃν
3404 4405 3630 4475 ⁹Λσκλη-

373 4488 532 4542 deam
560 4486 660 4542 sibi
698 4487 1066 4555 insidiantem,
1092 4496 1149 4543 et
1173 4503 1235 4543 se
1258 4489 1382 4543 dum
1413 4489 1623 4560 fugeret
1657 4491 1950 4560 insequen-

2064 4490 2185 4543 πιὸν
2224 4492 2640 4562 ἑρμηνεύουσιν.
2679 4485 2848 4557 Οὗτος
2903 4495 3187 4558 κάλλιστος
3242 4494 3315 4548 ὢν
3357 4496 3485 4549 θέαν
3540 4497 3635 4550 καὶ

373 4589 507 4645 tem,
542 4591 596 4636 et
615 4580 837 4650 jamjam
904 4582 1444 4651 comprehensuram,
1484 4584 1733 4651 pudenda
1772 4584 1952 4638 securi

374 4670 481 4725 sibi
514 4682 781 4741 amputat.
815 4670 933 4740 Ipsa
959 4672 1064 4725 hoc
1094 4686 1220 4726 casu
1265 4672 1472 4738 dolens,
1504 4681 1559 4727 et
1606 4671 1803 4727 Paeana
1858 4689 1953 4729 vo-

375 4776 509 4817 cans
538 4762 813 4830 juvenem,
849 4772 1152 4818 recreatum
1184 4763 1326 4817 vitali
1351 4763 1535 4818 calore
1559 4766 1612 4817 in
1654 4764 1783 4818 deos
1800 4774 1954 4821 retu-

375 4852 460 4920 lit,
506 4868 536 4908 a
569 4853 919 4908 thnicibus
962 4854 1256 4907 Esmuuum
1313 4865 1564 4907 vocatum
1599 4856 1670 4909 ob
1705 4855 1947 4911 calorem

375 4944 520 4997 vita.
560 4942 666 4997 Alii
711 4944 1002 5009 dignantur
1031 4942 1325 4997 Esiuunum
1371 4954 1624 4998 octavum
1678 4944 1944 5013 interpre-

376 5033 503 5087 tari.
534 5033 773 5088 Octavus
808 5034 949 5088 lilius
976 5032 1191 5087 Saduco
1219 5045 1357 5098 erat,
1398 5037 1486 5102 qui
1536 5036 1588 5089 in
1645 5036 1830 5090 densis
1863 5046 1946 5091 te-

376 5130 561 5185 nebris
586 5144 836 5199 magnam
870 5129 1044 5183 lucem
1084 5128 1351 5182 accendit.
1392 5127 1541 5183 Hanc
1568 5130 1786 5198 juvenis
1824 5145 1951 5184 ora-

375 5222 576 5274 tionem
599 5225 927 5286 exceperunt
963 5225 1017 5270 et
1041 5216 1195 5270 valde
1215 5217 1467 5270 admirati
1492 5226 1619 5270 sunt
1644 5216 1953 5269 Mariniani.

2059 4581 2278 4645 νεανίας
2339 4582 2468 4636 ἰδεῖν
2537 4582 2889 4651 ἀξιάγαστος,
2938 4584 3213 4655 ἐρώμενος
3267 4587 3510 4653 γέγονεν,
3558 4588 3635 4650 ὥς

2061 4688 2224 4740 φησιν
2274 4672 2303 4723 ὁ
2357 4671 2549 4741 μῦθος,
2621 4672 2943 4743 Ἀστρονόης
3001 4672 3125 4726 θεοῦ
3182 4674 3487 4743 Φοινίσσης,
3541 4691 3637 4742 μη.

2057 4764 2187 4833 τρδς
2209 4762 2366 4816 θεῶν.
2408 4762 2627 4826 Εἰωθώς
2652 4780 2711 4816 τε
2738 4768 3057 4834 κυνηγετεῖν
3107 4766 3163 4816 ὲν
3189 4764 3367 4817 ταῖσδε
3392 4768 3507 4827 ταῖς
3532 4766 3629 4818 νά-

2058 4872 2210 4921 παις,
2241 4854 2431 4925 ὲπειδὴ
2489 4854 2755 4908 ἐθεάσατο
2781 4856 2883 4926 τὴν
2939 4855 3061 4908 θεὸν
3106 4856 3269 4910 αὑτὸν
3326 4857 3635 4924 ἐκκυνηγε-

2056 4945 2257 4999 τοῦσαν
2282 4947 2374 4999 καὶ
2404 4946 2679 5015 φεύγοντα
2707 4945 3108 4999 ἐπιδιώκουσαν
3139 4947 3232 5000 καὶ
3258 4947 3359 5016 ἤδη
3384 4946 3633 5016 καταλη-

2054 5035 2319 5106 ψομένην.
2374 5037 2671 5106 ἀποτέμνει
2731 5036 2953 5089 πελέκει
3016 5035 3116 5107 τὴν
3172 5036 3335 5099 αὐτὸς
3390 5035 3556 5089 αὑτοῦ
3585 5034 3635 5067 ⁸⁸

2055 5126 2423 5196 παιδοσπόρον
2453 5127 2634 5194 φύσιν.
2675 5127 2737 5179 ’Β
2770 5126 2828 5179 δὲ
2858 5125 2937 5195 τῷ
2988 5127 3150 5180 πάθει
3184 5126 3628 5196 περιαλγήσασα,

2056 5219 2150 5271 καὶ⁸
2177 5218 2391 5272 Παιᾶνα
2417 5218 2698 5273 καλέσασα
2728 5218 2795 5282 ⁸⁸,
2813 5217 2905 5269 τὸν
2944 5216 3222 5270 νεανίσκον
3247 5217 3293 5249 ⁸⁸
3324 5220 3391 5288 τῇ
3412 5234 3471 5269 τε
3499 5217 3631 5281 ζωο-

1680 5310 1764 5363 VA
1776 5309 1915 5364 Ptle
1956 5309 2358 5367 LECTIONES.

443 5408 489 5438 ⁸⁷
534 5407 595 5459 τὸ
647 5402 844 5458 om..'l.
923 5401 968 5433 “
996 5402 1173 5468 λόγοις
1200 5414 1261 5462 ς.
1338 5400 1381 5430 θ’
1426 5399 1481 5468 δὲ

374 5493 486 5531 oin.
546 5476 805 5530 Suidasl.
851 5472 1132 5541 propinsl.

334 5574 341 5586 ι
376 5548 422 5583 τι
450 5545 624 5614 λόγιοι
657 5537 875 5614 διιὶιιιιε.
953 5537 1009 5571 ⁷⁸
1035 5540 1427 5614 ’.Αγάπιοςηρὲ
1467 5537 1744 5614 _Su_idas_h.
1770 5556 1823 5614 νς

378 5608 600 5670 Suidas.
673 5613 719 5645 ⁷⁸
741 5611 1138 5683 ἀναγαγομένῳ
1156 5611 1229 5683 ΔΑ.
1300 5610 1352 5683 ⁷⁷
1378 5608 1620 5683 Πρόκλρς
1773 5611 1831 5683 ’⁸ο
1852 5612 2196 5683 ἐπωνόμασε]
2229 5611 2539 5682 ὲπονομασθ
2552 5612 2608 5683 έν
2633 5611 2698 5665 Α.
2790 5610 2837 5683 ⁷⁸
2866 5610 2944 5681 τῷ
2972 5609 3191 5683 :uldLA.

377 5712 448 5762 τ-
470 5684 684 5762 ημὲραν
716 5677 870 5762 ΑΒ..⁷
900 5677 950 5762 ⁸⁷
976 5677 1321 5762 Διοσκόρους]
1350 5678 1423 5731 cf.
1449 5678 1993 5762 Mallianorchotuen.
2108 5677 2201 5738 45]
2220 5724 2233 5737 .
2307 5683 2356 5762 _”
2388 5677 2582 5762 ἑαυτοῦ
2783 5682 2828 5713 ⁸⁸
2853 5677 2943 5762 καί

389 5752 447 5814 Α.
482 5748 727 5823 Scaliger
759 5753 853 5806 mi
886 5751 1043 5815 πόαις
1076 5748 1477 5803 ἀνακαλέσασα.
1609 5748 1652 5779 ⁸⁸
1686 5749 1777 5807 τὸν
1802 5748 2084 5807 νεανίσκῆν
2126 5764 2246 5809 uost
2296 5753 2629 5827 ἀναζωπυρὴ
2650 5768 2790 5807 σασα
2823 5751 2970 5823 punit
2998 5750 3057 5809 Β.

614 5753 727 5823 igcr
759 5753 853 5806 καὶ
886 5751 1043 5815 πόαις
1076 5750 1477 5803 ἀνακαλέσασα.

1503 5398 1524 5470 ]
1557 5401 1609 5472 Δοἱ
1637 5399 1831 5472 Suidas
1858 5416 1911 5456 ν.
1949 5402 2386 5472 Μισοπράγμων,
2440 5402 2547 5470 γὰρ
2568 5402 2617 5454 οἱ
2642 5418 2693 5455 v.
2729 5402 3028 5462 Οὐλπιανός
3052 5399 3297 5472 etiam

1235 5470 1277 5499 '”
1311 5467 1441 5537 ἐπὶ]
1472 5467 1582 5521 ἀπὸ
1634 5471 1773 5525 idem
1826 5472 1861 5525 Ι.
1917 5467 2150 5540 ρτίοτθ.’
2192 5467 2620 5541 ⁷⁷’ἑτοιμότοίτον
2654 5473 2726 5523 id.
2772 5474 2843 5526 ib.
2940 5474 2984 5505 ⁷³
3014 5467 3251 5541 βέϐαων]
3287 5471 3381 5537 ίσχπ

1235 5555 1296 5601 ,ος
1356 5540 1427 5591 cl'.
1467 5537 1662 5593 Suidas
1687 5541 1744 5595 h.
1770 5556 1823 5592 v.
1922 5542 1967 5572 ⁷⁸
1999 5543 2185 5596 εἵνεκα
2216 5543 2294 5597 A:
2325 5542 2490 5595 ἓνεκα
2524 5559 2563 5605 ς
2590 5558 2712 5595 cum
2738 5541 2904 5596 Suida
2937 5559 2991 5595 ν.
3029 5540 3230 5603 Γέσιος.
3337 5540 3381 5571 ⁷⁷

3372 5400 3419 5430 ⁷⁷
3450 5400 3627 5469 κρίσιν

2940 5474 2984 5505 ⁷³
3014 5467 3251 5541 βέϐαιον]
3287 5467 3515 5592 ίσχυρὸν
3559 5472 3621 5521 Α.

2940 5559 2991 5592 ν.
3029 5540 3230 5592 Γέσιος.
3337 5540 3381 5571 ⁷⁷
3451 5555 3621 5592 πασης

2937 5559 2991 5595 v.
3030 5555 3230 5603 ιεσιος.
3342 5555 3376 5571 ἰ
3410 5555 3627 5599 απασης

2917 5610 2944 5681 ᾖ
2972 5609 3191 5681 add.A.
3285 5610 3341 5681 A’?
3369 5608 3626 5677 πέμπτην

2783 5682 2828 5713 ⁸⁸
2853 5678 2946 5735 καὶ
2975 5680 3181 5735 Παιᾶνα
3210 5678 3489 5735 καλέσασα
3514 5692 3624 5733 om.
