3924 6422
224 395 355 459 1305
1315 397 1388 456 BI
1398 394 1810 457 BLIOTIIECA

1922 417 1938 429 ·
1972 393 2135 453 COD.
2169 386 2420 451 CCXLII
2434 387 2479 447 I.
3342 370 3482 435 1306

222 506 362 574 γόνῳ
385 500 564 574 θέρμῃ
594 502 1076 574 ἀναζωπυρήσασα
1110 500 1229 556 θεὸν
1256 504 1534 573 ἐποίησεν,
1554 504 1793 569 Ἔσμου-

1922 499 2149 553 londum
2196 508 2374 549 tamen
2425 490 2739 547 diliicultate
2784 482 3088 563 argumenti
3149 490 3305 551 rupta
3337 523 3354 547 ,
3396 495 3484 534 me

220 613 307 649 νον
340 595 444 647 ὑπὸ
502 593 769 647 Φοινίκων
825 594 1216 665 ὠνομασμένον
1253 596 1345 647 ἐπὶ
1370 598 1437 665 τῇ
1472 594 1653 667 θέρμῃ
1698 594 1797 663 τῆς

1922 593 2171 647 nationis
2209 590 2292 643 vis
2336 586 2584 652 attraxit,
2644 592 2702 636 ut
2734 582 2802 637 ad
2850 579 3134 645 sequentia
3184 589 3270 629 me
3297 576 3362 629 ah
3391 574 3480 626 illa

219 688 384 757 ζωῆς.
425 687 488 739 Οἱ
518 687 576 739 δὲ
612 687 703 739 τὸν
742 687 1045 755 Ἐσμουνον
1098 687 1288 755 ὄγδοον
1327 686 1572 753 ἀξιοῦσιν
1623 665 1798 757 ἑρμη-

1922 696 2236 745 evocarem,
2267 690 2321 734 et
2363 680 2602 733 instante
2636 677 2770 741 vita,
2818 689 2913 728 eos
2964 683 3313 726 successores
3358 665 3483 718 imi-

218 756 393 825 νεύειν
430 772 511 825 ὅτι
546 772 731 841 δγδοος
759 770 827 844 ἦν
878 774 957 844 τῷ
1011 774 1241 844 Σαδύκῳ
1278 778 1424 838 παῖς.
1465 776 1557 828 Ἔν
1616 756 1795 845 σκότῳ

1922 787 2067 835 arer,
2101 786 2238 840 quos
2259 768 2482 824 Proclus
2498 767 2757 836 elegerat.
2783 764 3045 832 Quodque
3065 776 3258 815 novum
3275 756 3481 818 auditu,

220 861 491 933 διωλυγίῳ
525 864 659 916 πολὺ
691 864 808 932 φῶς
849 866 1079 935 ἀνάψας.
1112 865 1317 920 Τοῦτον
1346 866 1675 931 ἀπεδέξαντο
1698 864 1791 919 τοῦ

1922 880 2021 919 :um
2054 877 2314 933 generosa
2357 859 2639 927 solidaque
2670 857 2939 927 gravitate
2990 853 3276 907 videbatur
3333 862 3479 916 prae-

216 951 499 1004 νεανίσκου
523 952 613 1004 τὸν
638 952 798 1020 λόγον
828 955 922 1007 καὶ¹
953 956 1277 1025 ἠγάσθησαν
1299 957 1350 1008 οἱ
1373 957 1517 1026 ἀμφὶ
1544 956 1636 1008 τὸν
1669 957 1791 1010 Μα-

1922 955 2153 1010 sentibus
2195 962 2408 1023 gratus.
2457 950 2699 1006 Plurima
2732 956 2961 1003 conatus
3010 947 3077 998 ad
3136 953 3481 997 communem

219 1043 382 1113 ρῖνον,
408 1042 523 1106 πῶς
548 1043 648 1097 οτει
679 1043 887 1115 σφόδρα
916 1046 960 1078 ⁸⁷
991 1063 1006 1113 ;
1050 1046 1217 1100 Οὔπω
1242 1046 1538 1118 saepeiam
1566 1048 1635 1100 τὰ
1669 1047 1797 1100 δύσ-

1922 1045 2248 1098 mditoribus
2291 1043 2607 1105 utilitatem,
2645 1039 2918 1094 interdum
2960 1051 3090 1089 vero
3132 1031 3367 1102 iocando
3417 1028 3485 1082 de

216 1130 348 1235 κολα
396 1131 497 1200 τῆς
545 1132 879 1196 ὑποθέσεως.
935 1134 1063 1203 Ἐμὲ
1110 1135 1168 1186 δὲ
1216 1135 1796 1207 ὲπεσπάσατοὴρύμη

1926 1137 1991 1190 lla
2024 1136 2294 1206 gravitate
2315 1135 2623 1197 remittens,
2654 1141 2710 1186 et
2741 1137 3032 1200 peccantes
3064 1123 3343 1193 ingeniose
3364 1133 3485 1173 car-

2236 1227 2246 1235 '
2347 1227 2359 1235 '
2574 1224 2604 1235 "
2819 1230 2829 1235 -
2979 1228 3019 1235 --
3103 1215 3302 1235 Ann-
3361 1211 3455 1235 λιιι

212 1221 306 1275 τοῦ
332 1222 490 1291 λόγου
523 1223 663 1294 πρὸς
693 1225 763 1277 τὰ
797 1226 937 1294 μετὰ
979 1225 1152 1279 ταῦτα
1182 1226 1525 1297 ἐκϐεϐηκότα
1558 1227 1604 1258 ⁸³
1641 1228 1799 1297 ποιή-

1922 1244 2058 1293 tens,
2096 1236 2155 1281 ut
2206 1227 2314 1281 risu
2347 1224 2780 1293 inerepationem
2817 1228 3045 1289 tegeret.
3102 1215 3302 1286 353a
3351 1211 3486 1264 Alti-

214 1314 412 1415 ξασθαι
445 1316 545 1415 τὴν
580 1316 832 1415 ὲὲκϐολὴν,
865 1317 1384 1388 ἐπακολουθήσαντα
1434 1318 1685 1389 παριόντι
1716 1319 1796 1389 τῷ

1930 1320 2090 1373 ulline
2120 1328 2173 1373 et
2194 1320 2526 1389 longitudine
2545 1316 2818 1386 egregius,
2844 1312 3134 1379 utantiqua
3160 1320 3214 1363 et
3239 1304 3487 1359 fabulosa

212 1404 316 1473 βίῳ
345 1403 453 1457 τῶν
500 1404 780 1474 διαδόχων,
811 1404 908 1468 οὒς
960 1406 1135 1459 εἵλετο
1198 1406 1459 1477 Πρόκλος.
1491 1408 1556 1458 Ὃ
1602 1406 1658 1459 δὲ
1696 1407 1789 1459 καὶ

1922 1423 2004 1460 am
2034 1422 2159 1461 vera
2186 1409 2426 1471 sint,eta
2454 1422 2540 1461 me
2563 1390 3053 1475 petebatoccultani
3074 1397 3484 1453 admissionem.

210 1492 512 1562 παράδοξον
541 1491 793 1558 ἀκοῦσαι,
831 1495 966 1563 μετά
989 1495 1318 1565 σεμνότητος
1357 1494 1613 1563 εὐγενοῦς
1658 1495 1751 1547 καὶ
1777 1494 2002 1565 βεϐαίας
2034 1500 2283 1567 ἐφαίνετο
2323 1500 2435 1561 τοῖς
2485 1494 2722 1568 παροῦσι
2774 1493 3008 1564 χαρίεις,
3043 1490 3111 1543 τά
3160 1489 3259 1559 μὲν
3316 1484 3488 1539 πολλά

213 1585 529 1649 σπουδάζων
570 1585 649 1647 εἰς
693 1585 755 1638 τδ
803 1585 984 1638 κοινδν
1039 1588 1152 1650 τοῖς
1212 1584 1501 1639 ἀκούουσιν
1556 1586 1767 1655 ὄφελος,
1809 1588 1978 1653 ἀνιεὶς
2008 1590 2065 1643 δὲ
2100 1591 2271 1644 ἐνίοτε
2301 1589 2379 1659 τῷ
2410 1588 2659 1652 παίζοντι
2691 1585 2788 1657 τὴν
2851 1583 3109 1652 σπουδὴν,
3176 1581 3271 1633 καὶ
3347 1575 3491 1630 σκώ-

211 1695 372 1785 σὶτων
395 1677 611 1746 εὐφυῶς
655 1677 781 1740 τοὺς
846 1677 1287 1749 ἁμαρτάνοντας,
1342 1677 1485 1731 ὥστε
1519 1678 1915 1733 ὲπικαλύπτειν
1974 1682 2053 1752 τῷ
2101 1683 2298 1752 γελοίῳ
2362 1681 2453 1735 τὸν
2505 1679 2750 1749 ἔλεγχον.
2831 1676 2924 1738 Εἰς
2982 1672 3115 1743 ὕψος
3167 1669 3261 1723 καὶ
3315 1669 3489 1737 μῆκος

271 1784 281 1785 κ
509 1771 577 1785 οη
636 1784 641 1785 ,
699 1767 858 1785 σοι-ιρἡ
942 1768 953 1785 I
1029 1768 1041 1785 9
1165 1769 1188 1785 ν
1329 1771 1344 1785 ι
1481 1769 1496 1785 \
1615 1769 1628 1785 ι
1764 1768 1871 1785 Λ-ιι
1981 1775 1993 1785 ι
2282 1772 2294 1785 ι
2560 1770 2572 1785 ν
2706 1768 2729 1785 ν
2762 1784 2771 1785 ,
2812 1782 2899 1785 ,_,_
2973 1760 3101 1785 -ῗ.,...
3180 1758 3287 1785 II...\
3366 1757 3482 1785 8--.

210 1761 325 1821 οἷον
346 1768 663 1838 θαυμάσιον.
699 1767 862 1820 Ὥστε
899 1768 968 1822 τὰ
1020 1768 1223 1838 ἀρχαῖα
1258 1771 1351 1824 καὶ
1400 1769 1537 1841 πρὸς
1578 1769 1640 1821 τὸ
1685 1768 1931 1839 μυθῶδες
1976 1772 2369 1844 ἐκνενικηκότα
2430 1770 2631 1843 μηκέτι
2698 1768 2905 1823 ἄπιστα
2969 1760 3130 1815 εἶναι.
3180 1758 3293 1814 Καὶ
3366 1757 3488 1828 ᾔτει

211 1863 346 1933 παρ’
364 1864 487 1931 ἐμοὶ
519 1860 785 1933 ὑποδοχὴν
813 1861 1205 1916 λανθάνουσαν.

284 1953 414 2027 [574
462 1952 552 2025 ΙΙ.]
595 1953 654 2007 ’0
707 1954 765 2007 δὲ
809 1953 1094 2016 Θεοσέὁιος
1136 1952 1229 2005 τὸν
1279 1954 1378 2023 τῆς
1432 1954 1790 2024 σωφροσύνης

1965 1952 2303 2008 Theosebius
2353 1949 2623 2006 castitatis
2662 1947 2922 2002 annulum
2955 1984 2971 2011 ,
3011 1958 3170 2015 quem
3218 1940 3488 1995 accedens

212 2045 521 2111 δακτύλιον,
549 2044 609 2097 ὃν
630 2045 658 2096 ὁ
679 2044 944 2106 Χαλδαῖος
977 2044 1022 2077 ⁸⁸
1061 2043 1246 2097 εἰσιὼν
1284 2045 1637 2113 παραδίδωσι,
1668 2044 1794 2099 τοῦ·

1922 2047 2024 2101 rilis
2045 2047 2312 2115 quispiam
2339 2043 2509 2106 dedit,
2546 2041 2818 2095 adornans
2868 2038 3025 2091 uxori
3062 2035 3231 2097 dedit,
3260 2034 3486 2085 dicens:

211 2138 308 2191 τον
338 2128 493 2197 οὗτος
543 2135 1118 2205 κατασκευασάμενος,
1146 2135 1462 2205 προσελθὼν
1488 2139 1552 2206 τῇ
1583 2138 1801 2204 γυναικὶ

212 2227 322 2297 ἔφη
349 2244 362 2257 ⁸
400 2225 592 2280 Πάλαι
615 2225 731 2295 μέν
766 2241 866 2279 σοι
907 2225 1237 2280 ἐπιδέδωκα
1270 2226 1595 2279 δακτύλιον
1624 2226 1802 2295 ἁρμὸ-

212 2321 377 2388 στὴν
402 2319 769 2389 παιδουρτώ
792 2319 1183 2389 συμϐιώσεως
1206 2333 1221 2347 '
1255 2321 1327 2373 τὰ
1354 2320 1471 2373 νῦν
1490 2319 1557 2373 δὲ
1587 2321 1804 2374 τοῦτον

211 2412 528 2481 ἐπιδίδωμί
558 2428 659 2466 σοι
697 2412 1150 2481 σωφρονιστὴν,
1192 2411 1522 2478 ἐπίκουρον
1561 2412 1608 2442 ὀ
1651 2426 1800 2477 παρ-

213 2505 518 2573 εσόμενον
557 2503 720 2575 [1076
750 2502 839 2573 8.]
864 2500 978 2569 τῆς
1009 2502 1325 2570 σώφρονος
1376 2502 1699 2568 οἰκουρίας.
1739 2501 1804 2553 Ἡ

213 2596 271 2650 δὲ
331 2596 588 2665 ἀσμένως
645 2593 888 2658 ἐδέξατο,
929 2596 1023 2647 καὶ
1065 2592 1328 2664 συνέζησε
1380 2593 1459 2664 τῷ
1506 2594 1662 2661 ἀνδρὶ
1713 2595 1805 2646 τὸν

213 2688 410 2740 λοιπὸν
468 2687 661 2757 χρόνον
718 2685 846 2737 ἄνευ
898 2685 1224 2755 σωματικῆς
1280 2685 1586 2748 κοινωνίας.
1616 2686 1706 2753 Τῷ
1749 2686 1807 2739 δὲ

214 2775 582 2846 φυλακτηρίῳ
610 2772 785 2844 τούτῳ
822 2772 883 2825 τὸ
922 2772 1252 2843 δραστήριον
1288 2774 1387 2825 οὐκ
1412 2776 1505 2827 ἐπὶ
1537 2776 1603 2844 τῇ
1635 2776 1678 2805 ⁹¹
1705 2791 1807 2842 γα-

215 2869 363 2937 μετῇ
402 2866 585 2933 μόνον,
615 2864 751 2918 ἀλλὰ
785 2865 879 2918 καὶ
900 2863 984 2934 ἐφ’
1012 2864 1205 2921 ἑαυτοῦ
1237 2864 1404 2918 πάλαι
1454 2865 1635 2918 είώθει
1670 2883 1809 2936 μαρ-

211 2960 450 3028 τυρεῖνο
500 2958 596 3011 καὶ
646 2957 757 3025 γὰρ
812 2957 902 3009 ὅτε
955 2955 1221 3026 νεώτερος
1258 2952 1351 3027 ἦν,
1404 2956 1675 3027 ὡμολόγει
1714 2957 1810 3010 καὶ

216 3050 391 3112 αὐτὸς
422 3047 781 3117 ἀγωνιεῖσθαι
810 3048 856 3078 ⁹²
886 3049 979 3101 τὸν
1017 3047 1268 3111 παιδείας
1295 3048 1482 3116 ἀγῶνα
1510 3049 1649 3118 πρὸς
1683 3050 1811 3112 τοὺς

211 3140 650 3213 γενεσιουργοὺς
702 3140 1033 3208 πολεμίους,
1066 3140 1193 3203 τούς
1236 3158 1294 3192 τε
1335 3140 1534 3205 ἔξωθεν
1572 3140 1812 3193 ἐπιτιθε-

218 3235 422 3306 μένους
457 3232 554 3285 καὶ
592 3232 719 3295 τοὺς
738 3232 886 3285 ἔνδον
912 3233 959 3265 ⁸³
991 3233 1365 3305 προδιδόντας.
1399 3232 1699 3287 Καταϐοῶν
1751 3234 1807 3286 δὲ

212 3327 327 3381 τῶν
357 3328 669 3401 αἰσθήσεων
698 3330 913 3394 πασῶν,
938 3333 1140 3399 μᾶλλον
1167 3333 1275 3387 τῶν
1306 3333 1483 3389 ἀλλων
1519 3334 1617 3404 τῆς
1647 3334 1811 3386 άπτι-
1836 3306 1876 3359 C

1902 2138 2041 2193 Olim
2072 2137 2166 2188 tibi
2228 2136 2482 2187 annulum
2514 2132 2639 2185 dedi
2666 2128 3054 2199 conjunctionis
3093 2125 3324 2194 ﬁliorum
3360 2138 3487 2190 pro-

1902 2229 2276 2288 creandorum,
2305 2239 2442 2277 nunc
2473 2220 2570 2276 tibi
2604 2225 2673 2274 do
2718 2219 3075 2289 temperantia:
3101 2258 3117 2282 ,
3162 2216 3250 2284 qui
3290 2215 3383 2267 tibi
3418 2211 3489 2265 ad

1904 2330 2106 2374 castam
2156 2318 2342 2369 domus
2367 2313 2662 2368 custodiam
2693 2312 2996 2380 adjumento
3031 2310 3242 2377 futurus
3273 2316 3370 2361 est.
3397 2304 3486 2358 Illa

1904 2428 2033 2466 vero
2060 2413 2289 2465 libenter
2313 2408 2541 2477 accepit,
2584 2416 2639 2461 et
2676 2406 2886 2474 reliquo
2941 2414 3181 2471 tempore
3210 2415 3332 2452 cum
3373 2398 3489 2451 viro

1905 2515 2053 2559 caste
2090 2503 2243 2556 vixit.
2284 2500 2397 2555 Hoc
2432 2500 2774 2554 munimento
2827 2512 2932 2551 non
2966 2496 3021 2549 in
3052 2508 3221 2548 uxore
3268 2491 3440 2545 solmu
3470 2528 3488 2555 ,

1905 2596 1999 2651 sed
2028 2597 2192 2648 etiam
2235 2595 2288 2647 in
2321 2608 2380 2647 se
2425 2591 2861 2663 magnitudinem
2901 2588 3064 2641 animi
3102 2584 3289 2639 testari
3334 2581 3480 2636 sole-

1909 2688 2018 2742 bat.
2055 2684 2265 2739 Etenim
2293 2683 2507 2751 juvenis
2550 2696 2671 2735 cum
2704 2684 2874 2742 esset,
2921 2683 3152 2729 testatus
3208 2680 3292 2727 est
3319 2670 3484 2723 etiam

1910 2780 2047 2847 ipse,
2076 2773 2399 2830 eruditionis
2415 2782 2693 2826 certamen
2722 2768 2956 2822 subiisse
2979 2780 3036 2819 se
3068 2774 3189 2818 cum
3217 2760 3487 2820 hostibus,

1909 2870 1999 2939 qui
2064 2864 2474 2937 generationem
2526 2868 2926 2928 procurarent,
2986 2867 3092 2909 tam
3147 2854 3489 2909 extrinsecus

1910 2960 2292 3022 imminentes,
2351 2970 2514 3025 quam
2554 2954 2702 3006 intus
2760 2950 3119 3019 proditionem
3162 2943 3489 3005 molientes;

1913 3051 2216 3106 reclamans
2244 3055 2423 3101 autem
2455 3044 2707 3098 omnibus
2736 3040 3010 3100 sensibus,
3044 3035 3282 3090 maxime
3325 3028 3490 3085 tactui

1913 3141 2264 3198 reclamabat.
2320 3137 2475 3191 llunc
2529 3134 2675 3188 enim
2717 3146 2841 3186 esse
2907 3143 3097 3182 revera
3146 3133 3491 3185 terrestrem,

1915 3234 2196 3297 rebellem,
2228 3229 2537 3285 trahentem
2569 3225 2810 3279 animam
2866 3222 2932 3275 ad
2967 3232 3259 3289 perennem
3286 3214 3490 3269 fontem

1911 3322 2295 3397 generationis.

213 3420 322 3489 κῆς
352 3396 623 3475 κατεδόαο
656 3415 802 3475 εἶναι
838 3396 950 3493 γάρ
981 3425 1154 3495 αὐτὴν
1194 3424 1272 3497 τῷ
1299 3425 1417 3480 δντι
1471 3396 1691 3496 χθονίαν
1733 3424 1827 3478 καὶ
1863 3396 2155 3475 ἀντίτυπον
2196 3414 2292 3469 καὶ
2336 3411 2705 3467 κατασπῶσαν
2732 3409 2831 3479 τὴν
2866 3406 3044 3477 ψυχὴν
3109 3403 3189 3465 εἰς
3235 3400 3328 3454 τὸν
3393 3396 3497 3469 τῆς

214 3512 490 3579 γενέσεως
520 3512 716 3566 ἀέναον
738 3511 792 3544 ⁸⁸
818 3511 1027 3583 ὀχετόν.

933 3603 1104 3657 ΣΜΡ.

217 3690 329 3747 Ἐκ
351 3692 461 3747 τοῦ
510 3690 763 3763 Ἰμερίου
808 3693 916 3747 τοῦ
972 3692 1276 3762 σοφιστοῦ
1315 3692 1589 3765 διάφοροι
1638 3695 1813 3765 μελέ-

960 3780 1075 3818 ται.

304 3851 650 3923 Ἀνεγνώσθη
683 3856 747 3906 ὲκ
773 3853 880 3907 τῶν
920 3852 1154 3925 Ἰμερίου
1203 3856 1299 3909 τοῦ
1334 3855 1592 3926 σοφιστοῦ
1621 3857 1668 3890 ⁸⁵
1698 3856 1811 3910 διά-

215 3956 385 4009 φοροι
414 3941 694 3995 Μελέται.
720 3941 858 4005 Τοὺς
885 3944 1254 4016 ὠραιοτέρους
1282 3946 1339 3999 δὲ
1381 3947 1490 4000 τῶν
1527 3946 1692 4000 αὑτοῦ
1718 3948 1809 4002 λό-

219 4049 341 4100 γων
368 4033 402 4102 ὴ
430 4031 629 4102 ἐκλογὴ
671 4031 981 4103 δρεπομένη
1016 4035 1115 4100 τὴν
1163 4036 1372 4093 τούτων
1414 4036 1626 4093 ἔκδοσιν
1677 4039 1812 4093 ἀπο-

219 4123 553 4195 θησαυρίζει
587 4125 654 4179 ’⁸.

2578 3582 2853 3640 CCXLI".

2212 3682 2435 3738 Himerii
2462 3679 2725 3747 Sophist
2755 3674 3197 3730 Declamationes.

1989 3844 2118 3915 Legi
2151 3840 2417 3911 quasdam
2453 3837 2875 3892 Declamationes
2922 3828 3155 3885 Himerii
3203 3827 3493 3896 Sophisttc.

1924 3935 2328 4006 Elegantiorum
2360 3947 2489 3986 vero
2517 3930 2638 4000 ejus
2654 3939 2967 3982 sermonum
3001 3920 3255 3977 collectio
3277 3922 3499 3973 exarata

1918 4027 2147 4083 istorum
2172 4023 2467 4079 editionem
2496 4019 2765 4075 recondit.

232 4214 345 4270 Ἐκ
391 4216 498 4283 τοῦ
549 4214 703 4285 ὑπὲρ
748 4218 1173 4342 Δῳοὲθέηους
1217 4219 1554 4290 Ὑπερίδου,
1588 4222 1657 4276 ἐκ
1700 4222 1810 4292 τῆς

929 4306 1040 4357 εωρ
1066 4307 1160 4354 ας.

1922 4226 2009 4283 Ea:
2034 4229 2273 4282 oratione
2295 4222 2580 4294 Hyperidis
2607 4237 2701 4289 pro
2726 4219 3092 4274 Demosthene.
3146 4214 3228 4269 E1:
3258 4213 3501 4269 Theoria.

298 4374 586 4439 Ὕποπτος
623 4376 722 4446 μὲν
756 4378 850 4431 καὶ
888 4332 1134 4451 σφαλερά
1181 4379 1345 4432 παντὶ
1387 4380 1546 4451 δήμῳ
1588 4382 1810 4453 τοιαύτη

1994 4383 2254 4453 Suspecta
2282 4390 2337 4436 et
2364 4379 2665 4451 periculosa
2706 4378 2957 4432 omnibus
3000 4377 3117 4427 lure
3180 4370 3505 4425 deliberatio

223 4465 539 4538 συμϐουλὴ,
573 4468 669 4521 καὶ
711 4469 773 4521 οὐ
817 4469 990 4541 μικρά
1030 4470 1278 4523 λυποῦσα
1326 4472 1463 4541 πρὸς
1498 4473 1672 4526 πειθὼ
1724 4474 1810 4525 τὸν

1922 4486 2026 4543 est,
2093 4487 2451 4545 magnamque
2513 4471 2676 4524 habet
2734 4465 3129 4525 dilllcultatem,
3212 4470 3504 4524 antequam

221 4554 525 4611 ἀκούοντα.
583 4559 911 4631 Ἀμφότεροι
956 4561 1062 4631 γάρ
1095 4562 1380 4632 δημοτικοὶ
1429 4564 1525 4617 καὶ
1572 4564 1709 4634 πρὸς
1753 4564 1810 4617 τὸ

1922 4563 2155 4618 auditori
2181 4561 2526 4631 persuadeat.
2560 4558 2641 4611 Ad
2668 4546 2920 4626 pepulum
2953 4554 3033 4607 hae
3064 4553 3182 4605 duze
3207 4549 3427 4613 habitae,
3450 4557 3507 4599 et

222 4646 445 4717 βέλτιον
485 4648 889 4719 ὑπειλημμένοι
941 4650 1323 4722 τυγχάνουσιν.
1372 4654 1509 4709 Οὐδὲ
1565 4658 1679 4720 τοῖς
1716 4674 1812 4726 γυ-

1923 4669 2083 4725 quam
2113 4653 2316 4724 optime
2350 4651 2681 4705 elaboratae:
2722 4645 2989 4714 siquidem
3014 4658 3117 4697 non
3169 4640 3513 4707 simplicibus

226 4739 393 4807 μνοῖς
418 4739 659 4810 χρῆσθαι
679 4739 790 4793 τῶν
813 4740 1114 4811 ὀνομάτων,
1133 4742 1271 4797 ἀλλά
1298 4746 1410 4809 τοῖς
1428 4744 1495 4798 δι’
1524 4746 1810 4817 ἐμφάσεως

1924 4756 1977 4802 et
2003 4746 2160 4800 nudis
2194 4743 2508 4799 nominibus
2559 4748 2813 4802 utuntur,
2844 4737 2937 4791 sed
2987 4737 3078 4802 iis,
3116 4748 3236 4804 qua:
3258 4732 3508 4802 emphasi

220 4830 292 4881 τὸ
329 4829 580 4901 βούλημα
622 4831 1002 4902 σημαίνουσιν.

458 4922 561 4977 Ἐκ
590 4921 701 4991 τῆς
724 4923 986 4992 μελέτης
1014 4923 1163 4979 αὐτὸ
1186 4927 1254 4980 τὸ
1276 4929 1595 4997 προοίμιον

315 5010 476 5081 ᾯετο
511 5012 631 5081 μὲν,
664 5006 709 5065 ὦ
750 5013 1049 5084 Ἀθηναῖοι,
1082 5014 1349 5080 Φίλιππος
1376 5017 1443 5071 δι’
1482 5018 1600 5081 ἑνὸς
1629 5004 1822 5072 τούτου

229 5106 604 5175 κηρύγματος
626 5103 686 5157 οὐ
728 5104 1079 5177 Δημοσθένην
1100 5108 1146 5140 θ’
1180 5108 1360 5178 μόνον,
1389 5110 1527 5163 ἀλλά
1558 5112 1652 5165 καὶ
1682 5112 1823 5165 πάν-

224 5211 340 5257 τας
374 5195 530 5264 ὑμῶν
576 5196 984 5267 ἀφαιρήσεσθαι
1010 5200 1056 5230 ³⁸
1102 5202 1228 5263 τοὺς
1279 5201 1673 5270 δημαγωγοὺς,
1708 5203 1822 5256 ὅσοι

231 5289 360 5359 μετ’
414 5285 621 5339 ἐκείνου
653 5287 837 5351 δόντες
890 5291 1117 5356 ἑαυτοὺς
1160 5296 1225 5362 τῇ
1256 5293 1538 5365 πολιτεία,
1573 5294 1826 5365 Φιλίππῳ

234 5379 345 5450 μὲν
368 5377 572 5432 ἄϐατον
600 5378 700 5433 τὴν
743 5381 1018 5454 Ἀττικὴν,
1050 5388 1118 5457 τῇ
1158 5385 1312 5439 πόλει
1340 5385 1398 5439 δὲ
1437 5382 1695 5458 ἀκέραίον
1726 5389 1817 5458 μέ-

1896 4862 1909 4873 ν
1933 4838 2169 4908 quadam
2206 4835 2498 4889 consilium
2532 4832 2735 4887 clarius
2764 4831 3049 4886 exhibent.

2177 4927 2354 4996 Hujus
2390 4924 2807 4980 Declamationis
2831 4926 2929 4976 hoc
2952 4921 3285 4990 prooemium.

2002 5020 2303 5091 Philippus,
2339 5018 2719 5080 Athenienses,
2753 5032 2858 5070 non
2894 5013 3314 5068 Demosthenem
3339 5009 3514 5062 solum

1932 5114 2033 5168 hoc
2063 5128 2171 5166 uno
2188 5110 2520 5177 edicto,}sed
2554 5108 2861 5175 etreliquos
2888 5115 3102 5159 vestros
3123 5113 3391 5163 oratores,
3422 5097 3516 5167 qui

1932 5220 2055 5261 cum
2082 5204 2175 5260 illo
2204 5219 2262 5259 se.
2288 5212 2428 5258 totos
2465 5199 2772 5269 reipublicae
2802 5196 2997 5267 353b
3021 5196 3301 5255 dederant,
3327 5190 3517 5243 existi-

1933 5297 2105 5351 mavit
2132 5310 2192 5350 se
2227 5295 2561 5350 ablaturum.
2619 5290 2894 5345 Hactenus
2929 5286 3145 5356 quidem
3195 5281 3511 5349 Philippum

1934 5375 2111 5444 Attica
2139 5387 2538 5458 prohibuimus,
2570 5384 2801 5451 urbique
2834 5384 2899 5435 ad
2930 5382 3045 5433 ham
3071 5388 3243 5445 usque
3272 5384 3516 5441 tempora

1565 5499 1799 5555 VARI/8
1828 5497 2234 5555 LECTIONES.

314 5589 362 5662 ⁸ξ¹
403 5590 510 5662 ’καὶ
548 5590 1011 5662 προηγάσθησαν
1047 5590 1162 5653 πῶς
1191 5584 1291 5643 οἴει
1323 5590 1527 5662 σφόδρα
1569 5591 1661 5645 τὸν
1718 5591 1961 5661 Πρόκλον
2019 5589 2222 5662 Sttidas
2262 5605 2329 5662 ν.
2375 5582 2874 5662 ,Προῃγάσθηςαν
2918 5576 3363 5662 Ἰ⁸¹ξὲκ6ε6ηκότα
3394 5576 3455 5662 ΛΟ
3494 5591 3511 5629 ι

232 5644 682 5761 ξμόεόηκόταδς.
713 5644 807 5693 Ηέ⁹
831 5644 1043 5730 χυδαῖος
1063 5680 1123 5725 ς.
1143 5644 1159 5653 ’
1200 5662 1245 5692 ⁹⁰
1263 5644 1553 5741 ἐπίκουρόν
1590 5678 1671 5713 σοι
1704 5644 1783 5714 ποί
1820 5677 1903 5713 εσ.
1925 5678 1984 5724 ς.
2062 5661 2104 5691 ’³
2126 5661 2190 5729 τῇ
2211 5659 2335 5712 add.
2360 5644 2450 5713 A.'
2501 5644 2960 5722 ⁹²’ἀγωνιεῖσθαι].
2994 5649 3101 5702 imo
3123 5644 3507 5716 ἀγωνίζεσθαι.

332 5728 539 5783 ἔνδοθεν
587 5732 644 5785 Β.
712 5732 758 5764 ⁸⁵
786 5733 1009 5783 ἀένναον
1037 5750 1096 5785 ς.
1173 5732 1218 5762 ’⁸
1252 5746 1523 5785 σοφιστου.
1605 5732 1650 5764 ⁸⁸
1670 5677 2097 5785 ἁποὲησαυοίζει
2126 5731 2213 5783 AB
2239 5737 2292 5785 et
2314 5742 2423 5785 mit.
2456 5726 2495 5780 (ἰ
2540 5743 2553 5779 :
2610 5720 2860 5785 σοφιστοῦ
2921 5718 3163 5785 μελετῶν
3195 5734 3253 5782 ς.
3330 5716 3375 5749 ’⁷
3406 5717 3507 5785 Δησ

240 5716 295 5761 ’ί
332 5716 539 5783 ἔνδοθεν
587 5716 651 5785 ΒΪ
712 5732 758 5764 ⁸⁵
786 5716 1096 5795 dé‘waov'g'.
1173 5732 1218 5762 "
1252 5716 1523 5799 σοφιστοῦ.
1605 5732 1650 5764 ³⁸
1670 5716 2097 5803 ἁποθησαῦρίζει
2126 5716 2213 5783 Α’ἰῖ
2239 5737 2423 5799 etmg.
2456 5726 2495 5780 (ἰ
2540 5743 2553 5779 :
2610 5716 2860 5793 σοφιστοῦ
2921 5716 3163 5790 μελετῶν
3195 5734 3253 5782 ς.
3330 5716 3375 5749 ’⁷
3406 5717 3507 5786 Aq-

240 5798 488 5872 μοσθένη
527 5819 587 5868 ς.
661 5803 711 5835 ’⁸
740 5800 1201 5872 ἀφαιρεθήσεσθαι
1235 5802 1298 5855 Δ.
