3924 6430
402 398 420 458 1
433 396 537 460 307

1533 394 1787 453 PilUTll
1833 394 2337 454 PATRIARCILE
2383 396 2494 455 (ΣΡ.

3520 395 3646 462 1308

403 511 712 564 libertatem
772 509 1039 577 integram
1090 506 1559 562 conservavimus.
1624 505 1781 560 Nunc
1830 505 1977 560 enim

2099 522 2176 575 (ρι
2209 505 2304 559 νῦν
2347 507 2447 577 τὴν
2498 506 2810 578 ἐλευθερίαν
2851 509 2898 543 ⁹⁹
2948 508 3371 581 διετηρήσαμεν.
3415 510 3640 580 Δόξομεν

400 611 597 669 sponte
646 600 1049 655 calamitatibus
1084 599 1258 667 premi
1312 598 1450 652 velle
1502 597 1831 661 videbimur,
1888 612 1988 653 uec

404 692 637 761 Philippi
674 691 959 759 imperium
984 689 1316 751 detrectare,
1356 686 1447 755 qui
1474 685 1539 738 ad
1584 685 1849 739 barbaros
1877 686 1989 754 pri-

406 798 551 836 mum
587 797 902 845 conversus,
934 788 989 834 et
1046 788 1215 834 totam
1262 778 1371 831 illic
1404 776 1684 846 regionem
1742 776 1988 845 depopu-

302 928 313 939 ,
404 876 545 939 lans,
580 874 777 928 deinde
812 874 879 927 ad
910 873 1089 926 vicina
1124 872 1244 925 urbi
1270 880 1491 932 nostra},
1529 867 1740 935 totique
1762 867 1987 923 Graecia:

404 964 517 1017 loca
556 965 915 1029 undecunque
944 978 1044 1016 nos
1068 960 1334 1017 infestans
1363 960 1668 1028 descendit,
1697 972 1987 1016 venatores

406 1056 507 1109 hac
532 1055 583 1108 in
615 1069 674 1109 re
704 1055 935 1109 callidos
956 1054 1222 1119 imitatus,
1260 1054 1351 1121 qui
1396 1068 1462 1108 eo
1494 1064 1740 1122 tempore
1769 1059 1985 1108 tantum

405 1146 536 1200 feris
590 1156 841 1214 parcunt,
892 1162 998 1215 quo
1024 1162 1083 1201 se
1110 1147 1176 1199 ad
1224 1147 1529 1200 venandum
1608 1145 1783 1216 magis
1830 1161 1985 1201 com-

408 1246 621 1304 parant.
656 1236 801 1292 Nihil
860 1248 1036 1291 tamen
1094 1238 1250 1291 nobis
1292 1248 1351 1292 ut
1399 1239 1559 1292 victis
1615 1239 1838 1307 eripuit,
1888 1251 1989 1291 nec

410 1330 817 1396 Peloponnesus
880 1326 1142 1397 perfossa,
1180 1342 1355 1397 neque
1399 1328 1555 1383 ruina
1599 1329 1986 1395 Pboceusium,

409 1436 583 1491 neque
614 1420 821 1474 Euboea
878 1434 1006 1473 cum
1075 1418 1352 1473 Medorum
1414 1421 1635 1487 tropaeis
1700 1422 1989 1491 tyrannide

406 1528 685 1581 oppressa,
716 1527 815 1565 nec
850 1510 1087 1565 Arcadia
1141 1512 1195 1565 in
1234 1514 1553 1566 servitutem
1606 1513 1851 1577 redacta,
1889 1528 1991 1568 nec

407 1603 535 1656 Elea
585 1600 822 1667 fortuna,
857 1616 959 1655 nec
987 1610 1233 1655 nostrum
1271 1602 1558 1669 imperium
1583 1602 1763 1670 coegit
1795 1603 1991 1655 immu-

408 1703 546 1745 tare.
585 1692 725 1757 Quin
753 1704 807 1746 et
838 1700 1099 1747 tentatam
1133 1692 1536 1746 Chersonesum
1578 1694 1983 1762 cognoscimus,

403 1791 460 1837 et
513 1784 920 1853 Hellespontum
982 1784 1263 1839 inimicum
1321 1783 1660 1838 habebimus.
1696 1784 1985 1850 Quaenam,

404 1874 655 1940 obsecro,
693 1875 886 1944 pestis,
935 1883 1028 1927 aut
1067 1884 1409 1929 terrtemotus
1464 1884 1541 1928 tot
1588 1874 1837 1928 civitates
1890 1889 1988 1928 ex-

406 1963 656 2026 izianivit,
685 1973 757 2018 tot
791 1965 1040 2019 nationes
1058 1964 1273 2027 evertit,
1303 1978 1367 2018 ac
1407 1963 1661 2033 perdidit,
1692 1972 1821 2032 quot
1870 1963 1985 2031 ipse

405 2055 708 2125 Philippus,
760 2054 986 2125 eiusque
1032 2054 1325 2124 tempora?
1376 2054 1553 2108 Probe
1616 2055 1760 2109 enim
1828 2054 1991 2108 scivit

408 2146 545 2208 fore,
581 2147 623 2199 si
672 2149 794 2215 quis
830 2146 1176 2200 Demostheni
1199 2144 1609 2207 auscultaverit,
1638 2144 1775 2197 nihil
1799 2158 1857 2198 se
1887 2159 1991 2197 un-

408 2256 572 2308 quam
610 2240 714 2293 hoc
765 2242 1093 2310 impediente
1126 2240 1409 2308 consequi,
1462 2254 1561 2293 nec
1611 2254 1825 2305 eorum,
1872 2254 1994 2307 quae

408 2333 596 2397 habet,
631 2334 931 2401 quidquam
959 2346 1227 2399 occupare
1258 2346 1438 2401 posse.
1479 2331 1589 2385 Nec
1624 2333 1763 2386 dona
1812 2331 1989 2384 solum

412 2427 509 2478 dat
539 2427 604 2478 ad
656 2424 819 2479 urbes
854 2423 1303 2492 corrumpendas,
1360 2424 1698 2494 proditorqu
1750 2424 1994 2478 consiliis

407 2519 698 2580 excitatus,
730 2531 908 2585 neque
960 2515 1135 2570 solum
1166 2517 1385 2585 praemia
1420 2532 1520 2585 pro
1565 2516 1741 2584 patria
1802 2525 1989 2568 nostra

407 2611 682 2679 proponit,
716 2624 891 2679 neque
909 2610 1070 2663 modo
1095 2608 1147 2662 in
1172 2608 1423 2676 populum
1451 2608 1727 2676 improbos
1750 2606 1993 2673 inducit;

408 2704 505 2757 sed
542 2703 597 2757 in
628 2712 873 2758 oratores
898 2716 960 2756 ac
989 2702 1239 2755 rhetores
1272 2700 1423 2753 dolos
1477 2697 1823 2752 machinatus
1882 2707 1991 2764 est,

412 2808 577 2859 quam
613 2807 723 2846 rem
774 2807 964 2847 omnes
1009 2790 1133 2846 festi
1161 2790 1301 2855 loco,
1339 2804 1405 2844 ac
1455 2789 1624 2843 veluti
1690 2790 1994 2859 panegyrin

410 2885 707 2946 duxerunt,
746 2891 858 2933 tum
882 2880 973 2934 ille
1007 2894 1113 2935 non
1137 2880 1341 2943 verbis,
1373 2880 1468 2933 sed
1501 2894 1653 2935 more
1699 2893 1799 2933 suo
1829 2880 1996 2932 tacite

412 2974 581 3041 coepit
614 2986 833 3028 nocere.
872 2971 1184 3040 lmponehat
1213 2972 1413 3025 etenim
1449 2970 1583 3024 mari
1622 2981 1823 3025 terram
1857 2967 1997 3039 (51),

412 3079 689 3135 superque
718 3066 927 3119 medios
962 3072 1171 3119 montes
1208 3062 1519 3133 navigabat,
1563 3071 1831 3132 ternaque
1883 3064 2000 3115 vice

2088 598 2197 668 γάρ
2229 599 2449 663 ἑκόντες
2480 599 2579 671 ήδη
2610 602 2706 653 καὶ
2732 601 2834 653 οὐκ
2876 601 3101 665 ἄκοντες
3138 604 3419 673 δυστυχεῖν
3460 621 3516 655 τε
3563 606 3654 657 καὶ

2090 689 2495 761 ύποϐεσλῆσθαι
2544 691 2818 762 Φιλίππῳ.
2864 692 2924 745 '0
2955 693 3011 746 δέ
3056 695 3147 747 ἐπ)⁸
3190 696 3315 756 τοὺς
3353 694 3656 765 βαρϐάρους

2090 780 2363 851 ἐτράπετο
2404 781 2692 852 πρότερον,
2731 783 2828 835 καὶ
2849 782 2947 854 τὴν
2994 784 3110 837 ἐκεῖ
3154 782 3399 846 κενώσας
3436 786 3658 853 ἤπειρον

2090 872 2185 925 ἐπὶ
2229 872 2299 925 τὰ
2354 872 2546 943 καίρια
2583 872 2723 944 μέρη
2774 873 2964 926 λοιπὸν
2994 876 3091 943 τῆς
3141 875 3350 936 πόλεως
3403 876 3497 927 καὶ
3552 875 3659 926 τῶν

2102 961 2374 1032 Ἐλλήνων
2408 961 2659 1030 ἐφέρετο,
2696 963 3035 1032 πανταχόθεν
3083 965 3231 1033 ἡμᾶς
3272 963 3662 1033 περιστοιχιζό-

2094 1068 2255 1123 μενος
2299 1050 2442 1105 κατὰ
2478 1052 2610 1114 τοὺς
2648 1053 2857 1117 δεινοὺς
2886 1055 2993 1107 τῶν
3024 1054 3294 1124 θηρατῶν,
3334 1055 3383 1107 οἳ
3412 1056 3662 1109 τοσοῦτον

2091 1144 2365 1212 φείδονται
2400 1141 2513 1197 τῶν
2543 1144 2750 1213 Θηρίων
2779 1146 2991 1215 χρόνον,
3038 1146 3162 1198 ὅσον
3206 1146 3286 1199 ἐτι
3314 1150 3663 1215 παρασκευά-

2091 1234 2294 1297 ζονται.
2338 1235 2591 1307 Ἐκίνησε
2636 1236 2693 1288 δὲ
2729 1238 2879 1306 ἡμᾶς
2930 1237 3079 1290 οὐδὲν
3113 1238 3235 1290 ούδέ
3283 1238 3661 1292 ἀντιλαϐέσθαι

2090 1327 2201 1381 τῶν
2232 1329 2575 1399 πραγμάτων
2604 1328 2939 1397 ἠνάγκασεν,
2967 1328 3028 1381 οὐ
3054 1329 3437 1400 διορυττομένη
3459 1332 3474 1362 ί
3501 1331 3663 1383 Πελοσ

2094 1418 2381 1487 πόννησος,
2434 1418 2495 1470 ού
2524 1417 2587 1470 τὸ
2632 1417 2833 1487 πτῶμα
2893 1418 2955 1470 τὸ
3008 1418 3275 1483 Φωκικὸν,
3327 1420 3426 1471 οὐκ
3462 1418 3661 1471 Εὔϐοια

2096 1510 2237 1579 μετὰ
2265 1508 2373 1561 τῶν
2400 1511 2677 1579 τροπαίων
2705 1508 2814 1561 τῶν
2840 1506 3098 1578 Μηδικῶν
3118 1510 3543 1579 τυραννουμένη.
3568 1512 3666 1562 οὐκ

2106 1600 2367 1672 Ἀρκαδία
2415 1600 2765 1664 δουλεύουσα,
2812 1600 2873 1652 οὐ
2921 1600 2989 1653 τὰ
3031 1600 3261 1654 Ἠλεῖαί
3306 1588 3661 1671 ἀτυχήματα’

2094 1692 2233 1746 ἀλλὰ
2282 1691 2378 1745 καὶ
2408 1691 2755 1763 Χερρόνησον
2792 1690 3193 1763 πειραζομένην
3241 1692 3543 1762 ἐπείδομεν,
3572 1696 3665 1745 καὶ

2094 1785 2183 1837 τὸν
2198 1784 2589 1854 Ἑλλήσποντον
2605 1783 2885 1854 άλλοτριού
2895 1802 3056 1854 μενον
3085 1786 3314 1854 ὁρῶντες
3344 1786 3660 1854 ἐμέλλομεν.

2094 1877 2191 1940 Τίς
2223 1877 2329 1947 γὰρ
2360 1875 2548 1945 λοιμὸς
2572 1876 2605 1946 ἦ
2648 1876 2873 1944 σεισμὸς
2902 1875 3169 1938 τοσαύτας
3196 1876 3376 1939 πόλεις
3404 1875 3663 1928 ἐκένωσεν

2093 1968 2127 2039 ἢ
2166 1968 2403 2021 τοσαῦτα
2441 1968 2572 2038 γένη
2605 1966 2907 2039 ἀνθρώπων
2939 1968 3169 2038 ήφάνισε
3221 1969 3316 2020 καὶ
3350 1967 3664 2029 κατέδυσεν,

2093 2060 2195 2113 ὅσα
2229 2060 2497 2123 Φίλιππος
2521 2059 2619 2113 καὶ
2638 2062 2665 2113 6
2688 2060 2955 2112 Φιλίππου
2988 2062 3211 2130 χρόνος;
3241 2055 3362 2114 Οίδε
3385 2060 3492 2129 γὰρ
3517 2061 3670 2127 ἀκρι-

2098 2150 2230 2215 ϐῶς,
2268 2145 2344 2204 ὧν
2383 2168 2443 2203 τε
2481 2151 2707 2221 μηδέπω
2737 2150 2868 2223 [575
2898 2150 2991 2224 H.]
3034 2153 3316 2223 τυγχάνει,
3357 2136 3668 2205 διάτοῐπον

2095 2243 2597 2313 ἀποστερούμενος,
2636 2244 2731 2295 καὶ
2779 2239 2853 2297 ὧν
2886 2243 2998 2315 ἔχει
3045 2244 3212 2314 μηδὲν
3248 2245 3311 2298 ἂν
3338 2243 3521 2297 λαϐὼν
3547 2245 3590 2308 ³,
3624 2245 3669 2296 εί

2098 2332 2524 2402 συμϐουλεύοντι
2554 2332 2886 2403 Δημοσθένει
2935 2351 3019 2397 τις
3049 2334 3319 2387 ἐπείθετο.
3357 2333 3492 2386 Οὐδὲ
3535 2334 3669 2385 κατὰ

2098 2424 2206 2476 τῶν
2257 2424 2466 2478 πόλεων
2510 2423 2669 2494 μόνον
2690 2424 2711 2455 ⁸
2749 2424 3041 2495 δωροδοκεῖ
3091 2427 3209 2485 ταῖς
3262 2424 3371 2476 τῶν
3404 2423 3672 2493 προδοτῶν

2097 2516 2408 2585 ἐπηρμένος
2445 2515 2695 2585 γνώμαις
2725 2518 2753 2569 6
2779 2517 3065 2583 Φίλιππος,
3100 2518 3221 2570 ούδέ
3260 2513 3398 2571 ἆθλα
3440 2516 3547 2568 τῶν
3579 2534 3669 2568 παι

2094 2606 2293 2677 τρίδων
2327 2606 2672 2677 προτίθησιν,
2722 2606 2843 2660 οὑδέ
2882 2608 3033 2661 κατὰ,
3070 2607 3177 2660 τῶν
3225 2607 3414 2677 δήμων
3468 2605 3673 2668 ὁπλίζει

2096 2701 2223 2763 τοὺς
2244 2699 2578 2771 ἀλάστοραςο
2607 2699 2721 2752 ἀλλ’
2745 2700 2839 2753 ἐπὶ
2874 2700 2996 2763 τοὺς
3027 2701 3283 2771 ῥήτορας,
3307 2698 3402 2751 ἐπὶ
3429 2699 3557 2761 τοὺς
3584 2698 3670 2765 δη-

2102 2790 2396 2861 μαγωγοὺς
2434 2790 2755 2861 μετενήνοχε
2786 2790 2846 2843 τὸ
2878 2792 3195 2860 μηχάνημα.
3235 2790 3396 2843 Ἀλλά
3424 2790 3521 2842 καὶ
3558 2790 3675 2841 τού-

2098 2882 2313 2938 ναντίον
2331 2882 2524 2955 ἑορτὴν
2547 2878 2685 2935 εἶναι
2702 2884 2793 2935 καλ⁹
2813 2885 3117 2953 πανήγυριν
3136 2884 3351 2950 ἐκείνην
3367 2884 3468 2953 τὴν
3485 2882 3675 2952 πρᾶξιν

2100 2972 2341 3035 ἅπαντες
2365 2971 2781 3042 ἐνομοθέτησαν.
2810 2972 2943 3025 Τότε
2978 2974 3183 3036 ἐκεῖνος
3220 2975 3559 3042 παρανομεῖν
3583 2974 3678 3025 οὐκ

2101 3064 2211 3120 ἀπὸ
2236 3064 2520 3135 ῥημάτων,
2545 3064 2662 3117 ἀλλ’
2686 3064 2795 3118 ἀπὸ
2821 3065 2919 3133 τῆς
2942 3064 3153 3133 φύσεως
3178 3064 3391 3135 ἤρχετο.
3412 3065 3678 3117 Ἐπετξθει

414 3160 576 3223 mari,
626 3160 902 3227 marisque
964 3157 1085 3213 loco
1133 3169 1277 3214 terra
1314 3160 1586 3222 utebatur,
1614 3170 1669 3214 et
1752 3159 1883 3213 urbs
1939 3159 1992 3212 in

2103 3159 2213 3229 γὰρ
2245 3158 2487 3230 θαλάττῃ
2513 3158 2609 3228 μὲν
2638 3157 2889 3227 ήπειρον,
2914 3156 3132 3227 δι’όρῶν
3149 3156 3203 3208 δέ
3232 3156 3414 3226 μέσων
3436 3156 3677 3208 ἐναυτίλ-

415 3251 667 3305 triremes
696 3264 793 3319 pro
828 3248 1006 3303 Attica
1047 3250 1380 3320 demigrans,
1418 3248 1600 3302 omnia
1658 3262 2002 3319 qutccunque

413 3341 469 3394 in
506 3339 719 3407 palatiis
743 3338 939 3403 solent,
962 3352 1125 3407 super
1153 3353 1345 3406 aquam
1380 3338 1646 3392 exhibuit.
1684 3337 1798 3392 Non
1816 3339 2001 3393 Mace-

413 3432 582 3485 dones
617 3429 815 3484 finibus
838 3429 1257 3495 insistuntsuis,
1298 3430 1450 3497 prius
1501 3430 1713 3485 scilicet
1760 3432 2000 3485 clemen-

415 3531 500 3576 ter
524 3524 731 3576 exactis
765 3522 983 3576 tributis
1018 3537 1047 3574 a
1085 3522 1243 3577 nobis
1267 3524 1603 3588 conservati,
1658 3525 1751 3578 sed
1802 3534 1998 3579 exacta

418 3614 643 3669 civitate
693 3624 876 3667 nostra
928 3628 995 3667 ex
1048 3614 1299 3681 imperio,
1364 3616 1705 3684 irrepserunt
1762 3616 1814 3669 in
1872 3632 1995 3671 eum

418 3708 617 3771 locum,
678 3720 836 3776 quem
892 3706 1050 3761 nobis
1112 3706 1348 3776 majores
1411 3708 1589 3763 nostri
1639 3707 1997 3779 reliquerunt.

418 3799 677 3862 Quaznatn
726 3796 1036 3867 Philippum
1083 3795 1170 3852 lex
1219 3799 1284 3851 ad
1313 3814 1464 3853 mare
1520 3800 1696 3865 duxit,
1735 3811 1789 3855 et
1864 3801 1999 3856 illud

415 3889 745 3944 elementum
778 3890 1095 3960 contingere
1122 3890 1321 3959 coegit,
1340 3889 1426 3944 cui
1453 3905 1559 3944 non
1590 3892 1820 3945 multum
1841 3893 2002 3947 dissi-

417 3983 565 4037 milis
581 3982 704 4035 est?
723 3981 948 4047 Quando
965 3982 1183 4050 quidem
1202 3982 1344 4035 enim
1372 3981 1482 4043 lex.
1501 3990 1557 4035 et
1577 3996 1757 4036 rerum
1783 3983 2001 4037 occasio

424 4079 565 4130 idem
600 4077 896 4143 postulant,
932 4074 1169 4127 utilitate
1224 4074 1483 4128 incitatus
1524 4076 1744 4144 utrique
1794 4090 1999 4129 morem

419 4179 626 4233 geram,
663 4166 881 4233 quando
913 4163 1059 4216 aliud
1095 4178 1225 4217 usus
1277 4177 1375 4216 seu
1400 4164 1637 4227 occasio,
1669 4164 1813 4218 aliud
1858 4165 2003 4234 leges

421 4256 669 4309 suadent.
722 4253 919 4325 354a
948 4253 1218 4309 Omittens
1253 4252 1385 4322 legis
1438 4254 1602 4307 verba
1634 4294 1649 4319 ,
1706 4255 2000 4309 utilitatem

419 4361 636 4414 sequor.
681 4346 747 4399 Et
772 4347 895 4415 quis
923 4355 1167 4399 vestrum
1198 4344 1429 4413 ignorat,
1468 4344 1743 4414 quomodo
1766 4346 1841 4399 illi
1866 4347 1996 4399 olim

422 4438 624 4492 nostris
653 4438 1055 4506 legislatoribus
1087 4437 1269 4491 valere
1299 4436 1486 4507 jussis,
1527 4446 1579 4489 et
1620 4436 1837 4499 Solone.
1870 4438 2003 4490 Dra-

2106 3252 2248 3317 λετο,
2267 3251 2506 3323 θαλάττῃ
2527 3251 2623 3321 μὲν
2636 3253 2735 3304 ὅσα
2746 3251 2841 3321 γῇ,
2855 3252 2925 3321 γῇ
2943 3248 2998 3301 δέ
3013 3250 3109 3301 ὅσα
3128 3247 3362 3318 θαλάττῃ
3378 3246 3495 3317 χρώ
3503 3265 3628 3316 μενο
3644 3266 3679 3301 ο.

2106 3347 2216 3401 Καὶ
2267 3347 2366 3408 τὰς
2403 3345 2648 3415 τριήρεις
2678 3342 2800 3395 ἀντὶ
2820 3340 2919 3411 τῆς
2958 3339 3207 3408 Ἀττικῆς
3244 3340 3675 3409 μετοικήσασα⁸,

2109 3437 2273 3511 [1077
2304 3435 2397 3508 IL]
2450 3438 2546 3489 καὶ
2591 3434 2769 3488 πάντα
2806 3434 2908 3487 ὅσα
2944 3434 3003 3485 ἐν
3054 3432 3395 3502 ἀνακτόροις,
3444 3432 3537 3482 ἐπὶ
3586 3430 3679 3499 τῆς

2108 3531 2381 3599 θαλάττης
2406 3531 2439 3599 ή
2474 3527 2629 3590 πόλις
2659 3526 2945 3595 ἔπραττεν.
2978 3523 3054 3576 Οὐ
3085 3522 3105 3553 ⁶
3141 3522 3451 3583 Μακεδόνες
3492 3523 3681 3573 ἐπιπο-

2106 3622 2329 3686 λάζουσι
2351 3621 2463 3683 τοῖς
2493 3619 2837 3690 πράγμασιν,
2865 3618 2914 3669 οί
2942 3614 3176 3685 πρόσθεν
3210 3616 3512 3685 ἀγαπητῶς
3550 3616 3680 3684 μετά

2107 3711 2217 3765 τῶν
2245 3710 2428 3780 φόρων
2470 3708 2807 3778 σωζόμενοις
2837 3705 3232 3777 Παρωσάμενοι
3257 3705 3317 3757 δέ
3340 3706 3439 3775 τῆς
3467 3707 3638 3775 ἀρχῆς
3659 3706 3677 3733 ¹

2109 3803 2209 3875 τὴν
2247 3801 2525 3873 ἡμετέραν
2562 3800 2716 3852 πόλιν
2750 3798 2906 3851 αὐτοὶ
2947 3796 3259 3867 παρέδυσαν
3289 3798 3367 3859 εἰς
3396 3798 3497 3865 τήν
3534 3796 3682 3861 τάξιν

2110 3894 2349 3965 ἐκείνην,
2390 3894 2475 3962 ἐφ’
2507 3886 2574 3963 ἦς
2602 3891 2625 3923 ⁸
2665 3892 2815 3962 ἡμᾶς
2852 3890 2901 3943 οἱ
2932 3888 3187 3960 πρόγονοι
3236 3887 3551 3942 κατέλιπον.
3588 3890 3683 3951 Τίς

2110 3987 2274 4058 νόμος
2298 3988 2318 4019 ⁸
2347 3987 2663 4056 κατήγαγεν
2699 3982 2791 4036 ἐπὶ
2823 3981 3091 4036 θάλατταν
3121 3980 3384 4033 Φίλιππον
3420 3980 3513 4032 καὶ
3546 3996 3681 4032 στοι-

2110 4079 2258 4149 χείου
2315 4076 2483 4147 μηδὲν
2517 4075 2667 4145 αύτῷ
2718 4073 3067 4145 διαφέροντος
3120 4071 3504 4143 προσάψασθαι
3557 4088 3682 4123 κατ-

2110 4168 2461 4239 ηνάγκασενς
2510 4166 2682 4218 Ὅταν
2754 4164 2852 4234 μὲν
2910 4163 3018 4232 γὰρ
3072 4160 3139 4214 τὰ
3190 4161 3329 4214 αὐτὰ
3390 4159 3683 4213 κελεύωτιν

2110 4260 2139 4315 ὃ
2176 4276 2235 4311 τε
2275 4258 2437 4325 νόμος
2466 4257 2558 4308 καὶ
2603 4255 2632 4305 6
2673 4253 2782 4306 τῶν
2835 4252 3177 4322 πραγμάτων
3226 4250 3417 4319 καιρὸς
3443 4290 3456 4314 ,
3506 4252 3679 4318 ἀμφο-

2111 4348 2290 4419 τέροις
2320 4347 2406 4400 διὰ
2461 4348 2522 4399 τὸ
2563 4342 2841 4413 συμφέρον
2879 4340 3138 4410 πείθομαι
3169 4357 3183 4373 ο
3211 4341 3338 4392 ὅταν
3360 4340 3418 4392 δὲ
3451 4340 3493 4370 ¹⁶
3526 4339 3684 4409 ἕτερα

2115 4441 2215 4510 μὲν
2272 4442 2305 4507 ἡ
2358 4437 2536 4509 χρεία,
2588 4437 2753 4505 ἐτερα
2791 4435 2848 4487 δέ
2897 4436 2945 4487 οἱ
2980 4434 3132 4504 νόμοι
3164 4431 3410 4503 φράζωσι
3442 4433 3505 4496 ιι,
3549 4449 3688 4501 παρα

419 4545 576 4593 cone,
603 4529 832 4597 aliisque
867 4529 1118 4582 omnibus
1152 4528 1448 4598 neglectis,
1484 4528 1833 4582 Macedonum
1872 4528 1993 4582 Phi-

2114 4536 2194 4596 εὶς
2244 4532 2465 4585 ἀκούειν
2504 4530 2612 4583 τῶν
2664 4527 2943 4582 συλλαϐῶν
3007 4525 3284 4579 άκολουθῶ
3338 4525 3417 4595 τῷ
3473 4525 3684 4593 συμφέ-

422 4622 660 4690 lippique
706 4622 1022 4685 amicitiam,
1070 4620 1200 4688 legis
1254 4619 1394 4684 loco,
1451 4629 1506 4673 et
1551 4619 1762 4688 patrue,
1811 4619 1993 4688 reique

2106 4641 2276 4697 ροντι,
2308 4624 2419 4675 Καὶ
2448 4620 2530 4683 τίς
2578 4620 2679 4672 οὐκ
2719 4614 2856 4672 οἶδεν
2892 4618 2966 4680 ὡς
2994 4618 3188 4669 ἐκεῖνοι
3229 4615 3396 4669 πάλαι
3418 4617 3529 4677 τοῖς
3557 4614 3687 4683 παρ’

425 4714 675 4779 pretiosae
704 4713 1000 4767 duxerint?
1032 4712 1256 4766 Infamia
1299 4718 1544 4766 notatum
1580 4726 1608 4764 a
1636 4712 1744 4765 Deo
1781 4709 1903 4782 [pro
1941 4712 1992 4764 iu

2105 4713 2329 4787 ήμῶν¹¹
2360 4711 2681 4782 νομοθέταις
2720 4707 2996 4780 ἐρρῶσθαι
3019 4708 3346 4778 φράσαντες,
3386 4705 3478 4758 καὶ
3519 4703 3687 4761 πολλὰ

421 4804 670 4858 columna
729 4802 1180 4874 triumphantem]
1235 4807 1303 4857 ob
1353 4821 1415 4858 ea
1471 4820 1591 4873 quae
1640 4820 1802 4858 ausus
1874 4803 1993 4857 fuit.

2114 4805 2331 4878 χαίρειν
2357 4803 2400 4835 ⁵³
2441 4801 2639 4855 Σόλωνι
2688 4801 2781 4853 καὶ
2819 4800 3082 4870 Δράκοντι
3119 4798 3214 4851 καὶ
3245 4798 3356 4859 τοῖς
3403 4795 3582 4857 ἄλλοις
3610 4797 3689 4846 εί-

424 4897 745 4963 Suspectum
775 4898 949 4951 habeo
995 4897 1333 4952 zEschiuem.
1367 4897 1574 4950 Turbat
1604 4899 1747 4951 enim
1795 4912 1881 4950 me
1909 4912 1993 4950 co-

2119 4898 2317 4960 πόντες
2371 4895 2569 4959 ἅπασι,
2601 4894 2663 4946 τὸ
2712 4891 3081 4947 Μακεδονικὸν
3132 4889 3354 4961 χρυσίον
3387 4889 3431 4919 ³⁸
3467 4888 3564 4941 καὶ
3592 4888 3689 4954 τήν

426 4988 626 5042 muedia
652 4987 969 5055 Phocensis,
1006 5003 1164 5057 quam
1203 4991 1357 5043 uobis
1387 5004 1493 5043 nou
1530 4989 1581 5042 in
1612 5004 1773 5042 scena
1809 4988 1993 5042 adum-

2117 4990 2390 5043 Φιλίππου
2422 4987 2604 5058 φιλίαν
2634 4986 2831 5056 νόμους
2855 4985 2949 5037 καὶ
2974 4982 3209 5052 πατρίδα
3230 4982 3323 5035 καὶ
3346 4979 3621 5034 πολιτείαν
3648 4980 3689 5010 ¹⁸

424 5083 615 5151 brate,
657 5081 755 5137 sed
815 5082 989 5149 reipsa
1051 5082 1299 5151 egregius
1364 5081 1455 5137 ille
1517 5081 1751 5147 histrio,
1821 5082 1993 5135 tertia:

2120 5086 2214 5137 καὶ
2248 5084 2424 5137 πάντα
2452 5082 2520 5133 τὰ
2556 5078 2863 5149 τιμιώτατα
2912 5076 3226 5145 νομίζουσι;
3251 5072 3513 5143 Στηλίτην
3544 5069 3693 5138 παρὰ

423 5185 606 5245 partes
635 5180 861 5231 sortitus
909 5176 1177 5229 exhibuit.
1218 5176 1598 5231 Verumtamen
1629 5191 1753 5232 cum
1790 5177 1904 5230 haec
1932 5176 1993 5227 ita

2116 5174 2193 5245 τῷ
2224 5174 2343 5245 Θεῷ
2365 5173 2650 5242 γινόμενον
2676 5170 2797 5225 ἀντὶ
2823 5167 2915 5221 τοῦ
2942 5169 3001 5220 ἐν
3032 5165 3203 5236 στήλῃ
3230 5162 3691 5235 θριαμὸευόμενον

1744 5312 1980 5367 VARLE
2020 5302 2316 5368 LECTlON
2325 5308 2428 5365 ES.

498 5429 542 5501 ἐξ
569 5429 667 5500 τὴν
692 5428 1009 5499 ἐλευθερίαν
1032 5437 1157 5501 ante
1174 5428 1433 5501 ἀκέραιον
1464 5430 1613 5501 ponit
1640 5448 1698 5493 ς.
1777 5431 1803 5501 ¹ν
1826 5429 2217 5501 διορυσσομένη
2249 5427 2311 5483 Β.
2388 5429 2408 5459 ³
2437 5426 2595 5501 ήλεζα
2674 5422 2837 5501 iam}
2867 5435 2926 5501 ς.
2969 5412 3284 5501 ξᾶνλαβὼνῖ
3312 5412 3678 5501 ᾲναλίιεέδν

426 5499 453 5574 ξ-
478 5477 779 5574 tanta:
794 5477 810 5481 ⁷
829 5477 878 5532 ἴ
891 5477 1270 5574 petentia};
1282 5477 1698 5574 agragianas
1738 5516 1750 5551 :
1796 5477 1935 5553 libri
1951 5477 1993 5569 ᾖ

2431 5477 2563 5565 θὀύ]
2599 5494 2734 5574 οἱ
2767 5563 2778 5574 .
2812 5477 3421 5574 ἱάγᾳῆςὶμᾼύζηςέ
3444 5477 3567 5574 ξ-
3595 5482 3688 5574 A‘:

426 5552 493 5639 ᾖ)
527 5586 588 5631 ς’.
648 5570 686 5639 A’
720 5552 976 5637 νόμοςἈι
1004 5552 1191 5637 νόμων
1214 5585 1275 5631 ς.
1312 5637 1319 5639 Α
1356 5569 1397 5598 ¹⁰
1433 5568 1488 5639 δέ
1525 5581 1651 5622 ante
1678 5552 1841 5639 ἕτερα.
1874 5552 1996 5623 add.
2033 5571 2096 5622 A.
2180 5570 2218 5599 ¹¹
2255 5552 2603 5638 φράζουσιξ.
2684 5566 2725 5596 ⁸⁸
2757 5552 3004 5631 ἠμῖνΒΪ
3046 5552 3099 5590 ’⁸³
3126 5552 3293 5607 πολλά
3326 5552 3422 5623 μὲν
3451 5552 3599 5622 χαῑρι
3628 5566 3688 5613 ς-

435 5636 477 5667 ¹⁸
500 5637 717 5707 χρυσίον
738 5636 863 5693 add.
884 5640 949 5692 A.
1028 5636 1077 5672 "7
1108 5639 1202 5691 καὶ
1238 5637 1512 5691 πολιτείαν
1546 5640 1665 5692 add.
1695 5640 1759 5693 Α.

1960 5730 2168 5786 ΝΟΤΑΞ

510 5824 621 5889 (51)
654 5824 801 5880 Fort.
828 5827 893 5880 de
922 5825 1117 5880 Xerse.
