3924 6466
320 435 461 499 1309

1379 450 1903 513 BIBLIOTIIECA.
1943 475 2014 484 -
2049 452 2212 509 CUD.
2253 450 2558 510 CCXLIII.

3457 455 3592 519 1310

315 537 397 596 ὧν
427 545 745 615 ἐτόλμησεν.
788 549 1109 622 ’Υφορῶμαι
1144 555 1405 626 Αἰσχίνην
1428 573 1442 589 ο
1484 557 1743 627 ταράττει
1787 559 1896 627 γάρ

2021 574 2059 611 ιε
2120 559 2336 623 habent,
2396 559 2665 613 hominem
2731 561 2840 617 risu
2884 564 3181 633 excipiunt,
3238 572 3293 620 et
3344 563 3593 619 Pisistra-

320 653 391 704 με
413 637 473 688 τὸ
505 638 691 707 δρᾶμα
720 641 780 693 τὸ
804 644 1071 710 Φωκικὸν,
1094 647 1231 717 ὅπερ
1260 650 1360 700 οὐκ
1389 650 1485 702 ἐπὶ
1512 650 1719 718 σκηνῆς
1745 651 1896 718 ἡμῖν,

316 729 438 781 ἀλλ’
491 732 584 783 ἐπὶ
610 732 711 800 τῆς
753 733 1014 802 ἀληθείας
1048 738 1219 807 αὐτῆς
1252 742 1280 792 ὁ
1318 741 1632 810 θαυμαστὸς
1670 742 1713 772 ³⁸
1747 736 1904 803 οὗτος

316 823 760 893 τριταγωνιστὴς
802 825 1143 889 ἐπεδείξατο.
1189 829 1328 882 Ἀλλ’
1376 832 1528 900 ὅμως
1564 832 1657 884 καὶ
1698 832 1905 884 τούτων

320 911 495 976 οὕτως
524 914 779 984 ἐχόντων,
816 919 1201 988 εἰρωνεύονται
1224 922 1316 974 τὸν
1351 922 1661 992 ἄνθρωπον,
1691 924 1785 977 καὶ
1811 925 1904 977 τὸν

324 1002 718 1075 Πεισίστρατον
759 1008 1021 1074 πολλάκις
1072 1013 1477 1084 παραφέρουσι,
1520 1015 1617 1067 καὶ
1661 1016 1762 1068 οὐκ
1817 1016 1903 1068 at-

324 1094 614 1163 σχύνονται
659 1099 754 1151 νῦν
795 1101 896 1169 μὲν
943 1103 1024 1165 είς
1064 1104 1267 1157 δειλίαν
1302 1106 1397 1158 xa‘t
1436 1107 1713 1175 μαλακίαν
1749 1105 1894 1159 σκώο

2010 657 2119 701 tum
2175 662 2547 718 saepenumero
2592 652 2887 718 appellant,
2942 671 3114 724 neque
3142 656 3495 720 erubescunt,
3533 666 3591 708 ut

2011 742 2260 809 ignavum
2295 750 2349 796 et
2382 742 2597 796 mollem
2623 747 3016 800 scommatihus
3036 759 3238 816 petere,
3271 749 3592 800 nuncetiam

2014 840 2318 886 metuentes
2341 848 2408 887 ne
2437 835 2649 887 tandem
2698 836 2860 889 etiam
2899 839 3084 891 urbem
3108 840 3396 909 tyrannide
3416 840 3599 907 oppri—

2014 933 2144 985 mat,
2179 938 2295 988 qum
2332 926 2567 978 maxime
2593 940 2621 978 a
2654 941 2715 979 se
2737 938 2924 980 mutuo
2944 927 3219 982 diﬁ‘erunt.
3249 931 3347 994 Qui
3375 930 3596 998 integris

2011 1014 2276 1068 classibus
2304 1018 2369 1068 ad
2405 1030 2555 1082 reges
2601 1033 2632 1073 e
2677 1018 2850 1072 Piraeo
2905 1021 3112 1075 delatus
3156 1031 3257 1075 est.
3315 1022 3440 1075 llazc
3477 1036 3598 1075 cor-

2010 1116 2267 1173 rumpunt
2299 1108 2709 1176 rempublicam,
2736 1110 2983 1177 Philippo
3005 1127 3130 1167 vero
3154 1114 3294 1165 viam
3323 1121 3590 1167 sternttnt.

327 1205 572 1251 πτοντες,
605 1189 700 1244 νῦν
737 1191 794 1244 δὲ
829 1194 905 1263 μὴ
943 1197 1257 1268 τυραννήσῃ
1317 1198 1416 1267 τῆς
1455 1198 1664 1263 πόλεως
1702 1199 1932 1261 δεδιότες
1963 1213 1976 1226 ⁸
2010 1198 2046 1253 ἃ
2083 1199 2334 1251 πλεῖστον
2393 1200 2639 1270 ἀλλήλων
2688 1205 3040 1274 κεχώρισται.
3104 1205 3164 1258 '0
3197 1205 3403 1268 στόλοις
3452 1206 3595 1269 ὅλοις

325 1284 393 1336 ὲκ
436 1285 530 1338 τοῦ
577 1288 850 1359 Πειραιῶς
925 1295 1016 1346 ἐπὶ
1066 1296 1190 1359 τοὺς
1236 1299 1535 1370 τυράννους
1581 1289 1939 1369 ἀναγόμενος.
1980 1299 2266 1371 Φθείρουσι
2298 1302 2396 1371 μὲν
2423 1303 2493 1356 τὰ
2524 1304 2653 1374 περὶ
2694 1305 2866 1365 αὐτὴν
2897 1303 2998 1373 τὴν
3037 1301 3189 1355 πόλιν
3218 1342 3232 1367 ,
3259 1301 3510 1372 Φιλίππῳ
3539 1303 3597 1354 δὲ

327 1379 634 1436 όδοποιοῦσι
664 1384 732 1437 τὰ
762 1386 1085 1457 πράγματα.

340 1513 872 1606 'Eiﬁwfsv'ém
902 1516 1012 1606 1i"
1059 1526 1449 1606 decumam
1490 1529 1715 1606 εισςίγει
1756 1546 1913 1606 (τυμ-

402 1587 1073 1667 ϐουλςύογίτᾳὲατὶξγειν
1096 1587 1488 1667 ιδ’-Αἰσχίνὴν,
1524 1587 1727 1667 φήιὶης
1750 1587 1913 1665 ῤυί-

400 1670 520 1722 σης
545 1656 634 1709 ὅτι
669 1656 1056 1729 Ἀλέξανδρος
1086 1663 1227 1730 τοὺς
1267 1656 1541 1734 φὺγάδὰξ
1573 1656 1838 1733 κατάξει.

409 1768 597 1832 Ὄντος
624 1772 733 1840 γὰρ
773 1774 1035 1844 ἑκατέρου
1069 1776 1266 1844 δεινοῦ,
1301 1781 1394 1832 καὶ
1422 1781 1517 1834 τοῦ
1555 1782 1705 1835 λύειν
1730 1782 1910 1852 ψῆφον

2021 1525 2101 1577 Ea:
2134 1526 2369 1578 oratione
2396 1526 2449 1578 in
2497 1541 2598 1593 qua
2650 1524 3043 1577 Demosthenem
3092 1524 3291 1578 inducit
3350 1528 3413 1577 de
3456 1544 3597 1580 reva-

2086 1604 2256 1648 cmtdo
2310 1594 2566 1647 [Exhinc
2611 1596 3041 1664 consultantem,
3118 1596 3328 1664 vulgato
3384 1613 3596 1649 rumore

2085 1664 2444 1718 Alexandrum
2467 1663 2672 1719 exsules
2709 1676 3094 1719 revocaturum.

2084 1777 2217 1834 Cum
2249 1788 2538 1847 utrumque
2569 1778 2829 1833 acerbum
2866 1779 2956 1845 sit,
3011 1787 3065 1833 et
3107 1778 3345 1833 edictmn
3396 1788 3590 1848 sponte

333 1858 560 1921 ἑκόντας
604 1862 697 1913 καὶ
727 1862 821 1915 τοῦ
862 1864 1034 1917 ταῦτα
1068 1866 1359 1937 ὑπομεῖναι
1397 1871 1549 1940 παρά
1580 1872 1807 1943 γνώμην
1853 1874 1910 1939 ἐξ

2021 1870 2254 1932 solvere,
2297 1880 2351 1925 et
2380 1870 2492 1924 haec
2536 1870 2808 1924 sustinere
2855 1880 3052 1938 praeter
3118 1872 3449 1924 voluntatem
3510 1885 3577 1924 ex

327 1952 726 2021 ἐπιτάγματος,
744 1949 906 2026 ἦττον
938 1956 1159 2020 ἑκόντας
1189 1960 1359 2014 κακὸν
1388 1960 1482 2013 τοῦ
1507 1961 1653 2015 λύειν
1673 1962 1907 2026 ἄκοντας

329 2042 627 2113 ὑπείληφα.
666 2044 740 2096 To
776 2046 875 2114 μὲν
932 2047 1041 2117 γὰρ
1075 2049 1352 2120 ἐνδέχεταί
1396 2069 1527 2105 ποτε
1584 2053 1677 2105 καὶ
1720 2053 1909 2119 φιλαν-

328 2133 578 2205 θρωπίας
634 2137 793 2203 δόξαν
826 2138 952 2209 [576
996 2138 1089 2211 Η.]
1128 2141 1343 2195 λαϐεῖν·
1377 2144 1427 2196 οί
1478 2145 1534 2197 δὲ
1574 2146 1781 2216 ἑτέροις
1810 2147 1912 2197 ὑπ-

326 2223 619 2289 ακούοντες
648 2228 746 2296 τὴν
775 2229 872 2297 μὲν
903 2230 1169 2299 αίσχύνην
1201 2233 1407 2286 ἑαυτῶν
1440 2234 1677 2303 ποιοῦσι,
1713 2237 1822 2291 τῶν
1850 2238 1907 2290 δὲ

327 2316 748 2386 προσταξάντων
777 2320 876 2389 τὴν
900 2320 1172 2376 εῦκλειαν.

400 2432 804 2499 Κοινολογεῖται
836 2437 933 2489 καὶ
961 2437 1099 2507 μετά
1123 2438 1272 2509 βῆμα
1304 2438 1612 2509 βασιλεῦσιν
1628 2442 1909 2514 Αἰσχίνης,

326 2522 424 2575 καὶ
463 2523 602 2591 μετά
642 2524 1014 2594 Κτησιφῶντα
1044 2528 1137 2579 καὶ
1166 2527 1264 2597 τὴν
1296 2529 1476 2598 φυγὴν
1504 2532 1801 2601 τυράννους
1829 2533 1911 2586 ἔτι

325 2611 778 2684 περιεργάζεται.
820 2617 1144 2688 Ἀνθρωπος
1171 2619 1268 2689 τὴν
1298 2620 1489 2673 οὐσίαν
1509 2622 1549 2654 ¹⁹
1584 2622 1711 2691 ὅλην
1743 2624 1912 2694 ὑπερ-

326 2704 580 2773 πηδήσας
626 2708 738 2768 τοϊς
771 2706 978 2772 ὅπλοις,
1039 2710 1135 2761 καὶ
1175 2712 1239 2779 τῇ
1295 2709 1454 2778 φύσει
1496 2712 1541 2742 ¹⁰
1590 2712 1911 2780 φιλονεικῶν

324 2798 517 2848 λοιπὸν
554 2798 632 2849 ὅτι
680 2796 973 2869 πολεμίους
1024 2802 1099 2870 μὴ
1130 2802 1477 2871 κέκτηται¹¹.
1513 2803 1593 2856 Δι’
1625 2804 1719 2869 οὓς
1766 2805 1912 2876 ἤρθη

323 2887 586 2952 τοσοῦτος
620 2891 665 2921 ²²
704 2890 990 2953 Φίλιππος.
1018 2892 1086 2945 δι’
1117 2892 1210 2956 οὒς
1252 2894 1414 2947 ἔπεσε
1461 2896 1529 2949 τὰ
1567 2896 1676 2949 τῶν
1721 2896 1911 2969 Ἐλλή-

325 2997 441 3031 νων
468 2982 795 3051 φρονήματα
818 2998 831 3012 ο
883 2984 1013 3053 παρ’
1044 2977 1118 3038 ὧν
1162 2985 1467 3055 σύμμαχοι,
1499 2986 1676 3052 τόποι,
1705 2988 1909 3057 καιροὶ,

325 3074 483 3124 πᾶσα
506 3071 616 3125 τῶν
642 3074 895 3143 μεγάλων
916 3076 1405 3148 κατορθωμάτωνὴ
1433 3080 1726 3150 πρόφασις.
1752 3081 1913 3135 Ἀλλὰ

321 3164 393 3217 τὸ
424 3167 522 3235 μὲν
554 3167 748 3238 Θηϐῶν
780 3169 950 3234 πάθος
990 3172 1330 3240 ὑπερεφώνει
1364 3174 1410 3204 ³⁸
1440 3175 1568 3237 τοὺς
1606 3174 1909 3244 Ἕλληναςο

342 3254 690 3327 Ἀλέξανδρος
722 3258 900 3328 δὲτὴν
932 3260 1083 3312 πόλιν
1115 3261 1206 3312 καὶ
1239 3260 1375 3330 μετὰ
1402 3260 1584 3329 Θήϐας
1619 3262 1908 3334 ᾐσχύνετο.

322 3348 527 3403 Καίτοι
564 3366 628 3418 γε
685 3344 798 3419 εἶχέ
852 3368 905 3403 τι
961 3353 1081 3405 τότε
1111 3355 1175 3422 τῇ
1224 3353 1374 3406 πόλει
1424 3354 1519 3406 καὶ
1561 3355 1907 3425 μέμψασθαιο

323 3440 496 3509 ἡμεῖς
526 3441 635 3510 γὰρ
662 3440 917 3509 Θηϐαίων
950 3446 1224 3497 πεσόντων
1259 3444 1356 3516 τὴν
1389 3446 1611 3516 τελετὴν
1651 3447 1910 3500 ἀπεκλεί-

327 3547 532 3602 σαμεν,
561 3533 648 3585 ἵνα
681 3536 756 3603 μὴ
791 3535 903 3597 τοῖς
927 3534 1178 3604 Θηϐαίων
1213 3534 1434 3606 θρήνοις
1463 3536 1800 3607 άντιϐοῷμεν
1820 3539 1912 3592 τὸν

327 3622 544 3691 τακχον.
581 3623 793 3695 Ὠσπερ
826 3625 933 3695 γὰρ
979 3623 1184 3691 ἀγαθοῦ
1250 3626 1510 3692 φανέντος
1550 3624 1643 3678 τοῦ
1688 3629 1914 3696 κομιζο-

334 3713 501 3782 μένου
533 3713 629 3784 τὴν
658 3715 819 3785 χάριν
851 3715 1096 3783 μεθέξειν
1122 3717 1154 3787 ἠ
1180 3716 1334 3778 πόλις
1355 3717 1415 3769 τὸ
1442 3718 1607 3787 μέρος
1636 3718 1734 3788 τῆς
1754 3719 1914 3790 δόξης

328 3804 590 3874 ἤμελλεν,
629 3803 772 3857 οὕτω
803 3805 902 3869 τῆς
931 3805 1214 3877 αἰσχύνης,
1255 3807 1305 3859 εί
1346 3807 1582 3878 πονηρὸς
1612 3808 1658 3838 ⁸³
1689 3808 1913 3875 ἐξηλέγ-

327 3912 482 3965 χετο.
513 3895 639 3949 Οῦτ’
672 3896 738 3949 ἂν
775 3897 964 3968 ἐτέρου
995 3899 1299 3968 γράφοντος
1339 3898 1433 3951 καὶ
1468 3899 1913 3969 παρανομοῦντος

330 3987 590 4056 ὲσίγησα,
614 3988 750 4041 ἀλλά
775 3988 1137 4060 προσδραμὼν
1169 3989 1235 4041 ἂν
1263 3987 1425 4059 [1080
1452 3987 1543 4060 IL]
1576 3989 1654 4059 τῷ
1683 3989 1909 4059 βήματι,

326 4078 425 4131 τὸν
456 4078 667 4131 Σόλωνα
712 4078 1021 4149 κεκραγὼς,
1062 4080 1161 4148 τὴν
1211 4079 1485 4132 πολιτείαν
1520 4080 1909 4149 ἐπιϐοώμενος,

327 4172 411 4225 Οὐ
438 4171 584 4224 λύσω
609 4172 733 4234 τοὺς
761 4171 977 4241 νόμους,
1006 4171 1070 4222 ἂν
1094 4170 1250 4241 ἔφην,
1274 4171 1394 4224 οὐδὲ
1419 4171 1646 4241 δέχομαι
1671 4171 1914 4240 φυγάδας

330 4264 392 4330 ἐξ
426 4264 820 4332 ἐπιτάγματος,
848 4262 967 4315 οὐδὲ
990 4261 1067 4331 τῷ
1087 4262 1319 4314 Φωκέων
1342 4261 1574 4332 αὐθέντῃ
1599 4261 1910 4325 κελεύοντος

331 4356 497 4412 ἄλλου
524 4356 570 4387 ³⁵
602 4356 933 4425 σπένδομαι’
967 4354 1081 4407 ἀλλ’
1116 4355 1221 4416 ἕως
1264 4352 1330 4405 ἂν
1365 4353 1472 4421 ἔχω
1517 4351 1766 4421 λιμένας,
1808 4351 1915 4415 ἓως

331 4448 553 4519 ἡλικίαν
586 4447 964 4516 ἀκμάζουσαν,
998 4445 1102 4508 ἕως
1147 4444 1366 4514 ἀριθμῶ
1399 4444 1467 4497 τὰ
1512 4445 1773 4514 τρόπαια,
1807 4443 1914 4506 ἕως

2012 1960 2294 2025 mandato,
2342 1960 2519 2013 minus
2557 1960 2754 2013 malum
2781 1959 3088 2014 existimavi
3129 1970 3325 2028 sponte
3352 1961 3587 2027 solvere,

2010 2065 2173 2119 quam
2205 2050 2371 2104 invite
2396 2049 2650 2104 tolerare.
2688 2049 2820 2103 Nam
2868 2050 2982 2105 fieri
3027 2052 3245 2120 quidem
3293 2060 3491 2121 potest,
3533 2063 3591 2105 ut

2012 2141 2115 2196 hoc
2136 2141 2424 2209 aliquando
2455 2141 2804 2195 humanitatis
2834 2140 3059 2211 gloriam
3090 2149 3476 2209 consequatur,
3500 2141 3593 2210 qui

2009 2248 2142 2288 vero
2174 2232 2293 2287 aliis
2333 2231 2619 2295 obediunt,
2648 2232 2748 2286 sibi
2812 2233 2943 2299 ipsis
2974 2231 3278 2297 infamiam,
3318 2234 3595 2299 imperau-

2013 2325 2157 2381 tibus
2184 2340 2309 2380 vero
2348 2326 2609 2379 honorem
2641 2324 2955 2379 conciliant.

2083 2439 2371 2495 [Escbines
2424 2439 2634 2493 confert
2699 2453 2821 2491 cum
2884 2437 3100 2506 regibus
3152 2450 3437 2495 sermones
3498 2456 3598 2509 pro

2010 2540 2288 2601 suggestu,
2314 2540 2368 2585 et
2416 2540 2539 2600 post
2590 2529 2839 2584 exsilium
2900 2538 3120 2599 propter
3188 2528 3595 2599 Ctesiphontem

2012 2622 2241 2691 amplius
2274 2621 2523 2675 sollicitat
2574 2636 2747 2688 reges.
2800 2619 2975 2674 Homo
3037 2620 3345 2675 universam
3412 2624 3594 2676 Asiam

2012 2714 2180 2767 armis
2220 2727 2518 2783 peragrans
2547 2751 2562 2775 ,
2612 2721 2665 2765 et
2694 2712 2910 2780 ingenio
2940 2711 2992 2765 id
3043 2713 3256 2766 demum
3299 2715 3546 2767 adniteus
3575 2755 3590 2779 ,

2012 2820 2080 2858 ne
2106 2804 2333 2858 habeam
2367 2818 2488 2857 cum
2522 2804 2721 2871 quibus
2745 2806 3091 2859 contendam.
3128 2805 3231 2859 Per
3257 2820 3350 2859 eos
3384 2815 3590 2857 tantum

2012 2897 2185 2949 elatus
2210 2906 2295 2949 est
2326 2894 2625 2963 Philippus,
2658 2911 2752 2965 per
2777 2912 2913 2965 quos
2945 2897 3259 2951 Graecorum
3294 2897 3458 2949 animi
3498 2899 3593 2949 dc—

2014 2988 2297 3041 ciderunt:
2350 3001 2379 3039 a
2406 2988 2605 3055 quibus
2642 2986 3067 3052 commilitones,
3121 2988 3225 3042 loci
3267 2989 3589 3057 opportuni—

2012 3090 2173 3141 tates,
2203 3078 2382 3133 omnis
2418 3078 2631 3131 fortiter
2699 3079 3063 3147 gerendarum
3120 3094 3302 3132 rerum
3374 3082 3593 3133 occaso

2016 3170 2139 3223 data
2166 3179 2304 3223 erat.
2340 3167 2728 3222 Thebanorum
2754 3168 2971 3235 quidem
2995 3170 3280 3223 calamitas
3298 3168 3598 3221 advocabit

2018 3262 2256 3324 Graecos,
2288 3260 2596 3315 Alexander
2631 3275 2756 3313 vero
2794 3259 2933 3315 hanc
2984 3262 3172 3313 urbem
3215 3268 3334 3327 post
3378 3259 3596 3313 Thebas

2022 3351 2391 3414 reverebatur,
2434 3364 2744 3419 quanquam
2793 3360 2847 3403 et
2903 3360 3029 3403 tunc
3064 3349 3267 3416 aliquid
3319 3348 3589 3409 habuerit,

2019 3444 2161 3511 quod
2193 3442 2310 3495 urbi
2350 3441 2477 3494 huic
2508 3439 2792 3507 obiiceret.
2836 3438 2951 3493 Non
3010 3440 3155 3492 enim
3208 3439 3594 3491 Thebanorum

2021 3533 2280 3587 victorum
2333 3548 2488 3587 sacra
2518 3532 2849 3586 exclusimus
2874 3574 2888 3598 ,
2924 3548 2993 3585 ne
3034 3532 3100 3585 ad
3128 3544 3316 3583 eorum
3354 3530 3595 3582 lamenta

2020 3625 2290 3679 Bacchum
2382 3624 2582 3694 hymno
2658 3622 3055 3678 invocaremns.
3133 3621 3596 3686 Quemathnmlnm

2018 3715 2214 3786 35417
2245 3715 2390 3769 enim
2441 3714 2590 3777 urbs,
2622 3714 2666 3768 si
2697 3714 2779 3766 vir
2811 3714 3058 3768 sincerus
3118 3718 3433 3781 compareat
3464 3752 3478 3775 ,
3504 3711 3598 3778 qui

2018 3808 2248 3876 gratiam
2285 3815 2451 3874 queat
2492 3803 2697 3859 referre
2742 3804 2924 3873 gloriae
2956 3804 3228 3872 particeps
3285 3805 3461 3855 futura
3494 3812 3595 3866 est,

2020 3898 2099 3951 sic
2140 3908 2196 3953 et
2237 3897 2379 3951 malo
2431 3896 2704 3950 referente
2752 3897 3007 3964 gratiam,
3061 3896 3287 3948 infamia
3354 3903 3596 3948 nentur.

2019 3988 2203 4059 Neque
2235 3989 2343 4043 alio
2383 3989 2681 4054 scribente,
2709 3999 2762 4043 et
2801 4000 2992 4043 contra
3051 3989 3197 4055 leges
3235 3998 3447 4056 agente,
3498 4001 3598 4051 ego

2019 4079 2407 4144 obmutuerim,
2438 4078 2530 4131 sed
2571 4080 2887 4133 conscensis
2918 4080 3112 4131 rosxris
3141 4076 3397 4130 Solonem
3442 4077 3596 4127 invo-

2021 4185 2172 4234 cans,
2206 4178 2260 4224 et
2291 4168 2674 4238 rempublicam
2706 4169 3060 4237 compellans,
3094 4168 3326 4221 dixerim
3361 4185 3376 4220 :
3430 4165 3600 4234 Leges

2022 4276 2128 4316 non
2160 4260 2382 4329 abrogo,
2454 4275 2629 4329 neque
2676 4261 2893 4315 exsules
2938 4259 3140 4327 recipio
3197 4274 3260 4312 ex
3326 4257 3596 4320 mandato,

2026 4367 2091 4406 ac
2143 4367 2211 4406 ne
2260 4351 2484 4420 jnbente
2552 4350 2766 4418 quidem
2830 4349 3193 4403 Phocensium
3256 4360 3600 4413 percussore,

2023 4456 2198 4511 neque
2254 4440 2429 4494 foedus
2466 4441 2609 4503 ineo,
2646 4442 2739 4494 sed
2790 4440 3028 4507 quandiu
3089 4449 3275 4506 portus
3331 4437 3592 4497 habuero,

336 4540 440 4611 μία
462 4541 507 4571 ’⁸
536 4539 664 4607 γοῦν
699 4542 762 4591 ὲκ
805 4537 1077 4607 Πειραιῶς
1117 4537 1195 4588 ἔτι
1230 4536 1466 4606 τριήρης
1526 4535 1808 4603 ἀνάγεται,
1849 4534 1910 4587 οὐ

2023 4534 2260 4605 quandiu
2298 4534 2573 4587 robustam
2604 4543 2844 4593 aetatem,
2900 4531 3135 4597 quandiu
3171 4538 3369 4595 tmpaea
3406 4542 3598 4579 nume-

2449 4624 2480 4637 ι·
2622 4622 2653 4637 ιι
2732 4636 2735 4637 ,
2861 4636 2865 4637 ,
2930 4635 2941 4637 _
2977 4620 3137 4637 Ιὶεᾼκ--
3176 4617 3407 4637 ._f__-,__!_
3439 4615 3575 4637 _,I.I-.

332 4632 600 4703 προῖεμαι
645 4630 771 4692 τοῦς
812 4629 1027 4697 νόμους,
1080 4628 1201 4681 οὐδὲ
1244 4628 1342 4695 τῆς
1375 4626 1650 4690 πολιτείας
1683 4626 1915 4695 ἀφίστα-

333 4741 460 4792 μαι,
489 4721 611 4774 οῦδὲ
645 4719 783 4773 ποιῶ
816 4721 914 4788 τὴν
950 4721 1140 4790 φήμην
1192 4720 1364 4789 αὐτῆς
1400 4719 1500 4788 τῆς
1529 4717 1738 4780 πόλεως
1772 4719 1911 4788 πόρ-

328 4816 513 4882 Οησιν,
541 4812 652 4865 οὐδ’
680 4810 1003 4864 ὑποπτεύων
1037 4810 1104 4862 τά
1134 4809 1284 4880 παρά
1305 4809 1406 4879 τῆς
1440 4809 1611 4879 τύχης
1634 4808 1916 4878 ἀμφίϐολα

327 4905 524 4973 φθάνω
578 4904 676 4972 τὴν
738 4902 982 4955 δουλείαν
1042 4902 1203 4963 αὐτὸς
1251 4902 1510 4964 ἑκουσίως
1565 4900 1912 4971 αἱρούμενος.

329 4996 557 5047 Κατίτω
611 4993 793 5046 τοίνυν
864 4992 1145 5062 Αἰσχίνης,
1185 4991 1585 5061 Δημοσθένους,
1638 4991 1777 5045 ἀλλὰ
1840 4991 1916 5062 μὴ

341 5085 701 5156 Ἀλεξάνδρου
743 5082 1091 5146 κελεύοντοςο
1147 5080 1594 5153 παρανομοῦντος
1653 5083 1907 5153 ῥήτορος,

322 5177 471 5231 ἀλλὰ
504 5178 578 5248 μὴ
611 5176 871 5246 βασιλέως
905 5175 1327 5244 προστάττοντος
1353 5190 1367 5205 ’
1406 5175 1481 5237 ώς
1512 5174 1691 5242 φυγὰς
1734 5173 1918 5226 ἐλεού-

331 5287 530 5340 μενος,
594 5269 668 5339 μὴ
735 5266 964 5338 φοϐερὸς
1020 5267 1151 5335 ἡμῖν
1210 5264 1285 5327 ώς
1344 5265 1408 5318 ὲκ
1468 5265 1914 5335 προστάγματος.

342 5360 649 5429 ’Λθηναίων
678 5361 728 5411 oi.
752 5359 921 5427 λόγοι,
958 5357 1053 5410 καὶ
1092 5356 1343 5426 γνωρίζω
1374 5355 1471 5426 τὴν
1509 5356 1657 5409 πόλιν
1680 5357 1789 5411 ἀπὸ
1816 5357 1912 5410 τοῦ

328 5455 616 5525 ῥήματος·
652 5453 806 5521 ὑμεῖς
845 5451 953 5521 γάρ
995 5451 1115 5502 ἐστε
1144 5452 1191 5501 οἱ
1216 5450 1395 5503 πᾶσαν
1433 5449 1533 5519 μὲν
1573 5451 1698 5518 γῆν,
1735 5450 1915 5501 πᾶσαν

2022 4641 2230 4691 ravcro,
2284 4624 2520 4692 quandiu
2569 4622 2744 4675 adhuc
2778 4636 2879 4673 una
2919 4635 2949 4674 e
2976 4620 3145 4672 Piraeo
3176 4617 3410 4670 triremis
3438 4615 3601 4667 addu-

2018 4728 2192 4782 cetur,
2250 4732 2356 4771 non
2408 4716 2658 4770 deseram
2718 4713 2907 4781 leges,
2970 4726 3144 4779 neque
3211 4708 3601 4777 rempublicam

2020 4810 2306 4863 relicturus
2355 4806 2481 4869 sim,
2529 4820 2628 4859 nec
2670 4805 2846 4874 patiar
2896 4803 3057 4871 hujus
3097 4801 3340 4856 civitatis
3366 4798 3594 4867 gloriam

2019 4890 2201 4973 diripi,
2233 4917 2333 4958 nec
2377 4900 2580 4954 veritus
2628 4899 2860 4952 fortuna:
2918 4913 3097 4960 casus,
3152 4909 3250 4964 ego
3310 4894 3422 4962 ipse
3457 4891 3587 4945 mihi

2022 5011 2213 5051 manus
2278 4994 2527 5057 inferam,
2597 5002 2888 5060 antequam
2961 4990 3277 5043 servitutem
3359 4985 3593 5038 videam.

2026 5086 2228 5140 Redeat
2262 5084 2424 5154 igitur
2452 5081 2839 5144 Demosthene,
2870 5096 2973 5135 non
3002 5078 3312 5134 Alexandro
3348 5077 3597 5145 jubente,

2021 5177 2333 5235 Eschincs.
2365 5184 2564 5245 praeter
2585 5173 2754 5240 legem
2781 5181 2974 5240 agente
2998 5180 3239 5231 oratore,
3280 5184 3385 5220 non
3427 5166 3599 5233 impe-

2026 5278 2176 5324 rante
2206 5281 2351 5336 rege,
2384 5267 2571 5320 redeat
2594 5264 2745 5331 quasi
2776 5262 2929 5317 exsul
2990 5258 3411 5314 misericordiam
3459 5270 3591 5310 con-

2026 5368 2261 5423 secutus,
2296 5373 2399 5411 non
2435 5366 2687 5424 tanquam
2726 5369 2788 5407 ex
2826 5366 3095 5422 praecepto
3151 5351 3304 5403 nobis
3347 5356 3593 5403 metuen-

2024 5451 2144 5504 dus.
2177 5449 2266 5501 llte
2294 5446 2702 5501 Atheniensium
2732 5459 2893 5498 voces
2922 5459 2952 5498 e
2977 5442 3174 5511 quibus
3202 5430 3387 5494 urbem
3425 5452 3595 5507 agno-

1641 5601 1872 5655 VARIZE
1907 5599 2314 5657 LECTIONES.

410 5724 458 5755 ¹⁶
482 5717 817 5790 θαυμαστὸς]
848 5716 1009 5779 καλὸς
1052 5715 1112 5790 Βἐ
1334 5714 1377 5768 Δ
1419 5733 1431 5769 :
1471 5708 1538 5790 ᾖς
1582 5733 1643 5779 ς’.

330 5864 466 5920 ἀλλ’
489 5862 548 5915 οὐ
672 5860 855 5915 malint
890 5855 1258 5928 Ἀλεξάνδρου.
1338 5857 1384 5887 ²⁶
1415 5855 1544 5924 γοῦν
1575 5856 1673 5927 μία
1700 5874 1759 5921 ς.

1722 5715 1764 5748 ¹⁸
1795 5718 2023 5785 κατάγει
2071 5716 2129 5769 Β.
2208 5717 2251 5748 ¹⁹
2283 5715 2472 5769 οὐσίαν
2514 5713 2557 5765 Α
2599 5732 2612 5768 :
2652 5711 2844 5785 ⁸Ἀσίαν
2877 5727 2935 5774 ς’.

328 5797 379 5831 ⁵⁸
437 5779 709 5860 κέκτημαι
738 5779 817 5842 (λ’
878 5790 929 5860 ξ’,
950 5785 1224 5860 τοσοῦτος]
1254 5779 1311 5849 ἐς
1345 5779 1594 5860 τοσοῦτον
1625 5786 1660 5860 ’ὁ
1702 5785 1759 5841 Β.
1839 5788 1883 5819 ’³
1930 5779 2257 5859 ὕπερεφόϐει
2308 5786 2572 5855 Scaliger.
2648 5782 2693 5813 ³⁵
2728 5784 2774 5834 εἰ
2819 5779 3052 5850 πονηρὸς
3084 5795 3143 5843 ς’.
3224 5779 3268 5809 ⁸⁵
3313 5779 3471 5832 ἀλλον

3030 5707 3078 5739 ³⁸
3117 5705 3299 5809 φύσξέ]
3331 5709 3485 5779 φήμη
3526 5706 3588 5763 Β·

3030 5795 3052 5832 ς
3084 5795 3143 5832 ς.
3313 5779 3471 5832 ἀλλον
3500 5779 3544 5832 Α
3572 5796 3587 5832 :
