3924 6432
428 374 559 441 1311

1514 382 1777 445 ΡΗΟΤΙΙ
1817 381 2322 443 PATRIARCH/E
2361 385 2460 445 (ΞΡ.

3544 387 3672 454 1312

424 504 538 544 sco.
594 487 704 543 Vos
748 485 892 540 enim
950 488 1103 554 estis,
1139 489 1233 560 qui
1274 506 1371 560 pro
1408 490 1676 546 institutis
1712 496 1999 560 majorum,

2110 493 2161 546 δὲ
2217 492 2494 547 θάλασσαν
2542 493 2823 565 τροπαίων
2856 494 2996 564 ὺπέρ
3043 494 3151 548 τῶν
3204 495 3387 567 νόμων
3447 501 3543 553 καὶ
3584 502 3679 571 τῆς

421 592 474 637 et
499 595 595 651 pro
619 580 889 643 libertate,
925 590 1064 635 terra
1091 583 1335 651 marique
1359 594 1560 652 tropica
1584 584 1800 641 fixistis.
1829 585 2007 641 Tanto

422 674 667 725 exercitu
697 672 917 725 advenit
952 671 1181 737 Xerxes,
1217 682 1417 725 terram
1476 684 1532 728 et
1580 689 1732 727 mare
1783 688 2003 741 permu-

426 772 567 830 tans,
609 771 668 817 ut
695 782 704 826 ι
729 773 941 817 eteutes
971 764 1185 832 glebam
1209 772 1262 815 et
1286 765 1548 834 cyathum
1576 765 1696 819 loco
1723 767 2004 821 concionis

423 852 478 907 in
515 852 830 906 barathrum
865 853 1182 921 conjecerit.
1215 853 1284 905 At
1338 854 1450 922 ipsa
1475 854 1671 909 civitas
1713 854 2002 910 elementis

423 945 510 1000 his
536 943 730 998 fortior
768 945 1089 1013 permansit.
1121 944 1392 1011 Quoniam
1445 944 1573 1000 licet
1634 946 1779 1011 aliis,
1819 956 1879 1000 ut
1924 949 2005 1001 sic

423 1038 673 1102 dixerim,
707 1038 917 1109 singula
958 1054 1145 1093 eorum
1171 1054 1290 1108 qua:
1321 1048 1474 1105 gesta
1504 1047 1655 1101 sunt,
1680 1040 1868 1094 eadem
1906 1055 2005 1094 na-

423 1141 543 1185 tura
586 1146 707 1186 esse
740 1132 1047 1198 videantur,
1096 1131 1276 1200 specie
1316 1140 1497 1186 tamen
1552 1131 2000 1200 distinguuntur:

422 1224 572 1277 verbi
616 1224 790 1295 gratia
825 1224 1021 1292 aliquis
1059 1224 1363 1293 proximum
1420 1225 1693 1295 percutit;
1740 1226 1793 1279 in
1828 1237 2000 1281 certa-

423 1316 569 1370 mine
602 1316 647 1369 si
680 1316 894 1380 vicerit,
933 1330 1190 1370 coronam
1230 1315 1473 1380 habebit,
1514 1325 1667 1371 extra
1718 1327 1998 1374 certamen

421 1421 611 1474 paenae
636 1406 807 1460 dabit.

493 1495 904 1567 Deploravimus
927 1497 1115 1551 urbem
1151 1502 1291 1554 hanc
1321 1499 1452 1553 olim
1478 1514 1507 1554 a
1566 1501 1813 1569 tyrannis
1842 1516 2001 1557 ever-

420 1603 559 1652 sam,
596 1598 773 1642 tamen
799 1589 943 1644 ultro
988 1605 1149 1659 quam
1190 1590 1487 1647 defendere
1515 1592 1829 1660 debuimus,
1877 1610 1999 1650 eam

419 1678 588 1733 Medis
628 1678 1023 1735 incendendam
1061 1682 1403 1738 tradidimus.
1431 1680 1530 1738 Ille
1575 1697 1698 1737 cum
1728 1684 1999 1754 Philippo,

416 1766 583 1821 ctiam
633 1779 755 1838 post
790 1768 1158 1825 calamitatem
1202 1769 1643 1838 Chaarouensem,
1681 1773 1998 1828 societatem

418 1874 525 1911 non
557 1859 698 1917 iniit.
754 1858 877 1915 Fuit
901 1861 1056 1916 nobis
1100 1861 1393 1930 aliquando
1431 1863 1524 1920 illa
1558 1864 1916 1929 consuetudo,
1944 1874 2003 1919 ut
2034 1844 2079 1902 Β

418 1950 646 2007 Gracia:
676 1968 1055 2023 praeessemus,
1106 1965 1160 2011 et
1187 1971 1284 2026 pro
1318 1957 1575 2014 libertate
1600 1966 1788 2013 contra
1814 1966 2004 2027 tyran-

419 2059 520 2098 nos
547 2045 999 2116 depugnaremus.
1037 2045 1226 2102 Ortum
1248 2064 1277 2102 a
1301 2047 1537 2105 Miltiade
1556 2049 1671 2107 hare
1693 2049 1780 2108 lex
1796 2053 2005 2119 habuit,

418 2134 604 2189 floruit
625 2137 726 2191 sub
756 2135 1145 2203 Themistocle,
1182 2141 1434 2209 pervenit
1466 2156 1640 2212 usque
1696 2142 2004 2211 Cimonem,

417 2236 635 2280 servata
669 2236 752 2282 est
802 2230 901 2283 sub
936 2227 1169 2295 Pericle,
1208 2230 1357 2285 culta
1423 2233 1525 2287 sub
1582 2233 1889 2304 Alcibiade,
1952 2245 2009 2292 et

418 2332 523 2386 ego
560 2331 678 2371 eam
712 2328 987 2375 servatam
1041 2321 1362 2389 voluissem,
1396 2323 1496 2378 sed
1558 2322 1786 2382 libidine
1813 2342 2009 2384 assen-

421 2408 733 2477 tationeque
771 2412 1109 2480 proditorum
1148 2414 1405 2485 abrogata
1443 2425 1547 2473 est.
1607 2418 1840 2489 Imperio
1870 2421 2005 2478 alios

417 2500 668 2556 exuimus
692 2541 708 2566 ,
754 2501 952 2573 355a
979 2519 1085 2558 non
1134 2508 1539 2571 coutradixisti,
1568 2525 1597 2564 a
1646 2514 1823 2581 patrio
1855 2529 2007 2570 more

418 2592 809 2649 discessimus:
848 2611 952 2650 non
984 2610 1319 2666 conquestus
1350 2614 1434 2655 es.
1472 2601 1589 2656 Non
1654 2605 1821 2658 cessit
1874 2608 2004 2661 urbs

419 2692 608 2739 nostra
655 2684 1194 2749 Lacedaemoniorum
1231 2690 1349 2745 urbi
1378 2692 1445 2745 ad
1498 2692 1771 2749 Siciliain.
1803 2695 2002 2752 Verum

420 2782 532 2828 tota
566 2774 739 2830 insula
780 2770 943 2831 uuam
975 2790 1193 2833 atatem
1226 2789 1379 2835 extra
1421 2783 1650 2852 patriam
1690 2790 1953 2859 transegit
1983 2807 1998 2843 :

418 2864 551 2918 urbs
577 2880 709 2920 vero
736 2866 850 2922 haec
875 2869 1038 2923 etiam
1066 2871 1129 2924 ad
1168 2869 1515 2928 Occidentem
1536 2879 1818 2944 prudentia
1849 2881 2004 2935 inex-

420 2956 730 3025 pugnabilis
761 2961 1082 3026 permansit.
1114 2962 1239 3027 Fac,
1280 2964 1325 3017 si
1360 2964 1511 3031 libet,
1547 2968 1852 3037 improbum
1874 2986 2001 3031 esse

419 3044 764 3112 Eschiuem,
834 3051 1131 3118 perniciem
1212 3051 1597 3125 Pliocensium,
1665 3063 1998 3129 proditorem

421 3140 692 3211 Thraciae,
729 3143 1010 3200 interitum
1071 3148 1426 3219 Cersoclepti,
1458 3164 1512 3207 et
1558 3153 1602 3209 si
1643 3156 1839 3224 quibus
1878 3157 2002 3213 aliis
2029 3193 2075 3255 α

420 3233 735 3289 nominibus
787 3235 1048 3305 iniuriose
1075 3241 1337 3309 populum
1392 3251 1654 3311 tractans,
1700 3248 2004 3317 appellatus

416 3333 523 3378 est.
580 3324 816 3383 Athenis
858 3329 1002 3383 enim
1059 3345 1277 3401 semper
1334 3348 1439 3387 una
1492 3349 1616 3389 cum
1672 3337 1999 3408 fertilitate,

418 3426 606 3470 contra
639 3418 877 3486 Graecos,
905 3437 939 3476 ο
969 3422 1350 3490 Athenienses,
1384 3429 1657 3484 succrevit
1683 3441 1735 3486 et
1770 3433 1963 3488 vitium
1984 3473 1999 3489 .

416 3507 614 3564 Multos
646 3512 862 3580 quidem
896 3514 1198 3584 degeneres
1243 3532 1621 3587 saepenumero
1679 3525 1809 3579 urbs
1870 3542 2004 3580 con-

416 3602 677 3668 servavit,
711 3620 815 3657 non
840 3620 1027 3660 eorum
1060 3606 1352 3665 factionem
1404 3616 1667 3681 probans,
1722 3618 1815 3671 sed
1855 3622 2002 3673 cala-

418 3690 659 3745 tuitatetu
716 3684 993 3748 miserata.
1040 3693 1252 3751 Nemini
1296 3714 1535 3768 unquam
1583 3712 1772 3756 contra
1818 3703 1991 3773 leges,

417 3784 657 3851 quandiu
691 3785 1036 3852 prudentiam
1094 3788 1344 3855 retinuit,
1372 3792 1614 3862 subjecta
1683 3792 1809 3849 fuit.
1861 3796 2000 3862 Quid

420 3875 585 3945 igitur
618 3895 723 3933 non
760 3881 872 3948 jam
906 3882 1189 3947 denuntio,
1235 3886 1367 3954 quin
1424 3888 1531 3941 vita
1569 3889 1721 3958 prius
1772 3891 1999 3959 decedo,

420 3983 582 4035 quam
612 3968 818 4023 videam
847 3971 988 4025 hanc
1016 3974 1203 4028 urbem
1225 3977 1486 4033 servitute
1508 3983 1862 4049 oppressam?
1892 3986 2003 4052 Ego

420 4058 565 4111 idem
596 4060 711 4126 ipse
742 4075 873 4115 sane
907 4078 1010 4116 non
1048 4064 1210 4119 talem
1243 4082 1363 4123 esse
1413 4086 1687 4127 rumorem
1724 4077 1999 4143 existimo,

417 4152 632 4220 qualem
662 4156 900 4209 nonnulli
934 4158 1163 4227 fingunt,
1212 4163 1446 4230 primum
1486 4166 1783 4227 Alexandri
1819 4190 2000 4232 mores

417 4244 799 4312 considerans,
834 4257 885 4300 et
922 4249 1170 4317 quisnam
1197 4252 1286 4308 ille
1315 4254 1408 4322 sit,
1433 4259 1707 4326 quisimnl
1728 4273 1783 4317 et
1807 4280 2003 4336 aggre-

418 4336 567 4389 ditur
593 4346 645 4392 et
667 4338 879 4407 perficit
907 4357 919 4392 :
953 4340 1063 4394 imo
1114 4358 1245 4398 vero
1277 4345 1467 4411 rebus,
1506 4365 1641 4419 quas
1667 4358 1999 4423 aggreditur,

417 4428 640 4495 laruam,
673 4439 726 4483 et
748 4444 842 4486 eos
877 4432 968 4501 qui
1029 4435 1298 4502 nuntiant,
1334 4441 1649 4496 antevertit.
1711 4443 1843 4499 Cum
1891 4448 1997 4503 alia

2110 584 2423 654 ἐλευθερίας
2472 586 2880 655 πληρώσαντες.
2942 586 3228 656 Ἐπολέμει
3288 588 3533 662 Ξέρξης,
3579 595 3681 664 γῆν

2112 677 2423 747 μεταποιῶν
2466 677 2563 731 καὶ
2593 677 2866 731 θάλατταν
2888 679 2954 744 ’⁷,
2988 678 3071 731 ὅτι
3100 681 3230 744 τοὺς
3260 681 3360 752 τὴν
3389 682 3559 751 βῶλον
3592 687 3684 739 καὶ

2106 769 2199 821 τὸν
2228 767 2429 822 κύαθον
2455 767 2783 839 αἰτήσαντες
2804 768 2869 822 τὸ
2899 768 3172 839 βάραθρον
3206 771 3328 823 ἀντὶ
3356 772 3455 842 τῆς
3486 774 3685 826 sxxii-n—

2109 861 2233 925 σίας
2285 862 2521 931 ἐδέχετο.
2562 860 2703 915 Ἀλλ’
2726 863 2761 931 ἡ
2810 861 2965 925 πόλις
3003 860 3187 931 ἔμεινε
3239 862 3350 914 τῶν
3409 864 3685 933 στοιχείων

2106 954 2272 1008 πλέον
2326 955 2606 1026 ἀκίνητος.
2662 955 2819 1009 Ἐπεὶ
2866 954 2969 1007 κάν
3021 956 3137 1019 τοῖς
3186 954 3390 1021 ἀλλοις,
3430 955 3505 1018 ώς
3558 956 3687 1019 ἔπος

2107 1049 2306 1114 εἰπεῖν,
2343 1049 2450 1101 τῶν
2488 1047 2884 1120 πραττομένων
2908 1049 3159 1115 ἕκαστον,
3187 1049 3291 1105 κᾶν
3316 1049 3510 1103 ταύτὸν
3548 1045 3686 1101 εἶναι

2106 1139 2175 1208 τῇ
2213 1136 2373 1206 φύσει
2428 1138 2583 1209 δοκῇ,
2613 1137 2751 1193 ἀλλά
2781 1141 2848 1210 τῇ
2899 1140 3171 1210 προφάσει
3222 1139 3523 1211 μερίζεται.
3562 1133 3685 1192 Οἷον

2106 1229 2303 1283 τύπτει
2332 1247 2415 1293 τις
2440 1229 2530 1283 τὸν
2550 1229 2799 1301 πλησίον.
2833 1231 2932 1286 Ἂν
2963 1230 3065 1302 μὲν
3085 1232 3144 1284 ἐν
3168 1230 3370 1295 ἄθλοις,
3397 1230 3508 1301 ἔχει
3535 1230 3687 1299 νική-

2108 1338 2209 1381 σας
2245 1321 2337 1376 τὸν
2365 1321 2632 1391 στέφανον
2655 1337 2668 1351 ·
2703 1321 2771 1375 ἂν
2802 1322 2860 1376 δέ
2889 1325 2989 1393 τῆς
3017 1321 3255 1392 ἀγωνίας
3285 1323 3463 1388 ἐκτδς,
3495 1318 3683 1391 ὑπέχει

2106 1414 2170 1467 τὸ
2193 1413 2430 1484 τίμημα.

2191 1503 2559 1575 Ἐθρηνοῦμέν
2592 1520 2725 1558 ποτε
2749 1502 3126 1575 πορθουμένης
3150 1502 3256 1557 ὑπὸ
3275 1502 3383 1557 τῶν
3406 1506 3685 1575 τυράννων

2106 1597 2207 1667 τῆς
2240 1596 2484 1661 πόλεως’
2536 1597 2651 1651 ἀλλ’
2684 1597 2900 1661 ἑκόντες
2933 1595 3101 1665 αὐτὴν
3155 1595 3294 1668 ὑπὲρ
3322 1596 3686 1668 ἀνδραγαθίας

2105 1689 2186 1760 τῷ
2215 1690 2351 1762 πυρὶ
2374 1690 2482 1744 τῶν
2511 1690 2710 1760 Μήδων
2729 1688 3035 1760 ἐδώκαμεν.
3068 1689 3125 1741 '0
3155 1688 3231 1759 μὴ
3256 1688 3506 1759 Φιλίππῳ
3537 1707 3687 1744 σπει-

2111 1782 2371 1853 σάμενος,
2402 1782 2539 1854 μηδέ
2564 1782 2702 1852 μετά
2724 1782 2821 1851 τὴν
2841 1779 3042 1852 μεστὴν
3071 1780 3169 1849 τῆς
3192 1784 3433 1853 πονηρᾶς
3452 1782 3496 1814 ’⁸
3518 1788 3685 1853 τύχης

2109 1871 2471 1945 Χαιρώνειαν.
2499 1869 2608 1928 τΗν
2658 1874 2789 1945 ἡμῖν
2832 1889 2964 1926 ποτε
3003 1872 3233 1943 πάτριον
3282 1872 3535 1945 ἡγεῖσθαι
3590 1873 3686 1941 τῆς

2118 1966 2371 2031 Ἑλλάδος
2428 1966 2525 2020 καὶ
2569 1969 2682 2029 τοῖς
2724 1965 3007 2035 τυράννοις
3039 1963 3181 2036 ὑπὲρ
3231 1966 3330 2036 τῆς
3376 1963 3685 2035 ἐλευθερίας

2107 2058 2598 2131 ἀνταγωνίζεσθαι.
2634 2058 2876 2133 [57711]
2909 2048 3081 2123 Οὗτος
3108 2060 3137 2112 ό
3173 2059 3336 2130 νόμος
3357 2058 3560 2129 ἤρξατο
3591 2060 3685 2129 μὲν

2108 2153 2217 2207 ἀπὸ
2271 2153 2565 2208 Μιλτιάδου
2602 2154 2888 2224 πρότερον,
2923 2151 3142 2226 ἤκμασε
3173 2153 3230 2206 δὲ
3284 2153 3375 2205 ἐπὶ
3423 2153 3682 2223 Θεμιστο-

2107 2245 2320 2311 κλέους,
2357 2244 2561 2316 κατέϐη
2591 2247 2634 2277 “
2672 2244 2730 2297 δὲ
2763 2247 2843 2309 εἰς
2882 2246 3136 2316 Κίμωνα,
3174 2244 3450 2315 ἐφυλάχθη
3486 2246 3546 2298 δὲ
3584 2246 3683 2299 ὑπὸ

2107 2335 2463 2407 Περικλέους,
2484 2335 2802 2406 ἐθαυμάσθη
2822 2336 2880 2390 δὲ
2903 2338 3008 2389 ὑπὸ
3042 2336 3377 2391 Ἀλκιϐιάδου
3396 2354 3411 2368 ο
3436 2337 3524 2390 ἐπ’
3552 2338 3681 2407 ἐμοῦ

2107 2430 2165 2483 δὲ
2203 2432 2269 2501 τῇ
2302 2428 2498 2500 γνώμῃ
2534 2429 2633 2499 μέν
2660 2429 2924 2499 ἐτηρήθη,
2957 2431 3023 2500 τῇ
3049 2429 3185 2503 τύχῃ
3212 2430 3257 2462 ³⁸
3284 2430 3339 2483 δέ
3369 2430 3462 2483 καὶ
3488 2433 3558 2501 τῇ
3596 2447 3683 2483 κο-

2108 2520 2303 2591 λακείᾳ
2344 2518 2454 2573 τῶν
2497 2516 2857 2591 προδιδόντων
2896 2520 3235 2590 διέφθαρται.
3279 2521 3618 2591 ’Δπέστημεν
3638 2522 3679 2553 ⁸⁸

2109 2614 2319 2683 ἐτέροις
2338 2614 2438 2683 τῆς
2465 2612 2765 2685 ἡγεμονίας
2785 2629 2799 2643 ·
2840 2613 2942 2665 οὐκ
2978 2614 3231 2677 ἀντεῖπες
3254 2614 3300 2646 ³⁸
3322 2628 3338 2645 ·
3360 2616 3680 2685 παρεχωρή-

2110 2722 2284 2776 σαμεν
2308 2704 2403 2758 τοῦ
2429 2703 2661 2775 πατρίου
2684 2704 2964 2775 σχήματος
2981 2722 2995 2737 ο
3027 2704 3127 2758 οὐκ
3142 2704 3549 2776 ἠγανάκτησας.
3572 2706 3681 2759 Otia:

2107 2792 2218 2864 εἶξε
2267 2797 2407 2868 μετά
2454 2798 2705 2851 Σικελίαν
2750 2796 3199 2867 Λακεδαιμονίοις
3247 2799 3281 2868 ὴ
3326 2796 3477 2861 πόλις
3514 2812 3529 2825 ’
3570 2798 3681 2851 ἀλλ’

2107 2892 2142 2963 ἡ
2175 2890 2272 2961 μὲν
2301 2890 2463 2960 νῆσος
2500 2889 2598 2960 τὴν
2648 2888 2865 2960 ἡλικίαν
2897 2889 3025 2958 ὅλην
3056 2890 3362 2961 ἐχώρησεν,
3388 2891 3422 2960 ἡ
3442 2889 3597 2952 πόλις
3625 2888 3682 2942 δὲ

2106 2982 2291 3054 ἔμεινε
2311 2982 2389 3053 τῷ
2405 2983 2714 3053 φρονήματι
2730 2982 2825 3035 καὶ
2849 2983 2985 3050 μετὰ
3000 2981 3097 3052 τὴν
3123 2982 3361 3052 ἑσπέραν
3389 2982 3681 3045 ἀνάλωτος.

2120 3074 2283 3129 Ἀλλά
2333 3074 2570 3144 πονηρὸς
2614 3074 2891 3144 Αἰσχίνης.
2962 3072 3233 3143 Πρόσθες,
3273 3074 3321 3124 εί
3367 3072 3566 3142 βούλει,
3594 3074 3685 3126 καὶ

2106 3168 2338 3222 Φωκέων
2359 3167 2583 3238 ὖλεθρον
2607 3167 2701 3221 καὶ¹
2719 3167 3013 3236 προδοσίαν
3035 3165 3255 3236 Θρᾴκης
3275 3167 3368 3219 καὶ
3404 3166 3685 3235 ἀναίρεσιν

2112 3258 2528 3328 Κερσοϐλέπτου
2559 3259 2655 3312 καὶ
2682 3257 2841 3312 πάνθ’
2866 3258 2967 3311 ὅσα
2999 3256 3259 3321 πολλάκις
3287 3258 3548 3327 Αἰσχίνης
3578 3258 3687 3310 ἀδι-

2110 3352 2223 3405 κῶν
2252 3350 2343 3405 τὸν
2390 3351 2562 3421 δῆμον
2619 3352 2972 3419 ἐγκέκληται.
3016 3349 3247 3420 Νόσημα
3279 3349 3409 3420 γάρ,
3435 3344 3480 3402 ὦ
3528 3349 3687 3419 Ἀθη-

2110 3449 2271 3511 ναῖοι,
2304 3445 2447 3499 κατά
2480 3444 2590 3498 τῶν
2629 3444 2895 3515 Ἐλλήνων
2929 3446 2995 3516 τῇ
3021 3445 3163 3514 φορᾷ
3192 3442 3236 3473 ³³
3251 3442 3359 3495 τῶν
3392 3442 3688 3512 Ἀθηναίων

2112 3541 2452 3610 συνήκμασε.
2486 3538 2766 3607 Πονηροὺς
2821 3536 2918 3607 μὲν
2968 3537 3076 3606 γάρ
3098 3539 3131 3607 ἡ
3166 3535 3317 3599 πόλις
3349 3536 3450 3606 ἤδη
3504 3552 3608 3588 που
3645 3537 3689 3568 ³³

2111 3630 2372 3693 πολλάκις
2411 3628 2637 3692 ἔσωσεν,
2660 3627 2760 3681 οὐκ
2790 3626 3090 3680 ἐπαινοῦσα
3137 3626 3234 3697 τὴν
3266 3626 3518 3696 γνώμην,
3556 3627 3692 3679 ἀλλὰ

2110 3721 2208 3791 τὴν
2235 3719 2407 3790 τύχην
2434 3715 2780 3789 οἰκτείρουσα
2806 3730 2821 3745 ο
2859 3715 3139 3786 ὑπήκουσε
3178 3715 3223 3746 ³⁸
3262 3714 3319 3766 δέ
3342 3713 3521 3766 οὐδενὶ
3547 3715 3690 3765 κατά

2108 3813 2219 3866 τῶν
2253 3811 2431 3881 νόμων
2463 3809 2530 3875 ³⁸,
2564 3807 2726 3880 ἡνίκα
2755 3808 2940 3877 ἐτήρει
2978 3807 3037 3859 τὸ
3069 3806 3345 3877 φρόνημα.
3374 3805 3439 3858 Τί
3468 3802 3565 3858 οὖν
3592 3805 3691 3857 οὐκ

2110 3905 2210 3975 ἤδη
2268 3902 2659 3974 προαγγέλλω;
2709 3900 2761 3952 τί
2815 3899 2872 3952 δὲ
2918 3900 3016 3952 οὐκ
3051 3897 3227 3967 ἔξειμι
3264 3895 3357 3949 τοῦ
3384 3896 3523 3966 βίου,
3562 3898 3691 3967 πρὶν

2114 3997 2241 4049 ἰδεῖν
2278 3995 2378 4065 τὴν
2422 3994 2577 4047 πόλιν
2633 3992 3027 4057 δουλεύουσαν;
3070 3989 3213 4056 Ἐγὼ
3242 3988 3375 4054 γοῦν
3405 3989 3501 4041 καὶ
3531 3990 3691 4052 αὐτὸς

2108 4090 2351 4160 ἡγοῦμαι
2391 4088 2489 4158 τὴν
2512 4088 2699 4157 φήμην
2752 4085 2915 4155 ἐχειν,
2960 4086 3057 4153 οὐχ
3103 4081 3246 4136 οὕτω
3287 4082 3332 4113 ³⁷
3360 4082 3406 4133 δ’
3434 4081 3579 4151 ἔχειν
3616 4082 3690 4144 ὡς

2107 4176 2489 4250 τερατεύονταί
2512 4194 2678 4239 τινες,
2704 4175 2918 4228 σκοπῶν
2934 4175 3151 4243 πρῶτον
3183 4165 3358 4242 μέν,ὦ
3394 4171 3688 4243 Ἀθηναῖοι,

2108 4271 2199 4324 τὸν
2251 4267 2602 4339 Ἀλεξάνδρου
2643 4266 2865 4336 τρόπον.
2905 4265 3000 4328 Τίς
3028 4264 3084 4316 δὲ
3127 4256 3279 4326 οὗτός
3314 4264 3505 4324 ἐστιν;
3556 4260 3689 4330 ὁμοῦ

2108 4379 2169 4415 τε
2195 4361 2438 4431 ἐγχειρεῖ
2495 4358 2589 4412 καὶ
2638 4356 2974 4428 πέπρακται,
3032 4354 3229 4424 μᾶλλον
3272 4354 3328 4406 δέ
3355 4351 3691 4422 φθάνειτοὺς

2112 4454 2209 4525 μὲν
2246 4452 2540 4521 λογισμοὺς
2566 4451 2687 4511 ταῖς
2712 4447 2998 4519 πράξεσιν,
3055 4440 3137 4505 οἷς
3161 4444 3217 4497 δέ
3257 4446 3520 4514 ἐγχειρεῖ,
3564 4444 3691 4502 τοὺς

419 4518 585 4572 multa
635 4535 936 4591 magnaque
970 4539 1137 4593 opera
1177 4542 1298 4593 sua,
1335 4544 1456 4597 quze
1491 4532 1805 4590 adulatores
1848 4554 1955 4593 con
1978 4569 1994 4581 -

2110 4518 2541 4614 διαγγέλλοντας.
2596 4518 2767 4613 [10817
2819 4537 2910 4610 IL]
2967 4536 3123 4590 Ἐπεὶ
3176 4538 3269 4589 καὶ
3311 4535 3377 4588 τά
3426 4535 3597 4587 πολλά
3624 4534 3689 4602 δὴ

420 4609 651 4678 fingunt,
694 4611 972 4667 celeritate
1030 4616 1229 4685 potius,
1260 4635 1423 4688 quam
1465 4625 1666 4680 virtute
1709 4644 1824 4693 eos,
1863 4646 2000 4699 quos

419 4701 684 4768 adoritur,
711 4714 1003 4776 antequam
1036 4709 1231 4764 adesse
1254 4713 1548 4782 diceretur,
1567 4729 1622 4772 et
1658 4720 1805 4776 visus
1830 4722 2001 4781 fuisse

421 4793 652 4858 audiret,
711 4811 994 4865 superans,
1052 4802 1349 4860 confecerit
1392 4807 1568 4864 instar
1624 4811 1889 4883 fulminis,
1945 4829 2001 4874 et

420 4883 666 4948 tonitrui,
699 4888 838 4955 quod
862 4904 1003 4959 smpe
1026 4902 1311 4962 antequam
1332 4907 1693 4971 exspectetur,
1721 4910 1996 4975 praecedit.

418 4975 511 5029 Sic
540 4976 737 5032 Sardes
777 4983 1083 5050 occupavit,
1126 4988 1208 5041 sic
1254 4988 1468 5046 Cariam
1516 5000 1732 5062 evertit,
1785 5001 1862 5055 sic
1895 5001 2000 5074 Ly-

419 5068 558 5121 ciam
593 5068 863 5132 distraxit,
902 5073 979 5126 sic
1012 5074 1382 5148 Pamphyliam
1406 5081 1622 5149 invasit,
1653 5087 1732 5141 sic
1750 5068 2001 5147 viderunt.

415 5171 539 5208 eum
559 5156 774 5228 Cilices,
793 5162 871 5217 sic
889 5164 1427 5233 inculmitPersis,sic
1447 5174 1662 5232 Darium
1683 5185 1995 5249 perterruit.

423 5247 505 5313 Et,
539 5251 671 5316 proh
706 5253 898 5307 dolori
932 5271 1093 5326 quam
1133 5261 1309 5315 vicina
1342 5262 1508 5318 etiam
1558 5247 1876 5329 calamitas!
1911 5276 2001 5332 Sic

424 5351 478 5393 ct
515 5341 731 5401 Thebas
761 5346 1008 5419 diripuit.
1048 5352 1139 5406 Sic
1162 5352 1359 5407 cecidit
1385 5358 1512 5410 urbs
1537 5358 1623 5413 illa
1654 5363 1704 5415 in
1744 5366 1999 5422 umbilico

2104 4638 2278 4693 ταῦτα
2340 4636 2436 4690 καὶ
2484 4633 2695 4705 μεγάλα
2760 4631 2871 4685 τῶν
2900 4630 3097 4701 ἔργων,
3148 4628 3182 4682 ἃ
3228 4626 3603 4696 λογοποιοῦσιν
3641 4628 3689 4678 οἱ

2106 4731 2359 4795 κόλακες,
2396 4727 2553 4797 τάχει
2581 4724 2782 4796 μᾶλλον
2811 4723 2843 4794 ἢ
2889 4720 3049 4793 ῥώμῃ
3091 4721 3135 4753 ³⁸
3159 4719 3375 4791 κρατῶν
3407 4717 3690 4780 τούτουςν

2106 4818 2188 4885 οἷς
2224 4820 2382 4891 ἐπῄει
2410 4817 2767 4887 κατώρθωσε,
2803 4814 2931 4885 πρὶν
2958 4811 3294 4882 ἀγγελθῆναι
3322 4808 3533 4879 παρὼν,
3558 4810 3693 4875 πρὶν

2106 4914 2441 4984 ἀκουσθῆναι
2499 4910 2845 4980 φαινόμενος,
2874 4906 3016 4961 κατά
3044 4907 3169 4967 τοὺς
3210 4904 3482 4972 σκηπτοὺς
3517 4901 3549 4971 ἢ
3588 4900 3694 4961 τὰς

2109 5007 2360 5079 βροντὰς,
2401 5004 2459 5058 αἳ
2499 5002 2761 5064 πολλάκις
2833 4999 3094 5069 φθάνουσι
3142 5000 3241 5067 τῆς
3293 4994 3619 5065 προσδοκίας
3646 4993 3692 5024 ⁸⁸

2108 5098 2442 5170 ἡγήσασθαι.
2479 5095 2638 5149 Οὕτω
2668 5094 2891 5166 Σάρδεις
2919 5087 3083 5156 εἷλεν,
3116 5091 3255 5144 οὕτω
3278 5091 3492 5159 Καρίαν
3528 5090 3693 5157 ἐπόρ-
3800 5101 3810 5105 ·

2111 5192 2298 5259 θησεν,
2351 5188 2494 5243 οὕτω
2549 5188 2758 5241 Λυκίαν
2816 5186 3148 5260 παρέσυρεν,
3197 5182 3338 5238 οὕτω
3362 5182 3692 5251 Παμφυλίαν

2109 5283 2443 5353 ἐπέδραμεν,
2471 5280 2645 5339 οὕτως
2671 5278 2826 5350 ὤφθη
2859 5277 3087 5343 Κίλιξιν,
3117 5275 3283 5338 οὕτως
3313 5277 3519 5343 ἐπέστη
3551 5273 3692 5343 Πέρ-

2109 5395 2252 5443 σαις,
2316 5375 2462 5430 οὕτω
2524 5375 2748 5444 Δαρεῖον
2806 5368 3126 5441 ἐξέπληξεν·
3173 5369 3318 5438 οίμοι
3378 5367 3487 5420 τῶν
3526 5367 3693 5435 ἐγγὺς

1704 5523 1940 5583 VARIAB
1977 5532 2384 5592 LECTIONES.

498 5618 544 5701 ετ
577 5617 852 5701 adlaudat}:
874 5620 974 5701 B.__
1008 5625 1053 5701 ξε
1078 5627 1342 5701 πονηρίας
1368 5658 1437 5670 --
1460 5631 1773 5701 Χαιρωνίαν
1797 5637 1839 5689 Α

1968 5648 2013 5679 ¹⁹
2039 5647 2242 5716 κατέϐη

2274 5678 2344 5687 ——
2369 5644 2856 5717 Περικλέους-(ξπ).
2902 5642 2993 5717 Α.-
3065 5640 3106 5717 ’.θ
3139 5637 3403 5717 τύχῃᾼΑε
3444 5632 3587 5717 ψυχῇ
3627 5649 3686 5695 ς.

501 5690 775 5788 ῗῖἒῖἷῗῖξ,
797 5689 870 5788 Bg,
934 5689 1393 5788 ",f‘vffiﬁgiéﬂ
1422 5689 1640 5788 ,παρέχ-
1681 5704 1740 5788 β.
1820 5707 1866 5788 ζ’
1893 5689 2262 5788 φορᾷῖῖρῖξρᾂ
2295 5689 3333 5788 [ιυῖᾇῖςῗὶι’ἐ’ξίεῖιῖιῖιιϊνέτὲιὲὶιοτ-ιῑμέηΓ·ιι
3363 5689 3470 5788 πειῑ
3499 5689 3597 5787 πῖδῆ
3627 5689 3685 5788 ξ.

1204 5768 1373 5857 ,χέεν
1411 5771 1473 5823 Α·
1526 5759 1739 5857 ρὺκ
1768 5759 2450 5857 ,οῦτῶ’⁷δῖ¹ξᾶἑῐξῖ›ιίῐ.”Ᾰ.

439 5822 717 5881 Ileisltius:
754 5827 874 5883 libri
897 5831 1125 5896 τούτοις.
1204 5836 1247 5867 ⁸ο
1271 5822 1368 5905 τὴν
1403 5822 1819 5911 προσδοκίαῗΛῖ

3400 5774 3443 5807 ³³
3466 5772 3687 5831 τούτους

2555 5785 2600 5819 ιε
2631 5779 2793 5858 ῥώμῃ
2820 5782 2861 5837 B
2903 5801 2914 5836 =
2949 5784 3013 5852 τῇ
3047 5779 3207 5852 ῥώμη
3236 5796 3295 5843 ς-
