3924 6456
266 373 406 439 1313

1292 368 1821 430 BIBIJOTHECA.
1862 391 1927 403 ·-
1951 367 2117 431 COD.
2144 372 2447 435 CCLXIII.

3387 371 3525 440 1314

258 480 474 547 κακῶν,
495 480 640 534 οὕτω
668 480 765 533 καὶ⁹
829 478 1010 548 Θήϐας
1070 479 1410 548 ἀνήρπασεν.
1449 478 1652 530 Ἔπεσε
1688 476 1842 538 πόλις

1953 474 2189 542 Graeciae,
2240 490 2528 548 antequam
2579 480 2873 537 audiissem
2898 520 2913 545 ,
2940 495 3173 550 cumque
3223 496 3323 554 ego
3348 485 3527 542 adhuc

257 575 357 627 ἐπὶ
390 575 491 642 τῆς
523 570 771 633 Ἑλλάδος
803 570 995 640 μέσης,
1045 569 1349 638 φθάσαντος
1399 568 1500 640 τὴν
1540 569 1730 637 φήμην
1748 566 1844 620 τοῦ

256 662 578 731 πτώματος.
646 658 821 728 Κάγὼ
852 659 950 727 μὲν
982 659 1214 728 ἠγνόουν
1258 660 1358 728 τὴν
1409 658 1717 728 συμφορὰν,
1745 658 1846 728 τὴν

255 753 321 806 δὲ
355 752 509 805 πόλιν
530 745 643 821 εἷχε
670 750 731 803 τὸ
786 749 1161 820 πολυάνδριον.
1194 749 1366 804 Τοῦτο
1397 751 1494 821 μὲν
1523 751 1586 822 δὴ
1628 751 1846 820 πρῶτον

182 825 193 832 ’
255 844 364 895 οὐκ
392 843 458 912 ὲᾷ
499 858 567 910 με
591 840 879 911 προσέχειν
900 856 912 872 ·
934 841 1184 911 δεύτερον
1209 841 1265 894 δὲ
1295 842 1377 895 ὅτι
1402 838 1544 895 οἶδεν
1593 842 1844 907 Ἀλέξαν-

254 934 410 1005 δρος,
442 934 549 987 κᾶν
570 934 620 985 εί
655 933 859 1004 σφόδρα
876 951 956 997 τις
980 934 1143 989 αὐτὸν
1172 935 1390 1004 μεθύειν
1420 935 1525 987 ὑπὸ
1550 935 1649 1004 τῆς
1690 938 1847 989 εὐτυ-

258 1016 387 1094 χίας
412 1024 697 1092 ὑπείληφε,
730 1024 824 1076 καὶ
858 1025 1003 1093 ἑξῆς.
1041 1024 1106 1077 Τί
1136 1021 1231 1077 οὖν
1260 1025 1321 1077 ού
1346 1024 1598 1096 καθαιρῶ
1629 1027 1698 1080 τὰ
1720 1027 1848 1097 τρό-

259 1134 437 1182 παια;
472 1116 524 1168 τί
551 1116 608 1169 δὲ
635 1116 677 1147 ⁸¹
718 1116 819 1168 οὐκ
864 1118 1154 1188 ἀνατρέπω
1186 1118 1283 1180 τὰς
1311 1118 1544 1188 στήλας;
1571 1119 1624 1171 τί
1658 1118 1715 1172 δὲ
1747 1120 1847 1173 οὐκ

258 1206 534 1275 ἐξαλείφω
560 1207 627 1259 τὰ
682 1207 1117 1277 ὲπιγράμματας
1148 1208 1331 1261 Πάντα
1382 1210 1489 1280 γὰρ
1522 1204 1677 1280 οἶμαι
1706 1211 1750 1242 δ’
1778 1210 1847 1264 τὰ

256 1300 366 1368 τῆς
400 1299 603 1368 ἀρετῆς
633 1299 1020 1370 ὑπομνήματα,
1041 1298 1231 1372 ὥσπερ
1260 1304 1373 1363 τοῖς
1397 1301 1620 1369 ἀγαθοῖς
1643 1301 1848 1375 κόσμος

258 1393 435 1457 ἐστὶν,
471 1390 642 1454 οὕτως
664 1391 886 1461 ἔλεγχος
923 1394 1032 1455 τοῖς
1063 1392 1503 1463 καταισχύνουσι.

338 1483 532 1546 Καλῶς
593 1481 903 1551 ἐθαύμαζον
952 1483 1052 1553 τὴν
1115 1485 1374 1554 Ποικίλην
1413 1485 1462 1537 ol
1510 1485 1771 1556 Σαλαμῖνι
1801 1486 1847 1519 ⁸³

260 1574 732 1635 κινδυνεύσαντες.
776 1572 1090 1625 Ἐδαπάνων
1114 1573 1222 1641 γὰρ
1254 1572 1347 1626 ἐπὶ
1370 1574 1469 1643 τῆς
1499 1573 1769 1643 θαλάττης
1800 1574 1848 1607 ⁸⁸

257 1669 327 1720 τὸ
354 1667 470 1736 τῆς,
506 1664 739 1734 ήπείρου
799 1663 1072 1732 λείψανον.
1140 1665 1461 1735 Παρνασσὸς
1487 1665 1533 1697 ⁸⁸
1555 1665 1613 1718 δὲ
1662 1668 1719 1729 ὲς
1748 1666 1847 1736 τὴν

259 1758 541 1813 θάλασσαν
587 1756 877 1823 ἐσφενδόνα
928 1756 1026 1819 τάς
1065 1755 1333 1825 κορυφὰς,
1382 1756 1476 1807 καὶ
1513 1758 1625 1817 τοῖς
1651 1755 1845 1809 ἑαυτοῦ

266 1848 492 1920 μέρεσιν
521 1846 644 1900 ἀντὶ⁸
667 1818 845 1916 ’βελῶν
864 1818 1649 1915 ύπὲρτούγένουςόπλίζεται.
1675 1847 1845 1917 Μερί-
1879 1818 1919 1873 Β

260 1939 449 2002 ζονται
481 1937 535 1989 δὲ
581 1936 682 1998 τὰς
744 1937 922 2005 μάχας
948 1935 1232 2006 Ἕλληνες,
1287 1936 1382 1989 καὶ
1414 1936 1668 2006 νέμονται
1706 1937 1843 2007 πρὸς

260 2028 523 2099 ἀλλήλους
557 2027 696 2098 μετὰ
755 2029 865 2079 τῶν
907 2027 952 2058 ⁸⁸
987 2027 1267 2097 στοιχείων
1307 2027 1375 2080 τά
1418 2027 1840 2098 κατορθώματα,

259 2119 682 2190 Λακεδαιμόνιοι
705 2118 833 2191 [578
862 2117 951 2190 IL]
978 2120 1078 2191 τὴν
1102 2120 1351 2191 ἤπειρον,
1409 2123 1569 2191 ἡμεῖς
1623 2123 1721 2191 τὴν
1747 2122 1844 2175 θά-

259 2207 485 2262 λατταν.
531 2208 757 2261 Ἐκεῖνοι
806 2209 1140 2279 τριακοσίοις
1190 2208 1287 2270 τάς
1343 2208 1527 2270 Πύλας
1575 2209 1841 2279 σώμασιν,

259 2301 426 2369 ἡμεῖς
448 2299 739 2360 τοσαύταις
766 2301 1020 2371 τριήρεσι
1047 2299 1144 2363 τάς
1167 2301 1266 2370 τῆς
1300 2299 1547 2364 Ἐλλάδος
1579 2303 1845 2373 παρόδους

260 2386 536 2456 κλείομεν.
590 2389 894 2441 Νεανίσκου
956 2388 1014 2442 δὲ
1049 2390 1358 2454 Μακεδόνος
1409 2391 1532 2445 καθ’
1582 2378 1710 2462 ὅλης
1745 2394 1844 2461 τῆς

262 2477 358 2545 ὑφ’
417 2478 552 2547 ήλίῳ
597 2478 971 2547 κωμάζοντος,
1012 2481 1107 2532 καὶ
1158 2480 1456 2545 λυποῦντος
1506 2483 1705 2554 μικροῦ
1750 2483 1846 2537 καὶ

259 2568 433 2639 αὐτὴν
463 2568 565 2640 τὴν
595 2569 765 2640 τύχην
793 2564 874 2634 οἷς
898 2571 1170 2643 ἐνυϐρίζει
1193 2576 1305 2636 τοῖς
1322 2575 1715 2646 εὐτυχήμασιν.
1742 2577 1844 2629 οὐκ

262 2662 414 2716 ἐστιν
436 2662 494 2725 ὃς
525 2662 879 2717 διανίσταται.
914 2666 1042 2718 Ὅτε
1075 2664 1119 2698 ’⁵⁷
1158 2665 1370 2736 βασιλεῖ
1396 2669 1494 2731 τὰς
1526 2669 1847 2738 ὑποσχέσεις

261 2754 682 2825 διακονούμενος
708 2756 755 2788 ⁵⁸
777 2757 837 2809 οὐ
862 2757 1055 2827 πείσας
1087 2758 1350 2829 ἀπῆλθεν,
1380 2760 1514 2813 ἀλλά
1569 2761 1841 2828 κερδάνας

260 2846 348 2899 ὅτι
406 2847 480 2917 μὴ
536 2846 734 2910 πείσας
789 2846 1042 2911 ἐσώζετο.
1098 2848 1273 2919 Ὑμᾶς
1317 2850 1373 2902 δὲ
1423 2851 1726 2921 χειροήθεις
1754 2852 1839 2904 ἀεὶ

259 2937 377 2999 τοῖς
429 2937 752 3005 τυραννοῦσι
828 2939 873 2972 ⁸ο
915 2942 1452 3010 παρασκευάζουσιν,
1515 2942 1604 2995 ἵνα
1653 2942 1840 3007 αὐτοῖς

263 3027 367 3096 μὲν
404 3027 621 3099 ὑπάρχῃ
650 3029 921 3094 πλουτεῖν,
982 3033 1050 3101 τῇ
1115 3031 1268 3083 πόλει
1304 3031 1360 3083 δὲ
1410 3032 1473 3084 τὸ
1496 3032 1604 3084 τῶν
1632 3034 1846 3086 οἰκείων

262 3118 571 3187 στέρεσθαι.
610 3121 927 3187 Ἀναγκαῖος
961 3121 1061 3190 μὲν
1089 3123 1116 3174 ὁ
1155 3122 1337 3189 φόϐος,
1380 3122 1478 3191 ὀψὲ
1512 3124 1566 3175 δὲ
1597 3124 1691 3175 καὶ
1719 3124 1840 3178 λίαν
1872 3151 1915 3209 C

259 3210 504 3279 βραδέως
533 3212 658 3281 ἄρτι
687 3212 734 3243 ⁵ο
763 3212 854 3264 τὸν
898 3214 1099 3283 τρόπον
1153 3214 1245 3267 τὸν
1279 3216 1531 3286 Αἰσχίνου
1559 3218 1604 3248 ⁵¹
1642 3219 1841 3286 φυλάτ-

257 3300 420 3353 τεσθε
448 3301 517 3354 ⁸⁸.
559 3302 671 3364 Τάς
698 3304 948 3373 τριήρεις
980 3305 1254 3375 ἐμπρήσει
1286 3309 1385 3376 τῆς
1423 3307 1628 3371 πόλεως
1661 3309 1842 3362 οὐκέτι

256 3393 332 3447 δι’
376 3393 736 3462 Ἀντιφῶντος
774 3396 895 3448 οὐδὲ
930 3397 997 3449 δι’
1050 3396 1399 3468 ἀπορρήτων,
1432 3398 1509 3461 ὡς
1555 3400 1840 3471 πρότερον,

258 3485 379 3537 ἀλλ’
430 3486 881 3557 αὐτοπροσώπως
908 3488 955 3518 ⁸³
976 3488 1077 3558 τὴν
1121 3488 1337 3541 ἀδικίαν
1388 3490 1839 3559 ὑποκρινόμενος.

264 3573 335 3626 '0
365 3573 535 3641 δῆμος
560 3577 586 3625 ό
615 3575 726 3626 τῶν
762 3575 1065 3644 Ἀθηναίων
1094 3576 1321 3649 Αἰσχίνῃ
1340 3578 1544 3648 γράφει
1572 3578 1671 3651 τὴν
1702 3580 1839 3634 κάθ-

253 3661 399 3725 οδον,
450 3665 479 3715 ὁ
522 3664 621 3726 τάς
665 3662 764 3715 ἀπ’
804 3663 981 3716 Ἰνδῶν
1015 3665 1201 3735 φήμας
1246 3666 1322 3729 ὡς
1359 3667 1497 3719 ὅπλα
1540 3672 1631 3721 καὶ
1663 3670 1842 3738 μάχας

256 3753 616 3823 φοὸούμενος.
682 3755 915 3806 Ὤκνουν
1005 3755 1343 3829 Ἀριστείδην
1409 3760 1695 3827 κατάγειν,
1745 3762 1842 3814 καὶ

252 3847 434 3901 ταῦτα
459 3849 519 3899 ού
550 3847 771 3912 κακίαν,
804 3846 922 3899 ἀλλ’
942 3847 1142 3918 ἀρετὴν
1165 3851 1263 3918 τῆς
1282 3849 1461 3918 φυγῆς
1491 3850 1682 3920 ἔχοντα
1708 3853 1847 3923 πρό-

254 3954 447 4007 φασιν.
480 3938 597 3991 Ἵνα
636 3939 744 4007 γὰρ
770 3938 1034 3991 πεισθῶσι
1087 3938 1167 4009 τῷ
1220 3940 1440 4007 Σόλωνι,
1478 3942 1584 3994 οὐδ’
1608 3943 1771 3995 αὐτὸν
1800 3945 1847 3977 ⁸³⁵

252 4029 491 4098 ἔφευγον
521 4030 730 4081 ἀδικεῖν
770 4029 918 4095 δόξαι
972 4029 1035 4081 τὸ
1063 4032 1111 4063 ⁵⁸
1151 4028 1383 4085 δίκαιον.
1443 4033 1639 4087 Κεῖται
1670 4034 1847 4088 Βαϐυ-

252 4120 392 4187 λὼν,
421 4123 643 4192 Δαρεῖος
671 4122 900 4191 οἴχεται,
956 4121 1150 4184 Ἰνδοὺς
1198 4122 1463 4194 ἀνῄρηκε,
1492 4126 1700 4196 Πέρσαι
1726 4129 1849 4181 δου-

1950 568 2316 623 calamitatem
2363 569 2479 637 ejus
2519 570 2848 639 ignorarem,
2920 572 3233 640 sepulcrum
3302 588 3521 629 suorum

1950 658 2096 713 facta
2142 670 2244 715 est.
2278 660 2388 715 Hoc
2433 671 2615 714 autem
2670 662 2889 731 impedit
2953 665 3242 730 quominus
3290 664 3523 733 primum

1950 765 2273 820 prosequar.
2318 752 2571 805 Secundo
2602 767 2733 807 vero
2767 754 2925 808 scivit
2954 755 3283 818 Alexander,
3329 771 3523 823 quam-

1948 840 2032 894 vis
2061 854 2182 892 eum
2210 840 2335 908 quis
2362 841 2649 894 admodum
2695 843 2857 897 rebus
2888 844 3145 898 secundis
3175 845 3385 898 ebrium
3422 859 3523 913 pu-

1952 933 2101 996 tarit,
2134 943 2241 989 etc.
2271 934 2381 989 Cur
2407 948 2538 1003 ergo
2579 949 2685 988 non
2720 934 2852 989 tollo
2916 937 3153 1005 tropaea?
3179 936 3289 992 Cur
3321 939 3524 991 colum-

1949 1035 2048 1076 nas
2074 1037 2180 1077 non
2222 1024 2446 1077 everto?
2486 1038 2583 1078 cur
2631 1024 3015 1092 inscriptiones
3073 1030 3179 1080 non
3233 1027 3522 1095 expuugo?

1950 1111 2085 1167 Nam
2114 1114 2228 1168 haec
2251 1114 2433 1168 omnia
2468 1114 2688 1169 virtutis
2733 1116 3053 1171 memoriam
3098 1116 3352 1171 existimo
3389 1132 3523 1171 con-

1952 1205 2144 1268 tinere,
2179 1214 2237 1259 ut
2265 1206 2430 1273 iustis
2469 1207 2524 1261 in
2545 1208 2829 1273 honorem,
2857 1208 3221 1263 deterioribus
3253 1209 3305 1263 in
3330 1224 3522 1279 oppro-

1946 1296 2124 1351 brium
2158 1296 2374 1352 cedant.

2021 1475 2215 1530 Merito
2264 1476 2543 1531 Salaminii
2612 1475 2827 1530 Variam
2870 1476 3063 1547 355b
3120 1486 3239 1546 post
3282 1477 3520 1547 pericula

1954 1568 2219 1634 porticum
2239 1569 2643 1622 admirabantur
2660 1568 2892 1638 (ΞΩ-55).
2913 1568 3047 1622 Nam
3065 1585 3185 1638 quae
3207 1571 3256 1622 in
3271 1577 3412 1623 terra
3432 1585 3523 1624 su-

1958 1657 2271 1726 perfuerant
2304 1660 2556 1729 reliquae,
2589 1675 2680 1714 eas
2722 1664 2774 1713 in
2816 1675 2966 1715 mare
3000 1676 3098 1730 pro
3130 1661 3233 1714 hac
3271 1677 3523 1717 consum-

1948 1758 2195 1816 pserunt.
2209 1748 2511 1805 Parnassus
2527 1751 2788 1805 contorsit
2808 1752 2862 1805 in
2887 1753 3021 1806 mari
3046 1753 3245 1807 montis
3262 1754 3519 1816 vertices,

1949 1851 2003 1895 et
2029 1841 2270 1910 partibus
2302 1843 2414 1896 suis
2445 1842 2562 1896 loco
2595 1843 2822 1897 telorum
2854 1858 2951 1912 pro
2981 1845 3082 1899 hac
3113 1853 3271 1915 gente
3309 1859 3517 1914 pugna-

1950 1931 2047 1987 vit.
2075 1932 2384 1987 Diviserunt
2411 1933 2583 1988 Graeci
2622 1934 2763 1989 inter
2786 1949 2846 1989 se
2880 1950 3111 2004 pugnas,
3140 1946 3194 1991 et
3224 1938 3520 1994 distribue-

1947 2032 2073 2077 runt
2104 2039 2225 2079 cum
2273 2024 2558 2079 elementis
2598 2036 2653 2079 et
2679 2024 2878 2087 cilicia,
2925 2026 3315 2081 Lacedaemonii
3352 2040 3518 2091 terra,

1948 2130 2047 2168 nos
2075 2115 2210 2167 mari
2242 2114 2529 2184 pugnaturi
2556 2155 2571 2178 ,
2605 2114 2679 2167 illi
2715 2116 2971 2170 trecentis
3004 2117 3315 2170 hominibus
3349 2116 3523 2170 Ther-

1951 2205 2231 2275 mopylas,
2290 2220 2388 2260 uos
2438 2206 2663 2259 totidem
2697 2207 3007 2262 triremibus
3055 2223 3245 2262 omnes
3300 2207 3523 2264 Graec-ite

1947 2298 2123 2350 aditus
2161 2299 2510 2354 occlusimus.
2562 2298 2734 2354 Nemo
2764 2314 2893 2352 vero
2934 2309 3073 2362 erat,
3098 2301 3187 2367 qui
3216 2310 3398 2369 posset
3431 2316 3522 2353 rc-

1949 2388 2145 2442 sistcre
2182 2389 2513 2445 adolescenti
2547 2392 2624 2444 illi
2664 2390 2996 2455 Macedonio,
3032 2400 3203 2445 totum
3236 2408 3340 2459 qua
3377 2403 3526 2462 patet

1947 2478 2132 2530 orbem
2166 2481 2503 2547 pervadenti,
2538 2491 2590 2535 et
2628 2496 2763 2549 pene
2796 2482 3173 2535 constristanti
3210 2482 3380 2551 ipsam
3411 2483 3522 2536 fur-

1950 2566 2135 2622 tuuum
2186 2570 2376 2626 iisdem
2418 2571 2579 2626 rebus
2627 2573 2883 2626 secundis
2919 2573 3111 2639 quibus
3140 2572 3226 2627 ille
3253 2587 3350 2627 nos
3389 2574 3526 2627 infe-

1947 2670 2076 2716 stat.
2100 2661 2196 2716 llic
2221 2665 2332 2732 regi
2358 2664 2744 2731 prcutissioues
2762 2664 3009 2733 explens,
3039 2679 3096 2717 re
3120 2663 3317 2718 infecta
3340 2665 3521 2727 rediit,

1947 2756 2041 2809 sed
2084 2754 2132 2808 id
2173 2756 2441 2809 commodi
2494 2758 2743 2826 accepit,
2801 2766 2859 2810 ut
2912 2766 3244 2811 servaretur.
3296 2756 3525 2825 Semper

1948 2847 2165 2915 quidem
2212 2862 2308 2901 vos
2372 2846 2556 2901 faciles
2615 2849 2860 2917 tyrannis
2929 2847 3277 2915 praebuistis,
3338 2857 3398 2900 ut
3448 2846 3527 2899 illi

1948 2940 2166 3005 quidem
2232 2939 2536 3002 ditescant,
2598 2941 2790 2993 civitas
2843 2953 2970 2993 vero
3031 2939 3185 2994 bonis
3242 2939 3524 3007 spolietur.

1948 3028 2300 3084 Necessarius
2337 3033 2554 3098 quidem
2589 3042 2798 3094 metus,
2838 3033 3050 3084 tandem
3077 3046 3232 3095 sero,
3274 3031 3528 3098 lenteque

1950 3119 2234 3174 admodum
2273 3118 2554 3175 lEschinls
2587 3122 3028 3174 consuetudinem
3060 3120 3289 3175 retinete
3331 3137 3344 3174 :
3378 3119 3527 3172 urbis

1951 3213 2201 3269 triremes
2228 3213 2498 3276 incendet,
2535 3227 2640 3266 non
2693 3226 2792 3280 per
2833 3210 3238 3280 Antiphootem,
3279 3222 3367 3265 aut
3394 3213 3529 3267 alios

1948 3303 2225 3367 occultos,
2271 3314 2333 3357 ut
2377 3304 2557 3372 prius,
2606 3302 2700 3357 sed
2746 3317 2841 3370 per
2888 3317 2946 3355 se
2990 3302 3113 3354 licta
3156 3301 3523 3370 improbitate.

1950 3394 2185 3463 Populus
2212 3394 2559 3449 Atheniensis
2601 3394 2724 3446 licet
2755 3392 2953 3446 famam
2995 3390 3249 3445 ludorum
3282 3400 3338 3444 ut
3372 3405 3524 3446 arma

1948 3496 2004 3538 et
2046 3486 2183 3539 bella
2217 3494 2444 3550 metuat,
2476 3484 2797 3540 Eschiuem
2838 3493 3075 3537 revocat.
3107 3480 3338 3552 Negligit
3369 3497 3527 3535 revo-

1946 3594 2077 3634 care
2105 3580 2424 3642 Aristidem,
2451 3580 2540 3647 qui
2575 3595 2680 3631 non
2722 3586 2942 3646 propter
2980 3576 3257 3641 delictum,
3289 3576 3382 3629 sed
3414 3574 3526 3629 vir-

1948 3673 2077 3725 tutis
2102 3673 2323 3725 nomine
2357 3671 2647 3724 exsulavit.
2677 3669 2734 3723 Si
2767 3669 2910 3721 enim
2943 3666 3163 3721 Solonis
3198 3669 3405 3735 legibus
3430 3682 3527 3737 pa-

1944 3772 2146 3823 rerent.
2186 3763 2390 3830 justum
2416 3771 2562 3815 certe
2607 3776 2711 3813 non
2746 3760 3146 3828 proscriberent
3180 3758 3316 3830 (54).
3372 3756 3527 3813 Jacet

1955 3855 2222 3925 Babylon,
2263 3869 2435 3908 czesus
2463 3861 2543 3907 est
2586 3853 2805 3911 Darius,
2848 3850 3007 3903 Indos
3050 3850 3281 3914 evertit,
3332 3848 3529 3904 Persas

1954 3950 2206 4018 subegit,
2251 3947 2348 4001 soli
2398 3946 2758 4001 Athenienses
2789 3944 2988 3997 virtute
3024 3959 3118 3997 sua
3151 3943 3342 4012 reliqui
3377 3951 3524 4008 sunt,

1953 4056 2182 4110 quorum
2233 4039 2400 4092 robur
2438 4039 2596 4094 toties
2635 4037 2815 4093 Persae
2854 4037 3063 4105 experti
3103 4045 3258 4099 sunt,
3305 4033 3517 4105 quoties

1956 4148 2129 4202 pugna
2161 4131 2577 4185 contenderunt.

249 4212 505 4268 λεύουσι.
543 4213 698 4281 μόναι
737 4213 1017 4264 λείπουσιν
1065 4213 1111 4244 ⁵⁸
1161 4213 1382 4283 Ἀθῆναι
1413 4218 1529 4279 τοῖς
1566 4219 2009 4290 κατορθώμασιν,
2075 4217 2152 4278 ὧν
2220 4223 2428 4293 Πέρσαι
2473 4221 2799 4286 τοσαυτάκις
2859 4220 3087 4294 ᾔσθοντο
3143 4219 3246 4291 τῆς
3301 4218 3526 4287 ἀρετῆςο

249 4303 453 4363 ὁσάκις
485 4301 591 4354 ἔδει
626 4298 921 4370 μάχεσθαι.

264 4419 367 4472 Ἐκ
397 4414 507 4481 τῆς
528 4413 785 4487 μελέτης
805 4406 885 4487 ἧς
928 4411 973 4443 ⁸⁷
1016 4412 1063 4487 ἡ
1091 4411 1395 4487 ,ἐπιγραφὴ
1434 4432 1452 4466 ι
1480 4416 1839 4487 Επίκουρος,

334 4479 630 4553 Πρόνοοὶαν
663 4485 775 4536 οὐκ
824 4479 976 4537 εἷναι
1031 4479 1225 4552 λέγων

331 4554 584 4627 γραφήν.
624 4571 645 4605 ι

793 4644 898 4699 Ἐκ
916 4643 1024 4712 τῆς
1052 4644 1290 4713 θεωρίας

335 4736 459 4797 Οῐδε
509 4737 772 4812 ῥητορικὴ
831 4737 929 4791 καὶ
972 4737 1291 4806 φιλοσοφίαν
1364 4739 1409 4771 ⁸³
1459 4740 1660 4811 ἑαυτῆς
1703 4740 1835 4813 ὓλην

1230 4523 1245 4546 .
1298 4486 1581 4553 ἀσεϐείας
1631 4486 1836 4557 φεύγει
1868 4496 1918 4557 D

1951 4419 2037 4475 Ea:
2081 4420 2467 4475 Declamatione
2511 4421 2599 4474 cui
2638 4420 2826 4475 titulus
2860 4430 2936 4473 es!
2966 4433 2986 4472 :
3026 4438 3044 4470 ι
3089 4418 3350 4486 Epicurus
3388 4418 3523 4472 Pro-

2130 4492 2413 4546 videntiam
2438 4506 2650 4561 negans,
2684 4492 2970 4559 impietatis
2998 4500 3297 4542 accusatur.
3333 4507 3354 4541 ι

2514 4642 2635 4725 ‘rEa:
2662 4643 2882 4697 theoria.

2014 4736 2185 4792 Scivit
2224 4735 2501 4792 rhetorica
2536 4736 2642 4792 sibi
2685 4733 3083 4804 philosoph.am
3123 4740 3406 4789 materiam
3443 4736 3525 4790 di-

246 4832 587 4903 σιοιήσασθαι
614 4847 628 4861 ·
653 4830 918 4893 τύοαννος
975 4829 1085 4898 γάρ
1114 4831 1149 4898 ἡ
1177 4829 1272 4884 τοῦ
1298 4829 1477 4885 λένειν
1504 4830 1710 4887 ἀνωθεν
1733 4833 1829 4888 δύο

1953 4827 2099 4882 cendi
2145 4839 2383 4894 parare:
2423 4824 2712 4882 sublimior
2743 4826 2888 4880 enim
2934 4825 3147 4882 dicendi
3188 4827 3307 4893 vis,
3339 4827 3512 4882 instar

243 4939 440 4995 ναμις.

1941 4920 2155 4992 tyranni
2182 4928 2287 4973 est.

1560 5099 1788 5155 νΑιιιΑε
1817 5098 2224 5156 LECTIONES.

325 5242 369 5273 ⁸¹
408 5241 465 5294 δὲ
493 5256 601 5295 om.
636 5240 701 5294 Α.
778 5238 825 5270 δ’
860 5233 1014 5305 οἶμαι
1095 5253 1154 5303 αι
1201 5235 1270 5289 τά

200 5418 203 5419 ν
241 5385 294 5416 ⁸¹
335 5382 426 5433 τὸν
452 5374 1014 5450 ᾼίσχ.]τοῦίΑίσχ.”Β.
1055 5377 1137 5450 --δ’
1170 5374 1535 5450 φυλάττεσθαι
1566 5393 1626 5450 ς.

240 5452 307 5505 at!
359 5449 582 5505 Ἀθῆναι
606 5449 642 5512 ξ

1311 5236 1448 5319 μετὰ
1479 5235 1517 5287 Β
1550 5245 1603 5290 et
1625 5252 1777 5319 'corr.

240 5314 299 5343 ⁸⁸
324 5311 431 5363 τῶν
463 5312 584 5364 add.
622 5313 688 5362 Α.
765 5310 808 5346 ⁸⁷
839 5304 954 5378 ὅτε]
987 5308 1035 5371 ὃ,
1069 5324 1125 5358 τε
1152 5305 1215 5359 C.
1294 5304 1341 5337 ⁸⁸
1365 5305 1808 5374 διακρινούμενος
1841 5306 1903 5357 Α.
2014 5304 2058 5335 δ’
2088 5304 2434 5371 τυραννοῦσι]
2465 5304 2789 5369 τυγχάνουσι
2820 5304 2883 5353 Α.
2959 5304 3006 5333 ⁵⁸
3029 5304 3152 5369 ἄρτι
3192 5304 3235 5352 Α
3261 5320 3272 5354 :
3304 5304 3421 5352 ἀντὶ
3453 5318 3512 5363 ς’.

241 5385 294 5416 ⁸¹
335 5382 426 5433 τὸν
452 5379 748 5443 Αίσχ.Ιτοῦ
778 5379 931 5443 Αἱσχ.
959 5376 1014 5429 Β.
1092 5377 1137 5408 δ’
1170 5374 1535 5439 φυλάττεσθαι
1566 5393 1626 5438 ς.
1703 5376 1751 5407 ⁸³
1777 5373 2199 5443 αὐτοπρόσωπος
2216 5371 2281 5443 Β.
2348 5369 2393 5400 ⁵⁸
2423 5372 2602 5424 malim
2634 5371 2786 5424 αὐτὸ.
2862 5371 2909 5402 ⁸⁸
2936 5371 3019 5439 τὸ]
3048 5370 3137 5423 τὸν
3166 5370 3228 5423 Β.
3302 5372 3347 5402 ⁸⁸
3370 5369 3512 5423 λεὶπ.

737 5449 785 5481 ⁸⁷
811 5442 1009 5519 ἦςνοιυ.
1046 5445 1107 5500 C.
1182 5446 1228 5477 ⁵⁸
1264 5444 1581 5512 φιλοσοφίαν
1613 5444 1834 5515 ἑαυτῆς]
1865 5442 2178 5512 φιλοσοφίας
2200 5442 2263 5493 A.

1973 5233 2018 5264 ’⁸³
2053 5230 2364 5302 Σαλαμίνιοι
2399 5248 2458 5302 ς.
2536 5229 2582 5262 ⁸³
2616 5229 2887 5302 θαλάσσης
2918 5229 2997 5302 Β.
3040 5231 3101 5302 ξ’
3131 5230 3412 5299 Παρνασὺς
3456 5229 3513 5281 Β.

2014 5303 2058 5335 ’δ’
2088 5299 2434 5371 τυραννοῦσι]
2465 5300 2789 5369 τυγχάνουσι
2820 5304 2883 5353 Α.
2959 5301 3006 5333 ⁸⁸
3029 5300 3235 5371 ἄρτιῨΑ
3261 5320 3272 5354 :
3304 5302 3421 5371 ἀντί
3442 5318 3512 5371 ς.

1773 5575 2006 5632 NOTAE.

323 5695 785 5767 (32-33)_4Poecile
836 5695 1075 5767 porticus
1118 5693 1362 5767 Athenis.
1391 5692 1524 5748 Vide
1560 5690 1839 5748 Emilium

246 5765 669 5824 ProhumJ/ide
700 5766 849 5821 iufr..
871 5766 925 5821 in
954 5775 1091 5821 ornt.
1137 5765 1394 5834 proxima.

2026 5690 2137 5762 (34)
2162 5689 2484 5762 Plutarchus
2500 5691 2554 5762 in
2580 5692 2761 5745 decem
2786 5690 3005 5762 Grazciae
3030 5690 3357 5748 oratoribus.
3384 5686 3517 5745 Vide

1958 5758 2162 5815 Plutar.
2195 5771 2249 5816 ct
2275 5761 2437 5815 Corn.
2471 5759 2853 5830 Nepotem'seu
2885 5758 3139 5815 Probum.
