3924 6434
431 326 566 391 1315

910 431 1199 486 Exordiuut
1233 432 1510 486 orationis.

499 528 678 580 Discet
707 539 851 579 nunc
883 534 1069 594 aperte
1104 524 1389 592 Epicurus,
1422 522 1465 577 si
1506 531 1663 577 antea
1695 522 1999 587 ignorabat,

426 618 640 680 doctus,
674 618 767 671 sed
798 617 1098 680 convictus,
1124 615 1471 669 Providentia
1512 615 1622 683 regi
1663 614 1999 668 universum.

428 710 579 774 Quod
607 708 750 761 enim
774 706 896 760 mali
923 707 1370 770 condemnentur,
1398 706 1710 774 puniantur,
1733 713 1789 758 et
1815 719 2004 773 pteuas

430 800 599 863 luant,
633 798 827 868 356a
860 796 1202 850 manifestum
1230 805 1312 851 est
1340 796 1597 849 indicium
1657 811 1762 849 non
1796 807 2003 849 natura:

432 902 635 945 temere
662 906 722 944 ac
758 891 956 943 l’rustra
993 891 1222 953 ruentis,
1246 888 1341 943 sed
1383 887 1516 955 legis
1548 900 1710 957 atque
1744 889 2001 953 instituti,

429 992 481 1036 et
523 982 746 1036 rationis
793 980 1237 1042 administrandi,
1275 988 1332 1032 et
1378 981 1480 1034 hoc
1523 980 1789 1047 amplius,
1834 981 2007 1048 ipsius

432 1072 794 1126 Providentia:
844 1083 927 1125 est
963 1080 1360 1140 argumentum.
1405 1070 1522 1125 Jam
1556 1072 1735 1141 itaque
1776 1072 2005 1138 aliquid,

432 1166 807 1230 Athenienses,
827 1164 1346 1218 commemoratione
1362 1164 1583 1231 dignum
1604 1164 1824 1218 accidit.
1852 1163 2009 1217 Venit

434 1260 487 1312 in
516 1258 770 1323 judicium
795 1258 1056 1323 Epicurus
1080 1255 1223 1307 vultu
1253 1254 1524 1318 subtristi,
1556 1264 1610 1308 et
1634 1270 1809 1317 suam,
1841 1269 2005 1323 quant

436 1353 501 1404 de
524 1352 796 1415 voluptate
821 1349 1002 1409 habet,
1027 1347 1336 1415 opinionem
1360 1348 1554 1401 tetrico
1576 1346 1723 1400 vultu
1744 1347 2005 1414 corrupit.

436 1442 640 1510 Duplici
677 1442 740 1494 de
772 1454 932 1494 causa
958 1439 1082 1492 odio
1114 1439 1490 1508 dignissimus,
1523 1454 1645 1492 cum
1676 1439 1819 1507 quod
1855 1438 2009 1493 alitcr

436 1534 625 1586 doceat
659 1532 930 1599 privatim,
964 1536 1080 1582 tum
1114 1532 1255 1599 quod
1284 1533 1444 1585 aliter
1476 1531 1688 1599 publice
1738 1530 2007 1585 exhibeat.

434 1620 509 1674 lbi
534 1622 674 1673 enim
708 1621 1031 1687 voluptatem
1062 1621 1280 1687 quidem
1304 1622 1497 1686 jactat,
1534 1630 1590 1673 ut
1612 1620 2008 1688 jucuuditatem

435 1727 501 1766 ex
541 1711 791 1766 omnibus
842 1714 1001 1767 rebus
1050 1712 1271 1779 colligat
1315 1730 1329 1765 :
1384 1712 1473 1767 hic
1512 1727 1642 1766 vero
1689 1714 2009 1782 gravitatem

436 1807 716 1869 mentitur,
773 1819 829 1859 ut
865 1807 1077 1876 judices
1107 1807 1451 1861 conciliando
1477 1808 1764 1877 subripiat.
1801 1806 2010 1862 Novum

435 1911 567 1949 sane
598 1897 882 1966 judicium,
922 1898 1086 1951 homo
1121 1906 1340 1966 propter
1368 1906 1613 1951 naturam
1654 1899 1837 1951 mundi
1866 1898 2014 1968 judi-

438 1997 611 2052 catur,
645 1998 698 2041 et
726 2002 1011 2055 perversus
1043 1987 1295 2056 Sophista
1318 2026 1333 2051 ,
1367 1999 1588 2057 propter
1614 1990 2012 2056 providentiam

438 2092 654 2145 pmuam
702 2079 866 2131 subit.
924 2078 1069 2132 Perit
1122 2079 1302 2131 omnis
1352 2080 1524 2134 virtus
1570 2095 1665 2146 per
1712 2080 2012 2135 doctrinam

452 2168 667 2235 Epicuri
701 2180 755 2222 et
803 2182 1102 2222 sermones.
1136 2170 1376 2222 Pereunt
1412 2171 1667 2233 concilia,
1702 2182 1755 2224 et
1783 2171 2012 2240 judicia,

442 2259 740 2310 honestatis
766 2258 1005 2325 przemia,
1035 2258 1395 2326 improbitatis
1424 2261 1778 2329 supplicium;
1797 2263 1923 2329 quin
1961 2271 2016 2317 et

445 2363 606 2414 supra
665 2348 861 2401 malum
903 2350 1083 2402 evadit
1116 2349 1394 2419 impietas,
1439 2352 1722 2422 nullusque
1751 2367 1834 2407 est
1866 2356 2017 2409 locus

441 2439 533 2504 qui
583 2438 924 2506 impudentiae
962 2449 1014 2491 et
1061 2440 1298 2494 audacia:
1342 2441 1556 2511 Epicuri
1589 2445 1660 2497 sit
1705 2458 1918 2513 expers.
1956 2447 2018 2498 Et

444 2531 546 2583 hac
584 2529 649 2583 de
684 2545 877 2595 causa,
918 2531 1157 2600 antiquis
1214 2533 1565 2603 philosophia:
1608 2537 1848 2606 vestigiis
1877 2539 2016 2591 iusi-

442 2629 586 2671 stere
626 2619 875 2682 erubuit,
922 2630 976 2673 et
1019 2622 1264 2675 eamdem
1307 2638 1469 2691 quam
1519 2625 1727 2693 priores
1763 2628 1839 2680 ire
1875 2630 2014 2680 viam

445 2709 681 2778 neglexit
709 2709 843 2779 (55).
874 2708 1071 2764 Eorum
1114 2726 1277 2781 porro
1317 2714 1479 2767 animi
1511 2718 1812 2785 angustiam
1846 2718 2015 2786 potis-

448 2802 646 2853 simum
679 2801 910 2863 incusat,
932 2802 1022 2870 qui
1050 2817 1077 2855 a
1108 2803 1264 2857 nobis
1288 2816 1506 2873 propter
1527 2808 1800 2862 doctrinas
1824 2810 2017 2876 impias

446 2888 616 2955 puniti
656 2899 810 2954 sunt,
852 2904 1023 2956 quare
1067 2904 1258 2945 omnes
1316 2893 1495 2947 adhuc
1538 2894 1815 2962 impietate
1859 2897 2018 2965 longo

449 2980 734 3035 intervallo
760 2996 1019 3050 superare
1058 2991 1229 3050 parat.
1278 2984 1388 3038 Cur
1424 3000 1529 3039 non
1575 2996 1882 3051 accusetur,
1926 2989 2016 3057 qui

450 3070 554 3123 tale
572 3086 633 3124 ac
679 3081 887 3125 tantum
940 3088 1135 3127 nomen
1178 3089 1342 3128 ausus
1368 3083 1453 3128 est
1484 3074 1587 3129 sibi
1620 3074 1919 3144 aﬁingere‘l
1961 3087 2016 3131 at
2041 3098 2086 3161 ρ

448 3162 536 3215 ubi
571 3164 681 3216 haec
707 3162 1023 3230 proﬁtetur?
1058 3162 1285 3218 Ubinam
1318 3168 1570 3219 convenit
1607 3177 1663 3220 et
1694 3169 2017 3223 commisce-

454 3261 543 3304 tur
570 3252 818 3321 voluptas
846 3252 1140 3319 laboribus,
1176 3255 1433 3311 fortitudo
1453 3257 1701 3314 deliciis?
1727 3260 2018 3314 Academia

447 3342 829 3409 lupanaribus,
872 3343 1208 3412 philosophia
1255 3346 1653 3413 potationibus,
1713 3359 2023 3418 temperan-

449 3434 581 3486 tium
635 3435 740 3485 vita
793 3449 915 3487 cum
959 3436 1240 3505 impudicis
1285 3438 1750 3495 adolescentibus?
1792 3441 1857 3494 Et
1892 3441 2022 3509 quid

446 3524 729 3593 praedixit,
760 3525 850 3593 qui
883 3540 1045 3580 ausus
1074 3527 1193 3581 est?
1225 3528 1427 3582 Bellum
1479 3542 1535 3584 et
1568 3546 1718 3584 arma
1757 3534 2022 3587 universae

450 3626 656 3668 natura:
694 3615 899 3684 legibus
944 3616 1179 3679 indicit,
1210 3628 1394 3671 contra
1426 3633 1642 3673 omnem
1676 3630 1891 3674 astath
1925 3622 2022 3674 de-

451 3704 707 3757 mentiam
739 3704 990 3770 ellundit,
1014 3718 1068 3760 et
1095 3710 1162 3760 de
1192 3707 1372 3778 impiis
1404 3710 1769 3765 sectatoribus
1791 3726 1885 3765 eos
1907 3711 2023 3781 plu-

452 3793 648 3848 rimum
679 3793 823 3857 colit,
851 3796 941 3865 qui
973 3797 1295 3865 voluptatem
1326 3808 1451 3854 ante
1479 3799 1614 3855 alios
1661 3801 2019 3855 demirantur.

528 4079 688 4146 Prius
737 4094 865 4135 vero
900 4080 1261 4136 defensionem
1307 4081 1423 4148 ejus
1469 4084 1873 4137 consideremus
1910 4100 1923 4137 :
1955 4097 2021 4136 an

452 4172 711 4227 doctrinae
738 4171 852 4237 ejus
886 4186 1097 4241 positam
1133 4172 1337 4242 exigis?
1365 4171 1605 4238 Minime,
1643 4175 1736 4226 sed
1774 4174 2021 4241 impieta-

456 4262 542 4316 tis.
586 4259 921 4315 Licet‘enim
974 4261 1169 4316 docere
1212 4261 1509 4330 quodlibet,
1563 4263 1729 4331 impio
1767 4278 1889 4317 esse
1918 4278 2021 4316 non

456 4351 601 4405 licet.
632 4350 688 4404 Si
721 4350 952 4419 probare
988 4359 1139 4418 potes
1178 4365 1284 4406 non
1309 4365 1430 4406 esse
1460 4367 1554 4407 eos
1585 4353 1779 4421 impios
1809 4355 1861 4407 iu
1896 4369 2019 4408 ver-

1594 321 1854 381 ΡΗΟΤΙΙ
1899 320 2401 380 ΡΑΤΠΙΑΠΟΗ.Έ
2428 319 2536 378 CP.

2030 442 2073 493 Α
2103 430 2265 502 [1084
2292 430 2381 501 lt]
2421 430 2521 495 Ἐξ
2555 429 2747 498 αὐτῆς
2771 430 2817 461 ⁵⁹
2838 428 2947 497 τῆς
2968 429 3231 500 μελέτης
3258 429 3325 485 τὸ
3344 430 3671 499 προοίμιον.

3543 318 3676 384 1316

2172 522 2286 574 Νῦν
2320 524 2439 591 μὲν,
2470 523 2518 574 εί
2544 523 2639 575 καὶ
2664 521 2739 592 μὴ
2757 520 3039 591 πρότερον,
3070 523 3277 576 εἴσεται
3305 522 3491 591 σαφῶς
3525 524 3679 575 Ἐπί·

2103 633 2297 685 κουρος
2326 616 2407 668 ὅτι
2438 614 2664 684 πρόνοια
2722 616 2915 668 διοικεῖ
2972 617 3070 686 τὴν
3109 617 3218 670 τῶν
3243 618 3378 671 ὅλων
3407 618 3592 686 φύσιν,
3618 617 3680 668 οὐ

2102 705 2468 775 δογματίζων,
2535 706 2669 760 ἀλλά
2729 707 3078 775 κρινόμενοςο
3124 707 3187 759 τὸ
3222 706 3331 778 γὰρ
3357 708 3482 770 τοὺς
3514 725 3683 778 πονη-

2107 798 2235 870 ροὺς
2264 798 2546 868 κρίνεσθαι
2567 798 2661 850 καὶ
2690 796 3013 861 κολάζεσθαι
3056 798 3148 850 καὶ
3177 797 3375 851 διδόναι
3400 799 3556 869 δίκην
3577 799 3680 852 οὐκ

2106 890 2228 958 είκῆ
2261 889 2571 958 φερομένης
2600 889 2695 940 καὶ
2724 888 2904 958 μάτην
2935 888 3167 956 φύσεως,
3200 888 3336 942 ἀλλά
3358 889 3558 958 θεσμοῦ
3584 891 3686 943 καὶ

2107 979 2274 1047 νόμου
2295 979 2388 1030 καὶ
2421 979 2466 1009 ⁸⁸
2500 977 2777 1040 πολιτείας
2816 979 2910 1030 καὶ
2943 977 3025 1045 (τὸ
3074 977 3346 1046 μέγιστον)
3381 972 3553 1046 αὐτῆς
3581 979 3687 1046 τῆς

2107 1070 2364 1137 προνοίας
2392 1069 2645 1139 λαμπρὸν
2673 1068 2908 1139 ὑπάρχει
2937 1070 3257 1138 τεκμήριον.
3291 1069 3427 1138 Ἤδη
3460 1071 3559 1137 μὲν
3588 1065 3688 1121 οὖν

2108 1159 2385 1229 προύργου
2404 1176 2457 1211 τι
2480 1159 2580 1228 τῆς
2606 1160 2844 1228 γραφῆς,
2880 1158 3070 1229 ἄνδρες
3127 1159 3415 1227 Ἀθηναῖοι,
3453 1159 3691 1229 γεγένη-

2110 1268 2220 1303 ται.
2254 1250 2576 1317 Στυγνάζων
2607 1243 2740 1319 ἧκεν
2759 1249 2798 1279 ⁶²
2831 1249 2925 1301 ὲπὶ
2979 1251 3078 1319 τὴν
3119 1249 3297 1319 κρίσιν
3338 1248 3685 1319 Ἐπίκουρος,

2110 1343 2203 1394 καὶ
2244 1341 2303 1393 τὸ
2370 1341 2469 1409 τῆς
2501 1341 2692 1411 ἡδονῆς
2724 1340 2902 1410 δόγμα
2957 1344 3022 1410 τῇ
3054 1341 3327 1412 κατηφείᾳ
3362 1340 3683 1410 διέφθαρκε.

2110 1435 2187 1486 Δι’
2224 1434 2506 1504 ἀμφότερα
2534 1434 2596 1485 δὲ
2632 1434 2909 1504 μισεῖσθαι
2937 1434 3163 1500 δίκαιος,
3190 1437 3282 1486 καί
3310 1427 3383 1486 ὧν
3418 1434 3523 1503 ἰδίᾳ.
3555 1451 3688 1486 παιο

2110 1525 2254 1579 δεύει
2283 1526 2379 1578 καὶ
2402 1520 2476 1578 ὧν
2507 1525 2744 1595 δημοσίᾳ
2775 1526 3089 1580 πλάττεται.
3138 1526 3283 1578 Ἐκεῖ
3309 1528 3407 1595 μὲν
3444 1526 3555 1595 γὰρ
3584 1526 3686 1593 τὴν

2112 1619 2303 1687 ἡδονὴν
2321 1617 2523 1687 θρυλεῖ,
2549 1618 2636 1669 ἵνα
2667 1617 2763 1685 τὴν
2790 1615 2937 1686 ὥραν
2963 1617 3059 1685 τὴν
3088 1616 3195 1669 τῶν
3215 1617 3510 1685 χρωμένων
3545 1633 3687 1681 καρ-

2114 1711 2361 1778 πώσηται
2380 1725 2393 1738 ·
2418 1707 2648 1761 ἐνταῦθα
2668 1707 2838 1779 δὲτὴν
2870 1708 3173 1777 σεμνότητα
3202 1706 3566 1776 καθυποκρίνε
3578 1723 3685 1769 ται,

2116 1801 2181 1855 ἵν’
2213 1800 2510 1870 ὑφαρπάσῃ
2532 1799 2590 1852 τὸ
2632 1800 3002 1868 δικαστήριον.
3024 1798 3086 1850 Ἠ
3116 1798 3160 1829 ⁸³
3176 1798 3274 1867 μὲν
3300 1800 3479 1869 κρίσις
3505 1799 3686 1868 παρα-

2113 1891 2261 1956 δοξος
2293 1906 2306 1919 ·
2339 1890 2477 1962 ἀνὴρ
2516 1890 2653 1960 πρὸς
2686 1890 2783 1960 τὴν
2816 1889 2974 1957 φύσιν
2996 1888 3105 1940 τῶν
3138 1888 3305 1942 ὅντων
3339 1889 3384 1918 ⁸⁸
3412 1888 3682 1959 κρίνεται,

2115 1982 2210 2034 καὶ
2248 1982 2480 2050 πονηρὸς
2508 1980 2765 2049 σοφιστὴς
2795 1980 2929 2049 πρὸς
2961 1980 3062 2049 τὴν
3093 1979 3347 2048 πρόνοιαν
3378 1980 3681 2043 δικάζεται.

2115 2073 2336 2142 Οῖχεται
2386 2072 2481 2142 μὲν
2538 2072 2705 2143 ἀρετὴ
2769 2073 2917 2125 πᾶσα
2964 2074 3076 2134 τοῖς
3130 2070 3451 2142 Ἐπικούρου
3503 2072 3683 2139 λόγοις

2116 2169 2211 2218 καὶ
2249 2164 2531 2234 δόγμασιν,
2553 2164 2758 2234 οἴχεται
2817 2164 2872 2216 δὲ
2926 2164 3251 2234 δικαστήρια
3284 2164 3415 2235 [579
3454 2165 3551 2237 ll.]
3588 2167 3680 2217 καὶ

2116 2256 2347 2325 κρίσεις,
2379 2258 2471 2309 καὶ
2488 2256 2596 2307 τῶν
2624 2255 2725 2325 μὲν
2751 2255 2970 2323 ἀγαθῶν
3008 2257 3063 2308 αἱ
3099 2257 3271 2323 τιμαὶ,
3294 2257 3403 2308 τῶν
3434 2257 3489 2309 δὲ
3528 2258 3682 2308 ἐναν-

2114 2350 2244 2401 τίων
2266 2349 2325 2400 τδ
2352 2349 2587 2418 τίμημα.
2640 2349 2951 2402 Ἀναϐαίνει
2981 2350 3038 2403 δὲ
3077 2352 3171 2403 καὶ
3212 2352 3289 2412 είς
3314 2350 3543 2419 οὐρανὸν
3574 2352 3682 2404 ἀνω

2114 2442 2226 2500 τοῖς
2287 2437 2611 2507 ἀδικήμασι,
2653 2438 2747 2491 ’καὶ
2800 2438 2961 2501 τόπος
2999 2439 3174 2501 οὐδεὶς
3221 2439 3317 2509 τῆς
3352 2439 3680 2509 θρασύτητος

2116 2527 2439 2597 Ἐπικούρου
2468 2528 2562 2580 καὶ
2583 2526 2691 2579 τῶν
2717 2527 3077 2596 τολμημάτων
3112 2527 3410 2598 ἐξαίρετος.
3441 2528 3515 2580 Τὸ
3534 2527 3579 2579 δ’
3598 2529 3682 2578 αῖ-

2115 2635 2253 2682 τιον,
2306 2619 2546 2690 ᾐσχύνθη
2600 2622 2711 2681 τοῖς
2774 2620 3021 2689 ἀρχαίοις
3070 2622 3325 2690 ἐμμεῖναι
3369 2619 3683 2688 φιλοσοφίας

2116 2711 2263 2779 ὅροις
2308 2710 2649 2779 Ἐπίκουρος,
2695 2709 2786 2761 καὶ
2849 2711 2947 2776 τὴν
2994 2710 3159 2779 αὐτὴν
3213 2709 3330 2762 ὁδὸν
3373 2709 3547 2761 ἐλθεῖν
3571 2712 3683 2771 τοῖς

2117 2802 2381 2870 πρότερον
2416 2800 2842 2872 φιλοσοφήσασιν
2897 2800 3130 2870 ὤκνησε.
3156 2801 3372 2855 Μᾶλλον
3396 2801 3452 2853 δὲ
3495 2818 3685 2869 μικρο-

2115 2890 2317 2960 ψυχίαν
2348 2893 2650 2959 καταγνοὺς
2692 2891 2800 2943 τῶν
2826 2892 2941 2944 ὅσοι
2981 2892 3111 2960 παρ’
3153 2893 3285 2959 ἡμῖν
3314 2891 3408 2942 ἐπὶ
3436 2892 3687 2959 πονηράς

2117 2982 2345 3051 δόγμασι
2388 2982 2834 3050 πλημμελοῦντες
2874 2982 3265 3051 ἐκολάσθησαν,
3303 2982 3443 3048 ἔγνω
3479 2982 3684 3041 πάντας

2118 3074 2328 3143 ἀθρόως
2356 3073 2756 3143 ὑπερϐαλέσθαι
2810 3079 2923 3136 τοῖς
2968 3075 3313 3144 ἀδικήμασιν.
3344 3073 3415 3125 Ἢ
3448 3072 3563 3133 πῶς
3590 3074 3689 3124 οὐκ

2122 3164 2271 3228 ἄξιος
2302 3163 2580 3233 μέμψεως,
2610 3164 2878 3234 τοσαύτης
2903 3164 2997 3215 καὶ
3025 3161 3355 3232 τηλικαύτης
3375 3160 3689 3229 ἐπωνυμίας

2124 3253 2417 3324 ἐπιχειρῶν
2462 3253 2936 3323 καταψεύδεσθαι;
2999 3253 3106 3306 Ποῦ
3136 3254 3240 3323 γὰρ
3268 3252 3607 3321 ὁμολογεῖται
3646 3252 3691 3283 ⁸⁸

2122 3345 2323 3413 ταύτας
2355 3345 2458 3398 ποῦ
2490 3346 2547 3399 δὲ
2579 3345 2862 3415 συμϐαίνει
2890 3347 2983 3398 καὶ
3020 3346 3273 3415 μίγνυται
3301 3345 3459 3415 ἡδονὴ
3489 3345 3686 3408 πόνοις,

2123 3439 2387 3509 καρτερία
2422 3441 2601 3509 τρυφῇ
2631 3454 2646 3504 ;
2687 3438 2991 3509 Ἀκαδημία
3034 3439 3121 3491 καὶ
3162 3438 3377 3508 πόρναι,
3408 3437 3689 3505 φιλοσοφία

2124 3530 2216 3582 καὶ
2244 3531 2424 3595 πότος,
2456 3529 2881 3600 σωφρονούντων
2918 3529 3028 3599 βίος
3067 3530 3161 3584 καὶ
3202 3530 3477 3583 ἀκόλαστα
3501 3532 3689 3599 μειρά-

2123 3638 2250 3687 κια;
2295 3622 2351 3675 '0
2380 3621 2437 3674 δὲ
2465 3622 2517 3674 τί
2542 3622 2847 3694 προῄρηται
2884 3623 2929 3654 ⁸⁸
2965 3623 3057 3675 καὶ
3084 3622 3136 3676 τί
3158 3623 3456 3692 τετόλμηκε
3483 3639 3499 3686 ;
3534 3624 3688 3675 πόλε-

2127 3731 2227 3782 μον
2265 3713 2478 3767 ἀπειλεῖ
2499 3717 2596 3768 καὶ
2635 3716 2813 3786 μάχην
2844 3716 2957 3777 τοῖς
2995 3714 3181 3784 νόμοις
3231 3714 3358 3784 ὅλης
3390 3716 3433 3746 ⁸⁷
3463 3715 3564 3784 τῆς
3589 3716 3690 3782 φύ-

2125 3819 2281 3865 σεως.
2321 3801 2522 3872 Ἐμάνη
2586 3803 2784 3872 μανίαν
2848 3800 2970 3859 καθ’
3016 3801 3228 3869 ἡλικίας
3285 3801 3497 3868 ἀπάσης
3541 3802 3687 3853 Ἐπὶ-

2123 3908 2339 3961 κουρος,
2374 3891 2470 3944 καὶ
2495 3892 2774 3955 δυσσεϐεῖς
2822 3891 3028 3961 ἔρωτας
3075 3890 3285 3962 ἠράσθη
3331 3893 3552 3945 πάντων
3580 3892 3687 3945 ὅσοι

2121 3984 2219 4054 τὴν
2245 3983 2393 4055 ὥραν
2425 3985 2562 4057 ὑπὲρ
2595 3985 2720 4048 τοὺς
2751 3983 2943 4047 ἄλλους
2970 3982 3362 4051 θαυμάζονται.

2195 4076 2464 4145 Πρότερον
2523 4074 2578 4128 δὲ
2637 4073 2801 4127 αὐτοῦ
2857 4075 2953 4143 τὴν
2999 4074 3294 4143 ἀπολογίαν
3338 4073 3670 4141 σκε’ξώμεθα

2123 4170 2400 4239 Δόγματος
2425 4166 2516 4223 οὖν
2538 4172 2788 4233 ἀπαιτεῖς
2812 4170 2855 4201 ⁸⁸
2882 4169 3038 4233 δίκας
3059 4188 3075 4237 ;
3102 4169 3235 4233 Οὒκ,
3254 4170 3367 4223 ἀλλ’
3398 4169 3650 4231 ἀσεϐείας
3670 4185 3684 4199 ·

2122 4262 2469 4331 δογματίζειν
2505 4261 2603 4331 μὲν
2629 4262 2738 4333 γάρ
2760 4262 2903 4327 ἐξὸν,
2930 4263 3146 4315 ἀσεϐεῖν
3173 4263 3232 4315 δὲ
3268 4263 3369 4314 οὐκ
3403 4264 3686 4331 ἐπιτέτρα-

2126 4369 2277 4404 πται.
2309 4352 2371 4403 Εἰ
2403 4352 2503 4421 μὲν
2531 4348 2623 4405 οὖν
2653 4352 2798 4421 ἔχεις
2828 4354 2998 4405 εἰπεῖν
3032 4353 3106 4415 ὡς
3138 4353 3237 4405 οὐκ
3267 4352 3481 4413 ἀσεϐεῖς
3515 4348 3591 4414 οἷς
3615 4354 3687 4404 εῖ-

452 4441 558 4504 bis,
603 4442 761 4493 verba
795 4457 899 4494 non
939 4442 1137 4496 damno
1164 4459 1178 4495 :
1206 4451 1263 4495 at
1290 4442 1336 4495 si
1370 4442 1546 4496 verbis
1576 4444 1716 4497 inest
1745 4444 2014 4513 impietas,

2123 4457 2318 4512 ρηκας,
2348 4443 2410 4495 οὐ
2450 4443 2621 4512 κρίνω
2646 4445 2772 4506 τοὺς
2797 4443 2987 4511 λόγους
3011 4460 3025 4474 ·
3059 4445 3108 4496 εί
3138 4443 3182 4496 δ’
3210 4443 3433 4496 ἀσέϐεια
3470 4446 3579 4506 τοῖς
3606 4444 3687 4494 λό-

455 4550 557 4587 non
580 4545 797 4602 propter
821 4534 907 4586 illa
936 4548 1149 4602 poenam
1175 4534 1349 4599 dabis,
1378 4534 1472 4588 sed
1496 4549 1561 4588 eo
1583 4535 1753 4602 magis
1776 4535 2016 4603 puniere,

453 4627 580 4693 quia
626 4626 690 4677 ad
719 4626 1050 4694 impietatem
1096 4625 1518 4679 conﬁrmandam
1561 4625 1645 4679 his
1676 4626 1854 4680 verbis
1889 4641 2020 4681 usus

454 4732 534 4771 es.
563 4715 676 4768 Non
707 4717 850 4769 enim
887 4731 1107 4784 pinnam
1134 4716 1411 4785 injudicio
1447 4716 1615 4780 dabit,
1655 4717 1699 4770 si
1731 4716 1875 4785 quis,
1916 4718 2019 4772 etsi

456 4805 613 4858 liceat
632 4806 704 4857 uti
739 4806 802 4857 ad
827 4818 890 4857 ea
919 4818 1039 4872 qua:
1058 4813 1292 4873 Oportet,
1324 4807 1389 4856 ad
1421 4818 1528 4858 rem
1564 4819 1668 4858 non
1694 4806 2022 4859 convenien-

459 4905 561 4947 tem
593 4895 770 4948 verbis
801 4895 874 4946 uti
905 4894 1071 4948 velit:
1108 4893 1303 4965 356b
1347 4908 1537 4949 contra
1585 4911 1744 4959 vero,
1817 4899 1861 4950 si
1906 4910 2019 4949 rem

459 4986 737 5038 houeStam
785 4983 1081 5037 inhonestis
1131 4985 1313 5038 verbis
1366 4984 1693 5053 inquinarit,
1738 4989 1807 5041 ob
1854 4990 2017 5041 verba

456 5089 668 5146 pennam
700 5074 829 5128 luet.
857 5073 1125 5129 Vocamus
1155 5075 1260 5128 huc
1290 5076 1343 5127 in
1369 5074 1630 5144 judicium
1664 5088 1935 5141 oratores,
1969 5086 2025 5132 et

2122 4549 2239 4600 γοις
2284 4524 2602 4603 πρόσεστιν,
2657 4535 2719 4587 ού
2786 4535 2873 4588 διὰ
2904 4536 3028 4597 τοὺς
3067 4534 3255 4603 λόγους
3281 4535 3564 4603 κερδανεῖς
3593 4535 3685 4604 τὴν

2120 4625 2296 4694 δίκην,
2358 4624 2493 4678 ἀλλά
2524 4626 2567 4657 ⁵⁸
2603 4625 2912 4696 κολασθήοῃ
2959 4626 3121 4678 πλέον
3161 4619 3241 4688 οἷς
3273 4626 3364 4677 ἐπὶ
3408 4624 3469 4677 τὸ
3492 4626 3687 4677 ἀδικεῖν

2121 4717 2234 4775 τοῖς
2280 4714 2457 4780 λόγοις
2504 4715 2788 4784 κέχρησαι.
2824 4717 2898 4767 Οὐ
2940 4716 3050 4787 γὰρ
3099 4717 3150 4769 ετ
3170 4733 3272 4781 τις,
3312 4716 3431 4781 ἐξὸν
3457 4716 3685 4784 χρῆσθαι

2126 4803 2261 4873 πρὸς
2298 4803 2334 4856 ἃ
2359 4804 2462 4868 δεῖ,
2496 4805 2601 4857 κᾶν
2627 4805 2759 4874 πρὸς
2786 4805 2822 4859 ἀ
2853 4806 2927 4876 μὴ
2961 4807 3042 4859 δεῖ
3069 4806 3216 4878 θέλῃ,
3257 4806 3413 4874 δίκην
3442 4807 3506 4858 οὐ
3535 4806 3686 4859 δώσει

2127 4893 2475 4964 κρινόμενος·
2540 4897 2844 4950 τούναντίον
2896 4897 2954 4949 δὲ
2999 4898 3046 4929 ⁷ο
3102 4898 3284 4967 ὑφέξει
3358 4897 3540 4965 λόγον,
3611 4899 3688 4949 ὅτι

2128 4985 2288 5038 καλὸν
2315 4988 2548 5056 πρᾶγμα
2579 4989 2790 5059 πονηρᾷ
2824 4988 3015 5061 γνώμῃ
3046 4989 3368 5056 διέφθειρεν.
3409 4988 3688 5057 Καλοῦμεν

2131 5077 2223 5129 ἐπὶ
2246 5076 2309 5129 τὸ
2331 5076 2483 5147 βῆμα
2515 5078 2642 5141 τοὺς
2672 5079 2907 5150 ῥήτορας
2930 5095 2944 5109 ·
2979 5080 3082 5133 κᾶν
3125 5080 3254 5149 ὀκνῇ
3289 5096 3391 5145 τις,
3431 5080 3687 5141 πολλάκις

1722 5234 1959 5289 VARUE
2017 5233 2417 5293 LECTIONES.

528 5353 572 5389 ⁸⁵
598 5350 693 5420 τῆς
715 5346 937 5420 add.__A_.
1012 5343 1057 5420 ξ’
1081 5344 1173 5420 καὶ
1199 5356 1319 5420 post
1343 5345 1406 5420 νό

463 5420 507 5449 ⁸⁵
539 5413 672 5472 ὅλων
698 5420 763 5471 Α.
836 5415 881 5488 ξ’
909 5413 1155 5488 ὁμολογεῖ
1196 5417 1262 5468 Α.
1338 5416 1383 5447 ⁸⁸
1414 5413 1698 5488 προῄρηκε
1728 5437 1787 5483 ς,

461 5503 567 5542 om.
601 5491 664 5542 Α,
740 5489 784 5519 ⁷⁰
810 5485 865 5536 δὲ
887 5484 1005 5535 add.
1044 5485 1107 5535 Α.

1410 5362 1509 5415 μου
1531 5362 1640 5421 om.
1676 5348 1733 5402 Β.
1812 5351 1855 5381 ⁶¹
1884 5351 2061 5421 malim
2091 5352 2233 5421 ἥκει.

1867 5421 1910 5450 ⁵⁷
1940 5420 2080 5482 ὅλοις
2110 5424 2173 5474 Α.

2313 5354 2356 5425 “f
2379 5354 2477 5422 τὴν
2505 5361 2629 5405 ante
2654 5352 2769 5425 τῶν
2790 5368 2899 5406 om.
2927 5353 2986 5406 Β.
3060 5355 3106 5385 ⁸³
3132 5353 3307 5425 κρίσις
3339 5350 3413 5401 A:
3444 5348 3607 5425 φύσις
3630 5364 3683 5425 ς..

2250 5421 2293 5452 ⁸⁸
2326 5417 2555 5476 fortasse
2588 5423 2868 5492 legendum
2893 5425 3098 5493 ἀπαιτῇ
3125 5463 3139 5488 ,
3171 5417 3400 5489 passive.
3459 5417 3530 5458 τ’
3554 5417 3687 5471 ἀλλὰ

1967 5580 2197 5637 NOT/E.

532 5692 643 5762 (33)
687 5694 775 5746 Sic
805 5693 1082 5750 Lucretius
1107 5706 1158 5751 et
1194 5698 1307 5766 ipse
1335 5692 1666 5766 Epicureus:
1706 5696 1832 5749 Aria
1864 5696 2133 5752 Pieridum
2165 5714 2383 5767 peragro
2407 5699 2544 5765 loca,
2570 5700 2765 5755 nullius
2790 5712 2909 5757 ante
2950 5701 3098 5757 Trita
3132 5702 3237 5756 solo
