3924 6430
248 323 383 389 1317

1274 320 1800 381 BIBLIOTIIECA.
1843 346 1913 357 —
1941 323 2105 383 COD.
2133 324 2439 386 CCXLIII.

3363 316 3502 382 1318

246 436 276 504 Ι)
313 432 467 504 κοινὴ
496 431 649 501 φωνὴ
679 429 778 498 τῆς
813 429 1021 492 πόλεως
1063 429 1157 482 ἐπὶ
1186 431 1245 483 τὸ
1272 430 1452 496 λέγειν
1485 432 1689 501 ἐγείρει
1729 431 1823 485 καὶ

1941 435 1970 489 si
1999 437 2123 504 quis
2168 436 2343 499 lentus
2390 436 2701 502 accesserit,
2736 434 3050 504 frequenter
3075 431 3346 488 communi
3375 433 3504 485 civi-

234 528 335 577 τὸν
383 524 444 576 ού
503 524 686 591 λέγειν
740 521 1083 592 βουλόμενον.
1146 521 1486 591 Παρέρχεταί
1526 539 1610 584 τις
1647 525 1727 585 εἰς
1766 522 1826 575 τὸ

239 614 439 683 σεμνὸν
484 611 808 682 Ἐπικούρου
875 613 1290 682 φροντιστήριον
1338 612 1457 673 νέος
1493 612 1527 681 ἦ
1572 612 1700 665 νέα’
1746 615 1825 675 εἰς

235 703 351 775 γὰρ
380 702 585 773 ταύτην
612 702 711 774 τὴν
723 702 941 771 ἡλικίαν
974 703 1033 754 τὺ
1052 701 1308 771 λαμπρὸν
1338 702 1497 755 τοῦτο
1528 702 1823 772 συνέδριον.

250 794 430 863 ’Υπὲρ
484 794 577 845 τὸν
615 792 804 859 Ἰξίονα
846 792 907 845 τὸ
960 791 1159 863 θράσος
1198 791 1504 862 ἄνθρωπος,
1555 792 1696 862 ὑπὲρ
1736 794 1827 845 τὸν

238 885 545 955 Σαλμωνέα
569 884 669 955 τὴν
689 884 868 956 ὕϐριν,
894 885 992 955 τὴν
1009 883 1212 954 τόλμαν
1249 883 1391 954 ὑπὲρ
1418 883 1506 936 τὸν
1535 884 1825 938 Τάνταλον.

255 979 399 1033 Ἀλλ’
435 979 619 1031 ἐκεῖνα
647 976 745 1046 μὲν
784 976 964 1047 μῦθοι,
1025 976 1121 1028 καὶ
1148 979 1215 1047 τῇ
1271 979 1444 1046 σκηνῇ
1484 976 1637 1045 μόλις
1662 976 1735 1028 τά
1764 992 1827 1042 γε

239 1069 471 1124 τοιαῦτα
533 1067 900 1138 πιστεύομεν⁸
940 1066 1105 1139 [1085
1134 1066 1228 1138 R.]
1266 1067 1585 1137 Ἐπίκουρος
1633 1066 1689 1118 δὲ
1729 1067 1830 1119 οὐκ

241 1163 309 1215 ὲν
331 1161 541 1231 μύθοις,
563 1160 678 1213 ἀλλ’
706 1161 763 1213 ὲν
780 1159 1013 1229 δόγμασι
1040 1160 1135 1213 καὶ
1150 1158 1381 1229 πράξεσι
1398 1158 1563 1211 νικῶν
1590 1158 1830 1220 ἐκείνους

239 1251 583 1321 εὑρίσκεται.
606 1251 864 1303 Κάκείνοι
898 1250 995 1319 μὲν
1027 1248 1253 1319 ἑτέρωθί
1293 1265 1397 1301 που
1428 1246 1602 1299 ταῦτα
1621 1246 1828 1316 τολμῆ-

244 1361 343 1396 σαι
371 1341 639 1409 λέγονται,
702 1341 752 1393 oi
808 1340 905 1409 μὲν
938 1342 996 1393 ὲν
1025 1340 1227 1409 ὄρεσιν,
1255 1340 1304 1390 οἱ
1351 1338 1407 1390 δὲ
1437 1339 1495 1389 ὲν
1524 1338 1743 1399 νάπαις,
1779 1339 1829 1391 οἱ

239 1436 307 1488 δὲ
340 1438 398 1487 ὲν
429 1432 724 1503 βαρϐάροις
771 1433 881 1484 τισὶ
931 1432 1026 1483 καὶ
1081 1431 1520 1500 ἀπερριμμένοις
1562 1428 1785 1497 χωρίοις
1811 1445 1825 1460 ο

240 1525 433 1579 δίδωσι
457 1523 515 1576 δέ
546 1540 662 1585 πως
691 1523 732 1553 ⁷⁸
754 1521 1085 1591 ῦυγγνὼμην
1114 1521 1209 1574 καὶ
1236 1520 1402 1573 τόπου
1439 1519 1601 1589 φύσις
1628 1520 1796 1589 ὲγκλή
1814 1547 1830 1557 -

244 1632 447 1686 μασιν’
491 1614 807 1682 Ἐπίκουρος
866 1611 925 1664 δὲ
995 1611 1251 1682 Ἀθήνῃσι
1298 1610 1472 1664 ταῦτα
1528 1611 1828 1679 φιλοσοφεῖ.

256 1707 517 1778 Ἀθήνῃσι
537 1705 594 1758 δὲ
632 1706 761 1759 ὅταν
792 1703 952 1769 εἴπω,
991 1703 1053 1755 τὸ
1084 1703 1339 1773 μέγιστον
1364 1696 1517 1754 εἶπον
1540 1702 1640 1771 τῆς
1676 1702 1832 1754 εὐσε-

245 1770 402 1860 ϐείας
435 1770 762 1866 ζιεφάλαιον.
820 1794 986 1847 Οὐδὲν
1013 1794 1041 1846 ὁ
1074 1770 1369 1860 Σωκράτης
1416 1807 1497 1844 σοι
1525 1770 1673 1844 δοκεῖ
1694 1789 1831 1860 πρὸς
1864 1770 1904 1824 Β

250 1890 522 1959 μίμησιν;
552 1886 662 1940 Καὶ
713 1886 788 1950 τί,
826 1884 979 1953 φησὶ,
1038 1882 1147 1935 τῶν
1199 1881 1516 1935 ὑπευθύνων
1549 1880 1830 1950 ἠσέϐησας

243 1979 392 2034 arms
430 1994 519 2048 μοι
542 1976 741 2045 λέγεις,
783 1973 1098 2044 Ἐπίκουρε,
1128 1973 1188 2025 τὸ
1226 1973 1410 2043 μεῖζον
1448 1971 1721 2041 ἔγκλημα,
1750 1973 1834 2024 ὅτι

250 2073 330 2144 μὴ
353 2070 630 2134 δυσσεϐεῖς
655 2070 841 2140 μόνον,
867 2067 981 2122 ἀλλ’
1005 2068 1087 2121 ὅτι
1105 2068 1148 2098 7’
1168 2067 1262 2120 καὶ
1274 2066 1456 2120 καινά’
1486 2064 1605 2118 ὅθεν
1626 2065 1835 2135 διχόθεν

246 2165 551 2227 ὑπεύθυνος
575 2163 642 2215 ⁷³.
671 2162 898 2231 Βωμοὺς
955 2161 1057 2214 οὐκ
1118 2158 1441 2230 ἀνέτρεψας,
1488 2156 1628 2211 ἀλλὰ
1660 2158 1834 2228 μάτην

242 2260 492 2321 ἑστῶτας
545 2255 775 2320 ἔδειξας,
798 2253 927 2326 [580
958 2251 1049 2324 ιι]
1093 2253 1356 2323 Πρόνοιαν
1404 2250 1629 2316 ἀνελὼν,
1671 2250 1737 2304 δι’
1766 2252 1831 2321 ἣν

247 2350 471 2421 βωμοὺς
497 2347 857 2419 ἱδρυσάμεθα⁸
892 2345 1087 2399 θυσίαν
1111 2344 1302 2412 καινὴν
1333 2344 1436 2397 ούκ
1452 2343 1668 2408 ἔθυσας,
1699 2343 1835 2397 ἀλλὰ

244 2443 433 2505 πάσας
464 2440 676 2512 ἀθρόως
700 2440 747 2470 ⁷⁵
767 2437 1072 2509 ἀνῄρηκας.
1098 2437 1191 2507 Μὴ
1212 2436 1425 2507 ῥυέσθω
1453 2436 1497 2467 ⁷⁸
1524 2435 1624 2504 τῆς
1661 2452 1835 2504 τιμω-

249 2537 376 2605 ρίας
417 2534 766 2603 Ἐπίκουρος,
797 2533 879 2584 ὅτι
909 2532 982 2601 μὴ
1032 2529 1175 2582 κατὰ
1215 2529 1341 2591 τοὺς
1392 2529 1656 2599 πρότερον
1695 2527 1838 2582 κατὰ

248 2627 391 2680 θεῶν
424 2623 775 2696 ἐθρασύνατο.
804 2622 1019 2684 Πάντας
1047 2621 1146 2691 μὲν
1174 2619 1285 2689 γὰρ
1312 2618 1581 2689 ἀσεϐῆσαι
1599 2620 1836 2689 τρόπους

248 2720 334 2773 ἑνὶ.
375 2718 484 2770 τῶν
546 2716 687 2769 κατὰ
739 2714 839 2785 τὴν
886 2712 1041 2767 πόλιν
1088 2711 1351 2765 ἀδύνατον
1376 2725 1389 2740 °
1420 2711 1549 2763 εἰδὲ
1581 2709 1834 2776 ἕκαστος,

247 2811 370 2865 ἀνθ’
400 2804 473 2863 ὧν
495 2810 685 2880 ἔδρασε
747 2807 1190 2878 προϐαλλόμενος
1216 2806 1251 2860 ἃ.
1294 2806 1368 2876 μὴ
1413 2806 1706 2874 πεποίηκε,
1739 2804 1837 2875 τὴν

244 2904 519 2973 τιμωρίαν
535 2899 859 2970 ἐκφεύξεται
906 2900 973 2961 ⁷⁸,
1014 2899 1099 2962 τίς
1154 2897 1339 2965 ὑφέξει
1372 2897 1482 2949 τῶν
1509 2896 1722 2951 ἀσεϐῶν
1758 2896 1839 2949 δί-

248 3012 359 3063 κην
391 2995 459 3056 ⁷⁷,
484 2993 546 3047 οὐ
569 2993 778 3054 πάντας
844 2992 1062 3044 ἀσεσεῖν
1129 2988 1502 3059 ὲγχωροῦντος
1542 2989 1589 3019 ⁷⁸
1622 2988 1837 3057 ἑκάστῳ

1927 527 2056 579 tatis
2077 524 2334 594 suffragio
2354 530 2436 579 vel
2461 525 2665 580 invitus
2683 526 2750 578 ab
2771 525 3058 579 dicendum
3082 524 3315 591 cogitur.
3341 520 3504 575 Venit

1928 614 2123 684 aliquis
2152 615 2368 682 juvenis
2403 614 2483 669 vel
2512 614 2799 682 juvencula
2830 614 2976 682 (nam
3012 615 3081 665 ob
3113 612 3254 665 banc
3286 620 3502 663 aetatem

1928 705 2222 775 praeclarus
2252 706 2341 759 ille
2372 716 2672 759 conventus
2703 703 2982 757 ordinatus
3013 701 3116 767 est)
3148 702 3200 754 in
3235 714 3502 753 veneran-

1929 794 2049 845 dam
2084 790 2296 859 Epicuri
2330 789 2595 853 scholam,
2622 788 2849 843 audacia
2874 797 3095 854 superat
3126 786 3214 839 ille
3235 783 3499 848 Ixionem,

1930 882 2127 936 ferocia
2172 881 2503 947 Salmonem,
2552 879 2856 934 temeritate
2898 876 3228 930 Tantalum:
3263 877 3356 930 sed
3392 875 3509 928 hmc

1931 977 1985 1031 in
2012 978 2230 1040 fabulis,
2253 985 2309 1031 et
2342 992 2437 1044 per
2464 977 2709 1031 umbram
2741 976 2826 1029 vix
2850 974 3140 1028 credimus.
3173 972 3276 1026 Sed
3309 986 3414 1023 non
3452 972 3505 1023 in

1932 1068 2124 1122 fabulis
2158 1068 2444 1136 Epicurus,
2478 1083 2664 1121 verum
2701 1068 2751 1120 in
2787 1066 3050 1120 doctrinis
3082 1063 3504 1129 actionibusque

1932 1159 2029 1213 bos
2071 1174 2329 1227 superare
2366 1158 2726 1213 convincitur.
2765 1154 2974 1221 Quibus
3017 1155 3068 1207 in
3106 1153 3237 1207 locis
3289 1153 3403 1205 lucc
3431 1151 3507 1203 illi

1931 1251 2048 1306 ausi
2079 1252 2246 1306 sunt?
2275 1251 2427 1304 Alius
2463 1251 2512 1303 in
2546 1250 2839 1311 montibus,
2873 1249 3010 1301 alter
3042 1247 3093 1300 in
3136 1245 3383 1308 saltibus,
3418 1243 3506 1295 ille

1934 1342 1985 1394 in
2036 1341 2283 1395 barbaris
2336 1341 2660 1409 quibusdam
2708 1348 2763 1393 et
2804 1338 3026 1405 abiectis
3063 1335 3411 1400 regionibus,
3450 1342 3509 1387 ut

1932 1434 2093 1485 etiam
2130 1432 2278 1485 locus
2320 1434 2534 1485 veniam
2570 1431 2807 1499 peccatis
2846 1430 2976 1481 dare
3000 1426 3280 1481 videatur.
3312 1424 3511 1478 Verum

1932 1523 2198 1592 Epicurus
2241 1525 2353 1577 lucc
2394 1522 2551 1577 ducet
2594 1522 2848 1577 Athenis;
2907 1504 3151 1573 Athenas
3200 1532 3321 1569 cum
3369 1515 3511 1578 dico,

1933 1615 2151 1683 pietatis
2194 1625 2355 1684 caput
2388 1614 2651 1681 intelligo.
2683 1612 2821 1665 Num
2851 1613 2944 1665 tibi
2983 1611 3199 1665 videtur
3232 1609 3509 1671 Socrates,

1933 1720 2092 1774 quem
2122 1704 2355 1758 imiteris
2407 1704 2641 1772 dignus?
2673 1703 2735 1756 Et
2758 1702 2884 1772 quid
2917 1702 3158 1770 dignum,
3191 1697 3386 1762 inauit,
3414 1712 3511 1750 cur

1935 1812 2059 1851 reus
2110 1797 2212 1850 sim
2268 1796 2556 1851 commisi?
2595 1796 2835 1851 Hoccine
2892 1794 3023 1848 mihi
3075 1794 3194 1857 ais,
3241 1790 3516 1859 Epicure?

1934 1889 2112 1958 majus
2143 1888 2255 1956 jam
2307 1889 2514 1945 crimen
2541 1896 2659 1951 est,
2703 1902 2809 1941 non
2849 1886 3141 1955 impietatis
3184 1884 3379 1947 modo,
3419 1882 3513 1936 sed

1934 1980 2059 2048 quia
2092 1993 2235 2032 nunc
2263 1978 2429 2032 etiam
2461 1992 2660 2031 novum
2700 1975 2969 2045 adiungis.
2998 1973 3155 2028 Unde
3179 1974 3290 2042 jam
3317 1971 3514 2038 duplici

1934 2070 2002 2123 de
2033 2082 2198 2122 causa
2228 2082 2353 2121 reus
2386 2065 2567 2120 factus
2601 2080 2682 2121 es.
2711 2066 2852 2118 Aras
2879 2080 2984 2118 non
3021 2062 3306 2117 evertisti?
3341 2070 3395 2113 at
3423 2075 3517 2115 eas

1936 2155 2137 2212 frustra
2166 2170 2290 2210 esse
2326 2154 2641 2219 ostendisti,
2682 2169 2804 2208 cum
2847 2151 3248 2207 Providentiam
3276 2163 3308 2203 e
3338 2162 3517 2201 rerum

1935 2258 2129 2302 natura
2169 2246 2331 2310 tollis,
2366 2247 2435 2300 ob
2467 2260 2628 2314 quam
2668 2259 2791 2297 aras
2820 2242 3207 2296 exstruxitnus.
3243 2235 3519 2292 Sacritivia

1938 2353 2076 2393 nova
2128 2353 2235 2392 non
2291 2334 2677 2391 introduxisti?
2724 2343 2779 2387 at
2824 2333 3003 2386 omnia
3057 2327 3346 2384 sustulisti.
3404 2325 3520 2378 Non

1936 2430 2247 2484 absolvatur
2278 2428 2578 2496 Epicurus,
2625 2424 2749 2492 quia
2795 2438 2900 2477 non
2938 2422 3127 2475 eadem
3163 2434 3283 2488 qua:
3311 2416 3523 2487 priores

1937 2526 2004 2577 de
2045 2522 2147 2576 diis
2184 2521 2373 2576 sensit.
2420 2518 2562 2573 Fieri
2610 2519 2755 2571 enim
2796 2531 2902 2570 non
2940 2522 3151 2583 potest,
3196 2526 3253 2564 ut
3296 2526 3432 2564 unus
3469 2511 3521 2562 in

1936 2613 2072 2667 urbe
2093 2613 2229 2666 civis
2251 2609 2504 2665 omnibus
2531 2608 2703 2662 modis
2731 2607 2801 2661 sit
2832 2605 3027 2672 impius
3062 2622 3077 2658 :
3119 2603 3164 2657 si
3199 2617 3324 2657 vero
3352 2616 3522 2654 unus-

1937 2703 2167 2773 quisque
2222 2717 2321 2769 pro
2356 2702 2445 2756 bis
2500 2714 2621 2770 qua:
2664 2698 2795 2751 fecit
2830 2697 3104 2750 adducens
3146 2709 3207 2747 ea
3255 2708 3375 2761 qua:
3414 2708 3523 2745 non

1944 2796 2110 2864 fecit,
2172 2795 2498 2866 supplicium
2544 2792 2756 2856 evadet,
2810 2789 2934 2858 quis
2991 2787 3284 2855 impietatis
3337 2801 3527 2855 pmnas

1937 2886 2126 2943 dabit?
2169 2900 2290 2938 cum
2335 2883 2465 2938 nulli
2506 2883 2615 2937 sint
2653 2880 2875 2935 omnino
2911 2878 3059 2946 impii
3083 2917 3097 2939 .
3142 2886 3196 2931 et
3225 2875 3386 2930 liceat
3418 2876 3527 2928 reis

1939 2996 2038 3050 pro
2084 2977 2384 3033 malefactis
2433 2974 2713 3030 benefacta
2748 2969 3013 3042 proferre.
3048 2967 3161 3023 Non
3206 2976 3332 3022 sunt
3367 2981 3395 3018 a
3435 2981 3526 3019 sa-

250 3055 351 3137 καὶ
374 3055 483 3146 τοῖς
504 3082 848 3153 κρινομένοις
903 3081 1025 3144 ὲξὸν
1083 3055 1228 3133 ἀντί*
1268 3055 1379 3132 τῶν
1429 3055 1835 3149 πεπραγμένων

1941 3069 2214 3139 pientibus
2264 3068 2345 3122 hae
2411 3063 2794 3120 frustrationes
2839 3058 3202 3114 adtnittendae.
3240 3056 3353 3110 Non
3385 3055 3529 3109 enim

248 3174 322 3226 τὰ
363 3172 437 3242 μῆ
461 3172 830 3241 πεπραγμένα
878 3169 1291 3241 προτείνεσθαι;
1344 3170 1407 3223 οὐ
1435 3169 1499 3241 δὴ
1522 3172 1567 3202 ⁷⁹
1597 3169 1772 3222 ταῦτά
1792 3171 1836 3200 ’°

249 3281 318 3332 γε
356 3263 482 3318 νοῦν
503 3264 738 3333 ἐχόντων
768 3264 868 3326 τὰς
885 3262 1155 3325 διαδύσεις
1190 3260 1516 3333 προσίεσθαι
1543 3261 1610 3313 θι.
1637 3263 1708 3314 οὐ
1732 3261 1840 3331 γάρ

250 3354 397 3423 ὑπὲρ
434 3347 510 3408 ὧν
541 3371 625 3417 τις
649 3354 750 3406 οὐκ
804 3352 1108 3416 εὐθύνεται,
1132 3353 1229 3423 τὴν
1269 3352 1566 3420 ἀπολογίαν
1597 3352 1842 3423 προσῆκε

252 3445 550 3508 ποιεῖσθαι,
579 3444 694 3497 ἀλλ’
730 3444 814 3513 ἐφ’
842 3438 920 3507 οἷς
944 3444 1078 3497 οἵτε
1110 3444 1385 3513 κρίνοντες
1412 3443 1837 3514 κατηγοροῦσιν,

250 3539 309 3591 οἳ
336 3555 395 3591 τε
424 3537 733 3602 δικάζοντες
763 3537 1047 3607 κάθηνται.
1070 3539 1131 3591 Οἱ
1162 3537 1219 3590 δὲ
1239 3538 1466 3606 ἀφέντες
1489 3538 1549 3589 τὸ
1571 3536 1845 3589 δικαιότα-

248 3645 351 3680 τον
375 3629 467 3680 ὲπὶ
499 3629 559 3680 τὸ
613 3629 808 3698 ῥᾷστον
856 3626 1163 3695 βαδίζουσι-
1199 3628 1258 3680 τὸ
1297 3626 1395 3699 μὲν
1428 3629 1539 3698 γὰρ
1567 3628 1843 3679 δικαιότα-

248 3735 350 3771 τον
401 3718 549 3771 λύειν
584 3719 647 3771 τὸ
698 3717 951 3788 ἔγκλημα
1000 3719 1066 3772 δι’
1098 3719 1126 3771 ὃ
1155 3719 1420 3790 κρίνεται,
1458 3718 1518 3770 τὸ
1549 3719 1744 3788 ῥᾷστον
1787 3716 1845 3769 δὲ

248 3808 643 3875 ἀπολογεῖσθαι
674 3812 805 3877 περὶ
864 3808 1071 3862 τούτων
1110 3812 1194 3878 ἐφ’
1219 3805 1301 3872 οἷς
1326 3810 1387 3863 οὐ
1428 3808 1621 3878 φεύγει
1649 3826 1733 3870 τις
1766 3807 1846 3860 δι-

250 3917 383 3964 κας.
414 3901 478 3953 Εἰ
505 3918 612 3970 περ
644 3895 736 3953 οὖν
761 3902 842 3953 ὅτι
872 3902 947 3969 μή
981 3918 1069 3954 πω
1099 3900 1338 3962 δέδωκας
1360 3899 1536 3969 δίκην,
1577 3900 1675 3951 οὐκ
1706 3894 1845 3952 εἶναι

247 3991 502 4057 νομίζεις
536 3991 815 4060 πρόνοιαν,
845 3991 1022 4062 ὀρθῶς
1058 3991 1407 4062 βεϐούλευσαι
1430 4008 1442 4019 ·
1478 3993 1525 4044 εί
1558 3991 1617 4044 δὲ
1637 3990 1724 4043 διὰ
1748 3989 1846 4060 τὴν

249 4081 423 4152 φύσιν
450 4083 559 4137 τῶν
585 4083 743 4148 ὅλων,
775 4086 804 4136 ὁ
832 4083 989 4152 λόγος
1025 4085 1275 4152 μάταιος.
1327 4082 1485 4135 Ἀλλὰ
1508 4082 1691 4147 πόθεν,
1711 4082 1847 4150 πρὸς

247 4174 371 4228 τῶν
396 4176 613 4245 ἀτόμων
635 4176 731 4228 καὶ
765 4174 861 4228 τοῦ
897 4176 1053 4229 κενοῦ
1078 4174 1124 4206 ⁸⁸
1149 4174 1244 4227 τοῦ
1272 4174 1698 4245 πολυθρυλήτου,
1718 4172 1849 4226 ταύ-

248 4283 362 4334 την
395 4265 492 4335 τὴν
555 4265 713 4329 δόξαν
766 4264 887 4330 ὲξεύ
900 4281 1099 4336 ρηκαςς
1157 4264 1389 4327 ἄτακτός
1410 4281 1494 4326 τις
1514 4263 1719 4333 ἐνοχλεί
1751 4261 1849 4333 τὴν

249 4357 371 4409 τῶν
398 4357 533 4409 ὅλων
592 4358 754 4426 φύσιν
803 4357 949 4427 φορὰ
973 4357 1018 4388 ⁸⁵
1049 4359 1142 4409 καὶ
1195 4357 1410 4425 κίνησις
1436 4371 1450 4385 ’
1484 4355 1599 4408 ἀλλ’
1622 4356 1849 4425 ἀρχαῖον

1942 3159 2245 3214 adhibenda
2281 3155 2525 3211 defensio
2556 3163 2639 3208 est
2689 3165 2903 3216 eorum,
2940 3150 3006 3203 de
3053 3148 3248 3216 quibus
3275 3146 3395 3215 quis
3424 3159 3529 3198 non

1947 3260 2260 3314 accusatur,
2290 3264 2477 3303 verum
2517 3247 2584 3300 de
2617 3244 2816 3311 quibus
2850 3256 3035 3297 coram
3068 3239 3340 3308 iudicibus
3368 3252 3526 3291 accu-

1943 3353 2115 3407 satur,
2160 3353 2216 3396 et
2253 3340 2323 3395 ob
2367 3354 2487 3408 qua:
2537 3338 2929 3407 disceptatores
2977 3333 3195 3388 sedent.
3243 3330 3325 3383 llli
3375 3344 3529 3390 vero,

1943 3435 2271 3506 aequissimis
2292 3433 2533 3497 omissis,
2566 3432 2632 3485 ad
2657 3429 2911 3483 facillima
2946 3426 3282 3480 dilabuntur.
3310 3422 3531 3490 Equis-

1944 3531 2141 3584 simum
2182 3527 2327 3582 enim
2374 3534 2458 3579 est
2502 3523 2771 3593 obiectum
2812 3520 3061 3575 diluere:
3111 3515 3423 3570 facillimum
3469 3528 3531 3567 ea

1947 3619 2259 3681 defendere,
2311 3616 2379 3670 de
2412 3614 2611 3683 quibus
2640 3626 2747 3666 non
2779 3618 3083 3663 accusatur.
3125 3605 3182 3660 Si
3219 3605 3380 3675 igitur
3407 3607 3532 3672 quia

1946 3721 2137 3777 poenas
2181 3704 2416 3757 nondum
2464 3701 2689 3763 dedisti,
2724 3699 2845 3752 ideo
2879 3694 3284 3748 Providentiam
3334 3706 3530 3758 negas,

1949 3794 2364 3866 rectejudicasti
2384 3811 2399 3859 ;
2422 3792 2504 3848 sin
2529 3799 2748 3861 prOpter
2765 3797 3016 3841 naturam
3038 3782 3302 3847 universi,
3334 3780 3535 3851 357a

1948 3886 2130 3941 stulte.
2170 3882 2275 3937 Sed
2306 3884 2447 3935 unde
2479 3881 2619 3934 banc
2653 3879 2719 3931 de
2746 3875 2941 3930 atomis
2985 3882 3039 3927 et
3067 3873 3205 3926 chao
3237 3870 3374 3924 adeo
3408 3871 3535 3921 trito

1948 3976 2255 4046 Opinionem
2287 3969 2578 4026 invenisti?
2614 3966 2919 4021 inordinata
2953 3963 3199 4033 quaedam
3226 3958 3452 4024 volutio,
3482 3967 3537 4012 et

1950 4080 2130 4125 motus
2176 4067 2277 4121 hoc
2319 4063 2634 4118 universum
2688 4057 2901 4120 turbat,
2946 4068 3002 4109 et
3050 4053 3334 4121 antiquum
3372 4051 3537 4104 chaos

1948 4170 2052 4225 est,
2085 4167 2141 4211 et
2170 4156 2276 4209 tuis
2305 4150 2483 4207 verbis
2512 4149 2813 4217 antiquius,
2850 4159 3027 4215 neque
3055 4142 3298 4197 definitis
3324 4150 3533 4195 natura:

1951 4251 2157 4322 legibus
2185 4248 2545 4314 obtemperat.
2577 4240 2748 4295 Porro
2774 4247 2953 4290 autem
2981 4234 3162 4289 omnia
3193 4232 3383 4287 ordine
3409 4244 3533 4299 pro-

1951 4344 2182 4408 cedunt,
2226 4338 2369 4406 quod
2416 4332 2713 4388 maximum
2757 4325 3117 4382 Providentiae
3153 4331 3529 4393 argumentum

248 4449 325 4499 τὸ
348 4449 475 4517 χάος
504 4412 728 4501 καὶιτῶν
756 4412 1067 4516 σέδνλόγων
1114 4412 1506 4515 πρεσϐύτερον.
1555 4412 1836 4497 ’Λλλίῇούδὲ

1954 4445 2115 4507 puto,
2160 4432 2345 4487 omnia
2392 4426 2603 4483 scilicet
2650 4418 2995 4485 conservari;
3038 4433 3158 4470 nam
3202 4412 3532 4469 inordinatio

250 4537 512 4590 πείθεται
577 4542 689 4601 τοῖς
741 4538 1070 4609 ὡρισμένοις
1121 4540 1306 4607 νόμοις
1336 4537 1435 4605 τῆς
1472 4535 1719 4602 φύσεως·
1756 4534 1851 4587 καὶ

252 4632 375 4701 μὴν
409 4630 627 4686 ἅπαντα
679 4606 977 4695 καὶ-τάξει
1034 4606 1222 4701 χωρεί,
1286 4629 1381 4681 καὶ
1444 4627 1547 4696 τῆς
1590 4627 1855 4698 Προνοίας
1889 4622 2093 4689 ταύτης
2125 4616 2379 4688 μέγιστον
2443 4606 2598 4679 οἶμαι

1962 4503 2390 4594 corruptionem,
2421 4519 2554 4573 ordo
2577 4528 2707 4569 vero
2730 4508 3195 4565 conservationem
3233 4503 3459 4559 inducit.

2645 4604 2942 4675 τεκμήριον
3008 4599 3071 4653 τὸ
3124 4599 3304 4653 πάντα
3366 4594 3539 4658 σώζε-

252 4722 390 4776 σθαι
415 4740 431 4754 ⁸
460 4722 657 4789 ἀταξία
711 4723 807 4793 μὲν
832 4723 940 4793 γὰρ
997 4722 1227 4792 φθοράν,
1259 4720 1411 4785 τάξις
1448 4720 1505 4773 δὲ
1562 4719 1835 4789 σωτηρίαν
1861 4712 2173 4788 ἐργάζεται.

334 4816 399 4869 Τί
431 4816 596 4887 συλᾷς
618 4820 681 4870 ὲκ
703 4816 944 4885 Δελφῶν,
960 4815 1035 4877 ὡς
1061 4815 1121 4878 ἐξ
1144 4816 1203 4867 ού
1214 4812 1401 4886 ρανοῦ,
1432 4812 1532 4883 τὴν
1554 4811 1840 4882 πρόνοιαν;

252 4908 379 4964 ἀλλ’
411 4910 562 4979 ὅμως
592 4911 826 4963 ἐκινεῖτο
863 4908 961 4978 μὲν
991 4907 1273 4977 Παρνασὸς
1296 4907 1390 4959 καὶ
1444 4904 1588 4957 κατὰ
1617 4902 1845 4973 Περσῶν

253 5001 638 5070 ἐκραδαίνετο,
700 4999 939 5070 κορυφα)⁵
985 4997 1043 5050 δὲ
1062 4998 1111 5029 ⁸⁸
1142 4996 1284 5068 ὀρῶν
1329 4996 1453 5054 ἀντὶ
1505 4992 1676 5065 βελῶν
1728 4994 1840 5045 ἐτο-

254 5092 515 5156 ξεύοντο,
537 5093 740 5163 Πέρσαι
768 5091 825 5145 δὲ
847 5089 1075 5142 ἔπιπτον
1098 5088 1287 5157 τάφοις
1308 5090 1427 5149 ταῖς
1462 5086 1687 5155 πέτραις
1709 5100 1845 5153 χρη-

255 5185 513 5253 σάμενοι.
559 5184 879 5252 Ἐπικούρου
928 5178 987 5232 δὲ
1021 5177 1198 5232 ταῦτα
1262 5178 1440 5246 λέγειν
1493 5175 1636 5228 κατὰ
1688 5173 1782 5226 τοῦ
1800 5172 1844 5204 ⁸⁷

2021 4802 2160 4870 Quid
2183 4797 2380 4853 adimis
2403 4790 2649 4863 Delphis,
2678 4788 2820 4844 sicut
2841 4801 2871 4841 e
2895 4782 3055 4849 ctelo,
3097 4779 3492 4853 providentiam
3519 4778 3542 4832 ?

1947 4901 2327 4951 verumtamen
2355 4885 2676 4941 movebatur
2696 4878 3022 4940 Parnassus,
3055 4882 3109 4929 et
3137 4884 3324 4927 contra
3358 4885 3546 4940 persas

1945 4985 2252 5059 jaciebatur
2284 4998 2298 5034 :
2330 4976 2594 5033 montium
2621 4988 2749 5027 vero
2775 4970 3011 5024 vertices
3035 4981 3133 5035 pro
3165 4966 3286 5018 telis
3328 4976 3545 5033 torque-

1950 5053 2169 5135 bantur.
2223 5071 2482 5128 Cecidere
2527 5075 2708 5121 autem
2764 5062 2973 5125 Persaz,
3017 5058 3074 5113 in
3113 5056 3283 5128 petris
3324 5053 3541 5122 sepulti.

1954 5169 2153 5224 Verum
2200 5180 2336 5241 cum.
2364 5161 2630 5232 Epicurus
2674 5157 2789 5211 bace
2830 5153 2884 5207 in
2924 5153 3055 5207 deos
3098 5147 3280 5204 dicere
3319 5144 3540 5203 audeat,

1559 5357 1793 5413 VARIJE
1838 5352 2238 5411 LECTIONES.

339 5500 384 5531 '"
419 5516 535 5562 πως
564 5501 611 5552 Α
652 5517 666 5554 :
698 5518 828 5554 ποτε
860 5517 921 5566 ς.

259 5572 315 5602 ⁷⁸
340 5571 423 5650 μὴ
453 5572 505 5640 ῤ·
540 5570 580 5650 β
622 5588 639 5650 ξ
677 5571 810 5650 μηδὲ
840 5572 986 5650 ῥεῖ-

265 5626 493 5710 poi-nco;
542 5626 756 5710 ἑκάστῴ
786 5626 1004 5693 ἀσεϐεῖν
1037 5656 1096 5701 ς.
1173 5638 1218 5669 ⁷⁹
1348 5626 1389 5689 Ᾱ
1434 5654 1446 5689 :
1476 5626 1568 5710 333?
1602 5650 1665 5710 ςς
1740 5632 1785 5662 ⁸⁰
1825 5626 2318 5710 ’ξαρ-ταίξςξῖίῖῧθτσ

257 5692 314 5745 δ’
352 5692 511 5779 εἴπερ
546 5713 587 5762 Δ
668 5692 841 5781 είδμὲν
876 5728 934 5774 ς’.
1010 5692 1063 5742 δῖ
1088 5707 1277 5760 καινοῦ
1300 5692 1370 5769 ἲς.
1449 5706 1494 5735 ⁸⁸
1526 5692 1667 5773 φορά
1690 5719 1746 5754 τε
1770 5702 1863 5754 καὶ
1897 5700 1955 5754 Β.
2030 5696 2154 5769 δὲδὲ
2181 5692 2291 5748 oin.
2327 5692 2384 5744 Β.

996 5499 1041 5529 ⁷⁸
1074 5498 1168 5551 καὶ
1205 5512 1314 5550 om.
1346 5496 1411 5549 A.
1486 5494 1533 5526 ’³
1561 5503 1688 5547 ante
1718 5490 2019 5553 ὑπεύθυνος
2047 5484 2537 5553 excidisseoptnor
2578 5475 2809 5553 verbum.
2844 5469 2912 5526 εἴ.
2959 5469 3036 5553 ﬂ"

1061 5570 1108 5600 7°
1140 5577 1262 5620 ante
1290 5563 1514 5633 ὲκφεύξ.
1545 5578 1668 5618 cum
1701 5561 1832 5633 ABG
1866 5533 2024 5633 omisi
2052 5557 2198 5633 oux."
2250 5556 2293 5588 ⁷³³
2321 5533 2476 5633 δίκην
2505 5564 2616 5633 om;
2644 5547 2706 5633 At.
2742 5544 2919 5597 πάντα
2959 5536 3225 5633 Ξοξιξίιξτλ

2396 5601 2769 5689 damage...
2825 5629 2884 5689 ς,
2959 5601 3159 5659 nam
3191 5607 3235 5656 A
3271 5601 3445 5657 ςδιάτι
3479 5616 3539 5664 ς.

2490 5684 2538 5721 ’τ
2561 5684 2679 5755 τοῦ]
2711 5684 2805 5751 τῆς
2837 5685 2894 5733 Λ.
