3924 6434
494 322 630 387 1319

1646 321 1913 385 ΡΗΟΤΙΙ
1960 319 2467 382 PATRIARCHIE
2495 321 2605 381 CP.

3591 325 3696 392 Ἠίὶο

490 442 702 488 montes
734 444 839 485 non
875 432 1281 499 concutiuntur,
1309 448 1414 489 non
1449 431 1732 504 Hymettus
1760 429 2065 486 evibratur'l

2173 427 2297 481 θεοῦ
2352 429 2723 498 τολμήσαντος
2778 443 2878 480 ουκ
2930 424 3030 496 θρη
3076 425 3296 493 σείεται,
3349 428 3445 499 οὐχ
3473 430 3700 505 Ὑμηττὸς

494 537 599 576 non
632 520 877 589 fulmina,
914 536 1021 576 non
1052 522 1288 576 tonitrua
1315 524 1460 577 hunc
1487 537 1592 577 una
1633 538 1756 577 cum
1778 518 2071 575 Academia

489 611 772 665 hominum
814 613 986 667 oculis
1013 612 1269 681 eripiunt.
1312 613 1582 669 Callidum
1614 614 1839 667 deorum
1883 610 2073 665 inven-

494 712 603 755 tum
640 701 904 770 intelligo,
938 704 1081 757 hunc
1113 703 1307 758 vestris
1336 702 1563 771 judiciis
1604 709 1979 766 reservarunt,
2014 708 2074 754 ut

494 792 837 847 Atheniensis
861 807 1082 848 senatus
1104 795 1293 848 eadem
1317 810 1437 864 quae
1456 794 1683 863 Pythius
1711 802 1862 847 vates
1884 790 2074 859 Apollo

495 889 768 941 decernat.
800 887 855 939 Si
881 886 965 941 vel
993 887 1367 940 tantummodo
1396 887 1639 940 scribere
1663 899 1831 938 ausus
1857 884 2073 951 fuisset,

493 988 751 1045 quantum
782 979 914 1031 satis
943 985 1089 1031 esset
1124 977 1190 1030 ad
1236 976 1472 1030 tollenda
1501 974 1864 1029 Providentia:
1892 974 2069 1043 signa,

494 1068 796 1138 puniendus
825 1068 1018 1123 fuisset
1045 1077 1101 1123 ut
1129 1070 1348 1137 impius.
1376 1069 1434 1123 Si
1462 1078 1642 1124 autem
1671 1069 1722 1121 in
1751 1083 1870 1122 eam
1896 1068 2069 1137 ipsam

494 1159 892 1215 Providentiam
931 1161 1126 1228 impius
1156 1160 1257 1225 sit,
1292 1160 1448 1230 cujus
1477 1161 1765 1215 simulacra
1796 1169 1925 1215 sttnt
1954 1172 2070 1214 cm-

494 1254 624 1319 lum,
666 1263 832 1315 terra,
864 1252 1365 1321 elementorumque
1397 1261 1605 1306 natum
1637 1269 1652 1306 τ
1688 1267 1756 1305 an
1788 1264 2072 1319 parcemus

494 1354 749 1413 tanquam
784 1344 1050 1397 modicum
1078 1342 1293 1397 facinus
1320 1342 1589 1411 patrarit?
1623 1341 1767 1395 Bene
1793 1341 1939 1394 enim
1963 1348 2068 1407 est,

493 1433 686 1502 inquit,
720 1432 1022 1501 improbis;
1059 1442 1116 1485 at
1152 1447 1403 1501 quaenam
1442 1443 1620 1486 tamen
1665 1433 1838 1501 major
1866 1431 2072 1499 impro-

492 1523 659 1576 bitate
707 1521 1041 1575 infelicitas?
1087 1521 1226 1577 Male
1277 1536 1405 1576 vero
1450 1532 1531 1577 est
1576 1522 1934 1590 sapientibus.
1984 1520 2067 1574 An

491 1612 647 1666 aliam
677 1611 992 1667 felicitatem
1022 1623 1182 1681 putas
1227 1613 1427 1667 virtute
1467 1612 1791 1667 meliorem?
1820 1612 1925 1678 ita;
1960 1626 2067 1666 non

489 1717 592 1756 una
637 1711 723 1757 est
766 1702 1028 1772 cujusque
1078 1702 1314 1757 hominis
1357 1705 1480 1758 vita:
1525 1704 1666 1757 ratio
1709 1718 1742 1757 a
1782 1711 1972 1755 natura
2013 1708 2068 1755 et

487 1794 797 1863 voluntate,
842 1796 937 1850 sed
975 1796 1290 1850 dividuntur
1324 1797 1541 1865 quidem
1577 1796 1853 1849 hominum
1891 1795 2068 1847 intcn-
2098 1773 2144 1831 δ

490 1890 704 1942 tiones:
729 1886 977 1941 tribuunt
996 1900 1123 1941 vero
1146 1887 1437 1956 unicuique
1462 1886 1739 1955 proprium
1757 1884 1857 1939 sibi
1884 1884 2065 1939 liuent.

486 1980 675 2035 Nullus
701 1979 989 2048 imperium
1021 1979 1262 2034 omnium
1294 1979 1466 2032 ambit
1489 1978 1729 2047 sapiens,
1762 1976 1917 2046 cujus
1943 1991 2070 2045 pos-

485 2090 732 2131 sessores
770 2074 989 2145 plurimi
1039 2076 1226 2129 beatos
1274 2072 1591 2142 praedicant,
1636 2087 1755 2136 nec,
1805 2072 1849 2124 si
1888 2071 2069 2125 minus

486 2173 886 2235 consequatur,
936 2156 1191 2218 damnum
1243 2172 1419 2231 putat.
1472 2160 1615 2226 Quid
1663 2174 1796 2229 ergo
1834 2167 2065 2228 spectat.

485 2258 616 2325 quid
647 2256 884 2310 intendit
908 2293 923 2318 ,
955 2268 1057 2308 cur
1084 2252 1317 2314 laborat,
1351 2267 1451 2305 cur
1480 2261 1641 2305 noctu
1668 2250 1875 2319 vigilat,
1900 2259 1957 2302 et
1990 2250 2070 2302 in-

494 2347 670 2401 terdiu
723 2343 939 2398 studet?
1007 2342 1074 2398 Ut
1134 2344 1393 2396 virtutem
1468 2350 1857 2407 consequatur.
1915 2341 2070 2394 Hanc

486 2446 756 2509 quomodo
803 2436 1110 2490 obtinebit?
1161 2444 1216 2487 et
1269 2449 1377 2501 qua
1414 2435 1625 2487 ratione
1675 2432 1874 2487 divina!
1924 2433 2068 2487 illius

485 2531 681 2601 prada
695 2543 917 2598 compos
936 2526 1067 2597 fiet)
1092 2526 1301 2596 Opibus
1320 2536 1376 2580 et
1398 2524 1604 2580 divitiis
1630 2540 1736 2580 non
1764 2525 2069 2594 acquiritur

482 2624 695 2691 virtus,
735 2637 912 2692 neque
942 2621 1186 2687 corporis
1224 2619 1439 2675 robore.
1485 2618 1714 2674 Omnem
1746 2619 1893 2673 enim
1921 2617 2069 2673 olea-

484 2717 698 2786 gineam
744 2728 1000 2768 coronam
1031 2713 1270 2769 excedit.
1304 2711 1521 2766 Virtute
1566 2711 1797 2767 bellica?
1830 2711 1895 2765 Et
1921 2726 2070 2780 qua:-

486 2830 609 2868 nam
658 2823 858 2883 tropaaa
907 2812 1157 2866 cbariora
1218 2826 1378 2883 quam
1432 2811 1501 2865 de
1543 2810 1675 2865 vitio
1718 2810 2068 2864 statuuntur?

485 2905 602 2961 Non
640 2903 805 2971 igitur
847 2902 1076 2971 sapienti
1115 2903 1336 2971 pauperi
1379 2911 1755 2970 paupertatem
1802 2899 2062 2969 objicias:

486 3015 593 3054 non
626 2997 772 3051 enim
803 3005 1013 3065 spectat
1044 2996 1281 3051 divitias.
1334 2992 1531 3067 357b
1564 2993 1748 3063 Neque
1780 2992 2067 3064 mgrotauli

486 3088 911 3145 invaletudiuem
974 3086 1308 3156 exprobres,
1371 3088 1635 3155 siquidem
1698 3084 1891 3141 melior
1937 3099 2134 3173 parsc

486 3183 631 3239 illius
662 3181 807 3236 salva
839 3180 939 3246 sit,
976 3194 1149 3249 neque
1206 3178 1547 3249 improbres,
1583 3179 1627 3231 si
1664 3192 1690 3231 a
1725 3178 1927 3231 civitati
1964 3177 2066 3231 im-

485 3274 806 3343 perantibus
842 3273 1107 3334 vincatur,
1143 3269 1581 3340 quandoquidem
1617 3269 1781 3322 etiam
1820 3267 2066 3323 fortiori-

484 3366 587 3420 bus
615 3362 864 3430 superior
892 3371 993 3415 est.
1032 3359 1267 3414 Tantum
1293 3362 1440 3412 enim
1472 3361 1624 3413 abest
1651 3369 1710 3412 ut
1735 3357 1822 3411 vir
1850 3359 2067 3428 sapiens

487 3456 682 3510 borum
718 3451 1117 3522 possessionem
1166 3458 1426 3513 sectetur,
1458 3448 1541 3502 vel
1578 3463 1637 3503 se
1672 3448 1943 3503 infelicem
1966 3489 1980 3512 ,
2019 3449 2063 3502 si

485 3556 700 3611 careat,
743 3544 1040 3606 existimet,
1073 3552 1131 3594 ttt
1168 3540 1332 3597 etiam
1376 3540 1564 3610 aliqui,
1610 3541 1843 3595 maxime
1874 3555 2064 3594 eorum

482 3637 580 3709 qui
628 3636 897 3705 sapientia
942 3643 997 3688 et
1042 3632 1245 3687 virtute
1285 3635 1617 3695 claruerunt,
1665 3632 1733 3685 iis
1776 3645 1835 3684 se
1873 3640 2066 3698 sponte

486 3729 775 3798 privarim,
799 3741 904 3795 quo
931 3725 1088 3779 liberi
1121 3727 1187 3780 ab
1217 3724 1365 3779 omni
1400 3734 1627 3778 externo
1654 3724 2065 3791 impedimento,

486 3820 810 3876 immortalis
857 3817 1076 3873 virtutis
1122 3818 1341 3872 divitias
1399 3828 1663 3871 emerent.
1715 3817 2065 3885 Anaxagoras

482 3916 665 3971 omnia
699 3913 888 3985 patriae
920 3925 1118 3982 pascua
1144 3911 1376 3974 dimisit,
1420 3913 1594 3981 reipsa
1620 3910 1901 3964 declarans
1926 3924 2068 3977 qum-

483 4022 610 4061 ttam
656 4004 984 4075 agricultura
1018 4001 1355 4069 sapientibus
1391 4002 1683 4056 conveniat
1724 4001 1859 4072 (56).
1913 3999 2066 4055 Ultro

484 4098 822 4154 Democritus
861 4097 1106 4152 :norbum
1136 4094 1399 4163 concivitf,
1446 4104 1503 4148 ut
1542 4110 1669 4164 pars
1702 4095 1892 4150 melior
1932 4109 2062 4150 sana

482 4199 647 4246 85501.

554 4282 692 4352 Quid
733 4296 861 4354 ergo
901 4278 1299 4335 Providentiam
1353 4278 1594 4342 incusas,
1649 4288 1908 4348 tanquam
1956 4294 2061 4332 non

481 4385 629 4432 recte
677 4375 804 4444 quid
875 4373 945 4427 sit
1006 4372 1208 4440 justum
1269 4370 1719 4424 distribuentem?
1795 4370 1851 4425 Si
1917 4372 2061 4425 enim

2179 518 2658 588 συγκραδαίνεται,
2687 518 2750 572 οῦ
2808 516 3129 589 πρηστῆρες
3159 518 3279 571 οὐδὲ
3321 524 3542 591 σκηπτοὶ
3591 529 3700 601 αὐτῇ

2174 609 2363 664 τοῦτον
2403 609 2707 680 Ἀκαδημίᾳ
2734 606 3178 678 συναφανίζουσι.
3218 610 3443 681 Συνίημι
3474 614 3532 667 τὸ
3567 633 3705 688 στρα.

2172 702 2400 771 τήγημα
2422 701 2532 754 τῶν
2560 700 2698 754 θεῶν
2717 716 2731 731 ⁸
2769 699 3067 770 ὑμετέραις
3103 698 3301 770 ψήφοις
3324 702 3505 755 τοῦτον
3544 707 3707 778 ἐτήρη.

2176 807 2295 856 σαν,
2329 793 2417 846 ἵνα
2447 792 2691 845 Ἀττικὸν
2718 791 3073 860 δικαστήριον
3115 790 3205 843 ῐσα
3246 791 3426 861 Πυθίῳ
3456 792 3707 869 βουλεύση-

2172 899 2284 938 ται.
2320 884 2383 936 Εί
2410 882 2510 953 μὲν
2534 878 2629 936 οὖν
2667 880 2882 952 γράψαι
2924 879 3181 933 τοσοῦτον
3235 883 3394 951 μόνον
3445 885 3707 955 ἐτόλμησεν

2170 974 2295 1027 ὅσον
2322 974 2610 1044 καθαιρεῖν
2628 972 2699 1027 τὰ
2728 972 2831 1041 τῆς
2870 973 3127 1043 προνοίας
3158 972 3467 1043 ἀγάλματα,
3519 975 3615 1030 ἔδει
3643 979 3706 1032 δι.

2170 1066 2318 1119 δόναι
2342 1067 2498 1137 δίκην
2519 1066 2595 1131 ὡς
2615 1066 2968 1132 ἀσεϐήσαντα
2997 1080 3012 1097 ο
3045 1068 3093 1118 εί
3126 1065 3184 1118 δὲ
3212 1069 3291 1130 είς
3336 1068 3505 1139 αὐτὴν
3528 1071 3707 1143 ὶκείνην

2172 1158 2378 1223 ἀσεσεί,
2408 1153 2477 1230 ἦς
2536 1158 2767 1228 οὐρανὸς
2816 1158 2913 1210 καὶ
2964 1158 3033 1226 γῆ
3084 1158 3177 1212 καὶ
3225 1160 3502 1228 στοιχείων
3553 1163 3708 1230 φύσεις

2171 1248 2486 1318 ἀγάλματα,
2521 1249 2599 1312 ὡς
2630 1250 2850 1319 μέτριόν
2882 1266 2934 1301 τι
2957 1248 3151 1318 δρᾶσαι
3174 1249 3541 1319 διανοηθέντος
3559 1256 3706 1321 φεισό-

2175 1340 2346 1409 μεθα;
2376 1339 2677 1408 Εὑτυχοῦσι
2699 1341 2830 1411 γὰρ,
2860 1339 3043 1409 φησίν,
3078 1341 3124 1392 οί
3150 1330 3329 1394 κακοί.
3359 1343 3469 1395 Καὶ
3489 1344 3533 1375 ⁸⁸
3566 1344 3613 1396 τί
3634 1362 3706 1399 κα-

2172 1431 2299 1494 κίας
2333 1430 2515 1499 μεῖζον
2567 1431 2920 1499 δυστύχημα;
2957 1430 3280 1499 δυστυχοῦσι
3333 1433 3443 1502 γὰρ
3488 1436 3536 1487 οί
3567 1438 3704 1505 σοφοί.

2172 1521 2337 1594 [1088
2360 1521 2453 1593 R.]
2505 1517 2637 1577 Εἶτα
2696 1522 2951 1591 εὐτυχίαν
3011 1522 3180 1592 ἀλλην
3230 1524 3435 1595 ἀρετῆς
3484 1528 3580 1597 ἡγῇ
3615 1529 3705 1599 pg}.

2170 1614 2318 1666 τίονα
2334 1614 2411 1681 ⁶⁹;
2445 1615 2557 1683 Ούχ
2586 1607 2663 1677 εἷς
2690 1614 2801 1684 βίος
2820 1612 3107 1683 ἀνθρώπου
3134 1617 3360 1686 γνώμης
3392 1618 3612 1689 ὑπάρχει
3632 1622 3706 1675 καί

2172 1707 2409 1775 φύσεως,
2446 1706 2581 1759 ἀλλὰ
2627 1706 2905 1775 σχίζονται
2929 1706 3026 1776 μὲν
3057 1709 3108 1760 oi
3160 1708 3271 1762 τῶν
3322 1709 3574 1778 βιούντων
3608 1729 3704 1765 σκο-

2173 1796 2286 1857 ποὶ,
2316 1796 2745 1867 συμμερίζονται
2773 1796 2830 1849 δὲ
2861 1797 3033 1868 πέρας
3062 1798 3280 1867 ἑκάστῳ
3326 1799 3390 1851 τὸ
3418 1801 3701 1872 πρόσφορον.

2170 1887 2283 1939 Οὐκ
2317 1888 2416 1956 ἐρᾷ
2448 1887 2610 1955 σοφὸς
2633 1888 2735 1958 τὴν
2757 1887 2931 1958 ἀρχὴν
2972 1888 3185 1951 οὐδενὸς
3201 1880 3323 1942 ’τῶν
3369 1889 3596 1955 πάντων,
3640 1893 3703 1962 ἐφ’

2170 1970 2250 2038 οἷς
2272 1979 2321 2029 οί
2359 1977 2603 2031 πλείστοι
2639 1980 2767 2042 τοὺς
2813 1982 3187 2051 κεκτημένους
3237 1979 3701 2049 εὐδαιμονίζουσιν·

2170 2068 2366 2122 οὔκουν
2384 2070 2505 2123 οὐδὲ
2542 2070 2747 2140 ζημίαν
2775 2072 2835 2125 τὸ
2867 2073 2943 2144 μὴ
2967 2073 3257 2143 τυγχάνειν
3288 2071 3412 2143 [581
3450 2072 3537 2145 IL]
3582 2075 3702 2129 ὑπεί-

2169 2161 2329 2230 ληφε.
2361 2163 2426 2215 Τί
2450 2158 2542 2216 οὖν
2561 2164 2755 2234 ἐκείνῳ
2776 2164 2951 2230 τέλος,
2976 2166 3072 2219 καὶ
3101 2166 3240 2237 πρὸς
3291 2166 3346 2217 τί
3400 2164 3597 2235 βλέπων
3635 2168 3702 2221 καί

2174 2253 2367 2316 πόνους
2393 2256 2547 2307 πονεῖ
2575 2255 2670 2307 καὶ
2686 2255 3188 2329 νύκτωράγρυπνεῐ
3212 2256 3311 2311 καὶ
3332 2256 3451 2327 μεθ’
3478 2260 3701 2329 ἡμέρανκ

2172 2344 2544 2413 ὲσπούδακεν;
2584 2347 2811 2418 Ἀρετῆς
2838 2350 3050 2419 κτῆσις,
3078 2343 3124 2403 ὧ
3146 2350 3264 2404 τάν.
3299 2350 3519 2418 Ταύτην
3543 2351 3595 2404 δὲ
3617 2352 3702 2415 erit;

2172 2438 2337 2505 αίρεί,
2374 2439 2486 2493 κάκ
2539 2438 2682 2502 τίνος
2713 2440 2920 2511 τρόπου
2965 2442 3067 2512 τῆς
3112 2442 3263 2506 θείας
3321 2443 3535 2511 ἐκείνης
3570 2443 3702 2513 θήρας

2172 2529 2451 2600 ἐγκρατὴς
2476 2530 2718 2598 γίνεται;
2760 2532 2975 2604 πλούτῳ
3003 2536 3098 2588 καὶ
3127 2535 3231 2606 χρή
3243 2551 3415 2604 μασιν
3466 2536 3561 2588 οὐκ
3593 2534 3702 2588 ἐστιν

2172 2623 2369 2693 αίρετή
2394 2624 2461 2678 ⁸⁸.
2502 2622 2687 2696 Ῥώμῃ
2709 2627 2803 2679 τοῦ
2833 2628 2880 2663 ⁸⁸
2923 2626 3174 2697 σώματος
3193 2629 3276 2694 ⁹³;
3336 2628 3508 2697 ’Υπὲρ
3536 2628 3701 2681 ἅπαντα

2171 2712 2433 2766 κθεινονό
2460 2714 2665 2784 ταύτης
2705 2717 2990 2783 στέφανος.
3043 2716 3283 2785 Δυνάμει
3318 2719 3390 2789 τῇ
3422 2716 3557 2770 κατά
3587 2716 3702 2768 τὸν“

2169 2804 2436 2873 πόλεμον;
2477 2804 2587 2857 Καὶ
2618 2804 2741 2859 τίνα
2771 2806 3008 2877 τρόπαια
3029 2809 3138 2860 τῶν
3177 2809 3286 2860 ἀπὸ
3300 2808 3352 2841 ⁸⁵
3387 2808 3571 2870 κακίας
3616 2807 3703 2876 μείο

2169 2896 2332 2963 ζονα;
2363 2896 2489 2966 μήτ’
2532 2895 2631 2950 οὖν
2672 2898 2954 2969 πενομένῳ
2981 2900 3059 2969 τῷ
3094 2899 3241 2971 σοφῷ
3267 2900 3470 2954 πενίαν
3511 2899 3703 2971 πρόφερε

2170 2986 2253 3059 (ού
2274 2990 2382 3059 γὰρ
2416 2984 2484 3059 ἦν
2507 2990 2710 3053 σκοπὸς
2734 2991 2803 3045 τά
2846 2993 3146 3062 χρήματα),
3174 2994 3315 3063 μήτε
3364 2992 3594 3047 νοσοῦντι
3631 2992 3704 3061 τὴν

2168 3082 2481 3152 ἀρρωστίαν
2546 3080 2795 3151 ὀνείδιζε,
2854 3084 3013 3157 εἴπερ
3048 3086 3277 3153 ὑγιαίνει
3334 3086 3406 3139 τά
3448 3085 3701 3155 κρείττονα,

2172 3176 2309 3243 μήτε
2326 3173 2371 3205 ⁸⁸
2397 3175 2698 3246 ἡττωμένῳ
2739 3175 2849 3229 τῶν
2908 3177 3355 3232 δυναστεύοντων
3401 3177 3460 3230 ἐν
3511 3176 3702 3237 πόλεσιν.

2167 3266 2325 3337 εἴπερ
2355 3270 2550 3335 κρατεῖ
2571 3270 2685 3331 τοῖς
2719 3268 2988 3338 ἀμείνοσι.
3022 3269 3289 3323 Τοσοῦτον
3308 3271 3357 3304 ⁸⁷
3398 3269 3506 3339 γὰρ
3540 3267 3600 3321 ἂν
3622 3265 3703 3321 δίοι

2167 3359 2457 3422 σπουδαῖος
2476 3360 2617 3430 ἀνὴρ
2654 3361 3014 3431 μεταδιώκειν
3032 3364 3132 3433 τὴν
3163 3361 3275 3416 τῶν
3326 3361 3577 3417 τοιούτων
3602 3358 3702 3426 κτῆο

2169 3468 2253 3503 σιν
2278 3450 2309 3521 ἢ
2342 3450 2627 3521 δυστυχεῖν
2653 3452 3057 3521 ύπολαμδάνειν
3070 3453 3149 3524 τῷ
3168 3453 3214 3487 ⁸⁸
3244 3452 3552 3522 στέρεσθαι,
3594 3448 3701 3503 ὥστε

2166 3539 2266 3609 ἢδη
2286 3539 2431 3602 τινὲς
2458 3541 2552 3593 καὶ
2583 3540 2726 3611 μάλα
2758 3542 2867 3595 τῶν
2921 3543 3241 3611 ὀνομαστῶν
3295 3544 3397 3597 ἐπὶ
3451 3544 3600 3613 σοφίᾳ
3633 3540 3703 3593 καὶ

2166 3631 2336 3701 ἀρετῇ
2372 3629 2469 3703 [οἳ]
2503 3633 2708 3687 τούτων
2763 3634 2983 3699 ἑκόντες
3036 3636 3381 3708 ἀπέστησαν,
3437 3638 3521 3690 ἵνα
3564 3634 3703 3697 πάσης

2164 3721 2392 3785 ἑαυτοὺς
2423 3723 2525 3793 τῆς
2570 3722 2771 3791 ἔξωθεν
2830 3726 3085 3796 ἀσχολίας
3141 3727 3599 3798 ἐλευθερώσαντες
3637 3730 3705 3781 τὶν

2165 3813 2434 3867 ἀθάνατον
2466 3815 2565 3884 τῆς
2587 3816 2790 3887 ἀρετῆς
2826 3817 3055 3870 πλοῦτον
3100 3818 3465 3883 ἀλλάξωνται.
3526 3820 3705 3887 ’Δναξιι-

2165 3907 2335 3977 γόρας
2364 3908 2467 3977 γῆν
2498 3907 2667 3977 ἀνῆκε
2693 3909 2796 3979 τὴν
2819 3908 3014 3962 ἑαυτοῦ
3039 3910 3221 3965 πᾶσαν
3257 3911 3571 3981 μηλόϐοτον,
3590 3912 3703 3980 ἔργῳ

2164 3999 2471 4071 νομοθετῶν
2484 4002 2567 4065 τίς
2580 4004 2823 4073 γεωργία
2832 4006 2947 4067 τοῖς
2969 4005 3296 4075 σοφωτέροις
3314 4005 3386 4074 ἀρ
3394 4006 3640 4074 μάττουσα
3652 4005 3703 4064 ⁸⁸.

2179 4091 2354 4147 Ἐκὼν
2381 4091 2440 4146 at
2467 4095 2639 4147 ἐνόσει
2670 4095 2732 4147 τὸ
2751 4096 2768 4128 ⁸
2806 4095 2964 4166 σῶμα
2992 4080 3361 4168 Ἁημόκριτος,
3394 4098 3481 4150 ἵνα
3524 4096 3701 4167 ὑγιαίνῃ

2166 4183 2238 4235 τά
2265 4182 2569 4253 κρείττονα.

2235 4275 2302 4328 Τί
2335 4275 2430 4330 οῦν
2461 4275 2709 4346 ἐγκαλεῖς
2757 4280 2992 4351 Προνοίᾳ
3023 4281 3100 4345 ὡς
3134 4282 3209 4352 μὴ
3270 4282 3565 4355 μεριξούσῃ
3609 4278 3702 4333 κατ’

2165 4368 2324 4433 ἀξίαν
2356 4370 2417 4423 τὸ
2446 4370 2682 4436 δίκαιον;
2713 4372 2776 4425 El
2803 4372 2910 4443 γὰρ
2940 4374 3035 4427 καὶ
3075 4376 3376 4444 περιόντων
3432 4373 3701 4445 ὑπερορῶσι

480 4466 661 4521 omnia
714 4473 937 4519 externa
1011 4462 1150 4515 bona
1212 4460 1553 4529 despiciunt,
1626 4462 1895 4529 quomodo
1949 4476 2058 4516 non

2168 4459 2273 4511 τῶν
2300 4459 2459 4523 ὲκτὺς
2488 4461 2766 4527 ἁπάντων,
2798 4463 2918 4525 πῶς
2957 4464 2991 4534 ἦ
3016 4464 3273 4535 ἄχθονται
3324 4468 3403 4537 μὴ
3437 4466 3700 4527 παρόντων.

480 4561 739 4615 habentes
779 4556 1004 4611 moleste
1065 4552 1274 4616 ferant,
1343 4549 1426 4605 vel
1473 4560 1531 4604 ut
1568 4559 1925 4619 assequuntur
1974 4552 2056 4606 la-

480 4648 674 4703 borent
693 4647 716 4700 ?
737 4646 868 4713 Quis
892 4645 1036 4700 enim
1067 4644 1218 4698 dives
1242 4658 1343 4698 non
1365 4641 1644 4698 existimet
1665 4658 1797 4711 opes
1822 4647 2057 4697 maximo

478 4737 863 4807 impedimento
884 4736 1041 4792 esse?
1072 4734 1382 4789 Divinarum
1404 4745 1584 4790 autem
1616 4744 1670 4790 et
1696 4735 2054 4790 humanarum

480 4844 662 4885 rerum
703 4830 956 4898 cognitio,
1002 4839 1059 4883 et
1102 4829 1222 4884 talis
1249 4843 1314 4884 ac
1355 4837 1515 4883 tanta:
1538 4828 1818 4898 sapientiae
1850 4828 2058 4898 magni-

484 4922 632 4984 tudo,
680 4921 846 4974 tibine
866 4921 1110 4975 videatur
1135 4936 1592 4990 supervacaneum
1625 4921 1754 4991 quid
1785 4930 2051 4974 mereatu-

481 5030 593 5069 ram
626 5012 863 5077 facienti,
890 5022 945 5066 et
978 5014 1245 5067 sarcinam
1307 5014 1535 5068 sollicite
1572 5012 1802 5082 gerenti,
1832 5022 1887 5065 et
1912 5027 2054 5067 onus

476 5108 549 5171 ci,
577 5103 667 5173 qui
701 5103 932 5157 honores
966 5116 1028 5157 ac
1062 5103 1410 5171 magistratus
1432 5102 1485 5157 in
1514 5103 1737 5157 civitate
1771 5100 2053 5155 sectatur?

2160 4553 2194 4623 ἦ
2219 4554 2368 4620 ὅπως
2401 4555 2625 4629 ὑπάρχῃ
2667 4558 3057 4625 σπουδάζουσι;
3095 4560 3192 4623 Τίς
3222 4560 3333 4631 γὰρ
3371 4560 3603 4614 πλουτῶν
3626 4560 3702 4609 οὐκ

2160 4646 2417 4714 ἀσχολίαν
2443 4648 2568 4716 ἄγει
2599 4649 2864 4720 μεγίστην
2891 4650 3030 4705 αὐτὰ
3054 4651 3120 4705 τά
3141 4654 3436 4723 χρήματα;
3466 4652 3616 4705 θείων
3660 4648 3700 4699 δὲ

2160 4739 2360 4805 γνῶσις
2385 4741 2479 4793 καὶ
2500 4740 2860 4811 ἀνθρωπίνων
2895 4744 3257 4814 πραγμάτων,
3318 4745 3417 4797 καί⁵
3467 4739 3701 4809 τοσαύτης

2160 4829 2252 4881 καὶ
2276 4829 2611 4901 τηλικαύτης
2644 4832 2841 4901 σοφίας
2875 4833 3124 4903 μέγεθος,
3161 4831 3268 4903 ἆρά
3298 4852 3383 4887 σοι
3419 4834 3561 4887 δοκεί
3587 4832 3699 4896 πάρο

2159 4938 2319 4991 εργον
2351 4924 2372 4955 ³
2404 4925 2504 4992 μὲν
2555 4920 2697 4977 εἶναι
2726 4926 2819 4977 τοῦ
2849 4925 3246 4996 χρηματιστοῦ,
3270 4924 3364 4978 τοῦ
3410 4925 3469 4978 δὲ
3521 4937 3699 4993 ιιιιιρεγ)⁴

2158 5013 2386 5081 γοῦντος
2415 5014 2691 5083 ἐφόλκιον,
2721 5016 2817 5068 τοῦ
2851 5017 2909 5070 δὲ
2936 5018 3033 5080 τάς
3064 5019 3123 5070 ὲν
3172 5017 3321 5071 πόλει
3378 5017 3543 5087 τιμάς
3600 5013 3697 5068 διώ·

2160 5121 2346 5168 κοντος
2372 5106 2828 5178 ἔπακολούθημα;
2862 5108 2953 5179 Μὴ
2983 5109 3160 5163 τοίνυν
3200 5110 3588 5179 κακοδαίμονας
3615 5104 3692 5157 κά-

1770 5260 2011 5321 VARLE
2056 5262 2473 5321 LECTIONES.

458 5373 468 5387 '
550 5375 595 5405 ⁸⁸
625 5374 720 5427 καὶ
755 5390 865 5429 om.
894 5376 960 5429 Α.
1035 5377 1080 5409 ⁸⁸
1114 5375 1358 5446 βελτίονα
1392 5377 1438 5430 Α
1473 5399 1486 5431 :
1519 5376 1753 5460 βελτίω;
1797 5378 1887 5431 ναί
1914 5397 1974 5444 ς.
2048 5378 2095 5411 ³⁸
2125 5379 2338 5448 ἡμέρας
2363 5397 2423 5444 ς.
2500 5381 2545 5414 ⁹¹
2580 5379 2796 5453 αἱρετή]
2831 5381 2868 5436 ἀ
2907 5382 3003 5447 ετή
3035 5380 3144 5436 AC.

476 5457 585 5498 om.
626 5443 685 5499 Β.
782 5445 826 5477 ’³
855 5455 973 5506 post
998 5444 1249 5506 σώματος
1280 5463 1398 5501 cum
1444 5447 1487 5499 Δ
1515 5464 1670 5502 υιηιει
1704 5450 1918 5506 αἱρετή.
1958 5448 2170 5502 delcbat
2204 5452 2364 5502 etiaut
2419 5449 2693 5506 Leicltius.
2732 5468 2784 5506 ι).
2818 5398 2981 5506 xiv.
3057 5453 3099 5483 "
3133 5470 3144 5486 θ

855 5455 973 5511 post
998 5447 1249 5515 σώματος
1280 5463 1398 5501 cum
1444 5447 1487 5499 Δ
1515 5449 1670 5502 omisi
1704 5450 1918 5521 αἱρετή,
1958 5447 2173 5502 dolebat
2204 5447 2364 5502 etiam
2419 5447 2693 5511 Leicltius.
2732 5447 2796 5521 p'.'
2818 5447 2981 5508 XXV.

855 5515 967 5575 ιήτε
1016 5516 1093 5575 τῷ
1124 5519 1242 5575 ὴττ.
1277 5534 1335 5575 ς.
1414 5521 1458 5552 ’⁷
1487 5517 1709 5570 τοσοῦτο
1743 5536 1803 5575 ς.
1879 5520 1925 5551 ⁵⁸
1956 5518 2034 5575 τῷ
2070 5519 2148 5571 B:
2180 5519 2240 5571 τὸ
2266 5536 2325 5575 ς’.
2430 5522 2476 5552 ⁹⁹
2510 5521 2828 5575 ἁρμόζουσα
2852 5520 2912 5575 Β.

478 5536 582 5595 υπρ
608 5536 672 5567 Λ.
747 5536 793 5547 ’ν
829 5536 967 5583 μητε
1014 5536 1093 5594 τῳ
1124 5536 1242 5586 ηττ.
1277 5536 1335 5597 ςἶ
1415 5536 1454 5552 ν’
1487 5536 1709 5570 τοσουτο
1743 5536 1803 5581 ς.
1880 5536 1925 5551 ὐ
1956 5536 2034 5588 τῳ
2071 5536 2148 5571 D:
2180 5536 2240 5571 το
2266 5536 2325 5584 ς’.
2431 5536 2475 5552 "
2510 5536 2581 5589 αρ
2628 5536 2828 5584 οςουσα
2852 5536 2912 5575 υ.
2990 5536 3007 5560 ι
3035 5536 3095 5573 το
3126 5536 3158 5577 ll

476 5582 721 5655 γουντος]
751 5599 1167 5653 περιεργουντος
1196 5587 1457 5658 Scaliger,
1494 5587 1923 5658 πανουργοῦντος
1952 5586 2222 5652 Reiskius,
2259 5604 2363 5644 non
2396 5592 2549 5661 pejus
2577 5539 2739 5646 ﬁxerit
2766 5590 3158 5661 γεωργοῦντος.

476 5457 585 5498 οιη.
626 5443 685 5499 Β.
782 5445 826 5477 ’³
855 5455 973 5511 post
998 5443 1249 5515 σώματος
1280 5463 1398 5501 cum
1444 5447 1487 5499 Δ
1515 5443 1670 5502 omisi
1704 5443 1803 5521 αίρ

477 5513 582 5586 ὑπο
608 5517 672 5567 Α.
700 5582 718 5586 _
746 5516 793 5547 ⁸⁸
829 5515 967 5583 μήτε
1016 5516 1093 5586 τῷ
1124 5519 1242 5586 ὴττ.
1277 5534 1335 5580 ς.
1414 5521 1458 5552 ’⁷
1487 5517 1709 5570 τοσοῦτο
1743 5536 1803 5581 ς.

3245 5381 3288 5411 ’⁸
3316 5377 3412 5432 τοῦ
3441 5379 3503 5441 Δ,
3545 5391 3597 5428 τε
3623 5390 3688 5441 ςξ

3057 5453 3099 5483 ’⁸
3133 5451 3221 5503 τὸν
3251 5466 3360 5505 om.
3400 5448 3457 5501 Β.
3527 5449 3568 5479 ’⁸
3587 5440 3690 5511 ἀπδί

2628 5517 2828 5584 όζουσα
2852 5520 2912 5575 Β.
2990 5530 3007 5560 ι
3035 5522 3095 5573 τὸ
3126 5521 3246 5577 libri
3283 5536 3391 5574 out.
3467 5517 3487 5548 ’
3519 5528 3689 5585 παρερο

1992 5697 2224 5753 NOTAE.

558 5782 661 5853 (3(3)
702 5784 847 5855 Orig.
885 5785 975 5838 lib.
1019 5802 1054 5838 ll
1101 5788 1296 5842 Contra
1341 5788 1582 5857 Celsum;
1630 5789 1871 5846 Lactant.
1904 5790 1997 5844 lib.
2030 5791 2063 5844 3
2100 5791 2177 5846 De
2209 5790 2346 5860 falsa
2371 5809 2485 5862 sap.
2522 5810 2638 5866 cap.
2666 5795 2737 5851 23
2767 5814 2781 5868 ;
2817 5797 2958 5853 Plul.
2992 5798 3043 5852 in
3082 5795 3197 5851 Vita
3235 5794 3475 5851 Paridis.
