3924 6484
260 412 391 477 i321

1337 405 1858 468 BlBLIOTI-IECA.
1896 429 1963 441 ·-
1999 405 2165 509 (ἶρῡ.
2204 405 2510 468 CCXLIlI.

3386 406 3523 473 1322

246 525 329 577 λει
362 521 488 584 τούς
518 518 616 591 τὴν
643 516 903 590 μεγίστην
931 516 1279 588 εὐδαιμονίαν
1305 511 1827 588 εὐδαιμονήσαντας,
1862 530 1876 576 Α

1960 512 2054 571 lon
2075 529 2204 586 ergo
2221 530 2315 571 eos
2334 515 2576 571 infelices
2595 515 2884 586 appellato,
2906 518 2996 588 qui
3015 518 3256 574 omnium
3273 530 3397 574 sunt
3412 520 3524 575 fcli-

253 612 388 684 μηδέ
409 610 696 679 δυστυχεῖς
744 607 872 672 τοὺς
923 605 1309 678 ὁμοιουμένους
1364 607 1478 669 τοῖς
1526 605 1825 676 κρείττοσι,

254 704 389 776 μηδὲ
423 702 686 771 πένητας,
712 693 786 753 ὧν
829 699 1105 772 θησαυρὸς
1153 697 1418 761 ἀθάνατος
1441 698 1483 764 ³,
1543 697 1681 767 μηδέ
1713 694 1831 749 ἀτί-

253 809 410 864 μους,
439 789 532 854 οὑς
571 792 662 843 ἴσα
695 789 838 851 θεοῖς
859 786 1238 858 θαυμάζομεν.
1269 786 1464 839 Πολλοὶ
1489 785 1598 856 γὰρ
1634 783 1834 838 πολλά·

251 899 338 946 κις
365 880 524 934 κακοὶ
552 881 649 952 μὲν
678 877 905 948 γνώμην
955 877 1337 947 τυγχάνουσιν,
1367 877 1718 931 ἐπαινοῦνται
1775 877 1832 930 δέ

253 969 512 1034 πολλάκις
542 971 674 1041 παρ’
707 969 890 1033 ἐνίων,
921 968 1022 1038 τῆς
1049 967 1238 1038 χρείας
1270 967 1532 1036 ποιούσης
1567 967 1688 1021 ἀντὶ
1735 967 1834 1036 τῆς

253 1062 512 1134 ἀληθείας
537 1063 630 1115 τὸν
659 1060 905 1117 ἔπαινον.

327 1153 526 1208 Καίτοι
559 1169 623 1221 γε
657 1152 832 1224 ἡδέως
875 1151 941 1205 ἂν
977 1151 1210 1222 ἐροίμην
1237 1151 1362 1214 τούς
1397 1151 1683 1217 ὀνειδίζειν
1725 1152 1838 1216 τοῖς

257 1245 440 1314 σοφοῖς
503 1242 601 1314 τὴν
677 1242 971 1312 δυστυχίαν
1018 1241 1324 1307 ἐθέλοντας,
1383 1243 1612 1314 πότερον
1696 1237 1839 1312 ἦσαν

254 1335 488 1390 τοιοῦτοι
533 1336 665 1407 πρὶν
699 1335 961 1402 γενέσθαι
1018 1333 1260 1405 σοφοὶ,ἢ
1311 1334 1450 1404 μετά
1511 1333 1683 1390 ταῦτα
1731 1332 1840 1386 τῶν

256 1428 565 1498 λεγομένων
611 1427 1013 1498 εὐτυχημάτων
1072 1425 1419 1497 ἀφῄρηνταις
1471 1424 1536 1479 Εί
1581 1426 1678 1496 μέν
1703 1426 1833 1497 πρό·
1899 1458 1902 1462 ι

255 1537 438 1592 τερον,
493 1521 552 1574 οὐ
605 1520 706 1588 τῆς
737 1519 944 1591 ἀρετῆς
1001 1519 1064 1571 τὸ
1103 1517 1397 1588 ἔγκλημα·
1450 1518 1499 1570 εἰ
1547 1516 1605 1569 δὲ
1655 1515 1716 1580 ἐξ
1781 1507 1842 1569 οὗ

258 1615 466 1686 ταύτην
533 1613 846 1682 εἰλήφασιν,
904 1612 1004 1681 οὐχ
1061 1605 1137 1664 ὧν
1169 1610 1401 1664 ἐπόθουν
1448 1610 1563 1664 ἀλλ’
1615 1603 1689 1665 ὧν
1745 1610 1845 1663 οὐκ

261 1706 488 1761 ἐπόθουν
515 1704 857 1775 ἐστέρηνται.
905 1703 961 1756 Ὁ
991 1703 1048 1756 δέ
1101 1703 1195 1756 καὶ
1243 1700 1696 1773 κατειρωνεύεται
1743 1703 1844 1773 τῆς

263 1798 550 1868 συμφορᾶς
571 1796 615 1860 ⁸,
650 1796 746 1849 καὶ
784 1794 1213 1866 παραγράφεται
1243 1794 1336 1848 τὸν
1371 1795 1570 1864 τρόπον
1600 1796 1702 1866 ἤδη
1745 1795 1846 1866 τῆς

1934 607 2161 672 cissimi,
2182 621 2357 677 neque
2374 605 2758 672 infortunatos,
2784 609 2874 678 qui
2895 608 3146 663 ditissimi
3174 617 3319 674 sunt,
3352 625 3528 680 neque

1933 713 2200 768 pauperes
2257 714 2487 768 quorum
2536 699 2824 755 thesaurus
2846 701 3166 757 immortalis
3200 710 3318 757 est:
3353 718 3528 772 neque

1935 786 2200 860 ignobiles
2241 800 2296 844 et
2323 791 2582 860 abjeclos,
2617 804 2752 860 quos
2783 807 2879 860 pro
2912 791 3018 847 diis
3049 792 3332 848 habemus.
3373 794 3528 864 Saepe

1936 883 2078 936 enim
2097 881 2247 936 multi
2269 882 2495 952 improbi
2515 890 2641 938 sunt
2660 882 2956 949 voluntate,
2979 883 3046 936 ab
3061 883 3328 952 aliquibus
3351 894 3528 940 tamen

1938 972 2157 1028 utilitati
2181 972 2360 1042 potius
2393 987 2555 1042 quam
2583 973 2798 1028 veritati
2831 973 3190 1030 servientibus
3217 976 3526 1032 laudantur.

2005 1167 2262 1222 Libenter
2316 1182 2446 1222 sane
2509 1182 2601 1222 eos
2663 1167 3054 1240 interrogarem
3089 1211 3104 1235 ,
3161 1170 3252 1240 qui
3310 1172 3532 1239 sapien-

1940 1261 2086 1316 tibus
2148 1259 2519 1315 iufalicitatem
2577 1262 2910 1330 exprobrare
2975 1261 3221 1324 student,
3287 1278 3354 1316 an
3391 1264 3528 1318 tales

1942 1351 2144 1407 fuerint
2172 1362 2462 1423 antequam
2502 1353 2776 1423 sapientes
2810 1352 3036 1420 tierent,
3069 1369 3136 1407 an
3172 1369 3299 1409 vero
3343 1365 3532 1425 postea

1943 1444 2257 1499 felicitatem
2285 1444 2588 1499 amiserint.
2629 1441 2684 1498 Si
2713 1444 2862 1512 prius
2893 1460 2996 1499 non
3031 1453 3140 1510 est,
3172 1460 3278 1500 non
3311 1455 3393 1500 est
3427 1446 3538 1498 vir-

1945 1534 2075 1590 tutis
2098 1533 2253 1604 culpa
2280 1551 2293 1588 :
2319 1535 2400 1588 sin
2429 1547 2558 1589 vero
2580 1550 2647 1588 ex
2675 1550 2782 1604 quo
2809 1536 3132 1605 sapientiam
3164 1538 3537 1607 acquisierint.

1946 1637 2050 1676 non
2086 1636 2150 1676 ea
2176 1637 2296 1692 quae
2330 1608 2736 1688 desiderabant,
2761 1625 2858 1678 sed
2884 1639 2945 1678 ea
2971 1640 3092 1694 quae
3123 1641 3228 1680 non
3258 1627 3540 1682 desidera-

1944 1709 2094 1779 bant,
2138 1711 2464 1768 amiserunt.
2499 1711 2602 1768 Hic
2643 1728 2770 1769 vero
2799 1715 3173 1770 calamitatem
3221 1717 3368 1771 illam
3400 1718 3544 1771 deria

1948 1802 2058 1866 det,
2112 1811 2169 1856 et
2216 1803 2268 1856 in
2316 1801 2525 1871 judicio
2574 1803 2714 1860 hanc
2760 1807 3210 1862 consuetudinem
3265 1808 3540 1862 exsibilat.

263 1891 517 1961 κρίσεως.
551 1883 645 1953 Οἷς
683 1887 795 1958 γὰρ
818 1887 927 1941 οὐδ’
956 1885 1138 1940 ὁτιοῦν
1167 1924 1182 1951 ,
1214 1881 1390 1957 οἶμαι,
1425 1886 1534 1940 τῶν
1588 1887 1858 1941 εἰωθότων

1960 1889 2094 1946 Nam
2117 1892 2316 1962 quibus
2342 1892 2478 1946 nihil
2503 1907 2716 1960 eorum,
2749 1903 2807 1949 ut
2830 1904 2979 1965 puto,
3009 1911 3130 1965 qum
3163 1906 3322 1951 antea
3355 1898 3546 1953 solitus

262 1984 510 2054 ἠδίκηκε,
544 1983 754 2046 τούτοις
783 1983 865 2036 ὅτι
898 1979 1032 2052 μηδέ
1050 1979 1150 2050 τὴν
1185 1980 1360 2051 ἀρχὴν
1390 1981 1620 2052 ⁹ηδίκηκε
1651 1981 1848 2046 δείξειν

268 2076 585 2146 ὑπείληφεν,
614 2075 802 2146 ὥσπερ
843 2077 904 2129 οὐ
927 2077 1015 2131 διὰ
1053 2074 1212 2129 τοῦτο
1251 2075 1497 2146 μείζονος
1525 2075 1696 2146 ὀργῆς
1753 2075 1851 2128 καὶ

268 2174 604 2246 κατηγορίας
628 2174 889 2246 ὑπάρχων
953 2174 1122 2241 ἄξιος,
1167 2175 1250 2228 ὅτι
1288 2173 1510 2226 τοιαῦτα
1539 2173 1630 2224 καὶ
1661 2169 1852 2240 τηλικ-

265 2267 404 2322 αῦτα
429 2267 730 2339 πεποίηκεν
761 2259 836 2322 ὧν
877 2267 980 2322 οὐκ
1009 2267 1158 2321 ἐστιν
1210 2267 1339 2339 [582
1367 2264 1460 2337 11.]
1509 2265 1690 2334 εὑρεῖν
1748 2280 1852 2316 πα-

271 2359 630 2431 ραδείγματα.
659 2358 822 2431 [1089
853 2358 949 2431 R.]
1006 2360 1067 2412 Εἰ
1124 2358 1168 2410 δ’
1227 2358 1277 2411 οἱ
1326 2358 1394 2411 τά
1429 2356 1602 2427 μείζω
1649 2353 1854 2424 τολμή-

269 2467 482 2517 σαντες,
521 2450 698 2504 ὃτιτὰ
751 2449 922 2520 μείζω
965 2450 1276 2520 δεδράκασι,
1317 2449 1416 2517 τὴν
1465 2446 1738 2518 τιμωρίαν
1790 2445 1851 2498 οὐ

267 2541 519 2603 δώσουσι,
549 2542 634 2605 τίς
663 2540 744 2594 ἔτι
767 2540 923 2609 λόγος
958 2539 1210 2604 κολάζειν
1238 2539 1412 2593 ἐθέλει
1431 2539 1451 2568 ⁸
1478 2541 1602 2600 τοὺς
1652 2537 1722 2591 τὰ
1759 2554 1852 2606 μι-

268 2633 536 2705 κρότερα;
571 2633 636 2686 Τί
663 2633 720 2687 δέ
748 2650 762 2700 ;
803 2634 852 2686 εἰ
882 2632 1007 2696 τοὺς
1031 2632 1106 2703 μὴ
1132 2631 1201 2685 τὰ
1234 2629 1440 2702 συνήθη
1473 2627 1856 2700 παρανομοῦν-

269 2743 370 2788 τας
394 2726 698 2798 ἀφήσομεν,
753 2725 870 2788 πῶς
924 2725 1024 2778 οὐκ
1083 2723 1302 2789 ἐξουσία
1348 2725 1503 2777 πᾶσα
1563 2721 1856 2794 γενήσεται

269 2821 385 2881 τοῖς
417 2817 700 2871 ἐθέλουσι⁶
729 2817 1075 2888 πλημμελεῖν
1107 2815 1143 2870 ἆ
1178 2814 1252 2889 μὴ
1279 2814 1614 2869 συνείθισται
1638 2817 1706 2878 ³⁸,
1729 2815 1858 2868 ὅταν

201 2976 208 2982 _
269 2911 324 2964 οἱ
349 2909 556 2978 πρῶτοι
621 2909 795 2964 ταῦτα
847 2909 1221 2978 τολμήσαντες
1273 2909 1349 2972 ὡς
1405 2908 1507 2962 οὐκ
1547 2906 1859 2969 ἀδικοῦντες

271 3001 598 3070 ἐκφύγοιεν;
634 3001 755 3070 Χρὴ
805 3000 877 3055 δέ
895 2999 994 3054 οὐκ
1042 3000 1268 3070 ἀφέσεις
1310 2999 1421 3053 τῶν
1471 2998 1711 3070 κρίσεων
1763 2997 1860 3061 τὰς

276 3095 379 3149 ὑπε
395 3091 590 3167 ρϐολὲις
615 3083 724 3147 id?)
751 3092 1106 3165 ἀδικημάτων
1134 3091 1386 3162 μᾶλλονῆ
1415 3091 1726 3146 τούναντίον
1777 3091 1862 3143 αἰ-

1957 1993 2092 2050 erat,
2123 1985 2369 2055 objecit,
2406 1985 2492 2039 his
2534 1986 2661 2055 quia
2705 2001 2880 2056 neque
2915 1989 3202 2057 imperium
3246 1989 3542 2056 obiecerat,

1958 2084 2208 2145 sperarat
2235 2077 2372 2142 fore,
2418 2086 2477 2132 ut
2514 2078 2720 2134 idcirco
2758 2095 2864 2135 non
2907 2079 3097 2147 majori
3137 2095 3297 2150 poena
3329 2091 3383 2135 et
3420 2098 3548 2151 sup-

1959 2171 2120 2241 plicio
2137 2171 2329 2243 dignus
2352 2170 2662 2238 exsisteret,
2681 2174 2938 2244 quoniam
2960 2183 3131 2240 tanta,
3159 2184 3212 2230 et
3239 2177 3362 2230 talia
3385 2175 3516 2231 fecis
3532 2207 3551 2217 -

1960 2275 2074 2330 set,
2105 2281 2335 2334 quorum
2371 2267 2615 2337 exempla
2664 2283 2769 2324 non
2816 2278 3037 2337 possunt
3074 2269 3322 2336 reperiri.
3366 2269 3458 2324 Sin
3497 2269 3548 2322 hi

1966 2357 2057 2428 qui
2087 2358 2292 2428 majora
2329 2360 2444 2414 ausi
2499 2370 2652 2423 sunt,
2707 2361 2833 2429 quia
2879 2358 3085 2427 majora
3133 2361 3547 2420 commiserunt,

1961 2464 2179 2518 poenam
2211 2464 2316 2505 non
2337 2449 2507 2515 luent,
2536 2466 2782 2520 quaenam
2817 2451 2955 2504 ratio
2983 2460 3067 2504 est
3097 2465 3217 2504 eum
3248 2451 3425 2519 ptiniri
3459 2451 3549 2520 qui

1967 2541 2175 2595 minora
2227 2541 2535 2596 commisit?
2587 2540 2726 2608 Quid
2777 2543 3001 2597 autem?
3059 2541 3115 2596 Si
3167 2557 3260 2596 eos
3308 2542 3550 2596 dimitta-

1965 2647 2107 2698 mus,
2149 2631 2350 2705 358a
2402 2635 2494 2705 qui
2547 2645 2743 2705 prater
2796 2635 3012 2690 solitum
3072 2635 3207 2689 nihil
3256 2633 3544 2694 fecerunt,

1967 2741 2144 2782 nonne
2180 2728 2270 2783 tiet
2315 2726 2568 2781 omnibus
2603 2737 2845 2797 potestas
2876 2727 3179 2782 volentibus
3210 2726 3551 2782 committere

1965 2833 2088 2888 qum
2134 2834 2238 2874 non
2289 2828 2730 2884 consueverunt,
2782 2817 3218 2888 quandoquidem
3271 2823 3325 2872 et
3377 2817 3553 2886 prium

1967 2909 2154 2965 eadem
2181 2909 2325 2962 ausis
2349 2909 2568 2978 impune
2594 2909 2797 2964 cessit?
2821 2906 2937 2965 Non
2963 2908 3108 2961 enim
3143 2915 3357 2977 oportet
3386 2906 3555 2974 magis

1969 3001 2259 3056 criminum
2288 3001 2709 3070 exsuperantias
2734 3000 2938 3071 judicia
2971 2999 3184 3065 tollere,
3214 2999 3343 3069 quin
3374 3000 3553 3066 potius

1968 3108 2159 3149 eorum
2207 3107 2403 3147 causas
2452 3093 2714 3146 exsistere
2766 3106 2977 3161 acquum
3031 3100 3114 3146 est
3146 3132 3161 3157 ,
3199 3092 3340 3160 quod
3390 3104 3551 3157 opera

274 3187 398 3250 τίας
431 3185 704 3254 γίνεσθαι,
725 3185 834 3254 ὅσῳ
862 3184 1001 3254 μετὰ
1028 3182 1136 3236 τῶν
1167 3182 1345 3253 ἔργων
1375 3183 1470 3235 καὶ
1495 3181 1555 3234 τὸ
1594 3181 1694 3251 τῆς
1721 3178 1864 3250 γνώ-

1971 3184 2130 3238 simul
2153 3196 2208 3239 et
2229 3184 2477 3238 voluntas
2497 3184 2621 3238 odio
2644 3184 2969 3239 habeantur.
3004 3181 3155 3237 Velle
3189 3182 3330 3236 enim
3354 3195 3550 3233 novum

278 3295 390 3348 μης
423 3278 746 3348 μεμίσηται.
781 3277 854 3329 Τὸ
882 3275 991 3346 γάρ
1015 3269 1094 3338 οἷς
1120 3274 1296 3328 ἀδικεῖ
1325 3290 1408 3337 τις
1435 3273 1531 3328 καὶ
1561 3273 1722 3342 φύσιν
1749 3272 1866 3325 ἀδι-

165 3421 178 3432 ,
276 3370 545 3439 κημάτων
567 3367 760 3438 καινὴν
802 3366 1102 3439 προσάγειν
1133 3365 1417 3436 βούλεσθαι
1443 3363 1652 3434 διχόθεν
1688 3362 1753 3416 ἂν
1779 3361 1865 3431 εἴη

276 3461 380 3532 τὴν
418 3459 722 3532 μοχθηρίαν
754 3458 1093 3528 ἐλέγχοντος,
1118 3458 1213 3510 καὶ
1235 3454 1314 3526 τῷ
1349 3453 1692 3525 πλημμελεῖν
1719 3451 1755 3506 ἀ
1790 3450 1864 3522 μὴ

277 3553 387 3620 δεῖ,
417 3554 512 3606 καὶ
541 3551 619 3622 τῷ
644 3552 818 3604 ποιεῖν
853 3549 1061 3603 ἐθέλειν
1085 3548 1121 3603 ἃ.
1148 3548 1221 3619 μή
1271 3564 1356 3611 τις
1392 3545 1656 3618 πρότερον
1677 3545 1698 3577 ⁷
1739 3543 1869 3614 δρά-

281 3659 450 3698 σειεν.
481 3643 648 3697 Οὐδέν
702 3659 807 3706 σοι,
863 3641 990 3712 φῂς,
1038 3639 1147 3692 τῶν
1189 3637 1461 3692 εἰωθότων
1511 3636 1862 3706 τετόλμηται.

1974 3273 2162 3344 ﬂagitii
2186 3290 2353 3346 genus
2380 3275 2578 3330 addere
2598 3275 2662 3329 iis
2679 3291 2798 3344 quae
2822 3271 3310 3340 eommisitduplici
3336 3271 3556 3324 nomine

1975 3366 2456 3437 reprehendendus
2490 3367 2583 3429 sit,
2613 3381 2734 3421 cum
2769 3367 2910 3434 quod
2939 3363 3092 3419 nefas
3124 3369 3414 3432 patrasset,
3439 3367 3550 3412 tum

1973 3459 2114 3526 quod
2153 3472 2215 3512 ea
2251 3458 2591 3513 committere
2621 3472 2739 3528 quae
2769 3465 2925 3510 antea
2970 3469 3128 3510 nemo
3154 3469 3320 3509 ausus
3355 3453 3458 3517 sit;
3500 3459 3556 3505 at

1974 3548 2108 3601 nihil
2152 3557 2205 3601 te
2235 3562 2423 3602 eorum
2463 3562 2583 3616 quae
2617 3558 2774 3602 antea
2844 3545 3186 3602 commiseris
3207 3586 3222 3610 ,
3255 3544 3448 3600 fecisse
3473 3545 3556 3597 iu-

1967 3640 2144 3708 quies.
2175 3639 2353 3709 Ipsum
2393 3640 2507 3710 ('57)
2533 3651 2874 3711 acceptorum
2908 3639 3328 3695 infortuniorum
3363 3651 3554 3690 exces-

277 3735 467 3806 Λύτήν
493 3750 584 3804 μοι
612 3733 792 3802 λέγεις
816 3732 915 3804 τὴν
941 3729 1248 3802 ὑπερϐολὴν
1293 3723 1368 3782 ὧν
1408 3728 1785 3799 ὴτυχήκαμεν.
1805 3725 1869 3778 Οἱ

1967 3746 2084 3786 smn
2129 3747 2344 3788 narras.
2385 3732 2489 3798 Qui
2531 3748 2660 3788 vero
2707 3733 2762 3788 in
2809 3732 3202 3788 recentioribus
3248 3729 3404 3785 malis
3449 3745 3554 3783 non

283 3823 391 3896 μὲν
420 3823 528 3895 γάρ
563 3823 885 3893 ἠδικημένοι
914 3821 1067 3875 ταῦθ’
1107 3820 1252 3891 ἆπερ
1285 3820 1379 3873 καὶ
1401 3817 1623 3888 ἐτέρους
1675 3817 1870 3886 ἠδικη-

1972 3823 2170 3878 ltabent
2191 3839 2328 3892 quos
2351 3825 2654 3889 imitentur,
2679 3823 3074 3879 intolerabilem
3101 3822 3377 3876 miseriam
3403 3835 3553 3873 suam

284 3914 488 3986 μένους
511 3912 851 3975 ἐπίστανται,
878 3911 1103 3981 φέρουσι
1141 3909 1271 3980 ῥᾷον
1295 3909 1391 3971 τὰς
1424 3906 1730 3977 συμφορὰς,
1765 3923 1872 3960 παι

1970 3913 2306 3980 existimant,
2339 3929 2404 3969 eo
2422 3916 2563 3984 quod
2587 3917 2751 3972 sociis
2782 3915 2848 3970 iis
2880 3919 2932 3970 in
2963 3915 3147 3979 rebus,
3174 3928 3294 3983 qua:
3322 3911 3428 3966 illis
3460 3913 3556 3964 ad«

287 4006 564 4078 ραμυθίαν
603 3999 676 4060 ὧν
701 4003 1003 4059 πεπόνθασι
1032 4001 1131 4073 τὴν
1169 4000 1277 4053 τῶν
1297 4000 1319 4032 ⁸
1355 4000 1524 4063 πέλας
1542 3999 1836 4070 δυστυχίαν
1853 4001 1874 4033 ο

1974 4018 2148 4058 versae
2178 4005 2420 4070 fuerunt,
2452 4021 2711 4076 prospere
2739 4006 2988 4062 cesserit.
3285 3999 3300 4013 ⁸

282 4097 604 4169 νομίζοντες
635 4115 651 4130 ο
686 4097 734 4148 οἱ
756 4094 812 4147 δέ
834 4091 1118 4161 νεωτέρων
1137 4089 1490 4160 ἀδικημάτων
1515 4087 1616 4140 οὐκ
1652 4086 1871 4157 ἔχοντες
1911 4093 2334 4164 παραδείγματα
2363 4095 2636 4167 ἀφόρηταν
2664 4094 2925 4167 ἡγοῦνται
2954 4094 3053 4165 τὴν
3121 4090 3406 4164 συμφορὰν
3483 4107 3562 4160 τῳ

287 4191 371 4264 μὴ
396 4191 500 4244 οιῶν
524 4187 726 4259 ὁμοίων
756 4186 1012 4256 εὐπορεῖν
1032 4183 1175 4253 ἔχειν
1209 4181 1294 4251 ἐφ’
1320 4177 1402 4244 οἷς
1432 4180 1736 4252 ἠτύχησαν.

1108 4299 1189 4353 Ea:
1227 4298 1656 4361 Declamatione,
1706 4299 1761 4352 in
1793 4315 1954 4354 causa
2002 4303 2171 4371 patris
2198 4301 2521 4372 percussoris
2540 4302 2662 4372 lilii.

373 4423 660 4494 Ἠδίκηταί
679 4437 764 4484 τις
787 4436 863 4483 εις
895 4419 1093 4482 mrsu;
1135 4416 1269 4487 Οὐχὶ
1319 4415 1414 4470 καὶ
1443 4414 1584 4486 γυνὴ
1617 4415 1875 4487 προσηδι-

2053 4420 2341 4490 Aliquisne
2371 4420 2629 4490 injuriam
2665 4433 2693 4471 a
2726 4418 2834 4472 tilio
2865 4415 3110 4484 accepit?
3140 4413 3341 4470 Nortet
3373 4415 3563 4467 tttttliut‘

283 4534 475 4588 κηται.
511 4515 586 4568 Δι’
619 4514 822 4584 ἀμφοῖν
855 4513 889 4583 ή
955 4496 1126 4582 βλάϐη
1172 4507 1536 4579 κεχώρηκενς
1580 4507 1655 4561 Οὐ
1703 4507 1876 4579 πρόσ-

1978 4513 2177 4569 violata
2228 4512 2347 4568 est?
2392 4513 2474 4565 An
2505 4511 2574 4565 ab
2614 4519 2850 4578 utroque
2896 4508 3152 4563 damnum
3205 4506 3410 4560 illatum
3443 4506 3566 4560 est?

281 4607 524 4663 κειται¹⁰
557 4606 718 4677 φόνος
769 4606 883 4667 τοῖς
939 4601 1260 4671 ἀδικήμασι.
1295 4600 1523 4670 Σφαγῆς
1555 4616 1640 4663 τις
1705 4600 1875 4662 αἴτιος

1979 4604 2234 4674 Nunquid
2283 4613 2339 4660 et
2384 4603 2555 4674 stupri
2593 4616 2757 4656 causa
2797 4600 2974 4656 caedes
3015 4598 3200 4654 facta?
3231 4598 3365 4665 Quis
3413 4599 3566 4653 necis

282 4701 517 4773 γέγονε;
559 4698 692 4752 Τὸ¹¹
728 4695 912 4751 λαθεῖν
941 4690 1352 4764 θεραπεύειτὴν
1382 4691 1693 4762 συμφοράν.
1739 4691 1876 4744 Μοι-

1981 4703 2173 4747 auctor
2201 4691 2455 4747 exstitit?
2489 4689 2768 4761 Mitigatur
2797 4689 2954 4745 dolor
2987 4689 3114 4759 quia
3150 4689 3357 4759 ignoro.
3387 4688 3568 4742 Audet

282 4792 446 4865 χείαν
479 4791 674 4862 τολμᾷ,
695 4789 790 4842 καὶ
805 4785 1086 4858 λαθραίοις
1126 4785 1517 4872 μηχανήμασιν
1559 4778 1706 4835 οἷκον
1762 4781 1876 4835 δια-

1984 4784 2308 4840 adulterium
2347 4783 2709 4848 committere,
2750 4791 2803 4836 et
2842 4780 3073 4836 occultis
3103 4781 3241 4835 dolis
3281 4781 3563 4835 honestam

283 4883 409 4938 λύει
437 4881 726 4954 σώφρονας
750 4881 825 4933 Οὐ
857 4877 961 4949 μὴν
993 4875 1244 4929 τοσοῦτον
1273 4869 1444 4927 κακὸν
1472 4872 1626 4942 κακῷ
1666 4873 1873 4944 μείζονι

1985 4873 2244 4926 familiam
2286 4871 2500 4926 evertit.
2534 4869 2648 4925 Non
2683 4879 2861 4925 tamen
2897 4879 3106 4924 tantum
3137 4870 3335 4925 malum
3366 4869 3562 4940 majori

285 4969 1037 5040 κατασκευάζειδεινότερον,
1071 4965 1237 5019 παῖδα
1289 4964 1623 5018 ἐπισαλὼν¹²
1684 4962 1872 5035 μητρὶ,

285 5067 529 5128 καὶτοῖς
562 5064 668 5118 τῶν
689 5058 1048 5133 μοιχευόντων
1078 5055 1295 5126 σώμασι
1342 5053 1545 5124 κοῦφον
1577 5055 1748 5108 ποιῶν
1780 5055 1877 5108 καὶ

287 5156 432 5211 αὐτὸ
453 5155 512 5208 τὸ
557 5153 657 5223 τῆς
696 5151 943 5223 μοιχείας
976 5145 1165 5200 δοκοῦν
1192 5143 1438 5214 ἀδίκημα
1485 5139 1645 5197 εἶναι.
1693 5142 1872 5198 Ἀδιά-

283 5249 498 5322 φθορον
518 5247 562 5279 1³
597 5246 698 5317 τὴν
750 5242 929 5314 ψυχὴν
955 5241 999 5272 ιδ
1045 5237 1302 5315 ἔσχηκεν,
1325 5235 1441 5290 ἀλλ’
1468 5237 1592 5308 οὐχὶ
1633 5236 1730 5289 καὶ
1775 5235 1874 5310 τὴν

1984 4965 2220 5034 quodam
2246 4963 2387 5016 malo
2410 4962 2628 5031 gravius
2649 4962 2848 5027 reddit,
2888 4961 3056 5016 filium
3082 4961 3351 5032 adjicicns
3382 4960 3562 5021 matri,

1983 5062 2039 5108 et
2071 5053 2174 5108 illis
2205 5052 2598 5107 moechautium
2642 5051 2963 5121 corporibus
2990 5051 3106 5106 leve
3139 5049 3370 5107 reddens
3408 5047 3564 5104 adul-

1987 5145 2106 5199 terii
2156 5145 2386 5200 crimen.
2428 5142 2684 5198 Fortuna:
2730 5144 2868 5200 bona
2917 5143 3145 5199 sortitus
3191 5142 3314 5199 est?
3343 5142 3414 5195 At
3456 5155 3562 5195 non

1981 5248 2035 5293 et
2087 5237 2343 5292 intactam
2390 5236 2508 5306 ejus
2556 5238 2772 5292 domum
2833 5237 3222 5306 relinquemus.
3287 5232 3404 5288 Non
3464 5245 3565 5299 ego

1577 5370 1819 5428 VARIE.
1855 5370 2152 5429 LECTION
2161 5373 2263 5428 ES.

379 5477 401 5508 ³
460 5473 726 5536 ἀθάνατος
784 5471 828 5523 Λ
875 5484 889 5521 :
947 5466 977 5519 ό
1028 5463 1278 5536 θάνατοὶ
1315 5477 1376 5524 ς.

283 5557 310 5588 τ
348 5545 614 5615 πρότερος
639 5530 799 5615 ΜΞ--
850 5539 872 5568 ⁸
899 5533 1151 5615 “WA:
1185 5530 1281 5615 ἱτοῦ
1310 5548 1369 5595 ς·
1414 5532 1479 5615 ,³
1525 5530 1816 5615 δὲξττυκίαν

287 5621 338 5650 ³³
374 5600 555 5671 malim
590 5600 917 5666 ἐπιϐάλλων.
1013 5604 1058 5638 ¹³
1081 5602 1374 5673 ἀδιάφορον
1401 5600 1467 5656 Α.

363 5823 477 5895 (37)
518 5821 602 5878 Al.
632 5818 918 5873 Adversum
951 5814 1085 5868 mihi
1117 5813 1384 5882 fortunam
1417 5813 1622 5883 objicis.

584 5913 861 5971 PATROL.
895 5909 1008 5967 Gn.
1061 5906 1221 5966 Clll.

1454 5465 1476 5497 ι
1504 5460 1603 5524 τὰς
1638 5478 1818 5532 συμφο
1859 5461 1923 5525 ἀς
1978 5479 2038 5526 ς.
2153 5465 2174 5496 ⁸
2205 5462 2412 5518 ἐθέλειν
2443 5462 2503 5518 Β.
2599 5463 2619 5494 ⁸
2643 5461 2886 5517 ἐθέλουσι
2915 5478 2975 5526 ς.
3079 5460 3118 5489 ⁸⁸
3145 5460 3474 5528 ,συνήθισται
3502 5471 3563 5518 ς.

1454 5532 1479 5654 .9
1525 5481 2054 5654 δῖρττυύχέὲζῖἆρχεῖν
2096 5532 2138 5589 C
2163 5541 2218 5590 et
2251 5549 2335 5604 pr.
2371 5533 2437 5589 Δ.
2525 5533 2568 5567 ¹⁰
2592 5532 2882 5605 πρόκειται
2909 5548 2988 5620 ς...
3056 5529 3097 5562 ¹¹
3119 5527 3203 5601 τὸ]
3226 5529 3305 5600 τῷ
3335 5543 3476 5584 corr.
3507 5529 3564 5581 Β.

1643 5615 1814 5672 τυχην
1851 5615 1913 5656 15.
2975 5615 2988 5620 ··

2153 5465 2174 5496 ⁵
2205 5462 2412 5518 ἐθέλειν
2443 5462 2503 5518 Β.
2599 5463 2619 5494 ⁸
2643 5461 2886 5517 ἐθέλουσι
2915 5478 2975 5526 ς.
3079 5459 3118 5489 ⁸⁸
3145 5458 3474 5528 ,συνήθισται
3502 5471 3563 5518 ς.

1851 5719 2080 5777 ΝΟΤΑΞ.

3082 5889 3158 5951 1ιὲ
