3924 6428
471 393 497 457 -1
509 395 613 459 3'23

1573 400 1841 462 PHOTII
1880 396 2389 461 PATBIARCH/E
2414 396 2525 458 (ΣΡ.

3560 385 3665 453 1324

472 508 671 562 frustra
711 506 951 564 minatus
979 520 1120 577 sum,
1157 521 1191 564 o
1220 507 1390 564 cives.
1432 507 1625 580 Capti,
1659 509 1920 580 prostrati
1950 523 2044 564 su-

2169 507 2335 563 ιστίαν
2351 508 2463 571 ἔξει
2508 501 2578 559 δι’
2624 503 2772 574 ἡμᾶς
2816 498 3159 570 ἀδιάφθορον.
3206 495 3319 552 Ούκ
3356 495 3549 568 ἐψεύσω
3581 506 3669 567 τοῖς

473 612 615 666 mus,
647 597 1175 666 obmutescimus,'et
1210 600 1515 671 respublica
1539 599 1800 656 memoria
1823 599 2049 655 excidit.

473 690 725 747 Caedibus
779 690 937 746 nobis
993 706 1181 747 vocem
1230 692 1515 761 eripuisti,
1561 702 1615 748 et
1666 693 1890 763 tragicis
1945 692 2053 749 illis

2153 599 2337 671 έργοις
2364 598 2463 662 τὰς
2484 595 2735 660 ἀπειλάς,
2760 587 2807 648 ὧ
2840 591 3091 647 πλούσιε·
3129 588 3460 661 ἐαλώκαμεν,
3494 597 3672 666 νενική-

2157 691 2318 764 μεθα,
2341 687 2659 759 σιωπῶμεν,
2686 687 2785 757 τῆς
2819 683 3102 747 πολιτείας
3164 681 3540 750 ἐπελαϐόμεθα.
3567 684 3675 736 Ἀπ-

474 782 780 837 actionibus
806 781 1094 837 facundum
1124 784 1227 839 hoc
1256 798 1319 838 os
1355 784 1645 839 oblurasti.
1678 783 1777 839 Vix
1815 800 1937 853 quae
1968 784 2054 839 di-

2169 783 2351 852 ἑτεμες
2382 782 2415 850 ἡ
2425 779 2540 849 μῶν
2562 778 2659 849 τὴν
2689 776 2873 847 φωνὴν
2905 776 3017 838 τοῖς
3035 773 3235 843 φόνοις,
3266 772 3357 825 καὶ
3380 772 3438 825 τὸ
3465 772 3680 843 στόματδ

476 874 648 927 ccnda
678 881 803 927 sunt
840 872 1058 944 profero
1098 892 1113 929 :
1159 874 1212 929 in
1253 885 1531 944 posterum
1572 890 1681 929 non
1709 876 1940 945 amplius
1974 875 2055 929 ci-

475 966 660 1021 vitatis
697 976 886 1021 orator
923 966 1161 1031 futurus,
1202 967 1295 1021 sed
1335 982 1469 1021 meae
1506 966 1671 1023 solius
1709 967 2053 1022 calamitatis.

475 1056 640 1123 Cujus
716 1067 844 1112 sunt
917 1059 1031 1112 haec
1111 1058 1396 1113 facinora?
1451 1059 1642 1114 Nonne
1688 1060 1872 1115 omnia
1928 1060 2059 1115 tua?

477 1145 669 1201 Nonne
708 1162 828 1202 mea
866 1146 957 1201 illa
1006 1147 1223 1215 quidem
1266 1151 1512 1212 dextera,
1552 1148 1644 1203 sed
1692 1158 1783 1203 tuo
1824 1148 2058 1204 consilio

478 1254 668 1295 omnes
703 1240 1019 1308 perierunt?
1048 1236 1292 1293 Nondum
1322 1240 1394 1307 id,
1421 1240 1563 1308 quod
1585 1248 1743 1311 caput
1777 1250 1863 1296 est
1888 1241 2059 1297 malo-

474 1346 623 1395 rum,
675 1330 1099 1385 commemoravi
1140 1345 1155 1382 :
1208 1331 1545 1400 spectacula,
1603 1328 1853 1402 inquam,
1899 1333 2062 1388 clam

478 1425 584 1479 illae
615 1433 717 1479 tum
745 1440 941 1488 secum,
984 1440 1105 1494 qua:
1146 1438 1245 1479 suo
1281 1433 1524 1492 tempore
1557 1431 1676 1478 acta
1706 1432 1853 1479 sunt.
1888 1420 2061 1490 Quam

2152 874 2316 929 λάλον
2364 870 2688 942 ἁπέφραξας
2763 871 2877 932 τοῖς
2935 868 3218 938 τραγικοῖς
3276 864 3476 928 τούτοις
3520 869 3681 937 γνωρῑ.

2159 980 2351 1035 σμασι.
2375 962 2546 1025 Μόλις
2581 961 2884 1028 τάναγκαῖα
2904 958 3048 1027 λέγω
3074 956 3167 1010 καὶ
3188 955 3484 1024 φθέγγομαι
3502 971 3515 986 ·
3533 957 3682 1026 ῥήτωρ

2159 1054 2276 1123 εἰμὶ
2306 1050 2493 1105 λοιπὸν
2514 1050 2700 1104 οὐκέτι
2732 1049 2832 1118 τῆς
2858 1045 3089 1112 πόλεως,
3136 1044 3250 1097 ἀλλ’
3298 1044 3399 1114 ἥδη
3429 1044 3583 1115 μόνης
3606 1046 3684 1114 τῆς

2161 1144 2472 1215 συμφορᾶς.
2531 1141 2689 1205 Τίνος
2728 1138 2796 1193 τὰ
2839 1136 3141 1209 τηλικαῦτα
3194 1135 3498 1206 μιάσματα;
3543 1136 3595 1188 ού
3634 1137 3686 1189 σα

2161 1237 2378 1304 πάντας
2418 1235 2480 1289 οὐ
2513 1236 2579 1305 τῇ
2631 1231 2733 1304 μὲν
2774 1231 2927 1301 δεξιᾷ
2945 1232 3010 1301 τῇ
3039 1232 3169 1301 ἐμῇ,
3211 1231 3277 1299 τῇ
3333 1230 3399 1299 σῇ
3445 1227 3498 1280 δὲ
3527 1228 3687 1302 γνώμῃ

2161 1330 2367 1392 πάντες
2386 1326 2725 1391 ἀνάλωνται;
2790 1322 2959 1377 Οὔπω
2986 1322 3047 1375 τὸ
3078 1319 3368 1390 κεφάλαιον
3402 1318 3506 1373 τῶν
3534 1320 3689 1391 ἀδικη-

2167 1421 2353 1492 μάτων
2376 1412 2553 1481 εἷπον,
2577 1416 2679 1485 τῆς
2703 1414 2963 1487 λαμπρᾶς
2995 1429 3089 1465 σου
3121 1413 3323 1481 σκηνῆς
3347 1411 3414 1463 τὰ
3443 1411 3570 1464 κατὰ
3590 1429 3687 1466 και·

466 1520 656 1574 laetum
688 1518 847 1571 linem
891 1517 1114 1587 tragicis
1159 1514 1317 1570 addis
1353 1513 1690 1578 infortuniis,
1726 1523 1781 1568 et
1826 1513 1893 1568 iis
1923 1512 2065 1568 cala-

2169 1513 2259 1585 ρὺν
2316 1509 2662 1579 ἀναφανέντα
2734 1507 3116 1576 γνωρίσματα.
3150 1502 3222 1555 Ὦ
3265 1502 3503 1573 κωμικὸν
3549 1502 3688 1574 πέρας

477 1609 719 1665 mitatem
764 1622 966 1678 auges,
1014 1607 1213 1677 quibus
1255 1604 1311 1660 in
1353 1604 1639 1659 comoediis
1686 1603 1865 1658 luctus
1906 1601 2063 1658 leniri

2169 1603 2459 1674 τραγικαῖς
2506 1600 2695 1671 τύχαις
2723 1595 3021 1665 ἐπαγαγὼν
3039 1596 3104 1661 ’⁸,
3127 1593 3223 1648 καὶ
3259 1593 3463 1656 τούτοις
3490 1592 3689 1663 αὐξήσας

472 1702 634 1757 solet.
672 1700 764 1756 Sic
800 1700 968 1771 igitur
1011 1699 1194 1755 omnia
1243 1713 1363 1768 quae
1411 1707 1599 1752 contra
1637 1711 1736 1751 nos
1778 1695 2066 1750 adornavit

2169 1693 2265 1765 τὴν
2317 1693 2628 1764 συμφορὰν,
2674 1686 2821 1754 οἷςίθ
2871 1690 2929 1742 ἐν
2982 1686 3292 1758 κωμῳδίαις
3346 1684 3489 1751 πάθη
3522 1685 3689 1739 λύεται.

474 1793 716 1862 undique
775 1791 1037 1863 colligens
1086 1790 1369 1862 proferens
1405 1788 1606 1859 358b
1665 1786 1892 1857 profert.
1924 1787 2063 1855 Quid

2169 1784 2324 1841 Οὕτω
2350 1785 2528 1839 τοίνυν
2559 1784 2738 1837 πάντα
2782 1781 2851 1836 τά
2896 1780 3020 1834 καθ’
3057 1779 3215 1849 ἡμῶν
3260 1778 3691 1849 διαπεπραγμένος

473 1882 545 1937 de
585 1890 902 1952 paupertate
948 1880 1192 1936 diceres?
1229 1882 1334 1945 An,
1378 1880 1523 1949 quod
1568 1879 1750 1933 nullus
1788 1876 2061 1947 prohibet,

2169 1876 2394 1950 περιιὼν
2420 1876 2461 1909 ⁸⁷
2500 1875 2685 1943 λέγει⁹
2714 1872 2778 1927 Τί
2813 1874 2859 1926 δ’
2898 1873 2966 1926 ἂν
3009 1870 3185 1935 εἴποις
3212 1871 3342 1942 περὶ¹
3372 1870 3414 1902 ¹⁸
3439 1870 3528 1922 τοῦ
3562 1871 3692 1941 πίνη.

472 1969 564 2025 lex
614 1980 859 2037 accuset,
911 1985 977 2026 ac
1017 1968 1377 2025 condemnet?
1424 1968 1557 2024 Dein
1609 1983 1695 2023 me
1736 1969 2059 2038 interrogat.

473 2076 607 2117 num
633 2061 795 2117 liceat
819 2077 1049 2131 puerum
1085 2075 1301 2125 necare,
1334 2075 1463 2115 num
1500 2060 1663 2115 liceat
1696 2061 1856 2130 proli,
1895 2075 2061 2129 quam

476 2152 789 2222 suscepisti,
820 2151 1072 2222 iniuriam
1111 2152 1335 2208 facere?
1364 2151 1420 2207 Si
1450 2160 1632 2207 autem
1665 2162 1955 2222 utrumque
1976 2151 2061 2206 lex

477 2243 795 2313 permittat,
849 2252 911 2299 et
964 2242 1109 2313 quod
1155 2242 1362 2298 licitum
1416 2250 1524 2309 est,
1583 2242 1963 2312 assumpsisti,
2009 2250 2066 2297 et

477 2333 621 2403 quod
652 2350 758 2390 non
786 2335 909 2390 licet
936 2334 1294 2405 conjunxisti,
1317 2348 1422 2389 non
1449 2348 1548 2404 per
1574 2342 1865 2405 utrumque
1880 2334 2066 2391 ab50l-

475 2427 624 2481 veris
674 2426 889 2495 potius,
938 2441 1099 2496 quam
1152 2440 1369 2496 poznam
1421 2424 1632 2479 subibis
1682 2438 1893 2491 eorum,
1945 2440 2066 2495 quae

477 2518 604 2570 huic
634 2513 902 2585 adjungis,
925 2525 980 2570 et
1008 2529 1128 2584 quae
1152 2530 1257 2569 non
1292 2515 1481 2570 licent.
1508 2512 1662 2568 Licet
1690 2515 1843 2578 mihi,
1869 2515 2065 2585 inquit.

474 2604 674 2662 Bivitis
707 2608 822 2663 haec
873 2608 1062 2673 verba,
1098 2614 1155 2661 et
1203 2605 1502 2675 tyrannicae
1544 2604 1807 2676 superbiae
1842 2621 2069 2677 respon-

477 2714 623 2756 sum.
669 2698 781 2770 Ego
816 2714 946 2754 vero
982 2700 1076 2754 tibi
1130 2699 1369 2769 benigne
1425 2707 1591 2767 atque
1632 2698 1942 2755 humaniter
1985 2714 2070 2754 re-

479 2793 742 2860 spondeo.
777 2792 940 2846 Dabis
985 2790 1131 2845 enim
1167 2803 1361 2861 poenas
1401 2789 1532 2845 dum
1572 2789 1627 2844 hi
1656 2789 1868 2858 iudices
1909 2790 2069 2846 sede-

480 2884 636 2938 hunt.
663 2881 818 2938 Nosti
847 2882 978 2953 quid
1007 2881 1283 2939 hominem
1314 2881 1600 2937 absolvat?
1625 2880 1806 2937 facere
1825 2882 2067 2937 licuisse.

480 2975 552 3029 At
579 2977 624 3030 si
657 2975 871 3031 licentia
906 2976 1109 3031 abusus
1144 2989 1223 3040 es,
1258 2974 1402 3031 hanc
1443 2973 1628 3044 punio,
1673 2974 1816 3044 quod
1854 2975 1957 3031 hac
1980 2990 2072 3030 oc-

480 3067 705 3124 casione
751 3082 969 3123 omnem
1037 3067 1273 3122 licentiae
1328 3076 1580 3122 naturam
1653 3067 1889 3123 exuerit.
1942 3065 2073 3121 Pul-

2161 1983 2287 2032 τος;
2317 1966 2462 2020 Ὅσα
2490 1964 2678 2036 μηδεὶς
2713 1961 2918 2016 κωλύει
2968 1961 3154 2031 νόμος,
3203 1961 3525 2030 κατηγορεῖν
3557 1959 3691 2013 ἐθέλει

2163 2061 2260 2115 καὶ
2287 2058 2615 2131 γράφεσθαι.
2655 2053 2789 2111 Εἶτά
2812 2072 2879 2128 με
2938 2055 3119 2127 ἐρωτᾷ
3144 2069 3160 2085 ⁶
3193 2054 3310 2108 Οὐκ
3337 2053 3534 2119 εξεστιν
3562 2047 3639 2107 οὖν
3659 2054 3691 2088 ⁸³

2164 2152 2453 2207 ἀνελέσθαι
2483 2149 2730 2216 παιδίον;
2785 2148 2891 2202 ούκ
2928 2146 3140 2211 ἔξεστιν
3187 2142 3285 2199 οὖν
3344 2143 3503 2216 μηδὲν
3532 2144 3693 2199 ἀδικεῖν

2163 2243 2613 2313 ἀναλαμϐάνοντα
2641 2258 2657 2308 ;
2686 2242 2749 2294 El
2802 2240 2847 2293 δ’
2881 2240 3139 2309 ἑκάτερον
3172 2236 3267 2291 τοῦ
3301 2237 3466 2308 νόμου
3511 2236 3695 2299 διδόντος

2166 2335 2262 2391 καὶ
2280 2336 2341 2388 τὸ
2370 2333 2488 2400 ἐξὸν
2520 2333 2648 2388 εῖλω
2665 2335 2711 2365 ²⁰
2739 2332 2836 2386 καὶ
2876 2331 2937 2385 τὸ
2975 2332 3051 2403 μὴ
3084 2330 3203 2398 ἐξὸν
3255 2329 3610 2401 προσέθηκας,
3649 2327 3695 2381 ού

2165 2427 2254 2483 διὰ
2283 2428 2411 2500 [583
2439 2426 2533 2500 H.]
2566 2428 2792 2498 θάτερον
2820 2424 3070 2496 ἀφεθήσῃ
3109 2422 3306 2494 μᾶλλον
3357 2421 3390 2493 ἢ
3429 2421 3570 2491 δίκην
3623 2422 3696 2489 ὐφ-

2168 2519 2310 2585 έξεις
2329 2514 2412 2583 οἷς
2431 2520 2473 2550 ¹¹
2505 2518 2680 2589 τούτῳ
2711 2516 3007 2588 προσάγεις
3033 2514 3127 2569 καὶ
3151 2513 3186 2568 ἃ
3201 2513 3276 2586 μὴ
3295 2509 3697 2579 ἐξεστιν.Ἔξεο·ιί

2172 2630 2283 2683 μοι,
2315 2610 2468 2682 φησί.
2498 2609 2761 2664 Πλουσίου
2796 2608 2975 2678 λόγος,
3009 2606 3342 2677 τυραννικῆς
3372 2603 3698 2675 ὑπερηφανίας

2168 2704 2483 2775 ἀπόκρισις.
2536 2700 2679 2769 Ἐγὼ
2710 2700 2767 2754 δέ
2803 2716 2885 2753 σοι
2916 2697 3108 2771 πράως
3142 2696 3286 2751 οὕτω
3312 2696 3413 2750 καὶ
3436 2694 3695 2766 δημοτικῶς

2169 2796 2564 2866 ἀποκρίνομαι·
2601 2792 2795 2857 δώσεις
2825 2793 2934 2863 γάρ
2964 2792 3123 2855 δίκας
3148 2791 3285 2854 τέως
3339 2789 3407 2844 ἂν
3434 2783 3698 2843 οὖτοιδικά-

2170 2888 2337 2953 ζωσιν
2354 2889 2422 2943 ³⁸.
2457 2888 2743 2957 Ἐγνωκάς
2775 2904 2828 2940 τι
2870 2886 3048 2939 ποιεῖν
3067 2884 3112 2916 ³³
3154 2882 3481 2949 ἀνεύθυνονς
3536 2880 3701 2951 ἔχεις¹δ

2170 2978 2267 3050 τὴν
2288 2977 2558 3043 ἐξουσίαν.
2621 2977 2685 3031 Εἰ
2738 2976 2795 3030 δὲ
2837 2974 2936 3046 τὴν
2967 2972 3220 3039 ἐξουσίαν
3274 2974 3366 3037 εἰς
3413 2970 3703 3043 παρανομίαν

2175 3071 2539 3142 μετήνεγκας,
2567 3068 2780 3135 κολάζω
2817 3065 3042 3136 ταύτην,
3069 3065 3230 3138 [1092
3250 3066 3295 3120 R
3323 3063 3350 3137 ]
3393 3064 3474 3118 ὅτι
3515 3065 3575 3135 τῇ
3603 3079 3703 3134 προ-

483 3160 677 3214 chrum
710 3168 796 3215 est
850 3158 1221 3224 commisceri,
1262 3159 1355 3214 sed
1406 3166 1517 3212 tum
1557 3158 1794 3223 demum,
1841 3173 1965 3214 cum
2016 3158 2066 3214 id

2173 3162 2333 3231 φάσει
2366 3161 2465 3233 τὴν
2493 3160 2655 3230 φύσιν
2685 3160 2783 3214 τοῦ
2838 3159 3038 3231 μηκέτι
3083 3158 3283 3225 ἐξεῖναι
3331 3156 3625 3226 μετείληφε.
3648 3152 3704 3206 Τδ

483 3250 803 3320 suspicione
839 3256 1021 3305 vacat.
1056 3246 1152 3303 Sin
1183 3258 1362 3327 autem
1388 3249 1602 3303 domum
1638 3248 1760 3318 quis
1788 3247 2066 3318 perfodiat,

2177 3227 2454 3307 κοινωνεῖν
2483 3227 2671 3316 καλὸν,
2699 3252 2811 3305 ἀλλ’
2838 3227 2965 3305 ὅταν
3000 3251 3033 3317 ἡ
3063 3250 3222 3322 χάρις
3257 3245 3580 3310 ἀνύποπτος.
3608 3246 3702 3313 {At

482 3340 775 3396 insidietur
799 3339 981 3405 uxori,
1009 3339 1393 3409 cognationem
1429 3337 1616 3403 violet,
1660 3335 1917 3393 familiam
1948 3351 2072 3393 cor-

454 3440 751 3500 rumpat,
807 3430 988 3486 fictam
1038 3429 1431 3485 humanitatem
1486 3428 1705 3485 simulet
1752 3427 1899 3483 omni
1948 3428 2073 3483 odio

481 3521 729 3589 plenam,
763 3534 885 3591 qua:
917 3520 1229 3590 adjunctam
1260 3519 1477 3574 interim
1522 3518 1791 3589 justitiam
1836 3532 1943 3574 non
1980 3518 2075 3573 ha-

480 3614 667 3669 bentia
695 3654 709 3681 ,
763 3614 1036 3683 permissu
1090 3612 1324 3682 quodam
1372 3611 1530 3666 ﬁunt;
1591 3609 1719 3666 Haec
1764 3609 1910 3681 quod
1948 3623 2071 3665 eam

480 3705 877 3775 assumpserint
912 3720 1021 3776 quo
1084 3705 1340 3761 videntur
1373 3704 1555 3760 minus
1601 3702 2072 3774 reprehendenda,

482 3814 549 3854 co
581 3808 703 3853 sunt
742 3798 1049 3870 injustiora.
1089 3798 1195 3854 Sed
1218 3798 1513 3867 adoptandi
1550 3796 1692 3853 forte
1722 3797 1894 3868 gratia
1921 3811 2071 3866 qute-

481 3887 643 3943 rebas
676 3888 866 3953 filium,
893 3902 993 3943 cur
1026 3902 1132 3942 non
1166 3898 1294 3943 ante
1316 3896 1529 3958 partum
1557 3888 1888 3942 voluntatem
1921 3894 2070 3939 tuam

482 3979 786 4036 iudicasti?
820 3990 913 4035 aut
945 3996 1042 4036 cur
1076 3981 1250 4036 adhuc
1281 3996 1505 4052 puerum
1547 3988 1667 4051 post
1716 3988 1928 4048 partum
1966 3993 2071 4034 non

483 4072 811 4139 postulasti?
851 4075 933 4128 An
994 4072 1225 4128 fortasse
1276 4085 1529 4129 neutrum
1577 4074 1771 4129 horum
1820 4071 2073 4128 volebas?

482 4162 591 4218 Sed
632 4163 845 4218 defectu
891 4165 1126 4219 haeredis
1166 4164 1563 4235 apprehensum
1624 4180 1729 4219 non
1783 4163 2073 4220 iudicasti?

481 4252 671 4309 Nonne
700 4257 999 4310 secundum
1028 4255 1171 4326 leges
1198 4257 1544 4325 adoptionem
1577 4256 1791 4311 fecisti?
1817 4255 1942 4312 Haec
1971 4272 2070 4312 no-

483 4343 568 4399 his
596 4344 716 4413 quis
746 4345 1115 4415 respondebit,
1149 4355 1338 4399 contra
1365 4345 1509 4414 leges
1541 4344 1738 4399 factam
1776 4360 1882 4399 non
1914 4345 2073 4401 esse?

480 4432 771 4505 Impudens
810 4438 1066 4492 meretrix
1105 4452 1201 4508 per
1233 4437 1477 4491 fraudem
1520 4451 1650 4491 ausa
1683 4446 1803 4502 est,
1837 4445 1892 4492 et
1930 4436 2072 4492 infe-

2173 3344 2228 3398 δὲ
2257 3345 2509 3417 διορύττῃ
2544 3345 2642 3415 μὲν
2672 3345 2849 3408 οἰκίας
2898 3362 3004 3407 τις,
3040 3341 3373 3413 ἐπιϐουλεύῃ
3427 3341 3482 3394 δέ
3524 3338 3703 3408 γάμοις.

2173 3435 2508 3508 λυμαίνηται
2538 3437 2595 3491 δὲ
2624 3436 2784 3507 γένη,
2818 3435 3109 3509 διαφθείρῃ
3158 3435 3213 3488 δέ
3262 3433 3472 3499 ἑστίας,
3522 3428 3704 3500 ὑποκρί-

2174 3525 2402 3595 νηταιδὲ
2432 3524 2841 3594 φιλανθρωπίαν
2869 3523 3260 3595 ἀπανθρωπίας
3279 3522 3503 3592 ἀπάσης
3544 3520 3704 3589 γέμω⁴

2178 3631 2298 3679 σαν,
2321 3614 2357 3670 ἀ
2382 3614 2482 3686 τὴν
2506 3614 2829 3687 προσθήκην
2856 3615 2959 3669 ούκ
2985 3614 3176 3686 ἔχοντα
3210 3612 3350 3679 τέως
3379 3611 3477 3684 τὴν
3502 3608 3705 3667 άδικον¹⁸

2178 3704 2295 3774 μετ’
2331 3703 2578 3769 ἐξουσίας
2610 3704 2936 3776 ἐπράττετο,
2968 3704 3143 3759 ταῦτα
3192 3704 3275 3759 ὅτι
3320 3703 3525 3773 ταύτην
3572 3717 3705 3772 προσ-

2175 3796 2363 3867 είληφε
2395 3797 2474 3867 τῷ
2493 3796 2671 3849 δοκεῖν
2698 3796 2965 3850 ἀνεύθυνα
2990 3795 3297 3867 φαίνεσθαι,
3333 3794 3604 3867 προσθήκη
3624 3790 3707 3843 τῶν

2174 3888 2525 3958 ἀδικημάτων
2563 3888 2795 3957 γίνεται.
2856 3887 2998 3941 Ἀλλ’
3042 3888 3123 3951 είς
3167 3886 3316 3941 θέσιν
3363 3886 3493 3947 ἴσως
3535 3883 3708 3955 ἐζήτεις

2174 3979 2409 4035 παιδίον.
2442 3980 2507 4033 Τί
2527 3979 2583 4033 δὲ
2614 3980 2675 4033 ού
2702 3979 2809 4051 πρὸ
2836 3978 2928 4034 τοῦ
2948 3980 3110 4034 τόκου
3137 3979 3237 4050 τὴν
3253 3977 3482 4050 γνώμην
3506 3994 3587 4030 σου
3605 3989 3706 4028 κατ-

2175 4073 2433 4145 εμήνυες,
2463 4072 2495 4144 ἢ
2521 4071 2583 4126 τὸ
2610 4072 2822 4126 παιδίον
2840 4071 2983 4142 μετὰ
3011 4070 3111 4134 τάς
3154 4070 3349 4134 ὠδῖνας
3377 4070 3475 4123 ούκ
3507 4067 3705 4139 ᾗτησαςῖ

2179 4165 2250 4220 Ἦ
2273 4165 2435 4237 τυχὸν
2457 4165 2738 4234 οὐδέτερον
2767 4164 2971 4218 τούτων
3004 4162 3197 4236 ἤθελες
3221 4179 3235 4194 ·
3265 4162 3382 4217 ἀλλ’
3416 4157 3508 4216 οὖν
3550 4162 3606 4213 ἐκ
3632 4159 3708 4227 τῆς

2174 4257 2411 4329 ἐρημίας
2446 4255 2650 4311 ἀνελὼν
2692 4257 2857 4321 εὐθὺς
2898 4256 2998 4311 οὐκ
3041 4255 3442 4325 ἐκοινολογήσω
3491 4248 3707 4322 περὶτοῦ

2174 4349 2523 4421 πράγματος,
2563 4348 2625 4402 ού
2659 4348 2801 4403 κατὰ
2845 4348 3046 4419 νόμους
3106 4347 3206 4419 τὴν
3245 4345 3395 4402 θέσιν
3459 4345 3706 4416 ἔπραττες.

2173 4438 2358 4493 Ταῦτα
2382 4438 2746 4511 ἀφαιρήσεταί
2775 4454 2857 4501 τις
2907 4438 3052 4509 ἡμᾶς
3070 4438 3134 4503 ³⁸,
3185 4436 3260 4500 ὡς
3300 4434 3457 4507 παρά
3492 4434 3604 4496 τοὺς
3641 4429 3710 4483 νό-

481 4526 555 4581 lix
612 4543 748 4598 puer
800 4528 853 4583 in
900 4529 1157 4585 miseram
1205 4539 1437 4583 matrem
1483 4529 1810 4601 exsecrabili
1867 4529 2066 4585 amoris

2179 4550 2312 4604 μους
2337 4533 2400 4586 οὐ
2447 4532 2798 4603 πέπρακται;
2846 4528 3135 4600 Ἐναγὴς²⁷
3195 4528 3417 4599 μοιχεία
3470 4526 3552 4579 διὰ
3592 4539 3710 4589 σοφι-

483 4619 689 4685 scypho
716 4617 915 4672 misere
945 4618 1247 4673 inebriatus
1276 4625 1377 4684 est,
1404 4626 1461 4672 et
1489 4619 1659 4688 patris
1685 4619 1875 4673 dextra
1914 4619 2072 4675 malis

484 4706 693 4762 artibus
737 4708 791 4761 in
823 4709 1273 4765 charissimorum
1310 4725 1533 4765 suorum
1566 4711 1768 4765 eadem
1808 4725 2070 4767 conversa

485 4806 591 4851 est.
623 4797 805 4867 Lugeo
841 4799 1007 4868 igitur
1033 4814 1126 4856 eos
1154 4816 1290 4871 quos
1315 4816 1421 4857 non
1453 4811 1513 4855 ut
1553 4802 1735 4857 hostes
1775 4802 1983 4867 necavi,
2014 4811 2071 4857 et

486 4887 795 4958 lacrymans
845 4890 1081 4945 victimis
1134 4892 1371 4957 assideo,
1419 4907 1557 4963 quas
1602 4893 1843 4962 legitime
1894 4892 2068 4953 factas

484 4979 742 5049 putabam
767 5019 781 5045 ,
830 4996 1100 5051 quemque
1131 4991 1257 5037 ante
1301 4984 1502 5038 cedem
1535 4984 1840 5039 adulterum
1873 4986 2065 5040 existi-

487 5070 654 5135 mavi,
689 5070 833 5126 hunc
855 5080 977 5141 post
998 5073 1196 5127 caedem
1230 5071 1395 5126 lilium
1427 5074 1640 5144 agnovi.
1672 5072 1827 5131 Nunc
1850 5076 2070 5132 omnino

486 5160 803 5217 vulneratus
849 5177 944 5229 es,
974 5176 1118 5218 nunc
1153 5173 1209 5217 et
1239 5161 1439 5218 fascias
1478 5165 1808 5234 sepulcrales
1847 5166 2071 5235 accipis,

2180 4627 2406 4695 σμάτων
2430 4626 2782 4696 τετόλμηται,
2807 4623 2902 4677 καὶ
2930 4625 3058 4686 παῖς
3084 4622 3352 4692 δυστυχὴς
3372 4618 3511 4675 κατὰ
3540 4614 3710 4689 μητρὸς

2177 4716 2369 4780 ἀθλίας
2386 4717 2432 4749 ³⁸
2469 4716 2528 4781 ἐξ
2574 4714 2805 4785 ἐναγοῦς
2831 4715 2877 4747 ”
2920 4714 3194 4787 κρατῆρος
3228 4711 3499 4783 ἐμεθύσθη
3539 4706 3709 4767 κακῶς,

2176 4807 2271 4860 καὶ
2291 4806 2441 4874 δεξιὰ
2477 4807 2685 4878 πατρὸς
2712 4806 2805 4859 ἐπὶ
2832 4805 3026 4874 φόνους
3060 4803 3165 4857 τῶν
3193 4803 3466 4872 φιλτάτων
3502 4798 3597 4854 ὑπὸ
3638 4811 3711 4850 κα·

2174 4898 2409 4970 κοήθους
2434 4898 2633 4970 τέχνης
2662 4895 3014 4963 ἐξώπλισται.
3044 4896 3239 4968 Θρηνῶ
3275 4894 3372 4949 νῦν
3409 4893 3501 4957 οὓς
3544 4892 3612 4954 ὡς
3632 4904 3709 4941 πο·

2174 4989 2399 5059 λεμίους
2429 4990 2718 5060 ἐφόνευσα,
2767 4989 2863 5043 καὶ
2920 4990 3152 5057 σφαγαῖς
3210 4985 3594 5058 παρακάθημαι
3641 4979 3713 5033 δα-

2177 5078 2384 5149 κρύων,
2416 5078 2483 5141 ἃς
2526 5077 2684 5150 ᾤμην
2721 5076 2858 5148 μετὰ
2883 5076 2994 5131 τῶν
3021 5077 3197 5147 νόμων
3241 5074 3596 5147 ἐργάζεσθαι·
3638 5068 3710 5123 καὶ

2171 5169 2231 5223 δν
2256 5169 2364 5240 πρὸ
2421 5168 2531 5222 τῶν
2586 5169 2763 5238 φόνων
2797 5168 2981 5239 μοιχὸν
3027 5166 3295 5238 ἐνόμιζον,
3341 5166 3529 5219 τοῦτον
3581 5159 3710 5215 παῖδα

485 5254 584 5308 fili.
632 5255 951 5311 Extremum
994 5264 1044 5311 te
1096 5255 1361 5312 invocabo
1416 5271 1520 5312 non
1573 5258 1918 5325 nominibus,
1956 5273 2066 5330 qum

2177 5261 2316 5331 μετά
2335 5261 2435 5332 τὴν
2464 5259 2679 5331 σφαγὴν
2725 5259 3017 5330 ἐγνώρισα.
3077 5260 3192 5312 Νῦν
3243 5258 3411 5318 δντως
3450 5252 3707 5325 τιτρώσκῃι

486 5358 585 5413 per
619 5346 920 5402 adulterum
961 5346 1189 5402 sortitus
1215 5361 1274 5402 es
1296 5386 1311 5412 ,
1348 5347 1441 5402 sed
1478 5362 1597 5417 quae
1632 5361 1728 5417 per
1767 5349 2066 5419 generatio-

2173 5349 2271 5405 νῦν
2299 5352 2398 5423 τὴν
2420 5351 2644 5423 καιρίαν
2676 5349 2997 5421 λαμϐάνεις,
3028 5349 3256 5403 παιδίον.
3291 5345 3517 5401 Καλέσω
3546 5341 3641 5413 γάρ
3665 5353 3710 5391 σε

1786 5483 2022 5538 νΑΒΙᾹΞ
2050 5483 2458 5541 LECTlONES.

559 5603 601 5635 ¹³
642 5602 1011 5675 ἐπαναγαγὼν
1028 5621 1100 5675 ξς.
1177 5601 1269 5675 Ag"
1293 5596 1399 5675 οἷς]
1428 5602 1501 5666 ὡς
1523 5602 1585 5655 Α.
1680 5604 1729 5675 ’⁷,
1753 5602 1957 5675 περιὼν
1988 5604 2060 5675 Α.
2166 5603 2208 5636 ¹⁸
2241 5602 2394 5675 περὶ]
2422 5603 2567 5675 κατά
2601 5604 2664 5660 Β.
2752 5606 2922 5675 ξίίούκ
2953 5605 3099 5675 ἔστιν
3130 5596 3222 5657 οὖν
3256 5598 3523 5675 μηδὲν-μθ,
3564 5594 3707 5659 ἔξεστι

490 5672 587 5770 μὲν
610 5670 702 5726 οὖν
724 5668 843 5726 ἀλλ”
864 5668 957 5725 ἐπὶ
984 5673 1062 5743 τῷ
1091 5671 1261 5742 μηδὲν
1292 5668 1595 5727 Reiscltitts.
1692 5674 1736 5705 ‘°
1766 5668 1863 5742 pro
1886 5673 2015 5726 εἴλω
2052 5674 2240 5729 lacuna
2270 5668 2346 5728 est
2378 5668 2432 5729 in
2491 5674 2551 5728 B.
2652 5676 2694 5708 "
2721 5672 2825 5746 οἷς]
2878 5677 2986 5731 imo
3037 5668 3135 5729 ὧν.
3226 5668 3269 5706 ’ί
3317 5668 3611 5732 δικάζουσιν
3657 5674 3705 5721 ς·

516 5744 535 5770 ει
565 5745 735 5770 ..η-τ’..
764 5744 803 5770 ρ
852 5761 865 5770 .
895 5746 1039 5770 --.Α
1089 5760 1126 5770 _
1248 5742 1296 5770 ni.
1319 5742 1461 5770 ιη-.-
1521 5743 1598 5770 ΑΡ
1626 5760 1637 5770 .
1674 5743 1818 5770 2..-...
1874 5761 1905 5770 -
2026 5747 2069 5770 n-
2127 5746 2340 5770 atur-..
2389 5747 2412 5770 Α
2539 5746 2584 5770 n
2614 5746 2757 5770 1..-:2-
2794 5748 2814 5770 Α
2927 5749 2969 5770 9-:
3029 5745 3222 5770 1..-...L-
3259 5737 3487 5770 ..-.....'..l
3532 5732 3705 5770 ὶιιῆνκιξ

516 5744 535 5772 ³
565 5745 735 5815 ποιεῖν
895 5732 1170 5815 ποιεῖ’-ἐ·-Ῐ
1207 5810 1226 5815 _
1248 5742 1461 5815 ξξέχεις
1500 5743 1637 5815 _AC:
1672 5732 1818 5815 ἔχειν
1871 5761 1930 5807 ς.
1969 5813 1991 5815 _
2026 5747 2080 5815 "_
2124 5746 2355 5815 ἀδικίαν
2380 5747 2465 5815 Λ.
2510 5746 2584 5815 ﬁ"
2614 5746 2757 5815 ὑμᾶς
2783 5732 2846 5802 Κ.
2927 5749 2969 5781 ²⁷
3025 5745 3222 5809 ἐναγὴς
3257 5737 3487 5814 μοιχεία]
3531 5732 3705 5802 ἐνάγεις

496 5826 583 5876 μοι
612 5814 767 5883 χεῖρα
798 5811 859 5866 Β.
924 5810 984 5887 γ³⁸
1016 5810 1227 5883 ἀθλίας]
1252 5810 1464 5881 ἀθρόως
1499 5813 1559 5868 Β.
1632 5816 1675 5847 ’³
1705 5810 1764 5877 ἐξ
1799 5813 2025 5882 ἐναγοῦς
2060 5813 2321 5884 Scaliger.
2349 5814 2469 5871 libri
2504 5810 2780 5886 ξεναγοῦς.
