3924 6424
263 388 397 456 1325

1290 392 1808 457 BIBLIOTHECA.
1840 420 1908 431 -
1929 396 2094 458 COD.
2136 398 2439 462 CCXLIII.

3379 408 3512 473 1326

259 502 441 561 λοιπὸν
463 502 526 557 οὐ
546 504 660 568 rei;
689 502 797 558 τῶν
823 502 1176 576 ἀδικημάτων
1201 504 1338 561 ἀλλά
1360 508 1473 570 τοῖς
1501 506 1597 560 τοῦ
1640 508 1818 577 γένους

1937 522 2062 565 nem
2113 520 2380 567 nostram.
2418 509 2537 567 Non
2581 511 2727 568 enim
2768 521 2825 569 tu
2862 527 3102 570 meorum
3143 514 3515 573 calamitatum

256 598 515 668 ὀνόμασιν
540 612 554 626 ο
575 596 634 649 οὗ
665 596 775 668 γάρ
813 596 877 650 σύ
908 614 998 667 μοι
1035 598 1143 651 τῶν
1173 600 1541 669 ἀτυχημάτων
1569 599 1682 653 ἀλλ’
1715 599 1832 653 ἐτε-

258 705 348 763 ρος
379 687 572 752 αίτιος.
613 689 814 752 Ἡδέως
834 689 878 742 δ’
906 689 972 743 ἂν
1001 690 1233 762 ἐροίμην
1261 692 1439 746 έκεῖνο
1462 694 1527 762 δή
1548 710 1652 746 που
1683 692 1835 764 πρῶ-

253 798 343 837 τον
367 779 457 835 τὸν
488 780 762 835 πλούσιον.
798 783 1047 852 Χρηστὺς
1072 783 1222 854 αὐτῷ
1254 784 1343 837 τὸν
1388 786 1589 856 τρόπον
1622 786 1651 839 ὁ
1700 804 1833 841 νεα-

250 872 436 936 νίσκος
472 871 744 942 ἐφαίνετο,
788 874 821 945 ἢ
879 874 1191 930 τούναντίον
1229 876 1576 949 παράνομος;
1634 878 1698 933 Ei
1732 880 1834 951 μὲν

250 965 357 1035 γὰρ
379 964 637 1036 χρηστὸς,
652 966 796 1030 τίνος
820 968 875 1019 αἱ
901 968 1151 1039 πράξεις,
1169 969 1268 1023 οὐκ
1290 969 1484 1039 ἄδηλον
1508 987 1523 1003 ο
1548 972 1596 1025 εί
1637 971 1693 1026 δὲ
1730 991 1833 1027 πο-

247 1057 430 1131 νηρὸς,
449 1057 620 1129 ἐχρῆν
659 1058 967 1113 ἀποδιδόναι
1015 1061 1094 1132 τῷ
1123 1062 1375 1129 φύσαντι.
1408 1063 1552 1132 Πρὸς
1604 1065 1661 1118 δὲ
1690 1066 1830 1120 ’τού-

246 1166 359 1213 τοις
392 1149 621 1220 πότερον
644 1149 887 1221 ἐλελήθει
935 1167 996 1203 σε
1029 1151 1203 1206 ταῦτα
1245 1153 1438 1217 ποιῶν,
1473 1154 1505 1223 ἢ
1556 1155 1825 1224 προειδὼς

245 1241 343 1296 οὐκ
371 1239 642 1308 ὲκὼλυες;
678 1242 740 1295 Ei
768 1242 865 1312 μὲν
894 1243 1000 1316 γάρ
1024 1243 1266 1313 ἠγνόεις,
1314 1245 1521 1315 πατρός
1566 1262 1631 1313 γε
1658 1246 1828 1311 ὅντως

244 1332 494 1405 φυλακὴν
549 1332 770 1400 λέγεις·
807 1335 857 1388 εἰ
905 1334 949 1387 δ’
989 1335 1089 1388 οὐκ
1120 1336 1361 1405 ἠγνόεις,
1410 1336 1600 1407 ὥσπερ
1657 1338 1826 1401 εἰκὸς,

244 1424 505 1495 μέλλοντα
532 1426 782 1492 κωλύειν,
813 1426 875 1479 ού
901 1428 1238 1499 πεποιηκότα
1261 1430 1451 1501 ἐχρῆν.
1487 1429 1561 1483 Τὸ
1592 1429 1692 1501 μὲν
1718 1430 1827 1500 γὰρ

240 1517 521 1588 προνοίας,
555 1517 617 1570 τὸ
664 1517 722 1570 δὲ
781 1518 997 1583 ἀδικίας
1061 1521 1402 1591 τεκμήριον·
1475 1522 1670 1575 καὶτὸ
1725 1522 1825 1591 μὲν

234 1608 327 1662 τὸν
353 1606 565 1673 εὔνουν,
599 1608 657 1662 τὸ
681 1609 739 1663 δὲ
765 1609 859 1663 τὸν
892 1610 1362 1683 προσποιούμενον
1403 1612 1695 1669 δείκνυσιν.
1764 1612 1824 1668 '0

236 1699 522 1762 νεανίσκος
552 1698 806 1753 ἀπάντων
831 1700 876 1732 ³⁰
890 1700 1083 1764 αἴτιος.
1110 1702 1173 1755 Εἰ
1201 1705 1307 1774 γάρ
1337 1697 1450 1767 οἷός
1479 1720 1539 1755 τε
1571 1698 1639 1775 ἦν
1667 1704 1824 1773 ἀφεῖ-

234 1807 321 1844 ναι
345 1790 570 1860 φωνὴν,
604 1791 653 1842 εί
687 1791 796 1862 γάρ
834 1807 919 1855 τις
945 1792 1109 1846 αὑτὸν
1140 1792 1276 1846 θεῶν
1296 1834 1312 1859 ,
1343 1790 1431 1849 οἷα
1479 1794 1651 1849 πολλά
1688 1796 1821 1849 πολ-

233 1881 393 1943 λάκις
416 1881 569 1951 παρά
602 1881 712 1935 τῶν
770 1883 1013 1954 ποιητῶν
1048 1882 1341 1956 ἀκούομεν,
1381 1885 1519 1957 πρὸς
1546 1886 1589 1919 ³¹
1624 1888 1821 1959 μικρὸν

231 1973 460 2043 ἀνῆκεν,
499 1973 624 2028 ὅσον
658 1973 1067 2045 παραγενέσθαι
1116 1978 1183 2047 τῇ
1228 1975 1440 2046 κρίσει,
1486 1977 1588 2031 οὐκ
1627 1977 1693 2031 ἂν
1757 1978 1823 2031 ἐκ

233 2064 419 2136 μέσων
450 2064 561 2119 τῶν
594 2065 821 2135 πληγῶν
851 2067 946 2121 καὶ
981 2066 1091 2120 τῶν
1122 2069 1459 2139 τραυμάτων
1489 2068 1817 2140 ἀνέκραγεν,

233 2156 454 2227 Ἔγωγε
493 2157 712 2227 μοιχός;
749 2158 861 2226 ἐγὼ
910 2158 1264 2229 παράνομος;
1315 2160 1476 2230 ἐχθρὲ
1533 2161 1630 2214 κα)⁸
1660 2161 1825 2216 πλού-

230 2264 313 2301 σιε
344 2263 361 2279 ⁸
396 2247 495 2317 ὀψὲ
528 2250 639 2319 γάρ
669 2266 735 2318 με
766 2248 894 2320 [584
926 2248 1018 2322 Η.]
1073 2250 1175 2313 τάς
1229 2251 1444 2323 σεαυτῷ
1492 2252 1818 2325 πρεπούσας

226 2336 555 2407 ἐπωνυμίας
586 2336 852 2404 ἐδίδαξας.
884 2337 1027 2391 Ἀλλ’
1077 2339 1374 2412 οἰκτείρας,
1411 2343 1566 2413 φησὶ,
1617 2342 1680 2395 τὸ
1710 2343 1821 2397 πά-

226 2427 318 2491 θος
350 2427 611 2492 ὲπέδειξα
636 2427 681 2459 ³²
750 2428 821 2482 τά
871 2428 1250 2500 γνωρίσματα,
1306 2431 1496 2499 τάφων
1549 2430 1823 2503 πατρῴων

223 2518 530 2589 ἀξιωθῆναι
559 2518 713 2590 παρά
751 2519 847 2572 σοῦ
876 2520 970 2573 τὸν
1010 2521 1292 2575 νεανίσκον
1327 2520 1669 2591 βουλόμενος.
1725 2522 1823 2585 Ei;

223 2610 424 2683 καιρόν
455 2627 519 2679 γε
553 2609 637 2683 (οὐ
669 2610 779 2683 γάρ
808 2610 847 2682 ;)
900 2610 1000 2675 τὰς
1051 2611 1348 2679 διαλλαγὰς
1376 2613 1676 2684 ἐτήρησας,
1724 2612 1823 2666 καὶ

220 2703 344 2759 τότε
383 2703 741 2775 ἀνεμνήσθης
774 2703 1012 2775 συνάψαι
1042 2705 1105 2758 τὸ
1132 2705 1311 2775 γένος,
1347 2706 1436 2760 ὅτε
1461 2704 1554 2760 τὸν
1582 2704 1819 2777 πόλεμον

223 2796 498 2853 ἄσπονδον
524 2797 583 2850 ὲν
611 2797 756 2867 ξίφει
786 2797 879 2851 καὶ
910 2796 1128 2871 μοιχείᾳ
1163 2798 1494 2871 πεποίηκας.

288 2911 357 2964 Εἰ
380 2910 536 2981 λέγει
579 2912 675 2966 καὶ
721 2911 924 2984 γράφει
972 2911 1068 2967 καὶ
1105 2913 1205 2985 τὴν
1250 2916 1525 2989 πατρικὴν
1558 2917 1651 2972 τοῦ
1701 2916 1819 2989 βίου

218 3003 376 3071 τάξιν
401 3003 746 3077 εὑρίσκεται,
786 3005 845 3059 ού
886 3005 1153 3078 δεήσομαι
1192 3010 1595 3080 γνωρισμάτων
1630 3010 1817 3065 πλειό-

219 3112 349 3158 νων,
383 3094 611 3167 γνωριῶ
658 3095 755 3167 τὴν
791 3095 956 3166 φύσιν
1017 3097 1126 3151 ἀπὸ
1164 3098 1256 3152 τοῦ
1291 3098 1558 3171 βήματος.
1595 3102 1695 3165 Δός
1727 3119 1819 3170 μοι

1944 616 2130 668 causa,
2161 603 2257 659 sed
2285 604 2446 663 alius.
2472 603 2737 661 Libenter
2766 617 2946 662 autem
2975 608 3078 663 hoc
3107 609 3341 678 primum
3373 624 3520 678 quae-

1936 692 2120 748 sierim
2144 710 2174 749 a
2201 696 2384 762 divite,
2410 695 2676 765 bonisque
2704 698 2965 764 moribus,
2993 713 3060 752 an
3084 708 3274 755 contra
3298 698 3464 771 359
3486 718 3518 755 a

1937 783 2217 854 improbus
2236 784 2451 853 juvenis
2475 785 2644 841 fuisse
2667 788 2716 841 ei
2742 787 3026 843 videatur?
3062 786 3119 843 Si
3147 791 3292 844 enim
3321 790 3515 852 bonus,

1936 889 2041 929 non
2072 875 2365 931 obscurum
2395 887 2500 941 est,
2534 877 2688 947 cujus
2712 877 2795 933 hac
2825 881 2933 934 sint
2962 878 3227 936 factiones
3255 897 3269 934 :
3302 881 3389 938 sin
3418 881 3519 936 im-

1935 969 2136 1037 probus
2162 977 2303 1034 erat,
2329 968 2471 1038 patri
2508 969 2655 1023 reddi
2686 970 2991 1039 oportebat.
3034 970 3241 1026 Deinde
3269 986 3379 1026 non
3406 972 3517 1028 sci-

1932 1058 2056 1113 visti
2100 1058 2213 1113 bare
2252 1074 2375 1113 cum
2412 1073 2627 1128 patrare
2652 1060 2909 1116 solitum?
2946 1060 3029 1115 An
3068 1063 3248 1116 sciens
3280 1063 3517 1131 prudens

1936 1165 2039 1204 non
2075 1150 2442 1219 prohibuisti?
2471 1150 2525 1205 Si
2557 1150 2700 1205 cnim
2740 1150 3052 1222 ignorabas,
3086 1154 3152 1205 ad
3184 1161 3388 1221 patrem
3420 1167 3515 1206 cu-

1935 1243 2164 1297 stodiam
2200 1243 2472 1311 pertinere
2504 1242 2680 1299 diris?
2711 1242 2767 1297 Si
2807 1256 2937 1298 vero
2968 1243 3201 1310 sciebas,
3234 1253 3293 1298 ut
3322 1245 3517 1307 verisi—

1931 1334 2056 1387 mile
2083 1342 2188 1399 est,
2213 1332 2394 1387 futura
2420 1334 2596 1388 adhuc
2630 1348 2730 1388 nec
2761 1333 2904 1388 facta
2934 1334 3225 1402 prohibere
3258 1328 3515 1393 debebas.

1931 1421 2050 1478 lluc
2072 1424 2215 1478 enim
2239 1439 2404 1489 curae,
2431 1424 2557 1478 illud
2588 1424 2842 1496 nequitias
2870 1426 3129 1481 indicium
3159 1436 3263 1495 est;
3291 1428 3395 1483 boc
3420 1428 3514 1482 be-

1928 1513 2329 1580 nevolentiam,
2387 1513 2517 1568 illud
2567 1515 2969 1571 simulationem
3020 1517 3277 1572 declarat.
3319 1517 3515 1573 Adole-

1926 1619 2085 1660 scens
2111 1613 2217 1669 est,
2242 1620 2457 1659 omnem
2486 1604 2698 1674 culpam
2721 1606 2974 1661 sustinet.
3009 1606 3065 1661 Si
3089 1607 3234 1661 enim
3258 1607 3513 1661 emittere

1926 1708 2116 1749 vocem
2152 1695 2446 1761 voluisset,
2479 1696 2523 1750 si
2551 1696 2751 1765 aliquis
2780 1697 2912 1752 deus
2940 1696 3144 1766 (qualia
3179 1697 3345 1751 multa
3365 1698 3509 1768 apud

1926 1795 2116 1855 poetas
2150 1785 2423 1856 audimus)
2453 1785 2604 1840 illum
2633 1796 2740 1840 tam
2771 1785 2864 1841 diu
2896 1786 3225 1855 reliquisset,
3264 1786 3389 1840 dum
3416 1787 3510 1857 ju-

1924 1878 2067 1933 dicio
2091 1880 2399 1945 sisteretur,
2426 1892 2602 1933 nonne
2626 1878 2680 1933 in
2709 1878 2905 1934 mediis
2928 1877 3244 1934 vulneribus
3268 1886 3320 1933 et
3345 1879 3513 1949 plagis

1924 1965 2225 2021 clamaret:
2262 1965 2377 2036 Ego
2419 1966 2667 2032 adulter,
2704 1980 2804 2035 ego
2844 1965 3225 2036 praevaricator
3271 1966 3513 2036 improbe

1923 2059 2097 2113 dives.
2123 2056 2261 2112 Sero
2280 2057 2423 2112 enim
2449 2072 2535 2113 me
2556 2056 2950 2127 appellationes
2970 2071 3086 2121 eas,
3111 2072 3232 2127 qua:
3257 2056 3352 2111 tibi
3381 2071 3513 2112 con-

1926 2149 2178 2214 veniant,
2230 2146 2498 2214 docuisti,
2545 2149 2640 2203 sed
2669 2147 2956 2202 misertum
2979 2186 2995 2214 ,
3037 2147 3232 2217 inquit,
3263 2156 3315 2203 te
3343 2147 3512 2203 eladis

1925 2239 2058 2294 satis
2102 2239 2386 2304 indicasti,
2436 2238 2715 2309 cupiens'a
2757 2248 2809 2294 te
2841 2237 3240 2295 adolescentem
3270 2240 3513 2309 paternis

1927 2328 2225 2399 sepulturis
2247 2329 2468 2399 dignum
2501 2328 2672 2393 reddi,
2708 2336 3010 2399 opportune
3039 2342 3189 2386 sane.
3222 2328 3338 2385 Non
3369 2330 3512 2385 enim

1925 2420 2104 2477 ftedus
2133 2420 2387 2486 servasti,
2416 2427 2471 2475 et
2502 2428 2628 2475 tunc
2654 2419 2708 2473 in
2738 2428 2974 2475 mentem
3002 2418 3101 2474 tibi
3128 2420 3275 2476 venit
3294 2420 3513 2491 conjun-

1924 2529 2053 2586 gere
2082 2523 2365 2584 cognatos,
2393 2513 2609 2582 quando
2640 2512 2989 2583 implacabile
3014 2514 3219 2572 bellum
3251 2514 3305 2571 in
3332 2515 3513 2587 gladio

1923 2614 1980 2660 ct
2013 2602 2279 2661 adulterio
2311 2603 2613 2660 collocasti.

1995 2904 2087 2962 Sic
2121 2903 2298 2971 dicat,
2331 2912 2389 2961 et
2417 2902 2645 2971 scribat,
2676 2910 2731 2958 et
2762 2901 2887 2958 vita}
2921 2910 3163 2973 paternae
3196 2901 3395 2960 seriem
3433 2903 3510 2959 in-

1923 3000 2126 3064 veniat,
2150 2997 2305 3070 plura
2340 2996 2495 3069 signa
2524 3012 2632 3052 non
2666 3002 2847 3066 petam
2875 3010 2906 3050 e
2930 2994 3175 3066 vestigiis
3207 3003 3377 3051 totam
3409 3010 3508 3049 na-

1924 3102 2099 3147 turam
2131 3087 2672 3161 deprehensam.Fac
2704 3088 2896 3143 morbo
2925 3095 2979 3141 et
3004 3094 3156 3156 peste
3180 3086 3507 3142 exstinctum

217 3186 361 3259 νόσῳ
396 3189 494 3242 καὶ
524 3187 701 3259 λοιμῷ
743 3188 1121 3260 δαπανηθέντα
1161 3192 1514 3262 κομίσασθαι.
1548 3193 1818 3265 Θρηνήσω

1924 3182 2127 3248 eﬂ'erri,
2151 3180 2374 3251 plorabo
2399 3179 2482 3234 vel
2509 3186 2639 3233 tunc
2679 3179 2942 3247 agnitum,
2985 3193 3111 3232 cum
3142 3177 3275 3232 mibi
3308 3192 3504 3234 nomen

217 3277 320 3350 μὲν
353 3278 455 3334 καὶ
499 3279 622 3332 τότε
680 3280 780 3350 τὴν
820 3281 1112 3353 συντυχίαν
1161 3281 1263 3353 τῆς
1289 3283 1564 3353 γνώσεως,
1592 3285 1675 3339 ὅτι
1710 3302 1813 3356 μου

1924 3273 2093 3345 patris
2141 3272 2260 3328 solo
2302 3270 2551 3340 sepulcro
2595 3268 2921 3325 servaveris.
2971 3267 3087 3322 Erit
3136 3266 3267 3321 mliti
3314 3266 3509 3323 solatio

213 3373 316 3443 τὴν
335 3371 661 3442 ἐπωνυμίαν
697 3374 798 3442 τὴν
836 3372 932 3426 τοῦ
965 3375 1173 3446 πατρὸς
1207 3376 1353 3447 μόνῳ
1377 3376 1454 3448 τῷ
1474 3378 1632 3449 τάφῳ
1652 3379 1814 3449 τετή-

214 3479 398 3533 ρηκας
420 3480 436 3494 °
480 3466 943 3537 παραμυθήσεται
972 3467 1030 3522 δέ
1068 3487 1136 3540 με
1164 3470 1227 3523 τὸ
1270 3469 1491 3540 πέμψαι
1519 3470 1612 3524 τὸν
1649 3470 1814 3523 παῖδα

208 3557 326 3616 τοῖς
366 3554 523 3608 κάτω
574 3555 715 3622 θεοῖς
762 3561 903 3630 νόσῳ
955 3559 1206 3627 λυθέντα,
1252 3560 1329 3633 μὴ
1360 3561 1623 3633 δράμασι.
1674 3561 1814 3615 Νυνὶ

207 3648 266 3701 δὲ
293 3646 362 3718 (ὣ
395 3650 499 3720 τῆς
533 3652 803 3722 τραγικῆς
825 3653 1015 3717 ὅντως,
1049 3653 1094 3707 ὣ
1122 3657 1221 3726 τῆς
1243 3654 1423 3725 ἀώρου
1449 3655 1543 3709 καὶ
1572 3655 1813 3725 ἀπηνοῦς

206 3741 320 3794 τῶν
362 3743 771 3814 γνωρισμάτων
802 3742 1310 3817 καταμηνύσεωςῐ),
1360 3745 1523 3818 [1095
1569 3744 1661 3818 IL]
1718 3744 1813 3800 νῦν

206 3833 575 3905 ἠνάγκασμαι
624 3835 914 3907 γνωρίζειν
965 3837 1057 3891 τὸν
1096 3838 1283 3904 παῖδα,
1315 3839 1404 3892 ὅτε
1436 3838 1654 3907 ἀγνοεῖν
1690 3854 1816 3890 συν-

205 3926 407 3996 έφερε,
470 3927 565 3979 καὶ
603 3927 725 3981 τότε
780 3929 963 4001 πατὴρ
1034 3930 1440 4003 ἀναγορεύομαι
1472 3930 1540 3995 ³³,
1584 3930 1672 3984 ὅτε
1718 3926 1815 3983 καὶ

205 4017 570 4082 παιδοκτόνος
604 4019 950 4091 εὑρίσκομαι.
985 4020 1091 4075 Ἔα
1126 4038 1192 4092 με
1222 4023 1393 4094 μόνην
1420 4022 1521 4093 τὴν
1562 4021 1812 4093 μοιχείαν

204 4109 466 4181 θρηνεῖν.Ι
506 4110 586 4164 ἐνί
644 4129 750 4183 μου
782 4111 827 4144 ⁸³
884 4114 1287 4186 παραχώρησον
1324 4117 1395 4168 τά
1422 4115 1816 4187 δυστυχήματα

201 4196 479 4272 δράματι.
508 4202 573 4254 Τί
611 4202 668 4255 δέ
701 4221 767 4274 με
790 4204 1033 4277 μερίζεις
1064 4209 1176 4270 τοῖς
1204 4208 1491 4276 ποιηταῖς;
1524 4206 1575 4259 τί
1603 4206 1660 4260 δὲ
1691 4204 1817 4260 καθ’

201 4291 453 4346 ἕκαστον
495 4293 604 4347 τῶν
638 4295 786 4365 ἐμῶν
826 4297 1196 4369 ἀτυχημάτων
1227 4299 1433 4371 σκηνὴν
1454 4298 1689 4370 ὲγείρεις
1716 4298 1812 4352 xui.

203 4382 462 4457 θέατρα;
525 4384 663 4439 Νυνὶ
691 4376 761 4441 δέ
777 4389 1269 4461 παρηκολούθηκας
1328 4391 1579 4462 ἀριθμῶν
1610 4409 1714 4462 μου
1741 4390 1813 4445 τά

201 4476 636 4547 δυστυχήματα.
688 4479 800 4533 Καὶ
850 4479 972 4534 τότε
1044 4498 1150 4551 μου.
1195 4482 1484 4553 πληρῶσαι
1512 4483 1603 4537 τον
1643 4483 1814 4553 τάφον

205 4567 423 4633 θέλεις,
459 4568 547 4622 ὅτε
583 4569 674 4623 τὸν
705 4566 852 4623 οἶκον
902 4572 1197 4637 έκένωσας.
1237 4573 1418 4644 Θάψαι
1441 4592 1509 4645 με
1530 4577 1575 4608 ³⁸
1632 4575 1813 4647 βούλει

205 4657 311 4712 τὸν
360 4659 574 4727 παῖδας
641 4660 814 4731 καλῆς
842 4678 904 4729 γε
936 4661 1019 4733 (οὐ
1052 4663 1228 4735 γάρ;)
1296 4682 1387 4735 μοι
1438 4665 1747 4735 φιλοτιμίας
1767 4665 1812 4703 ³⁸

198 4740 652 4823 ’παρεχώρησαᾳ
696 4753 826 4824 Ἐμὲ
860 4753 915 4807 δὲ
945 4752 1082 4825 ἄφες
1133 4756 1338 4811 στένειν
1361 4758 1459 4821 τάς
1500 4757 1807 4830 συμφοράς’

199 4842 271 4896 σὺ
302 4844 409 4895 καὶ
442 4842 655 4910 ,θάψον,
692 4845 739 4895 εί
783 4843 979 4907 θέλεις,
1010 4846 1101 4898 τὸν
1152 4846 1518 4917 ἀνῃρημένον,
1582 4848 1677 4900 καὶ
1721 4846 1809 4909 δδς

195 4932 365 5003 αὐτῷ
425 4931 616 5003 φέρειν
672 4933 793 4987 ἀντὶ
852 4933 961 4988 τῶν
992 4936 1260 5005 ὲνταφίων
1280 4938 1348 4990 τά
1380 4937 1693 5008 σπάργανα.
1741 4938 1809 4991 Ai

197 5024 304 5076 σαὶ
361 5022 552 5093 χεῖρές
601 5026 708 5076 εἰσι
767 5025 1023 5096 τοιαύτης
1055 5028 1232 5096 ταφῆς
1276 5029 1514 5095 ὲπάξιαι.
1549 5030 1720 5082 Πόθεν
1748 5028 1807 5083 δὲ

194 5114 305 5169 καὶ
356 5114 464 5183 τὴν
505 5116 744 5185 έκφοράν
791 5118 1120 5188 ποιήσομαι;
1159 5118 1267 5172 ἀπὸ
1324 5121 1420 5191 τῆς
1453 5120 1636 5182 ἑστίας
1665 5138 1680 5187 ;
1713 5120 1809 5174 καὶ

193 5209 372 5261 ποῖον
410 5207 629 5277 δρυγμα
694 5208 793 5278 τῆς
845 5209 1137 5281 δυστυχοῦς
1162 5211 1375 5280 ἐκείνης
1410 5213 1803 5283 στυγνότερον;

193 5299 343 5370 περὶ
376 5298 508 5338 ³⁷-³⁸
538 5299 709 5371 αὐτὴν
739 5302 975 5373 δυστυχῆ
1009 5302 1257 5372 σώματα,
1284 5305 1379 5356 καὶ
1407 5303 1638 5375 φοϐερὸν
1667 5298 1806 5373 αἷμα

192 5386 357 5442 λατά
378 5387 491 5442 πᾶν
515 5390 681 5461 μέρος
703 5392 1016 5465 ἐκκέχυται,
1055 5395 1149 5447 καὶ
1178 5394 1344 5459 πολὺς
1370 5395 1527 5464 φόνος
1548 5396 1604 5447 ἐν
1625 5394 1798 5466 μέσῳ,

1920 3368 2089 3424 ίὶΙίιιηι
2118 3367 2308 3421 morbo
2342 3364 2672 3418 exstinctum
2712 3376 2814 3415 non
2851 3359 2904 3415 in
2939 3359 3201 3431 tragtndia
3227 3360 3295 3414 ad
3320 3358 3509 3415 Manes

1920 3459 2157 3514 mittere.
2198 3456 2353 3511 Nunc
2400 3470 2551 3520 vero,
2595 3469 2629 3509 ο
2663 3454 2950 3523 tragicam,
2993 3467 3027 3507 ο
3070 3452 3415 3507 immaturam
3449 3462 3509 3507 et

1920 3551 2194 3607 crudelem
2228 3551 2505 3620 signorum
2531 3546 2983 3602 declamationem
3008 3546 3021 3599 l
3045 3544 3167 3601 Jam
3210 3559 3509 3616 agnoscere

1918 3641 2087 3696 filium
2108 3648 2327 3695 coactus
2349 3655 2491 3705 sum,
2531 3637 2748 3707 quando
2768 3637 3021 3706 ignorare
3041 3635 3381 3706 praestitisset
3407 3652 3421 3690 :
3453 3644 3507 3688 et

1921 3747 2031 3793 tum
2057 3738 2272 3794 demum
2302 3738 2472 3808 patris
2498 3751 2697 3792 nomen
2733 3735 2964 3803 asrisco,
3001 3748 3124 3789 cum
3152 3732 3244 3787 filii
3280 3746 3506 3803 percus-

1918 3844 2011 3885 sor
2041 3829 2437 3899 deprehendar.
2472 3829 2603 3885 Sine
2633 3843 2721 3883 mc
2752 3825 2926 3883 solum
2957 3824 3285 3880 adulterium
3315 3822 3504 3893 deplo-

1916 3939 2070 3990 rare,
2112 3923 2210 3978 des
2249 3923 2301 3977 in
2334 3937 2441 3976 uno
2483 3922 2733 3977 dramale
2777 3919 3093 3976 infortuniis
3127 3918 3265 3973 meis
3303 3918 3502 3973 locum.

1917 4017 2058 4085 Quid
2108 4026 2288 4071 autem
2342 4031 2429 4071 me
2477 4014 2711 4071 diversis
2760 4014 2937 4082 poetis
2986 4009 3198 4067 tradis?
3250 4008 3389 4076 Quid
3436 4008 3503 4061 atl

1916 4104 2157 4174 singulas
2207 4120 2357 4159 meas
2397 4104 2733 4159 calamitates
2784 4115 3039 4166 scenam,
3094 4108 3149 4152 et
3198 4095 3503 4167 spectacula

1916 4196 2198 4253 adornas?
2226 4194 2381 4250 Nunc
2410 4209 2540 4249 vero
2567 4207 2851 4247 numerum
2899 4189 3232 4250 calamitatis
3265 4202 3397 4242 metu
3425 4186 3505 4238 vi-

1914 4290 2080 4353 disti,
2125 4295 2182 4343 et
2221 4297 2332 4341 tum
2382 4285 2681 4354 adimplere
2736 4281 3045 4350 sepulcrum
3099 4294 3278 4333 meum
3327 4276 3500 4346 cupis,

1916 4399 2039 4439 cum
2063 4382 2326 4437 familiam
2354 4377 2698 4436 exhauseris.
2727 4375 2969 4443 Sepelire
2994 4387 3174 4426 meum
3201 4370 3285 4424 vis
3309 4368 3503 4423 filium!

1916 4473 2156 4530 Honeste
2185 4472 2403 4543 quidem
2434 4486 2448 4523 :
2481 4484 2587 4523 non
2632 4450 2777 4523 enini
2821 4465 2952 4519 mibi
3001 4461 3350 4516 contentione
3377 4474 3497 4514 ces-

1920 4567 2066 4623 sisti.
2110 4563 2371 4618 Perntittc
2414 4575 2501 4614 me
2537 4558 2811 4613 fortunam
2860 4568 3034 4607 meam
3079 4550 3402 4620 deplorare:
3445 4560 3502 4604 at

1922 4670 1977 4714 tu
2008 4654 2353 4713 interfectum
2389 4652 2434 4706 si
2462 4651 2593 4704 libet
2625 4657 2785 4701 terra;
2829 4644 3047 4707 manda,
3082 4653 3247 4711 atque
3281 4642 3356 4696 illi
3402 4657 3500 4712 pro

1917 4748 2197 4820 sepultura
2253 4746 2318 4799 da
2350 4741 2544 4812 3591:
2577 4738 2796 4792 fascias.
2838 4734 2967 4789 Tuae
2993 4735 3137 4789 enim
3177 4750 3366 4788 manus
3398 4735 3499 4789 hoc

1918 4840 2169 4910 sepulcro
2198 4837 2374 4906 digna:
2407 4841 2554 4887 sunt.
2584 4828 2737 4885 Unde
2769 4837 2950 4882 autem
2985 4826 3146 4881 funus
3170 4826 3423 4883 eﬂ'eram?
3454 4828 3497 4883 Ε

1917 4927 2112 4985 dumo?
2156 4926 2223 4979 Et
2266 4922 2537 4992 quodnam
2585 4916 2894 4994 sepulcrum
2939 4916 3042 4971 hac
3092 4917 3291 4973 infelici
3338 4920 3500 4974 domo

1917 5019 2131 5077 dirius?
2164 5016 2262 5071 llic
2291 5014 2533 5069 infelicia
2563 5024 2821 5080 corpora,
2857 5018 2911 5063 et
2936 5022 3091 5064 sacer
3120 5010 3400 5079 sanguinis
3428 5013 3498 5063 ab

1915 5112 2062 5169 omni
2113 5116 2269 5179 parte
2315 5105 2519 5160 eﬂ‘usus
2570 5111 2685 5167 est,
2723 5102 2998 5171 multaque
3066 5101 3242 5157 caedes
3302 5102 3498 5170 (triste

1908 5196 2335 5274 spectaculum!)
2362 5197 2414 5250 in
2437 5192 2612 5251 medio
2626 5192 2771 5263 jacet
2794 5211 2806 5248 :
2832 5194 2970 5247 hanc
2988 5192 3204 5247 domum
3228 5190 3495 5255 dirarum,

1915 5296 2253 5356 dwmonum,
2287 5304 2353 5343 ac
2397 5286 2659 5341 furiarum
2696 5285 2869 5341 ambit
2910 5284 3127 5339 cohors.
3171 5281 3324 5339 Nunc
3366 5300 3496 5340 vero

1911 5386 2068 5460 (prob
2100 5383 2366 5440 malorum
2400 5380 2673 5452 ingentem
2693 5376 2969 5436 cumulum
2991 5376 3029 5449 !)
3051 5377 3103 5432 in
3126 5376 3294 5432 ﬁlium
3316 5392 3496 5432 arma-

1533 5574 1772 5632 VARIE
1808 5569 2214 5630 LECTlONES.

272 5700 328 5735 ³⁸
358 5701 623 5759 ἁπάντων
653 5706 732 5762 A:
759 5708 787 5761 ὁ
814 5710 1029 5765 πάντων
1062 5729 1122 5775 ς’.
1197 5713 1240 5745 ³¹
1272 5712 1410 5785 πρὸς
1442 5712 1522 5766 B:
1553 5712 1629 5777 ὡς
1660 5730 1722 5777 ς.

272 5790 300 5823 ιι
330 5771 408 5823 A.
510 5774 557 5806 ”
603 5794 688 5823 um
739 5779 841 5823 AR-
918 5781 963 5813 ιδ
995 5799 1061 5823 ηρ
1096 5781 1409 5823 ῐιρῖεριηηεο
1451 5784 1568 5823 ιίιινι
1604 5801 1722 5823 ηηη-

220 5790 300 5825 ιαι
330 5790 408 5825 A.
510 5790 557 5806 ’ν

220 5843 473 5909 υστυχεί
503 5861 563 5909 ς’.

1830 5712 1875 5744 ³²
1906 5710 2156 5777 ἐπέδειξα
2186 5708 2229 5763 Α
2262 5716 2317 5765 et
2345 5723 2489 5763 corr.
2522 5708 2592 5761 B:
2622 5701 2905 5777 ἐπέδειξας
2943 5721 3008 5777 ς.
3053 5699 3496 5777 Αξάναγορεύω·

510 5774 557 5806 ⁸⁵
602 5794 688 5847 μοι
733 5779 841 5833 ΑΒ.
918 5781 963 5813 ³⁸
993 5770 1410 5852 με’[ὶείεοιιῐίιεξ
1451 5784 1570 5841 libri
1603 5770 1728 5856 μου.
1798 5783 1843 5818 ³ο
1871 5770 2187 5853 φιλοτησίας
2216 5780 2281 5836 Α.
2358 5779 2480 5820 ’το-³⁸
2514 5776 2643 5847 περὶ
2672 5804 2741 5817 -
2762 5770 3002 5848 δυστυχῆ
3038 5774 3205 5832 ABG:
3262 5770 3405 5845 ὑπὲρ
3439 5807 3495 5820 -
