3924 6436
338 359 475 424 i329

1367 372 1898 436 BIBLIOTHECA.
1940 399 2010 412 *-
2050 375 2214 438 COD.
2249 376 2556 440 CCXLI”.

3450 381 3591 449 1330

335 475 488 545 φόϐῳ
518 474 574 527 δὲ
603 474 946 547 βιαζόμενον,
972 478 1184 534 δεδιότα
1212 481 1310 552 μέν
1341 481 1441 553 τὴν
1475 484 1742 554 μοιχείαν,
1767 484 1913 539 οὔπω

2029 489 2201 559 magis
2221 490 2590 561 obstupescas.
2620 491 2818 547 Venias
2843 466 3057 548 demum
3082 494 3148 549 ad
3173 495 3398 564 picturae
3418 510 3601 571 caput,

327 567 386 619 δὲ
417 566 667 622 συνιέντα
691 568 772 621 ὅτι
798 569 1050 625 καὶκατὰ
1077 572 1286 644 μητρὸς
1315 573 1710 642 ἀναγκάζεται.
1738 578 1919 630 Ἔστω

327 675 434 711 που
481 662 578 711 καὶ
614 658 882 731 δυστυχὴς
913 662 1232 732 πρεσϐῦτις,
1263 665 1310 716 εί
1349 663 1555 728 θέλεις’
1577 665 1786 735 γράψον
1821 665 1922 718 αὐ-

323 749 427 820 τὴν
452 749 686 820 ἐρῶσαν,
739 751 877 804 ἀλλὰ
927 753 1067 823 μετά
1104 754 1202 823 τῆς
1227 755 1462 824 ῥυτίδας,
1490 756 1624 809 ἀλλὰ
1654 755 1792 827 μετὰ
1821 757 1920 826 τῆς

326 843 505 912 κόμης
548 841 649 909 τῆς
692 843 920 906 πολιᾶς,
973 845 1059 897 ἵνα
1093 846 1291 915 μᾶλλον
1332 845 1608 919 ἐκπλήξῃς
1638 848 1715 918 τῷ
1741 865 1920 919 παρα-

324 931 472 1002 λόγῳ
534 932 629 988 τοῦ
682 934 976 1005 δράματος.
1019 936 1170 989 Ἐλθὲ
1195 937 1383 990 λοιπὸν
1414 939 1504 990 ἐπί
1537 939 1597 992 τό
1622 939 1916 1008 κεφάλαιον

322 1021 426 1090 τῆς
455 1023 704 1095 γραφῆς·
733 1025 955 1078 ὃτιλισον
989 1026 1082 1079 τὸν
1114 1027 1354 1098 δυστυχῆ
1389 1028 1599 1098 πένητα
1630 1030 1770 1082 κατὰ
1802 1030 1910 1082 τῶν

325 1113 623 1179 φιλτάτων,
683 1116 777 1168 καὶ
827 1116 1068 1170 τοσαῦτα
1097 1117 1338 1188 μίμησαι
1378 1118 1704 1188 πράγματα,
1744 1118 1917 1172 ὁπόσα

323 1205 600 1274 ἐμπλήσει
627 1207 725 1278 τὴν
750 1207 846 1278 σὴν
867 1209 1266 1282 ἀπανθρωπίαν
1283 1211 1648 1282 πλαττόμενα.
1678 1211 1922 1283 Πρόσθες

323 1297 429 1368 ἤδη
465 1298 650 1352 λοιπὸν
681 1300 774 1354 τὸν
799 1301 1082 1369 κολοφῶνα
1118 1302 1211 1356 τοῦ
1241 1304 1538 1375 δράματος,
1580 1304 1778 1358 σαυτὸν
1810 1308 1922 1368 τοῖς

324 1390 509 1456 φόνοις
539 1392 677 1462 μετὰ
731 1394 839 1448 τῶν
867 1395 1267 1466 γνωρισμάτων
1305 1396 1752 1466 ἐπιφαινόμενον,
1804 1412 1924 1466 μει-

320 1482 542 1550 διῶντα,
593 1486 836 1556 φαιδρὸν,
881 1488 993 1548 τοῖς
1028 1488 1482 1560 κατωρθωμένοις
1525 1489 1830 1560 γανύμενον
1857 1488 1924 1546 ⁸⁷.

324 1575 582 1660 Τήρησον
627 1578 763 1649 πρὸς
819 1579 968 1632 Θεῶν
1031 1581 1200 1649 κάμοί
1247 1599 1298 1634 τι
1338 1583 1502 1653 μέρος
1528 1582 1621 1636 τοῦ
1673 1582 1921 1644 πίνακος,
1968 1626 1971 1629 .

2027 592 2180 634 arma
2219 579 2490 636 infelicem
2531 596 2823 652 pauperem
2863 583 2916 638 in
2953 584 3338 653 charissimos,
3384 597 3440 644 et
3475 591 3601 645 talia

2028 672 2297 741 excogita,
2331 687 2450 742 quae
2480 672 2606 727 licet
2633 673 2780 740 ficta,
2809 674 3188 732 crudelitatem
3217 685 3361 732 tuam
3391 680 3603 740 valeant

2028 763 2264 832 explere.
2307 762 2524 833 lmpone
2571 764 2804 833 denique
2849 766 3085 821 dramati
3140 768 3332 836 ﬁnem,
3375 773 3604 841 teipsnm

2030 854 2240 908 scilicet
2276 855 2327 908 in
2373 856 2521 910 cardo
2563 857 2730 925 signis
2765 857 3086 925 quibusdam
3117 859 3476 926 eminentem,
3525 863 3604 916 ri-

2027 945 2264 1010 dentem,
2311 945 2575 1010 hilarem,
2607 957 2664 1002 et
2689 949 2846 1017 quasi
2879 965 2936 1004 re
2966 950 3101 1005 bene
3137 961 3288 1018 gesta
3325 955 3604 1009 exsultau-

2021 1049 2152 1094 tem.
2186 1036 2355 1092 Serva
2376 1049 2429 1094 et
2454 1041 2584 1095 mihi
2608 1055 2702 1111 per
2725 1048 2854 1097 deos
2884 1042 3120 1114 aliquam
3146 1057 3356 1114 partem
3386 1047 3602 1120 tabulae,

2025 1143 2092 1183 ne
2135 1130 2257 1198 quis
2300 1131 2624 1198 quaesierit:
2667 1131 2768 1185 Ubi
2811 1133 3000 1200 infelix
3043 1139 3287 1205 pauper?
3331 1138 3605 1202 Quomodo

2027 1218 2192 1275 vixit?
2217 1217 2336 1284 Qua
2351 1221 2552 1276 ratione
2578 1232 2691 1292 post
2710 1232 2782 1276 tot
2819 1239 2972 1278 casus
2994 1228 3155 1278 vitam
3187 1227 3388 1296 egerit?
3410 1228 3604 1284 Verum

2031 1325 2138 1364 non
2171 1311 2284 1366 haec
2317 1313 2407 1367 tibi
2436 1323 2692 1383 perpetua
2728 1313 2889 1370 fuerit
2921 1315 3174 1382 felicitas,
3206 1334 3238 1373 ο
3273 1319 3446 1385 dives,
3474 1329 3524 1374 et
3556 1329 3606 1374 te

2030 1411 2247 1470 oportet
2292 1403 2554 1460 dramatis
2587 1415 2792 1474 partem
2829 1421 2970 1461 esse.
3007 1406 3177 1462 Nemo
3206 1424 3443 1478 unquam
3476 1409 3607 1464 insi-

2036 1506 2193 1560 gnem
2224 1492 2457 1562 aliquam
2489 1497 2756 1564 spectavit
2788 1497 3131 1566 tragtediam.
3159 1499 3208 1552 in
3244 1515 3348 1568 qua
3389 1501 3604 1569 tyranni

2033 1597 2143 1636 non
2163 1596 2193 1636 e
2217 1582 2443 1649 pristina
2471 1581 2689 1638 fortuna
2707 1586 3025 1641 exciderunt
3060 1587 3196 1657 (58).

329 1663 416 1721 δια
461 1670 534 1740 μή
571 1688 656 1734 τις
684 1673 1014 1744 ἐπιζητήσῃ·
1050 1673 1176 1728 Ποῦ
1209 1672 1278 1726 δὲ
1307 1677 1340 1728 ὁ
1374 1674 1689 1743 δυστυχὴς
1722 1673 1956 1741 aer-nc;
1991 1671 2115 1739 πῶς
2149 1672 2285 1740 ἑζη;
2313 1672 2440 1740 πῶς
2476 1675 2612 1729 ἐσίω
2656 1677 2803 1746 μετὰ
2845 1678 3120 1744 τοιαύτας
3146 1679 3190 1710 ’⁵⁸
3248 1677 3562 1748 συμφοράς
3583 1699 3605 1744 ,-

328 1755 460 1830 [586
488 1760 579 1833 ΙΙ.]
657 1763 796 1816 Ἀλλ’
841 1765 900 1816 οὐ
932 1765 1108 1817 πάντα
1157 1766 1466 1838 χαρήσῃ⁸⁹,
1527 1767 1772 1820 πλούσιε.
1837 1767 1928 1819 Δεῖ
1965 1765 2219 1835 γενέσθαι
2261 1765 2357 1819 καὶ
2380 1766 2438 1820 σέ
2503 1767 2670 1838 μέρος
2721 1767 2816 1822 τοῦ
2871 1768 3164 1839 δράματος.
3211 1769 3400 1834 Οὐδεὶς
3461 1767 3601 1825 οἶδεν

327 1854 543 1926 ὑψηλὴν
572 1856 898 1927 τραγῳδίαν,
932 1858 1066 1912 ὃπου
1101 1858 1178 1931 μὴ
1217 1859 1474 1914 πίπτουσι
1497 1860 1772 1930 τύραννοι.

337 2033 437 2109 Ἐκ
461 2033 1081 2109 τῆςλὲπιηοαφομένης
1106 2040 1369 2108 μελέτης
1392 2039 1544 2109 μετὰ
1577 2039 1649 2094 τὰ
1685 2040 1920 2106 Μηδικὰ

400 2104 788 2178 ἐψηφίσαντο
815 2104 1122 2173 Ἀθηναῖοὶ
1171 2104 1358 2177 πρὸς-’⁷
1383 2104 1523 2175 τοὺς
1574 2104 1919 2178 ,βαρϐάρους

400 2174 690 2249 πόλεμον.
769 2179 1116 2249 Πυθόμενος
1173 2174 1546 2246 ῤ’,ϐιισιλεὺς
1615 2174 1920 2249 ὺὲτέόχετὸ

399 2247 483 2317 τὰ-
532 2248 964 2316 λελυμασμένα
980 2249 1026 2280 ⁸⁰
1070 2251 1605 2317 ἐπανορθώσασθαι
1640 2293 1654 2316 ,
1710 2247 1920 2304 ἒΓτόν

401 2315 672 2388 πόλεμον·
701 2315 1133 2374 καταλύσεων.
1173 2339 1191 2371 ι
1221 2315 1567 2388 Βουλομένων
1606 2315 1787 2374 αὐτῶν
1821 2322 1921 2374 Θε-

405 2386 702 2456 μιστοκλῆς
735 2388 1024 2457 ἀντιλέγει.
1063 2408 1082 2440 ι
1125 2419 1194 2432 -
1234 2386 1484 2445 Αὺτότό
1512 2391 1848 2460 Προοίμιον.

401 2499 571 2554 Οὔπω
621 2503 719 2572 τῆς
768 2503 985 2570 πείρας,
1033 2504 1110 2567 ὡς
1157 2503 1372 2572 ἔοικεν,
1407 2499 1452 2558 ῶ
1493 2505 1788 2576 Ἀθηναῖοι,
1817 2505 1919 2576 τῆς

325 2592 453 2645 καθ’
482 2591 638 2662 ἡμῶν
671 2594 921 2664 βασιλεὺς
956 2594 1212 2660 παύεται,
1259 2595 1361 2649 κᾶν
1393 2597 1478 2648 ἀεὶ
1526 2597 1760 2668 κρείττω
1816 2597 1917 2666 τῆς

323 2682 526 2736 ἑαυτοῦ
552 2685 745 2755 τέχνης
772 2686 862 2737 τὸν
886 2686 1086 2757 τρόπον
1131 2687 1360 2762 εὑρίσκῃ
1385 2689 1482 2758 τῆς
1504 2687 1732 2751 πόλεως.
1777 2689 1918 2757 Ἐγὼ

289 2775 387 2826 .δέ
434 2775 583 2827 οὐδὲν
642 2775 864 2846 βασιλέα
913 2780 1028 2840 τοῖς
1082 2779 1266 2841 αὐτοῖς
1289 2780 1333 2810 δι
1403 2775 1560 2842 αὖθις
1615 2780 1918 2850 ἐπιχειρεῖν

321 2866 642 2935 Θαυμαστὶιν
689 2866 873 2937 οἴομαι
906 2883 922 2899 ο
967 2868 1093 2931 τοὺς
1117 2869 1226 2938 γὰρ
1256 2872 1313 2922 ἐν
1345 2868 1548 2941 ἀπορίᾳ
1580 2869 1918 2939 καθεστηκό-

319 2976 427 3020 τας
447 2959 536 3011 καὶ
559 2959 744 3028 φόϐοις
789 2960 943 3014 οὐδὲν
981 2960 1295 3031 θαυμαστὸν
1329 2962 1497 3032 μηδὲν
1528 2961 1622 3031 ἀφ’
1662 2957 1738 3016 ῶν
1768 2961 1916 3031 διορ-

321 3051 597 3105 ίώσονται
626 3051 725 3116 τάς
773 3053 1082 3123 συμφορὰς,
1131 3054 1409 3125 εὑρίσκειν
1441 3054 1723 3110 δύνασθαι.
1756 3056 1918 3107 Ὥστε

293 3143 484 3210 ,τοῦτο
509 3145 606 3214 μὲν
627 3145 878 3214 οὐδαμῶς
901 3146 1103 3202 ἄτοπον
1123 3163 1137 3177 ·
1182 3147 1307 3210 τοὺς
1335 3147 1390 3199 δέ
1409 3148 1455 3178 ⁵³
1486 3149 1722 3218 ῥήτορας
1745 3147 1808 3202 ἄν
1835 3163 1919 3208 τις

313 3237 549 3300 δικαίως
596 3237 796 3308 μᾶλλον
828 3239 957 3301 τοὺς
1019 3239 1150 3309 παρ’
1179 3241 1311 3310 ἡμῖν
1341 3239 1696 3308 θαυμάσειεν,
1719 3239 1766 3292 εἰ
1799 3257 1919 3292 και-

2026 2034 2110 2087 Ex
2141 2035 2530 2109 Dcriqmqtione
2572 2040 2725 2106 Cujus
2767 2039 2878 2092 ha’c
2917 2040 3227 2109 inscriptio:
3262 2043 3601 2100 Athenienses

2096 2116 2208 2172 post
2243 2105 2506 2158 Medicum
2541 2105 2748 2169 bellum,
2783 2118 2968 2163 contra
3002 2105 3264 2165 Barbaros
3289 2113 3479 2167 bellum
3505 2117 3598 2167 de-

2093 2191 2314 2246 crevere.
2369 2174 2484 2240 Quo
2516 2179 2744 2246 cognito,
2779 2193 2868 2231 rex
2897 2191 3110 2245 accepta
3141 2179 3358 2246 damna,
3395 2186 3438 2236 si
3470 2185 3601 2237 bello

2093 2245 2407 2316 abstineant,
2439 2245 2792 2316 rresn’rturum
2853 2264 2962 2302 sese
3013 2253 3273 2316 promisit.
3328 2245 3353 2303 ιθ
3401 2253 3592 2308 Assen-

2095 2314 2354 2369 tientibus
2420 2315 2843 2373 Atheniensibus
2905 2314 3230 2375 contradicit
3297 2321 3603 2377 Themisto-

2091 2385 2220 2440 cles.
2251 2404 2272 2438 ›
2309 2415 2381 2426 -
2416 2384 2760 2441 Prooemium.

2091 2497 2396 2568 Numquam
2429 2499 2685 2565 adducar,
2717 2509 2773 2554 ut
2815 2504 3062 2570 credam,
3099 2504 3483 2573 Athenienses,
3515 2523 3603 2563 re-

2020 2607 2140 2662 gem
2184 2592 2236 2645 in
2273 2591 2429 2646 nobis
2465 2595 2737 2647 tentandis
2773 2595 2930 2648 finem
2965 2596 3262 2662 facturum,
3313 2599 3414 2653 etsi
3451 2599 3601 2656 inre-

2021 2686 2161 2738 nerit
2189 2684 2336 2740 cives
2375 2696 2590 2741 nostros
2626 2685 2820 2756 360!)
2852 2696 2969 2741 arte
3019 2687 3241 2743 militari
3271 2691 3598 2760 superiores.

2022 2771 2284 2840 Equidem
2311 2773 2445 2828 nihil
2472 2775 2848 2829 admirandum
2877 2788 3024 2846 puto,
3061 2778 3105 2832 si
3139 2794 3233 2834 rex
3257 2779 3447 2836 eadem
3482 2797 3601 2837 rur-

2021 2879 2113 2918 sus
2166 2873 2415 2919 attentet.
2471 2864 2770 2944 Qui'euim
2833 2868 2886 2922 in
2935 2869 3128 2924 timore
3173 2885 3237 2925 ac
3287 2883 3602 2942 paupertate

2021 2967 2310 3009 versantur
2348 2955 2482 3028 (59),
2515 2957 2645 3026 quid
2679 2959 2874 3013 mirum
2907 2960 2950 3014 si
2984 2961 3049 3013 ad
3082 2972 3229 3018 artes
3263 2963 3599 3035 confugiant,

2020 3060 2128 3115 quo
2154 3061 2264 3100 sua:
2289 3047 2607 3103 medeantur
2634 3050 2930 3106 calamitati
2956 3053 2978 3106 ?
3010 3055 3187 3119 Quare
3219 3070 3324 3112 non
3355 3056 3458 3112 hoc
3483 3073 3600 3112 om-

2020 3138 2149 3193 nino
2178 3140 2472 3195 absurdum
2501 3152 2604 3196 est.
2643 3140 2853 3198 Justius
2886 3159 3015 3199 vero
3055 3146 3174 3214 quis
3221 3157 3465 3204 oratores
3502 3165 3603 3206 no-

2021 3242 2164 3289 stros
2207 3236 2535 3302 admiretur,
2583 3237 2626 3292 si
2669 3254 2768 3293 nos
2798 3240 3059 3308 prodendi
3106 3245 3451 3298 occasionem
3499 3245 3601 3298 sibi

318 3328 422 3398 ρὺν
472 3329 658 3391 αὐτοῖς
709 3329 790 3382 ἔτι
816 3331 915 3400 τῆς
947 3329 1279 3402 [παρ’ὴμῖν]
1335 3331 1627 3401 προδοσίας
1665 3331 1913 3400 νομίζου-

2028 3320 2196 3374 adhuc
2239 3335 2360 3376 esse
2403 3331 2692 3391 putarent,
2741 3326 2960 3394 quando
3001 3341 3068 3380 ne
3105 3343 3196 3382 rex
3231 3331 3447 3400 quidem
3491 3331 3604 3400 ipse

316 3437 431 3485 σιν,
481 3421 566 3474 ὅτε
587 3421 631 3454 ⁸³
687 3421 822 3492 μηδέ
879 3422 1131 3492 βασιλεὺς
1187 3423 1474 3491 ἀρνεῖσθαι
1525 3423 1586 3474 τὸ
1631 3422 1917 3493 κρείττους

312 3510 462 3567 εἶναι
484 3512 583 3582 τῆς
614 3513 808 3566 ἑαυτοῦ
859 3513 1178 3578 δυναστείας
1211 3513 1494 3582 διέγνωκε.
1527 3513 1804 3584 Προσήκει
1855 3513 1912 3566 δὲ

316 3605 420 3656 καὶ
470 3605 677 3673 ὑμᾶς’1⁵
710 3605 784 3675 μὴ
819 3605 1034 3676 χείρους
1062 3606 1121 3660 ἐν
1168 3604 1336 3675 κοινῷ
1394 3605 1494 3675 τῆς
1552 3604 1672 3669 ἐνὸς
1722 3605 1916 3676 ἀνδρὸς

310 3694 548 3766 γνώμης
587 3696 928 3765 ἐλέγχεσθαι,
985 3700 1059 3760 ὼς
1087 3696 1237 3749 ἔστιν
1281 3696 1482 3750 ἄτοπον
1513 3695 1914 3766 φιλοτιμεῖσθαι

318 3788 490 3856 μένη
525 3789 618 3840 ἐπὶ
670 3787 747 3857 τῷ
773 3789 900 3851 τοὺς
959 3788 1274 3860 βαρϐάρους
1329 3791 1443 3851 τοῖς
1489 3789 1675 3851 ὅπλοις
1733 3791 1911 3859 νικᾷν,

313 3877 640 3933 ἁλίσκεσθαι
679 3877 736 3931 δὲ
779 3878 1036 3938 ἐλάττους
1069 3879 1126 3931 ἐν
1163 3877 1241 3949 τῷ
1272 3877 1647 3948 βουλεύεσθαι.
1693 3877 1834 3946 ’Ἤδη
1855 3877 1912 3940 δὲ

314 3971 419 4025 καὶ
452 3971 552 4034 τὰς
580 3971 750 4034 αὐτὰς
783 3971 933 4040 ἠφίει
966 3970 1147 4041 φωνὰς
1169 3972 1309 4041 ὑπὲρ
1331 3970 1442 4023 τῶν
1467 3971 1602 4024 ὅλων
1631 3973 1742 4035 τοῖς
1771 3971 1913 4034 θεοῖς

316 4063 419 4115 καὶ
445 4061 514 4114 τὰ
550 4061 688 4115 αὐτὰ
714 4062 793 4133 τῷ
823 4061 1008 4133 Πυθίῳ
1065 4061 1195 4134 περὶ
1218 4062 1326 4115 τῶν
1356 4060 1597 4132 τριηρῶν
1635 4061 1908 4127 ἐδόξαζεν.

313 4155 387 4205 Τί
418 4154 683 4225 πορθμοῖς
724 4154 960 4225 ἐνοχλεῖς
992 4155 1060 4208 δι’
1115 4155 1248 4224 ἐμέ;
1285 4153 1413 4208 τίιδὲ
1447 4153 1548 4226 ὅρη
1573 4154 1792 4225 τέμνεις
1829 4156 1910 4218 είς

311 4246 634 4312 Odi/acea»);
664 4246 715 4299 τί
749 4246 1046 4310 καλύπτεις
1101 4246 1317 4318 ⁹ἧττείρῳ
1351 4246 1410 4298 τὸ
1469 4244 1683 4316 ρόθιονς
1707 4247 1908 4300 Ἔασον

308 4338 542 4391 ἑστάναι
595 4337 688 4390 τὸν
724 4337 895 4403 Ἀθω,
959 4338 1054 4390 καὶ
1121 4338 1196 4408 μὴ
1229 4337 1413 4407 πέμπε
1451 4353 1541 4406 μοι
1561 4337 1607 4368 ⁸⁸
1660 4337 1751 4390 διὰ
1797 4337 1907 4392 τῶν

308 4430 459 4501 ὀρῶν
515 4429 652 4484 ἀλλὰ
683 4429 771 4483 διὰ
823 4430 918 4483 τοῦ
961 4430 1142 4500 ροθίου
1172 4429 1262 4482 τὸν
1307 4429 1512 4482 στόλον.
1559 4428 1697 4482 Ἀλλ’
1729 4431 1777 4481 εἰ
1813 4430 1906 4482 καὶ

305 4517 524 4572 τούτων
553 4519 735 4585 ὀλίγον
783 4518 908 4572 τινὰ
953 4521 1196 4588 ἐποιήσω
1220 4519 1395 4586 λόγον,
1427 4519 1535 4572 τῶν
1559 4518 1826 4587 οὐρανίων
1857 4519 1901 4551 ⁵⁷

307 4611 522 4680 ἀπέχου
559 4629 670 4682 μοι,
726 4612 822 4664 καὶ
872 4615 1054 4678 φεῖσαι
1075 4613 1173 4679 τῆς
1199 4613 1310 4666 ἄνω
1334 4611 1562 4682 λήξεως.
1617 4611 1780 4682 [1097
1809 4611 1899 4684 ιι]

304 4702 406 4771 Μή
443 4719 532 4772 μοι
581 4702 753 4756 νύκτα
813 4701 958 4756 ποίει
1014 4703 1110 4773 τὴν
1135 4703 1348 4773 ἡμέραν
1399 4703 1510 4765 τοῖς
1542 4701 1742 4771 βέλεσι,
1778 4701 1900 4772 μηδ’

306 4791 670 4864 ὑποτρεχέτω
704 4794 796 4849 τὸν
825 4794 976 4866 ἥλιον
997 4795 1159 4864 νέφος
1185 4794 1373 4848 ἐκτῶν
1403 4793 1572 4864 βελῶν
1601 4793 1701 4863 τῆς
1737 4794 1834 4863 σῆς
1852 4792 1898 4824 ⁵⁸

307 4888 576 4957 στρατιᾶς
631 4889 1017 4958 συγκείμενον.
1066 4886 1205 4939 Ἀλλ’
1269 4887 1422 4939 οὐδὲν
1465 4888 1560 4957 ἐᾷς
1615 4886 1895 4957 ἀκίνητον,

305 4980 400 5032 ἵνα
441 4979 499 5031 ἓν
525 4980 753 5050 γένηται
803 4983 912 5034 τῶν
941 4981 1202 5051 Μηδικῶν
1235 4981 1589 5051 διηγημάτων
1615 4982 1647 5050 ἡ
1682 4981 1837 5044 πόλις
1866 4982 1896 5051 ἡ

323 5068 650 5140 Ἀθηναίων.
681 5070 1064 5144 Φοδερώτερος
1091 5071 1148 5124 δὲ
1172 5072 1272 5141 τῆς
1303 5073 1491 5143 φήμης
1531 5071 1625 5125 ἐπὶ
1663 5072 1760 5143 τῆς
1782 5071 1903 5124 πεί-

2021 3411 2258 3480 potentia
2303 3426 2400 3466 sua
2431 3428 2528 3468 nos
2565 3415 2820 3470 fortiores
2855 3431 2977 3472 esse
3006 3430 3186 3489 negat.
3224 3421 3386 3478 Decet
3421 3432 3600 3477 autem

2019 3499 2186 3554 nihilo
2217 3515 2316 3556 nos
2359 3501 2645 3558 inferiores
2685 3505 3002 3562 existimare
3033 3508 3177 3564 illius
3216 3509 3283 3566 de
3313 3513 3468 3568 nobis
3501 3513 3599 3568 viri

2017 3594 2442 3651 existimatione.
2497 3597 2809 3653 Absurdum
2860 3605 3006 3655 enim
3053 3612 3136 3658 est
3185 3619 3282 3660 nos
3335 3602 3603 3665 Barbaros

2016 3683 2187 3739 armis
2235 3701 2529 3755 superare,
2580 3688 2809 3743 consilio
2859 3699 3039 3744 autem
3083 3693 3270 3748 iisdem
3318 3695 3602 3752 inferiores

2015 3790 2158 3830 csse.
2189 3776 2327 3843 Quin
2353 3787 2406 3832 et
2430 3779 2528 3833 has
2560 3780 2626 3834 de
2650 3779 2808 3836 nobis
2839 3783 3093 3838 omnibus
3114 3799 3274 3840 voces
3306 3787 3408 3841 diis
3431 3789 3602 3857 signi-

2017 3867 2218 3933 ﬁcavit,
2251 3878 2305 3924 et
2329 3869 2580 3940 l’ythium
2611 3871 2916 3941 Apollinem
2952 3875 3019 3929 de
3051 3876 3368 3932 triremibus
3405 3894 3603 3936 consu-

2019 3953 2114 4009 lui.
2167 3955 2306 4022 Quid
2361 3957 2497 4012 freta
2544 3967 2765 4028 propter
2807 3974 2895 4014 me
2941 3962 3164 4018 turbas?
3213 3963 3350 4030 Quid
3393 3975 3603 4023 montes

2014 4060 2204 4111 secas,
2250 4057 2308 4102 ut
2338 4049 2510 4104 instar
2556 4051 2724 4105 maris
2768 4053 3044 4110 serviant?
3100 4054 3237 4121 Quid
3277 4065 3423 4112 terra
3468 4060 3602 4130 tegis

2013 4137 2228 4192 tradas?
2271 4138 2388 4193 sine
2425 4148 2531 4195 stet
2568 4140 2772 4208 Athos,
2818 4157 2922 4197 nec
2969 4145 3279 4213 montibus,
3318 4148 3411 4201 sed
3464 4151 3597 4204 mari

2015 4231 2225 4285 innatet
2258 4231 2475 4288 classis.
2511 4232 2664 4301 Quod
2701 4234 2824 4290 licet
2855 4239 3050 4292 horum
3084 4241 3332 4310 exiguam
3361 4242 3598 4300 habuisti

2011 4322 2301 4391 rationem,
2319 4325 2652 4395 minimeque
2671 4328 2893 4395 curasti,
2917 4329 3157 4384 coelestia
3184 4347 3312 4386 vero
3341 4343 3394 4387 et
3409 4348 3600 4404 super-

2010 4428 2076 4467 na
2106 4429 2240 4470 cave
2267 4431 2338 4472 ne
2366 4418 2964 4487 attingas.Nonjaculis
2997 4422 3127 4476 mihi
3153 4439 3250 4492 pro
3281 4426 3366 4480 die
3385 4438 3596 4484 noctem

2009 4507 2256 4573 inducas,
2291 4525 2465 4580 neque
2499 4525 2529 4563 e
2561 4511 2774 4582 sagittis
2805 4513 3076 4568 exercitus
3119 4515 3191 4569 tui
3229 4517 3400 4572 nubes
3427 4519 3598 4574 densa

2007 4597 2174 4651 solem
2199 4600 2608 4670 cooperiat.Sed
2640 4603 2770 4656 nihil
2790 4602 3112 4659 intentatum
3135 4607 3416 4677 relinquis,
3433 4620 3491 4664 ut
3509 4613 3597 4666 ni-

1935 4685 1976 4738 D
2007 4690 2204 4744 mirum
2226 4691 2565 4746 Athenarum
2589 4695 2783 4750 civitas
2805 4695 3090 4752 Medorum
3114 4699 3357 4755 historia:
3389 4711 3598 4770 partem

2001 4781 2237 4852 aliquam
2259 4784 2521 4840 obtineat.
2547 4785 2776 4842 Visuscs
2798 4787 2942 4842 fama
2970 4790 3088 4860 ipsa
3115 4793 3431 4862 terribilior,
3453 4799 3598 4866 quod

2023 4879 2361 4947 experientia
2387 4879 2701 4950 didicimus,
2731 4900 2873 4939 mmc
2903 4885 2958 4940 in
2991 4887 3365 4943 continentem
3396 4901 3594 4946 terram

2007 4969 2254 5024 miranda
2279 4971 2367 5024 illa
2393 4969 2654 5036 facinora,
2682 4990 2822 5028 nunc
2843 4977 2892 5028 in
2924 4990 3073 5031 mare
3103 4980 3387 5047 gramlium
3417 4996 3596 5036 rerum

2011 5076 2239 5121 ronatus
2272 5075 2392 5122 tuos
2427 5067 2788 5138 transferens,
2813 5084 2865 5126 et
2885 5088 3026 5151 nunc
3049 5073 3266 5144 quidem
3297 5075 3348 5128 in
3379 5074 3596 5128 llznnina

1574 5209 1810 5264 VARi/E
1862 5207 2268 5264 LECTIONES.

385 5319 454 5398 "’_
494 5324 830 5398 γαννῦμενον
893 5325 1020 5398 Bg.
1100 5325 1146 5358 ⁸⁸
1201 5327 1452 5391 τοιαύτας
1506 5328 1546 5381 Α
1604 5345 1618 5382 :

309 5391 351 5442 Β
373 5409 412 5462 :A
439 5391 747 5462 λελυσμένα
779 5412 842 5458 ς.

314 5463 364 5492 ⁸³
399 5460 480 5512 ὅτι
508 5460 566 5516 Β.

305 5546 428 5585 om.
463 5531 524 5585 Β.

1681 5327 1952 5391 τοσαύτας
2006 5346 2068 5391 ς.
2143 5325 2188 5358 ⁸⁹
2243 5327 2482 5397 χαιρὴση
2535 5329 2602 5382 Α.

949 5397 991 5427 ⁸³
1022 5399 1135 5460 τοῖς
1167 5399 1352 5461 αὐτοῖς
1396 5399 1460 5462 Α,
1498 5401 1610 5461 τοῖς
1637 5399 1830 5453 ἐαυτοῦ
1859 5398 1932 5451 B:
1961 5398 2039 5465 τῷ
2081 5395 2276 5450 ἑαυτοῦ
2309 5415 2370 5461 ς’.

646 5465 694 5504 ⁸⁸
723 5465 867 5536 ὑμᾶς
919 5466 1054 5523 ABC
1087 5483 1102 5521 :
1149 5468 1294 5539 ἡμᾶς
1316 5486 1379 5534 ς.
1449 5473 1498 5507 ⁸³
1524 5469 1628 5527 μὲν
1656 5487 1766 5525 om.
1791 5472 1858 5524 A.
1932 5470 1979 5504 ⁸⁸
2013 5468 2087 5540 μὴ
2117 5468 2302 5538 πέμπε
2337 5465 2449 5538 μοι]
2477 5469 2661 5540 πέμπε
2691 5470 2767 5541 μὴ
2800 5470 2860 5524 Β.
2887 5465 2902 5470 ’
2937 5471 2980 5502 ⁵⁷
3003 5465 3248 5540 οὖράνῶν
3285 5465 3344 5524 Β.
3418 5471 3464 5503 ⁸⁸
3500 5476 3594 5542 σῆς

2713 5328 2774 5372 ⁵ο.
2802 5329 3204 5401 λελυμασμένα
3236 5329 3302 5396 Α,
3327 5329 3597 5401 λελυμένα

2445 5399 2489 5470 _”
2533 5399 2589 5470 δὲ
2639 5415 2750 5453 om.
2783 5397 2850 5464 A,
2887 5408 3008 5470 post
3043 5397 3298 5470 ῥήτορας
3327 5397 3476 5468 punit
3535 5403 3592 5454 li.

1847 5604 2083 5662 ΝΟΤᾸΞ.

383 5711 500 5782 (58)
523 5710 802 5769 .Iuveualls
875 5715 992 5772 Sat.
1027 5733 1080 5782 x,
1115 5733 1256 5772 vers.
1298 5719 1398 5774 l2:

387 5785 466 5858 {id
491 5799 738 5858 generum
758 5783 962 5841 Cereris
986 5789 1099 5841 sine
1121 5790 1262 5842 crede
1283 5799 1331 5842 et
1355 5789 1564 5846 vulnere
1587 5793 1742 5858 pauci

388 5852 724 5908 Descendunt
755 5871 922 5927 roges,
951 5868 998 5912 et
1026 5859 1166 5914 sicca
1203 5869 1369 5916 morte
1400 5852 1633 5931 tyranni.

2113 5724 2226 5794 (59)
2265 5723 2486 5780 Persius
2527 5745 2538 5780 :

2130 5795 2382 5864 Magister
2425 5798 2555 5850 artis
2603 5796 2899 5867 ingeniique
2947 5796 3172 5868 largitor
3207 5809 3374 5852 τεκέει-
