3924 6430
466 356 602 424 1331

1566 360 1831 423 PHOTII
1858 360 2366 423 PATRIARCHfE.
2388 361 2491 422 ΟΡ.

3553 349 3663 415 1332

452 474 661 545 copias,
690 485 835 529 nunc
865 488 916 529 ιιι
948 470 1118 531 setiam
1145 474 1325 547 jacula
1352 515 1368 542 ,
1400 475 1454 531 in
1486 475 1683 533 ﬂuctus
1713 478 1879 548 ﬂagra
1911 477 2038 533 mit-

2146 494 2244 549 ρας
2270 477 2618 547 φαινόμενος,
2653 472 2749 527 νῦν
2786 470 2885 545 μὲν
2909 467 3001 524 ἐπὶ
3027 468 3127 541 τῆς
3150 464 3378 539 ἠπείρου
3398 464 3463 520 τὰ
3489 465 3662 540 θαύμα-

455 566 545 621 tis.
581 564 735 621 Mons
774 566 1027 636 procellis
1064 567 1307 636 agitatus
1337 569 1646 637 navigatur,
1674 568 1870 623 fretum
1896 569 2034 624 inte-

453 673 608 731 grum
636 667 799 729 ponte
828 658 1123 714 commisso
1159 659 1389 729 pedibus
1435 658 1729 727 trajicitur.
1768 658 1872 715 Per
1913 674 2033 716 me-

452 751 600 804 dium
630 750 807 805 Athon
846 751 1103 820 navigant
1130 751 1407 818 triremes,
1431 751 1482 805 in
1520 748 1776 805 ﬂuctibus
1806 766 2035 806 curren-

456 848 562 892 tem
607 837 885 894 Medorum
928 841 1062 895 vidit
1106 842 1407 912 equitatum
1462 840 1870 911 Hellespontum.
1902 841 2037 897 Tre-

457 929 599 985 centi
666 930 924 1001 Spartani
974 943 1134 987 erant
1187 935 1428 999 milites,
1487 934 1783 989 auxiliares
1834 935 2033 1005 cepizn,

456 1023 652 1094 reliqui
696 1039 825 1080 vero
871 1026 1209 1081 diversarum
1252 1038 1409 1083 erant
1453 1027 1715 1096 gentium.
1765 1027 2039 1083 Scivimus

457 1117 657 1172 bellum
694 1118 1055 1187 periculosius
1083 1119 1250 1190 priori
1279 1129 1331 1175 te
1359 1118 1647 1187 conﬂasse,
1684 1136 1791 1176 non
1822 1119 1969 1175 mille
1986 1128 2041 1172 et

458 1219 734 1266 trecentas
765 1210 832 1265 ad
883 1212 1072 1267 urbem
1119 1212 1371 1269 triremes
1420 1213 1675 1279 adducis,
1706 1228 1809 1270 nec
1843 1212 2039 1267 ﬂuctus

459 1312 601 1357 terra
628 1304 764 1372 tegis
791 1304 1125 1369 continente,
1174 1320 1351 1376 neque
1383 1316 1585 1362 terram
1619 1307 1888 1361 militibus
1936 1318 2038 1358 an-

457 1404 671 1462 gustam
730 1394 837 1448 tuis
869 1395 1074 1462 reddis,
1115 1405 1169 1451 et
1199 1396 1465 1453 elementa
1498 1407 1587 1452 tuo
1611 1396 1730 1453 usui
1764 1398 1884 1452 loco
1923 1410 2040 1452 mo-

459 1483 568 1536 veri
592 1483 765 1553 cogis.
803 1482 1010 1538 Novisti
1045 1485 1191 1539 enim
1226 1501 1313 1541 me
1345 1488 1429 1543 liis
1463 1487 1720 1543 omnibus
1751 1486 2038 1543 fortiorem

454 1575 749 1628 exstitisse.
784 1572 1057 1645 Babylone
1087 1577 1271 1644 copias
1289 1577 1569 1633 adducens
1598 1578 1802 1650 361a
1848 1579 2038 1637 urbem

456 1680 759 1736 oppugnas,
803 1676 857 1721 et
884 1682 981 1737 per
1010 1683 1294 1740 praecones
1328 1686 1427 1727 nos
1457 1671 1729 1727 machinis
1759 1673 1867 1728 tuis
1908 1673 2042 1729 ado-

456 1754 606 1822 rlris,
638 1765 693 1812 et
721 1756 970 1828 gloriam,
1010 1762 1346 1831 praecipuum
1378 1762 1692 1831 reipublicae
1720 1771 1919 1819 nostra:
1950 1778 2043 1819 or-

457 1857 771 1902 namentum
818 1850 1182 1920 legationibus
1231 1851 1549 1923 perfringis,
1575 1868 1681 1910 non
1712 1862 1895 1909 autem
1928 1863 2038 1913 tro-

454 1938 588 2007 pzeis
642 1949 785 1995 terra
832 1943 1081 2012 marique
1116 1944 1348 2010 erectis,
1409 1945 1632 2015 haecque
1686 1945 1934 2002 beneﬁcii
1982 1955 2040 2003 et

455 2031 648 2101 gratia
676 2033 893 2089 nomine
926 2034 1183 2105 appellas.
1216 2035 1273 2090 Si
1308 2035 1393 2091 illa
1429 2036 1718 2093 scribenda
1754 2038 2040 2097 existime-

460 2122 563 2188 tis,
616 2137 735 2192 quae
783 2125 1034 2180 manibus
1079 2126 1329 2181 facienda
1374 2138 1540 2194 sunt,
1585 2136 1640 2182 at
1671 2143 1791 2199 qua:
1831 2132 2041 2203 scripta

456 2223 587 2268 sunt
635 2229 739 2269 non
780 2215 1051 2283 facienda,
1094 2225 1154 2273 ut
1202 2217 1440 2274 illustres
1483 2221 1682 2275 vestris
1731 2224 2042 2293 appareatis

454 2305 709 2373 decretis,
751 2305 913 2364 factis
950 2318 1130 2365 autem
1170 2309 1480 2368 dissimiles.
1518 2312 1664 2368 Bene
1717 2315 1901 2371 habet.
1939 2314 2040 2371 Hic

454 2397 686 2452 consilio
710 2399 982 2467 egregius,
1010 2400 1180 2471 gestis
1213 2417 1319 2456 non
1347 2402 1417 2457 ita
1440 2403 1733 2471 excellens,
1763 2420 2042 2475 nunquam

455 2487 761 2555 perfectam
794 2488 1009 2545 laudem
1060 2494 1377 2561 reportavit,
1415 2496 1508 2550 sed
1546 2510 1766 2566 semper
1790 2512 1914 2552 cum
1945 2512 2046 2553 ex-

453 2577 711 2647 ceptione
754 2578 1005 2635 laudatus
1031 2593 1132 2636 est.
1160 2582 1296 2656 Nam
1327 2584 1489 2639 tinem
1514 2600 1723 2651 omnes,
1756 2595 1815 2641 ut
1862 2588 2045 2643 consi-

2137 587 2228 633 τα,
2272 568 2368 624 νῦν
2412 569 2469 623 δέ
2515 566 2839 638 μεταφέρων
2884 562 2984 635 τὴν
3023 560 3416 631 μεγαλουργίαν
3460 558 3545 611 ἐπὶ
3586 562 3669 630 τὴν

2139 659 2435 724 θάλατταν,
2488 658 2583 711 καὶ
2632 654 2727 710 νῦν
2780 654 2878 725 μὲν
2945 651 3202 720 ἐπαφιεὶς
3228 651 3336 712 τοῖς
3362 650 3602 717 ποταμοῖς
3620 650 3671 704 τδ

2140 752 2477 823 στράτευμα,
2532 749 2627 803 νῦν
2662 747 2720 802 δέ
2750 746 2888 818 ἡλίῳ
2924 744 2995 799 τὰ
3039 744 3189 815 βέλη,
3240 741 3333 795 νῦν
3359 740 3414 795 δέ
3446 740 3517 810 τῷ
3542 739 3673 811 ῥοθίῳ

2138 845 2238 908 τὰς
2289 842 2584 914 μάστιγας.
2616 841 2782 913 Ὀρος
2827 837 3047 892 ἐπλεῖτο
3064 838 3107 870 ⁸³
3152 834 3559 907 χειμαζόμενον,
3599 833 3676 887 καὶ

2137 935 2389 1006 πορθμὸς
2444 935 2564 996 ὅλος
2611 929 2956 1002 γεφυρωθεὶς
3024 926 3341 993 ἐπεζεύετοο
3396 923 3561 987 Ἀθως
3607 923 3678 976 διὰ

2142 1030 2311 1101 μέσου
2355 1028 2605 1099 τριήρεις
2650 1024 2888 1095 ἔπεμπε,
2933 1023 3027 1077 καὶ¹
3064 1021 3162 1092 τὴν
3226 1019 3388 1072 ἵππον
3433 1016 3562 1086 ὑπὲρ
3602 1017 3678 1070 τοῦ

2144 1122 2325 1194 ροθίου
2372 1120 2604 1174 θέουσαν
2669 1116 2769 1189 τὴν
2840 1114 3093 1187 Μηδικὴν
3160 1111 3558 1180 Ἑλλήσποντος.
3602 1108 3679 1171 Εἰς

2139 1214 2489 1288 τριακοσίους
2546 1208 2617 1285 ἦν
2658 1210 2887 1274 ὁπλίτας
2940 1209 3004 1263 τὸ
3067 1207 3221 1278 παρά
3273 1201 3682 1272 Λακεδαιμονίοις

2140 1305 2355 1377 ὄφελος,
2396 1304 2456 1358 οἱ
2516 1303 2574 1356 δὲ
2613 1300 2796 1355 λοιποὶ
2837 1299 2981 1371 τύχῃ
3039 1297 3101 1350 τὸ
3138 1295 3297 1365 γένος
3338 1290 3593 1363 ἐμέριζον.
3623 1291 3682 1343 Οὐ

2139 1397 2377 1469 λέληθας
2431 1396 2582 1467 ἡμᾶς
2613 1394 2774 1449 ἄλλον
2802 1392 3103 1461 δεινότερον
3118 1388 3162 1420 ⁸ο
3202 1385 3423 1454 ἐπάγων
3458 1382 3546 1437 τοῦ
3571 1398 3683 1453 προ‹

2140 1490 2307 1561 τέρου
2343 1488 2602 1557 πόλεμον.
2640 1483 2839 1539 Οὐκέτι
2858 1481 3036 1553 χιλίας
3066 1478 3162 1535 καὶ
3193 1475 3466 1537 διακοσίας
3496 1475 3537 1507 ’ί
3562 1474 3684 1545 τριή-

2147 1594 2262 1651 ρεις
2294 1577 2525 1647 πληροῖς
2580 1575 2724 1630 κατά
2767 1574 2868 1645 τῆς
2909 1571 3139 1637 πόλεως,
3177 1568 3300 1623 ούδέ
3353 1564 3684 1636 ἀποκρύπτεις

2142 1670 2360 1741 ἡπείρῳ
2398 1669 2461 1723 τὸ
2527 1668 2707 1741 ῥόθιον
2726 1707 2742 1735 ,
2796 1665 2919 1720 ούδέ
2961 1662 3320 1735 στενοχωρεῖς
3371 1657 3684 1731 στρατιώταις

2142 1760 2243 1832 τὴν
2294 1760 2524 1832 ἠπειρον
2546 1800 2561 1827 ,
2614 1758 2740 1813 ούδέ
2792 1756 2861 1811 τὰ
2911 1757 3154 1826 στοιχεῖα
3195 1752 3335 1826 πρὸς
3382 1750 3480 1822 τὴν
3524 1748 3683 1805 σαυτοῦ

2145 1852 2337 1925 χρείαν
2360 1849 2799 1920 καταναγκάζεις
2830 1846 3357 1920 μετασκευάζεσθαι’
3383 1840 3571 1908 οῖδαςίί
3602 1843 3684 1912 γὰρ

2145 1946 2223 2010 ὡς
2248 1942 2468 2000 πάντων
2485 1943 2709 1997 ἐκείνων
2724 1939 2851 2014 [587
2873 1938 2968 2013 ιε]
2988 1938 3255 2010 κρείττων
3273 1936 3532 2007 ἐγενόμην
3552 1934 3685 2007 μαχό-

2153 2053 2337 2109 μενος.
2381 2033 2515 2089 Ἀπὸ
2536 2032 2855 2097 Βαϐυλῶνος
2881 2030 3242 2099 προσϐάλλεις
3261 2030 3307 2063 ⁸³
3337 2031 3404 2099 τῇ
3426 2026 3584 2092 πόλει,
3614 2026 3683 2079 καὶ

2147 2129 2236 2184 διὰ
2259 2126 2366 2181 τῶν
2389 2124 2647 2199 κηρύκων
2675 2126 2806 2197 ἡμῖν
2828 2123 3056 2196 ἐφιστᾷς
3084 2121 3457 2195 μηχανήματα
3485 2117 3571 2172 καὶ
3596 2119 3684 2181 ταῖς

2148 2220 2467 2293 πρεσϐείαις
2515 2217 2815 2290 διορύττεις
2847 2218 2948 2289 τὴν
2986 2216 3085 2271 ἐπὶ
3109 2214 3218 2268 τῶν
3246 2211 3543 2268 καλλίστων
3568 2210 3684 2278 φιλο-

2145 2312 2338 2384 τιμίαν
2368 2310 2469 2382 τῆς
2515 2310 2723 2375 πόλεως
2744 2309 2812 2376 ⁸⁸,
2871 2309 2965 2364 καὶ
2992 2306 3167 2363 ταῦτα
3218 2304 3430 2378 δωρεὰς
3451 2301 3685 2373 ὀνομάζεις

2143 2404 2241 2459 καὶ
2277 2404 2532 2475 χάριτας.
2564 2402 2657 2474 Μὴ
2685 2401 2821 2474 πρὸς
2857 2399 3139 2472 τροπαίων
3170 2396 3259 2452 διὰ
3286 2398 3395 2467 γῆς
3421 2394 3509 2449 καὶ
3531 2392 3686 2446 θαλάτ-

2142 2513 2241 2565 της
2261 2495 2306 2528 ⁸⁵
2329 2494 2738 2566 ἐγηγερμένωνί
2764 2493 2827 2547 El
2856 2494 2904 2526 “
2934 2492 3034 2562 μὲν
3089 2490 3183 2546 οὖν
3228 2488 3411 2543 οἴεσθε
3447 2487 3547 2541 δεῖν
3562 2482 3687 2555 εγρά-

2150 2604 2275 2657 φειν
2302 2586 2403 2658 μὲν
2431 2587 2468 2642 ἃ.
2490 2586 2595 2658 χρὴ
2628 2587 2821 2651 ποιεῖν,
2846 2584 2884 2640 ἀ
2913 2584 2957 2638 δ’
2977 2584 3045 2638 ἂν
3070 2580 3326 2655 γράψητε
3356 2579 3402 2611 ⁸⁷
3432 2578 3501 2650 μὴ
3533 2577 3684 2641 ποιεῖν,

454 2667 591 2721 lium
626 2668 990 2740 admirentur,
1043 2682 1389 2741 exspectant.
1429 2674 1533 2731 Hic
1583 2685 1767 2733 autem
1809 2692 1841 2733 a
1878 2679 2043 2736 rebus

2150 2683 2246 2736 καὶ
2276 2681 2523 2754 λαμπροὶ
2569 2681 2670 2753 μὲν
2696 2681 2789 2735 ἐπὶ
2821 2680 2930 2735 τῶν
2958 2678 3329 2751 ψηφισμάτων
3371 2672 3625 2745 φαίνεσθαι
3637 2671 3686 2737 ⁸⁸,

452 2761 887 2830 experimentum
913 2764 1133 2833 capiens
1156 2766 1227 2821 ob
1258 2767 1373 2822 haec
1397 2776 1656 2839 utraque,
1696 2785 1815 2840 quae
1838 2772 2041 2839 optime

2149 2773 2239 2829 διὰ
2265 2774 2323 2828 δέ
2369 2773 2480 2830 τῶν
2509 2774 2689 2846 ἔργων
2735 2774 2833 2844 ούχ
2878 2773 3092 2844 ὅμοιοι,
3120 2770 3301 2834 καλῶς
3352 2768 3483 2839 ἔχει.
3541 2766 3590 2819 '0
3616 2764 3688 2835 μὲν

455 2862 635 2919 tenet,
681 2856 979 2924 suspicitur
1014 2875 1028 2912 :
1065 2858 1135 2912 ob
1194 2859 1518 2914 sententiam
1565 2876 1684 2916 cum
1729 2862 2038 2933 judicavit:

2149 2867 2260 2940 γὰρ
2286 2869 2344 2921 ἐν
2369 2867 2449 2940 τῷ
2480 2867 2827 2938 βουλεύεσθαί
2851 2883 2904 2920 τι
2926 2864 3200 2936 λαμπρὸς,
3225 2861 3305 2933 τῷ
3350 2862 3424 2932 μή
3450 2878 3530 2913 πω
3569 2855 3689 2927 δῆλος

455 2942 581 2998 dein
610 2944 680 2999 ob
706 2944 911 3000 factum
936 2961 1058 3001 cum
1085 2949 1307 3003 decreta
1335 2948 1495 3007 factis
1526 2966 1632 3005 non
1658 2955 1930 3026 coarguit.

2150 2953 2348 3012 εῐναι⁶⁹
2378 2961 2460 3013 ὅτι
2518 2958 2614 3012 καῖ⁵
2644 2959 2903 3029 πράξειεν
2924 2958 2995 3023 ’⁸,
3027 2954 3180 3009 οὕπω
3208 2952 3464 3024 καθαρῶς
3515 2950 3600 3022 τὴν
3623 2947 3690 3000 εὐ-

454 3033 670 3104 φημίαν
728 3037 1036 3106 κομίζεται,
1067 3039 1183 3094 ἀλλ’
1203 3041 1283 3094 ἔτι
1312 3041 1451 3112 πρὸς
1495 3043 1623 3108 τοὺς
1654 3046 1911 3112 ἐπαίνους
1944 3047 2246 3119 ἀμφίϐολος
2270 3067 2285 3082 ⁸
2322 3053 2679 3125 περιμένουσι
2706 3052 2813 3124 γὰρ
2837 3049 2899 3104 τδ
2926 3049 3082 3113 τέλος
3141 3048 3385 3109 ἅπαντες
3411 3084 3428 3111 ν
3494 3044 3571 3096 ἵνα
3617 3038 3689 3110 τὴν

453 3124 683 3196 γνώμην
713 3125 1088 3200 θαυμάσωσιν.
1135 3130 1194 3184 '0
1225 3131 1270 3185 δ’
1296 3127 1379 3196 οἷς
1414 3132 1556 3203 ἔγνω
1584 3137 1766 3202 καλῶς
1837 3140 1934 3193 καὶ
1979 3141 2080 3213 τὴν
2115 3143 2224 3197 ἀπὸ
2277 3124 2405 3200 τῶν
2455 3145 2639 3217 ἔργων
2683 3147 2879 3215 πεῖραν
2935 3141 3211 3213 ἐλόμενος,
3270 3138 3368 3193 ἐπ’
3412 3134 3690 3209 ἀμφοτέροις

456 3218 820 3289 θαυμάζεται,
870 3220 971 3293 τὴν
1023 3221 1122 3295 μέν
1176 3223 1422 3298 γνώμην,
1479 3223 1562 3293 οἷς
1625 3229 1829 3303 ἔκρινε,
1863 3233 1964 3304 τὴν
1992 3233 2050 3288 δέ
2090 3235 2371 3308 πρᾶξιντί,
2408 3230 2491 3303 οἷς
2523 3237 2623 3291 οὐκ
2678 3235 2875 3309 ἡλεγξε
2907 3235 2976 3289 τὰ
3015 3232 3366 3307 ψηφισθέντα
3426 3232 3530 3295 τοῖς
3581 3226 3690 3299 πρά·

454 3326 686 3380 γμασιν.

532 3404 793 3460 Libenter
828 3415 1011 3464 autem
1051 3422 1145 3464 eos
1167 3409 1258 3481 qui
1284 3412 1690 3483 contradicunt,
1727 3417 2039 3491 interroga-
2068 3425 2112 3485 (Ξ

456 3494 585 3561 rim,
622 3505 827 3562 utrum,
860 3512 983 3553 cum
1015 3498 1213 3555 bellum
1245 3506 1794 3577 conﬁrmaveramus,
1822 3519 2046 3567 contraa

455 3584 696 3639 dixerint
722 3625 738 3652 ,
777 3602 844 3641 an
874 3588 1112 3657 quietem
1154 3605 1403 3651 amantes
1435 3599 1745 3654 consentire
1772 3615 1893 3656 cum
1915 3617 2047 3658 con-

456 3677 791 3736 sultantibus
852 3680 1057 3752 dignati
1109 3685 1239 3740 sint.
1297 3686 1355 3743 Si
1401 3705 1506 3743 non
1562 3694 2041 3763 contradixerint,

458 3782 566 3824 non
601 3771 761 3825 modo
786 3772 964 3839 nobis,
993 3789 1182 3831 verum
1216 3777 1380 3833 etiam
1419 3780 1522 3835 sibi
1558 3782 1687 3851 ipsis
1741 3799 2046 3854 repugnan-

460 3862 533 3915 tia
568 3861 751 3919 l'acere
774 3865 1050 3933 videntur,
1077 3869 1162 3925 bis
1199 3885 1294 3925 eos
1330 3887 1591 3931 accusare
1621 3876 1883 3945 nitentes,
1906 3894 2044 3949 quos

458 3954 517 4007 in
561 3952 826 4020 judicium
856 3971 1054 4013 vocare
1082 3968 1411 4029 statuentes,
1466 3965 1592 4019 dum
1645 3981 1732 4022 res
1773 3982 2045 4039 prosperat

460 4054 670 4113 essent,
707 4048 984 4104 silentium
1032 4051 1381 4109 induxerunt.
1415 4055 1600 4126 Neque
1638 4060 1783 4115 enim
1814 4076 1845 4117 e
1875 4078 2045 4132 pravo

459 4134 679 4204 ingenio
704 4137 937 4195 libentes
968 4154 1026 4196 se
1052 4144 1339 4204 utilitatem
1373 4149 1689 4207 occultasse
1718 4151 1918 4208 dicent.
1940 4152 2046 4210 Ve-

461 4240 582 4279 rum
622 4228 665 4283 si
707 4232 1148 4290 contradicentes
1202 4250 1367 4292 causa
1402 4240 1723 4311 ceciderint,
1769 4246 2044 4313 quomodo

457 4332 568 4372 non
608 4318 836 4388 ignaviae
882 4323 980 4389 rei,
1017 4324 1134 4381 haec
1178 4326 1375 4382 iterum
1424 4333 1807 4401 aggredientes
1836 4335 2044 4404 dicere,

458 4423 581 4477 quae
610 4412 760 4480 prius
798 4414 891 4482 qui
924 4415 1040 4469 ausi
1072 4426 1219 4483 sunt,
1255 4419 1491 4475 minores
1514 4420 1638 4478 esse
1668 4426 2047 4482 contradicen-

461 4502 606 4555 tibus
634 4504 871 4559 eonvicti
903 4506 1077 4561 sunt?
1111 4507 1167 4563 Si
1207 4526 1341 4566 vero
1376 4514 1748 4580 dissolvimus,
1794 4533 1916 4587 quae
1948 4519 2046 4573 de-

459 4594 751 4661 crevimus,
784 4612 891 4651 non
938 4599 1042 4655 erit
1080 4600 1270 4673 utique
1300 4606 1617 4674 obscurum,
1649 4624 1746 4664 nos
1770 4619 1825 4664 et
1862 4610 2045 4665 nimia:

461 4683 933 4741 facilitatis‘simul
983 4700 1039 4745 et
1089 4694 1417 4751 temeritatis
1455 4698 1667 4753 crimen
1715 4700 2040 4758 subituros:

2231 3417 2432 3481 Ἡδέως
2460 3414 2506 3469 δ’
2526 3414 2593 3470 ἂν
2627 3413 2859 3487 ἐροίμην
2887 3416 3015 3478 τοὺς
3060 3412 3468 3481 ἀντιλέγοντας,
3507 3413 3691 3483 πότερον

2147 3514 2401 3569 ἀντεῖπον
2448 3508 2612 3581 ἡνίκα
2641 3506 2949 3578 ἐκυροῦμεν
2995 3506 3086 3560 τὸν
3117 3505 3435 3576 πόλεμον,ἡ
3462 3505 3551 3577 τὴν
3590 3507 3689 3575 ἡσυ-

2146 3602 2271 3673 χίαν
2329 3600 2554 3669 ἄγοντες
2605 3596 2773 3651 είκειν
2829 3594 3017 3666 ἠξίουν
3064 3596 3181 3658 τοῖς
3240 3594 3689 3666 συμϐου).εύουσιν;

2148 3694 2212 3748 Εἰ
2245 3694 2343 3765 μὲν
2399 3691 2511 3762 γὰρ
2550 3691 2651 3744 οὐκ
2699 3691 2972 3757 ἀντεῖπον,
2998 3690 3094 3760 οὐχ
3127 3691 3257 3760 ἡμῖν
3286 3691 3451 3759 μόνον
3479 3688 3597 3743 ἀλλᾶ
3621 3687 3691 3739 καὶ

2149 3787 2331 3857 σφίσιν
2390 3784 2574 3847 αὐτοῖς
2642 3782 2904 3836 τάναντία
2978 3782 3308 3852 πράττοντες
3333 3783 3380 3814 ⁷¹
3436 3781 3689 3851 φαίνονται,

2145 3878 2356 3941 τούτοις
2434 3874 2691 3944 ἐγκαλεῖν
2754 3874 3165 3939 σπουδάζοντες,
3219 3869 3320 3938 οἷς;
3351 3875 3427 3938 ὡς
3475 3872 3693 3926 κάλλιστα

2147 3970 2333 4040 ἔχουσι
2391 3966 2606 4038 σιωπὴν
2662 3964 3025 4037 ἐπεφήμιζον.
3068 3965 3144 4018 Οὑ
3177 3965 3285 4036 γάρ
3316 3981 3420 4018 που
3454 3958 3691 4031 δυσνοίᾳ⁷³

2148 4080 2213 4132 γε
2269 4061 2503 4133 φήσουσι
2554 4059 2615 4112 τὸ
2658 4057 2939 4128 συμφέρον
2993 4056 3217 4120 ἑκόντες
3286 4052 3689 4128 ἀποκρύψασθαι.

2162 4152 2323 4206 Ἀλλὰ
2350 4150 2458 4222 μὴν
2484 4149 2602 4218 εῐγε
2653 4148 3004 4213 ἀντειπόντες
3058 4148 3398 4219 ἡττήθησαν,
3463 4146 3570 4208 πῶς
3614 4142 3691 4196 οὐκ

2145 4243 2424 4306 ἀναιδείας
2444 4242 2491 4275 ⁷⁸
2528 4239 2822 4296 ὑπεύθυνοι
2849 4241 2917 4295 τὰ
2942 4239 3087 4295 αὐτὰ
3124 4240 3305 4309 λέγειν
3333 4235 3692 4310 ἐπιχειροῦντες

2147 4336 2419 4406 δεύτερον,
2441 4334 2477 4388 δ.
2503 4332 2740 4405 πρόσθεν
2774 4333 2949 4386 εἰπεῖν
2969 4332 3341 4404 τολμήσαντες
3370 4332 3556 4402 ἥττους
3580 4321 3690 4378 εἶναι

2146 4428 2257 4482 τῶν
2287 4426 2675 4495 ἀντιλεγόντων
2697 4423 3077 4495 ἡλέγχθησαν;
3103 4422 3198 4475 καὶ
3230 4421 3338 4492 μὴν
3368 4419 3483 4488 εῖγε
3502 4416 3694 4485 λύσομεν

2152 4521 2189 4576 ἃ.
2206 4518 2625 4591 κεκυρώκαμεν,
2652 4518 2753 4571 ούκ
2771 4504 2963 4587 ἄδηλον
2984 4515 3253 4586 δήπουθεν
3280 4513 3355 4577 ὡς
3380 4509 3635 4582 εὐχερείας
3648 4521 3693 4557 τε

2151 4611 2287 4685 ὁμοῦ
2319 4613 2414 4666 καὶ
2465 4611 2722 4675 ἀϐουλίας
2754 4609 2955 4674 ὄνειδος
2984 4608 3202 4679 ἕξομεν,
3234 4606 3489 4667 ἀϐουλίας
3531 4602 3615 4674 μὲν
3637 4599 3694 4661 ὡς

2154 4710 2215 4762 ἐν
2262 4708 2404 4779 ἀρχῇ
2455 4707 2573 4761 δέον
2628 4706 2809 4777 εὑρεῖν
2852 4705 2914 4758 τὸ
2969 4703 3249 4774 συμφέρον
3279 4700 3692 4770 ἀδυνατήσαντες,

465 4778 794 4831 temeritatis
839 4781 1081 4848 quidem,
1116 4787 1259 4854 quod
1306 4788 1462 4844 initio
1493 4805 1615 4845 cum
1644 4801 1926 4861 oporteret
1964 4795 2043 4849 in-

2154 4778 2439 4870 εύχερείας
2494 4797 2550 4851 δέ
2613 4796 2689 4859 ὡς
2732 4794 2825 4864 ἀφ’
2854 4788 2929 4848 ὧν
2967 4794 3263 4865 ἐκρίναμεν
3310 4790 3514 4860 ταχέως
3571 4781 3695 4845 αὖθις

462 4868 735 4935 vesﬁgare
801 4869 934 4925 utile
982 4888 1126 4928 nunc
1159 4891 1266 4931 non
1301 4881 1576 4949 potuimus
1606 4899 1620 4937 :
1655 4883 1839 4939 nimiae
1868 4882 2046 4941 facili-

466 4960 595 5015 tatis
618 4976 738 5017 cum
764 4977 828 5018 ea
857 4979 978 5033 qua:
1000 4964 1344 5026 decrevimus
1370 4976 1583 5040 statim,
1618 4986 1673 5031 et
1701 4992 1769 5033 ex
1804 4986 2049 5047 tempore

465 5056 947 5113 commutavimus.
992 5060 1243 5117 Nondum
1300 5064 1598 5120 maximum
1638 5069 1845 5124 crimen
1891 5070 2047 5137 dico,

464 5144 592 5213 quia
633 5146 943 5207 videbimur
983 5153 1309 5209 necessitate
1346 5157 1474 5211 victi
1521 5159 1679 5215 nobis
1726 5162 1861 5232 ipsis
1912 5162 2051 5219 velle

466 5238 773 5311 adversari,
805 5244 950 5312 quod
982 5259 1117 5301 sane
1147 5245 1551 5306 inexcusabiles
1580 5267 1680 5309 nos
1699 5254 2048 5313 reddit.Cum

2165 4889 2647 4964 μεταϐαλλόμενοι.
2686 4887 2799 4941 Καὶ
2831 4886 2985 4940 οὔπω
3023 4884 3243 4954 λέγωτὸ
3265 4882 3446 4954 μεῖζον
3482 4877 3694 4947 ἔγκλημα

2157 4985 2244 5039 ὅτι
2295 4982 2392 5037 καὶ
2444 4981 2632 5053 χρείας
2666 4979 2963 5051 ἡττημένοι
2985 4977 3207 5047 δόξομεν
3229 4973 3430 5028 ἐθέλειν
3463 4968 3603 5042 ἡμῶν
3623 4964 3695 5017 αὖ·

2150 5075 2260 5130 τῶν
2309 5071 2788 5145 καταψηφίζεσθαι
2809 5088 2822 5101 '
2854 5071 3010 5140 ὅπερ,
3035 5067 3211 5140 οἶμαι,
3247 5066 3341 5119 καὶ
3364 5059 3693 5131 ἀπαραίτητον

2154 5167 2301 5220 ποιεῖ
2327 5165 2388 5219 τὸ
2411 5164 2685 5235 ἔγκλημα.
2717 5162 2786 5217 Ἀ
2814 5161 2924 5231 γὰρ
2950 5160 3047 5213 καὶ¹
3081 5160 3250 5249 χωρίς
3280 5155 3528 5249 τοιαύτης
3550 5146 3693 5249 afﬁgi

2158 5257 2260 5311 οὐκ
2284 5254 2510 5309 ἀνεκτὸν
2538 5252 2929 5327 ἡμαρτηκότας
2958 5247 3298 5320 ἐλέγχεσθαι,
3328 5243 3444 5307 πῶς
3470 5240 3561 5308 οὐχ
3577 5240 3691 5292 ἅπαξ

1861 5398 2101 5458 VARle
2162 5399 2567 5458 LECTIONES.

559 5502 605 5535 δ’
666 5500 902 5575 ἐπλεῖτο]
960 5502 1153 5575 ἔπειτα
1210 5504 1278 5559 Α.

1381 5506 1450 5586 ³⁸,
1488 5505 1965 5586 δεινότερονμροει
2016 5516 2289 5586 προτέρου
2366 5514 2513 5581 ponit
2561 5513 2621 5586 Β.

541 5570 942 5656 σξπρρσϐἀλὶίει
970 5573 1156 5656 Ακᾳυί
1187 5584 1250 5656 et
1275 5570 2079 5656 m0x_€<piﬂ16t‘—_8topt51‘cet
2109 5618 2175 5628 -—
2195 5570 2489 5656 ’ὀνομάζεμ
2566 5584 2630 5656 fi
2646 5585 2712 5656 τῇ
2749 5570 2901 5656 πόλει
2944 5600 3003 5656 ς.

2721 5512 2763 5546 ⁶¹
2812 5509 3127 5611 τριακοσίιξξ
3184 5523 3244 5570 ς·-
3351 5509 3397 5534 ’³
3447 5509 3574 5621 εὲδες
3596 5509 3691 5613 ο,ῗὶ

2749 5584 3003 5641 πόλεις.
3155 5576 3424 5641 θαλάσσης
3486 5607 3529 5641 _:
3593 5630 3638 5641 η.

468 5640 548 5726 Af
586 5630 710 5694 ἐπεὶ
741 5659 854 5726 so"
881 5644 925 5675 ⁸⁷
949 5630 1198 5726 multis;
1221 5645 1287 5713 Α,
1319 5630 1567 5726 naming
1601 5630 2083 5726 s‘gypazgazarg-i
2165 5630 2528 5726 ιε’ᾡὶιῗξεΐόὰι
2558 5630 3110 5726 ΑΒόἒῷἆὶῦὲσρὲ-ς.
3187 5648 3232 5726 θ’
3260 5630 3688 5726 motaeff-

472 5712 706 5784 pilanus.
754 5781 763 5784 _
810 5712 1216 5784 το-πράξεινήο,

475 5778 521 5810 ’δ
558 5781 831 5845 ἀναιδείας
865 5778 1115 5842 Βοῖδιέὶυδ
1164 5800 1179 5838 :
1227 5785 1352 5844 libri
1384 5778 1697 5854 ἄν’δείὶέας.

1321 5717 1621 5794 (gargani:
1671 5717 1759 5778 Αἰ
1813 5717 1969 5794 τάξιν
2001 5717 2061 5791 ς’.

2169 5730 2215 5762 ⁷²
2246 5704 2850 5798 ξὶἇὲτρὲιὶέὸῦξές“ιίιὶτῖζ
2866 5704 2873 5706 Ὗ
2895 5704 2906 5706 ἠ
2928 5704 2995 5761 ί¹⁷³
3022 5704 3236 5790 δύσνοία
3268 5706 3338 5772 B:
3388 5704 3612 5766 δυσνοίας
3638 5712 3668 5762 ς
3673 5737 3683 5752 ι
