3924 6460
338 376 475 442 1333

1366 380 1894 443 BlBLIOTHECA.
1933 405 2001 414 —
2026 378 2191 443 COD.
2231 379 2536 442 CCXLIII.

3473 372 3607 438 1334

331 488 746 557 ἀσύγγνωστον,
767 490 897 547 ὅταν
922 489 1016 546 καὶ
1039 491 1326 563 λήμματος
1357 492 1521 564 [1100
1545 490 1640 565 R.]
1666 492 1920 547 ἀλλάττε-

2031 491 2189 563 igitur
2236 508 2343 547 non
2389 494 2460 548 sit
2495 490 2780 548 ferendum
2825 489 2906 548 eis
2955 490 3045 561 qui
3092 496 3410 561 pecearnnt,
3441 491 3606 545 etiam

338 580 463 633 σθαι
500 581 601 651 τὴν
655 580 872 647 ἀδοξίαν
899 582 1253 654 φαινώμεθα;
1290 584 1352 637 Εἰ
1380 584 1438 637 δέ
1459 601 1543 649 τις
1573 584 1681 638 τῶν
1699 583 1924 655 συμμά-

334 690 450 742 χων
486 673 586 741 τῆς
621 672 830 738 πόλεως
884 674 1097 746 δωρεάν
1123 674 1274 747 παρὰ
1320 674 1585 745 βασιλέως
1631 675 1924 745 δεξάμενος

335 764 489 819 λύειν
544 766 822 835 ἐπεχείρει
867 767 929 821 τὸ
962 768 1135 838 δόγμα
1177 768 1277 839 τῆς
1333 767 1544 831 πόλεως
1571 767 1603 839 ἢ
1632 766 1923 839 καταλύειν

335 853 438 923 τὴν
500 856 819 926 συμμαχίαν
872 857 1193 929 ἐτόλμησεν,
1232 853 1324 928 ἆρ’
1375 857 1565 911 οὐκᾶν
1611 857 1923 928 ὠργίσθητε

336 944 439 999 καὶ
457 946 610 1017 δίκην
639 947 964 1018 ἀπητήσατε
995 949 1147 1020 παρά
1171 949 1279 1003 τῶν
1308 952 1555 1021 ἀναιρεῖν
1580 948 1923 1019 ἐπιχειρούν-

335 1054 461 1093 τωνι
488 1039 525 1093 ἃ.
558 1039 911 1110 κεκυρώκατε
934 1058 949 1109 ;
975 1040 1085 1111 ἐγὼ
1123 1042 1225 1113 μὲν
1264 1042 1507 1113 ἀκριϐῶς
1545 1038 1696 1113 οἶμαι
1720 1041 1785 1096 ⁷⁸.
1809 1035 1925 1094 Εἶθ’

335 1126 549 1198 ἑτέροις
565 1129 630 1182 ἀν
659 1147 710 1183 τι
733 1129 890 1184 λῦσαι
916 1130 1025 1185 τῶν
1046 1131 1328 1203 ὑμετέρων
1356 1132 1416 1185 οὐ
1446 1134 1922 1203 συγχωρήσαντες,

336 1218 494 1271 αὐτοὶ
531 1220 689 1273 τοῦτο
726 1220 1007 1285 ποιοῦντες
1027 1222 1377 1294 ὀφθήσεσθε;
1414 1223 1510 1278 καὶ
1547 1218 1733 1293 ὲφόίς
1761 1224 1924 1279 ἄλλου

337 1311 651 1380 πράξαντος
691 1313 793 1366 οὐκ
816 1313 883 1367 ἂν
905 1314 1199 1385 ἠνέσχεσθε
1217 1316 1263 1346 ⁷⁸
1287 1316 1351 1368 τὸ
1385 1314 1462 1387 μὴ
1484 1314 1579 1369 καὶ
1631 1315 1786 1378 δίκας
1809 1316 1925 1368 εισ-

335 1404 675 1477 πράξασθαι,
697 1406 872 1460 ταῦτα
899 1408 1114 1471 ἑκόντες
1136 1408 1290 1462 αὐτοί¹
1318 1407 1666 1479 πλημμελεῖν
1699 1407 1881 1475 δόξετε
1906 1426 1921 1476 ;

334 1497 437 1547 καὶ
469 1495 575 1565 μὴν
624 1494 838 1550 ἅπαντα
894 1500 993 1568 μὲν
1024 1498 1351 1569 εὐλαϐητέον
1387 1498 1717 1570 ἐργάζεσθαι
1742 1500 1811 1553 τὰ
1832 1504 1927 1554 καὶ

331 1586 470 1641 ὄντα
497 1588 711 1660 πονηρά
755 1590 852 1643 καὶ
892 1591 1246 1663 νομιζόμενα,
1309 1593 1493 1647 ἐκεῖνα
1515 1592 1572 1646 δὲ
1610 1592 1814 1661 πλεῖον,
1848 1588 1926 1649 ὧν

331 1678 503 1743 αὐτός
538 1698 622 1743 τις
678 1680 891 1749 φθάσας
944 1683 1313 1752 κατέγνωκεν.
1376 1684 1493 1754 Ἐφ’
1554 1679 1637 1749 οἷς
1688 1686 1798 1757 γάρ
1842 1704 1927 1752 τις

331 1768 664 1837 ἀγανακτῶν
690 1771 768 1835 ὡς
805 1772 1032 1842 φαύλοις
1065 1775 1432 1830 ἐπιδείκνυται
1457 1817 1470 1840 ,
1502 1775 1633 1849 [588
1660 1776 1753 1850 IL]
1781 1780 1829 1832 εί
1856 1780 1926 1834 τὰ

2029 584 2245 638 sublato
2268 582 2362 638 tali
2383 582 2640 647 crimine,
2670 580 2941 651 quomodo
2972 594 3079 635 non
3116 578 3277 634 simul
3301 578 3608 633 veniaindi-

2029 675 2445 746 gni'videamur,
2481 672 2878 742 turpitudinem
2916 679 3132 725 mutare
3164 669 3337 724 lucro.
3383 666 3440 721 Si
3486 668 3609 737 quis

2030 781 2161 820 vero
2198 764 2630 819 commilitonum
2658 762 2819 831 hujus
2844 761 2998 816 urbis
3023 759 3181 815 donis
3218 775 3248 813 a
3284 772 3412 829 rege
3451 771 3609 811 acce-

2032 857 2163 928 ptis.
2196 856 2437 912 civitatis
2483 856 2761 911 decretum
2806 854 3022 909 solvere
3062 853 3476 924 aggrederetur,
3524 850 3608 904 vel

2030 952 2347 1005 societatem
2371 949 2623 1020 frangere
2651 950 2899 1013 auderet,
2930 948 3173 1017 nunquid
3203 946 3604 1010 irasceremiui,

2030 1050 2085 1097 et
2115 1056 2331 1110 ptenam
2378 1057 2408 1094 a
2436 1041 2646 1096 solvere
2672 1040 2984 1096 volentibus
3012 1054 3132 1109 quae
3162 1038 3488 1094 decrevistis
3516 1053 3607 1092 su-

2032 1130 2290 1185 meretis?
2317 1130 2513 1201 361b
2560 1130 2826 1199 Equidem
2868 1130 3094 1185 omnino
3128 1130 3326 1185 sentio.
3355 1130 3440 1183 An
3478 1142 3607 1183 vero

2032 1236 2156 1277 cum
2202 1221 2323 1277 aliis
2350 1233 2533 1278 vestra
2563 1222 2780 1279 decreta
2810 1223 3065 1292 frangere
3098 1236 3203 1276 non
3258 1220 3604 1290 permisistis,

2032 1313 2135 1368 hoc
2164 1304 2269 1368 vos
2306 1313 2501 1370 fecisse
2556 1315 2914 1370 videbimini?
2946 1313 3012 1369 Et
3057 1315 3109 1369 in
3141 1314 3341 1384 quibus
3366 1314 3478 1368 alio
3522 1313 3605 1366 fa-

2032 1404 2211 1459 ciente
2237 1406 2570 1476 supplicium
2610 1422 2716 1461 non
2754 1406 3105 1471 omitteretis,
3154 1406 3208 1459 in
3244 1405 3310 1461 iis
3337 1420 3432 1461 vos
3464 1404 3608 1460 ultro

2032 1495 2354 1566 delinquere
2391 1497 2832 1567 cognoscemini?
2875 1496 3048 1554 Porro
3093 1507 3273 1552 autem
3303 1498 3606 1551 cavendum

2032 1597 2137 1655 est,
2173 1604 2240 1644 ne
2267 1589 2475 1658 omnia,
2511 1599 2566 1644 et
2596 1604 2785 1646 revera
2810 1590 2977 1655 mala,
3010 1596 3064 1646 et
3092 1604 3212 1659 quae
3248 1589 3384 1643 mala
3415 1598 3608 1659 putan-

2035 1686 2123 1733 tur
2152 1694 2397 1749 agamus,
2430 1694 2495 1735 ea
2531 1690 2716 1734 autem
2750 1680 2994 1735 cavenda
3030 1688 3158 1735 sunt
3184 1680 3357 1749 magis
3381 1682 3448 1734 de
3482 1680 3605 1748 qui-

2034 1770 2136 1825 bus
2170 1769 2336 1825 alium
2370 1780 2532 1826 antea
2561 1770 2865 1826 accusavit.
2900 1768 3034 1824 Nam
3060 1771 3126 1825 de
3143 1770 3340 1840 quibus
3367 1770 3491 1840 quis
3520 1784 3609 1825 se—

332 1859 480 1912 αὐτά
502 1860 762 1932 πράττων
785 1863 1092 1931 ἁλίσκοιτο,
1126 1865 1562 1939 φιλαπεχθήμων
1592 1849 1795 1941 ὁμοῦ]Η
1824 1873 1920 1925 καὶ

2031 1860 2134 1916 mel
2177 1870 2239 1915 ut
2271 1861 2428 1918 malis
2465 1869 2803 1933 conquestus
2848 1862 3019 1921 fuisse
3065 1863 3511 1934 deprehenditur,
3552 1872 3609 1917 et

332 1950 595 2023 πονηρὸς,
636 1953 873 2025 πονηρὸς
904 1955 1024 2024 μὲν,
1065 1950 1146 2020 οἷς
1171 1957 1206 2011 ἆ
1234 1957 1310 2029 μὴ
1342 1958 1448 2029 χρὴ
1478 1958 1738 2030 πράττων
1767 1958 1921 2030 ἐλέγ-

327 2054 515 2108 χεται,
566 2041 997 2112 φιλαπεχθήμων
1011 2044 1058 2074 ⁷⁸
1090 2044 1169 2111 δὲ,
1192 2045 1335 2098 ὅτι⁷⁹
1376 2046 1585 2101 τούτων
1624 2047 1752 2113 τοὺς
1783 2048 1922 2120 πλη⁹

331 2130 455 2185 σίον
500 2131 704 2205 εἵργειν
732 2132 906 2205 ζητεῖ,
935 2134 971 2190 ἂ
1004 2135 1082 2208 τῷ
1111 2137 1256 2209 λόγῳ
1294 2142 1473 2210 μισεῖν
1510 2142 1923 2214 προσποιούμε-

328 2238 427 2287 νος
449 2222 632 2297 ἔργοις
668 2226 1021 2297 μεταδιώκων
1054 2228 1359 2286 ἁλίσκεται.

405 2404 550 2476 Λέγε
583 2423 672 2477 μοι
697 2405 767 2460 τά
797 2407 903 2461 τῶν
958 2408 1286 2479 νομοθετῶν,
1319 2412 1368 2466 εί
1409 2411 1612 2484 βούλει,
1663 2414 1919 2486 ῥήματα·

326 2498 561 2569 ἀρίθμει
599 2516 691 2570 μοι
723 2500 861 2571 μετά
886 2500 1114 2570 τούτων,
1146 2504 1195 2556 εί
1234 2503 1429 2573 θέλεις,
1486 2506 1671 2560 καὶτά
1696 2507 1796 2576 τῆς
1827 2509 1924 2561 πό-

325 2589 476 2653 λεως
504 2591 744 2663 τρόπαια
761 2593 809 2625 ⁸⁹
833 2610 846 2626 ·
876 2593 1079 2664 νόμους
1096 2599 1205 2668 γάρ
1234 2597 1348 2667 ἐγὼ
1365 2599 1699 2669 πολεμικοὺς
1724 2601 1925 2673 ὀνομά-

324 2682 418 2747 ζω
444 2683 512 2737 τά
540 2687 640 2755 τῆς
670 2685 879 2751 πόλεως
904 2687 949 2719 ⁸³
990 2689 1414 2760 κατορθώματα.
1446 2691 1511 2744 Τί
1537 2691 1633 2747 νῦν
1666 2695 1721 2746 έν
1753 2693 1922 2747 ἅπασι

325 2774 547 2840 τούτοις
598 2777 1052 2847 διεσπούδασται;
1088 2781 1163 2851 μὴ
1214 2782 1536 2838 σπένδεσθαι
1597 2784 1917 2858 βαρϐάροις,

327 2871 519 2939 μισεῖν
549 2870 609 2923 τὸ
638 2873 795 2938 γένος
825 2875 899 2937 ὡς
923 2873 1224 2945 ἀλιτήριον,
1255 2876 1614 2931 ἀδιάλλακτον
1670 2881 1924 2950 ἡγεῖσθαι

324 2959 430 3013 τὸν
459 2960 597 3031 πρὸς
635 2962 902 3035 ἀλλήλους
936 2965 1195 3037 πόλεμον.
1243 2969 1355 3022 Καὶ
1382 2968 1507 3038 μάλ’
1538 2970 1794 3035 εἰκότωςο
1830 2974 1925 3039 οὓς

325 3055 448 3126 γὰρ
473 3057 540 3126 τῇ
572 3056 733 3125 φύσει
784 3058 1078 3129 πολεμίους
1116 3060 1389 3131 ἐνόμιζον,
1426 3063 1579 3134 παρά
1607 3063 1814 3119 τούτων
1838 3066 1925 3121 ἀεί

2027 1950 2224 2007 iterum
2270 1956 2460 2009 eadem
2512 1953 2697 2010 facere
2737 1955 3106 2022 convincitur,
3139 1965 3194 2010 et
3227 1957 3501 2023 inimicus,
3551 1964 3608 2010 et

2025 2044 2326 2101 sceleratus
2352 2054 2438 2101 est
2470 2062 2484 2101 :
2511 2044 2814 2101 sceleratus
2838 2045 3058 2115 quidem
3083 2061 3145 2103 ea
3181 2047 3451 2112 faciendo,
3488 2064 3609 2118 qua:

2028 2142 2207 2197 facere
2237 2157 2344 2195 non
2370 2142 2702 2211 oportebat:
2736 2141 2994 2197 inimicus
3036 2157 3184 2209 vero,
3228 2158 3352 2199 cum
3388 2145 3455 2199 iis
3486 2145 3609 2199 illos

2026 2234 2317 2303 prohibere
2342 2234 2559 2300 nititur,
2590 2248 2732 2303 quae,
2757 2233 2887 2289 licet
2916 2235 3086 2289 verbo
3116 2235 3298 2291 odisse
3326 2247 3606 2305 appareat,
3674 2272 3677 2277 η

2024 2325 2280 2395 operibus
2302 2333 2480 2380 tamen
2511 2324 2738 2394 diligere
2771 2324 3039 2380 videatur.

2099 2415 2215 2478 Dic,
2246 2417 2290 2470 si
2324 2416 2477 2481 libet,
2510 2414 2879 2484 legislatorum
2905 2415 3093 2483 verba,
3114 2430 3339 2472 numera
3391 2417 3608 2479 deinde,

2026 2506 2071 2562 si
2107 2506 2320 2576 cupias,
2365 2506 2609 2561 civitatis
2656 2506 2919 2576 trophtea.
2951 2504 3089 2560 Nam
3138 2509 3319 2562 omnia
3366 2509 3608 2565 civitatis

2026 2597 2269 2652 facinora
2311 2597 2449 2651 bene
2482 2606 2636 2667 gesta
2702 2596 2968 2652 militares
3012 2597 3161 2666 leges
3198 2598 3429 2666 appello.
3471 2599 3611 2666 Quid

2021 2688 2133 2760 jam
2158 2689 2411 2743 omnibus
2450 2689 2535 2743 his
2579 2689 2832 2744 effectum
2866 2688 2987 2744 est?
3013 2704 3120 2744 non
3154 2691 3353 2761 pacisci
3398 2691 3611 2746 scilicet

2025 2798 2149 2839 cunt
2182 2781 2459 2851 Barbaris,
2491 2791 2710 2853 gentem
2744 2781 2984 2837 alienam
3020 2784 3320 2847 exsecrari,
3352 2785 3610 2854 implaca-

2025 2875 2136 2931 bile
2162 2875 2362 2930 bellum
2396 2888 2518 2928 eum
2552 2875 2807 2929 hostibus
2843 2872 3170 2929 existimare
3201 2891 3215 2927 :
3247 2884 3302 2929 et
3331 2890 3465 2930 sane
3497 2889 3613 2929 me-

2026 2970 2156 3023 rito.
2185 2968 2334 3033 Quos
2367 2967 2514 3021 enim
2543 2966 2824 3021 naturales
2856 2965 3043 3021 hostes
3073 2965 3509 3035 arbitrabantur,
3544 2970 3613 3023 ab
3640 2952 3641 2955 ¹

2028 3062 2114 3117 his
2154 3060 2359 3131 aliquid
2404 3059 2718 3114 detrimenti
2764 3073 2984 3130 semper
3039 3068 3449 3129 exspectantes,
3496 3059 3615 3130 lege

324 3164 390 3200 τι
423 3147 591 3203 κακὸν
652 3148 1117 3221 προσδοκήσαντες
1174 3152 1325 3224 νόμῳ
1352 3155 1412 3208 τὸ
1445 3155 1520 3227 μὴ
1546 3156 1740 3211 παθεῖν
1790 3161 1924 3228 ἐφυ-

2031 3154 2421 3218 eohibuerunt,
2470 3166 2537 3208 ne
2581 3151 2709 3222 quid
2758 3151 2881 3205 mali
2915 3158 3258 3221 paterentur,
3313 3151 3612 3205 maximum

325 3237 583 3304 λάξαντο,
618 3241 873 3310 μέγιστον
904 3238 1043 3298 εἶναι
1063 3245 1162 3316 τῆς
1191 3245 1401 3310 πόλεως
1423 3247 1795 3322 φυλακτήριον
1825 3252 1924 3324 τὴν

2034 3247 2185 3300 urbis
2212 3245 2525 3316 praesidium
2571 3258 2759 3299 eorum
2793 3243 3182 3299 infidelitatem
3211 3244 3610 3301 existimantes.

325 3330 599 3386 ἀπιστίαν
658 3334 758 3404 τήν
823 3334 960 3405 πρὸς
1000 3336 1202 3399 αὐτοὺς
1263 3338 1625 3410 ήγησάμενοι.
1686 3342 1924 3398 Εἰὼθασι

2031 3338 2219 3393 Solent
2259 3338 2402 3392 enim
2426 3335 2681 3392 scelerati
2709 3336 2987 3402 homines,
3019 3346 3075 3391 et
3105 3336 3260 3392 lucro
3294 3337 3463 3392 dediti
3490 3353 3615 3408 spe-

329 3422 448 3493 γάρ
487 3424 535 3476 oi
587 3425 815 3495 πονηροὶ
869 3426 980 3479 τῶν
1043 3426 1349 3499 ἀνθρώπων
1406 3432 1502 3485 καὶ
1541 3433 1677 3504 πρὸς
1733 3435 1925 3489 πλεον-

329 3514 488 3582 εξίαν
576 3514 649 3568 τά
730 3517 912 3571 πάντα
1018 3517 1314 3589 βλέποντες
1392 3522 1619 3577 πλείονα
1706 3524 1926 3595 κερδαί-

332 3625 452 3662 νειν
481 3608 574 3661 ἐπὶ
610 3610 795 3679 φιλίας
830 3613 1180 3684 προσχήματι
1208 3615 1319 3668 τῶν
1357 3616 1445 3669 ὅτε
1474 3617 1725 3688 φανερῶς
1775 3618 1929 3690 ὠμο-

329 3699 532 3769 λόγουν
570 3700 659 3756 τὸν
682 3702 940 3775 πόλεμον.
967 3705 1312 3778 Ψηφίσματα
1350 3709 1459 3781 γὰρ
1494 3709 1792 3780 Ἀθηναίων
1815 3711 1927 3781 ἐγὼ

337 3794 493 3848 καλῶ
531 3794 597 3849 τά
625 3794 720 3849 τοῦ
781 3794 928 3851 θείου
984 3798 1189 3852 Πυθίου
1247 3801 1628 3872 μαντεύματα.
1662 3802 1926 3873 Πολέμιος

336 3887 368 3938 ὁ
399 3887 613 3960 Πέρσης
635 3889 697 3942 οὐ
727 3889 850 3942 καθ’
880 3890 977 3943 ἕνα
1006 3892 1199 3963 καιρὸν
1235 3892 1354 3946 οὐδὲ
1388 3894 1601 3963 χρόνον,
1646 3895 1766 3948 οὐδὲ
1796 3898 1928 3968 παρ’

340 3980 516 4051 αὐτὴν
552 3981 720 4053 μόνην
778 3983 877 4053 τὴν
909 3982 1005 4037 τοῦ
1054 3984 1292 4055 πολέμου
1336 3986 1666 4057 καταϐολὴν,
1699 3987 1814 4041 ἀλλ’
1848 3989 1929 4052 εἰς

343 4071 524 4125 πάντα
551 4072 642 4126 τὸν
672 4072 787 4143 βίον
811 4074 910 4146 τῆς
946 4074 1174 4138 πόλεως.
1199 4074 1272 4128 Οὐ
1309 4076 1419 4147 γὰρ
1451 4076 1729 4141 Πλαταιὰς
1763 4079 1931 4148 μόνας

344 4162 680 4235 κατέσκαψε,
715 4167 809 4218 καὶ
839 4165 1013 4237 δῆμον
1042 4167 1123 4229 είς
1153 4167 1281 4230 τοὺς
1313 4167 1454 4237 ὑπὲρ
1491 4168 1593 4240 τῆς
1618 4167 1931 4240 ἐλευθερίας

346 4255 616 4327 πολέμους
672 4258 1002 4331 αὐτόκλητον
1052 4258 1313 4329 ἐποίησεν
1376 4258 1590 4313 ἄπολιν.
1629 4261 1704 4313 Οὐ
1748 4262 1859 4331 γὰρ
1895 4261 1932 4317 ἃ.

2030 3431 2115 3485 cie
2154 3429 2415 3484 amicitiae
2447 3427 2650 3482 lucrari
2678 3427 2854 3497 plura,
2886 3442 3051 3497 quam
3092 3435 3220 3482 tune
3260 3443 3384 3482 eum
3428 3439 3614 3497 aperte

2028 3522 2228 3577 bellum
2280 3520 2627 3576 denuntiant.
2676 3517 3099 3574 Atheniensium
3151 3527 3359 3573 statuta
3418 3519 3612 3590 Pythia

2029 3612 2248 3669 oracula
2295 3627 2569 3683 nuncupo.
2602 3611 2771 3667 Persa
2806 3625 2912 3665 non
2946 3625 3054 3665 uno
3104 3619 3351 3681 tempore
3382 3619 3475 3665 aut
3507 3626 3615 3667 uno

2030 3715 2329 3773 momento,
2379 3719 2554 3776 neque
2604 3704 2708 3759 hoc
2748 3703 2911 3759 modo
2960 3702 3087 3758 belli
3136 3714 3385 3775 tempore
3430 3705 3605 3760 hostis

2030 3810 2238 3869 noster,
2278 3799 2376 3856 sed
2413 3797 2562 3855 omni
2602 3797 2754 3852 urbis
2787 3805 2996 3851 nostra:
3034 3796 3175 3863 vita,
3220 3811 3329 3851 non
3385 3796 3614 3852 Platreas

2030 3893 2190 3949 modo
2217 3891 2475 3956 diruit,et
2499 3889 2763 3961 populum
2797 3886 2942 3943 ultro
2969 3887 3037 3942 ad
3065 3886 3265 3941 bellum
3298 3901 3400 3957 pro
3446 3886 3613 3942 liber-

2031 3995 2143 4041 tate
2172 3994 2487 4055 snsceptum
2516 3980 2930 4037 exterminavit.
2966 3978 3084 4035 Non
3109 3980 3255 4035 enim
3286 3981 3399 4035 haec
3430 3980 3615 4035 animo

2030 4077 2335 4142 volventes,
2385 4091 2507 4146 qua:
2537 4089 2632 4130 rex
2678 4074 2911 4128 adversa
2943 4072 3156 4138 habuit,
3189 4070 3340 4125 illum
3382 4072 3615 4127 crimine

2033 4169 2267 4225 liberare
2291 4168 2571 4232 debemus,
2598 4164 2693 4221 sed
2718 4179 2782 4220 ea
2810 4172 3147 4231 reputantes,
3170 4178 3293 4237 qua;
3322 4162 3497 4218 vietor
3532 4162 3614 4217 fe-

2033 4264 2198 4319 cisset
2219 4261 2467 4316 eamdem
2504 4258 2583 4314 illi
2630 4272 2848 4330 peenam
2880 4256 3129 4325 irrogare
3155 4264 3393 4326 oportet.
3426 4255 3615 4324 Neque

345 4350 583 4404 πέπονθε
644 4350 917 4421 βασιλεὺς,
977 4351 1153 4407 ταῦτα
1201 4350 1672 4424 διαλογιζομένους
1724 4354 1924 4409 ἐκεῖνον

2031 4355 2234 4425 justum
2260 4361 2344 4408 est
2369 4352 2560 4407 eadem
2606 4364 2706 4405 nos
2738 4350 2972 4403 victores
2994 4347 3234 4417 perpeti,
3262 4361 3389 4416 quae
3411 4348 3481 4401 ab
3513 4348 3612 4401 iis-

343 4443 710 4497 ἀπαλλάττειν
744 4445 841 4515 τῆς
874 4444 1135 4515 μέμψεως
1168 4445 1249 4498 δεῖ
1267 4445 1335 4512 “,
1369 4444 1485 4497 ἀλλ’
1522 4446 1666 4516 ἅπερ
1696 4447 1762 4500 ἂν
1793 4465 1924 4519 κρα-

2033 4445 2157 4501 dem
2198 4445 2330 4499 victi
2376 4443 2754 4499 subiissemus.
2793 4440 2894 4495 llic
2928 4455 3059 4495 vero
3084 4439 3266 4493 statim
3316 4448 3611 4507 antequam

342 4536 515 4606 στήσας
545 4534 793 4607 ἔδρασεν,
825 4536 882 4589 ὲν
904 4534 981 4606 νῷ
1010 4535 1301 4601 λαϐόντας,
1331 4537 1518 4591 πᾶσαν
1542 4537 1676 4601 ἴσως
1705 4538 1752 4569 ⁸³
1777 4539 1924 4609 νομί-

2036 4541 2221 4595 hostes
2258 4537 2597 4601 inducerent,
2639 4549 2669 4588 a
2693 4534 2894 4604 quibus
2921 4531 3284 4587 circumventi
3314 4539 3495 4595 erant,
3534 4531 3613 4585 ir-

344 4626 458 4693 ζειν
486 4627 641 4697 δίκην
689 4628 786 4699 τῆς
845 4627 999 4691 ἀξίας
1052 4626 1394 4697 κομίζεσθαι.
1448 4627 1584 4681 Οὐδὲ
1622 4627 1831 4683 δίκαιον
1861 4630 1924 4685 τὰ

2037 4644 2312 4700 rumpens,
2356 4637 2411 4683 et
2452 4627 2751 4681 vindictam.
2770 4625 3031 4694 exigens,
3059 4637 3237 4692 neque
3267 4632 3480 4691 tempus
3514 4622 3615 4677 de-

345 4720 487 4776 αὐτά
517 4720 593 4792 μὴ
625 4721 822 4792 δρᾶσαι
860 4721 1265 4792 κρατήσαντας,
1298 4720 1441 4791 ἅπερ
1470 4720 1795 4792 ἡττηθέντες
1825 4721 1924 4776 ὐπὸ

2037 4719 2292 4776 fendendi
2318 4719 2402 4774 sui
2424 4718 2624 4790 362a
2653 4717 2761 4772 illis
2803 4713 2971 4780 dedit,
3001 4723 3054 4769 et
3085 4729 3334 4785 magnam
3380 4714 3506 4779 sibi,
3547 4730 3615 4768 ne

340 4812 455 4866 τῶν
507 4811 925 4882 κεκρατηκότων
979 4811 1046 4866 ἂν
1109 4813 1406 4883 ἐπάθομεν.
1475 4812 1533 4865 '0
1598 4813 1728 4884 γὰρ,
1789 4816 1921 4883 πρὶν

2033 4808 2162 4879 quid
2189 4818 2489 4877 pateretur,
2520 4805 2874 4861 securitatem
2898 4803 3099 4869 attulit,
3125 4814 3179 4858 et
3206 4804 3405 4874 quibus
3444 4803 3616 4859 semel

341 4908 659 4976 ἀνενεγκεῖν
710 4902 867 4970 αὖθις
898 4906 1023 4969 τοὺς
1054 4904 1333 4969 ἐναντίους
1367 4906 1462 4974 ἀφ’
1489 4898 1565 4960 ὧν
1587 4907 1924 4976 ἐσφάλησαν,

2034 4899 2248 4968 irrupit,
2288 4899 2372 4953 his
2406 4899 2459 4952 in
2498 4907 2776 4968 posterum
2815 4911 2845 4951 a
2886 4896 3046 4952 victis
3076 4912 3295 4951 omnem
3345 4898 3618 4952 accessio-

342 4998 577 5064 ἐπεξιὼν
637 5000 732 5053 καὶ
792 4998 1205 5070 τιμωρούμενος
1261 4998 1382 5051 οὐδὲ
1446 4998 1673 5062 ἐκείνοις
1712 4999 1924 5070 ,καιρὸν

2033 5006 2160 5049 nem
2186 4989 2641 5059 circumscripsit.
2676 4989 2849 5055 Dona,
2897 4988 3173 5059 inquiunt,
3228 4988 3426 5058 populo
3469 4988 3619 5043 misit

342 5091 443 5145 ἐπὶ
462 5091 509 5123 ⁸⁸
534 5092 632 5162 τῆς
673 5090 889 5162 ἀμύνης
926 5089 1191 5152 ἐνδίδωσι,
1230 5088 1323 5143 καὶ
1352 5090 1533 5142 πᾶσαν
1564 5090 1743 5161 ἐαυτῷ
1791 5105 1924 5162 προ-

2036 5101 2150 5142 rex.
2182 5083 2380 5155 Cyrsili
2424 5081 2556 5135 mihi
2590 5083 2755 5136 verba
2805 5081 2965 5144 dicis,
3014 5089 3069 5135 et
3107 5080 3235 5134 mali
3274 5080 3448 5133 nuntii
3485 5094 3613 5134 suc-

346 5182 492 5249 ξενεῖ
544 5182 639 5236 τοῦ
693 5184 823 5254 μήτι
854 5181 1050 5235 παθεῖν
1099 5182 1421 5250 ἀσφάλειαν,
1452 5177 1534 5246 οἷς
1568 5182 1712 5237 κατὰ
1746 5183 1924 5255 καιρδι

2031 5191 2297 5235 cessores.
2328 5174 2396 5228 Et
2424 5175 2538 5229 hate
2569 5188 2734 5228 ausus
2759 5186 2821 5227 es
2846 5172 3077 5227 Athenis
3101 5172 3301 5236 dicere,
3332 5170 3421 5223 ubi
3444 5178 3501 5223 et
3527 5168 3612 5222 al-

344 5274 609 5341 ἐπέξεισι,
641 5275 849 5339 τούτοις
875 5274 1232 5345 περιγράφων
1257 5273 1476 5328 ἃπασαν
1507 5274 1608 5347 τὴν
1638 5275 1695 5327 ὲν
1726 5275 1924 5347 ὑστέρη

2034 5282 2206 5327 terum
2261 5269 2312 5323 id
2359 5266 2513 5337 prius
2547 5266 2826 5321 dicentem
2877 5265 3251 5335 sepelivimus.
3301 5262 3435 5316 Cum
3483 5275 3612 5315 vero

344 5367 504 5437 παρά
531 5366 642 5421 τῶν
682 5366 1059 5421 πεπονθόντων
1090 5366 1353 5421 ἐπίδοσιν.
1384 5365 1493 5421 Καί
1524 5383 1681 5436 φασι·
1713 5369 1924 5440 Δωρεὰς

2039 5364 2355 5434 ignoremus
2392 5374 2501 5429 quo
2541 5359 2702 5414 modo
2736 5356 2948 5414 navalis
2986 5371 3167 5427 pugna
3193 5353 3485 5426 iudicanda
3516 5353 3608 5417 sit,

343 5460 610 5533 τῷδήμῳ
666 5460 917 5532 βασιλεὺς
976 5460 1256 5532 πέπομφε.
1310 5459 1585 5533 Κυρσίλον
1634 5478 1724 5533 μοι
1753 5461 1924 5532 λέγεις

2038 5473 2146 5515 non
2172 5468 2305 5511 sane
2326 5452 2613 5509 honestum
2643 5460 2748 5519 est,
2772 5453 2842 5507 ob
2878 5464 3000 5522 quae
3028 5448 3207 5506 studia
3233 5445 3437 5503 laudati
3460 5444 3611 5499 vide-

1630 5591 1865 5650 VARUE
1908 5590 2322 5654 LECTIONES.

419 5684 478 5761 τί
494 5679 670 5761 οἶμαι]
696 5685 804 5761 imo
830 5681 968 5744 οἶδα.
1022 5686 1091 5761 Ῐθ
1117 5687 1183 5761 ἂν
1211 5686 1579 5761 ἠνέσχεσθελΑ
1627 5685 1975 5761 τ-ἀνείχεσθε-
2004 5705 2065 5753 ς.
2140 5685 2206 5761 _'"
2267 5684 2428 5761 ὁμοῦἐ
2503 5682 2556 5761 ’ξ
2591 5679 3198 5761 φιλασττεχθιί]μων-,ιοῐξιιε¹
3254 5669 3473 5761 ἕλιξ-,ξ’
3494 5667 3608 5761 ἔξξῖ

344 5756 409 5819 ὃς
442 5737 516 5810 Β(
537 5737 968 5830 1i“.
1631 5737 1711 5791 V'V’
2012 5737 2168 5830 ’ξ’χρὴ
2194 5774 2253 5821 ς.
2277 5737 2745 5827 Ἱίδὲδίσωςῇἶῃιίιιι
2773 5737 2942 5821 simil.
3017 5745 3065 5779 ἰδ
3089 5743 3210 5798 οὐδὲ
3233 5772 3301 5783 -
3322 5737 3436 5811 ἐπὶ]
3494 5737 3614 5795 τρε-ὲ

351 5839 464 5884 ttus
495 5826 779 5899 scripseris
804 5827 928 5883 οὔτε
958 5859 1021 5871 --
1056 5828 1157 5883 ἔτι.
