3924 6430
461 342 596 407 1335

1585 345 1848 404 ΡΗΟΤΙΙ
1879 342 2388 403 ΡΑΤΒΙΑΗΟΗΑΞ
2423 346 2532 406 CP.

3541 357 3648 422 1336

454 471 599 522 mur,
629 463 686 510 et
729 453 784 509 in
814 453 1013 522 quibus
1044 452 1154 506 nati
1183 466 1393 518 sumus,
1419 450 1530 521 jam
1565 466 1628 505 ea
1654 451 1761 504 hoc
1787 448 2014 503 consilio

2126 448 2365 540 ῥήματα,
2424 452 2518 504 καὶ
2554 452 2798 521 πονηρᾶς
2827 447 2880 504 εἴ
2904 452 3242 526 δημηγορίας
3269 455 3539 540 διάδοχος,
3578 467 3652 516 καὶ

451 547 791 604 oblitterare.
828 543 962 599 Nam
983 543 1178 614 quibus
1217 544 1376 600 initio
1409 543 1606 614 exigua
1638 543 1860 597 virtutis
1889 555 2018 595 cura

451 646 569 704 est,
620 653 725 692 non
772 651 963 707 magna
1003 636 1087 692 bis
1120 639 1477 706 pereuntibus
1507 637 1725 706 jactura
1765 634 1825 687 fit
1854 649 1867 686 :
1897 635 2021 702 qui-

455 733 554 784 bus
581 744 710 784 vero
743 729 959 784 virtutis
991 738 1140 783 tanta
1181 744 1246 784 ae
1275 729 1402 784 talia
1429 737 1634 783 statuta
1684 736 1812 782 sunt
1840 742 2024 781 exem-

455 825 561 893 pla,
583 825 627 878 si
656 824 889 890 priorem
914 822 1138 892 gloriam
1169 822 1566 892 posterioribus
1597 820 1904 875 actionibus
1933 834 2022 874 re-

454 915 705 984 pudiasse
739 924 1056 982 arguantur.
1103 913 1310 968 Omnes
1336 913 1478 967 enim
1519 912 1652 966 mihi
1681 910 1850 965 Xerxi
1898 926 2026 980 pro-

455 1003 767 1074 pinquiores
804 1003 872 1057 ob
909 1018 1132 1058 munera
1154 1011 1210 1055 et
1236 1003 1522 1058 beneficia.
1557 1003 1744 1071 Atque
1775 1002 1944 1056 etiam
1973 1003 2020 1056 si

453 1097 621 1167 gratis
654 1097 854 1151 donum
877 1095 1138 1161 dedisset,
1167 1101 1314 1149 esset
1344 1094 1568 1148 forsitan
1598 1092 1745 1161 justa
1768 1093 2015 1163 quaedam

452 1201 616 1242 causa
671 1186 738 1240 iis
783 1185 872 1254 qni
918 1185 1030 1254 regi
1080 1183 1520 1254 patrocinantur,
1566 1195 1878 1252 quanquam
1915 1181 2018 1236 hoc

453 1290 627 1344 neque
670 1274 1089 1333 Atheniensibus
1123 1273 1342 1341 dignum
1383 1274 1476 1327 sit.
1525 1271 1582 1326 Si
1617 1271 2017 1326 remuneratio-

453 1379 574 1422 nem
593 1365 659 1419 ab
696 1365 828 1418 urbe
859 1371 1028 1430 petat,
1065 1359 1414 1416 manifestum
1463 1376 1595 1416 sane
1623 1371 1706 1415 est
1744 1359 1880 1414 nihil
1911 1359 2018 1414 uti.

451 1472 556 1526 que
579 1456 750 1526 gratis
775 1455 1009 1521 dedisse,
1039 1454 1256 1523 quando
1287 1468 1384 1524 pro
1411 1453 1476 1506 iis
1507 1451 1730 1522 rependi
1759 1451 1863 1506 sibi
1893 1466 2021 1504 mu-

451 1559 598 1602 tuum
634 1548 841 1618 cupiat.
871 1547 927 1603 Si
961 1561 1090 1602 vero
1117 1547 1185 1602 ab
1205 1561 1270 1601 eo
1298 1545 1625 1616 simpliciter
1646 1544 1884 1599 donante
1909 1559 2012 1598 non

448 1648 532 1694 est
559 1655 772 1710 aequum
806 1638 1077 1707 accipere,
1101 1649 1304 1708 quanto
1333 1639 1509 1693 minus
1535 1653 1632 1708 par
1666 1646 1769 1703 est,
1796 1639 2022 1708 quando

447 1745 554 1785 non
599 1729 832 1799 gratuito
870 1728 1056 1794 donat,
1102 1731 1196 1783 sed
1240 1729 1697 1784 remunerationis
1747 1729 2018 1797 ejusmodi

2125 539 2296 593 ταῦτα
2347 539 2524 609 λέγειν
2545 543 2603 596 ἐν
2642 542 2894 614 Ἀθήναις
2925 539 3366 617 ἐπικεχείρηκας,
3399 550 3476 617 ἐφ’
3497 546 3568 615 οἷς
3589 557 3654 626 τῷ

2127 631 2442 701 προειπόντι
2495 636 2664 702 τάφον
2709 635 3047 706 ἐποιήσαμεν
3093 637 3184 691 τὸν
3231 639 3391 692 τόπον
3413 636 3656 717 ὲφόὗπερ

2125 723 2365 792 εἱστήκει
2392 723 2784 796 φθεγγόμενος.
2802 728 3025 795 Ἀδήλου
3053 729 3108 782 δὲ
3131 729 3282 792 ὄντος
3309 731 3427 785 τίνα
3441 733 3656 807 τρόπονή

2126 815 2400 884 ναυμαχία
2417 816 2754 887 κριθήσεται,
2785 817 2844 869 οὗ
2865 818 2928 889 δὴ
2945 818 3124 884 καλὸν,
3146 819 3235 888 ἀφ’
3256 813 3331 872 ὧν
3352 821 3659 894 εὐδοκιμοῦν-

2125 922 2217 968 τες
2247 907 2549 977 φαινόμεθα
2572 911 2665 961 καὶ
2693 909 2812 979 μεθ’
2840 903 2914 963 ὧν
2938 910 3378 980 ἐπιτηδευμάτων
3391 912 3662 981 διαγεγόναο

2129 1014 2251 1067 μεν,
2281 998 2460 1068 ἄκυρα
2522 1001 2698 1052 ποιεῖν
2739 1000 2833 1052 ἐπί
2856 1001 2950 1053 τοῦ
3009 1002 3274 1072 παρόντος
3330 1001 3660 1070 βουλεύεσθαι.

2127 1085 2223 1153 Οἷς
2253 1091 2349 1160 μὲν
2375 1091 2484 1162 γὰρ
2519 1091 2577 1156 ἐξ
2603 1093 2779 1162 ἀρχῆς
2821 1093 2998 1162 ὀλίγος
3050 1095 3149 1164 τῆς
3181 1096 3380 1166 ἀρετῆς
3412 1097 3660 1166 ὁ⁸⁸λόγος.

2127 1183 2186 1236 οὐ
2217 1181 2388 1251 μέγας
2402 1182 2610 1246 τούτοις
2632 1183 2752 1236 οὐδὲ
2775 1185 3047 1254 σφαλεῖσιν
3068 1187 3096 1238 ό
3118 1186 3375 1250 κίνδυνος·
3403 1181 3480 1252 οἷς
3502 1188 3551 1241 δὲ
3565 1207 3666 1243 roa-

2126 1273 2267 1328 αὖτα
2287 1275 2379 1330 καὶ
2408 1275 2708 1346 τηλικαῦτα
2736 1277 3153 1348 παραδείγματα
3185 1277 3286 1348 τῆς
3322 1279 3515 1350 ἀρετῆς
3533 1282 3666 1354 ἐστη-

2127 1382 2212 1432 κε,
2244 1365 2329 1429 τίς
2361 1366 2658 1438 συγγνώμη
2691 1368 2844 1439 παρὰ
2897 1371 3010 1433 τοῖς
3038 1367 3256 1434 ἔξωθεν,
3293 1369 3351 1421 ἐν
3380 1371 3488 1433 τοῖς
3511 1371 3666 1426 τελει-

2127 1457 2302 1520 ταίοις
2335 1455 2694 1526 ἀφανίζοντες
2726 1459 2824 1530 τὴν
2845 1458 3154 1531 ἔμπροσθεν
3177 1459 3332 1527 δόξαν
3353 1463 3628 1534 ἐλέγχοιντο
3650 1485 3662 1533 ;

2129 1547 2415 1620 [1101Β.]
2477 1551 2592 1613 Πᾶς
2647 1551 2755 1621 γὰρ
2805 1553 2930 1620 ἐμοὶ⁸
2965 1551 3166 1624 Ξέρξου
3217 1555 3353 1624 πρὸς
3376 1555 3568 1627 δωρεὰν
3589 1557 3665 1611 καὶ

2128 1639 2288 1710 χάριν
2308 1639 2620 1710 ἐγγύτερος.
2659 1641 2783 1693 Ἔτι
2815 1641 3013 1708 τοίνυν,
3046 1644 3213 1714 εἰμὲν
3243 1647 3443 1715 προῖκα
3473 1648 3663 1716 παρεῖχε

2127 1731 2225 1802 τὴν
2269 1731 2479 1803 δωρεὰν
2500 1733 2567 1798 ⁸³,
2604 1727 2672 1803 ἦν
2701 1732 2766 1787 ἄν
2785 1749 2870 1796 τις
2933 1733 3088 1802 λόγος
3144 1735 3274 1798 ῐσως
3324 1739 3436 1798 τοῖς
3487 1735 3665 1806 βασιλεῖ

447 1821 640 1889 gratia,
667 1835 773 1889 qua
812 1821 944 1874 satis
970 1829 1222 1886 testatur,
1251 1835 1406 1874 suum
1438 1820 1573 1875 velle
1607 1821 1823 1890 penSari
1855 1820 2014 1876 bene-

2128 1792 2369 1898 [5S91Li
2416 1792 2918 1898 συναγορεύουι·ςι-⁸⁷
2953 1843 2966 1858 ⁸
3005 1792 3186 1880 καίτοι
3241 1792 3305 1896 γε
3357 1792 3499 1881 οὐδὲ.
3538 1829 3665 1882 τοῦτο

447 1916 649 1973 licium.
690 1915 933 1986 Agedum
967 1915 1233 1985 promissa
1277 1916 1393 1970 hzec
1433 1916 1736 1970 videamus.
1783 1915 1886 1982 Ea,
1933 1917 2019 1971 in-

444 2008 580 2078 quit,
636 2022 915 2076 reponam,
941 2023 1060 2076 quae
1113 2008 1251 2062 bello
1306 2008 1501 2078 dejeci.
1547 2008 1823 2063 Hunccine
1883 2010 2013 2063 mihi

446 2096 677 2154 bellandi
727 2109 1048 2168 praetextum
1081 2099 1240 2163 dicis,
1291 2110 1347 2154 et
1403 2115 1596 2170 pugnae
1635 2100 1822 2169 potius
1857 2118 2018 2172 quam

444 2190 668 2247 fcederis
695 2201 958 2246 tesseram
985 2192 1214 2259 profers,
1247 2206 1345 2247 nec
1377 2193 1533 2247 vides
1567 2193 1636 2248 iis
1663 2193 1864 2259 verbis,
1901 2196 2022 2264 qui-

444 2284 544 2336 bus
590 2281 704 2350 regi
758 2281 946 2335 urbem
994 2281 1289 2337 coucillare
1335 2283 1545 2346 niteris,
1585 2288 1690 2338 nos
1717 2284 1783 2338 ad
1821 2284 2018 2338 bellum

444 2376 615 2444 magis
655 2375 923 2430 excitari?
955 2373 1000 2429 Ο
1037 2390 1199 2444 quam
1229 2375 1445 2430 diversa
1487 2385 1614 2430 sunt
1649 2377 1764 2430 haec
1815 2375 2015 2429 verba!

2123 1917 2231 1970 τῶν
2264 1917 2562 1990 Ἀθηναίων
2592 1919 2760 1984 ἄξιον.
2791 1919 2914 1973 Είδ⁹
2943 1920 3189 1975 ἅνταιτεῖ
3214 1922 3376 1992 χάριν
3426 1920 3565 1992 παρὰ
3585 1923 3664 1994 τῆς

2125 2010 2352 2074 πόλεως,
2405 2008 2626 2078 εὖδηλον
2671 2010 2940 2082 δήπουθεν
2963 2010 3037 2074 ὡς
3057 2007 3139 2075 οἷς
3184 2012 3318 2081 παρ’
3370 2012 3522 2082 ἡμῶν
3567 2012 3662 2066 ἀντ’

2124 2102 2349 2155 ἐκείνων
2374 2103 2557 2172 τυχεῖν
2597 2102 2916 2168 ἐσπούδασε,
2944 2107 3153 2167 τούτοις
3175 2104 3506 2158 ἐπιδείκνυσι
3529 2107 3662 2176 μηδὲν

2123 2193 2286 2256 αὐτὸς
2319 2194 2695 2264 χαριζόμενος.
2737 2195 2798 2247 Εἰ
2825 2195 2881 2248 δέ
2909 2195 3092 2257 ἁπλῶς
3112 2195 3348 2258 διδόντος
3376 2195 3553 2248 λαϐεῖν
3584 2198 3663 2251 οὐκ

2123 2285 2365 2354 εὔλογον,
2397 2286 2514 2350 πῶς
2541 2286 2604 2340 ού
2640 2285 2823 2352 πλέον,
2847 2286 2937 2340 ὅτε
2971 2286 3105 2356 μηδὲ
3133 2289 3335 2356 προῖκα
3364 2287 3462 2358 τὴν
3489 2288 3663 2358 δωρεὰν

2123 2377 2237 2432 ἀλλ’
2275 2379 2359 2430 ἐπ’
2390 2377 2654 2431 ἀντιδόσει
2680 2377 2936 2452 τοσαύτῃ,
3033 2378 3127 2432 καὶ
3157 2379 3317 2442 αύτδς
3358 2379 3513 2444 δῆλός
3541 2383 3662 2434 ἐστιν

441 2466 778 2523 Perditorem
817 2470 1064 2522 eumdem
1093 2483 1256 2523 vocas
1296 2477 1350 2522 et
1396 2470 1657 2532 amicum,
1704 2468 2020 2523 interfecto-

440 2573 554 2616 rem
585 2570 640 2614 et
667 2559 898 2625 socium;
929 2560 1176 2614 eamdem
1211 2558 1344 2629 legis
1371 2559 1654 2628 epistolam
1699 2559 1910 2629 plenam
1946 2559 2021 2613 in-

435 2651 598 2718 juriis
641 2660 695 2705 et
745 2650 900 2705 donis
932 2691 946 2716 ,
989 2649 1325 2718 permiscens
1375 2663 1523 2704 mere
1564 2649 1704 2703 mala
1750 2658 1804 2704 ct
1852 2649 2015 2714 dona,

439 2741 737 2804 beneficia,
785 2751 842 2796 et
899 2742 1128 2808 damna,
1172 2739 1464 2808 Barbaros,
1509 2751 1564 2796 et
1617 2741 1857 2796 Grzrcos.
1906 2741 2020 2797 lioc

439 2837 624 2894 studes
641 2836 794 2889 urbis
825 2835 1165 2889 commodmn
1198 2834 1369 2889 videri
1401 2849 1668 2904 quaerere,
1701 2835 1796 2890 sed
1837 2835 2019 2890 verius

439 2932 595 2995 illud,
627 2945 747 2984 cum
777 2928 931 2983 urbis
951 2937 1149 2982 nostrae
1177 2928 1389 2982 ruinam
1411 2928 1525 2996 regi
1549 2927 1770 2982 honoris
1801 2927 2014 2980 initium

2122 2926 2218 2980 καὶ
2249 2925 2529 2988 λανθάνεις
2554 2920 2635 2988 οἷς
2662 2924 2938 2988 διαλλάξαι
2969 2923 3176 2993 βασιλεῖ
3197 2925 3291 2995 τὴν
3320 2925 3476 2977 πόλιν
3493 2923 3663 2976 ἐσπού-

440 3020 634 3075 facias.
655 3019 794 3085 Quid
815 3032 944 3086 ergo
963 3017 1029 3071 ad
1056 3016 1302 3070 triremes
1334 3030 1438 3070 non
1473 3016 1742 3080 vadimus,
1770 3017 1864 3071 sed
1893 3031 2014 3071 sus-

2121 3020 2310 3082 δακας,
2342 3017 2550 3081 τούτοις
2579 3018 2727 3088 ἡμᾶς
2760 3018 2986 3088 ἐγείρων
3021 3015 3178 3068 πλέον
3193 3016 3283 3069 ἐπὶ
3311 3016 3406 3069 τον
3438 3016 3662 3084 πόλεμον.

441 3115 679 3170 tinemus
753 3125 932 3179 regem
981 3109 1170 3179 patria:
1201 3108 1413 3162 ruinam
1444 3106 1760 3163 aﬂerentem
1781 3107 1804 3161 ‘l
1827 3108 1931 3163 Sed
1958 3118 2010 3161 et

2121 3113 2184 3163 Ὠ
2219 3110 2329 3163 τῶν
2374 3108 2644 3178 ἀνομοίων
2689 3107 2968 3179 ρημάτωνί
3001 3107 3255 3178 λυμεῶνά
3286 3124 3382 3178 μοι
3405 3107 3493 3159 τὸν
3528 3106 3665 3159 αὖτὲν

439 3201 722 3261 historiam
749 3211 986 3254 nostram
1017 3198 1227 3253 curiose
1255 3197 1460 3252 Xerxes
1489 3197 1756 3267 quaesivit,
1779 3198 1934 3268 quasi
1961 3207 2014 3251 et

2121 3201 2548 3278 προσαγορεύεις
2599 3199 2692 3252 καὶ
2736 3198 2908 3267 φίλον,
2946 3198 3239 3268 αὐτόχειρα
3296 3198 3395 3250 καὶ
3423 3197 3571 3249 πάλιν
3593 3195 3662 3246 ἕνα

439 3309 564 3348 cum
603 3292 754 3346 urbis
811 3290 1094 3359 praeconiis
1141 3287 1338 3342 bellum
1383 3298 1758 3358 suscepturus.
1816 3288 2012 3360 362!)

2121 3295 2343 3352 σπονδον
2369 3292 2468 3361 τὴν
2524 3287 2693 3356 αὐτὴν
2723 3284 3116 3354 ἀναγινώσκεις
3161 3284 3454 3355 ἐπιστολὴν
3485 3284 3662 3354 μεστὴν

2121 2467 2158 2522 ἃ
2185 2468 2400 2522 δίδωσιν
2458 2468 2734 2538 ὁμολογῶν
2776 2468 3234 2536 ἁνταλλάξασθαις
3291 2469 3432 2541 Φέρε
3475 2470 3533 2540 δὴ
3588 2472 3663 2522 καὶ

2123 2560 2293 2624 αὐτὰς
2322 2560 2421 2623 τὰς
2455 2560 2774 2631 ὑποσχέσεις
2802 2560 3147 2630 σκεψώμεθα.
3188 2562 3659 2631 Ἀντικαταστὴσω,

2125 2652 2310 2722 φησιν,
2371 2645 2452 2714 οἷς
2487 2651 2845 2721 ἐλυμηνάμην
2902 2652 3044 2706 κατὰ
3110 2653 3200 2704 τὸν
3228 2653 3487 2723 πόλεμον.
3513 2654 3664 2723 Δύτήν

2126 2760 2215 2814 μοι
2274 2741 2452 2810 λέγεις
2507 2739 2602 2793 τοῦ
2631 2740 2866 2810 πολέμου
2897 2740 2993 2812 τὴν
3038 2741 3329 2811 πρόφασιν,
3379 2742 3472 2795 καὶ
3511 2741 3662 2811 μάχης

2126 2835 2324 2906 μᾶλλον
2354 2834 2386 2904 ἢ
2417 2833 2710 2903 διαλλαγῆς
2743 2833 2897 2903 μοιδθ
2921 2833 3314 2901 ἀναγινώσκεις
3349 2833 3662 2904 συνθήματα,

439 3387 620 3452 Quare
645 3385 691 3438 si
735 3384 802 3437 ab
839 3381 1009 3437 altero
1040 3381 1316 3450 injuriam,
1361 3382 1428 3435 ab
1474 3381 1647 3437 altero
1689 3385 2010 3438 beneficium

439 3475 771 3545 accepimus,
810 3473 962 3526 illum
999 3473 1214 3541 quidem
1252 3482 1311 3526 ut
1339 3472 1548 3526 hostem
1588 3483 1846 3540 tractare,
1865 3475 2008 3529 hanc

441 3581 572 3622 vero
603 3575 658 3619 ut
705 3564 1028 3620 beneficium
1078 3565 1418 3618 remunerari
1468 3566 1728 3634 oportuit.
1773 3565 1928 3632 Quod
1968 3569 2013 3620 si

440 3667 731 3725 utrumque
771 3657 912 3710 idem
960 3655 1236 3724 praestitit,
1275 3665 1455 3710 utrum
1486 3656 1645 3711 decet
1689 3657 2011 3713 beneficimn

438 3748 720 3803 attendere
744 3762 839 3816 pro
874 3747 941 3801 iis
977 3761 1096 3814 qua:
1126 3747 1410 3814 promittit,
1458 3747 1539 3801 vel
1572 3749 1814 3817 exigere,
1851 3747 2012 3818 cujus

439 3850 728 3894 accusatur
785 3837 997 3906 injuriae
1028 3837 1050 3890 ἲ
1078 3836 1338 3902 Quasnam
1387 3847 1543 3904 sunt,
1591 3855 1713 3910 quae
1751 3839 1838 3895 ille
1885 3841 2010 3896 laesa

449 3933 586 3988 dicit
615 3933 637 3986 ἳ
667 3947 763 4000 per
811 3932 910 3986 has
937 3931 1146 3986 litteras
1171 3931 1494 3987 beneficium
1529 3934 1665 3990 dicis
1691 3936 1866 4004 gratia
1898 3938 2015 4006 pol—

440 4023 655 4087 licetur,
685 4022 928 4076 Athenas
978 4021 1200 4075 omnino
1233 4031 1664 4078 restauraturum
1699 4041 1759 4081 se
1799 4029 2013 4096 signiﬁ—

437 4121 556 4177 cat;
585 4114 686 4167 hoc
721 4111 932 4188 scilicet
961 4110 1191 4166 obscure
1219 4111 1444 4178 dicitur,
1477 4113 1602 4169 licet
1629 4126 1819 4185 aperte
1848 4120 2011 4174 verbo

439 4205 723 4260 nominare
758 4219 865 4258 non
896 4203 1092 4258 audeat
1124 4201 1415 4271 :Alhenas,
1452 4207 1648 4276 inquit,
1679 4214 2008 4265 restaurabo.

436 4295 518 4350 Tu
552 4296 737 4350 urbem
769 4294 1039 4350 Palladis?
1062 4294 1142 4351 Tu
1172 4295 1450 4352 civitatem
1483 4299 1702 4368 Thesei,
1733 4311 1785 4358 et
1808 4303 2012 4359 Cecro-

2117 3385 2466 3455 ἀδικημάτων
2497 3381 2590 3434 καὶ
2623 3377 2863 3449 δωρεῶν,
2899 3379 3090 3448 μιγνὺς
3121 3377 3189 3430 τὰ
3209 3377 3252 3410 ⁸⁸
3284 3377 3498 3446 ἄμικτα
3519 3375 3666 3443 παθη,

2118 3473 2396 3552 [δωρεὰς,]
2433 3473 2681 3544 χάριτας,
2712 3469 3015 3540 συμφορὰς,
3049 3467 3381 3538 βαρϐάρους,
3411 3467 3666 3538 Ἕλληνας·

2117 3573 2212 3626 καὶ
2237 3569 2314 3640 τῷ
2341 3569 2436 3638 μὲν
2465 3568 2639 3620 δοκεῖν
2687 3563 3011 3626 σπουδάζεις
3056 3561 3198 3631 ὑπὲρ
3231 3562 3328 3631 τῆς
3383 3561 3596 3624 πόλεως,
3617 3559 3665 3608 to

2118 3665 2161 3718 δ’
2209 3661 2445 3731 ἀληθὲς,
2495 3656 2704 3728 βασιλεῖ
2754 3656 2929 3717 ποιεῖς
2980 3652 3290 3722 φιλοτιμίας
3347 3651 3591 3704 ὑπόθεσιν
3623 3648 3672 3702 τὸ

2120 3755 2324 3826 πτῶμα
2379 3756 2478 3822 τῆς
2525 3750 2753 3812 πόλεως.
2790 3747 2856 3800 Τί
2887 3741 2979 3799 οὗν
3023 3746 3124 3798 οὐκ
3174 3745 3264 3796 ἐπί
3302 3744 3405 3807 τὰς
3457 3743 3672 3814 τριήρεις

2120 3848 2327 3918 ῐμεν⁹⁰,
2363 3845 2479 3898 ἀλλ’
2531 3839 2843 3911 ἀνεχόμεθα
2869 3837 3239 3910 προφέροντος
3263 3839 3398 3908 ἡμῖν
3435 3833 3670 3905 βασιλέως

2115 3941 2214 4009 τὴν
2269 3937 2567 4009 πόρθησινς
2631 3931 3161 4003 ἐπολυπραγμόνησέ
3229 3947 3330 3999 μου
3393 3926 3588 3999 Ξέρξης
3614 3925 3670 3976 τὶι

2114 4031 2451 4101 διηγήματα,
2506 4025 2696 4092 ὥσπερ
2754 4024 2998 4085 καὶτοῖς
3062 4020 3358 4091 ἐγκωμίοις
3393 4016 3671 4087 πολεμῆσαι

2115 4124 2282 4178 θέλων
2325 4123 2424 4193 τῆς
2448 4121 2676 4182 πόλεως.
2704 4119 2764 4171 Εἰ
2797 4117 2895 4188 μὲν
2927 4111 3018 4170 οὖν
3055 4115 3186 4187 παρ’
3207 4114 3397 4184 ἐτέρου
3429 4112 3524 4182 μὲν
3553 4106 3611 4178 ἦν
3630 4106 3666 4139 ⁸⁸

2115 4214 2175 4268 τὸ
2204 4212 2465 4284 ἀδίκημα,
2512 4210 2643 4280 παρ’
2679 4209 2866 4279 ἑτέρου
2892 4207 3005 4278 δὲή
3036 4207 3215 4276 χάρις,
3260 4204 3338 4275 τῷ
3387 4204 3486 4274 μὲν
3530 4197 3670 4270 ἐχρῆν

2113 4305 2188 4368 ὡς
2219 4303 2462 4372 πολεμίῳ
2498 4301 2758 4370 χρῆσθαι,
2813 4297 2900 4351 τὸν
2934 4297 2979 4349 δ’
3012 4296 3087 4360 ὡς
3116 4294 3412 4364 εὐεργέτην
3469 4289 3671 4360 ἀμείϐε-

432 4390 556 4460 pis?
589 4391 791 4458 Deinde
820 4390 1154 4447 Erichthonii
1185 4402 1242 4449 et
1295 4394 1588 4464 Cecropes,
1619 4405 1674 4449 et
1703 4394 1920 4460 Thesei,
1956 4406 2014 4453 et

2121 4395 2260 4448 σθαι.
2289 4394 2351 4448 Εἰ
2377 4392 2434 4445 δέ
2458 4393 2546 4444 ό⁹¹
2597 4389 2757 4453 αὐτὸς
2808 4388 3118 4458 ἀμφότερα,
3166 4385 3218 4438 τί
3247 4384 3448 4455 μᾶλλον
3499 4380 3671 4432 εἰδέναι

427 4481 592 4537 Codri
633 4483 1108 4543 obscurabuntur?
1152 4483 1279 4540 Haec
1327 4487 1509 4542 omnia
1553 4487 1761 4542 civitati
1814 4487 2013 4545 Xerxis

2121 4489 2281 4560 χάριν
2331 4485 2448 4540 ἀνθ’
2495 4479 2569 4537 ὦν
2631 4485 2974 4552 ὑπισχνεῖται
3031 4477 3307 4551 προσῆκεν
3348 4478 3379 4549 ἢ
3427 4472 3672 4546 τιμωρίαν

430 4572 742 4628 debebunt?
767 4575 1170 4642 Conditor,dux
1201 4577 1443 4643 laudum,
1468 4581 1863 4647 praeconiorum
1894 4597 2009 4636 ma-

2121 4583 2369 4636 ὰπαιτεῖν
2401 4581 2484 4648 ἐφ’
2511 4572 2594 4642 οἷς
2651 4575 2854 4629 ἀδικῶν
2907 4575 3223 4644 ἑλέγχεται;
3255 4571 3388 4624 Τίνα
3422 4570 3478 4622 δέ
3515 4567 3597 4620 καὶ
3615 4562 3670 4616 τὰ

432 4661 606 4717 teria?
635 4663 733 4718 Hei
765 4665 899 4726 mihi
945 4667 1028 4721 bis
1057 4667 1212 4724 malis
1241 4669 1254 4721 !
1290 4669 1477 4725 Victus
1501 4685 1530 4723 a
1569 4685 1653 4725 me
1680 4669 1891 4728 Xerxes
1926 4687 2011 4727 ca-

2121 4672 2500 4744 λελυμασμὲνα
2561 4669 2746 4736 καλεῖς
2812 4665 3132 4735 ἀφοσιοῦται
3179 4665 3284 4733 γὰρ
3321 4663 3416 4715 καὶ
3467 4659 3552 4713 διὰ
3579 4656 3670 4709 τῶν

430 4754 510 4826 pit
545 4756 756 4810 urbem.
793 4755 931 4822 Quid
966 4773 1095 4814 vero
1125 4769 1180 4814 et
1209 4770 1422 4816 nosmet
1454 4771 1643 4816 contra
1675 4762 1893 4820 Graecos
1914 4765 2008 4835 ju-

2121 4765 2460 4837 γραμμάτων
2504 4763 2602 4832 τὴν
2655 4761 2834 4831 χάριν.
2885 4759 2996 4821 Τὰς
3035 4757 3263 4828 Ἀθήνας
3297 4755 3516 4815 πάντως
3544 4751 3669 4802 ἀνοιν

429 4848 522 4900 bct
550 4847 826 4915 pugnare?
856 4846 972 4902 Non
995 4851 1140 4905 enim
1163 4868 1377 4922 aequum
1407 4869 1503 4908 nos
1534 4854 1635 4919 illi,
1667 4858 1760 4926 qui
1798 4859 2002 4912 circum

428 4937 572 4990 hanc
605 4938 790 4992 urbem
814 4941 950 4993 mira
999 4943 1109 4997 edit
1131 4941 1396 5012 facinora,
1425 4962 1530 5001 non
1562 4948 1750 5004 venire
1777 4950 2003 5015 auxilio;

424 5036 480 5080 et
532 5027 760 5094 merito;
802 5045 909 5084 non
955 5031 1100 5086 enim
1147 5044 1258 5088 tum
1312 5037 1484 5092 aciem
1535 5039 1753 5109 dignam
1802 5044 2003 5098 erectis

427 5117 646 5186 tropaeis
681 5118 1032 5176 instruemus.
1073 5122 1255 5180 Xerxe
1278 5127 1417 5182 duce
1446 5129 1638 5186 vicinis
1673 5133 2007 5189 nostrisbcl-

423 5208 534 5262 lum
581 5209 900 5279 inferentes,
945 5225 1170 5286 propter
1198 5232 1332 5288 quos
1371 5220 1517 5276 visus
1548 5233 1630 5276 est
1671 5222 1854 5280 Persis
1893 5243 1997 5280 non

425 5300 618 5368 vietor,
651 5304 745 5357 sed
787 5314 1044 5376 tanquam
1075 5309 1227 5363 exsul
1267 5321 1322 5364 et
1359 5311 1640 5383 fugitivus,
1685 5317 1770 5372 his
1811 5319 1998 5373 urbem

2115 4862 2250 4913 κιεῖν
2275 4855 2702 4924 ἐπαγγέλλεται’
2750 4852 2910 4905 τοῦτο
2949 4850 3056 4923 γὰρ
3096 4849 3466 4903 ὑπαινίττεται
3495 4845 3667 4912 δήπου,

2109 4951 2212 5006 κᾶν
2248 4945 2521 5021 μὴ’τολμᾷ
2552 4945 2800 5016 φανερῶς
2829 4943 3119 5015 ὀνομάζειν
3146 4941 3220 5012 τῷ
3244 4943 3469 5011 ῥήματι.
3515 4935 3665 4999 Ἀθή-

2107 5063 2219 5111 νας
2251 5042 2510 5106 ἀνοικιῶ,
2545 5041 2699 5113 φησί.
2737 5041 2808 5093 Σὺ
2837 5038 2950 5110 ξτὴν
2980 5039 3077 5108 τῆς
3111 5036 3338 5108 Ἀθηνᾶς
3393 5033 3578 5095 π-Ξλιν;
3603 5029 3664 5080 Σὺ

2105 5137 2202 5208 τὴν
2255 5134 2476 5205 Θησέως
2529 5133 2623 5186 καὶ
2675 5132 3024 5202 Κέκροποςςν
3056 5126 3173 5183 εἶτα
3238 5125 3663 5195 σιωπηθήσονται

2119 5227 2438 5298 Ἐριχθόνιοι
2463 5225 2556 5278 καὶ
2576 5223 2879 5294 Κέκροπες,
2909 5223 2988 5277 ἔτι
3010 5223 3066 5276 δέ
3089 5222 3281 5293 Θησεῖς
3316 5219 3409 5271 καὶ
3443 5215 3655 5285 Κόδροι;

2110 5321 2287 5374 πάντα
2311 5318 2368 5371 δέ
2397 5317 2548 5370 ἔσται
2572 5316 2780 5388 Ξέρξης
2809 5320 2875 5387 τῇ
2924 5317 3098 5380 πόλει,
3140 5312 3401 5381 οἰκιστὴς,
3437 5303 3658 5378 ἀρχητέο

423 5392 678 5459 condere,
711 5404 763 5448 et
797 5393 882 5461 his
910 5397 1234 5454 benefacere
1261 5402 1482 5472 cupiet?
1519 5402 1671 5469 Quod
1708 5410 1754 5462 si
1787 5419 2006 5478 putaret

2121 5431 2212 5485 της
2239 5430 2251 5443 ·
2285 5411 2395 5469 τῶν
2426 5409 2688 5475 ἐπαίνων,
2733 5409 2842 5463 τῶν
2876 5407 3164 5480 ἐγκωμίων
3191 5403 3477 5467 ύπόθεσιςς
3515 5399 3657 5468 Οῖμοι

1669 5541 1712 5597 ν
1727 5542 1908 5598 ᾹΒΙᾹΞ
1961 5541 2373 5602 LECTIONES.

823 5646 860 5713 ι.
952 5632 999 5665 ⁸⁸
1027 5642 1154 5687 ante.
1200 5635 1412 5704 δωρεὰν
1464 5651 1584 5689 cum
1641 5637 1775 5692 ABG
1845 5642 2004 5696 omisi
2071 5640 2404 5744 ἔμπροσθεν.

823 5718 883 5744 ἰε
938 5704 1030 5744 ναὶ
1080 5704 1146 5744 τὰ
1197 5723 1234 5744 ρ-
1392 5707 1437 5738 90
1480 5707 1624 5744 ῗητυ]
1681 5709 1801 5744 IiIn-i
1889 5707 2045 5744 εἴκει.
2212 5713 2224 5741 Ι
2287 5706 2354 5744 In

687 5704 883 5767 μιγνὺς
938 5704 1033 5757 καὶ
1080 5704 1148 5757 τὰ
1197 5723 1255 5770 ςι
1392 5707 1437 5738 ⁹⁰
1480 5707 1624 5778 ἴμεν]
1680 5709 1803 5764 libri
1888 5707 2064 5783 εἶμεν.
2103 5704 2118 5725 ⁸
2180 5704 2224 5744 ﬂ
2257 5706 2354 5780 ,ἦν
2435 5709 2558 5764 add.
2621 5704 2685 5763 ΑΖ

508 5622 554 5654 ⁸³
581 5625 611 5675 ό
633 5639 741 5681 om.
795 5631 860 5684 Α.

426 5693 491 5743 Α.
579 5693 624 5725 89

571 5760 628 5826 Β,

2514 5639 2560 5710 ετ
2623 5635 3088 5710 προσαγορεύουσι
3143 5633 3213 5710 C_._
3289 5632 3343 5710 ξ’
3402 5647 3505 5710 μοιβ
3539 5626 3648 5710 aqd'

2760 5696 2957 5763 όόἰιι.
3029 5707 3093 5760 Δ.
3170 5706 3214 5736 ⁸³
3284 5701 3339 5758 δέ
3395 5696 3514 5771 post
3577 5696 3648 5761 ἔτι
