3924 6414
223 338 351 408 1337

1225 340 1748 401 BIBLIOTHECA.
1772 365 1843 375 -
1876 339 2042 402 COD.
2071 337 2380 400 CCXLIII-

3343 336 3479 402 1338

220 450 326 505 τῶν
379 448 605 504 κακῶνι
639 448 945 521 ἡττημένος
995 467 1095 520 μου
1139 448 1350 522 Ξέρξης
1406 451 1796 522 λαμϐάνειτήν

1903 462 2178 522 acceptam
2207 451 2412 506 cladem
2446 450 2614 504 armis
2639 449 2946 504 instaurare
2967 463 3144 518 posse,
3181 448 3476 503 exercitum

223 543 394 596 πόλιν.
435 541 501 594 Τί
527 541 570 594 δ’
617 541 684 595 ἂν
713 543 806 595 καὶ
845 543 993 612 qui;
1041 543 1240 607 αὐτοὺς
1294 544 1437 597 κατά
1469 544 1576 597 τῶν
1610 544 1800 614 Ἐλλή-

226 650 326 686 νων
360 631 822 702 συστρατεύεσθαι
841 633 887 664 ⁸³
921 633 1150 704 κελεύῃς
1179 633 1238 686 οὐ
1277 635 1386 704 γὰρ
1427 629 1564 686 εἶναι
1594 632 1801 687 δίκαιον

226 725 296 792 τῷ
350 723 618 794 τοσαύτην
678 725 1072 796 ὲνδεικνυμένῳ
1124 725 1255 796 περὶ
1314 726 1413 795 τὴν
1461 725 1618 778 πόλιν
1700 743 1800 794 με-

224 812 618 882 γαλοψυχίανοδ
683 814 758 885 μὴ
815 815 993 869 πάντα
1037 815 1238 886 τρόπον
1314 814 1798 884 συναγωνίζεσθαι.

226 903 405 967 Καλάς
430 906 474 937 ⁸⁸
523 921 584 973 γε
655 904 738 976 (ού
813 906 993 977 γάρ;)
1052 908 1174 960 τότε
1226 908 1322 962 καὶ
1369 906 1478 959 τῶν
1525 907 1802 976 τροπαίων

225 993 376 1057 ἀξίας
432 993 538 1047 τῶν
592 996 982 1066 ὲγηγερμένων
1041 997 1140 1061 τάς
1221 997 1559 1068 παρατάξεις
1620 1015 1801 1069 παρα-

223 1083 512 1152 ταξόμεθα,
571 1085 676 1138 ὑπὸ
726 1085 902 1158 Ξέρξῃ
957 1086 1246 1158 στρατηγῷ
1309 1087 1435 1150 τοὺς
1488 1087 1630 1141 κατά
1691 1087 1800 1140 τῶν

224 1174 507 1245 ὁμοφύλων
547 1176 820 1247 πολέμους
872 1179 1218 1249 ἐκφέροντες.
1243 1178 1322 1231 Δι’
1354 1177 1448 1242 οὒς
1472 1178 1626 1250 ὤφθη
1655 1179 1798 1248 Πέρ-

225 1281 342 1327 σαις
397 1266 516 1319 ἀντὶ
561 1269 856 1339 νικηφόρου
884 1274 1070 1341 σχῆμα
1113 1271 1383 1340 δραπέτου
1434 1271 1528 1323 καὶ
1558 1271 1800 1340 φυγάδος

223 1356 617 1427 περικείμενος,
669 1360 942 1424 τούτοις⁹⁸
1002 1363 1156 1415 πόλιν
1214 1364 1463 1430 οἰκίζειν,
1517 1364 1797 1430 τούτους⁹⁷

221 1448 526 1519 εὐεργετεῖν
555 1452 803 1518 ἀνέξεται
828 1471 842 1518 ;
869 1456 932 1507 Εἰ
962 1456 1062 1524 μὲν
1092 1455 1200 1528 γάρ
1229 1457 1394 1520 εὐθὺς
1419 1457 1798 1528 ἀναμάχεσθαι

220 1542 329 1604 τοῖς
363 1541 547 1606 ὅπλοις
582 1543 682 1615 τὴν
722 1539 894 1616 ἧτταν
945 1547 1252 1613 ἐπίστευεν,
1306 1549 1664 1620 ἐστράτευσεν
1710 1549 1796 1616 ἂν,

219 1633 316 1685 οὐκ
332 1634 718 1702 ὲπρεσδεύετοο
742 1637 866 1690 ἐπεὶ
886 1637 940 1690 δὲ
964 1639 1330 1706 ἀπογινώσκει
1353 1642 1460 1693 τῶν
1491 1642 1794 1713 δυνάμεων,

219 1725 312 1796 τήν
344 1728 560 1796 ἀπάτην
619 1727 756 1792 τέως
817 1728 943 1801 [590
977 1729 1068 1802 11.]
1100 1732 1218 1784 ἀντὶ
1247 1733 1354 1785 τῶν
1384 1734 1563 1786 ὅπλων
1598 1735 1797 1806 προδέ-

1902 544 2217 602 adduceret.
2249 557 2353 596 non
2391 551 2574 594 autem
2619 541 2824 610 legatos
2847 540 3107 595 mitteret.
3141 540 3212 592 At
3249 555 3372 593 cum
3402 540 3481 593 vi-

1906 635 2056 689 ribus
2085 633 2288 688 dillidal
2318 634 2451 700 suis,
2489 633 2848 703 fraudempro
2882 633 3050 686 armis
3077 632 3325 686 adhibet.
3345 632 3478 686 Cum

1903 739 2084 781 autem
2126 728 2310 794 copias
2357 727 2750 788 recensuisset,
2795 734 2908 780 tum
2972 727 3190 778 demum
3241 723 3481 777 fraudem

1903 833 2177 871 armorum
2227 819 2344 872 loco
2409 819 2685 888 produxit.
2729 817 3040 883 Quinetiam
3099 819 3290 871 urbem
3345 816 3483 871 hanc

1903 910 2042 977 apud
2087 919 2312 963 caeteros
2356 907 2576 964 Graecos
2610 908 2864 961 infamem
2916 908 3143 961 reddere
3182 906 3482 972 contendit,

1904 1005 1962 1051 nt
1993 1012 2090 1052 nos
2147 1013 2335 1052 eorum
2385 998 2594 1052 auxilio
2625 999 2876 1051 desertos
2911 998 3186 1063 redderet,
3225 1007 3281 1051 et
3329 997 3486 1051 nobis

1903 1088 2035 1143 solis
2071 1088 2268 1142 bellum
2323 1101 2507 1159 postea
2547 1088 2798 1144 inferret.
2829 1089 2898 1142 Et
2926 1105 2990 1143 ex
3017 1089 3100 1142 his
3133 1089 3311 1143 verbis
3339 1098 3487 1158 patet

1902 1179 2104 1234 donum
2152 1180 2290 1234 dicis
2347 1181 2522 1248 gratia
2573 1179 2793 1234 oﬂ'erre.
2853 1180 3003 1234 Illius
3031 1190 3148 1234 crat
3196 1180 3487 1234 manifeste

1903 1270 2100 1325 litteris
2141 1270 2442 1325 inscribere
2491 1271 2633 1325 hanc
2681 1269 2818 1324 velle
2851 1286 2908 1325 se
2946 1272 3133 1325 urbem
3161 1271 3484 1324 instaurare.

1906 1362 2013 1416 lloc
2060 1369 2237 1416 autem
2282 1377 2388 1415 non
2451 1361 2770 1425 declarans,
2809 1361 3130 1429 simpliciter
3181 1375 3240 1414 se
3291 1361 3488 1413 damna

1901 1454 2038 1510 bello
2081 1454 2227 1508 illata
2275 1466 2615 1508 resirturtttn
2660 1455 2823 1517 dit-it,
2859 1455 3098 1509 adverbii
3127 1453 3483 1523 amphibolia,

1902 1561 2021 1616 qum
2053 1545 2196 1600 mala
2225 1546 2512 1613 cogitarit,
2534 1545 2759 1615 epistula
2810 1546 3164 1614 signiﬁcavit.
3203 1545 3354 1612 Quod
3391 1559 3490 1598 au-

1905 1649 2010 1695 tem
2043 1648 2159 1693 erat
2187 1639 2339 1692 urbis
2381 1650 2586 1694 nostra:
2616 1639 2828 1709 insigne
2855 1638 2879 1693 ?
2912 1639 3311 1710 lilagniliecntia
3354 1638 3486 1692 mdi-

1906 1732 2184 1794 liciorum,
2233 1730 2469 1798 antiqua:
2509 1732 2821 1800 ubicunque
2875 1730 3093 1784 virtutis
3143 1729 3485 1804 testimonia,

217 1817 432 1888 ϐληται.
471 1818 592 1872 Ἔτι
623 1819 802 1876 τοίνυν
863 1821 956 1874 καὶ
1008 1821 1314 1894 διαϐάλλειν
1349 1822 1616 1893 ’Έλληνας
1644 1803 1798 1892 ’πρὸς

1907 1832 2112 1877 natura:
2144 1833 2390 1887 ornatus,
2433 1823 2527 1890 qui
2571 1821 2748 1892 majus
2776 1822 2896 1877 urbi
2931 1821 3080 1875 addit
3105 1803 3487 1874 ornamentum

215 1909 310 1982 τὴν
336 1909 492 1963 πόλιν
517 1911 864 1977 ἐσπούδασεν,
898 1912 990 1966 ἴνα
1025 1913 1262 1983 ἐρήμους
1283 1913 1385 1983 τῆς
1407 1916 1535 1986 παρ’
1575 1915 1802 1969 ἐκείνων

218 2002 540 2072 συμμαχίας
585 2002 962 2072 ἐργασάμενος
1011 2003 1149 2074 πρὸς
1176 2003 1372 2073 μόνους
1396 2005 1542 2074 ἡμᾶς
1575 2004 1802 2076 ὕστερον

214 2089 474 2162 ἐξενέγκῃ
492 2091 584 2145 τὸν
607 2093 866 2164 πόλεμον.
900 2093 1012 2148 Καὶ
1028 2094 1135 2164 μὴν
1166 2094 1226 2158 ἐξ
1253 2095 1435 2148 αὐτῶν
1455 2095 1500 2128 ⁹⁸
1535 2097 1802 2166 ῥημάτων

213 2181 368 2251 δῆλός
399 2183 518 2236 ἐστι
553 2184 688 2255 πρὸς
709 2185 809 2257 τὴν
842 2185 1051 2257 δωρεάν
1067 2186 1482 2258 ἀφοσιούμενος.
1511 2186 1801 2262 [κοιλ]

214 2273 316 2328 Τοῦ
341 2274 443 2344 μὲν
489 2277 598 2348 γάρ
650 2277 924 2330 ἀνοικίσαι
961 2277 1060 2350 τὴν
1092 2278 1244 2332 πόλιν
1289 2279 1386 2350 τὴν
1419 2257 1694 2351 ἡμετέραν
1717 2257 1802 2334 θέζ

211 2364 390 2430 λοντος
416 2367 581 2438 ἔργον
616 2363 684 2440 ἦν
733 2370 864 2422 αὐτὸ
912 2370 1072 2424 τοῦτο
1121 2371 1306 2441 σαφῶς
1363 2372 1641 2443 ἐγγράψαι
1686 2376 1801 2438 τοῖς

211 2457 540 2526 γράμμασιν
573 2477 587 2489 ο
635 2461 662 2512 ό
696 2459 752 2512 δὲ
781 2460 942 2514 τοῦτο
997 2461 1096 2532 μὲν
1159 2463 1259 2516 οὐκ
1291 2462 1483 2528 εἰπὼν,
1527 2465 1713 2529 ἁπλῶς
1743 2466 1801 2518 δὲ

211 2550 678 2621 ἁντικαταστῆσαι
736 2554 916 2622 φήσας
965 2551 1046 2618 οἷς
1077 2555 1385 2626 ἐλυμήνατο
1411 2557 1551 2612 κατὰ
1583 2557 1671 2610 τὸν
1703 2558 1801 2612 πό-

206 2639 389 2708 λεμον,
417 2643 487 2712 τῇ
516 2641 609 2696 τοῦ
665 2646 1054 2715 προσρήματος
1093 2645 1394 2719 ἀμφιϐολίᾳ
1437 2648 1624 2712 κακῶς
1656 2652 1701 2682 ³⁸
1735 2649 1762 2701 ὃ
1783 2649 1799 2680 ⁸

209 2736 513 2804 κακουργεῖ
563 2734 650 2788 διὰ
682 2735 789 2789 τῶν
820 2737 1171 2808 γραμμάτων
1201 2739 1523 2809 δεδήλωκεν.
1554 2741 1619 2793 Τί
1643 2741 1698 2794 δὲ
1731 2737 1800 2812 ἦν

207 2823 300 2892 τῆς
346 2826 555 2889 πόλεως
611 2825 712 2896 τῆς
775 2828 1051 2898 ἡμετέρας
1081 2829 1142 2881 τὸ
1176 2829 1480 2899 ὲπίσημον;
1534 2831 1801 2901 σεμνότης

207 2915 680 2986 οἰκοδομημάτων,
725 2918 1005 2989 πανταχοῦ
1048 2920 1149 2990 τῆς
1175 2921 1408 2991 ἀρχαίας
1435 2923 1635 2992 ἀρετῆς
1666 2924 1800 2976 ὑπο-

209 3007 494 3076 μνήματα,
529 3010 556 3062 ὀ
595 3008 747 3079 παρά
800 3011 900 3082 τῆς
953 3011 1168 3080 φύσεως
1207 3012 1412 3083 κόσμος
1461 3016 1646 3084 μεῖζον
1704 3014 1799 3068 τοῦ

208 3097 355 3167 παρὰ
398 3099 501 3166 τῆς
543 3099 741 3171 τέχνης
803 3102 1122 3172 προστιθεὶς
1151 3107 1217 3174 τῇ
1275 3105 1428 3158 πόλει
1486 3106 1547 3159 τὸ
1581 3105 1797 3168 κάλλος.
1831 3136 1872 3191 C

208 3187 304 3240 Οἴα
332 3189 441 3259 μὲν
474 3190 600 3244 ἰδεῖν
621 3192 939 3263 ἀκρόπολις,
973 3188 1086 3248 οἷον
1113 3194 1240 3249 ἄλλο
1263 3197 1399 3250 θεῶν
1429 3199 1548 3268 μετ’
1577 3199 1804 3270 οὐρανὸν

205 3281 578 3352 ἐνδιαίτημαί
632 3279 744 3348 οἷος
773 3285 830 3337 δὲ
876 3287 904 3340 ό
938 3285 1040 3355 τῆς
1095 3289 1357 3354 Πολιάδος
1414 3289 1571 3353 νεὼς,
1620 3292 1804 3344 καὶτὸ

206 3371 596 3437 Ποσειδῶνος²
653 3376 910 3446 τέμενοςί
973 3378 1293 3450 συνήψαμεν
1361 3381 1469 3451 γάρ
1535 3381 1623 3434 διὰ
1694 3382 1803 3435 τῶν

205 3464 524 3535 ἀνακτόρων
548 3469 672 3528 τοὺς
695 3467 848 3532 θεοὺς
876 3469 1125 3539 ἀλλήλοις
1157 3473 1293 3540 μετὰ
1319 3471 1418 3541 τὴν
1439 3473 1694 3542 ἅμιλλαν.
1726 3475 1800 3527 Οὐ

203 3553 472 3624 λαμϐάνω
502 3558 653 3628 παρὰ
678 3559 869 3628 ἀνδρὸς
895 3560 987 3615 τὸν
1025 3562 1250 3633 τελετῆς
1283 3563 1499 3628 τόπον³,
1534 3565 1594 3619 ὃν
1624 3566 1800 3638 εἴργει

201 3647 299 3714 τῆς
337 3647 573 3718 τελετῆς
610 3649 712 3720 τῆς
742 3652 1021 3723 ἡμετέρας
1050 3653 1111 3706 τὸ
1142 3655 1425 3726 κήρυγμα.
1450 3656 1546 3720 Τίς
1569 3660 1804 3730 ἀναστή-

202 3753 281 3790 σει
307 3739 444 3802 τοὺς
469 3739 688 3810 ἄνδρας,
719 3740 1175 3812 οὒςάπολὼλεκε;
1210 3746 1294 3809 τίς
1323 3748 1392 3799 τά
1433 3747 1660 3810 σώματα
1693 3752 1802 3806 τῶν

201 3830 505 3898 πεσόντων,
529 3826 609 3895 οἷς
638 3826 794 3897 οὗτος
825 3836 970 3888 κατά
992 3837 1118 3900 τοὺς
1139 3837 1412 3908 πολέμους
1431 3839 1796 3912 λελύμανται;

202 3922 436 3992 Ἄνδρες
465 3923 596 3994 γὰρ,
628 3927 792 3997 φησιν
819 3927 860 3991 ⁵,
906 3930 962 3982 αἱ
999 3929 1203 3993 πόλεις,
1237 3931 1336 3984 οὐκ
1365 3931 1800 4004 οἰκοδομήματα.

201 4011 263 4064 Εἰ
280 4012 336 4064 δὲ
363 4013 444 4066 τὰ
472 4013 857 4087 λελυμασμένα
888 4021 1022 4089 ἡμῖν
1045 4020 1350 4075 ἀποδώσειν
1375 4023 1798 4092 ἐπαγγέλλεται,

193 4101 400 4156 τούτων
443 4103 500 4156 δὲ
529 4105 595 4156 τὰ
630 4105 729 4175 μὲν
785 4108 895 4161 ού3’
949 4109 1087 4173 ὅλως
1128 4111 1366 4182 ἐγχωρεῖ
1405 4113 1612 4180 λαϐεῖν,
1641 4116 1710 4169 τὰ
1743 4117 1800 4170 δὲ

195 4195 305 4256 τοῖς
340 4193 766 4265 διεφθαρμένοις
817 4198 914 4267 οὐχ
980 4198 1166 4268 ὃμοια,
1222 4199 1340 4264 πῶς
1393 4203 1494 4256 οὐκ
1540 4204 1798 4270 ἀδύνατος

195 4282 484 4354 ἐλέγχεται
522 4288 634 4349 τοῖς
663 4289 828 4341 πᾶσιν
859 4290 890 4358 ἠ
925 4289 1053 4358 περὶ
1085 4289 1288 4344 τούτων
1319 4291 1654 4363 ύπόσχεσις;
1685 4297 1798 4350 Οὔκ

193 4375 440 4443 ἤνεγκαν
466 4379 589 4431 οὐδὲ
638 4381 988 4450 τριακοσίους
1011 4383 1211 4434 ἐκεῖνοι
1241 4383 1708 4454 Λακεδαιμονίους
1737 4389 1796 4443 ὲν

1904 1930 2064 1983 quam
2099 1913 2412 1967 artilicium.
2446 1913 2632 1979 Qualis
2662 1912 2907 1968 cernitur
2936 1913 3026 1966 hic
3065 1928 3160 1965 arx
3209 1912 3358 1979 (40),
3397 1911 3488 1965 ubi

1907 2005 2033 2063 tale.
2061 2003 2198 2057 ccelo
2225 2013 2472 2072 excepto,
2504 2003 2700 2074 363':
2735 2003 3030 2072 hospitium
3093 2012 3178 2055 est
3222 2001 3491 2055 deorum?

1905 2093 2076 2160 Quale
2100 2093 2354 2161 templum
2404 2091 2643 2147 Poliadis
2667 2092 2961 2147 Minervzn?
2996 2102 3052 2145 et
3095 2092 3221 2146 huic
3252 2092 3488 2146 vicinuat

1905 2182 2186 2239 delubrum
2221 2180 2473 2250 Neptuni.
2506 2181 2912 2251 Conjunximus
2943 2182 3086 2235 enim
3123 2190 3240 2249 post
3266 2190 3490 2235 conten-

1907 2276 2105 2331 tionem
2148 2276 2276 2329 deos
2311 2290 2405 2344 per
2436 2289 2593 2344 reges
2642 2276 2694 2328 iu
2754 2273 2969 2342 templis
3008 2289 3129 2328 cum
3178 2273 3321 2328 aliis.
3372 2270 3486 2325 Non

1908 2369 2112 2438 recipio
2145 2366 2428 2422 formulam
2450 2383 2734 2422 sacrorum
2767 2368 2834 2420 ab
2870 2367 3109 2430 homine,
3145 2365 3356 2435 qualem
3394 2381 3490 2434 per

1908 2474 2213 2531 praeconem
2252 2472 2442 2512 arcere
2474 2457 2734 2512 solemus.
2769 2456 2902 2523 Quis
2931 2459 3206 2527 reparabit
3239 2457 3489 2510 homines

1903 2567 2040 2621 quos
2084 2549 2226 2603 bello
2274 2549 2554 2618 perdidit?
2584 2549 2716 2615 Quis
2750 2549 2938 2602 reddet
2994 2557 3330 2601 mortuorum
3366 2561 3492 2600 cor-

1903 2656 2053 2711 pora,
2086 2655 2205 2711 qum
2235 2638 2375 2694 bello
2398 2637 2674 2692 abstulit?
2715 2637 2831 2692 Viri
2857 2637 3024 2699 enim,
3054 2636 3295 2697 utaiunt,
3327 2636 3491 2690 urbes

1903 2741 2049 2798 Stlnl,
2086 2747 2191 2786 non
2223 2732 2414 2784 domus
2459 2731 2618 2800 ipsm;
2659 2730 2703 2784 si
2735 2731 2927 2784 damna
2976 2745 3035 2783 se
3065 2730 3488 2782 iustauraturum

1905 2825 2209 2895 pollicetur,
2243 2839 2309 2879 ex
2357 2824 2443 2878 his
2496 2824 2739 2892 quaedam
2790 2838 2892 2875 non
2945 2823 3154 2890 integre
3205 2821 3493 2874 restituere

1905 2926 2103 2986 potest,
2131 2915 2372 2984 qumdam
2409 2931 2512 2968 non
2542 2915 2692 2982 paria
2727 2913 3000 2983 prioribus
3027 2914 3252 2967 reddere
3283 2919 3482 2980 potest.

1905 3012 2184 3078 Quomodo
2213 3009 2427 3062 illiusiu
2465 3009 2547 3062 his
2576 3006 2865 3078 promissio
2911 3016 2968 3059 ut
3015 3005 3358 3074 imposubilis
3388 3021 3492 3061 non

1912 3101 2352 3170 redarguaturab
2393 3097 2684 3153 omnibus?
2708 3097 2787 3151 Illi
2821 3096 3496 3151 LaeedmmOniostrecen-

1910 3201 1993 3248 tos
2027 3193 2090 3248 ad
2119 3192 2281 3263 Pylas
2316 3207 2422 3245 non
2480 3191 2884 3252 sustinuerunt,
2925 3189 3018 3242 sed
3066 3187 3119 3241 in
3157 3187 3326 3241 oculis
3353 3189 3497 3257 regis

1911 3294 1990 3341 tot
2033 3285 2312 3356 myriades
2351 3283 2668 3338 ceciderunt
2722 3283 2984 3335 adversus
3041 3295 3208 3333 unum
3263 3295 3493 3349 agmen,

1907 3378 2060 3449 quasi
2090 3377 2274 3446 ﬂagris
2303 3375 2587 3432 ordinatze.
2625 3375 2742 3444 lpse
2774 3389 2868 3427 rex
2903 3373 2954 3426 in
2982 3373 3168 3426 Asiam
3194 3386 3292 3426 nos
3313 3383 3494 3440 vocat,

1906 3467 2196 3523 ostendens
2221 3464 2455 3535 demptis
2480 3465 2672 3535 pugnis
2702 3472 2874 3517 tutum
2910 3478 3092 3518 secum
3124 3463 3322 3518 bellum
3355 3464 3493 3518 fore.

1911 3557 2022 3612 L’ua
2055 3557 2202 3613 acies
2232 3567 2422 3612 contra
2459 3566 2626 3611 totam
2660 3555 2845 3611 Asiam
2887 3555 3150 3610 instructa
3180 3566 3232 3609 et
3269 3556 3494 3610 trecenti

1908 3649 2162 3719 Spartani
2205 3650 2354 3719 prius
2402 3648 2572 3703 armis
2623 3647 3038 3717 Thermopylas,
3073 3647 3270 3702 deinde
3325 3657 3498 3700 morte

1904 3741 2290 3805 occludentes,
2336 3740 2710 3796 honorabilius
2783 3740 3128 3808 sepulcrum,
3177 3755 3345 3810 quam
3391 3740 3498 3794 sint

1909 3845 2111 3901 tropma
2149 3833 2482 3887 excitarunt.
2520 3832 2632 3900 Ego
2661 3846 2877 3902 quoque
2908 3831 2974 3886 de
3003 3830 3274 3886 Thebanis
3301 3830 3499 3900 suppli-

1903 3924 2044 3976 cium
2087 3923 2408 3978 sumendum
2441 3923 2648 3990 putavi.
2677 3922 2932 3978 Accusati
2971 3931 3099 3977 sunt
3137 3921 3342 3977 Grzecia
3369 3922 3499 3976 Per-

1902 4015 1978 4070 sis
2025 4013 2345 4084 proditionis
2385 4012 2560 4084 gentis
2603 4028 2735 4078 sum,
2786 4023 2840 4067 et
2878 4014 3010 4069 urbs
3055 4029 3176 4068 mea
3218 4015 3495 4070 l'ersieum

1901 4116 2089 4162 contra
2130 4105 2348 4161 Graecos
2395 4105 2692 4176 assumpsit
2754 4106 3080 4161 exercitum.
3133 4106 3266 4162 Cum
3319 4108 3498 4164 Persa:

1903 4200 2028 4255 victi
2072 4209 2217 4265 sunt,
2260 4213 2365 4253 non
2404 4204 2563 4254 modo
2614 4199 3004 4265 Athenienses,
3055 4201 3155 4255 sed
3205 4209 3260 4255 et
3307 4216 3497 4256 omnes

1900 4291 2072 4347 Graeci
2113 4291 2322 4346 lucrum
2367 4298 2737 4358 reportarunt.
2787 4288 3002 4345 Utinam
3028 4290 3193 4343 etiam
3230 4289 3296 4344 ad
3341 4289 3498 4360 Pylas

1901 4385 2350 4451 occurrissemus,
2371 4383 2768 4438 Lacedaemonii
2793 4398 2894 4452 pro
2919 4381 3198 4456 sepultura
3233 4390 3495 4448 tmpzeum

194 4466 447 4533 Πύλαις,
499 4469 613 4523 ἀλλ’
658 4471 716 4523 ὲν
768 4471 1070 4542 ὀφθαλμοῖς
1123 4473 1389 4543 βασιλέως
1449 4475 1680 4531 ἔπιπτον
1733 4482 1789 4533 αἱ

1903 4476 2280 4532 ostendanl.ln
2301 4473 2530 4529 Xerxem
2561 4478 2678 4528 haec
2700 4473 2843 4537 dico,
2876 4475 2926 4526 iu
2960 4472 3218 4538 Xerxem,
3247 4472 3489 4541 inquam,

189 4555 458 4610 τοσαῦται
509 4559 770 4628 μυριάδες
813 4559 949 4630 πρὸς
996 4560 1092 4615 ἕνα
1147 4560 1303 4632 λόχον
1353 4563 1458 4616 ὑπὸ
1515 4566 1797 4636 μαστίγων

189 4649 678 4720 παραταττόμεναι
702 4651 745 4705 ⁵.
772 4652 945 4715 Αὐτὸς
969 4653 1117 4724 ἡμᾶς
1150 4655 1243 4707 ἐπ)⁸
1282 4654 1382 4727 τὴν
1425 4656 1610 4710 Ἀσίαν
1641 4659 1799 4713 καλεῖ

190 4739 448 4807 βασιλεὺς
472 4737 552 4806 οἷς
589 4748 940 4815 παραιτεῖται
971 4746 1066 4809 τὰς
1097 4747 1300 4818 μάχας,
1334 4748 1545 4812 τούτοις
1569 4751 1789 4805 ἀκίνδυ-

187 4849 275 4886 νον
329 4831 475 4888 εἶναι
505 4835 600 4888 τὸν
652 4837 790 4907 πρὸς
821 4837 984 4891 αὐτὸν
1026 4840 1290 4894 δεικνύων
1331 4843 1587 4914 πόλεμον.
1619 4845 1791 4916 Λόχος

183 4920 265 4989 εἷς
294 4927 440 4998 πρὸς
469 4927 598 4996 ὅλην
618 4928 719 4998 τὴν
758 4929 944 4984 Ἀσίαν
968 4934 1477 5004 παραταττόμενος,
1516 4936 1608 4988 καὶ
1638 4954 1790 5008 τρια-

183 5016 361 5068 κόσιοι
378 5017 724 5087 Σπαρτιᾶται
748 5018 1017 5084 κλείοντες
1041 5021 1311 5094 πρότερον
1344 5024 1443 5094 μὲν
1468 5029 1580 5088 τοῖς
1602 5025 1787 5091 ὅπλοις

183 5104 422 5179 ὕστερον
453 5108 509 5161 δὲ
531 5109 609 5180 τῷ
643 5111 859 5182 Θανάτῳ
887 5111 987 5175 τὰς
1016 5112 1220 5178 Πύλας.
1251 5115 1586 5187 Σεμνότερον
1630 5117 1785 5188 ήγεί-

181 5215 313 5268 ρατε
367 5202 636 5268 τροπαίου
663 5203 725 5258 τὸ
760 5203 1142 5276 πολυάνδριον.
1191 5206 1344 5276 Ἐγὼ
1392 5209 1487 5261 καὶ
1520 5209 1661 5281 ὑπὲρ
1689 5211 1797 5283 Θη-

1899 4585 1933 4623 ο
1973 4570 2185 4638 Apollo,
2209 4571 2301 4640 qui
2339 4584 2510 4637 usque
2544 4569 2611 4622 ad
2653 4582 2779 4623 aras
2808 4574 2928 4621 tuas
2973 4547 3172 4620 bellum
3214 4565 3407 4635 gessit,
3439 4575 3496 4620 et

1899 4660 2080 4731 ignem
2112 4675 2271 4714 sacro
2307 4659 2502 4728 tripodi
2541 4668 2630 4710 tuo
2672 4655 2943 4724 subjicere
2979 4666 3210 4711 conatus
3257 4666 3358 4719 est,
3398 4671 3494 4726 per

1897 4767 2057 4821 quem
2099 4750 2218 4805 edis
2259 4749 2506 4804 oracula.
2540 4745 2678 4803 Volo
2718 4747 3032 4817 regionibus
3058 4747 3126 4801 de
3159 4746 3293 4800 meis
3337 4758 3489 4802 recte

1897 4841 2056 4897 factis
2088 4857 2285 4895 nomen
2323 4839 2549 4909 imponi,
2575 4848 2629 4894 et
2653 4839 2844 4903 maria,
2887 4853 2950 4892 ae
2981 4835 3205 4892 ﬂutnina
3244 4838 3425 4906 potius
3463 4853 3496 4896 ιι

1897 4934 2031 4988 meis
2059 4933 2276 5002 tropaeis
2298 4974 2312 4998 ,
2341 4946 2503 5002 quam
2532 4925 2771 5000 antiquis
2793 4931 3104 4985 nominibus
3125 4929 3492 4985 deuominarit

1893 5025 2130 5096 Objiciet
2150 5025 2366 5095 aliquis,
2388 5025 2606 5095 quando
2629 5024 2840 5086 urbem,
2873 5022 2956 5077 vel
2975 5024 3118 5078 unde
3149 5022 3494 5081 reﬁciemus?

1895 5119 2067 5186 Quam
2103 5115 2334 5185 amplius
2367 5115 2556 5170 urbem
2585 5114 2808 5184 qumris,
2852 5127 2974 5168 cum
2996 5113 3196 5166 habeas
3225 5112 3444 5165 trireme
3465 5125 3491 5163 s

1905 5224 2003 5281 pro
2035 5223 2174 5264 nova
2200 5208 2354 5272 urbe,
2396 5216 2448 5261 et
2488 5205 2771 5260 ductorem
2797 5203 3122 5274 Apollinem.
3154 5201 3355 5272 Objicit
3386 5216 3490 5254 au-

1485 5346 1724 5403 VARUE
1758 5346 2168 5404 LECTIONES.

254 5428 304 5461 ”
344 5429 748 5494 στρατεύεσθαι
777 5431 843 5487 Α.
917 5433 964 5465 ⁸⁸

172 5494 335 5552 Ηπῖε
368 5499 540 5554 deest.

173 5570 198 5603 δ
220 5565 393 5634 φασιν
427 5560 693 5642 Scaliger.

999 5434 1194 5508 μξῖελο
1231 5437 1325 5489 καὶ
1358 5437 1432 5508 μὴ
1466 5456 1526 5503 ς.

783 5583 804 5613 δ
829 5574 1230 5647 παραττόμενοι
1278 5577 1340 5633 C.

1612 5441 1660 5474 "
1700 5441 1872 5493 καλάς
1916 5443 1992 5493 A:
2025 5438 2205 5493 καλῶς
2246 5457 2307 5493 ς.

631 5441 748 5484 συαι
777 5441 843 5487 Α.
917 5441 964 5465 ’⁸
999 5441 1194 5503 μεγαλ.
1231 5441 1325 5489 καὶ
1358 5441 1432 5508 μὴ
1466 5456 1526 5503 ς.
1612 5441 1660 5474 ³⁸
1700 5441 1872 5504 καλάς
1916 5443 1992 5493 A:
2025 5441 2205 5503 καλῶς
2246 5457 2307 5504 ς.
2379 5441 2425 5474 ³ο
2453 5441 2673 5498 τούτους
2696 5453 2754 5500 ς.
2838 5441 2886 5473 '7
2917 5441 3128 5506 τούτοις
3159 5448 3220 5496 ς’.
3291 5441 3336 5463 ’⁵
3368 5441 3481 5486 των

631 5503 674 5534 θ’
705 5502 886 5564 καλῶς
915 5501 978 5557 C.
1038 5503 1132 5576 ‘5]
1161 5508 1342 5560 malim
1372 5510 1476 5567 ὃτι,
1537 5513 1558 5541 ³
1587 5511 1647 5565 τὸ
1673 5511 2000 5576 ποσειδώνος
2033 5510 2076 5566 C
2102 5527 2115 5564 :
2141 5508 2236 5565 τοῦ
2267 5507 2597 5574 Ποσειδῶνος
2633 5523 2694 5572 ς’.
2746 5507 2768 5541 ³
2797 5504 2958 5560 τόπον
2982 5520 3065 5574 pr.
3103 5503 3145 5562 C
3172 5519 3186 5558 :
3221 5499 3388 5556 τύπον
3419 5517 3490 5570 ς,

2379 5440 2425 5474 ⁸ο
2453 5437 2673 5498 τούτους
2696 5453 2754 5500 ς’.
2838 5436 2886 5473 θ’
2917 5432 3128 5500 τούτοις
3159 5448 3220 5496 ς’.
3270 5429 3336 5500 7"
3368 5430 3481 5486 τῶν

1723 5673 1960 5730 NOTAE.

245 5751 366 5826 (ιο)
409 5751 597 5812 Pallas
627 5773 756 5830 quas
790 5758 1024 5818 condidit
1057 5774 1201 5816 arcer
1227 5755 1353 5830 Ipsa
1378 5759 1531 5817 colat.
1577 5759 1784 5840 (Vina)
