3924 6430
482 353 616 421 1339
1616 344 1881 408 ΡΗΟΤῙΙ
1920 340 2079 405 ΡΑΤ]

2185 340 2428 403 meum
2455 342 2564 405 ep.
3576 356 3679 423 1340

478 478 585 523 tein
622 479 721 537 pro
752 462 1026 519 mo-nibns
1046 474 1218 530 mare,
1256 468 1309 517 et
1345 474 1447 531 pro
1474 459 1719 516 turribus
1750 456 1979 523 insulas,
2006 464 2060 513 et

2185 456 2335 509 iaimv
2391 456 2696 528 ἀπαιτῆσαι
2750 456 2910 522 δίκας
2967 457 3295 513 ἐσπούδακα.
3330 461 3499 533 Δῆμος
3524 466 3686 542 Ἕλλην

476 574 579 632 pro
615 564 812 612 ornatu
858 562 1080 625 trapaaa.
1124 552 1181 607 Si
1226 560 1284 608 ct
1306 551 1570 607 terminos
1631 547 1822 604 studes
1870 562 2075 616 cogno-

2185 548 2264 601 Βιά
2282 547 2499 619 Πέρσας
2514 547 2803 619 τοῦξκοινοῦ
2830 547 3018 618 γένους
3038 550 3325 621 προδοσίαν
3352 554 3685 625 κατέγνωσται.

478 664 661 714 scere,
703 646 877 703 obivit
902 645 1069 701 ‘l‘auia
1098 653 1266 700 totum
1320 652 1587 698 terrarum
1630 641 1841 705 orbem,
1877 638 2075 711 363b

2185 639 2272 694 καὶ
2301 639 2456 702 πόλις
2485 639 2593 711 ἐμὴ
2610 642 2630 672 ⁸
2658 640 2927 713 Περσικὸν
2952 641 3169 709 ἐδέξατο
3196 645 3335 699 κατὰ
3358 646 3459 701 τῶν
3474 648 3689 722 Ἑλλήνων

484 751 683 797 terram
723 751 830 809 qua
875 736 1009 802 itur,
1050 749 1202 790 mare
1239 749 1345 805 qua
1389 734 1695 801 navigatur.
1745 729 1854 787 llos
1898 732 2072 788 Athe-

2185 729 2559 800 στρατόπεδον.
2590 730 2797 802 Κέρδος
2814 731 2915 786 ούκ
2949 732 3245 805 Ἀθηναίων
3280 736 3452 806 μόνον,
3481 738 3599 792 ἀλλὰ
3621 743 3692 795 καὶ

484 833 701 888 nienses
727 832 867 886 duce
894 827 1263 885 Themistocle
1292 825 1567 881 consecuti
1624 832 1749 879 sunt
1780 824 2066 879 terminos.

481 923 775 979 Postulabo
796 938 824 977 a
856 920 1036 976 Xerxe
1068 934 1175 975 non
1204 918 1509 988 olcaginum
1557 930 1769 970 ramum
1807 913 2063 981 Palladis,

479 1015 572 1069 sel
606 1013 885 1083 platanum
912 1027 927 1066 :
956 1019 1016 1066 ut
1045 1010 1153 1066 duo
1178 1008 1415 1065 Palladis
1444 1016 1645 1075 tropaea
1688 1004 1841 1073 juxta
1879 1019 2062 1059 arcem

478 1110 790 1175 videantur,
813 1118 1004 1165 contra
1029 1105 1339 1178 Neptunum
1373 1103 1514 1172 olea,
1568 1108 1763 1159 contra
1790 1098 2063 1157 Barbaros

2185 1101 2384 1172 Ξέρξην
2410 1100 2584 1165 καλῶ,
2639 1102 2731 1155 ἐπὶ
2753 1100 2981 1175 Ξέρξην,
3019 1103 3300 1171 Ἄπολλον,
3330 1106 3419 1158 τὸν
3445 1106 3588 1177 μέχρι
3616 1107 3698 1161 τῶν

479 1202 754 1272 platanus.
2175 1194 2387 1251 ἀδύτων
2438 1195 2873 1268 στρατεύσαντα,
2920 1198 3016 1253 τὸν
3068 1200 3183 1263 τοῖς
3216 1199 3379 1270 ίεροῖς
3409 1216 3497 1252 σου
3524 1200 3699 1271 τρίποσι

478 1294 542 1349 τὸ
564 1293 676 1365 πῦρ
708 1291 1010 1364 προσάγειν
1052 1288 1530 1361 φιλονεικήσαντα,
1571 1288 1640 1343 δι’
1700 1288 1760 1345 δν
1803 1290 2069 1361 ἐκίνησας
2106 1287 2391 1360 φάσματα.
2445 1289 2646 1343 Δοῦναι
2696 1289 2838 1343 θέλω
2893 1292 3127 1356 καὶτοῖς
3206 1291 3423 1362 χωρίοις
3473 1291 3569 1345 ἀπὸ
3620 1293 3699 1346 τῶν

481 1383 632 1455 ἐμῶν
683 1381 1124 1453 κατορθωμάτων
1171 1378 1435 1450 ὀνόματα,
1496 1378 1683 1433 καὶτὰ
1744 1380 1958 1451 πελάγη
2005 1378 2100 1432 καὶ
2170 1378 2301 1441 τοὺς
2357 1380 2639 1449 ποταμοὺς
2688 1378 2797 1432 άπὸ
2842 1379 2950 1434 τῶν
3002 1380 3149 1451 ἐμῶν
3196 1378 3467 1449 τροπαίων
3497 1377 3699 1454 [59111]

481 1474 737 1548 μᾶλλονῆ
765 1472 875 1528 τῶν
928 1471 1171 1545 ἀρχαίων
1223 1470 1507 1541 ὀνομάτων
1540 1470 2073 1543 προσαγορεύεσθαι.
2116 1468 2251 1523 Πότε
2274 1464 2370 1522 οὖν
2394 1466 2429 1539 ἢ
2456 1469 2620 1524 πόθεν
2650 1471 2887 1526 ἀνοικιοῦ
2900 1489 3000 1545 μεν
3032 1472 3132 1545 τὴν
3194 1475 3384 1543 πόλιν;
3450 1475 3703 1547 ὑπέκρουσε

476 1589 582 1635 τις.
633 1568 803 1624 Ποίαν
833 1568 943 1641 γὰρ
981 1567 1261 1640 ἐπιζητεῖς
1304 1563 1387 1617 ἐτι
1421 1564 1598 1630 πόλιν,
1657 1564 1757 1629 τὰς
1810 1566 2059 1637 τριήρεις
2099 1564 2259 1635 ἔχων,
2301 1566 2401 1637 τῆς
2448 1568 2577 1631 νέας
2636 1565 2849 1629 πόλεως
2899 1566 3143 1638 οἰκιστὴν
3192 1566 3329 1638 ἔχων
3376 1566 3464 1623 τὸν
3501 1568 3699 1635 Πύθιον;

477 1664 849 1737 Προσάλλεται
886 1664 945 1717 δέ
975 1661 1148 1733 αὐτῆς
1178 1660 1298 1715 ἀντὶ
1322 1661 1422 1733 μὲν
1448 1657 1643 1730 τειχῶν
1662 1658 1766 1727 τὴν
1786 1657 2089 1725 Θάλασσαν,
2129 1659 2252 1715 ἀντὶ
2274 1660 2331 1715 δὲ
2362 1661 2614 1732 πύργων,
2636 1660 2736 1724 τὰς
2763 1658 2980 1730 νήσους,
3009 1660 3129 1713 άντὶ
3154 1659 3212 1714 δέ
3245 1660 3452 1732 κόσμου
3495 1660 3555 1714 τὰ
3604 1661 3703 1731 τρέε

477 1776 633 1813 παια.
664 1756 727 1811 Εί
753 1755 811 1812 δὲ
834 1755 930 1810 καὶ
970 1754 1097 1818 τοὺς
1146 1753 1305 1824 ὅρους
1334 1751 1508 1822 αὐτῆς
1573 1749 1857 1821 ἐπιζητεῖς
1927 1751 2142 1822 μαθεῖν,
2184 1752 2440 1823 περίελθε
2464 1752 2651 1824 κύκλῳ
2669 1752 2748 1823 τῷ
2776 1751 3022 1826 λογισμῷ
3036 1754 3133 1828 τὴν
3173 1755 3493 1828 οἰκουμένην
3517 1755 3704 1821 ἃπασαν,

476 1850 571 1903 καὶ
589 1850 693 1921 γῆν
718 1849 817 1919 ὅση
844 1846 1007 1918 βατὴ,
1034 1846 1132 1899 καὶ
1161 1844 1431 1900 θάλατταν
1450 1846 1623 1916 ὁπόση
1642 1844 1873 1915 πλόϊμος
1894 1843 1915 1875 ⁷
1940 1859 1955 1874 ·
2008 1836 2157 1898 οῦτοι
2220 1844 2331 1900 τῶν
2412 1845 2653 1917 Ἀθηνῶν
2712 1844 2822 1899 τῶν
2868 1846 2961 1899 ἐπὶ
3012 1846 3444 1919 Θεμιστοκλέους
3502 1850 3545 1902 οἱ
3598 1849 3702 1921 ὅροι.

488 1937 805 2013 Ἀπαιτήσω
835 1938 1039 2011 Ξέρξην
1075 1939 1197 1995 ἀντὶ
1246 1938 1342 1993 τοῦ
1394 1937 1590 1993 θαλλοῦ
1620 1940 1721 2010 τῆς
1754 1936 1989 2008 Ἀθηνᾶς
2024 1936 2127 2009 τὴν
2157 1937 2451 2003 πλάτανον,
2494 1940 2587 1994 ἵνα
2614 1936 2709 1992 δύο
2738 1938 3000 2010 βλέπηται
3020 1940 3118 2012 τῆς
3156 1940 3280 1995 θεοῦ
3306 1939 3449 1995 κατὰ
3466 1940 3556 2014 τὴν
3579 1941 3705 2013 d196-

478 2033 635 2090 πολιν
656 2033 918 2105 τρόπαια,
954 2031 1097 2085 κατὰ
1128 2032 1225 2103 μὲν
1247 2031 1583 2098 Ποσειδῶνος
1610 2031 1639 2084 δ
1676 2030 1892 2098 θαλλὸς,
1926 2031 2071 2085 κατὰ
2105 2031 2163 2085 δὲ
2187 2032 2296 2087 τῶν
2331 2032 2624 2105 βαρϐάρων
2650 2035 2683 2105 ή
2717 2034 3009 2100 πλάτανος.

695 2125 781 2181 Ea:
810 2125 1065 2180 Oratione
1103 2124 1351 2179 militari.
1384 2154 1456 2165 —
1487 2122 1835 2182 Prowmium.

2185 2124 2348 2199 [1105
2378 2125 2471 2200 3.]
2506 2128 2608 2182 Ἐκ
2626 2127 2732 2183 τοῦ
2750 2127 3221 2198 πολεμαρχικοῦ.
3244 2159 3312 2170 -
3336 2128 3407 2182 Τὸ
3422 2129 3699 2199 προοίμιον.

2173 820 2353 875 κοινὸν
2375 821 2485 875 τῶν
2516 821 2788 891 Ἐλλήνων
2847 823 3122 889 ἁπάντων,
3178 825 3380 897 Πέρσαι
3432 829 3691 900 νικώμενοι.

2173 914 2300 968 Εῐθε
2352 914 2448 969 καὶ
2504 916 2588 979 είς
2658 915 2843 981 Πύλας
2903 918 3324 990 άπηντήσαμενι
3375 921 3609 991 τρόπαιον
3648 922 3695 977 ἂν

2172 1007 2490 1063 ἐδείκνυσαν
2524 1007 2622 1064 νῦν
2650 1008 2774 1063 ἀντὶ
2819 1008 2915 1064 τοῦ
2944 1011 3115 1081 τάφου
3158 1011 3571 1083 Λακεδαιμόνιοι.
3603 1014 3697 1069 Ἐπὶ

553 2218 671 2275 Non
701 2218 966 2287 astipulor
997 2217 1085 2283 iis,
1112 2217 1204 2287 qui
1234 2232 1446 2279 eorum,
1487 2216 1578 2286 qui
1620 2216 1940 2273 memoriter
1982 2231 2073 2273 so-

482 2313 596 2367 lent
644 2311 850 2374 dicere,
885 2308 1057 2379 legem
1106 2308 1535 2379 reprehendunt,
1583 2322 1774 2362 verum
1823 2307 2074 2365 laudato-

486 2403 641 2457 ribus
674 2400 971 2457 assentiar.
1007 2399 1318 2454 Absurdum
1349 2398 1494 2454 enim
1529 2406 1612 2454 est
1647 2412 1771 2453 eum
1800 2412 1831 2453 a
1863 2412 2075 2453 memo-

484 2495 565 2549 ria
596 2492 808 2548 dicendi
840 2490 1144 2547 subsidium
1176 2496 1367 2560 petant
1397 2498 1670 2555 oratores,
1701 2499 1893 2545 contra
1926 2505 2077 2545 eam-

481 2589 606 2644 dem
645 2589 854 2643 dicere.
887 2584 1196 2656 Legislator
1231 2584 1375 2640 enim
1412 2595 1616 2640 metum
1648 2586 1839 2641 mortis
1872 2588 2077 2642 oratio-

482 2680 570 2735 nis
602 2678 866 2748 dignitate
910 2678 1179 2742 eximens,
1212 2676 1498 2731 audaciam
1528 2684 1805 2730 strenuam
1838 2676 1891 2731 in
1923 2677 2075 2747 peri-

482 2769 647 2833 culis,
671 2768 930 2823 omnibus
961 2766 1165 2834 injecit.
1196 2765 1398 2823 Laudis
1433 2781 1681 2832 causam,
1709 2781 1827 2823 mea
1857 2768 2077 2837 quidem

482 2862 779 2929 sententia,
824 2876 1018 2916 omnes
1074 2874 1420 2916 communem
1471 2858 1675 2915 habent
1714 2876 1728 2912 :
1778 2868 1834 2915 at
1880 2862 2077 2917 borum

483 2955 726 3010 virorum
756 2968 867 3022 pra:
890 2951 1105 3008 ea‘teris
1140 2951 1341 3006 eximia
1372 2958 1477 3005 est.
1510 2949 1739 3017 Quidam
1771 2951 1918 3006 enim
1950 2953 2077 3008 dum

482 3047 623 3102 alios
668 3045 890 3101 laudare
932 3052 1220 3110 conantur,
1257 3052 1318 3099 ut
1363 3060 1532 3115 genus
1578 3059 1642 3100 ac
1683 3045 1908 3114 stirpem
1941 3060 2081 3115 pra:-

484 3140 690 3203 dieent,
722 3137 790 3192 ad
822 3134 1087 3202 majorum
1117 3136 1365 3191 eneomia
1397 3136 1700 3191 orationem
1730 3124 2075 3204 convertunt,

484 3239 582 3286 aut
608 3228 840 3299 patriam
877 3229 1020 3284 unde
1052 3227 1287 3297 majores
1315 3228 1665 3285 exstiterunt.
1698 3228 1899 3286 Omnes
1932 3230 2077 3286 enim

482 3323 576 3394 qui
602 3323 913 3389 laudantur,
941 3321 1115 3377 exteri
1143 3321 1258 3376 fere
1287 3320 1531 3377 fuerunt.
1556 3323 1662 3378 Sed
1696 3324 1957 3382 adversus
1981 3325 2081 3382 bos

474 3418 603 3485 haec
624 3416 707 3471 lex
747 3430 850 3470 non
869 3415 1022 3483 vicit,
1051 3414 1145 3470 sed
1170 3414 1331 3469 simul
1357 3416 1719 3473 Athenienses
1755 3419 2079 3474 nominave-

484 3518 593 3576 rat,
621 3519 675 3563 et
695 3509 797 3563 hac
817 3507 1181 3578 appellatione
1202 3507 1448 3563 ostendis
1468 3507 1753 3581 indigenas
1770 3509 2081 3566 esse.Vive-
2107 3487 2154 3549 (ἶ

484 3602 615 3656 bant
638 3600 755 3656 sine
776 3600 965 3667 armis,
1000 3599 1107 3656 tela
1130 3613 1234 3654 non
1262 3600 1654 3669 producebant,
1683 3602 1840 3671 equis
1868 3603 1948 3656 uti
1970 3618 2078 3658 non

484 3693 804 3750 didicerant.
832 3691 963 3748 Usui
993 3702 1169 3747 tamen
1196 3706 1317 3748 esse
1344 3691 1528 3747 docuit
1550 3706 1720 3762 equos
1751 3691 1801 3746 in
1824 3692 2082 3748 certami-

485 3784 646 3839 nilms
691 3797 755 3838 ae
793 3781 1013 3852 prazliis.
1049 3780 1107 3836 ln
1144 3780 1536 3837 certaminibus
1564 3790 1812 3837 ramoet
1837 3781 2081 3852 genuine

484 3875 734 3946 oleagino
795 3874 1081 3930 victoriam
1130 3873 1545 3930 denuntiabant.
1588 3873 1722 3930 Cum
1763 3890 1915 3929 ramo
1949 3874 2082 3931 oleae

488 3964 631 4030 dico,
673 3965 829 4019 deam
865 3963 1064 4018 indico.
1090 3962 1204 4019 lloc
1236 3964 1382 4020 enim
1414 3962 1650 4020 Palladis
1685 3964 1898 4036 insigne
1934 3967 2083 4021 exis-

484 4058 642 4111 timo.
668 4055 779 4111 Nec
810 4069 940 4110 vero
962 4054 1012 4109 id
1044 4055 1186 4125 quod
1217 4054 1521 4124 liujusmodi
1544 4056 1668 4127 quis
1694 4057 1913 4123 dixerit,
1944 4055 2082 4111 ditii-

486 4149 592 4205 eile
619 4158 702 4204 est
724 4148 789 4202 ad
815 4145 1197 4201 inveniendum
1231 4165 1245 4201 :
1283 4146 1473 4201 saltem
1500 4158 1560 4200 ut
1580 4149 1695 4201 hrcc
1725 4162 1830 4201 non
1858 4145 2080 4200 imitans

492 4239 679 4311 procul
714 4238 782 4295 ab
818 4239 884 4294 iis
920 4238 1085 4294 rebus
1139 4238 1231 4303 sit,
1281 4252 1417 4309 quas
1464 4238 1684 4308 quidem
1736 4239 1933 4307 partim
1983 4252 2082 4308 pro

491 4334 711 4389 civitate
758 4332 993 4400 majores
1041 4331 1153 4388 illic
1196 4329 1522 4400 jacentium,
1564 4332 1762 4401 partim
1809 4346 1937 4386 vero
1984 4346 2082 4400 pro

490 4429 745 4484 universa
797 4425 1009 4482 Graecia
1064 4426 1158 4480 lilii
1216 4434 1475 4495 parentes
1534 4440 1662 4480 suos
1714 4424 1930 4489 imitati,
1986 4438 2083 4493 per

489 4536 705 4576 omnem
731 4528 948 4575 aetatem
980 4527 1035 4574 et
1064 4518 1467 4574 successionem
1498 4520 1674 4587 gentis
1706 4515 2080 4571 fortitudinem

493 4613 832 4683 profcrentes
855 4619 1247 4681 susceperunt.
1284 4608 1696 4663 Heraclidarum
1733 4622 1863 4663 vero
1892 4619 2083 4679 poten-

496 4705 627 4759 tiam
683 4704 1066 4768 admittentes,
1116 4702 1343 4757 alterius
1394 4702 1612 4771 quidem
1658 4700 1885 4770 injurias
1928 4718 2081 4758 com-

2247 2218 2321 2274 οὐ
2344 2222 2457 2283 τοῖς
2482 2219 2713 2290 ψέγουσι
2747 2220 2837 2274 τὸν
2860 2220 3025 2291 νόμον
3054 2219 3165 2274 τῶν
3191 2219 3285 2273 ἐπὶ
3320 2218 3419 2273 τοῦ
3475 2221 3704 2291 μνήματος

2177 2312 2445 2367 εἰωθότων
2490 2312 2696 2382 λέγειν,
2730 2313 2867 2368 ἀλλὰ
2900 2314 3015 2377 τοῖς
3064 2312 3352 2367 ἐπαινοῦσι
3406 2313 3704 2384 συνθήσομαι.

2178 2402 2290 2456 Καὶ
2318 2401 2427 2472 γάρ
2458 2403 2660 2457 ἄτοπον
2686 2403 2787 2471 τὴν
2818 2400 2913 2456 τοῦ
2941 2402 3125 2470 λέγειν
3178 2401 3431 2467 ἐξουσίαν
3479 2402 3592 2473 παρ’
3635 2404 3702 2455 αὐ-

2178 2493 2274 2547 τοῦ
2306 2493 2595 2559 λαϐόντας,
2658 2494 2779 2548 κατ’
2818 2493 3021 2548 αὐτοῦ’
3084 2497 3150 2565 τῇ
3188 2492 3389 2567 [παρὰ]
3440 2493 3527 2549 τοῦ
3572 2493 3707 2563 λέγειν

2178 2585 2400 2657 ἐξουσίᾳ
2436 2586 2693 2658 χρῆσθαι.
2724 2585 2829 2641 Τὸν
2860 2588 2970 2659 γάρ
3018 2586 3084 2640 ἐκ
3118 2585 3211 2640 τοῦ
3241 2586 3473 2641 θανάτου
3516 2586 3649 2655 φόϐον
3686 2587 3707 2639 ὁ

2180 2677 2478 2748 νομοθέτης
2501 2668 2567 2749 τῇ
2597 2677 2752 2750 παρὰ
2780 2677 2874 2732 τοῦ
2905 2677 3065 2748 λόγου
3094 2680 3226 2749 τιμῇ
3247 2677 3703 2749 παραμυθούμενος,

2180 2772 2375 2826 ἄοκνον
2404 2773 2538 2826 πᾶσι
2565 2772 2663 2844 τὴν
2685 2773 2891 2845 τόλμαν
2910 2771 3008 2845 τὴν
3036 2772 3175 2845 ὑπὲρ
3200 2771 3309 2826 τῶν
3330 2771 3578 2826 κινδύνων
3602 2771 3703 2824 καθα

2185 2863 2417 2934 ίστησιν.
2458 2864 2526 2917 Ἦ
2558 2862 2615 2917 δέ
2641 2864 2752 2918 τῶν
2800 2863 3095 2934 ἐγκωμίων
3121 2862 3263 2933 ἀρχὴ
3297 2860 3380 2933 τῷ
3420 2860 3511 2933 μὲν
3532 2861 3549 2892 ’
3569 2860 3703 2914 δοκεῖν

2184 2932 2339 3026 κοινὴ
2368 2955 2506 3027 πρὸς
2542 2956 2793 3019 ἅπαντας
2822 2955 2889 3021 ¹⁶,
2919 2932 2980 3008 τί)
3036 2954 3082 3009 δ’
3136 2932 3359 3025 ἀληθὲς
3406 2952 3511 3005 τῶν
3548 2951 3707 3020 ἀνδρῶν
3746 2932 3757 2949 ’

2182 3048 2389 3101 τούτων
2412 3047 2713 3120 ἐξαίρετος.
2752 3049 2815 3103 Ui
2842 3047 2942 3120 μὲν
2971 3046 3079 3120 γὰρ
3109 3047 3234 3112 τοὺς
3274 3044 3470 3109 ἄλλους
3520 3042 3709 3097 ἐπαινεῖν

2184 3140 2606 3206 σπουδάζοντες,
2639 3140 2728 3194 ῖνα
2774 3141 2835 3194 τὸ
2882 3140 3038 3210 γένος
3082 3140 3422 3212 ὑμνήσωσιν,
3446 3138 3519 3202 εἰς
3558 3136 3711 3206 προγό-

2183 3248 2291 3287 νων
2324 3230 2479 3297 τινὰς
2508 3231 2786 3304 εὐφημίας
2813 3231 2914 3303 τὴν
2941 3230 3036 3285 τοῦ
3065 3230 3245 3301 λέγειν
3297 3229 3463 3300 φύσιν
3497 3225 3709 3282 ἀναϐιοά-

2184 3327 2396 3394 ζουσιν,
2425 3327 2459 3399 ἢ
2488 3325 2587 3399 τὴν
2635 3327 2741 3397 γῆν
2785 3324 2907 3380 ὅθεν
2937 3325 2986 3378 oi
3010 3323 3266 3396 πρόγονοι
3294 3322 3406 3378 τῶν
3442 3317 3712 3387 ἐπαινουμέ-

2185 3437 2293 3473 νων
2319 3420 2588 3488 ἐγένοντο.
2622 3418 2828 3482 Πάντες
2850 3417 2958 3490 γὰρ
3004 3414 3265 3479 ἐπιεικῶς
3297 3416 3350 3468 οί
3384 3413 3617 3485 πρόγονοι
3634 3408 3712 3462 τῶν

2186 3509 2465 3582 πανταχοῦ
2491 3510 2923 3582 θαυμαζομένων
2945 3508 3231 3581 ἐπήλυδες.
3263 3508 3338 3562 Οὐ
3371 3507 3478 3578 μὴν
3506 3504 3589 3558 καὶ
3611 3500 3715 3555 κατὰ

2186 3601 2394 3655 τούτων
2415 3603 2443 3654 ό
2471 3600 2636 3672 νόμος
2670 3595 2827 3663 οὗτος
2856 3600 3164 3671 νενίκηκεν,
3191 3598 3305 3653 ἀλλ’
3348 3596 3482 3668 ὁμοῦ
3510 3612 3563 3649 τε
3591 3592 3711 3661 Ἀθη-

2188 3692 2372 3755 ναίους
2405 3692 2659 3761 εἴρηκας,
2706 3691 2801 3744 καὶ
2858 3688 2999 3761 μετὰ
3060 3688 3162 3758 τῆς
3218 3685 3532 3755 ἐπωνυμίας
3577 3681 3714 3751 δηλοῖς

2187 3786 2314 3849 τοὺς
2341 3783 2693 3854 αὐτόχθονας.
2735 3783 2968 3846 Ἀοπλος
2993 3776 3063 3852 ἦν
3099 3782 3127 3834 ὁ
3158 3780 3271 3852 βίος
3295 3796 3312 3814 ο
3350 3778 3489 3834 ὅπλα
3514 3776 3609 3829 τῶν
3632 3790 3716 3827 xw-

2187 3877 2518 3932 δυνευόντων
2539 3874 2876 3947 προύϐάλετο
2904 3875 2969 3928 ¹¹.
3008 3874 3226 3927 Ἵππων
3268 3873 3469 3944 χρῆσιν
3502 3869 3592 3923 οὐκ
3619 3864 3715 3935 ἠπί-

2191 3987 2357 4024 στατο
2387 3986 2401 3999 °
2434 3970 2648 4042 μερίζει
2703 3967 2897 4041 πρώτη
2949 3968 3084 4040 πρὸς
3130 3966 3327 4027 ἄθλους
3377 3965 3472 4019 καὶ
3521 3960 3711 4029 πολέμου

2189 4060 2382 4132 χρείαν
2411 4060 2510 4130 τὴν
2540 4062 2725 4115 ἵππων
2740 4060 2973 4129 γένεσιν.
3011 4056 3313 4129 Κριθείσης
3332 4055 3388 4110 δὲ
3412 4054 3509 4123 τῆς
3532 4051 3716 4122 ἁμίλλης

2189 4152 2371 4224 θαλλῷ
2400 4170 2459 4207 τε
2482 4152 2524 4184 ¹²
2553 4151 2650 4205 καὶ
2672 4149 2898 4222 κύματι,
2939 4148 3019 4220 τῷ
3046 4147 3223 4218 θαλλῷ
3246 4145 3348 4218 τὴν
3370 4146 3543 4216 ψῆφον
3586 4141 3719 4195 τίθεν-

2187 4265 2296 4301 ται.
2330 4244 2419 4317 Τῷ
2445 4242 2622 4314 θαλλῷ
2655 4242 2700 4297 δ’
2727 4244 2857 4297 ὅταν
2891 4241 3031 4295 είπω
3054 4281 3069 4306 ,
3098 4244 3163 4310 τῇ
3198 4238 3368 4309 θεῷ¹³
3396 4238 3564 4305 λέγω·
3597 4230 3719 4299 Ἀθη·

2189 4339 2287 4400 νᾶς
2318 4335 2449 4404 γὰρ,
2478 4328 2655 4405 οἶμαι,
2690 4331 2753 4384 τὸ
2784 4329 3093 4400 γνώρισμα.
3116 4327 3277 4381 Ἀλλά
3307 4326 3415 4397 γὰρ
3440 4326 3532 4393 οὐχ
3552 4324 3576 4375 ὅ
3596 4338 3639 4372 τι
3660 4334 3719 4377 τις

2188 4424 2430 4478 τοιοῦτον
2454 4422 2583 4493 εἴπῃ
2608 4420 2651 4452 ¹¹⁵
2678 4417 2916 4491 χαλεπὸν
2961 4418 3164 4489 εὑρεῖν,
3213 4415 3327 4471 ἀλλ’
3369 4410 3511 4487 [οὖν]
3534 4412 3571 4443 ¹¹
3608 4411 3721 4468 ὅπως

2194 4518 2268 4588 μὴ
2286 4515 2497 4579 τούτοις
2528 4514 2796 4585 ἑπόμενος
2837 4512 3027 4583 πόρρω
3080 4508 3186 4562 τῶν
3219 4508 3472 4579 πράξεων
3519 4506 3718 4572 γένηται,

2189 4608 2255 4665 ἃς
2282 4606 2440 4661 τοῦτο
2471 4606 2569 4677 μὲν
2606 4605 2747 4676 ὑπὲρ
2768 4606 2868 4675 τῆς
2916 4602 3127 4665 πόλεως
3159 4603 3209 4655 oi
3266 4600 3374 4654 τῶν
3418 4599 3539 4670 τῇδε
3570 4591 3718 4663 κειμέ-

2192 4720 2300 4756 νων
2328 4700 2610 4772 πρόγονοι,
2640 4697 2800 4752 τοῦτο
2827 4696 2885 4749 δὲ
2938 4695 3081 4767 ὑπὲρ
3129 4694 3229 4763 τῆς
3276 4693 3403 4764 ὅλης
3438 4692 3483 4722 ¹⁶
3522 4684 3719 4744 'EIW

495 4802 851 4862 peseuerunt,
898 4794 1002 4848 sibi
1048 4808 1179 4848 vero
1229 4793 1510 4848 fortunam
1565 4801 1867 4858 mutantes,
1919 4793 2079 4849 totius

2191 4795 2414 4867 ἤραντο,
2448 4792 2639 4855 παῖδες
2672 4790 2916 4862 πατέρας
2956 4786 3304 4861 μιμούμενοι,
3333 4785 3428 4840 καὶ
3466 4781 3550 4836 διὰ
3581 4777 3720 4843 πάσης

496 4886 851 4956 Peloponnesi
894 4900 1052 4956 reges
1094 4899 1191 4953 pro
1236 4883 1515 4945 exsulibus
1566 4883 1832 4940 fecerunt.
1876 4884 2085 4943 Invidia

495 4987 675 5033 autem
708 4987 835 5032 tunc
866 4977 1125 5047 temporis
1170 4977 1225 5030 in
1256 4975 1398 5031 banc
1428 4975 1623 5031 urbem
1662 4977 1765 5032 tria
1799 4977 1937 5033 bella
1982 4977 2088 5035 Do-

498 5072 669 5126 ricum
716 5070 897 5135 simul,
928 5079 981 5123 et
1020 5067 1318 5123 Boeotieum
1370 5078 1427 5124 et
1473 5069 1698 5141 insuper
1729 5069 2089 5127 Cbalcidense

495 5163 863 5219 concitarunt.
894 5160 1094 5233 365a
1126 5160 1244 5227 Qua
1275 5160 1439 5231 igitur
1467 5161 1683 5218 ratione
1713 5161 1800 5217 his
1835 5162 2088 5218 omnibus

497 5255 629 5311 urbs
657 5254 898 5310 restitit?
926 5254 1256 5309 Ceciderunt
1283 5252 1478 5319 Bmoti,
1505 5254 1675 5310 Dores
1703 5254 1906 5310 servati
1934 5253 2090 5323 quic-

496 5355 729 5412 verunt;
780 5344 1171 5400 Chalcidenses
1225 5357 1416 5399 omnes
1472 5343 1690 5399 abducti
1750 5355 1896 5400 sunt.
1958 5344 2085 5399 Tria

500 5452 631 5495 vero
687 5449 817 5495 tunc
874 5438 994 5494 lixit
1045 5445 1285 5508 troptca,
1330 5435 1428 5493 sed
1478 5434 1745 5491 illustrior
1790 5445 1876 5492 est
1922 5450 2086 5505 quam

2190 4885 2410 4958 ἡλικίας
2432 4902 2491 4938 τε
2522 4883 2657 4955 ὁμοῦ
2677 4882 2772 4937 καὶ
2799 4882 3052 4952 διαδοχῆς
3104 4878 3200 4933 τοῦ
3224 4880 3414 4947 γένους
3445 4876 3542 4945 τὴν
3592 4868 3719 4937 εὐψυ-

2184 4980 2309 5050 χῗαν
2338 4976 2822 5040 καταϐιϐἀζοντες.
2870 4972 3230 5042 Ἡρακλείδας
3280 4969 3336 5023 δὲ
3383 4963 3719 5031 ὑποδεξάμενοι

2186 5073 2277 5126 τὸν
2311 5071 2412 5140 μὲν
2446 5068 2737 5140 ὑϐρίζοντα
2767 5067 2867 5137 τῆς
2899 5064 3252 5136 παρανομίας
3287 5061 3548 5120 ἔπαυσαν,
3575 5050 3716 5109 αὐτοῖς

2188 5164 2378 5236 δὲτὴν
2440 5163 2613 5233 τύχην
2679 5160 3015 5232 ἀμείψαντες
3062 5155 3316 5227 βασιλέας
3358 5144 3717 5214 Πελοποννήσου

2190 5257 2374 5325 πάσης
2404 5255 2528 5309 ἀντὶ
2546 5254 2802 5324 φυγάδων
2820 5252 2859 5283 ⁸⁷
2896 5250 3245 5321 εἰργάσαντο.
3297 5245 3541 5313 Ἐκίνησε
3565 5237 3717 5325 φθόνος

2197 5322 2443 5420 [59211.]
2468 5322 2598 5400 ποτέ
2624 5322 2765 5398 κατὰ
2817 5344 2915 5414 τῆς
2950 5342 3156 5405 πόλεως
3204 5335 3441 5408 Δωρικὸν
3472 5322 3715 5420 ὁμοῦ-καὶ

2195 5416 2453 5493 iactam;
2489 5439 2585 5492 και
2616 5435 2843 5510 προσέτι
2891 5432 3201 5488 Χαλκιδέων
3243 5428 3351 5483 τῶν
3399 5424 3491 5480 ἀπ’
3537 5416 3719 5475 Εὐϐοίας

1821 5594 2055 5652 νΑῐιω
2087 5595 2504 5655 LECTIONES.

575 5716 742 5790 tam
760 5715 1047 5790 Ἐλληνικῇ
1068 5713 1499 5790 Ψοτῐὶεάφῑῆιιει
1544 5724 1589 5790 _’
1614 5713 1858 5790 πλώϊμος

1885 5734 1947 5802 ς.
2010 5716 2033 5750 ⁸
2055 5716 2176 5771 καθ’
2191 5715 2387 5802 ἑαυτοῦ
2407 5715 2547 5802 Ο..)
2578 5713 2681 5802 μὲν
2707 5709 2962 5802 om.ann
3051 5705 3197 5760 ἅπαν
3224 5704 3282 5760 Β.

3344 5703 3381 5734 ιι
3403 5692 3716 5771 προύϐάλλεξο

509 5758 1359 5857 Asc?“~"éEj'2'éEia'ts‘5{3:75
1376 5758 1579 5858 ἓῇἲὶεῷ
1608 5758 1959 5857 εἷ’ἷῖεὲιῖζόεἷῖι
1986 5758 2155 5852 ς.”ἲῖ
2173 5758 2519 5843 εἰἷτῦξῖςῗλε
2545 5758 2649 5840 ofv'
2664 5758 2794 5839 1.1;?
2805 5758 2963 5839 ὶὶἰυ
2986 5758 3110 5848 ὃλής
3137 5758 3347 5833 ὀιιιζο.
3374 5773 3415 5807 ιτ
3447 5758 3711 5841 wde-
