3924 6422
256 346 385 418 1341
1246 359 1770 427 BIBLIOTHECA.
1803 394 1804 400 η

1911 366 2076 431 COD.
2105 368 2413 432 CCXLIII.
3374 365 3514 434 1342

235 465 298 517 ἐκ
317 459 500 533 τρίτου
535 462 795 535 πόλεμον.
834 466 959 532 Πῶς
986 464 1082 523 οὖν
1112 469 1285 527 ἆπασι
1315 473 1529 538 τούτοις
1598 476 1631 546 ή
1667 475 1804 539 πόλις

1926 479 2155 534 victoria
2191 481 2471 537 celeritas.
2506 478 2629 537 Uno
2658 479 2746 535 die
2787 478 3006 535 Eubceis
3047 486 3104 534 et
3148 476 3353 534 Bmotis
3398 489 3515 534 tro-

235 554 462 625 ἀντέστη
491 570 507 619 ;
540 553 771 610 ἔπιπτον
815 558 1061 626 Βοιωτοὶ,
1105 562 1334 633 Δωριεῖς
1357 566 1587 634 ἠγάπων
1647 566 1804 632 σωζό-

1924 584 2039 640 ptea
2062 581 2244 626 erecta
2280 580 2429 628 sunt.
2462 571 2675 626 Etenim
2707 586 2829 626 cum
2859 571 3082 639 cupiam
3119 571 3372 625 omnibus
3402 571 3516 640 glo-

238 662 409 717 μενοι,
444 645 736 711 Χαλκιδεῖς
773 649 1012 714 ἅπαντες
1045 653 1259 723 ἤγοντο,
1294 656 1420 726 τρία
1468 656 1524 710 δὲ
1577 658 1797 729 είστήκε

1929 661 2025 716 τίω
2068 662 2305 734 aliquam
2349 673 2558 732 partem
2607 662 2675 719 iis
2725 662 2985 724 tribuere,
3018 664 3108 732 qui
3142 662 3515 733 superioribus

235 736 489 807 τρόπαια.
521 737 642 792 Τῶν
665 739 720 793 δὲ
744 743 1021 811 τροπαίων
1050 742 1110 797 τὸ
1139 745 1302 815 τάχος
1341 747 1460 800 ἐστὶ
1502 748 1804 821 λαμπρότε-

1924 751 2034 809 illis
2083 754 2417 825 temporibus
2455 769 2554 825 pro
2599 754 2798 824 patria,
2847 753 3104 823 omnique
3154 753 3372 823 populo,
3407 768 3513 822 pu-

239 843 329 896 ρον
348 840 361 855 ⁸
397 827 460 880 τὸ
493 829 603 897 γὰρ
627 831 748 883 κατ’
781 831 1010 897 Εὐϐοίας
1030 834 1123 887 καὶ
1150 835 1402 889 Βοιωτῶν
1426 839 1556 907 μιᾶς
1583 834 1651 910 ἦν
1685 841 1804 911 ήμέ·

1924 847 2140 915 gnando
2170 846 2372 916 primas
2416 844 2690 911 ferebam,
2722 846 2871 900 visus
2913 858 3030 899 sum
3069 858 3135 897 ne
3181 843 3264 898 his
3293 843 3512 913 quidem

238 936 340 990 ρας
391 918 454 972 τὸ
513 924 945 996 συναμφότερον.
1015 925 1176 980 Ἀλλά
1229 928 1339 999 γὰρ
1390 928 1546 984 ἔοικα
1593 935 1727 986 πᾶσι
1760 934 1804 986 τί

1927 938 2062 993 satis
2100 938 2314 1009 dignam
2352 940 2669 1005 contulisse,
2704 953 2885 994 rerum
2921 950 3198 1009 geStarum
3241 936 3514 1007 magnitu-

236 1011 400 1081 μέρος
427 1012 735 1069 ἀποδιδόναι
798 1018 898 1087 τῆς
951 1019 1228 1090 εὐφημίας
1283 1020 1607 1094 βουλόμενος
1639 1026 1751 1089 τοῖς
1776 1026 1804 1059 ¹¹

1927 1029 2108 1085 dinem
2144 1031 2436 1085 verborum
2477 1030 2722 1087 exilitate
2766 1029 3082 1095 deterendo,
3114 1043 3288 1097 neque
3333 1028 3511 1083 attin-

233 1101 345 1155 ἀνω
372 1102 585 1173 χρόνοις
621 1106 762 1177 ὑπὲρ
790 1108 889 1178 τῆς
920 1110 1182 1182 πατρίδος
1223 1112 1319 1166 καὶ
1351 1114 1550 1180 παντὸς
1572 1115 1695 1183 ζτοῦ
1728 1117 1804 1185 γέ-

1925 1123 2098 1193 gendo
2127 1137 2190 1178 ea
2229 1138 2458 1193 quorum
2508 1126 2721 1180 laudem
2771 1125 3041 1180 auditores
3076 1124 3280 1193 pridem
3316 1138 3512 1193 exspe-

233 1207 356 1255 νους
386 1193 529 1247 κατά
569 1195 668 1260 τὰς
699 1199 882 1269 μάχας
931 1202 1313 1272 πρωτεύσασιν
1338 1205 1407 1271 ³³,
1442 1205 1567 1260 οὔτε
1605 1210 1804 1273 τούτοις

1925 1223 2138 1269 ctantes
2171 1215 2439 1287 indignari
2470 1215 2741 1282 videntur,
2771 1216 2913 1285 quod
2941 1230 3128 1270 eorum
3163 1214 3256 1269 fiat
3287 1215 3511 1269 minime

230 1282 327 1385 τήν
349 1283 506 1385 ἀξίαν
534 1292 720 1359 τηρεῖν
752 1293 829 1361 τῷ
857 1291 918 1344 τὸ
949 1293 1180 1363 μέγεθος
1198 1296 1310 1349 τῶν
1333 1297 1584 1368 πράξεων
1617 1300 1676 1353 ὲν
1731 1299 1804 1372 τῷ

1912 1304 2181 1361 desiderio
2209 1307 2363 1362 satis.
2404 1306 2530 1362 ηερε
2560 1308 2726 1377 igitur
2750 1308 2871 1375 jam
2916 1309 3162 1362 oratione
3198 1308 3506 1361 tractanda.

229 1376 337 1428 τῶν
362 1376 539 1444 λόγων
564 1380 719 1449 τάχει
743 1382 1213 1454 συγκρύπτεσθαι,
1259 1388 1355 1442 καὶ
1403 1390 1569 1459 μήπω
1601 1391 1804 1445 τούτων

1914 1394 2247 1452 Necessitate
2304 1411 2440 1452 vero
2496 1414 2681 1468 parem
2738 1398 2971 1454 dicendo
3030 1413 3135 1453 non
3195 1411 3336 1465 esse,
3400 1412 3506 1452 non

229 1470 666 1538 προσάπτεσθαι,
697 1466 774 1528 ὧν
805 1469 963 1546 ήτῶν
991 1478 1361 1549 ἀκροωμένων
1383 1482 1684 1553 προσδοκία
1714 1485 1804 1557 ζη-

1920 1488 2043 1544 unis
2114 1489 2391 1559 proprium
2469 1490 2719 1559 crimen,
2769 1490 2864 1547 sed
2922 1504 3210 1547 commune
3265 1488 3509 1545 omnium

226 1559 396 1615 τοῦσα
420 1563 588 1619 πάλαι
608 1566 704 1620 τὸν
733 1566 959 1622 ἔπαινον
992 1570 1280 1641 ἀσχάλλειν
1307 1572 1482 1627 ἔοικεν
1533 1575 1614 1629 ὅτι
1643 1577 1804 1648 μήπω

1921 1578 2105 1638 fuerit.

224 1655 323 1747 τῆς
367 1656 661 1727 ἐπιθυμίας
693 1660 1055 1730 ἐμπίπλαται.
1109 1664 1320 1720 Οὐκοῦν
1373 1666 1467 1721 ἐπὶ
1492 1667 1665 1723 ταῦτα
1712 1670 1815 1743 ήδη
1856 1668 1995 1726 ίτέον
2029 1672 2108 1745 τῷ
2128 1674 2290 1747 λόγῳ.
2329 1675 2404 1730 Τὸ
2431 1676 2488 1730 δὲ
2521 1673 2581 1742 ἐξ
2607 1672 2857 1746 ἀνάγκης
2911 1672 3308 1729 ἀπολείπεσθαι
3376 1673 3509 1745 μέλ-

224 1745 334 1803 λειν
366 1748 476 1803 τῶν
512 1750 786 1820 πράξεων,
816 1754 899 1807 ὅτι
939 1755 1117 1810 κοινὸν
1152 1757 1431 1824 ἀπάντων,
1493 1759 1707 1825 οὐδενὸς
1752 1762 1818 1816 ἂν
1852 1761 1939 1835 εἴη
1968 1764 2175 1820 δίκαιον
2205 1745 2482 1839 ἔγκλημα.

292 1841 504 1913 Πέρσαι
569 1843 771 1914 κλῆρον
824 1845 923 1900 ἕνα
961 1846 1061 1918 τὴν
1108 1847 1199 1919 ὑφ’
1233 1850 1370 1921 ήλίῳ
1416 1853 1599 1908 πᾶσαν
1631 1852 1804 1921 δεῖξαι

1985 1856 2164 1915 Persa:
2197 1869 2367 1915 totum
2401 1870 2668 1914 terrarum
2701 1857 2889 1914 orbem
2930 1872 3037 1913 uno
3065 1872 3233 1928 regno
3260 1857 3505 1915 volentes

220 1935 330 1999 τοῖς
354 1933 907 2029 ὅπλοιςῌβουλόμενοι,
942 1940 1125 2029 μῦικρῷ
1168 1942 1325 2014 μέρει
1370 1943 1451 2015 τῷ
1479 1946 1616 2017 πρὸς
1644 1947 1804 2001 ἐσπέκ

1914 1946 2212 2016 includere,
2253 1964 2351 2019 spe
2395 1963 2493 2004 sua
2541 1948 2788 2003 frustrati
2835 1956 2985 2013 sunt,
3023 1963 3145 2002 cum
3199 1962 3306 2002 una
3349 1956 3506 2018 parte

226 2043 323 2096 ραν
375 2026 667 2098 πληρῶσαι
715 2028 815 2100 τὴν
843 2026 1145 2101 ἐπιθυμίαν
1190 2032 1540 2103 ἀπείργοντο.
1619 2037 1710 2101 Ὠς
1764 2038 1804 2091 δ¹

1917 2040 2280 2095 Occidentalis
2321 2040 2473 2111 regni
2503 2038 2859 2109 cupiditatem
2897 2036 3122 2107 implere
3160 2052 3270 2091 non
3315 2047 3503 2107 potue-

224 2118 381 2185 ἀφεὶς
408 2116 505 2171 ἀπ’
528 2119 574 2150 ¹⁰
608 2119 814 2185 Ἰωνίας
835 2123 862 2174 6
890 2123 1096 2188 στόλος,
1135 2126 1231 2179 καὶ
1263 2127 1430 2181 πάλιν
1476 2128 1804 2200 ἀποκρύψας

1913 2132 2041 2188 rint.
2090 2130 2294 2188 Classis
2342 2134 2486 2187 enim
2529 2145 2596 2187 ex
2650 2131 2797 2187 lonia
2860 2130 3118 2198 solvens,
3197 2129 3506 2198 iterumque

223 2206 420 2278 πλήθει
455 2209 594 2264 νεῶν
611 2212 673 2265 τδ
723 2213 1073 2285 φαινόμενον,
1127 2217 1259 2288 περὶ
1300 2217 1402 2283 τὰς
1461 2220 1660 2291 νήσους
1711 2221 1804 2287 τάς

1912 2220 2260 2277 multitudine
2331 2222 2549 2276 navium
2627 2236 2815 2291 aequor
2899 2230 3122 2289 tegens,
3192 2219 3507 2289 insulasque

220 2298 339 2354 κατ’
370 2300 597 2371 Αἰγαῖον
619 2303 887 2375 ἐσχίζετο,
935 2305 1099 2379 [1108
1144 2308 1239 2381 R.]
1282 2309 1385 2382 τὴν
1440 2310 1541 2382 μὲν
1593 2311 1804 2380 Ναξίων

1910 2313 2081 2385 ΑΞεωί
2125 2315 2313 2380 maris,
2347 2315 2610 2385 dissipata
2642 2323 2747 2371 est.
2781 2312 3077 2369 Naxiorum
3112 2312 3331 2383 quidem
3372 2312 3506 2367 civi-

220 2391 373 2445 πόλιν
402 2393 539 2464 πρὸς
568 2395 667 2466 τὴν
708 2396 978 2452 θάλατταν
1008 2399 1172 2464 εὐθὺς
1203 2402 1509 2472 μερίζεται,
1570 2407 1637 2477 τῇ
1700 2407 1801 2478 μὲν

1915 2420 2079 2466 tatem
2133 2409 2201 2465 ad
2250 2424 2404 2466 mare
2456 2409 2643 2465 statim
2704 2407 2947 2472 invadit,
3006 2406 3099 2462 ubi
3142 2421 3261 2461 eam
3315 2406 3505 2462 urbem

219 2483 375 2553 ἀφεὶς
398 2485 443 2516 ³⁸
475 2486 616 2556 μετά
640 2487 739 2557 τῆς
764 2489 1084 2561 ἐπωνυμίας
1108 2490 1396 2563 τοῦδαφος,
1432 2494 1597 2560 αὐτὸς
1626 2497 1686 2551 δὲ
1739 2497 1803 2551 τὸ

1913 2505 2157 2560 funditus
2199 2520 2303 2559 una
2338 2518 2460 2559 cum
2496 2504 2715 2559 nomine
2756 2503 3068 2569 diruerunt,
3100 2509 3155 2556 et
3183 2509 3402 2571 gentem
3446 2499 3504 2555 in

218 2575 371 2666 γένος
398 2578 482 2641 είς
504 2578 602 2641 τὰς
627 2579 874 2651 τριήρεις
903 2582 1193 2654 ἐνθέμενος
1218 2600 1232 2615 ⁸
1271 2586 1364 2640 τὸν
1383 2587 1441 2641 δὲ
1483 2588 1804 2660 Ἐρετριέων

1913 2599 2164 2654 triremes
2192 2598 2579 2665 imposuerunt.
2606 2594 2796 2666 Operae
2824 2594 3056 2665 pretium
3098 2609 3204 2647 non
3231 2594 3506 2647 duxerunt

218 2664 386 2737 δῆμον
406 2667 590 2722 ὃπλων
615 2670 716 2741 μὲν
741 2671 844 2726 ούκ
877 2671 1139 2742 ἠξίωσαν,
1206 2674 1469 2731 ἐλάττονα
1524 2676 1801 2749 Περσικοῦ

220 2758 457 2829 πολέμου
483 2760 585 2831 τὴν
610 2761 782 2834 τύχην
816 2763 997 2818 αὐτῶν
1019 2765 1365 2834 νομίσαντες,
1397 2770 1543 2840 χειρὶ
1566 2771 1624 2823 δὲ
1650 2772 1811 2841 χεῖρα

219 2851 421 2916 πάντες
445 2853 694 2923 ἀλλήλων
751 2856 1071 2927 συνέχοντες
1132 2860 1432 2931 σαγηνείας
1482 2862 1669 2917 εἰκόνα
1707 2863 1808 2935 τὴν

230 2942 557 3016 Ἐρετριέων
581 2946 792 3016 ἔδειξαν
818 2949 1106 3022 πόρθησιν.
1159 2951 1313 3007 Ἐπεὶ
1370 2952 1429 3008 δὲ
1460 2954 1558 3008 καὶ
1609 2956 1809 3028 Μαρα-

217 3038 385 3105 θῶνος
426 3040 657 3113 ἥψαντο,
688 3043 759 3097 τὰ
791 3043 891 3115 μὲν
917 3043 1027 3099 τῶν
1048 3044 1282 3101 ἐλπίδων
1300 3047 1591 3118 ἠφάνιστο,
1635 3049 1810 3119 ἐγνῶ-

218 3148 373 3202 ρισαν
409 3133 468 3188 δὲ
489 3134 669 3200 καλῶς
694 3135 785 3191 διά
810 3137 909 3208 τῆς
933 3137 1134 3210 πείρας
1161 3138 1427 3206 μαθόντες
1450 3140 1575 3194 ὅσον
1620 3141 1682 3194 τὸ
1712 3142 1810 3213 μέ-

216 3242 308 3291 σον
339 3226 669 3298 Ἐρετριέων
698 3228 794 3283 καὶ
821 3228 921 3298 τῆς
947 3230 1224 3304 ἡμετέρας
1280 3231 1511 3296 πόλεως.
1560 3232 1696 3286 Τότε
1724 3251 1807 3299 τις
1835 3214 1879 3273 C

214 3318 304 3371 καὶ
330 3319 479 3373 κατὰ
502 3320 764 3392 τριήρους
814 3320 943 3393 ὅλης
973 3321 1228 3386 ναυτικὸς
1281 3321 1622 3395 στρατιώτης
1660 3325 1810 3380 ἐτόλ-

216 3427 390 3480 μησεν
425 3426 440 3439 ·
482 3410 806 3484 ἐπιδραμὼν
834 3412 943 3483 γὰρ
971 3415 1085 3478 τοῖς
1114 3413 1409 3483 φεύγουσιν
1434 3416 1515 3480 είς
1561 3416 1661 3487 τὴν
1713 3418 1810 3471 θά-

211 3503 421 3557 λασσαν
450 3502 737 3574 Φοινίσσης
768 3503 907 3568 νεὼς
931 3504 1293 3575 λαμϐάνεται,
1313 3506 1597 3578 κρείττονα
1628 3507 1808 3575 δεξιὰν

211 3594 352 3667 ἔχειν
386 3596 656 3667 τριήρους
684 3596 814 3668 ὅλης
841 3598 1109 3667 οἰόμενος.
1140 3596 1428 3663 Δείσαντες
1459 3600 1515 3654 δὲ
1533 3600 1676 3672 ὑπὲρ
1706 3602 1808 3673 τῆς

207 3686 475 3757 τριήρους
502 3686 551 3738 οί
587 3684 875 3757 βάρϐαροι,
918 3686 993 3758 μὴ
1046 3686 1227 3752 δεξιᾶς
1284 3688 1539 3759 Ἀττικῆς
1579 3692 1805 3763 γένηται

207 3777 478 3851 λάφυρον,
516 3776 736 3832 πελέκει
769 3779 869 3849 τὴν
890 3781 1051 3851 χεῖρα
1083 3779 1423 3852 μερίζουσιν.
1459 3782 1518 3837 ’0
1572 3783 1631 3837 δὲ
1661 3785 1804 3855 πλη-

206 3873 325 3942 γεὶς
362 3872 550 3927 ἔκειτο
601 3873 703 3944 τῆς
752 3873 852 3945 μὲν
892 3878 1075 3945 χειρὸς
1115 3878 1529 3948 demptam-:14",
1588 3881 1690 3952 τῆς
1746 3881 1805 3935 δὲ

206 3966 475 4038 τριήρους
504 3964 787 4036 ἐχόμενος.
836 3961 908 4021 Ὠ
961 3968 1168 4040 πρῶτοι
1215 3971 1316 4043 τὴν
1362 3970 1591 4043 Περσῶν
1633 3972 1805 4045 τύχην

208 4058 561 4129 ἐλέγξαντεςί
597 4046 642 4113 ὧ
679 4058 965 4130 κρείττους
1027 4062 1129 4133 τῆς
1177 4063 1530 4136 ἀνθρωπίνης
1576 4066 1795 4135 φύσεως

208 4147 364 4214 νίκας
392 4149 750 4220 νικήσαντεςί
782 4142 827 4203 ὧ
856 4149 995 4220 μετὰ
1032 4150 1389 4223 διηγημάτων
1445 4154 1730 4221 πεσόντες,
1762 4155 1801 4211 ἃ

214 4240 353 4311 μήτε
380 4239 493 4313 πρὸ
524 4240 680 4310 ὑμῶν
710 4242 849 4312 μήτε
878 4242 998 4312 μεθ’
1035 4242 1180 4313 ὑμᾶς
1227 4246 1255 4297 6
1293 4245 1485 4315 χρόνος
1534 4246 1798 4317 ήνεγκενῑ

213 4326 260 4387 ὦ
294 4332 630 4405 σεμνότερον
686 4335 949 4405 τροπαίου
989 4334 1161 4403 τάφον
1240 4337 1608 4407 κτησάμενοιι
1642 4333 1688 4391 ὧ
1740 4337 1804 4392 τὸ

208 4425 558 4496 Μαραθῶνος
624 4424 798 4497 ὄνομα
843 4428 957 4490 τοῖς
998 4426 1151 4494 ἡλίου
1211 4426 1433 4498 δρόμοις
1482 4428 1800 4483 συναποτεί-

206 4522 426 4582 νοντεςῐ
465 4518 745 4589 Μαραθὼν
777 4518 876 4589 μὲν
896 4518 1010 4590 ἔχει
1030 4519 1098 4573 τά
1130 4518 1379 4589 σώματα,
1398 4519 1497 4584 τὰς
1538 4520 1595 4573 δὲ
1623 4520 1802 4592 ψυχὰς

205 4612 253 4663 οἱ
288 4611 698 4682 συστρατιῶται
733 4609 868 4675 θεοὶ,
896 4611 967 4681 γῆ
993 4610 1050 4664 δὲ
1079 4611 1140 4664 τὸ
1195 4610 1351 4675 κλέος
1395 4611 1490 4665 καὶ
1538 4612 1799 4669 θάλαττα.

205 4702 571 4774 Θυμουμένου
598 4703 656 4756 δὲ
684 4702 781 4756 ’τοῦ
801 4702 1003 4773 Ξέρξου
1049 4702 1191 4757 κατά
1238 4703 1339 4771 τῆς
1393 4702 1605 4767 πόλεως
1652 4703 1808 4757 οὐδὲν

205 4794 316 4847 τῶν
347 4795 571 4850 πάντων
599 4793 897 4865 ἡσύχαζεν,
928 4793 1066 4849 ἀλλά
1112 4795 1222 4848 πᾶν
1273 4794 1423 4865 αὒτῷ
1474 4797 1808 4849 συνεκινεῖτο

206 4887 304 4940 καὶ
325 4886 657 4951 συνεσείετο,
682 4886 939 4958 καθάπερ
966 4886 1303 4951 Ποσειδῶνος
1327 4887 1495 4942 αὐτοῦ
1520 4888 1807 4942 τινάσσον-

205 4995 300 5041 τος
319 4979 367 5010 ’³
394 4979 499 5049 γῆν
526 4978 661 5048 ὁμοῦ
681 4980 863 5033 πᾶσαν
907 4980 1004 5033 καὶ
1034 4977 1307 5034 θάλατταν
1326 4980 1393 5035 ’⁸.
1446 4980 1521 5049 Γῆ
1547 4978 1679 5051 [595
1708 4978 1800 5052 Η.]

206 5069 269 5124 δὲ
325 5072 427 5123 καὶ
470 5070 712 5126 θάλαττα
772 5072 873 5142 τὴν
937 5070 1189 5142 ἀλλήλων
1241 5071 1405 5141 φύσιν
1453 5072 1799 5142 ὴλλάττοντο.

208 5162 337 5227 Τοῖς
359 5164 461 5235 μὲν
481 5163 748 5236 πορθμοῖς
774 5163 1016 5217 ἐπετίθει
1035 5161 1134 5234 τὴν
1158 5164 1405 5235 ἤπειρον,
1440 5165 1541 5227 τὰς
1574 5163 1633 5217 δὲ
1679 5165 1805 5218 Φοι-

208 5253 406 5318 νίσσας
430 5254 520 5309 διὰ
541 5255 650 5309 τῶν
679 5254 889 5326 ίσθμῶν
912 5252 1181 5325 ἔπεμπεν.
1232 5253 1409 5325 Ὠφθη
1446 5255 1569 5309 τότε
1618 5255 1803 5325 πάσης

208 5345 434 5409 ἐλπίδος
467 5346 752 5420 κρείττονα
782 5346 1061 5419 θαύματα,
1093 5345 1260 5411 ἵππος
1310 5345 1434 5400 καθ’
1465 5345 1800 5418 Ἑλλησπόν-

209 5454 308 5491 του
329 5437 378 5468 ’⁸
400 5438 642 5512 Μηδικὴ,
675 5440 767 5493 καὶ
783 5439 853 5495 δι’
902 5437 1054 5493 Ἀθω
1109 5438 1278 5509 μέσου
1327 5438 1511 5501 στόλος
1560 5438 1807 5511 τριηρῶν

208 5531 595 5603 πεμπόμενος.
637 5532 919 5605 Ἀπείχετο
946 5531 993 5586 δ’
1013 5534 1043 5587 6
1066 5529 1274 5606 Ξέρξης
1297 5532 1418 5587 οὐδὲ
1437 5531 1669 5603 ούρανοῦ
1688 5533 1806 5595 τοῖς

1909 2707 2033 2745 cum
2083 2689 2488 2745 Eretriensibus
2540 2689 2707 2744 armis
2756 2688 3057 2751 decertare,
3103 2685 3247 2756 quod
3304 2699 3498 2739 eorum

1910 2780 2181 2836 fortunam
2228 2780 2446 2836 Persico
2484 2780 2627 2836 bello
2671 2779 2981 2834 inferiorem
3027 2786 3299 2848 putarent.
3356 2772 3505 2831 Inter

1910 2888 1973 2931 se
2012 2872 2264 2927 inanibus
2291 2872 2561 2928 consertis
2587 2871 2661 2927 ita
2692 2873 3010 2927 invaserunt
3037 2868 3399 2935 Eretrienses,
3441 2880 3505 2923 ac

1910 2962 1956 3020 si
2001 2963 2056 3017 in
2101 2978 2298 3033 sagena
2342 2962 2750 3018 concluderent.
2784 2961 2919 3016 Cum
2963 2959 3337 3016 Marathonem
3378 2960 3506 3014 atti-

1910 3054 2137 3126 gissent,
2173 3067 2299 3123 spes
2342 3052 2667 3108 labefactata
2716 3059 2821 3106 est.
2871 3050 3050 3106 Probe
3097 3051 3245 3106 enim
3272 3051 3505 3119 experi-

1911 3156 2095 3201 mento
2121 3145 2265 3201 docti
2297 3143 2620 3209 didicerant,
2651 3152 2915 3213 quantum
2952 3142 3093 3198 inter
3120 3157 3220 3197 nos
3280 3150 3334 3197 et
3370 3138 3505 3197 Ere-

1916 3237 2153 3295 trienses
2183 3236 2500 3291 interesset.
2531 3233 2670 3290 Tum
2718 3234 2927 3292 navalis
2956 3233 3175 3304 quidam
3212 3232 3367 3288 miles
3405 3235 3503 3288 ad-

1914 3340 2107 3382 versus
2160 3327 2427 3393 integram
2488 3325 2766 3380 triremem
2824 3339 2990 3380 ausus
3041 3334 3122 3381 est
3175 3326 3501 3394 depugnare.

1916 3416 2125 3487 Urgens
2161 3416 2429 3484 fugientes
2478 3417 2545 3471 ad
2587 3432 2736 3472 mare
2772 3416 3087 3483 Phoenicim,
3134 3416 3255 3470 navi
3311 3429 3504 3470 manus

1913 3511 2131 3580 injecit,
2184 3510 2461 3567 fortiorem
2513 3509 2833 3566 existimans
2884 3518 2996 3565 tota
3056 3509 3183 3564 navi
3230 3507 3499 3563 dextram.

1912 3602 2084 3658 Veriti
2145 3612 2327 3658 autem
2391 3602 2654 3666 Barbari,
2719 3618 2787 3658 ne
2853 3602 3006 3657 navis
3061 3615 3251 3656 eorum
3309 3600 3503 3655 Atticae

1912 3694 2115 3749 dextra:
2163 3693 2217 3748 in
2257 3693 2493 3765 praedam
2540 3692 2781 3761 cederet,
2819 3692 2997 3747 securi
3046 3707 3267 3747 manum
3315 3706 3504 3761 ampu-

1912 3792 2031 3839 tant
2066 3801 2081 3839 :
2120 3786 2238 3855 ipse
2266 3800 2393 3840 vero
2439 3784 2658 3840 saucius
2692 3784 2811 3839 sine
2855 3799 3014 3838 manu
3050 3784 3298 3855 jacebat,
3344 3784 3502 3839 trire-

1911 3891 2053 3932 mem
2095 3886 2273 3932 tamen
2325 3879 2604 3932 mordicus
2658 3886 2869 3932 tenens.
2921 3874 2966 3932 0
3016 3892 3111 3932 vos
3162 3876 3361 3947 primi,
3409 3877 3500 3945 qui

1911 3966 2200 4024 Persarum
2259 3965 2529 4024 fortunam
2586 3967 2866 4024 illusistisl
2925 3966 2969 4023 Ο
3014 3983 3113 4023 vos
3154 3968 3245 4037 qui
3299 3965 3503 4036 majora

1910 4059 2127 4114 vincitis
2187 4074 2350 4129 quam
2409 4068 2605 4114 natura
2666 4060 2903 4116 humana
2962 4060 3272 4130 permittat!
3315 4057 3373 4114 0'
3407 4058 3500 4129 qui

1911 4148 2236 4205 occuinbitis
2265 4166 2387 4205 cum
2422 4166 2486 4206 ea
2523 4166 2702 4206 rerum
2736 4160 3009 4222 gestarum
3060 4151 3310 4213 historia,
3340 4166 3501 4220 quam

1909 4254 2086 4308 neque
2134 4248 2261 4294 ante
2302 4254 2422 4304 vos,
2457 4254 2557 4295 nec
2603 4249 2725 4310 post
2764 4252 2978 4308 tempus
3025 4238 3183 4311 tulit}
3226 4238 3270 4294 0
3310 4239 3399 4308 qui
3438 4237 3504 4292 il-

1909 4332 2218 4389 lustriorem
2250 4331 2445 4403 36ῇὸ
2469 4334 2610 4387 nacti
2633 4333 2766 4388 estis
2792 4342 2992 4401 tropaeo
3025 4331 3377 4401 sepulturam,
3409 4330 3499 4400 qui

1909 4439 2106 4479 nomen
2141 4423 2477 4479 Marathonis
2500 4423 2628 4479 solis
2651 4424 2903 4479 cursibus
2947 4422 3272 4479 extenditis!
3319 4421 3501 4476 Mara-

1912 4516 2044 4571 thon
2079 4525 2225 4571 tenet
2256 4526 2434 4571 vestra
2480 4530 2731 4584 corpora,
2764 4515 2976 4570 animas
3015 4514 3115 4583 ipsi
3155 4515 3251 4579 dii,
3284 4514 3374 4583 qui
3406 4527 3501 4568 vo-

1908 4607 2120 4663 biscum
2156 4615 2485 4678 pugnarunt,
2514 4606 2737 4677 gloriam
2773 4616 2915 4660 terra
2952 4605 3195 4659 continet
3227 4620 3290 4657 ac
3326 4618 3495 4659 mare.

1904 4701 2115 4756 Xerxes
2167 4711 2349 4754 autem
2406 4700 2532 4754 huic
2590 4700 2712 4755 urbi
2766 4698 2999 4754 infestus
3044 4697 3179 4752 nihil
3233 4698 3500 4753 intactum

1904 4794 2143 4864 reliquit,
2173 4794 2266 4848 sed
2314 4793 2497 4848 omnia
2540 4793 2795 4847 movebat
2833 4801 2891 4847 et
2932 4792 3301 4855 concutiebat,
3335 4792 3500 4859 quasi

1904 4886 2189 4956 Neptunus
2244 4895 2445 4940 terram
2480 4896 2536 4939 et
2568 4885 2727 4939 simul
2765 4900 2917 4940 mare
2957 4894 3274 4940 concuteret
3307 4903 3319 4938 :
3359 4894 3501 4939 terra

1912 4989 1967 5035 et
2008 4995 2157 5036 mare
2196 4994 2349 5033 suam
2397 4978 2627 5034 invicem
2668 4988 2918 5031 naturain
2955 4979 3360 5047 permutabant.
3392 4978 3500 5031 liu-

1911 5072 2093 5142 posuit
2126 5081 2324 5127 terram
2360 5069 2536 5135 fretis,
2572 5080 2628 5125 et
2676 5068 2995 5126 Phoenicum
3031 5085 3197 5125 naves
3230 5084 3327 5139 per
3366 5084 3500 5124 cou-

1910 5164 2173 5221 tinentem
2219 5164 2389 5219 misit.
2438 5162 2591 5219 Tunc
2637 5164 2786 5218 omni
2837 5178 2933 5232 spe
2981 5162 3186 5231 majora
3238 5161 3497 5215 miracula

1908 5258 2181 5323 vidimus,
2232 5271 2328 5325 per
2382 5254 2791 5325 Hellespontum
2846 5255 3122 5324 equitatus
3178 5252 3494 5319 Medorum,

1911 5367 2009 5421 per
2063 5350 2333 5406 Athonem
2363 5349 2668 5405 triremium
2701 5348 2891 5404 classis
2931 5348 3035 5403 iter
3077 5346 3224 5403 fecit.
3263 5345 3407 5412 Quin
3442 5356 3499 5402 et

1906 5444 1974 5499 ad
2009 5442 2207 5497 caelum
2248 5455 2419 5511 usque
2463 5440 2747 5496 audaciam
2799 5454 2953 5494 suam
2990 5437 3201 5493 Xerxes
3228 5438 3495 5505 extendit,

1903 5544 1959 5590 et
1999 5536 2112 5590 suis
2158 5533 2485 5606 prodigiosis
2532 5531 2694 5590 factis
2740 5530 3031 5588 transilivit
3061 5546 3093 5586 a
3120 5531 3252 5587 mari
3299 5530 3353 5587 in
3385 5540 3499 5587 ter-

1527 5647 1769 5705 VARUE
1807 5648 2218 5707 LECTIONES.

296 5737 341 5814 ιτ
373 5740 512 5814 τοῖς]
562 5742 743 5799 malim
775 5744 887 5806 τοῖς
939 5742 1024 5814 ινινΔ
1050 5742 1182 5807 τοῖς.

1314 5743 1358 5780 ι’
1383 5741 1749 5814 πρωτεύσασα
1775 5760 1836 5808 ς.

1971 5744 2017 5775 ³ο
2038 5743 2132 5797 ἀπ’
2162 5746 2199 5796 Λ
2232 5763 2245 5799 :
2274 5743 2362 5797 ἐπ’
2394 5761 2455 5807 ς.
2572 5742 2618 5778 ’ί
2648 5740 2809 5809 ἀφεὶς
2834 5739 3050 5796 codices
3072 5736 3320 5797 Himerii.
3351 5735 3490 5795 Pho-

205 5809 339 5865 tiani
376 5809 599 5872 ἀφεῖσα.
676 5816 720 5847 ³³
741 5812 1128 5885 ἀφαιρεθείσης
1162 5815 1227 5871 Α.
1318 5809 1600 5887 "privam.
1635 5813 1732 5885 τὴν
1753 5814 1856 5887 γῆν
1882 5832 1941 5881 ς.
2023 5814 2068 5850 ³⁵
2102 5814 2375 5872 θάλασσαν
2406 5814 2467 5871 Β.
2546 5815 2591 5849 ⁸⁸
2617 5813 2978 5884 ἐλλήσποντον
3005 5828 3065 5877 ς.
