3924 6430
443 370 579 436 13-ἰ3

1592 375 1857 435 ΡΙΙΟΤΙΙ
1882 370 2390 435 PATRIARCl-LE
2417 369 2528 429 (ΣΡ.

3551 356 3678 422 1344

443 497 579 548 rain,
608 497 638 537 a
675 491 816 537 terra
846 483 900 537 in
935 481 1152 549 ctelum,
1190 481 1315 538 inde
1359 483 1412 537 in
1457 484 1646 538 solum.
1683 481 1816 536 Nam
1859 482 2008 551 jacu-

2117 481 2478 549 τολμήμασιν,
2509 475 2642 529 ἀλλὰ
2677 471 2860 544 μετῄει
2899 473 2991 526 καὶ
3031 470 3304 543 μετεπήδα
3333 472 3440 531 τοῖς
3481 469 3680 538 θαύμα-

439 572 558 630 lius
593 574 721 629 solis
763 575 939 628 lumen
991 575 1226 639 obtexit,
1279 575 1538 644 navigans
1569 572 1734 628 maris
1765 581 2012 627 naturam

443 667 692 732 mutavit,
721 667 825 720 iter
853 666 1056 721 faciens
1086 681 1208 721 cum
1243 666 1483 721 exercitu
1518 677 1672 719 terrm
1703 664 2013 734 angustiam

443 760 724 814 incusavit.
791 760 1060 813 Praetereo
1118 759 1289 813 maria
1355 757 1663 812 triremibus
1725 766 2010 825 cooperta;

445 863 596 907 taceo
647 851 943 906 exercitum
1007 862 1213 906 natura:
1277 866 1557 905 numerum
1623 849 2011 915 excedentem;

440 942 631 996 Omitto
663 951 847 1008 gentes
887 938 1165 996 alimentis
1202 943 1504 1012 prmbendis
1549 945 1807 1010 impares,
1839 951 1892 995 et
1926 955 2014 994 re-

441 1050 558 1103 gem
595 1035 792 1103 ubique
823 1045 1021 1088 metum
1053 1035 1425 1097 incntientem,
1459 1033 1675 1086 ubinam
1707 1047 1838 1086 vero
1869 1043 2016 1088 esset

442 1136 656 1196 pr0pter
707 1129 917 1195 copiam
967 1127 1259 1192 exercitus,
1309 1127 1638 1196 ignoratum.
1697 1123 2014 1194 llnjusmodi

446 1217 624 1288 itaque
675 1221 936 1285 tumultu,
987 1235 1049 1275 ac
1106 1229 1253 1273 tanto
1302 1226 1510 1272 terrore
1567 1227 1712 1272 terra
1763 1219 2016 1273 universa

443 1316 724 1374 fremente,
766 1323 817 1365 et
861 1313 1111 1367 omnibus
1153 1312 1374 1369 Grazciae
1427 1315 1698 1369 interitum
1749 1326 2018 1383 auguran-

443 1408 604 1472 tibus,
635 1405 685 1460 hi
721 1406 933 1475 quidem
969 1415 1174 1460 tantum
1216 1408 1481 1461 commodi
1523 1409 1574 1461 in
1613 1407 2017 1463 calamitatibus

441 1497 747 1564 sperabant,
781 1506 1041 1566 quantum
1082 1499 1150 1553 ab
1188 1499 1428 1567 ipsorum
1477 1499 1795 1554 civitatibus
1840 1497 2018 1553 Persa:

440 1588 689 1642 abessent
725 1605 738 1642 :
779 1589 971 1643 civitas
1004 1602 1134 1643 vero
1175 1597 1359 1644 nostra
1402 1591 1513 1659 regi
1559 1591 1741 1644 omnia
1775 1589 2014 1644 turbanti

440 1694 544 1732 non
575 1679 764 1743 cessit,
794 1694 892 1734 nec
920 1689 1065 1734 metu
1097 1681 1352 1744 rumoris,
1385 1690 1541 1753 turpe
1567 1683 1692 1752 quid
1725 1693 2011 1752 antequam

438 1769 756 1824 sentisceret
791 1771 1053 1835 decrevit,
1083 1771 1175 1827 sed
1216 1774 1396 1827 statim
1438 1783 1557 1843 post
1595 1775 1820 1843 primam
1865 1777 2011 1846 lega-

441 1858 636 1913 tionem
687 1876 811 1930 rege
857 1861 1102 1930 superior
1152 1862 1271 1917 fuit.
1302 1864 1422 1933 Ipse
1461 1865 1677 1932 quidem
1727 1867 2010 1922 servitutis

437 1951 683 2021 poposcit
721 1952 1056 2008 conditiones
1089 1969 1102 2007 :
1132 1953 1204 2008 illi
1237 1955 1501 2011 libertatis
1532 1957 1878 2013 remiserunt.
1906 1959 2012 2013 Ca-

436 2041 598 2110 pitale
639 2051 756 2097 erat
796 2043 963 2111 siquis
995 2043 1184 2114 legatis
1225 2061 1446 2100 munera
1491 2047 1666 2103 daret.
1705 2046 1848 2102 Nihil
1885 2063 2012 2104 vero

431 2130 654 2185 omnino
690 2131 810 2186 illos
858 2137 1118 2198 terrebat,
1149 2134 1303 2200 nihil,
1340 2150 1438 2189 cur
1467 2137 1684 2192 virtutis
1728 2138 2013 2194 oblivisce-

439 2230 650 2286 rentur,
678 2221 963 2278 elliciebat.
997 2221 1113 2278 Non
1151 2223 1545 2281 Lacedatmonii
1594 2229 1702 2298 jam
1737 2230 1885 2296 victi,
1917 2230 2008 2300 qui

433 2308 635 2363 Graecis
678 2310 813 2364 adeo
858 2310 1197 2380 profuerunt,
1235 2325 1292 2367 ut
1335 2314 1548 2369 fortiter
1581 2318 1887 2376 dimicando
1915 2333 2012 2372 oc-

436 2399 744 2466 cubuerint,
789 2417 896 2456 non
929 2403 1206 2458 verberari
1247 2403 1462 2471 ﬂuctus,
1494 2422 1596 2460 non
1632 2409 1801 2476 puniti
1838 2409 2004 2472 venti,

430 2497 484 2542 et
511 2490 684 2544 mollis
730 2502 918 2545 contra
971 2501 1222 2548 naturam
1271 2496 1564 2561 Barbarus,
1618 2500 1918 2554 terrebant.
1965 2500 2008 2555 Ο

432 2581 637 2648 majora
673 2598 834 2638 ausos
876 2582 1058 2640 Xerxe
1106 2585 1313 2658 [contra
1343 2587 1675 2660 naturam]:
1713 2589 1758 2645 Ο
1797 2592 2010 2647 animos

427 2673 710 2728 elementis
759 2674 1009 2732 fortiores
1053 2678 1444 2733 ostendentes!
1484 2678 1838 2735 OPersarnm
1887 2683 2008 2738 telis

429 2765 610 2820 animo
647 2769 1036 2823 concidentes!
1073 2770 1116 2825 Ο
1150 2771 1361 2826 duobus
1401 2773 1618 2841 tropteis
1643 2773 1869 2828 classem
1917 2775 2010 2830 de-

429 2872 547 2909 ecm
597 2872 860 2912 annorum
912 2861 1234 2916 illudeutes!
1270 2862 1374 2917 Vos
1411 2877 1534 2917 eum
1567 2864 1659 2933 qui
1699 2879 1794 2934 per
1835 2874 2007 2920 totum

429 2947 618 3001 orbem
653 2958 707 3002 et
741 2965 890 3004 mare
936 2951 1052 3016 ivit,
1087 2952 1341 3022 coegistis
1389 2955 1572 3008 furtim
1615 2965 1670 3010 et
1711 2955 2010 3011 clementer

429 3039 658 3109 salutem
693 3057 846 3096 suam
877 3058 1118 3110 qumrere
1152 3062 1166 3099 :
1196 3046 1286 3113 qui
1321 3045 1419 3099 soli
1455 3048 1768 3102 ostendistis
1807 3049 2007 3120 365a
2035 3077 2082 3139 ο

429 3133 680 3189 omnibus
737 3134 1052 3191 hominibus
1105 3151 1292 3192 omnes
1350 3138 1534 3208 copias
1589 3140 1790 3195 virtute
1844 3157 2007 3210 posse

429 3239 694 3280 COCI‘CCI‘I.

499 3427 604 3483 Sed
665 3428 777 3481 inec
835 3429 996 3482 etiam
1042 3428 1256 3483 silentio
1333 3440 1763 3499 prmtereariius,
1818 3443 1870 3488 ct
1923 3433 2004 3486 fa-

427 3535 529 3578 cta:
553 3537 672 3578 cum
703 3538 829 3591 rege
884 3524 1030 3591 pacis
1090 3523 1452 3588 recordemur,
1489 3540 1608 3594 qua:
1637 3525 1774 3581 hanc
1818 3528 2002 3580 urbem

428 3615 577 3668 omni
628 3625 829 3684 tropaeo
881 3613 1231 3670 illustriorem
1286 3615 1485 3681 reddit,
1527 3624 1580 3670 et
1629 3617 1842 3669 inerito.
1891 3615 2004 3669 lloc

426 3722 570 3776 sazpe
629 3707 844 3762 fortuna
903 3708 992 3772 ﬁt,
1037 3711 1130 3763 sed
1184 3711 1332 3775 illud,
1379 3723 1560 3779 regem
1612 3708 1840 3762 libenter
1886 3709 2004 3761 urbi

427 3800 622 3854 cedere
678 3802 852 3868 spatio
911 3801 1124 3856 itineris
1169 3803 1291 3870 equi
1345 3803 1505 3858 unius
1558 3801 1692 3869 diei,
1737 3802 2005 3872 superiori

427 3892 561 3944 mari
589 3891 881 3958 abstinere,
907 3892 1046 3946 intra
1075 3893 1457 3958 Chelidoneas,
1482 3903 1536 3948 et
1559 3894 1806 3966 Cyaneas
1839 3909 2008 3949 naves

429 4000 532 4037 nun
574 3985 810 4050 mittere,
859 3987 1130 4054 quomodo
1180 4002 1285 4040 non
1329 3987 1593 4043 sinceram
1646 3990 2005 4060 undecunque

427 4075 544 4130 urbi
581 4074 804 4145 gloriam
857 4077 1056 4145 parat?

494 4231 706 4286 Etenim
746 4232 1152 4288 Atheniensium
1175 4235 1321 4290 varia
1357 4245 1575 4306 tropaea,
1607 4244 1661 4291 ct
1712 4239 1928 4293 navales
1953 4245 2008 4293 et

423 4324 702 4390 pedestres
731 4340 958 4396 pugnas,
995 4337 1048 4382 et
1073 4342 1176 4396 qua
1210 4329 1417 4382 ratione
1445 4330 1716 4400 tyrannidi
1750 4333 2006 4400 omnique

2121 588 2204 626 σιν
2239 571 2345 624 ἀπὸ
2378 568 2652 636 θαλάσσης
2673 565 2760 618 ἐπ’
2790 567 3037 636 ἤπειρον,
3056 565 3164 618 ἀπὸ
3193 563 3298 633 γῆς
3335 562 3424 614 ἐπ’
3461 563 3680 632 ούρανέν

2119 663 2332 717 ἐκεῖθεν
2356 662 2452 715 καὶ
2477 660 2627 731 ἥλιον
2648 677 2662 691 ·
2694 657 2789 712 τοῦ
2826 659 2920 727 μὲν
2941 658 3046 726 γὰρ
3072 655 3306 723 τοξεύων
3354 655 3415 707 τὺ
3443 655 3557 724 φῶς
3582 656 3682 707 ἀπ-

2119 751 2410 822 έκρυπτεν,
2449 751 2548 818 τῆς
2585 747 2642 799 δὲ
2668 747 2845 800 πλέων
2875 746 2970 817 τὴν
3002 746 3161 815 φύσιν
3195 745 3443 816 ἠμειϐεν,
3493 745 3587 814 τῆς
3628 744 3680 796 δέ

2119 841 2363 906 πεζεύων
2387 841 2486 911 τὴν
2515 841 2702 910 χρείαν
2725 839 2972 910 ἤλεγχεν.
3005 840 3114 892 Καὶ
3136 839 3325 892 σιωπῶ
3354 838 3565 908 πελάγη
3587 838 3681 906 μὲν

2119 937 2224 990 ύπδ
2248 937 2487 1008 τριηρῶν
2527 935 2904 1006 κρυπτόμενα,
2931 935 3267 1006 στρατόπεδα
3297 935 3396 1002 τῆς
3451 933 3678 1003 ἀριθμοῦ

2121 1027 2334 1096 φύσεως
2365 1027 2675 1096 κρείττονα,
2713 1025 2839 1095 ἔθνη
2865 1025 2919 1077 δὲ
2941 1024 3168 1084 δείπνων
3192 1024 3433 1092 δαπάνης
3463 1025 3680 1094 ἥττονα,

2123 1118 2351 1192 βασιλέα
2380 1117 2438 1170 δὲ
2468 1116 2745 1186 πανταχοῦ
2777 1117 2876 1187 μὲν
2909 1116 3032 1169 ὄντα
3057 1115 3136 1186 τῷ
3175 1115 3343 1184 φόϐῳ,
3370 1108 3431 1167 οὗ
3473 1115 3530 1168 δὲ
3581 1113 3684 1182 γῆς

2119 1212 2206 1276 εἴη
2230 1214 2297 1276 ’⁸,
2327 1209 2414 1263 διὰ
2441 1209 2502 1262 τὸ
2536 1207 2742 1278 πλῆθος
2793 1206 3142 1261 λανθάνοντα.
3180 1207 3446 1259 Τοσούτου
3504 1207 3683 1259 τοίνυν

2119 1301 2350 1372 θορύϐου
2407 1303 2511 1372 γῆς
2567 1301 2787 1369 ἁπάσης
2844 1301 3165 1370 ὴχήσαντος,
3201 1299 3294 1371 καὶ
3351 1298 3685 1370 κρινομένων

2120 1395 2212 1446 ἐπὶ
2233 1393 2332 1464 τῆς
2378 1393 2626 1456 Ἑλλάδος
2649 1393 2760 1446 τῶν
2786 1392 2941 1456 ὅλων,
2971 1393 3018 1444 οἱ
3050 1392 3148 1462 μὲν
3196 1391 3344 1445 ἄλλοι
3375 1392 3684 1462 σύμπαντες

2119 1485 2375 1539 τοσοῦτον
2412 1487 2470 1538 ἐν
2497 1487 2606 1548 τοῖς
2633 1485 2824 1546 δεινοῖς
2856 1483 3155 1554 κερδαίνειν
3185 1483 3351 1553 ᾤοντο
3376 1485 3498 1537 ὅσον
3529 1485 3684 1536 ἀπεῖ-

2118 1593 2206 1629 ναι
2247 1577 2461 1645 Πέρσας
2492 1576 2600 1651 τῷν
2628 1575 2856 1638 πόλεων,
2885 1574 2945 1626 ού
2977 1573 3083 1645 μὴν
3107 1575 3243 1643 καὶὴ
3271 1575 3420 1636 πόλις
3449 1570 3558 1638 εἶξε
3589 1573 3684 1644 βα-

2122 1666 2264 1718 σιλεῖ
2289 1667 2359 1718 τὰ
2387 1665 2564 1718 πάντα
2588 1665 2805 1727 σείοντι,
2831 1664 2950 1717 οὑδέ
2974 1665 3120 1731 φόϐῳ
3135 1664 3234 1733 τῆς
3252 1663 3439 1734 φήμης
3464 1662 3681 1732 αἰσχρόν

2112 1776 2164 1811 τι
2196 1757 2292 1810 καὶ
2325 1757 2430 1828 πρὸ
2457 1758 2554 1828 τῆς
2585 1757 2781 1827 πείρας
2803 1755 3118 1808 ἐϐούλευσεν
3148 1757 3213 1822 ³⁷,
3251 1755 3363 1808 ἀλλ’
3391 1755 3498 1808 ἀπὸ
3518 1754 3564 1785 ⁸⁸
3585 1753 3682 1821 τῆς

2115 1849 2412 1919 πρεσϐείας
2459 1847 2682 1920 πρώτης
2706 1848 2752 1879 ’⁵
2797 1846 3060 1917 κρείττων
3103 1845 3363 1916 βασιλέως
3418 1845 3678 1914 ἐγίγνετο.

2125 1942 2184 1995 '0
2220 1941 2320 2012 μὲν
2356 1941 2422 1994 τὰ
2443 1940 2543 2010 τῆς
2567 1939 2812 2002 δουλείας
2837 1939 3034 2010 ἀπῄτει
3084 1936 3350 2008 σύμϐολα,
3417 1938 3466 1989 οἰ
3528 1937 3585 1989 δὲ
3613 1938 3679 1989 τὰ

2111 2034 2212 2102 τῆς
2240 2032 2557 2102 ἐλευθερίας
2588 2031 2936 2102 ἀντέπεμπον
2961 2046 2976 2060 ’
3011 2026 3078 2101 ἦν
3112 2030 3217 2101 γὰρ
3267 2030 3494 2093 θάνατος
3521 2031 3555 2099 ἠ
3585 2029 3678 2097 τῆς

2112 2126 2409 2198 πρεσϐείας
2437 2124 2724 2187 ἀντίδοσις.
2773 2121 2988 2191 Ἐφόϐει
3020 2121 3074 2174 δὲ
3104 2121 3300 2183 αὐτοὺς
3326 2121 3475 2174 οὐδὲν
3501 2122 3545 2153 ³⁸
3577 2120 3678 2173 τῶν

2113 2220 2388 2284 ἁπάντων,
2413 2217 2533 2271 οὐδὲ
2557 2215 2728 2270 ἐποίει
2753 2215 2853 2284 τῆς
2880 2214 3080 2284 ἀρετῆς
3110 2213 3580 2277 ἐπιλανθάνεσθαι,
3612 2211 3675 2266 ού

2111 2309 2531 2378 Λακεδαιμόνιοι
2566 2309 2858 2371 πίπτοντες
2903 2307 2997 2359 καὶ
3024 2307 3272 2360 τοσοῦτον
3304 2303 3676 2367 συντελοῦντες

2111 2405 2224 2466 τοῖς
2257 2401 2515 2471 Ἕλλησιν
2541 2402 2662 2454 ὅσον
2694 2399 2958 2471 ἄνδρείως
2993 2399 3134 2470 ὑπὲρ
3163 2398 3396 2452 θανάτου
3459 2396 3674 2466 βουλεύ-

2114 2493 2332 2560 σασθαι,
2394 2495 2454 2546 οὔ
2499 2492 2874 2563 μαστιζόμενα
2930 2493 3152 2562 κύματα
3204 2491 3298 2544 καὶ
3347 2489 3678 2559 κολαζόμενα

2112 2585 2404 2655 πνεύματα
2435 2587 2527 2638 καὶ
2556 2586 2776 2657 τρυφῶν
2828 2585 3102 2656 βάρϐαρος
3139 2581 3281 2636 κατὰ
3318 2583 3417 2652 τῆς
3448 2581 3674 2650 φύσεως.

2110 2675 2180 2733 Ὦ
2221 2677 2444 2749 μείζονα
2473 2677 2675 2751 Ξέρξου
2719 2677 3088 2748 τολμήσαντες
3109 2677 3183 2728 ³¹Ῑ
3220 2669 3264 2727 ὢ
3320 2673 3497 2743 ψυχὰς
3547 2689 3680 2724 στοι-

2110 2771 2277 2841 χείων
2308 2771 2663 2842 βεϐαιοτέρας
2703 2767 3137 2839 ἐπιδειξάμενοιί
3169 2765 3441 2838 [HO9R.]
3489 2759 3535 2817 ὦ
3570 2765 3676 2826 τοῖς

2112 2864 2338 2934 Περσῶν
2367 2863 2699 2930 τοξεύμασιν
2733 2862 2795 2914 ού
2829 2859 3194 2929 καλυφθέντες
3213 2859 3256 2890 ³³
3307 2857 3368 2910 τὺ
3397 2855 3673 2927 φρόνημαί

2109 2954 2155 3012 ὦ
2182 2957 2275 3010 δύο
2313 2956 2598 3027 τροπαίοις
2641 2955 2872 3022 δεκαετῆ
2907 2953 3090 3006 στόλον
3125 2949 3478 3018 ἐλέγξαντεςι
3528 2951 3679 3018 ὑμεῖς

2111 3048 2202 3102 τὸν
2239 3049 2332 3100 ἐπὶ
2365 3047 2548 3100 πᾶσαν
2573 3046 2721 3099 ἰόντα
2749 3045 2794 3076 ³³
2824 3044 3037 3114 γῆνκαὶ
3082 3042 3353 3097 Θάλατταν
3385 3039 3678 3110 ἀγαπητῶς

2116 3139 2315 3208 κλέψαι
2346 3139 2445 3208 τὴν
2469 3135 2742 3206 σωτηρίαν
2776 3136 3254 3205 κατηναγκάσατε.
3282 3129 3354 3186 Ὦ
3382 3133 3531 3204 μόνοι
3577 3134 3680 3185 δεί-

2116 3233 2306 3298 ξαντες
2347 3216 2652 3299 ἀνθρώποις
2674 3227 2718 3259 ³⁸
2749 3229 2950 3282 ἅπασιν
2986 3228 3068 3280 ὅτι
3102 3228 3252 3280 πᾶσα
3284 3226 3404 3296 χεὶρ
3434 3226 3528 3279 ὑπ’
3553 3227 3682 3296 ἀρε-

2113 3326 2212 3393 τῆς
2240 3324 2545 3393 ἐλέγχεται.

2199 3411 2359 3466 Ἀλλὰ
2389 3411 2491 3466 κᾶν
2530 3410 2700 3464 ταῦτα
2733 3413 2856 3481 σιγῇ
2907 3409 3288 3480 παρέλθωμεν,
3328 3408 3428 3461 κᾶν
3468 3411 3571 3478 τῆς
3612 3411 3684 3461 εί-

2118 3505 2286 3575 ρήνης
2312 3503 2450 3574 πρὸς
2483 3502 2708 3573 βασιλέα
2730 3505 3104 3572 γεγενημένης
3135 3501 3618 3572 μνημονεύσωμεν,
3647 3502 3679 3570 ἥ

2116 3595 2316 3658 παντὸς
2355 3593 2618 3664 τροπαίου
2655 3593 2989 3664 σεμνοτέραν
3044 3592 3122 3644 ἔτι
3175 3592 3273 3662 τὴν
3317 3593 3468 3645 πόλιν
3527 3595 3683 3662 δρτά’

2116 3688 2288 3751 ζεται.
2341 3686 2450 3738 Καὶ
2481 3684 2627 3756 μάλα
2663 3684 2907 3746 εἰκότως.
2948 3685 3016 3737 Ἀ
3046 3683 3090 3714 ³⁵
3121 3683 3220 3753 μὲν
3249 3683 3356 3755 γὰρ
3391 3686 3484 3737 καὶ
3521 3686 3683 3754 τύχης

2115 3780 2275 3849 ἔργον
2307 3778 2604 3839 πολλάκις·
2635 3777 2695 3830 τὸ
2740 3776 2795 3830 δὲ
2833 3777 3025 3830 ἑκόντα
3070 3780 3421 3847 συγχωρῆσαι
3468 3778 3682 3839 βασιλέα

2113 3875 2179 3941 τῇ
2202 3871 2355 3924 πόλει
2378 3870 2546 3922 ἵππου
2577 3868 2676 3935 μὲν
2703 3869 2901 3941 δρόμον
2927 3869 3136 3940 ἡμέρας
3171 3869 3438 3940 θαλάττης
3470 3869 3680 3938 ἅφέξειν

2114 3963 2248 4028 ἄνω,
2282 3963 2411 4015 εἴσω
2454 3962 2510 4015 δὲ
2541 3962 2872 4016 Χελιδονέων
2925 3963 3016 4014 καὶ
3048 3961 3306 4015 Κυανέων
3341 3963 3416 4031 μὴ
3452 3961 3681 4031 πέμψειν

2111 4055 2334 4118 ὁλκάδα,
2366 4055 2481 4118 πῶς
2501 4055 2562 4108 ού
2603 4054 2847 4126 καθαρὰν
2891 4053 3226 4123 πανταχόθεν
3253 4056 3318 4124 τῇ
3370 4053 3521 4106 πόλει
3554 4068 3680 4122 προ-

2113 4148 2260 4214 ξενεῖ
2291 4149 2389 4217 τὴν
2412 4146 2663 4202 εὔκλειαν
2688 4165 2702 4210 ;

2197 4239 2360 4293 una
2392 4240 2501 4310 γὰρ
2544 4239 2838 4310 Ἀθηναίων
2869 4237 2936 4292 τὰ
2971 4237 3140 4308 μυρία
3169 4237 3401 4308 τρόπαια
3436 4238 3526 4291 καὶ
3558 4255 3680 4290 ναυ-

2117 4332 2322 4403 μαχίας
2361 4333 2455 4384 καὶ
2504 4330 2865 4402 πεζομαχίας,
2902 4332 2994 4383 καὶ
3027 4330 3103 4393 ὡς
3144 4329 3279 4400 πρὸς
3326 4329 3543 4382 ἃπασαν
3588 4328 3680 4397 μὲν

423 4417 674 4485 pateatne
692 4420 1014 4485 restiterint,
1050 4422 1186 4476 alias
1200 4423 1427 4477 diversis
1447 4423 1778 4492 temporibus
1792 4439 1889 4492 pro
1907 4425 2007 4479 hae

2117 4422 2402 4494 τυραννίδα
2432 4423 2568 4493 πρὸς
2605 4423 2822 4476 ἃπασαν
2862 4422 2920 4475 δέ
2966 4421 3280 4475 δυναστείαν
3331 4421 3678 4488 ἀντέστησαν,

422 4519 582 4573 gente
606 4512 748 4563 varia
771 4513 1065 4567 certamina
1097 4513 1439 4584 recipientes,
1465 4530 1563 4569 nec
1590 4515 1724 4569 mihi
1744 4515 1902 4570 facile
1922 4526 2008 4572 est

425 4614 727 4664 recensere,
768 4619 865 4657 nec
895 4605 1066 4675 siquis
1107 4607 1158 4662 id
1197 4607 1348 4676 prius
1377 4621 1662 4679 aggressus
1706 4609 1796 4663 sit.
1825 4609 2007 4675 Quare

421 4689 674 4743 existimo
692 4709 852 4746 unum
869 4696 1074 4751 etidem
1095 4708 1502 4752 monumentum
1521 4700 1771 4769 conjungi
1795 4710 2006 4770 Oporte-

427 4793 507 4842 t“,
534 4784 982 4846 quemadmodum
999 4787 1089 4854 qui
1116 4791 1427 4844 renuntiant
1455 4790 1508 4844 in
1533 4791 1711 4845 stadio
1743 4792 2002 4859 victores,

424 4871 503 4924 sic
521 4878 573 4924 (τι
588 4871 713 4925 huic
735 4874 882 4926 verbi
901 4877 1193 4931 secundum
1213 4879 1382 4949 legem
1401 4881 1828 4938 consecrandum
1853 4898 1996 4938 esse.

423 4959 467 5014 Ο
499 4962 589 5030 qui
627 4977 842 5017 omnem
867 4974 1066 5019 terrain
1097 4977 1151 5020 et
1183 4984 1330 5025 mare
1359 4986 1462 5040 qua
1497 4973 1601 5026 iter
1632 4985 1716 5028 est
1744 4974 2000 5047 [victoria

421 5049 499 5122 et]
536 5051 778 5120 trapacis,
804 5061 858 5106 et
892 5068 996 5121 qua
1034 5056 1135 5108 iter
1163 5073 1266 5110 non
1294 5070 1396 5126 est,
1422 5062 1591 5128 gloria
1627 5073 1682 5118 et
1716 5065 2005 5135 splendere

422 5142 812 5210 roniplevistis,
851 5144 941 5211 qui
991 5146 1092 5198 soli
1145 5148 1395 5204 maximis
1447 5156 1612 5208 rebus
1655 5156 1825 5224 gestis
1869 5167 2006 5212 tem-

425 5247 520 5302 pus
569 5244 624 5289 et.
676 5235 935 5290 invidiam
994 5249 1334 5308 superastis,
1382 5244 1474 5312 qui
1527 5260 1744 5302 omnem
1799 5257 2004 5302 terrain

2111 4516 2298 4569 ἄλλοτε
2332 4515 2456 4567 κατ’
2503 4513 2698 4577 ἄλλους
2729 4515 2950 4584 χρόνους
2973 4514 3017 4545 ³⁸
3051 4513 3187 4582 ὑπὲρ
3214 4510 3306 4563 τοῦ
3343 4511 3533 4578 γένους
3582 4527 3678 4576 μυ·

2115 4609 2258 4680 ρίους
2302 4607 2525 4676 ἀγῶνας
2589 4607 3003 4675 ἀναδεξάμενοι,
3057 4604 3177 4658 οὕτε
3221 4603 3343 4673 ἐμοὶ
3402 4601 3680 4666 διεξελθεῖν

2108 4700 2292 4771 ῥᾴδιον
2324 4699 2450 4753 οὔτε
2494 4698 2548 4750 εἴ
2577 4715 2663 4762 τις
2697 4698 2965 4769 πρότερον
3004 4696 3404 4766 ἐπικεχείρηκε.
3445 4692 3570 4764 [⁵594
3595 4691 3678 4762 IL]

2105 4793 2304 4863 Διόπερ
2330 4786 2486 4861 οἶμαι
2517 4791 2650 4853 δεῖν,
2680 4789 2755 4853 ὡς
2783 4790 2831 4842 οἰ
2867 4791 2990 4852 τοὺς
3035 4790 3092 4841 ἐν
3123 4790 3233 4850 τοῖς
3269 4786 3502 4848 σταδίοις
3534 4802 3682 4852 νικηο

2107 4883 2306 4953 φόρους
2365 4882 2854 4953 ἀνακηρύττοντες,
2916 4881 2974 4933 ἒν
3034 4881 3131 4935 καὶ
3186 4878 3381 4932 ταυτὸν
3418 4877 3682 4930 συνθεῖναι

2104 4973 2415 5046 γνώρισμα,
2449 4971 2549 5028 εἷθ’
2575 4973 2717 5028 οὔτω
2740 4973 2912 5044 ταύτῃ
2939 4972 3033 5027 καὶ
3065 4971 3199 5042 πρὸς
3252 4969 3344 5024 τὸν
3384 4969 3549 5038 νόμον
3578 4969 3680 5035 ἀφ-

2108 5065 2464 5120 οσιώσασθαι.
2493 5061 2564 5119 Ὦ
2591 5067 2773 5118 πᾶσαν
2827 5065 2927 5134 γῆν
2955 5065 3050 5117 καὶ
3107 5063 3402 5126 θάλασσαν,
3446 5063 3548 5130 ὅση
3589 5060 3682 5129 μὲν

2109 5158 2268 5229 βατὴ,
2299 5159 2458 5228 νίκης
2487 5159 2530 5190 ⁸⁷
2567 5159 2664 5212 καὶ
2694 5157 2994 5228 τροπαίων,
3024 5156 3119 5226 ὅση
3169 5154 3213 5208 δ’
3268 5155 3486 5217 ἄϐατος,
3531 5153 3682 5220 δόξης

2111 5251 2208 5306 καὶ
2256 5251 2449 5315 κλέους
2500 5249 2923 5322 πληρώσαντεςί
2951 5245 3020 5303 Ὦ
3049 5249 3199 5320 μόνοι
3253 5250 3371 5312 ταῖς
3423 5247 3680 5317 μεγάλαις

1696 5448 1933 5505 VARle
1991 5449 2400 5508 LECTIONES.

503 5579 665 5655 .“Ff'l
693 5597 828 5655 ηις-ε
858 5582 911 5655 τῃ
944 5596 1027 5652 pr.
1057 5580 1122 5648 C,
1149 5577 1181 5655 ᾗ
1206 5583 1407 5638 (ξςῐξωΐῐ.

1509 5587 1553 5662 ’ς’
1587 5587 1679 5662 καί
1715 5587 1943 5662 π-ρδντῆς
1969 5590 2168 5662 πείρας
2209 5585 2552 5662 ἐϐούλευσεν]
2597 5589 2893 5660 πεποίηκεν
2923 5590 2964 5642 Β
2987 5598 3038 5643 et
3059 5589 3237 5662 rc.rA.
3284 5605 3365 5657 pr.
3397 5589 3538 5642 enim
3566 5602 3673 5662 enm;

420 5649 464 5679 "
486 5649 616 5730 ᾁπρ]
641 5649 844 5730 παιπρρ
879 5649 917 5705 Β
947 5649 998 5730 et
1017 5649 1189 5730 Δ(ὶυιτζ
1364 5655 1410 5685 ’³
1435 5655 1679 5730 πρώτης]
1704 5649 1873 5730 αὗῖῆς
1899 5649 1937 5710 ll
1966 5669 2022 5714 et
2049 5649 2195 5713 corr.
2240 5660 2304 5713 Α.
2382 5660 2426 5691 ³³
2451 5649 2603 5714 οὐδὲν
2631 5680 2692 5728 ς.
2767 5649 2808 5697 ³’¹
2842 5673 2961 5728 post
2997 5649 3360 5730 τολμήσαντες
3385 5677 3504 5714 cum
3551 5656 3673 5730 ABG

422 5721 1129 5795 oonsifzztujﬁ;Queéwq.
1207 5725 1261 5795 "_
1283 5721 1623 5795 καμφθέντες
1656 5745 1716 5790 ς.

1795 5729 1840 5760 ³⁸
1873 5730 2020 5782 ἰόντα
2050 5730 2294 5797 Scaliger
2327 5747 2339 5780 :
2387 5731 2506 5785 libri
2541 5733 2737 5785 ἰδόντα.

578 5791 619 5824 ³⁸
650 5793 770 5842 κατ’
800 5792 991 5856 ἄλλους
1015 5793 1262 5862 χρόνους]
1291 5791 1519 5852 fortasse
1550 5796 1830 5868 legendum
1861 5797 2200 5854 κατ’ὸὶλλων.

2815 5727 2858 5765 ³⁵
2885 5729 3188 5798 ἀνθρώποις
3218 5746 3325 5784 om.
3347 5731 3408 5786 C.
3484 5730 3529 5762 ³³
3557 5727 3671 5781 libri

2278 5802 2321 5841 ³⁷
2349 5801 2503 5872 νέκης
2536 5817 2645 5857 om.
2676 5800 2717 5857 C
2750 5811 2802 5857 et
2833 5817 2919 5872 pr.
2947 5802 3010 5854 A.
