  <div class='ocr_page' id='page_1' title='image "/cluster/home/n/w/nwhite01/storage/ocr_20150623/103:no.3/coo.31924054870070/688.png"; bbox 0 0 3924 6436; ppageno 0'>
   <div class='ocr_carea' id='block_1_1' title="bbox 252 392 394 457">
    <p class='ocr_par' dir='ltr' id='par_1_1' title="bbox 252 392 394 457">
     <span class='ocr_line' id='line_1_1' title="bbox 252 392 394 457; baseline 0.028 -3"><span class='ocrx_word' id='word_1_1' title='bbox 252 392 394 457; x_wconf 75' lang='grc'><strong>1345</strong></span> 
     </span>
    </p>
   </div>
   <div class='ocr_carea' id='block_1_2' title="bbox 1281 390 2444 456">
    <p class='ocr_par' dir='ltr' id='par_1_2' title="bbox 1281 390 2444 456">
     <span class='ocr_line' id='line_1_2' title="bbox 1281 390 2444 456; baseline 0.006 -7"><span class='ocrx_word' id='word_1_2' title='bbox 1281 390 1809 454; x_wconf 82' lang='lat' dir='ltr'><strong>BlBLIOTHECA.</strong></span> <span class='ocrx_word' id='word_1_3' title='bbox 1844 415 1914 427; x_wconf 88' lang='grc'><strong><em>-</em></strong></span> <span class='ocrx_word' id='word_1_4' title='bbox 1947 391 2111 454; x_wconf 88' lang='lat' dir='ltr'><strong>COD.</strong></span> <span class='ocrx_word' id='word_1_5' title='bbox 2138 394 2444 456; x_wconf 78' lang='lat' dir='ltr'><strong>CCXLIII.</strong></span> 
     </span>
    </p>
   </div>
   <div class='ocr_carea' id='block_1_3' title="bbox 3390 377 3524 462">
    <p class='ocr_par' dir='ltr' id='par_1_3' title="bbox 3390 377 3524 462">
     <span class='ocr_line' id='line_1_3' title="bbox 3390 377 3524 462; baseline 0.022 -3"><span class='ocrx_word' id='word_1_6' title='bbox 3390 377 3524 462; x_wconf 61' lang='lat'><strong>13.56</strong></span> 
     </span>
    </p>
   </div>
   <div class='ocr_carea' id='block_1_4' title="bbox 247 499 1834 578">
    <p class='ocr_par' dir='ltr' id='par_1_4' title="bbox 247 499 1828 576">
     <span class='ocr_line' id='line_1_4' title="bbox 247 499 1828 576; baseline -0.001 -18"><span class='ocrx_word' id='word_1_7' title='bbox 247 503 488 576; x_wconf 80' lang='grc' dir='ltr'>πράξεσι</span> <span class='ocrx_word' id='word_1_8' title='bbox 519 501 710 573; x_wconf 81' lang='grc' dir='ltr'>χρόνον</span> <span class='ocrx_word' id='word_1_9' title='bbox 739 502 833 554; x_wconf 71' lang='grc' dir='ltr'><strong>καὶ</strong></span> <span class='ocrx_word' id='word_1_10' title='bbox 889 499 1080 570; x_wconf 79' lang='grc' dir='ltr'>φθόνον</span> <span class='ocrx_word' id='word_1_11' title='bbox 1108 503 1466 573; x_wconf 84' lang='grc' dir='ltr'>νικήσαντεςι</span> <span class='ocrx_word' id='word_1_12' title='bbox 1495 499 1567 555; x_wconf 88' lang='grc' dir='ltr'>Ὧ</span> <span class='ocrx_word' id='word_1_13' title='bbox 1610 503 1708 574; x_wconf 81' lang='grc' dir='ltr'>τὴν</span> <span class='ocrx_word' id='word_1_14' title='bbox 1750 504 1828 556; x_wconf 82' lang='grc' dir='ltr'><strong>οἰ-</strong></span> 
     </span>
    </p>
   </div>
   <div class='ocr_carea' id='block_1_5' title="bbox 1942 499 3525 578">
    <p class='ocr_par' dir='ltr' id='par_1_5' title="bbox 1942 507 3525 578">
     <span class='ocr_line' id='line_1_5' title="bbox 1942 507 3525 578; baseline 0.004 -20"><span class='ocrx_word' id='word_1_15' title='bbox 1942 520 2038 560; x_wconf 86' lang='lat' dir='ltr'><strong>nou</strong></span> <span class='ocrx_word' id='word_1_16' title='bbox 2071 507 2362 573; x_wconf 83' lang='lat' dir='ltr'><strong>columnis,</strong></span> <span class='ocrx_word' id='word_1_17' title='bbox 2404 508 2494 563; x_wconf 86' lang='lat' dir='ltr'><strong>sed</strong></span> <span class='ocrx_word' id='word_1_18' title='bbox 2540 508 2754 578; x_wconf 75' lang='lat' dir='ltr'><strong>tropzeis</strong></span> <span class='ocrx_word' id='word_1_19' title='bbox 2791 507 3017 563; x_wconf 84' lang='lat' dir='ltr'><strong>dimensi</strong></span> <span class='ocrx_word' id='word_1_20' title='bbox 3052 508 3206 564; x_wconf 90' lang='lat' dir='ltr'><strong>estis.</strong></span> <span class='ocrx_word' id='word_1_21' title='bbox 3259 507 3378 563; x_wconf 76' lang='lat' dir='ltr'><strong>Dixi</strong></span> <span class='ocrx_word' id='word_1_22' title='bbox 3413 509 3525 564; x_wconf 74' lang='lat' dir='ltr'><strong>lor-</strong></span> 
     </span>
    </p>
   </div>
   <div class='ocr_carea' id='block_1_6' title="bbox 249 594 1831 667">
    <p class='ocr_par' dir='ltr' id='par_1_6' title="bbox 249 594 1831 667">
     <span class='ocr_line' id='line_1_6' title="bbox 249 594 1831 667; baseline -0.002 -15"><span class='ocrx_word' id='word_1_23' title='bbox 249 595 526 667; x_wconf 83' lang='grc' dir='ltr'>κουμένην</span> <span class='ocrx_word' id='word_1_24' title='bbox 561 595 776 648; x_wconf 79' lang='grc' dir='ltr'>ἃπασαν</span> <span class='ocrx_word' id='word_1_25' title='bbox 806 594 866 648; x_wconf 87' lang='grc' dir='ltr'><strong>οὑ</strong></span> <span class='ocrx_word' id='word_1_26' title='bbox 897 594 1122 663; x_wconf 81' lang='grc' dir='ltr'><strong>στήλαις</strong></span> <span class='ocrx_word' id='word_1_27' title='bbox 1151 595 1286 648; x_wconf 79' lang='grc' dir='ltr'>ἀλλὰ</span> <span class='ocrx_word' id='word_1_28' title='bbox 1314 595 1594 665; x_wconf 77' lang='grc' dir='ltr'><strong>τροπαίοις</strong></span> <span class='ocrx_word' id='word_1_29' title='bbox 1623 598 1831 667; x_wconf 75' lang='grc' dir='ltr'>μετρή-</span> 
     </span>
    </p>
   </div>
   <div class='ocr_carea' id='block_1_7' title="bbox 252 685 1834 757">
    <p class='ocr_par' dir='ltr' id='par_1_7' title="bbox 252 685 1834 757">
     <span class='ocr_line' id='line_1_7' title="bbox 252 685 1834 757; baseline 0.001 -18"><span class='ocrx_word' id='word_1_30' title='bbox 252 686 484 750; x_wconf 78' lang='grc' dir='ltr'>σαντεςι</span> <span class='ocrx_word' id='word_1_31' title='bbox 537 685 766 756; x_wconf 72' lang='grc' dir='ltr'>Εἴρηται</span> <span class='ocrx_word' id='word_1_32' title='bbox 815 685 984 757; x_wconf 73' lang='grc' dir='ltr'>κάμοὶ</span> <span class='ocrx_word' id='word_1_33' title='bbox 1037 687 1137 756; x_wconf 76' lang='grc' dir='ltr'>τῆς</span> <span class='ocrx_word' id='word_1_34' title='bbox 1192 687 1290 756; x_wconf 83' lang='grc' dir='ltr'><strong>μὲν</strong></span> <span class='ocrx_word' id='word_1_35' title='bbox 1341 687 1653 752; x_wconf 78' lang='grc' dir='ltr'><strong>ὑποθέσεως</strong></span> <span class='ocrx_word' id='word_1_36' title='bbox 1703 690 1834 752; x_wconf 75' lang='grc' dir='ltr'>ἴσως</span> 
     </span>
    </p>
   </div>
   <div class='ocr_carea' id='block_1_8' title="bbox 251 778 1830 843">
    <p class='ocr_par' dir='ltr' id='par_1_8' title="bbox 251 778 1830 843">
     <span class='ocr_line' id='line_1_8' title="bbox 251 778 1830 843; baseline 0.001 -12"><span class='ocrx_word' id='word_1_37' title='bbox 251 780 501 843; x_wconf 67' lang='grc' dir='ltr'>ἔλαττον,</span> <span class='ocrx_word' id='word_1_38' title='bbox 546 778 658 833; x_wconf 85' lang='grc' dir='ltr'><strong>τῶν</strong></span> <span class='ocrx_word' id='word_1_39' title='bbox 709 779 766 832; x_wconf 82' lang='grc' dir='ltr'><strong>δὲ</strong></span> <span class='ocrx_word' id='word_1_40' title='bbox 799 778 1011 833; x_wconf 85' lang='grc' dir='ltr'>πολλῶν</span> <span class='ocrx_word' id='word_1_41' title='bbox 1041 780 1141 833; x_wconf 89' lang='grc' dir='ltr'><strong>οὑκ</strong></span> <span class='ocrx_word' id='word_1_42' title='bbox 1171 780 1448 836; x_wconf 82' lang='grc' dir='ltr'>ἐλάττονα.</span> <span class='ocrx_word' id='word_1_43' title='bbox 1483 781 1742 834; x_wconf 86' lang='grc' dir='ltr'>Λείπεται</span> <span class='ocrx_word' id='word_1_44' title='bbox 1771 780 1830 833; x_wconf 81' lang='grc' dir='ltr'><strong>δὲ</strong></span> 
     </span>
    </p>
   </div>
   <div class='ocr_carea' id='block_1_9' title="bbox 1937 597 3524 668">
    <p class='ocr_par' dir='ltr' id='par_1_9' title="bbox 1937 597 3524 668">
     <span class='ocr_line' id='line_1_9' title="bbox 1937 597 3524 668; baseline 0.001 -18"><span class='ocrx_word' id='word_1_45' title='bbox 1937 597 2079 651; x_wconf 87' lang='lat' dir='ltr'><strong>sitan</strong></span> <span class='ocrx_word' id='word_1_46' title='bbox 2115 599 2293 652; x_wconf 88' lang='lat' dir='ltr'><strong>minus</strong></span> <span class='ocrx_word' id='word_1_47' title='bbox 2332 613 2494 667; x_wconf 86' lang='lat' dir='ltr'><strong>quam</strong></span> <span class='ocrx_word' id='word_1_48' title='bbox 2546 613 2706 652; x_wconf 82' lang='lat' dir='ltr'><strong>causa</strong></span> <span class='ocrx_word' id='word_1_49' title='bbox 2742 599 3011 668; x_wconf 79' lang='lat' dir='ltr'><strong>exigebat,</strong></span> <span class='ocrx_word' id='word_1_50' title='bbox 3045 613 3148 653; x_wconf 91' lang='lat' dir='ltr'><strong>non</strong></span> <span class='ocrx_word' id='word_1_51' title='bbox 3196 605 3374 654; x_wconf 86' lang='lat' dir='ltr'><strong>tamen</strong></span> <span class='ocrx_word' id='word_1_52' title='bbox 3421 601 3524 653; x_wconf 84' lang='lat' dir='ltr'><strong>tui-</strong></span> 
     </span>
    </p>
   </div>
   <div class='ocr_carea' id='block_1_10' title="bbox 1940 686 3522 759">
    <p class='ocr_par' dir='ltr' id='par_1_10' title="bbox 1940 686 3522 759">
     <span class='ocr_line' id='line_1_10' title="bbox 1940 686 3522 759; baseline 0.003 -21"><span class='ocrx_word' id='word_1_53' title='bbox 1940 701 2044 741; x_wconf 87' lang='lat' dir='ltr'><strong>nos</strong></span> <span class='ocrx_word' id='word_1_54' title='bbox 2076 701 2240 754; x_wconf 91' lang='lat' dir='ltr'><strong>quam</strong></span> <span class='ocrx_word' id='word_1_55' title='bbox 2277 686 2366 740; x_wconf 84' lang='lat' dir='ltr'><strong>alii</strong></span> <span class='ocrx_word' id='word_1_56' title='bbox 2403 687 2642 757; x_wconf 83' lang='lat' dir='ltr'><strong>plurimi.</strong></span> <span class='ocrx_word' id='word_1_57' title='bbox 2679 687 2961 758; x_wconf 83' lang='lat' dir='ltr'><strong>Reliquum</strong></span> <span class='ocrx_word' id='word_1_58' title='bbox 2997 697 3101 754; x_wconf 86' lang='lat' dir='ltr'><strong>est,</strong></span> <span class='ocrx_word' id='word_1_59' title='bbox 3131 696 3192 744; x_wconf 87' lang='lat' dir='ltr'><strong>ut</strong></span> <span class='ocrx_word' id='word_1_60' title='bbox 3239 698 3522 759; x_wconf 77' lang='lat' dir='ltr'><strong>postquam</strong></span> 
     </span>
    </p>
   </div>
   <div class='ocr_carea' id='block_1_11' title="bbox 1941 779 3522 844">
    <p class='ocr_par' dir='ltr' id='par_1_11' title="bbox 1941 779 3522 844">
     <span class='ocr_line' id='line_1_11' title="bbox 1941 779 3522 844; baseline 0 -11"><span class='ocrx_word' id='word_1_61' title='bbox 1941 793 2132 834; x_wconf 88' lang='lat' dir='ltr'><strong>omnes</strong></span> <span class='ocrx_word' id='word_1_62' title='bbox 2165 779 2520 834; x_wconf 86' lang='lat' dir='ltr'><strong>acclamarint</strong></span> <span class='ocrx_word' id='word_1_63' title='bbox 2544 781 2818 836; x_wconf 78' lang='lat' dir='ltr'><strong>memorire</strong></span> <span class='ocrx_word' id='word_1_64' title='bbox 2839 821 2853 844; x_wconf 88' lang='lat'><strong>,</strong></span> <span class='ocrx_word' id='word_1_65' title='bbox 2887 783 2966 836; x_wconf 91' lang='lat' dir='ltr'><strong>sic</strong></span> <span class='ocrx_word' id='word_1_66' title='bbox 2993 797 3180 836; x_wconf 78' lang='lat' dir='ltr'><strong>onntes</strong></span> <span class='ocrx_word' id='word_1_67' title='bbox 3219 783 3522 837; x_wconf 85' lang='lat' dir='ltr'><strong>discedant.</strong></span> 
     </span>
    </p>
   </div>
   <div class='ocr_carea' id='block_1_12' title="bbox 247 874 3136 949">
    <p class='ocr_par' dir='ltr' id='par_1_12' title="bbox 247 874 3136 949">
     <span class='ocr_line' id='line_1_12' title="bbox 247 874 3136 949; baseline -0 -17"><span class='ocrx_word' id='word_1_68' title='bbox 247 879 490 948; x_wconf 76' lang='grc' dir='ltr'>εὐφήμῳ</span> <span class='ocrx_word' id='word_1_69' title='bbox 526 877 621 949; x_wconf 83' lang='grc' dir='ltr'><strong>βοῇ</strong></span> <span class='ocrx_word' id='word_1_70' title='bbox 653 878 1108 948; x_wconf 81' lang='grc' dir='ltr'>προσηχήσαντας</span> <span class='ocrx_word' id='word_1_71' title='bbox 1143 877 1416 946; x_wconf 81' lang='grc' dir='ltr'>πανδημεὶ</span> <span class='ocrx_word' id='word_1_72' title='bbox 1447 879 1653 940; x_wconf 78' lang='grc' dir='ltr'>πάντας</span> <span class='ocrx_word' id='word_1_73' title='bbox 1685 877 1728 909; x_wconf 80' lang='grc'><strong>³⁸</strong></span> <span class='ocrx_word' id='word_1_74' title='bbox 1755 876 1834 945; x_wconf 83' lang='grc' dir='ltr'>τῷ</span> <span class='ocrx_word' id='word_1_75' title='bbox 1876 875 2142 945; x_wconf 84' lang='grc' dir='ltr'><strong>μνήματι,</strong></span> <span class='ocrx_word' id='word_1_76' title='bbox 2180 874 2323 928; x_wconf 81' lang='grc' dir='ltr'>οὕτω</span> <span class='ocrx_word' id='word_1_77' title='bbox 2351 877 2450 944; x_wconf 77' lang='grc' dir='ltr'><strong>τῆς</strong></span> <span class='ocrx_word' id='word_1_78' title='bbox 2484 877 2650 948; x_wconf 80' lang='grc' dir='ltr'>τιμῆς</span> <span class='ocrx_word' id='word_1_79' title='bbox 2682 877 3136 932; x_wconf 79' lang='grc' dir='ltr'>ἀπαλλάττεσθαι.</span> 
     </span>
    </p>
   </div>
   <div class='ocr_carea' id='block_1_13' title="bbox 263 967 1834 1038">
    <p class='ocr_par' dir='ltr' id='par_1_13' title="bbox 263 967 1834 1038">
     <span class='ocr_line' id='line_1_13' title="bbox 263 967 1834 1038; baseline 0.001 -16"><span class='ocrx_word' id='word_1_80' title='bbox 263 970 370 1022; x_wconf 77' lang='grc' dir='ltr'>Ἐκ</span> <span class='ocrx_word' id='word_1_81' title='bbox 419 969 526 1022; x_wconf 84' lang='grc' dir='ltr'>τοῦ</span> <span class='ocrx_word' id='word_1_82' title='bbox 587 970 1065 1038; x_wconf 73' lang='grc' dir='ltr'>Ἀρεοπαγιτικοῦ</span> <span class='ocrx_word' id='word_1_83' title='bbox 1115 969 1154 1038; x_wconf 77' lang='grc' dir='ltr'><em>ἢ</em></span> <span class='ocrx_word' id='word_1_84' title='bbox 1205 969 1670 1037; x_wconf 79' lang='grc' dir='ltr'>ἐλευθερωτικοῦ</span> <span class='ocrx_word' id='word_1_85' title='bbox 1727 967 1834 1023; x_wconf 83' lang='grc' dir='ltr'>τοῦ</span> 
     </span>
    </p>
   </div>
   <div class='ocr_carea' id='block_1_14' title="bbox 326 1039 1828 1110">
    <p class='ocr_par' dir='ltr' id='par_1_14' title="bbox 326 1039 1828 1110">
     <span class='ocr_line' id='line_1_14' title="bbox 326 1039 1828 1110; baseline 0 -18"><span class='ocrx_word' id='word_1_86' title='bbox 326 1041 460 1093; x_wconf 83' lang='grc' dir='ltr'><strong>υἱοῦ</strong></span> <span class='ocrx_word' id='word_1_87' title='bbox 491 1039 680 1093; x_wconf 81' lang='grc' dir='ltr'>αὑτοῦ</span> <span class='ocrx_word' id='word_1_88' title='bbox 725 1040 1168 1108; x_wconf 67' lang='grc' dir='ltr'>τοῦῬουφίνου</span> <span class='ocrx_word' id='word_1_89' title='bbox 1201 1040 1266 1093; x_wconf 81' lang='grc'><strong>³⁹.</strong></span> <span class='ocrx_word' id='word_1_90' title='bbox 1295 1070 1361 1080; x_wconf 87' lang='grc'><strong>-</strong></span> <span class='ocrx_word' id='word_1_91' title='bbox 1392 1041 1463 1094; x_wconf 86' lang='grc' dir='ltr'><strong>Τὸ</strong></span> <span class='ocrx_word' id='word_1_92' title='bbox 1485 1041 1828 1110; x_wconf 77' lang='grc' dir='ltr'>Προοίμιον.</span> 
     </span>
    </p>
   </div>
   <div class='ocr_carea' id='block_1_15' title="bbox 333 1134 1835 1206">
    <p class='ocr_par' dir='ltr' id='par_1_15' title="bbox 333 1134 1835 1206">
     <span class='ocr_line' id='line_1_15' title="bbox 333 1134 1835 1206; baseline 0 -18"><span class='ocrx_word' id='word_1_93' title='bbox 333 1135 558 1205; x_wconf 71' lang='grc' dir='ltr'>Ἄνδρες</span> <span class='ocrx_word' id='word_1_94' title='bbox 593 1135 642 1187; x_wconf 82' lang='grc' dir='ltr'>οἰ</span> <span class='ocrx_word' id='word_1_95' title='bbox 684 1135 778 1188; x_wconf 72' lang='grc' dir='ltr'><strong>καὶ</strong></span> <span class='ocrx_word' id='word_1_96' title='bbox 833 1134 974 1197; x_wconf 83' lang='grc' dir='ltr'>Θεοῖς</span> <span class='ocrx_word' id='word_1_97' title='bbox 1025 1134 1166 1205; x_wconf 80' lang='grc' dir='ltr'>ὑπὲρ</span> <span class='ocrx_word' id='word_1_98' title='bbox 1199 1135 1355 1206; x_wconf 81' lang='grc' dir='ltr'>νίκης</span> <span class='ocrx_word' id='word_1_99' title='bbox 1403 1135 1570 1188; x_wconf 87' lang='grc' dir='ltr'>πάλαι</span> <span class='ocrx_word' id='word_1_100' title='bbox 1607 1135 1701 1188; x_wconf 75' lang='grc' dir='ltr'><strong>καὶ</strong></span> <span class='ocrx_word' id='word_1_101' title='bbox 1739 1134 1835 1188; x_wconf 82' lang='grc' dir='ltr'><strong>νῦν</strong></span> 
     </span>
    </p>
   </div>
   <div class='ocr_carea' id='block_1_16' title="bbox 267 1222 1835 1292">
    <p class='ocr_par' dir='ltr' id='par_1_16' title="bbox 267 1222 1835 1292">
     <span class='ocr_line' id='line_1_16' title="bbox 267 1222 1835 1292; baseline 0.001 -17"><span class='ocrx_word' id='word_1_102' title='bbox 267 1222 578 1292; x_wconf 84' lang='grc' dir='ltr'>Ἀθηναίοις</span> <span class='ocrx_word' id='word_1_103' title='bbox 603 1223 744 1292; x_wconf 81' lang='grc' dir='ltr'>ὑπὲρ</span> <span class='ocrx_word' id='word_1_104' title='bbox 780 1222 1092 1292; x_wconf 81' lang='grc' dir='ltr'>ἐλευθερίας</span> <span class='ocrx_word' id='word_1_105' title='bbox 1144 1223 1474 1288; x_wconf 78' lang='grc' dir='ltr'>δικάζοντες.</span> <span class='ocrx_word' id='word_1_106' title='bbox 1513 1224 1724 1278; x_wconf 81' lang='grc' dir='ltr'>Οὐκοῦν</span> <span class='ocrx_word' id='word_1_107' title='bbox 1758 1224 1835 1291; x_wconf 85' lang='grc' dir='ltr'><strong>τῷ</strong></span> 
     </span>
    </p>
   </div>
   <div class='ocr_carea' id='block_1_17' title="bbox 249 1301 1836 1387">
    <p class='ocr_par' dir='ltr' id='par_1_17' title="bbox 249 1301 1836 1387">
     <span class='ocr_line' id='line_1_17' title="bbox 249 1301 1836 1387; baseline 0.001 -20"><span class='ocrx_word' id='word_1_108' title='bbox 249 1314 409 1384; x_wconf 75' lang='grc' dir='ltr'>νόμῳ</span> <span class='ocrx_word' id='word_1_109' title='bbox 457 1301 781 1383; x_wconf 72' lang='grc' dir='ltr'>πειθόμενος</span> <span class='ocrx_word' id='word_1_110' title='bbox 826 1313 896 1366; x_wconf 83' lang='grc' dir='ltr'>τὰ</span> <span class='ocrx_word' id='word_1_111' title='bbox 933 1313 1031 1383; x_wconf 83' lang='grc' dir='ltr'>τῆς</span> <span class='ocrx_word' id='word_1_112' title='bbox 1083 1313 1273 1384; x_wconf 81' lang='grc' dir='ltr'>χρείας</span> <span class='ocrx_word' id='word_1_113' title='bbox 1313 1316 1482 1385; x_wconf 83' lang='grc' dir='ltr'>μόνης</span> <span class='ocrx_word' id='word_1_114' title='bbox 1511 1314 1836 1387; x_wconf 77' lang='grc' dir='ltr'>ζφθὲγξομαι</span> 
     </span>
    </p>
   </div>
   <div class='ocr_carea' id='block_1_18' title="bbox 253 1403 1838 1477">
    <p class='ocr_par' dir='ltr' id='par_1_18' title="bbox 253 1403 1838 1477">
     <span class='ocr_line' id='line_1_18' title="bbox 253 1403 1838 1477; baseline 0.001 -19"><span class='ocrx_word' id='word_1_115' title='bbox 253 1406 506 1475; x_wconf 77' lang='grc' dir='ltr'>ῥήματα.</span> <span class='ocrx_word' id='word_1_116' title='bbox 547 1403 688 1471; x_wconf 85' lang='grc' dir='ltr'>Ἐγὼ</span> <span class='ocrx_word' id='word_1_117' title='bbox 718 1404 808 1457; x_wconf 70' lang='grc' dir='ltr'><strong>καὶ</strong></span> <span class='ocrx_word' id='word_1_118' title='bbox 839 1406 1102 1476; x_wconf 78' lang='grc' dir='ltr'>σοφιστὴς</span> <span class='ocrx_word' id='word_1_119' title='bbox 1137 1407 1406 1476; x_wconf 79' lang='grc' dir='ltr'>ἐγενόμην</span> <span class='ocrx_word' id='word_1_120' title='bbox 1437 1407 1564 1476; x_wconf 86' lang='grc' dir='ltr'>παρ’</span> <span class='ocrx_word' id='word_1_121' title='bbox 1595 1407 1723 1477; x_wconf 86' lang='grc' dir='ltr'>ὑμῖν</span> <span class='ocrx_word' id='word_1_122' title='bbox 1743 1408 1838 1460; x_wconf 73' lang='lat' dir='ltr'><strong>mi.</strong></span> 
     </span>
    </p>
   </div>
   <div class='ocr_carea' id='block_1_19' title="bbox 253 1496 1837 1570">
    <p class='ocr_par' dir='ltr' id='par_1_19' title="bbox 253 1496 1837 1570">
     <span class='ocr_line' id='line_1_19' title="bbox 253 1496 1837 1570; baseline 0.003 -22"><span class='ocrx_word' id='word_1_123' title='bbox 253 1496 463 1566; x_wconf 84' lang='grc' dir='ltr'>πατήρ.</span> <span class='ocrx_word' id='word_1_124' title='bbox 495 1496 559 1550; x_wconf 89' lang='grc' dir='ltr'><strong>Εἰ</strong></span> <span class='ocrx_word' id='word_1_125' title='bbox 607 1497 864 1567; x_wconf 83' lang='grc' dir='ltr'>σοφιστὴς</span> <span class='ocrx_word' id='word_1_126' title='bbox 899 1496 1092 1564; x_wconf 82' lang='grc' dir='ltr'>δεξιὸς,</span> <span class='ocrx_word' id='word_1_127' title='bbox 1133 1498 1290 1568; x_wconf 85' lang='grc' dir='ltr'>ὑμεῖς</span> <span class='ocrx_word' id='word_1_128' title='bbox 1335 1498 1628 1552; x_wconf 69' lang='grc' dir='ltr'>ἐπίστασθε</span> <span class='ocrx_word' id='word_1_129' title='bbox 1652 1517 1666 1530; x_wconf 75' lang='grc' dir='ltr'><strong><em>ο</em></strong></span> <span class='ocrx_word' id='word_1_130' title='bbox 1694 1501 1837 1570; x_wconf 81' lang='grc' dir='ltr'>λέγω</span> 
     </span>
    </p>
   </div>
   <div class='ocr_carea' id='block_1_20' title="bbox 251 1588 1836 1665">
    <p class='ocr_par' dir='ltr' id='par_1_20' title="bbox 251 1588 1836 1665">
     <span class='ocr_line' id='line_1_20' title="bbox 251 1588 1836 1665; baseline 0.003 -24"><span class='ocrx_word' id='word_1_131' title='bbox 251 1589 370 1659; x_wconf 75' lang='grc' dir='ltr'>γὰρ</span> <span class='ocrx_word' id='word_1_132' title='bbox 395 1589 500 1654; x_wconf 80' lang='grc' dir='ltr'>ἀεὶ,</span> <span class='ocrx_word' id='word_1_133' title='bbox 535 1589 629 1643; x_wconf 65' lang='grc' dir='ltr'><strong>καὶ</strong></span> <span class='ocrx_word' id='word_1_134' title='bbox 659 1588 758 1660; x_wconf 82' lang='grc' dir='ltr'><strong>τὴν</strong></span> <span class='ocrx_word' id='word_1_135' title='bbox 795 1589 933 1660; x_wconf 77' lang='grc' dir='ltr'>ἐμὴν</span> <span class='ocrx_word' id='word_1_136' title='bbox 965 1589 1242 1644; x_wconf 78' lang='grc' dir='ltr'>πολιτείαν</span> <span class='ocrx_word' id='word_1_137' title='bbox 1275 1591 1388 1662; x_wconf 80' lang='grc' dir='ltr'>ἔχει</span> <span class='ocrx_word' id='word_1_138' title='bbox 1418 1591 1489 1644; x_wconf 82' lang='grc' dir='ltr'>τὰ</span> <span class='ocrx_word' id='word_1_139' title='bbox 1522 1593 1725 1665; x_wconf 85' lang='grc' dir='ltr'>θέατρα</span> <span class='ocrx_word' id='word_1_140' title='bbox 1745 1609 1759 1622; x_wconf 75' lang='grc' dir='ltr'><strong>ο</strong></span> <span class='ocrx_word' id='word_1_141' title='bbox 1788 1595 1836 1646; x_wconf 83' lang='grc' dir='ltr'><strong>εί</strong></span> 
     </span>
    </p>
   </div>
   <div class='ocr_carea' id='block_1_21' title="bbox 252 1680 1836 1756">
    <p class='ocr_par' dir='ltr' id='par_1_21' title="bbox 252 1680 1836 1756">
     <span class='ocr_line' id='line_1_21' title="bbox 252 1680 1836 1756; baseline 0.003 -22"><span class='ocrx_word' id='word_1_142' title='bbox 252 1682 444 1753; x_wconf 68' lang='grc' dir='ltr'>’πατὴρ</span> <span class='ocrx_word' id='word_1_143' title='bbox 489 1680 754 1744; x_wconf 77' lang='grc' dir='ltr'>Ἀττικὸς,</span> <span class='ocrx_word' id='word_1_144' title='bbox 791 1683 824 1752; x_wconf 86' lang='grc' dir='ltr'><strong>ή</strong></span> <span class='ocrx_word' id='word_1_145' title='bbox 863 1681 1112 1752; x_wconf 78' lang='grc' dir='ltr'>παροῦσα</span> <span class='ocrx_word' id='word_1_146' title='bbox 1143 1682 1385 1737; x_wconf 75' lang='grc' dir='ltr'>δείκνυσι</span> <span class='ocrx_word' id='word_1_147' title='bbox 1433 1685 1734 1756; x_wconf 83' lang='grc' dir='ltr'>πρόφασις·</span> <span class='ocrx_word' id='word_1_148' title='bbox 1775 1685 1836 1738; x_wconf 89' lang='grc' dir='ltr'><strong>οὐ</strong></span> 
     </span>
    </p>
   </div>
   <div class='ocr_carea' id='block_1_22' title="bbox 256 1771 1840 1846">
    <p class='ocr_par' dir='ltr' id='par_1_22' title="bbox 256 1771 1840 1846">
     <span class='ocr_line' id='line_1_22' title="bbox 256 1771 1840 1846; baseline 0.001 -20"><span class='ocrx_word' id='word_1_149' title='bbox 256 1772 371 1843; x_wconf 81' lang='grc' dir='ltr'>γὰρ</span> <span class='ocrx_word' id='word_1_150' title='bbox 404 1771 668 1841; x_wconf 78' lang='grc' dir='ltr'>ἀνέχομαι</span> <span class='ocrx_word' id='word_1_151' title='bbox 720 1771 812 1826; x_wconf 73' lang='grc' dir='ltr'>τὸν</span> <span class='ocrx_word' id='word_1_152' title='bbox 872 1773 1170 1843; x_wconf 66' lang='grc' dir='ltr'>Ἀθηναίων</span> <span class='ocrx_word' id='word_1_153' title='bbox 1219 1775 1386 1828; x_wconf 85' lang='grc' dir='ltr'>παῖδα</span> <span class='ocrx_word' id='word_1_154' title='bbox 1443 1776 1517 1846; x_wconf 87' lang='grc' dir='ltr'>μὴ</span> <span class='ocrx_word' id='word_1_155' title='bbox 1567 1793 1840 1846; x_wconf 81' lang='grc' dir='ltr'>προσαγο-</span> 
     </span>
    </p>
   </div>
   <div class='ocr_carea' id='block_1_23' title="bbox 1941 965 3519 1038">
    <p class='ocr_par' dir='ltr' id='par_1_23' title="bbox 1941 965 3519 1038">
     <span class='ocr_line' id='line_1_23' title="bbox 1941 965 3519 1038; baseline 0.001 -20"><span class='ocrx_word' id='word_1_156' title='bbox 1941 965 2026 1019; x_wconf 77' lang='lat' dir='ltr'><strong>Ea:</strong></span> <span class='ocrx_word' id='word_1_157' title='bbox 2064 967 2480 1038; x_wconf 69' lang='lat' dir='ltr'><strong>Areopagetica,</strong></span> <span class='ocrx_word' id='word_1_158' title='bbox 2535 985 2625 1020; x_wconf 72' lang='lat' dir='ltr'><strong>seu</strong></span> <span class='ocrx_word' id='word_1_159' title='bbox 2681 985 2782 1038; x_wconf 83' lang='lat' dir='ltr'><strong>qua</strong></span> <span class='ocrx_word' id='word_1_160' title='bbox 2835 966 3082 1038; x_wconf 69' lang='lat' dir='ltr'><strong>Ruﬁnum</strong></span> <span class='ocrx_word' id='word_1_161' title='bbox 3136 968 3304 1035; x_wconf 76' lang='lat' dir='ltr'><strong>ﬁlium</strong></span> <span class='ocrx_word' id='word_1_162' title='bbox 3365 985 3519 1020; x_wconf 76' lang='lat' dir='ltr'><strong>suum</strong></span> 
     </span>
    </p>
   </div>
   <div class='ocr_carea' id='block_1_24' title="bbox 2078 1036 3358 1090">
    <p class='ocr_par' dir='ltr' id='par_1_24' title="bbox 2078 1036 3358 1090">
     <span class='ocr_line' id='line_1_24' title="bbox 2078 1036 3358 1090; baseline 0.001 -2"><span class='ocrx_word' id='word_1_163' title='bbox 2078 1036 2283 1090; x_wconf 79' lang='lat' dir='ltr'><strong>liberali</strong></span> <span class='ocrx_word' id='word_1_164' title='bbox 2329 1054 2493 1089; x_wconf 79' lang='lat' dir='ltr'><strong>causa</strong></span> <span class='ocrx_word' id='word_1_165' title='bbox 2530 1036 2918 1090; x_wconf 51' lang='lat' dir='ltr'><strong>manu&#39;asserit.</strong></span> <span class='ocrx_word' id='word_1_166' title='bbox 2942 1066 3010 1077; x_wconf 93' lang='lat'><em>-</em></span> <span class='ocrx_word' id='word_1_167' title='bbox 3039 1036 3358 1090; x_wconf 74' lang='lat' dir='ltr'><strong>l’roa-mium</strong></span> 
     </span>
    </p>
   </div>
   <div class='ocr_carea' id='block_1_25' title="bbox 2013 1126 3518 1197">
    <p class='ocr_par' dir='ltr' id='par_1_25' title="bbox 2013 1126 3518 1197">
     <span class='ocr_line' id='line_1_25' title="bbox 2013 1126 3518 1197; baseline 0.001 -16"><span class='ocrx_word' id='word_1_168' title='bbox 2013 1126 2126 1182; x_wconf 75' lang='lat' dir='ltr'><strong>Viri</strong></span> <span class='ocrx_word' id='word_1_169' title='bbox 2164 1129 2254 1197; x_wconf 91' lang='lat' dir='ltr'><strong>qui</strong></span> <span class='ocrx_word' id='word_1_170' title='bbox 2298 1128 2426 1183; x_wconf 89' lang='lat' dir='ltr'><strong>olim</strong></span> <span class='ocrx_word' id='word_1_171' title='bbox 2471 1129 2536 1183; x_wconf 91' lang='lat' dir='ltr'><strong>de</strong></span> <span class='ocrx_word' id='word_1_172' title='bbox 2569 1130 2810 1185; x_wconf 84' lang='lat' dir='ltr'><strong>victoriis</strong></span> <span class='ocrx_word' id='word_1_173' title='bbox 2845 1145 2964 1184; x_wconf 90' lang='lat' dir='ltr'><strong>cum</strong></span> <span class='ocrx_word' id='word_1_174' title='bbox 2996 1129 3101 1183; x_wconf 85' lang='lat' dir='ltr'><strong>diis</strong></span> <span class='ocrx_word' id='word_1_175' title='bbox 3134 1129 3518 1193; x_wconf 85' lang='lat' dir='ltr'><strong>deccrtabatis,</strong></span> 
     </span>
    </p>
   </div>
   <div class='ocr_carea' id='block_1_26' title="bbox 1937 1216 3520 1286">
    <p class='ocr_par' dir='ltr' id='par_1_26' title="bbox 1937 1216 3520 1286">
     <span class='ocr_line' id='line_1_26' title="bbox 1937 1216 3520 1286; baseline -0.002 -17"><span class='ocrx_word' id='word_1_176' title='bbox 1937 1222 1992 1269; x_wconf 84' lang='lat' dir='ltr'><strong>et</strong></span> <span class='ocrx_word' id='word_1_177' title='bbox 2025 1231 2167 1270; x_wconf 87' lang='lat' dir='ltr'><strong>nunc</strong></span> <span class='ocrx_word' id='word_1_178' title='bbox 2196 1231 2317 1269; x_wconf 91' lang='lat' dir='ltr'><strong>cum</strong></span> <span class='ocrx_word' id='word_1_179' title='bbox 2356 1216 2781 1271; x_wconf 89' lang='lat' dir='ltr'><strong>Atheniensibus</strong></span> <span class='ocrx_word' id='word_1_180' title='bbox 2830 1216 2894 1270; x_wconf 88' lang='lat' dir='ltr'><strong>de</strong></span> <span class='ocrx_word' id='word_1_181' title='bbox 2941 1216 3211 1271; x_wconf 73' lang='lat' dir='ltr'><strong>libertate.</strong></span> <span class='ocrx_word' id='word_1_182' title='bbox 3246 1216 3413 1286; x_wconf 81' lang='lat' dir='ltr'><strong>Igitur</strong></span> <span class='ocrx_word' id='word_1_183' title='bbox 3443 1217 3520 1268; x_wconf 76' lang='lat' dir='ltr'><strong>lc-</strong></span> 
     </span>
    </p>
   </div>
   <div class='ocr_carea' id='block_1_27' title="bbox 1938 1305 3518 1376">
    <p class='ocr_par' dir='ltr' id='par_1_27' title="bbox 1938 1305 3518 1376">
     <span class='ocr_line' id='line_1_27' title="bbox 1938 1305 3518 1376; baseline -0.001 -16"><span class='ocrx_word' id='word_1_184' title='bbox 1938 1306 2095 1376; x_wconf 78' lang='lat' dir='ltr'><strong>gibus</strong></span> <span class='ocrx_word' id='word_1_185' title='bbox 2123 1308 2507 1376; x_wconf 79' lang='lat' dir='ltr'><strong>obtemperans</strong></span> <span class='ocrx_word' id='word_1_186' title='bbox 2551 1322 2612 1360; x_wconf 90' lang='lat' dir='ltr'><strong>ea</strong></span> <span class='ocrx_word' id='word_1_187' title='bbox 2645 1305 2818 1361; x_wconf 90' lang='lat' dir='ltr'><strong>solum</strong></span> <span class='ocrx_word' id='word_1_188' title='bbox 2858 1306 2999 1373; x_wconf 84' lang='lat' dir='ltr'><strong>dico,</strong></span> <span class='ocrx_word' id='word_1_189' title='bbox 3028 1323 3146 1375; x_wconf 60' lang='lat' dir='ltr'><strong>quae</strong></span> <span class='ocrx_word' id='word_1_190' title='bbox 3189 1307 3518 1360; x_wconf 82' lang='lat' dir='ltr'><strong>necessaria.</strong></span> 
     </span>
    </p>
   </div>
   <div class='ocr_carea' id='block_1_28' title="bbox 1940 1395 3518 1466">
    <p class='ocr_par' dir='ltr' id='par_1_28' title="bbox 1940 1395 3518 1466">
     <span class='ocr_line' id='line_1_28' title="bbox 1940 1395 3518 1466; baseline 0.001 -18"><span class='ocrx_word' id='word_1_191' title='bbox 1940 1395 2049 1464; x_wconf 78' lang='lat' dir='ltr'><strong>Ego</strong></span> <span class='ocrx_word' id='word_1_192' title='bbox 2093 1404 2150 1450; x_wconf 91' lang='lat' dir='ltr'><strong>et</strong></span> <span class='ocrx_word' id='word_1_193' title='bbox 2185 1406 2339 1466; x_wconf 89' lang='lat' dir='ltr'><strong>pater</strong></span> <span class='ocrx_word' id='word_1_194' title='bbox 2371 1397 2510 1466; x_wconf 87' lang='lat' dir='ltr'><strong>apud</strong></span> <span class='ocrx_word' id='word_1_195' title='bbox 2565 1412 2660 1451; x_wconf 77' lang='lat' dir='ltr'><strong>vos</strong></span> <span class='ocrx_word' id='word_1_196' title='bbox 2710 1397 2964 1466; x_wconf 59' lang='lat' dir='ltr'><strong>sophista:</strong></span> <span class='ocrx_word' id='word_1_197' title='bbox 3008 1397 3227 1461; x_wconf 81' lang='lat' dir='ltr'><strong>fuimus,</strong></span> <span class='ocrx_word' id='word_1_198' title='bbox 3291 1405 3344 1450; x_wconf 91' lang='lat' dir='ltr'><strong>et</strong></span> <span class='ocrx_word' id='word_1_199' title='bbox 3393 1413 3518 1449; x_wconf 88' lang='lat' dir='ltr'><strong>num</strong></span> 
     </span>
    </p>
   </div>
   <div class='ocr_carea' id='block_1_29' title="bbox 1939 1486 3525 1557">
    <p class='ocr_par' dir='ltr' id='par_1_29' title="bbox 1939 1486 3525 1557">
     <span class='ocr_line' id='line_1_29' title="bbox 1939 1486 3525 1557; baseline -0.003 -17"><span class='ocrx_word' id='word_1_200' title='bbox 1939 1496 2165 1555; x_wconf 80' lang='lat' dir='ltr'><strong>argutus</strong></span> <span class='ocrx_word' id='word_1_201' title='bbox 2227 1487 2445 1553; x_wconf 85' lang='lat' dir='ltr'><strong>fuerim,</strong></span> <span class='ocrx_word' id='word_1_202' title='bbox 2486 1502 2581 1543; x_wconf 85' lang='lat' dir='ltr'><strong>vos</strong></span> <span class='ocrx_word' id='word_1_203' title='bbox 2642 1487 2870 1542; x_wconf 79' lang='lat' dir='ltr'><strong>novistis</strong></span> <span class='ocrx_word' id='word_1_204' title='bbox 2927 1486 3049 1557; x_wconf 89' lang='lat' dir='ltr'><strong>(hoc</strong></span> <span class='ocrx_word' id='word_1_205' title='bbox 3087 1488 3230 1541; x_wconf 90' lang='lat' dir='ltr'><strong>enim</strong></span> <span class='ocrx_word' id='word_1_206' title='bbox 3272 1488 3525 1555; x_wconf 78' lang='lat' dir='ltr'><strong>frequen-</strong></span> 
     </span>
    </p>
   </div>
   <div class='ocr_carea' id='block_1_30' title="bbox 1942 1575 3521 1650">
    <p class='ocr_par' dir='ltr' id='par_1_30' title="bbox 1942 1575 3521 1650">
     <span class='ocr_line' id='line_1_30' title="bbox 1942 1575 3521 1650; baseline 0 -22"><span class='ocrx_word' id='word_1_207' title='bbox 1942 1585 2023 1629; x_wconf 91' lang='lat' dir='ltr'><strong>ter</strong></span> <span class='ocrx_word' id='word_1_208' title='bbox 2053 1592 2283 1645; x_wconf 84' lang='lat' dir='ltr'><strong>usurpo,</strong></span> <span class='ocrx_word' id='word_1_209' title='bbox 2313 1584 2366 1631; x_wconf 90' lang='lat' dir='ltr'><strong>et</strong></span> <span class='ocrx_word' id='word_1_210' title='bbox 2400 1593 2574 1632; x_wconf 89' lang='lat' dir='ltr'><strong>meam</strong></span> <span class='ocrx_word' id='word_1_211' title='bbox 2605 1577 2998 1631; x_wconf 88' lang='lat' dir='ltr'><strong>institutionem</strong></span> <span class='ocrx_word' id='word_1_212' title='bbox 3035 1577 3245 1630; x_wconf 87' lang='lat' dir='ltr'><strong>theatra</strong></span> <span class='ocrx_word' id='word_1_213' title='bbox 3287 1575 3521 1650; x_wconf 79' lang='lat' dir='ltr'><strong>loquun-</strong></span> 
     </span>
    </p>
   </div>
   <div class='ocr_carea' id='block_1_31' title="bbox 1947 1667 3516 1737">
    <p class='ocr_par' dir='ltr' id='par_1_31' title="bbox 1947 1667 3516 1737">
     <span class='ocr_line' id='line_1_31' title="bbox 1947 1667 3516 1737; baseline -0.001 -18"><span class='ocrx_word' id='word_1_214' title='bbox 1947 1667 2054 1737; x_wconf 86' lang='lat' dir='ltr'><strong>tur)</strong></span> <span class='ocrx_word' id='word_1_215' title='bbox 2087 1684 2210 1721; x_wconf 90' lang='lat' dir='ltr'><strong>num</strong></span> <span class='ocrx_word' id='word_1_216' title='bbox 2245 1669 2455 1722; x_wconf 89' lang='lat' dir='ltr'><strong>Atticus</strong></span> <span class='ocrx_word' id='word_1_217' title='bbox 2485 1678 2636 1736; x_wconf 89' lang='lat' dir='ltr'><strong>pater</strong></span> <span class='ocrx_word' id='word_1_218' title='bbox 2667 1668 2851 1730; x_wconf 83' lang='lat' dir='ltr'><strong>fuerit,</strong></span> <span class='ocrx_word' id='word_1_219' title='bbox 2885 1668 3000 1722; x_wconf 76' lang='lat' dir='ltr'><strong>lucc</strong></span> <span class='ocrx_word' id='word_1_220' title='bbox 3041 1667 3280 1722; x_wconf 88' lang='lat' dir='ltr'><strong>declarat</strong></span> <span class='ocrx_word' id='word_1_221' title='bbox 3320 1667 3516 1720; x_wconf 86' lang='lat' dir='ltr'><strong>oratio.</strong></span> 
     </span>
    </p>
   </div>
   <div class='ocr_carea' id='block_1_32' title="bbox 1944 1757 3516 1814">
    <p class='ocr_par' dir='ltr' id='par_1_32' title="bbox 1944 1757 3516 1814">
     <span class='ocr_line' id='line_1_32' title="bbox 1944 1757 3516 1814; baseline 0 -3"><span class='ocrx_word' id='word_1_222' title='bbox 1944 1757 2077 1811; x_wconf 82' lang='lat' dir='ltr'><strong>Nolo</strong></span> <span class='ocrx_word' id='word_1_223' title='bbox 2136 1759 2279 1813; x_wconf 89' lang='lat' dir='ltr'><strong>enim</strong></span> <span class='ocrx_word' id='word_1_224' title='bbox 2341 1760 2756 1814; x_wconf 80' lang='lat' dir='ltr'><strong>Atheniensium</strong></span> <span class='ocrx_word' id='word_1_225' title='bbox 2825 1759 3063 1813; x_wconf 84' lang='lat' dir='ltr'><strong>sobolem</strong></span> <span class='ocrx_word' id='word_1_226' title='bbox 3129 1759 3350 1812; x_wconf 86' lang='lat' dir='ltr'><strong>liberam</strong></span> <span class='ocrx_word' id='word_1_227' title='bbox 3411 1773 3516 1811; x_wconf 86' lang='lat' dir='ltr'><strong>non</strong></span> 
     </span>
    </p>
   </div>
   <div class='ocr_carea' id='block_1_33' title="bbox 258 1847 1834 1936">
    <p class='ocr_par' dir='ltr' id='par_1_33' title="bbox 258 1861 1834 1936">
     <span class='ocr_line' id='line_1_33' title="bbox 258 1861 1834 1936; baseline 0.002 -21"><span class='ocrx_word' id='word_1_228' title='bbox 258 1861 442 1934; x_wconf 83' lang='grc' dir='ltr'>ρεύειν</span> <span class='ocrx_word' id='word_1_229' title='bbox 487 1861 792 1932; x_wconf 77' lang='grc' dir='ltr'>ἐλεύθερον.</span> <span class='ocrx_word' id='word_1_230' title='bbox 833 1863 1080 1917; x_wconf 76' lang='grc' dir='ltr'>Πιστεύω</span> <span class='ocrx_word' id='word_1_231' title='bbox 1109 1863 1202 1916; x_wconf 71' lang='grc' dir='ltr'><strong>καὶ</strong></span> <span class='ocrx_word' id='word_1_232' title='bbox 1240 1865 1345 1936; x_wconf 67' lang='grc' dir='ltr'><strong>προ</strong></span> <span class='ocrx_word' id='word_1_233' title='bbox 1371 1866 1514 1934; x_wconf 72' lang='grc' dir='ltr'>ἥϐης</span> <span class='ocrx_word' id='word_1_234' title='bbox 1545 1866 1644 1936; x_wconf 72' lang='grc' dir='ltr'><strong>τὴν</strong></span> <span class='ocrx_word' id='word_1_235' title='bbox 1688 1867 1834 1918; x_wconf 83' lang='grc' dir='ltr'>ἐλευ-</span> 
     </span>
    </p>
   </div>
   <div class='ocr_carea' id='block_1_34' title="bbox 1942 1847 3520 1936">
    <p class='ocr_par' dir='ltr' id='par_1_34' title="bbox 1943 1847 3520 1920">
     <span class='ocr_line' id='line_1_34' title="bbox 1943 1847 3520 1920; baseline -0.003 -18"><span class='ocrx_word' id='word_1_236' title='bbox 1943 1850 2236 1919; x_wconf 87' lang='lat' dir='ltr'><strong>appellare.</strong></span> <span class='ocrx_word' id='word_1_237' title='bbox 2274 1849 2603 1904; x_wconf 88' lang='lat' dir='ltr'><strong>Libertatem</strong></span> <span class='ocrx_word' id='word_1_238' title='bbox 2634 1851 2797 1904; x_wconf 89' lang='lat' dir='ltr'><strong>etiam</strong></span> <span class='ocrx_word' id='word_1_239' title='bbox 2850 1859 2976 1904; x_wconf 88' lang='lat' dir='ltr'><strong>ante</strong></span> <span class='ocrx_word' id='word_1_240' title='bbox 3023 1849 3364 1920; x_wconf 84' lang='lat' dir='ltr'><strong>pubertatem</strong></span> <span class='ocrx_word' id='word_1_241' title='bbox 3411 1847 3520 1901; x_wconf 74' lang='lat' dir='ltr'><strong>litin</strong></span> 
     </span>
    </p>
   </div>
   <div class='ocr_carea' id='block_1_35' title="bbox 256 1954 1837 2027">
    <p class='ocr_par' dir='ltr' id='par_1_35' title="bbox 256 1954 1837 2027">
     <span class='ocr_line' id='line_1_35' title="bbox 256 1954 1837 2027; baseline 0.002 -19"><span class='ocrx_word' id='word_1_242' title='bbox 256 1955 452 2027; x_wconf 79' lang='grc' dir='ltr'>θερίαν</span> <span class='ocrx_word' id='word_1_243' title='bbox 479 1954 556 2025; x_wconf 86' lang='grc' dir='ltr'><strong>τῷ</strong></span> <span class='ocrx_word' id='word_1_244' title='bbox 594 1954 766 2008; x_wconf 87' lang='grc' dir='ltr'>παιδί.</span> <span class='ocrx_word' id='word_1_245' title='bbox 807 1955 967 2024; x_wconf 84' lang='grc' dir='ltr'>Ἐμός</span> <span class='ocrx_word' id='word_1_246' title='bbox 998 1958 1167 2023; x_wconf 83' lang='grc' dir='ltr'>ἐστιν,</span> <span class='ocrx_word' id='word_1_247' title='bbox 1221 1955 1503 2027; x_wconf 75' lang='grc' dir='ltr'>Ἀθηναῖός</span> <span class='ocrx_word' id='word_1_248' title='bbox 1555 1959 1692 2021; x_wconf 84' lang='grc' dir='ltr'>ἐστι,</span> <span class='ocrx_word' id='word_1_249' title='bbox 1740 1958 1837 2011; x_wconf 85' lang='grc' dir='ltr'>πό-</span> 
     </span>
    </p>
   </div>
   <div class='ocr_carea' id='block_1_36' title="bbox 255 2045 1836 2120">
    <p class='ocr_par' dir='ltr' id='par_1_36' title="bbox 255 2045 1836 2120">
     <span class='ocr_line' id='line_1_36' title="bbox 255 2045 1836 2120; baseline 0.003 -22"><span class='ocrx_word' id='word_1_250' title='bbox 255 2045 396 2109; x_wconf 76' lang='grc' dir='ltr'>λεως</span> <span class='ocrx_word' id='word_1_251' title='bbox 427 2047 520 2099; x_wconf 71' lang='grc' dir='ltr'><strong>καὶ</strong></span> <span class='ocrx_word' id='word_1_252' title='bbox 551 2046 714 2099; x_wconf 82' lang='grc' dir='ltr'>πλέον</span> <span class='ocrx_word' id='word_1_253' title='bbox 742 2045 992 2117; x_wconf 81' lang='grc' dir='ltr'>τιμώσης</span> <span class='ocrx_word' id='word_1_254' title='bbox 1031 2048 1094 2101; x_wconf 78' lang='grc' dir='ltr'>τὸ</span> <span class='ocrx_word' id='word_1_255' title='bbox 1125 2048 1304 2101; x_wconf 84' lang='grc' dir='ltr'>κοινὸν</span> <span class='ocrx_word' id='word_1_256' title='bbox 1350 2049 1529 2119; x_wconf 83' lang='grc' dir='ltr'>γῆρας</span> <span class='ocrx_word' id='word_1_257' title='bbox 1558 2049 1591 2120; x_wconf 86' lang='grc' dir='ltr'>ἢ</span> <span class='ocrx_word' id='word_1_258' title='bbox 1637 2051 1697 2102; x_wconf 81' lang='grc' dir='ltr'><strong>τὸ</strong></span> <span class='ocrx_word' id='word_1_259' title='bbox 1727 2049 1836 2102; x_wconf 83' lang='grc' dir='ltr'>τῶν</span> 
     </span>
    </p>
   </div>
   <div class='ocr_carea' id='block_1_37' title="bbox 256 2126 1836 2207">
    <p class='ocr_par' dir='ltr' id='par_1_37' title="bbox 256 2126 1836 2207">
     <span class='ocr_line' id='line_1_37' title="bbox 256 2126 1836 2207; baseline 0.005 -23"><span class='ocrx_word' id='word_1_260' title='bbox 256 2131 510 2203; x_wconf 68' lang='grc' dir='ltr'>πατέρων</span> <span class='ocrx_word' id='word_1_261' title='bbox 543 2132 741 2200; x_wconf 75' lang='grc' dir='ltr'>ἕτεροι.</span> <span class='ocrx_word' id='word_1_262' title='bbox 775 2126 943 2197; x_wconf 76' lang='grc' dir='ltr'>Οὗτός</span> <span class='ocrx_word' id='word_1_263' title='bbox 974 2136 1120 2188; x_wconf 77' lang='grc' dir='ltr'>ἐστιν</span> <span class='ocrx_word' id='word_1_264' title='bbox 1163 2137 1228 2189; x_wconf 83' lang='grc' dir='ltr'>ἐκ</span> <span class='ocrx_word' id='word_1_265' title='bbox 1269 2136 1637 2207; x_wconf 83' lang='grc' dir='ltr'>Πλουτάρχου,</span> <span class='ocrx_word' id='word_1_266' title='bbox 1675 2139 1742 2192; x_wconf 88' lang='grc' dir='ltr'>δι’</span> <span class='ocrx_word' id='word_1_267' title='bbox 1775 2131 1836 2192; x_wconf 71' lang='grc' dir='ltr'>οὗ</span> 
     </span>
    </p>
   </div>
   <div class='ocr_carea' id='block_1_38' title="bbox 253 2219 1834 2294">
    <p class='ocr_par' dir='ltr' id='par_1_38' title="bbox 253 2219 1834 2294">
     <span class='ocr_line' id='line_1_38' title="bbox 253 2219 1834 2294; baseline 0.004 -18"><span class='ocrx_word' id='word_1_268' title='bbox 253 2225 468 2286; x_wconf 74' lang='grc' dir='ltr'>πάντας</span> <span class='ocrx_word' id='word_1_269' title='bbox 496 2225 653 2294; x_wconf 87' lang='grc' dir='ltr'>ὑμεῖς</span> <span class='ocrx_word' id='word_1_270' title='bbox 699 2225 983 2279; x_wconf 77' lang='grc' dir='ltr'>παιδεύετε</span> <span class='ocrx_word' id='word_1_271' title='bbox 1006 2243 1020 2256; x_wconf 75' lang='grc'><strong>⁸</strong></span> <span class='ocrx_word' id='word_1_272' title='bbox 1056 2219 1211 2290; x_wconf 71' lang='grc' dir='ltr'>οὗτος</span> <span class='ocrx_word' id='word_1_273' title='bbox 1244 2229 1308 2280; x_wconf 82' lang='grc' dir='ltr'>ἐκ</span> <span class='ocrx_word' id='word_1_274' title='bbox 1345 2229 1709 2283; x_wconf 83' lang='grc' dir='ltr'>Μινουκιανοῦ</span> <span class='ocrx_word' id='word_1_275' title='bbox 1740 2229 1834 2282; x_wconf 79' lang='grc' dir='ltr'>τοῦ</span> 
     </span>
    </p>
   </div>
   <div class='ocr_carea' id='block_1_39' title="bbox 249 2313 1834 2390">
    <p class='ocr_par' dir='ltr' id='par_1_39' title="bbox 249 2313 1834 2390">
     <span class='ocr_line' id='line_1_39' title="bbox 249 2313 1834 2390; baseline 0.004 -23"><span class='ocrx_word' id='word_1_276' title='bbox 249 2313 344 2368; x_wconf 79' lang='grc' dir='ltr'>διὰ</span> <span class='ocrx_word' id='word_1_277' title='bbox 369 2315 472 2384; x_wconf 80' lang='grc' dir='ltr'>τῆς</span> <span class='ocrx_word' id='word_1_278' title='bbox 503 2315 698 2369; x_wconf 83' lang='grc' dir='ltr'>ἑαυτοῦ</span> <span class='ocrx_word' id='word_1_279' title='bbox 741 2318 924 2387; x_wconf 80' lang='grc' dir='ltr'>φωνῆς</span> <span class='ocrx_word' id='word_1_280' title='bbox 972 2318 1200 2382; x_wconf 80' lang='grc' dir='ltr'>πολλοὺς</span> <span class='ocrx_word' id='word_1_281' title='bbox 1231 2319 1492 2382; x_wconf 82' lang='grc' dir='ltr'>πολλάκις</span> <span class='ocrx_word' id='word_1_282' title='bbox 1533 2319 1834 2390; x_wconf 80' lang='grc' dir='ltr'>ἐλευθερὼ-</span> 
     </span>
    </p>
   </div>
   <div class='ocr_carea' id='block_1_40' title="bbox 252 2406 1838 2481">
    <p class='ocr_par' dir='ltr' id='par_1_40' title="bbox 252 2406 1838 2481">
     <span class='ocr_line' id='line_1_40' title="bbox 252 2406 1838 2481; baseline 0.004 -23"><span class='ocrx_word' id='word_1_283' title='bbox 252 2424 469 2468; x_wconf 81' lang='grc' dir='ltr'>σαντος.</span> <span class='ocrx_word' id='word_1_284' title='bbox 502 2406 605 2459; x_wconf 80' lang='grc' dir='ltr'>Τὸν</span> <span class='ocrx_word' id='word_1_285' title='bbox 637 2409 700 2460; x_wconf 82' lang='grc' dir='ltr'><strong>ὲκ</strong></span> <span class='ocrx_word' id='word_1_286' title='bbox 745 2408 1055 2480; x_wconf 82' lang='grc' dir='ltr'>Νικαγόρου</span> <span class='ocrx_word' id='word_1_287' title='bbox 1089 2411 1442 2481; x_wconf 81' lang='grc' dir='ltr'>προσήγαγον</span> <span class='ocrx_word' id='word_1_288' title='bbox 1478 2411 1627 2480; x_wconf 79' lang='grc' dir='ltr'>ὑμῖν,</span> <span class='ocrx_word' id='word_1_289' title='bbox 1659 2412 1750 2464; x_wconf 70' lang='grc' dir='ltr'>τὸν</span> <span class='ocrx_word' id='word_1_290' title='bbox 1777 2411 1838 2477; x_wconf 76' lang='grc' dir='ltr'>ἐξ</span> 
     </span>
    </p>
   </div>
   <div class='ocr_carea' id='block_1_41' title="bbox 253 2496 1834 2570">
    <p class='ocr_par' dir='ltr' id='par_1_41' title="bbox 253 2496 1834 2570">
     <span class='ocr_line' id='line_1_41' title="bbox 253 2496 1834 2570; baseline 0.007 -23"><span class='ocrx_word' id='word_1_291' title='bbox 253 2496 521 2566; x_wconf 77' lang='grc' dir='ltr'>ἐμαυτοῦ.</span> <span class='ocrx_word' id='word_1_292' title='bbox 568 2498 843 2565; x_wconf 81' lang='grc' dir='ltr'>Σοφιστῶν</span> <span class='ocrx_word' id='word_1_293' title='bbox 878 2499 1005 2570; x_wconf 87' lang='grc' dir='ltr'>ὑμῖν</span> <span class='ocrx_word' id='word_1_294' title='bbox 1039 2502 1130 2554; x_wconf 73' lang='grc' dir='ltr'><strong>καὶ</strong></span> <span class='ocrx_word' id='word_1_295' title='bbox 1154 2501 1457 2570; x_wconf 82' lang='grc' dir='ltr'>φιλοσόφων</span> <span class='ocrx_word' id='word_1_296' title='bbox 1486 2502 1629 2570; x_wconf 79' lang='grc' dir='ltr'>λέγω</span> <span class='ocrx_word' id='word_1_297' title='bbox 1665 2504 1834 2558; x_wconf 86' lang='grc' dir='ltr'>κατά-</span> 
     </span>
    </p>
   </div>
   <div class='ocr_carea' id='block_1_42' title="bbox 251 2590 1836 2665">
    <p class='ocr_par' dir='ltr' id='par_1_42' title="bbox 251 2590 1836 2665">
     <span class='ocr_line' id='line_1_42' title="bbox 251 2590 1836 2665; baseline 0.001 -23"><span class='ocrx_word' id='word_1_298' title='bbox 251 2590 432 2660; x_wconf 77' lang='grc' dir='ltr'>λογον,</span> <span class='ocrx_word' id='word_1_299' title='bbox 471 2590 724 2662; x_wconf 72' lang='grc' dir='ltr'>Ἀττικὴν</span> <span class='ocrx_word' id='word_1_300' title='bbox 771 2591 939 2654; x_wconf 77' lang='grc' dir='ltr'>ὅντως</span> <span class='ocrx_word' id='word_1_301' title='bbox 982 2593 1281 2661; x_wconf 82' lang='grc' dir='ltr'>εὐγένειαν.</span> <span class='ocrx_word' id='word_1_302' title='bbox 1325 2596 1536 2665; x_wconf 78' lang='grc' dir='ltr'>’Λφῆκα</span> <span class='ocrx_word' id='word_1_303' title='bbox 1580 2595 1836 2661; x_wconf 78' lang='grc' dir='ltr'>πολλάκις</span> 
     </span>
    </p>
   </div>
   <div class='ocr_carea' id='block_1_43' title="bbox 253 2682 1832 2758">
    <p class='ocr_par' dir='ltr' id='par_1_43' title="bbox 253 2682 1832 2758">
     <span class='ocr_line' id='line_1_43' title="bbox 253 2682 1832 2758; baseline 0.004 -23"><span class='ocrx_word' id='word_1_304' title='bbox 253 2683 352 2744; x_wconf 77' lang='grc' dir='ltr'>τὰς</span> <span class='ocrx_word' id='word_1_305' title='bbox 381 2682 476 2735; x_wconf 80' lang='grc' dir='ltr'>τοῦ</span> <span class='ocrx_word' id='word_1_306' title='bbox 513 2684 765 2752; x_wconf 76' lang='grc' dir='ltr'>σοφιστοῦ</span> <span class='ocrx_word' id='word_1_307' title='bbox 791 2685 997 2753; x_wconf 85' lang='grc' dir='ltr'>φωνὰς,</span> <span class='ocrx_word' id='word_1_308' title='bbox 1017 2685 1111 2739; x_wconf 77' lang='grc' dir='ltr'>νῦν</span> <span class='ocrx_word' id='word_1_309' title='bbox 1131 2687 1231 2750; x_wconf 80' lang='grc' dir='ltr'>τὰς</span> <span class='ocrx_word' id='word_1_310' title='bbox 1260 2685 1353 2740; x_wconf 81' lang='grc' dir='ltr'>τοῦ</span> <span class='ocrx_word' id='word_1_311' title='bbox 1385 2688 1590 2758; x_wconf 77' lang='grc' dir='ltr'>πατρὸς</span> <span class='ocrx_word' id='word_1_312' title='bbox 1609 2689 1832 2758; x_wconf 79' lang='grc' dir='ltr'>ἀφίημι.</span> 
     </span>
    </p>
   </div>
   <div class='ocr_carea' id='block_1_44' title="bbox 266 2773 1835 2846">
    <p class='ocr_par' dir='ltr' id='par_1_44' title="bbox 266 2773 1835 2846">
     <span class='ocr_line' id='line_1_44' title="bbox 266 2773 1835 2846; baseline 0.003 -19"><span class='ocrx_word' id='word_1_313' title='bbox 266 2773 539 2828; x_wconf 81' lang='grc' dir='ltr'>Ἐδώκατὲ</span> <span class='ocrx_word' id='word_1_314' title='bbox 591 2792 680 2844; x_wconf 85' lang='grc' dir='ltr'><strong>μοι</strong></span> <span class='ocrx_word' id='word_1_315' title='bbox 732 2776 896 2828; x_wconf 81' lang='grc' dir='ltr'>παϊδα</span> <span class='ocrx_word' id='word_1_316' title='bbox 950 2777 1016 2830; x_wconf 83' lang='grc' dir='ltr'>δι’</span> <span class='ocrx_word' id='word_1_317' title='bbox 1070 2778 1317 2832; x_wconf 85' lang='grc' dir='ltr'>Ἀττικοῦ</span> <span class='ocrx_word' id='word_1_318' title='bbox 1370 2779 1594 2846; x_wconf 75' lang='grc' dir='ltr'>γένουςο</span> <span class='ocrx_word' id='word_1_319' title='bbox 1641 2780 1835 2833; x_wconf 74' lang='grc' dir='ltr'>λάϐετε</span> 
     </span>
    </p>
   </div>
   <div class='ocr_carea' id='block_1_45' title="bbox 250 2864 1832 2941">
    <p class='ocr_par' dir='ltr' id='par_1_45' title="bbox 250 2864 1832 2941">
     <span class='ocr_line' id='line_1_45' title="bbox 250 2864 1832 2941; baseline 0.004 -23"><span class='ocrx_word' id='word_1_320' title='bbox 250 2864 441 2918; x_wconf 78' lang='grc' dir='ltr'>τοῦτον</span> <span class='ocrx_word' id='word_1_321' title='bbox 470 2866 565 2919; x_wconf 73' lang='grc' dir='ltr'><strong>καὶ</strong></span> <span class='ocrx_word' id='word_1_322' title='bbox 588 2865 677 2918; x_wconf 82' lang='grc' dir='ltr'>διὰ</span> <span class='ocrx_word' id='word_1_323' title='bbox 701 2868 800 2936; x_wconf 85' lang='grc' dir='ltr'><strong>τῆς</strong></span> <span class='ocrx_word' id='word_1_324' title='bbox 824 2867 1008 2938; x_wconf 74' lang='grc' dir='ltr'>ψήφου</span> <span class='ocrx_word' id='word_1_325' title='bbox 1030 2868 1073 2900; x_wconf 67' lang='grc' dir='ltr'><strong>ἰθ</strong></span> <span class='ocrx_word' id='word_1_326' title='bbox 1095 2869 1193 2939; x_wconf 84' lang='grc' dir='ltr'>τῆς</span> <span class='ocrx_word' id='word_1_327' title='bbox 1224 2870 1498 2940; x_wconf 83' lang='grc' dir='ltr'>ὑμετέρας</span> <span class='ocrx_word' id='word_1_328' title='bbox 1527 2869 1832 2941; x_wconf 84' lang='grc' dir='ltr'>ἐλεύθερον.</span> 
     </span>
    </p>
   </div>
   <div class='ocr_carea' id='block_1_46' title="bbox 251 2958 1834 3031">
    <p class='ocr_par' dir='ltr' id='par_1_46' title="bbox 251 2958 1834 3031">
     <span class='ocr_line' id='line_1_46' title="bbox 251 2958 1834 3031; baseline 0.002 -20"><span class='ocrx_word' id='word_1_329' title='bbox 251 2959 465 3011; x_wconf 66' lang='grc' dir='ltr'>θὺκοῦν</span> <span class='ocrx_word' id='word_1_330' title='bbox 511 2958 678 3028; x_wconf 78' lang='grc' dir='ltr'>ἄφετέ</span> <span class='ocrx_word' id='word_1_331' title='bbox 710 2976 799 3029; x_wconf 88' lang='grc' dir='ltr'><strong>μοι</strong></span> <span class='ocrx_word' id='word_1_332' title='bbox 829 2962 896 3030; x_wconf 83' lang='grc' dir='ltr'>τῇ</span> <span class='ocrx_word' id='word_1_333' title='bbox 948 2959 1114 3031; x_wconf 71' lang='grc' dir='ltr'>ψήφῳ</span> <span class='ocrx_word' id='word_1_334' title='bbox 1149 2961 1240 3014; x_wconf 69' lang='grc' dir='ltr'>τὶν</span> <span class='ocrx_word' id='word_1_335' title='bbox 1294 2963 1481 3024; x_wconf 78' lang='grc' dir='ltr'>παῖδα,</span> <span class='ocrx_word' id='word_1_336' title='bbox 1515 2963 1610 3014; x_wconf 70' lang='grc' dir='ltr'><strong>καὶ</strong></span> <span class='ocrx_word' id='word_1_337' title='bbox 1652 2962 1834 3031; x_wconf 78' lang='grc' dir='ltr'>φωνὴν</span> 
     </span>
    </p>
   </div>
   <div class='ocr_carea' id='block_1_47' title="bbox 249 3049 1834 3122">
    <p class='ocr_par' dir='ltr' id='par_1_47' title="bbox 249 3049 1834 3122">
     <span class='ocr_line' id='line_1_47' title="bbox 249 3049 1834 3122; baseline 0.001 -20"><span class='ocrx_word' id='word_1_338' title='bbox 249 3049 564 3120; x_wconf 68' lang='grc' dir='ltr'>ἐλευθέριον</span> <span class='ocrx_word' id='word_1_339' title='bbox 619 3051 1056 3120; x_wconf 80' lang='grc' dir='ltr'>συνεπηχήσατε,</span> <span class='ocrx_word' id='word_1_340' title='bbox 1090 3051 1176 3104; x_wconf 81' lang='grc' dir='ltr'>ἵνα</span> <span class='ocrx_word' id='word_1_341' title='bbox 1225 3051 1300 3114; x_wconf 87' lang='grc' dir='ltr'>ὡς</span> <span class='ocrx_word' id='word_1_342' title='bbox 1343 3052 1626 3122; x_wconf 86' lang='grc' dir='ltr'>Ἀθηναῖος</span> <span class='ocrx_word' id='word_1_343' title='bbox 1685 3052 1834 3122; x_wconf 79' lang='grc' dir='ltr'>(ἴσον</span> 
     </span>
    </p>
   </div>
   <div class='ocr_carea' id='block_1_48' title="bbox 247 3140 1832 3215">
    <p class='ocr_par' dir='ltr' id='par_1_48' title="bbox 247 3140 1832 3215">
     <span class='ocr_line' id='line_1_48' title="bbox 247 3140 1832 3215; baseline 0.001 -21"><span class='ocrx_word' id='word_1_344' title='bbox 247 3143 363 3212; x_wconf 79' lang='grc' dir='ltr'><strong>γὰρ</strong></span> <span class='ocrx_word' id='word_1_345' title='bbox 414 3142 588 3194; x_wconf 79' lang='grc' dir='ltr'>εἰπεῖν</span> <span class='ocrx_word' id='word_1_346' title='bbox 625 3140 932 3212; x_wconf 82' lang='grc' dir='ltr'>ἐλεύθερος)</span> <span class='ocrx_word' id='word_1_347' title='bbox 994 3141 1090 3194; x_wconf 78' lang='grc' dir='ltr'><strong>καὶ</strong></span> <span class='ocrx_word' id='word_1_348' title='bbox 1137 3141 1271 3212; x_wconf 85' lang='grc' dir='ltr'>λέγῃ</span> <span class='ocrx_word' id='word_1_349' title='bbox 1321 3144 1413 3195; x_wconf 74' lang='grc' dir='ltr'><strong>καὶ</strong></span> <span class='ocrx_word' id='word_1_350' title='bbox 1461 3143 1647 3215; x_wconf 76' lang='grc' dir='ltr'>γράφῃ</span> <span class='ocrx_word' id='word_1_351' title='bbox 1701 3145 1832 3215; x_wconf 84' lang='grc' dir='ltr'>παρ’</span> 
     </span>
    </p>
   </div>
   <div class='ocr_carea' id='block_1_49' title="bbox 248 3231 1654 3305">
    <p class='ocr_par' dir='ltr' id='par_1_49' title="bbox 248 3231 1654 3305">
     <span class='ocr_line' id='line_1_49' title="bbox 248 3231 1654 3305; baseline 0.002 -19"><span class='ocrx_word' id='word_1_352' title='bbox 248 3234 404 3305; x_wconf 72' lang='grc' dir='ltr'>ὑμῖν,</span> <span class='ocrx_word' id='word_1_353' title='bbox 439 3233 542 3287; x_wconf 82' lang='grc' dir='ltr'>κᾶν</span> <span class='ocrx_word' id='word_1_354' title='bbox 563 3233 611 3285; x_wconf 84' lang='grc' dir='ltr'>οἱ</span> <span class='ocrx_word' id='word_1_355' title='bbox 651 3232 764 3285; x_wconf 77' lang='grc' dir='ltr'>θεοὶ</span> <span class='ocrx_word' id='word_1_356' title='bbox 802 3231 1125 3304; x_wconf 82' lang='grc' dir='ltr'>βούλωνται,</span> <span class='ocrx_word' id='word_1_357' title='bbox 1158 3234 1251 3287; x_wconf 75' lang='grc' dir='ltr'>καὶ</span> <span class='ocrx_word' id='word_1_358' title='bbox 1280 3234 1654 3305; x_wconf 71' lang='grc' dir='ltr'>πολιτεύηται.</span> 
     </span>
    </p>
   </div>
   <div class='ocr_carea' id='block_1_50' title="bbox 245 3388 1836 3464">
    <p class='ocr_par' dir='ltr' id='par_1_50' title="bbox 245 3388 1836 3464">
     <span class='ocr_line' id='line_1_50' title="bbox 245 3388 1836 3464; baseline 0.003 -20"><span class='ocrx_word' id='word_1_359' title='bbox 245 3389 416 3464; x_wconf 71' lang='grc'><strong>[1112</strong></span> <span class='ocrx_word' id='word_1_360' title='bbox 444 3389 551 3464; x_wconf 82' lang='lat' dir='ltr'><strong>R.]_</strong></span> <span class='ocrx_word' id='word_1_361' title='bbox 579 3388 682 3464; x_wconf 71' lang='grc' dir='ltr'><strong>Ἐκ</strong></span> <span class='ocrx_word' id='word_1_362' title='bbox 715 3388 828 3464; x_wconf 55' lang='grc' dir='ltr'>τῆς</span> <span class='ocrx_word' id='word_1_363' title='bbox 876 3389 1178 3464; x_wconf 75' lang='grc' dir='ltr'>μονῳδίας</span> <span class='ocrx_word' id='word_1_364' title='bbox 1221 3391 1333 3464; x_wconf 67' lang='grc' dir='ltr'>τῆς</span> <span class='ocrx_word' id='word_1_365' title='bbox 1368 3395 1456 3460; x_wconf 82' lang='grc' dir='ltr'>εἷς</span> <span class='ocrx_word' id='word_1_366' title='bbox 1496 3393 1604 3447; x_wconf 78' lang='grc' dir='ltr'><strong>τὸν</strong></span> <span class='ocrx_word' id='word_1_367' title='bbox 1647 3393 1836 3448; x_wconf 77' lang='grc' dir='ltr'>αὐτὸν·</span> 
     </span>
    </p>
   </div>
   <div class='ocr_carea' id='block_1_51' title="bbox 466 3459 1618 3532">
    <p class='ocr_par' dir='ltr' id='par_1_51' title="bbox 466 3459 1618 3532">
     <span class='ocr_line' id='line_1_51' title="bbox 466 3459 1618 3532; baseline 0.003 -18"><span class='ocrx_word' id='word_1_368' title='bbox 466 3459 601 3515; x_wconf 61' lang='lat' dir='ltr'><strong>vid?</strong></span> <span class='ocrx_word' id='word_1_369' title='bbox 627 3459 673 3491; x_wconf 74' lang='lat'>“</span> <span class='ocrx_word' id='word_1_370' title='bbox 714 3460 1054 3528; x_wconf 67' lang='grc' dir='ltr'>Ῥουφῖνον.</span> <span class='ocrx_word' id='word_1_371' title='bbox 1082 3492 1150 3502; x_wconf 91' lang='grc'><strong><em>-</em></strong></span> <span class='ocrx_word' id='word_1_372' title='bbox 1174 3461 1243 3515; x_wconf 87' lang='grc' dir='ltr'><strong>Τὸ</strong></span> <span class='ocrx_word' id='word_1_373' title='bbox 1285 3459 1618 3532; x_wconf 74' lang='grc' dir='ltr'>Προοίμιον.</span> 
     </span>
    </p>
   </div>
   <div class='ocr_carea' id='block_1_52' title="bbox 337 3550 1831 3625">
    <p class='ocr_par' dir='ltr' id='par_1_52' title="bbox 337 3550 1831 3625">
     <span class='ocr_line' id='line_1_52' title="bbox 337 3550 1831 3625; baseline 0.004 -21"><span class='ocrx_word' id='word_1_374' title='bbox 337 3550 536 3605; x_wconf 83' lang='grc' dir='ltr'>’Λδικῶ</span> <span class='ocrx_word' id='word_1_375' title='bbox 561 3551 658 3621; x_wconf 81' lang='grc' dir='ltr'><strong>μὲν</strong></span> <span class='ocrx_word' id='word_1_376' title='bbox 685 3551 822 3615; x_wconf 84' lang='grc' dir='ltr'>ὅλως</span> <span class='ocrx_word' id='word_1_377' title='bbox 851 3551 1222 3623; x_wconf 83' lang='grc' dir='ltr'>φθεγγόμενος</span> <span class='ocrx_word' id='word_1_378' title='bbox 1251 3553 1529 3624; x_wconf 84' lang='grc' dir='ltr'>Ῥουφίνου</span> <span class='ocrx_word' id='word_1_379' title='bbox 1557 3557 1831 3625; x_wconf 86' lang='grc' dir='ltr'>κειμένου,</span> 
     </span>
    </p>
   </div>
   <div class='ocr_carea' id='block_1_53' title="bbox 245 3642 1835 3718">
    <p class='ocr_par' dir='ltr' id='par_1_53' title="bbox 245 3642 1835 3718">
     <span class='ocr_line' id='line_1_53' title="bbox 245 3642 1835 3718; baseline 0.003 -22"><span class='ocrx_word' id='word_1_380' title='bbox 245 3642 396 3715; x_wconf 83' lang='grc' dir='ltr'>πλὴν</span> <span class='ocrx_word' id='word_1_381' title='bbox 439 3645 489 3696; x_wconf 83' lang='grc' dir='ltr'>εἰ</span> <span class='ocrx_word' id='word_1_382' title='bbox 521 3643 566 3674; x_wconf 67' lang='grc' dir='ltr'>δ’</span> <span class='ocrx_word' id='word_1_383' title='bbox 600 3643 678 3714; x_wconf 80' lang='grc' dir='ltr'>τῷ</span> <span class='ocrx_word' id='word_1_384' title='bbox 727 3643 940 3714; x_wconf 82' lang='grc' dir='ltr'>δαίμονι</span> <span class='ocrx_word' id='word_1_385' title='bbox 984 3642 1297 3716; x_wconf 77' lang='grc' dir='ltr'>τετήρημαι</span> <span class='ocrx_word' id='word_1_386' title='bbox 1334 3654 1471 3717; x_wconf 81' lang='grc' dir='ltr'>πρὸς</span> <span class='ocrx_word' id='word_1_387' title='bbox 1526 3646 1694 3716; x_wconf 87' lang='grc' dir='ltr'>μόνην</span> <span class='ocrx_word' id='word_1_388' title='bbox 1737 3647 1835 3718; x_wconf 84' lang='grc' dir='ltr'>τὴν</span> 
     </span>
    </p>
   </div>
   <div class='ocr_carea' id='block_1_54' title="bbox 247 3733 1834 3808">
    <p class='ocr_par' dir='ltr' id='par_1_54' title="bbox 247 3733 1834 3808">
     <span class='ocr_line' id='line_1_54' title="bbox 247 3733 1834 3808; baseline 0.002 -20"><span class='ocrx_word' id='word_1_389' title='bbox 247 3733 526 3806; x_wconf 85' lang='grc' dir='ltr'>μονῳδίαν</span> <span class='ocrx_word' id='word_1_390' title='bbox 548 3734 640 3788; x_wconf 80' lang='grc' dir='ltr'>τοῦ</span> <span class='ocrx_word' id='word_1_391' title='bbox 671 3734 968 3805; x_wconf 82' lang='grc' dir='ltr'>δράματος.</span> <span class='ocrx_word' id='word_1_392' title='bbox 996 3735 1305 3807; x_wconf 76' lang='grc' dir='ltr'>Φθέγξομαί</span> <span class='ocrx_word' id='word_1_393' title='bbox 1333 3755 1398 3805; x_wconf 92' lang='grc' dir='ltr'><strong>γε</strong></span> <span class='ocrx_word' id='word_1_394' title='bbox 1427 3737 1574 3807; x_wconf 83' lang='grc' dir='ltr'>ὅμως</span> <span class='ocrx_word' id='word_1_395' title='bbox 1593 3751 1608 3767; x_wconf 87' lang='grc'>⁶</span> <span class='ocrx_word' id='word_1_396' title='bbox 1643 3738 1703 3790; x_wconf 81' lang='grc' dir='ltr'><strong>οὑ</strong></span> <span class='ocrx_word' id='word_1_397' title='bbox 1726 3739 1834 3808; x_wconf 89' lang='grc' dir='ltr'><strong>γάρ</strong></span> 
     </span>
    </p>
   </div>
   <div class='ocr_carea' id='block_1_55' title="bbox 247 3824 1836 3898">
    <p class='ocr_par' dir='ltr' id='par_1_55' title="bbox 247 3824 1836 3898">
     <span class='ocr_line' id='line_1_55' title="bbox 247 3824 1836 3898; baseline 0.002 -20"><span class='ocrx_word' id='word_1_398' title='bbox 247 3842 348 3895; x_wconf 88' lang='grc' dir='ltr'><strong>μοι</strong></span> <span class='ocrx_word' id='word_1_399' title='bbox 375 3824 532 3894; x_wconf 80' lang='grc' dir='ltr'>θέμις</span> <span class='ocrx_word' id='word_1_400' title='bbox 560 3825 635 3896; x_wconf 82' lang='grc' dir='ltr'>μὴ</span> <span class='ocrx_word' id='word_1_401' title='bbox 675 3825 770 3878; x_wconf 74' lang='grc' dir='ltr'>καὶ</span> <span class='ocrx_word' id='word_1_402' title='bbox 795 3825 939 3896; x_wconf 85' lang='grc' dir='ltr'>λόγῳ</span> <span class='ocrx_word' id='word_1_403' title='bbox 979 3827 1248 3898; x_wconf 81' lang='grc' dir='ltr'>θρηνῆσαι</span> <span class='ocrx_word' id='word_1_404' title='bbox 1276 3827 1367 3880; x_wconf 86' lang='grc' dir='ltr'><strong>τὸν</strong></span> <span class='ocrx_word' id='word_1_405' title='bbox 1409 3827 1588 3880; x_wconf 77' lang='grc' dir='ltr'>αὐτῶν</span> <span class='ocrx_word' id='word_1_406' title='bbox 1618 3827 1724 3881; x_wconf 82' lang='grc' dir='ltr'><strong>τῶν</strong></span> <span class='ocrx_word' id='word_1_407' title='bbox 1748 3828 1836 3882; x_wconf 84' lang='grc' dir='ltr'>λό-</span> 
     </span>
    </p>
   </div>
   <div class='ocr_carea' id='block_1_56' title="bbox 243 3914 1835 3990">
    <p class='ocr_par' dir='ltr' id='par_1_56' title="bbox 243 3914 1835 3990">
     <span class='ocr_line' id='line_1_56' title="bbox 243 3914 1835 3990; baseline 0.001 -20"><span class='ocrx_word' id='word_1_408' title='bbox 243 3933 368 3984; x_wconf 87' lang='grc' dir='ltr'><strong>γων</strong></span> <span class='ocrx_word' id='word_1_409' title='bbox 399 3915 640 3984; x_wconf 73' lang='grc' dir='ltr'>ἔκγονον.</span> <span class='ocrx_word' id='word_1_410' title='bbox 683 3914 940 3984; x_wconf 85' lang='grc' dir='ltr'>Ἢγνόουν</span> <span class='ocrx_word' id='word_1_411' title='bbox 982 3918 1038 3971; x_wconf 84' lang='grc' dir='ltr'>δὲ</span> <span class='ocrx_word' id='word_1_412' title='bbox 1069 3919 1179 3990; x_wconf 79' lang='grc' dir='ltr'>ἄρα</span> <span class='ocrx_word' id='word_1_413' title='bbox 1225 3920 1254 3971; x_wconf 84' lang='grc' dir='ltr'>ὁ</span> <span class='ocrx_word' id='word_1_414' title='bbox 1295 3918 1528 3983; x_wconf 84' lang='grc' dir='ltr'>δείλαιος</span> <span class='ocrx_word' id='word_1_415' title='bbox 1565 3918 1686 3972; x_wconf 68' lang='grc' dir='ltr'>ἀντὶ</span> <span class='ocrx_word' id='word_1_416' title='bbox 1737 3919 1835 3988; x_wconf 84' lang='grc' dir='ltr'><strong>μὲν</strong></span> 
     </span>
    </p>
   </div>
   <div class='ocr_carea' id='block_1_57' title="bbox 241 4011 1836 4085">
    <p class='ocr_par' dir='ltr' id='par_1_57' title="bbox 241 4011 1836 4085">
     <span class='ocr_line' id='line_1_57' title="bbox 241 4011 1836 4085; baseline 0.001 -21"><span class='ocrx_word' id='word_1_417' title='bbox 241 4011 496 4082; x_wconf 81' lang='grc' dir='ltr'>λουτρῶν</span> <span class='ocrx_word' id='word_1_418' title='bbox 526 4012 751 4076; x_wconf 82' lang='grc' dir='ltr'>ἀνιστάς</span> <span class='ocrx_word' id='word_1_419' title='bbox 805 4029 889 4066; x_wconf 92' lang='grc' dir='ltr'><strong>σοι</strong></span> <span class='ocrx_word' id='word_1_420' title='bbox 932 4012 1170 4082; x_wconf 86' lang='grc' dir='ltr'>τάφους,</span> <span class='ocrx_word' id='word_1_421' title='bbox 1204 4014 1326 4068; x_wconf 77' lang='grc' dir='ltr'>ἀντὶ</span> <span class='ocrx_word' id='word_1_422' title='bbox 1369 4014 1426 4067; x_wconf 83' lang='grc' dir='ltr'><strong>δὲ</strong></span> <span class='ocrx_word' id='word_1_423' title='bbox 1469 4014 1657 4068; x_wconf 84' lang='grc' dir='ltr'>οίκιῶν</span> <span class='ocrx_word' id='word_1_424' title='bbox 1698 4013 1836 4085; x_wconf 85' lang='grc' dir='ltr'>τύμ-</span> 
     </span>
    </p>
   </div>
   <div class='ocr_carea' id='block_1_58' title="bbox 244 4100 1834 4175">
    <p class='ocr_par' dir='ltr' id='par_1_58' title="bbox 244 4100 1834 4175">
     <span class='ocr_line' id='line_1_58' title="bbox 244 4100 1834 4175; baseline 0.001 -19"><span class='ocrx_word' id='word_1_425' title='bbox 244 4103 384 4164; x_wconf 74' lang='grc' dir='ltr'>ϐους</span> <span class='ocrx_word' id='word_1_426' title='bbox 418 4101 512 4156; x_wconf 60' lang='grc' dir='ltr'><strong>καὶ⁹</strong></span> <span class='ocrx_word' id='word_1_427' title='bbox 540 4100 791 4172; x_wconf 83' lang='grc' dir='ltr'>χώματα,</span> <span class='ocrx_word' id='word_1_428' title='bbox 821 4104 944 4157; x_wconf 72' lang='grc' dir='ltr'>ἀντὶ</span> <span class='ocrx_word' id='word_1_429' title='bbox 968 4103 1025 4157; x_wconf 84' lang='grc' dir='ltr'>δὲ</span> <span class='ocrx_word' id='word_1_430' title='bbox 1071 4104 1308 4158; x_wconf 80' lang='grc' dir='ltr'>πλούτου</span> <span class='ocrx_word' id='word_1_431' title='bbox 1341 4105 1438 4158; x_wconf 77' lang='grc' dir='ltr'>καὶ</span> <span class='ocrx_word' id='word_1_432' title='bbox 1472 4104 1656 4175; x_wconf 82' lang='grc' dir='ltr'>χλιδῆς</span> <span class='ocrx_word' id='word_1_433' title='bbox 1703 4122 1834 4175; x_wconf 72' lang='grc' dir='ltr'>τρασ</span> 
     </span>
    </p>
   </div>
   <div class='ocr_carea' id='block_1_59' title="bbox 241 4192 1838 4265">
    <p class='ocr_par' dir='ltr' id='par_1_59' title="bbox 241 4192 1838 4265">
     <span class='ocr_line' id='line_1_59' title="bbox 241 4192 1838 4265; baseline 0.001 -20"><span class='ocrx_word' id='word_1_434' title='bbox 241 4193 530 4262; x_wconf 79' lang='grc' dir='ltr'>γικώτατα</span> <span class='ocrx_word' id='word_1_435' title='bbox 563 4192 711 4264; x_wconf 85' lang='grc' dir='ltr'>δῶρα</span> <span class='ocrx_word' id='word_1_436' title='bbox 737 4193 844 4247; x_wconf 80' lang='grc' dir='ltr'>τῶν</span> <span class='ocrx_word' id='word_1_437' title='bbox 896 4195 952 4247; x_wconf 82' lang='grc' dir='ltr'>ὲν</span> <span class='ocrx_word' id='word_1_438' title='bbox 978 4193 1319 4265; x_wconf 85' lang='grc' dir='ltr'>ἀνθρώποις,</span> <span class='ocrx_word' id='word_1_439' title='bbox 1353 4194 1601 4262; x_wconf 72' lang='grc' dir='ltr'>ἐντάφια.</span> <span class='ocrx_word' id='word_1_440' title='bbox 1640 4194 1838 4264; x_wconf 82' lang='grc' dir='ltr'>Ἐδημ-</span> 
     </span>
    </p>
   </div>
   <div class='ocr_carea' id='block_1_60' title="bbox 241 4283 1832 4356">
    <p class='ocr_par' dir='ltr' id='par_1_60' title="bbox 241 4283 1832 4356">
     <span class='ocr_line' id='line_1_60' title="bbox 241 4283 1832 4356; baseline 0.001 -21"><span class='ocrx_word' id='word_1_441' title='bbox 241 4283 488 4352; x_wconf 80' lang='grc' dir='ltr'>αγώγεις</span> <span class='ocrx_word' id='word_1_442' title='bbox 540 4283 666 4355; x_wconf 77' lang='grc' dir='ltr'>ἄρτι</span> <span class='ocrx_word' id='word_1_443' title='bbox 714 4283 783 4338; x_wconf 70' lang='grc' dir='ltr'>τὰ</span> <span class='ocrx_word' id='word_1_444' title='bbox 837 4283 984 4356; x_wconf 78' lang='lat'><strong>[595</strong></span> <span class='ocrx_word' id='word_1_445' title='bbox 1038 4284 1153 4356; x_wconf 88' lang='lat' dir='ltr'><strong>H.]</strong></span> <span class='ocrx_word' id='word_1_446' title='bbox 1204 4285 1395 4354; x_wconf 77' lang='grc' dir='ltr'>πρῶτα</span> <span class='ocrx_word' id='word_1_447' title='bbox 1444 4284 1832 4354; x_wconf 74' lang='grc' dir='ltr'>φθεγγόμενος,</span> 
     </span>
    </p>
   </div>
   <div class='ocr_carea' id='block_1_61' title="bbox 242 4376 1835 4447">
    <p class='ocr_par' dir='ltr' id='par_1_61' title="bbox 242 4376 1835 4447">
     <span class='ocr_line' id='line_1_61' title="bbox 242 4376 1835 4447; baseline 0.001 -19"><span class='ocrx_word' id='word_1_448' title='bbox 242 4376 527 4446; x_wconf 84' lang='grc' dir='ltr'>ἁνήρτησο</span> <span class='ocrx_word' id='word_1_449' title='bbox 586 4377 767 4430; x_wconf 82' lang='grc' dir='ltr'>πᾶσαν</span> <span class='ocrx_word' id='word_1_450' title='bbox 826 4377 923 4447; x_wconf 82' lang='grc' dir='ltr'>τὴν</span> <span class='ocrx_word' id='word_1_451' title='bbox 963 4376 1055 4446; x_wconf 84' lang='grc' dir='ltr'>ὑφ’</span> <span class='ocrx_word' id='word_1_452' title='bbox 1106 4377 1259 4444; x_wconf 78' lang='grc' dir='ltr'>ἥλιον</span> <span class='ocrx_word' id='word_1_453' title='bbox 1287 4379 1401 4440; x_wconf 87' lang='grc' dir='ltr'>τοῖς</span> <span class='ocrx_word' id='word_1_454' title='bbox 1468 4377 1704 4447; x_wconf 86' lang='grc' dir='ltr'>ἀσήμοις</span> <span class='ocrx_word' id='word_1_455' title='bbox 1755 4377 1835 4430; x_wconf 80' lang='grc' dir='ltr'>ἔτι</span> 
     </span>
    </p>
   </div>
   <div class='ocr_carea' id='block_1_62' title="bbox 241 4465 1836 4538">
    <p class='ocr_par' dir='ltr' id='par_1_62' title="bbox 241 4465 1836 4538">
     <span class='ocr_line' id='line_1_62' title="bbox 241 4465 1836 4538; baseline 0 -17"><span class='ocrx_word' id='word_1_456' title='bbox 241 4465 617 4536; x_wconf 82' lang='grc' dir='ltr'>κνυζήμασιν.</span> <span class='ocrx_word' id='word_1_457' title='bbox 654 4465 880 4520; x_wconf 85' lang='grc' dir='ltr'>Ἔπειθε</span> <span class='ocrx_word' id='word_1_458' title='bbox 923 4467 1218 4537; x_wconf 84' lang='grc' dir='ltr'>Περικλῆς,</span> <span class='ocrx_word' id='word_1_459' title='bbox 1249 4466 1384 4520; x_wconf 84' lang='grc' dir='ltr'>ἀλλὰ</span> <span class='ocrx_word' id='word_1_460' title='bbox 1433 4467 1572 4538; x_wconf 84' lang='grc' dir='ltr'>μετὰ</span> <span class='ocrx_word' id='word_1_461' title='bbox 1609 4468 1836 4532; x_wconf 81' lang='grc' dir='ltr'>Ἀναξα-</span> 
     </span>
    </p>
   </div>
   <div class='ocr_carea' id='block_1_63' title="bbox 1941 1940 3519 2007">
    <p class='ocr_par' dir='ltr' id='par_1_63' title="bbox 1941 1940 3519 2007">
     <span class='ocr_line' id='line_1_63' title="bbox 1941 1940 3519 2007; baseline -0.003 -12"><span class='ocrx_word' id='word_1_462' title='bbox 1941 1941 2242 1995; x_wconf 84' lang='lat' dir='ltr'><strong>committo.</strong></span> <span class='ocrx_word' id='word_1_463' title='bbox 2286 1940 2434 1996; x_wconf 86' lang='lat' dir='ltr'><strong>Meus</strong></span> <span class='ocrx_word' id='word_1_464' title='bbox 2478 1950 2581 2006; x_wconf 88' lang='lat' dir='ltr'><strong>est,</strong></span> <span class='ocrx_word' id='word_1_465' title='bbox 2635 1941 2980 1995; x_wconf 78' lang='lat' dir='ltr'><strong>Atheniensis</strong></span> <span class='ocrx_word' id='word_1_466' title='bbox 3033 1951 3140 2007; x_wconf 85' lang='lat' dir='ltr'><strong>est,</strong></span> <span class='ocrx_word' id='word_1_467' title='bbox 3190 1941 3386 1993; x_wconf 87' lang='lat' dir='ltr'><strong>donum</strong></span> <span class='ocrx_word' id='word_1_468' title='bbox 3437 1946 3519 1992; x_wconf 89' lang='lat' dir='ltr'><strong>est</strong></span> 
     </span>
    </p>
   </div>
   <div class='ocr_carea' id='block_1_64' title="bbox 1942 2027 3515 2098">
    <p class='ocr_par' dir='ltr' id='par_1_64' title="bbox 1942 2027 3515 2098">
     <span class='ocr_line' id='line_1_64' title="bbox 1942 2027 3515 2098; baseline -0.002 -18"><span class='ocrx_word' id='word_1_469' title='bbox 1942 2027 2216 2096; x_wconf 89' lang='lat' dir='ltr'><strong>publicum</strong></span> <span class='ocrx_word' id='word_1_470' title='bbox 2249 2030 2457 2082; x_wconf 90' lang='lat' dir='ltr'><strong>civitati</strong></span> <span class='ocrx_word' id='word_1_471' title='bbox 2497 2029 2618 2098; x_wconf 90' lang='lat' dir='ltr'><strong>plus</strong></span> <span class='ocrx_word' id='word_1_472' title='bbox 2655 2031 2865 2084; x_wconf 61' lang='lat' dir='ltr'><strong>caeteris</strong></span> <span class='ocrx_word' id='word_1_473' title='bbox 2903 2032 3198 2085; x_wconf 67' lang='lat' dir='ltr'><strong>honoratae.</strong></span> <span class='ocrx_word' id='word_1_474' title='bbox 3243 2028 3340 2083; x_wconf 93' lang='lat' dir='ltr'><strong>llic</strong></span> <span class='ocrx_word' id='word_1_475' title='bbox 3374 2028 3515 2082; x_wconf 88' lang='lat' dir='ltr'><strong>enim</strong></span> 
     </span>
    </p>
   </div>
   <div class='ocr_carea' id='block_1_65' title="bbox 1937 2117 3518 2188">
    <p class='ocr_par' dir='ltr' id='par_1_65' title="bbox 1937 2117 3518 2188">
     <span class='ocr_line' id='line_1_65' title="bbox 1937 2117 3518 2188; baseline -0.003 -18"><span class='ocrx_word' id='word_1_476' title='bbox 1937 2126 2022 2171; x_wconf 90' lang='lat' dir='ltr'><strong>est</strong></span> <span class='ocrx_word' id='word_1_477' title='bbox 2063 2117 2363 2182; x_wconf 84' lang='lat' dir='ltr'><strong>Plutarchi,</strong></span> <span class='ocrx_word' id='word_1_478' title='bbox 2414 2133 2520 2187; x_wconf 90' lang='lat' dir='ltr'><strong>quo</strong></span> <span class='ocrx_word' id='word_1_479' title='bbox 2582 2135 2679 2175; x_wconf 82' lang='lat' dir='ltr'><strong>vos</strong></span> <span class='ocrx_word' id='word_1_480' title='bbox 2731 2135 2916 2172; x_wconf 86' lang='lat' dir='ltr'><strong>omnes</strong></span> <span class='ocrx_word' id='word_1_481' title='bbox 2970 2120 3228 2188; x_wconf 77' lang='lat' dir='ltr'><strong>magistro</strong></span> <span class='ocrx_word' id='word_1_482' title='bbox 3281 2117 3518 2172; x_wconf 72' lang='lat' dir='ltr'><strong>utimini.</strong></span> 
     </span>
    </p>
   </div>
   <div class='ocr_carea' id='block_1_66' title="bbox 1939 2207 3520 2280">
    <p class='ocr_par' dir='ltr' id='par_1_66' title="bbox 1939 2207 3520 2280">
     <span class='ocr_line' id='line_1_66' title="bbox 1939 2207 3520 2280; baseline -0.001 -20"><span class='ocrx_word' id='word_1_483' title='bbox 1939 2207 2027 2261; x_wconf 91' lang='lat' dir='ltr'><strong>hic</strong></span> <span class='ocrx_word' id='word_1_484' title='bbox 2060 2207 2378 2275; x_wconf 78' lang='lat' dir='ltr'><strong>Minuciani,</strong></span> <span class='ocrx_word' id='word_1_485' title='bbox 2411 2209 2502 2278; x_wconf 89' lang='lat' dir='ltr'><strong>qui</strong></span> <span class='ocrx_word' id='word_1_486' title='bbox 2549 2225 2646 2264; x_wconf 91' lang='lat' dir='ltr'><strong>sua</strong></span> <span class='ocrx_word' id='word_1_487' title='bbox 2694 2226 2824 2263; x_wconf 84' lang='lat' dir='ltr'><strong>voce</strong></span> <span class='ocrx_word' id='word_1_488' title='bbox 2869 2208 3060 2280; x_wconf 79' lang='lat' dir='ltr'><strong>365b</strong></span> <span class='ocrx_word' id='word_1_489' title='bbox 3098 2211 3356 2279; x_wconf 90' lang='lat' dir='ltr'><strong>plurimos</strong></span> <span class='ocrx_word' id='word_1_490' title='bbox 3399 2223 3520 2277; x_wconf 89' lang='lat' dir='ltr'><strong>per-</strong></span> 
     </span>
    </p>
   </div>
   <div class='ocr_carea' id='block_1_67' title="bbox 1937 2297 3519 2370">
    <p class='ocr_par' dir='ltr' id='par_1_67' title="bbox 1937 2297 3519 2370">
     <span class='ocr_line' id='line_1_67' title="bbox 1937 2297 3519 2370; baseline -0.002 -16"><span class='ocrx_word' id='word_1_491' title='bbox 1937 2315 2082 2369; x_wconf 57' lang='lat' dir='ltr'><strong>saepe</strong></span> <span class='ocrx_word' id='word_1_492' title='bbox 2131 2300 2333 2354; x_wconf 82' lang='lat' dir='ltr'><strong>liberos</strong></span> <span class='ocrx_word' id='word_1_493' title='bbox 2390 2299 2536 2367; x_wconf 80' lang='lat' dir='ltr'><strong>fecit,</strong></span> <span class='ocrx_word' id='word_1_494' title='bbox 2597 2302 2742 2355; x_wconf 90' lang='lat' dir='ltr'><strong>hunc</strong></span> <span class='ocrx_word' id='word_1_495' title='bbox 2808 2299 3087 2370; x_wconf 69' lang='lat' dir='ltr'><strong>Nicagorze</strong></span> <span class='ocrx_word' id='word_1_496' title='bbox 3145 2301 3312 2353; x_wconf 86' lang='lat' dir='ltr'><strong>lilium</strong></span> <span class='ocrx_word' id='word_1_497' title='bbox 3366 2297 3519 2352; x_wconf 81' lang='lat' dir='ltr'><strong>vobis</strong></span> 
     </span>
    </p>
   </div>
   <div class='ocr_carea' id='block_1_68' title="bbox 1938 2391 3515 2461">
    <p class='ocr_par' dir='ltr' id='par_1_68' title="bbox 1938 2391 3515 2461">
     <span class='ocr_line' id='line_1_68' title="bbox 1938 2391 3515 2461; baseline -0.001 -17"><span class='ocrx_word' id='word_1_498' title='bbox 1938 2391 2299 2455; x_wconf 62' lang='lat' dir='ltr'><strong>adduximus,</strong></span> <span class='ocrx_word' id='word_1_499' title='bbox 2350 2401 2403 2446; x_wconf 91' lang='lat' dir='ltr'><strong>et</strong></span> <span class='ocrx_word' id='word_1_500' title='bbox 2454 2392 2592 2445; x_wconf 90' lang='lat' dir='ltr'><strong>hanc</strong></span> <span class='ocrx_word' id='word_1_501' title='bbox 2641 2407 2817 2446; x_wconf 88' lang='lat' dir='ltr'><strong>meam</strong></span> <span class='ocrx_word' id='word_1_502' title='bbox 2865 2393 3090 2461; x_wconf 87' lang='lat' dir='ltr'><strong>prolem.</strong></span> <span class='ocrx_word' id='word_1_503' title='bbox 3141 2391 3515 2461; x_wconf 86' lang='lat' dir='ltr'><strong>Sophistarum</strong></span> 
     </span>
    </p>
   </div>
   <div class='ocr_carea' id='block_1_69' title="bbox 1938 2482 3516 2551">
    <p class='ocr_par' dir='ltr' id='par_1_69' title="bbox 1938 2482 3516 2551">
     <span class='ocr_line' id='line_1_69' title="bbox 1938 2482 3516 2551; baseline -0.001 -16"><span class='ocrx_word' id='word_1_504' title='bbox 1938 2483 2113 2547; x_wconf 82' lang='lat' dir='ltr'><strong>vobis,</strong></span> <span class='ocrx_word' id='word_1_505' title='bbox 2171 2482 2723 2551; x_wconf 66' lang='lat' dir='ltr'><strong>plrilosolihorumqne</strong></span> <span class='ocrx_word' id='word_1_506' title='bbox 2775 2497 3030 2538; x_wconf 79' lang='lat' dir='ltr'><strong>recenseo</strong></span> <span class='ocrx_word' id='word_1_507' title='bbox 3081 2483 3302 2547; x_wconf 88' lang='lat' dir='ltr'><strong>seriem,</strong></span> <span class='ocrx_word' id='word_1_508' title='bbox 3353 2483 3516 2535; x_wconf 87' lang='lat' dir='ltr'><strong>decus</strong></span> 
     </span>
    </p>
   </div>
   <div class='ocr_carea' id='block_1_70' title="bbox 1938 2570 3515 2642">
    <p class='ocr_par' dir='ltr' id='par_1_70' title="bbox 1938 2570 3515 2642">
     <span class='ocr_line' id='line_1_70' title="bbox 1938 2570 3515 2642; baseline -0.002 -18"><span class='ocrx_word' id='word_1_509' title='bbox 1938 2585 2069 2624; x_wconf 83' lang='lat' dir='ltr'><strong>sane</strong></span> <span class='ocrx_word' id='word_1_510' title='bbox 2124 2572 2336 2625; x_wconf 66' lang='lat' dir='ltr'><strong>Atticm.</strong></span> <span class='ocrx_word' id='word_1_511' title='bbox 2395 2570 2568 2626; x_wconf 86' lang='lat' dir='ltr'><strong>Omisi</strong></span> <span class='ocrx_word' id='word_1_512' title='bbox 2625 2587 2768 2641; x_wconf 63' lang='lat' dir='ltr'><strong>saepe</strong></span> <span class='ocrx_word' id='word_1_513' title='bbox 2847 2573 3209 2642; x_wconf 83' lang='lat' dir='ltr'><strong>sophistarum</strong></span> <span class='ocrx_word' id='word_1_514' title='bbox 3261 2573 3515 2636; x_wconf 86' lang='lat' dir='ltr'><strong>nomina,</strong></span> 
     </span>
    </p>
   </div>
   <div class='ocr_carea' id='block_1_71' title="bbox 1935 2661 3513 2732">
    <p class='ocr_par' dir='ltr' id='par_1_71' title="bbox 1935 2661 3513 2732">
     <span class='ocr_line' id='line_1_71' title="bbox 1935 2661 3513 2732; baseline -0.001 -17"><span class='ocrx_word' id='word_1_515' title='bbox 1935 2677 2084 2716; x_wconf 83' lang='lat' dir='ltr'><strong>nunc</strong></span> <span class='ocrx_word' id='word_1_516' title='bbox 2128 2661 2298 2731; x_wconf 88' lang='lat' dir='ltr'><strong>patris</strong></span> <span class='ocrx_word' id='word_1_517' title='bbox 2340 2662 2550 2716; x_wconf 91' lang='lat' dir='ltr'><strong>omitto.</strong></span> <span class='ocrx_word' id='word_1_518' title='bbox 2587 2662 2821 2716; x_wconf 88' lang='lat' dir='ltr'><strong>Dedistis</strong></span> <span class='ocrx_word' id='word_1_519' title='bbox 2867 2661 3031 2715; x_wconf 81' lang='lat' dir='ltr'><strong>lilium</strong></span> <span class='ocrx_word' id='word_1_520' title='bbox 3074 2663 3228 2727; x_wconf 87' lang='lat' dir='ltr'><strong>mihi,</strong></span> <span class='ocrx_word' id='word_1_521' title='bbox 3259 2663 3513 2732; x_wconf 81' lang='lat' dir='ltr'><strong>quoniam</strong></span> 
     </span>
    </p>
   </div>
   <div class='ocr_carea' id='block_1_72' title="bbox 1937 2751 3517 2822">
    <p class='ocr_par' dir='ltr' id='par_1_72' title="bbox 1937 2751 3517 2822">
     <span class='ocr_line' id='line_1_72' title="bbox 1937 2751 3517 2822; baseline 0.001 -17"><span class='ocrx_word' id='word_1_522' title='bbox 1937 2753 2290 2806; x_wconf 86' lang='lat' dir='ltr'><strong>Atheniensis</strong></span> <span class='ocrx_word' id='word_1_523' title='bbox 2334 2762 2438 2818; x_wconf 87' lang='lat' dir='ltr'><strong>est,</strong></span> <span class='ocrx_word' id='word_1_524' title='bbox 2473 2751 2704 2820; x_wconf 83' lang='lat' dir='ltr'><strong>accipite</strong></span> <span class='ocrx_word' id='word_1_525' title='bbox 2739 2752 2853 2822; x_wconf 80' lang='lat' dir='ltr'><strong>jam</strong></span> <span class='ocrx_word' id='word_1_526' title='bbox 2893 2753 3137 2806; x_wconf 85' lang='lat' dir='ltr'><strong>eumdem</strong></span> <span class='ocrx_word' id='word_1_527' title='bbox 3175 2763 3355 2806; x_wconf 84' lang='lat' dir='ltr'><strong>vestra</strong></span> <span class='ocrx_word' id='word_1_528' title='bbox 3393 2769 3517 2806; x_wconf 86' lang='lat' dir='ltr'><strong>sen-</strong></span> 
     </span>
    </p>
   </div>
   <div class='ocr_carea' id='block_1_73' title="bbox 1939 2843 3513 2911">
    <p class='ocr_par' dir='ltr' id='par_1_73' title="bbox 1939 2843 3513 2911">
     <span class='ocr_line' id='line_1_73' title="bbox 1939 2843 3513 2911; baseline 0.002 -16"><span class='ocrx_word' id='word_1_529' title='bbox 1939 2845 2104 2897; x_wconf 88' lang='lat' dir='ltr'><strong>tentia</strong></span> <span class='ocrx_word' id='word_1_530' title='bbox 2167 2843 2418 2897; x_wconf 85' lang='lat' dir='ltr'><strong>liberttm.</strong></span> <span class='ocrx_word' id='word_1_531' title='bbox 2464 2845 2752 2898; x_wconf 89' lang='lat' dir='ltr'><strong>redditum.</strong></span> <span class='ocrx_word' id='word_1_532' title='bbox 2808 2844 2985 2911; x_wconf 83' lang='lat' dir='ltr'><strong>Quare</strong></span> <span class='ocrx_word' id='word_1_533' title='bbox 3059 2845 3312 2899; x_wconf 86' lang='lat' dir='ltr'><strong>dimittite</strong></span> <span class='ocrx_word' id='word_1_534' title='bbox 3383 2846 3513 2898; x_wconf 70' lang='lat' dir='ltr'><strong>mihi</strong></span> 
     </span>
    </p>
   </div>
   <div class='ocr_carea' id='block_1_74' title="bbox 1937 2935 3514 2999">
    <p class='ocr_par' dir='ltr' id='par_1_74' title="bbox 1937 2935 3514 2999">
     <span class='ocr_line' id='line_1_74' title="bbox 1937 2935 3514 2999; baseline 0.001 -10"><span class='ocrx_word' id='word_1_535' title='bbox 1937 2946 2122 2990; x_wconf 87' lang='lat' dir='ltr'><strong>vestro</strong></span> <span class='ocrx_word' id='word_1_536' title='bbox 2156 2937 2376 2989; x_wconf 88' lang='lat' dir='ltr'><strong>decreto</strong></span> <span class='ocrx_word' id='word_1_537' title='bbox 2418 2935 2607 2999; x_wconf 84' lang='lat' dir='ltr'><strong>lilium,</strong></span> <span class='ocrx_word' id='word_1_538' title='bbox 2637 2943 2689 2990; x_wconf 84' lang='lat' dir='ltr'><strong>et</strong></span> <span class='ocrx_word' id='word_1_539' title='bbox 2728 2936 2850 2990; x_wconf 89' lang='lat' dir='ltr'><strong>dein</strong></span> <span class='ocrx_word' id='word_1_540' title='bbox 2892 2951 3076 2990; x_wconf 85' lang='lat' dir='ltr'><strong>vocem</strong></span> <span class='ocrx_word' id='word_1_541' title='bbox 3121 2936 3265 2989; x_wconf 89' lang='lat' dir='ltr'><strong>illam</strong></span> <span class='ocrx_word' id='word_1_542' title='bbox 3314 2935 3514 2990; x_wconf 87' lang='lat' dir='ltr'><strong>libera-</strong></span> 
     </span>
    </p>
   </div>
   <div class='ocr_carea' id='block_1_75' title="bbox 1939 3026 3512 3094">
    <p class='ocr_par' dir='ltr' id='par_1_75' title="bbox 1939 3026 3512 3094">
     <span class='ocr_line' id='line_1_75' title="bbox 1939 3026 3512 3094; baseline -0.003 -12"><span class='ocrx_word' id='word_1_543' title='bbox 1939 3028 2065 3094; x_wconf 82' lang='lat' dir='ltr'><strong>lem,</strong></span> <span class='ocrx_word' id='word_1_544' title='bbox 2095 3043 2185 3081; x_wconf 89' lang='lat' dir='ltr'><strong>seu</strong></span> <span class='ocrx_word' id='word_1_545' title='bbox 2219 3028 2479 3082; x_wconf 84' lang='lat' dir='ltr'><strong>vindicias</strong></span> <span class='ocrx_word' id='word_1_546' title='bbox 2502 3027 2798 3081; x_wconf 83' lang='lat' dir='ltr'><strong>secundum</strong></span> <span class='ocrx_word' id='word_1_547' title='bbox 2827 3027 3130 3081; x_wconf 79' lang='lat' dir='ltr'><strong>libertatem</strong></span> <span class='ocrx_word' id='word_1_548' title='bbox 3158 3026 3512 3093; x_wconf 83' lang='lat' dir='ltr'><strong>acclamante,</strong></span> 
     </span>
    </p>
   </div>
   <div class='ocr_carea' id='block_1_76' title="bbox 1937 3119 3512 3190">
    <p class='ocr_par' dir='ltr' id='par_1_76' title="bbox 1937 3119 3512 3190">
     <span class='ocr_line' id='line_1_76' title="bbox 1937 3119 3512 3190; baseline -0.003 -15"><span class='ocrx_word' id='word_1_549' title='bbox 1937 3131 1998 3175; x_wconf 91' lang='lat' dir='ltr'><strong>ut</strong></span> <span class='ocrx_word' id='word_1_550' title='bbox 2050 3133 2307 3190; x_wconf 86' lang='lat' dir='ltr'><strong>tanquam</strong></span> <span class='ocrx_word' id='word_1_551' title='bbox 2354 3121 2702 3175; x_wconf 86' lang='lat' dir='ltr'><strong>Atheniensis</strong></span> <span class='ocrx_word' id='word_1_552' title='bbox 2750 3119 2913 3190; x_wconf 89' lang='lat' dir='ltr'><strong>(quod</strong></span> <span class='ocrx_word' id='word_1_553' title='bbox 2960 3128 3043 3174; x_wconf 91' lang='lat' dir='ltr'><strong>est</strong></span> <span class='ocrx_word' id='word_1_554' title='bbox 3084 3133 3147 3174; x_wconf 90' lang='lat' dir='ltr'><strong>ac</strong></span> <span class='ocrx_word' id='word_1_555' title='bbox 3193 3119 3237 3174; x_wconf 90' lang='lat' dir='ltr'><strong>si</strong></span> <span class='ocrx_word' id='word_1_556' title='bbox 3279 3119 3512 3172; x_wconf 86' lang='lat' dir='ltr'><strong>dicerem</strong></span> 
     </span>
    </p>
   </div>
   <div class='ocr_carea' id='block_1_77' title="bbox 1861 3206 3512 3280">
    <p class='ocr_par' dir='ltr' id='par_1_77' title="bbox 1861 3206 3512 3280">
     <span class='ocr_line' id='line_1_77' title="bbox 1861 3206 3512 3280; baseline -0.005 -16"><span class='ocrx_word' id='word_1_557' title='bbox 1861 3223 1904 3278; x_wconf 69' lang='grc' dir='ltr'><strong>ο</strong></span> <span class='ocrx_word' id='word_1_558' title='bbox 1939 3211 2094 3280; x_wconf 89' lang='lat' dir='ltr'><strong>liber)</strong></span> <span class='ocrx_word' id='word_1_559' title='bbox 2127 3212 2266 3280; x_wconf 86' lang='lat' dir='ltr'><strong>apud</strong></span> <span class='ocrx_word' id='word_1_560' title='bbox 2295 3225 2389 3264; x_wconf 83' lang='lat' dir='ltr'><strong>vos</strong></span> <span class='ocrx_word' id='word_1_561' title='bbox 2422 3219 2477 3264; x_wconf 91' lang='lat' dir='ltr'><strong>et</strong></span> <span class='ocrx_word' id='word_1_562' title='bbox 2507 3210 2675 3274; x_wconf 87' lang='lat' dir='ltr'><strong>dicat,</strong></span> <span class='ocrx_word' id='word_1_563' title='bbox 2706 3219 2761 3263; x_wconf 91' lang='lat' dir='ltr'><strong>et</strong></span> <span class='ocrx_word' id='word_1_564' title='bbox 2789 3209 3012 3271; x_wconf 85' lang='lat' dir='ltr'><strong>scribat,</strong></span> <span class='ocrx_word' id='word_1_565' title='bbox 3040 3216 3113 3271; x_wconf 88' lang='lat' dir='ltr'><strong>et,</strong></span> <span class='ocrx_word' id='word_1_566' title='bbox 3145 3206 3190 3261; x_wconf 92' lang='lat' dir='ltr'><strong>si</strong></span> <span class='ocrx_word' id='word_1_567' title='bbox 3219 3207 3290 3261; x_wconf 90' lang='lat' dir='ltr'><strong>dii</strong></span> <span class='ocrx_word' id='word_1_568' title='bbox 3325 3207 3512 3272; x_wconf 81' lang='lat' dir='ltr'><strong>velint,</strong></span> 
     </span>
    </p>
   </div>
   <div class='ocr_carea' id='block_1_78' title="bbox 1937 3298 3158 3376">
    <p class='ocr_par' dir='ltr' id='par_1_78' title="bbox 1937 3298 3158 3376">
     <span class='ocr_line' id='line_1_78' title="bbox 1937 3298 3158 3376; baseline -0.003 -22"><span class='ocrx_word' id='word_1_569' title='bbox 1937 3301 2100 3355; x_wconf 90' lang='lat' dir='ltr'><strong>etiam</strong></span> <span class='ocrx_word' id='word_1_570' title='bbox 2132 3299 2185 3352; x_wconf 90' lang='lat' dir='ltr'><strong>in</strong></span> <span class='ocrx_word' id='word_1_571' title='bbox 2223 3298 2515 3376; x_wconf 80' lang='lat' dir='ltr'><strong>Republica</strong></span> <span class='ocrx_word' id='word_1_572' title='bbox 2551 3300 2788 3352; x_wconf 86' lang='lat' dir='ltr'><strong>honores</strong></span> <span class='ocrx_word' id='word_1_573' title='bbox 2817 3306 3158 3366; x_wconf 84' lang='lat' dir='ltr'><strong>asscquatur.</strong></span> 
     </span>
    </p>
   </div>
   <div class='ocr_carea' id='block_1_79' title="bbox 1937 3387 3511 3460">
    <p class='ocr_par' dir='ltr' id='par_1_79' title="bbox 1937 3387 3511 3460">
     <span class='ocr_line' id='line_1_79' title="bbox 1937 3387 3511 3460; baseline 0 -16"><span class='ocrx_word' id='word_1_574' title='bbox 1937 3393 1986 3444; x_wconf 87' lang='lat' dir='ltr'><em>E</em></span> <span class='ocrx_word' id='word_1_575' title='bbox 2037 3389 2270 3460; x_wconf 69' lang='lat' dir='ltr'><strong>funebri</strong></span> <span class='ocrx_word' id='word_1_576' title='bbox 2301 3390 2604 3443; x_wconf 78' lang='lat' dir='ltr'><strong>laudatione</strong></span> <span class='ocrx_word' id='word_1_577' title='bbox 2627 3429 2677 3460; x_wconf 16' lang='grc' dir='ltr'><strong>,γ</strong></span> <span class='ocrx_word' id='word_1_578' title='bbox 2717 3405 2898 3460; x_wconf 50' lang='grc' dir='ltr'><strong>(μιηηιΔ</strong></span> <span class='ocrx_word' id='word_1_579' title='bbox 2935 3389 2988 3442; x_wconf 84' lang='lat' dir='ltr'><strong>in</strong></span> <span class='ocrx_word' id='word_1_580' title='bbox 3043 3388 3212 3460; x_wconf 78' lang='lat' dir='ltr'><strong>[ilium</strong></span> <span class='ocrx_word' id='word_1_581' title='bbox 3275 3387 3511 3444; x_wconf 80' lang='lat' dir='ltr'><strong>eumdem</strong></span> 
     </span>
    </p>
   </div>
   <div class='ocr_carea' id='block_1_80' title="bbox 2239 3457 3204 3526">
    <p class='ocr_par' dir='ltr' id='par_1_80' title="bbox 2239 3457 3204 3526">
     <span class='ocr_line' id='line_1_80' title="bbox 2239 3457 3204 3526; baseline -0.002 -13"><span class='ocrx_word' id='word_1_582' title='bbox 2239 3459 2489 3526; x_wconf 83' lang='lat' dir='ltr'><strong>Ruﬁnum</strong></span> <span class='ocrx_word' id='word_1_583' title='bbox 2521 3457 2827 3512; x_wconf 58' lang='lat' dir='ltr'><strong>habuiu—</strong></span> <span class='ocrx_word' id='word_1_584' title='bbox 2862 3457 3204 3511; x_wconf 73' lang='lat' dir='ltr'><strong>Proazmium.</strong></span> 
     </span>
    </p>
   </div>
   <div class='ocr_carea' id='block_1_81' title="bbox 2011 3570 3511 3642">
    <p class='ocr_par' dir='ltr' id='par_1_81' title="bbox 2011 3570 3511 3642">
     <span class='ocr_line' id='line_1_81' title="bbox 2011 3570 3511 3642; baseline 0 -17"><span class='ocrx_word' id='word_1_585' title='bbox 2011 3573 2166 3640; x_wconf 84' lang='lat' dir='ltr'><strong>Quod</strong></span> <span class='ocrx_word' id='word_1_586' title='bbox 2195 3573 2306 3642; x_wconf 83' lang='lat' dir='ltr'><strong>jam</strong></span> <span class='ocrx_word' id='word_1_587' title='bbox 2343 3582 2560 3628; x_wconf 87' lang='lat' dir='ltr'><strong>mortuo</strong></span> <span class='ocrx_word' id='word_1_588' title='bbox 2604 3572 2798 3627; x_wconf 77' lang='lat' dir='ltr'><strong>Ruﬁno</strong></span> <span class='ocrx_word' id='word_1_589' title='bbox 2823 3573 2982 3626; x_wconf 86' lang='lat' dir='ltr'><strong>verba</strong></span> <span class='ocrx_word' id='word_1_590' title='bbox 3023 3570 3202 3626; x_wconf 80' lang='lat' dir='ltr'><strong>facere</strong></span> <span class='ocrx_word' id='word_1_591' title='bbox 3245 3571 3296 3626; x_wconf 90' lang='lat' dir='ltr'><strong>in</strong></span> <span class='ocrx_word' id='word_1_592' title='bbox 3314 3573 3511 3637; x_wconf 66' lang='lat' dir='ltr'><strong>enim</strong></span> 
     </span>
    </p>
   </div>
   <div class='ocr_carea' id='block_1_82' title="bbox 1938 3663 3510 3734">
    <p class='ocr_par' dir='ltr' id='par_1_82' title="bbox 1938 3663 3510 3734">
     <span class='ocr_line' id='line_1_82' title="bbox 1938 3663 3510 3734; baseline 0 -16"><span class='ocrx_word' id='word_1_593' title='bbox 1938 3663 2076 3719; x_wconf 79' lang='lat' dir='ltr'><strong>facio</strong></span> <span class='ocrx_word' id='word_1_594' title='bbox 2111 3665 2314 3734; x_wconf 86' lang='lat' dir='ltr'><strong>inique,</strong></span> <span class='ocrx_word' id='word_1_595' title='bbox 2349 3664 2451 3718; x_wconf 89' lang='lat' dir='ltr'><strong>nisi</strong></span> <span class='ocrx_word' id='word_1_596' title='bbox 2496 3680 2525 3719; x_wconf 90' lang='lat' dir='ltr'><strong>a</strong></span> <span class='ocrx_word' id='word_1_597' title='bbox 2568 3665 2789 3718; x_wconf 88' lang='lat' dir='ltr'><strong>numine</strong></span> <span class='ocrx_word' id='word_1_598' title='bbox 2820 3664 3052 3732; x_wconf 83' lang='lat' dir='ltr'><strong>quodam</strong></span> <span class='ocrx_word' id='word_1_599' title='bbox 3097 3663 3164 3717; x_wconf 90' lang='lat' dir='ltr'><strong>ad</strong></span> <span class='ocrx_word' id='word_1_600' title='bbox 3209 3664 3510 3718; x_wconf 86' lang='lat' dir='ltr'><strong>monodiam</strong></span> 
     </span>
    </p>
   </div>
   <div class='ocr_carea' id='block_1_83' title="bbox 1939 3748 3510 3820">
    <p class='ocr_par' dir='ltr' id='par_1_83' title="bbox 1939 3748 3510 3820">
     <span class='ocr_line' id='line_1_83' title="bbox 1939 3748 3510 3820; baseline -0.001 -16"><span class='ocrx_word' id='word_1_601' title='bbox 1939 3750 2197 3807; x_wconf 88' lang='lat' dir='ltr'><strong>dramatis</strong></span> <span class='ocrx_word' id='word_1_602' title='bbox 2236 3761 2479 3807; x_wconf 84' lang='lat' dir='ltr'><strong>servatus</strong></span> <span class='ocrx_word' id='word_1_603' title='bbox 2528 3751 2627 3805; x_wconf 91' lang='lat' dir='ltr'><strong>sim</strong></span> <span class='ocrx_word' id='word_1_604' title='bbox 2663 3768 2676 3805; x_wconf 91' lang='lat'><strong>:</strong></span> <span class='ocrx_word' id='word_1_605' title='bbox 2709 3750 2898 3820; x_wconf 87' lang='lat' dir='ltr'><strong>loqu&#39;ar</strong></span> <span class='ocrx_word' id='word_1_606' title='bbox 2947 3759 3148 3804; x_wconf 88' lang='lat' dir='ltr'><strong>tamen.</strong></span> <span class='ocrx_word' id='word_1_607' title='bbox 3199 3748 3312 3802; x_wconf 83' lang='lat' dir='ltr'><strong>Non</strong></span> <span class='ocrx_word' id='word_1_608' title='bbox 3364 3752 3510 3805; x_wconf 86' lang='lat' dir='ltr'><strong>enim</strong></span> 
     </span>
    </p>
   </div>
   <div class='ocr_carea' id='block_1_84' title="bbox 1937 3841 3509 3909">
    <p class='ocr_par' dir='ltr' id='par_1_84' title="bbox 1937 3841 3509 3909">
     <span class='ocr_line' id='line_1_84' title="bbox 1937 3841 3509 3909; baseline 0 -15"><span class='ocrx_word' id='word_1_609' title='bbox 1937 3843 2067 3895; x_wconf 90' lang='lat' dir='ltr'><strong>mihi</strong></span> <span class='ocrx_word' id='word_1_610' title='bbox 2101 3842 2179 3897; x_wconf 79' lang='lat' dir='ltr'><strong>fas</strong></span> <span class='ocrx_word' id='word_1_611' title='bbox 2219 3852 2304 3897; x_wconf 89' lang='lat' dir='ltr'><strong>est</strong></span> <span class='ocrx_word' id='word_1_612' title='bbox 2350 3845 2597 3897; x_wconf 88' lang='lat' dir='ltr'><strong>oratlone</strong></span> <span class='ocrx_word' id='word_1_613' title='bbox 2641 3841 2788 3895; x_wconf 87' lang='lat' dir='ltr'><strong>illunt</strong></span> <span class='ocrx_word' id='word_1_614' title='bbox 2835 3857 2940 3894; x_wconf 91' lang='lat' dir='ltr'><strong>non</strong></span> <span class='ocrx_word' id='word_1_615' title='bbox 2985 3841 3269 3909; x_wconf 85' lang='lat' dir='ltr'><strong>deplorare</strong></span> <span class='ocrx_word' id='word_1_616' title='bbox 3317 3841 3509 3895; x_wconf 88' lang='lat' dir='ltr'><strong>horum</strong></span> 
     </span>
    </p>
   </div>
   <div class='ocr_carea' id='block_1_85' title="bbox 1935 3929 3516 3999">
    <p class='ocr_par' dir='ltr' id='par_1_85' title="bbox 1935 3929 3516 3999">
     <span class='ocr_line' id='line_1_85' title="bbox 1935 3929 3516 3999; baseline 0 -15"><span class='ocrx_word' id='word_1_617' title='bbox 1935 3931 2261 3999; x_wconf 73' lang='lat' dir='ltr'><strong>eloquentiae</strong></span> <span class='ocrx_word' id='word_1_618' title='bbox 2295 3933 2598 3986; x_wconf 89' lang='lat' dir='ltr'><strong>studiorum</strong></span> <span class='ocrx_word' id='word_1_619' title='bbox 2640 3931 2938 3985; x_wconf 88' lang='lat' dir='ltr'><strong>almnnum.</strong></span> <span class='ocrx_word' id='word_1_620' title='bbox 2979 3929 3292 3984; x_wconf 79' lang='lat' dir='ltr'><strong>Neseiebam</strong></span> <span class='ocrx_word' id='word_1_621' title='bbox 3335 3930 3516 3998; x_wconf 84' lang='lat' dir='ltr'><strong>itaque</strong></span> 
     </span>
    </p>
   </div>
   <div class='ocr_carea' id='block_1_86' title="bbox 1937 4019 3515 4092">
    <p class='ocr_par' dir='ltr' id='par_1_86' title="bbox 1937 4019 3515 4092">
     <span class='ocr_line' id='line_1_86' title="bbox 1937 4019 3515 4092; baseline -0.002 -17"><span class='ocrx_word' id='word_1_622' title='bbox 1937 4019 2122 4076; x_wconf 84' lang='lat' dir='ltr'><strong>infelix</strong></span> <span class='ocrx_word' id='word_1_623' title='bbox 2156 4037 2252 4092; x_wconf 90' lang='lat' dir='ltr'><strong>pro</strong></span> <span class='ocrx_word' id='word_1_624' title='bbox 2282 4021 2490 4077; x_wconf 89' lang='lat' dir='ltr'><strong>balneis</strong></span> <span class='ocrx_word' id='word_1_625' title='bbox 2525 4035 2612 4076; x_wconf 88' lang='lat' dir='ltr'><strong>me</strong></span> <span class='ocrx_word' id='word_1_626' title='bbox 2645 4021 2738 4074; x_wconf 89' lang='lat' dir='ltr'><strong>tibi</strong></span> <span class='ocrx_word' id='word_1_627' title='bbox 2772 4021 3099 4091; x_wconf 88' lang='lat' dir='ltr'><strong>sepulcrum,</strong></span> <span class='ocrx_word' id='word_1_628' title='bbox 3131 4035 3228 4090; x_wconf 87' lang='lat' dir='ltr'><strong>pro</strong></span> <span class='ocrx_word' id='word_1_629' title='bbox 3267 4021 3515 4074; x_wconf 91' lang='lat' dir='ltr'><strong>domibus</strong></span> 
     </span>
    </p>
   </div>
   <div class='ocr_carea' id='block_1_87' title="bbox 1937 4112 3515 4182">
    <p class='ocr_par' dir='ltr' id='par_1_87' title="bbox 1937 4112 3515 4182">
     <span class='ocr_line' id='line_1_87' title="bbox 1937 4112 3515 4182; baseline 0.002 -17"><span class='ocrx_word' id='word_1_630' title='bbox 1937 4112 2173 4174; x_wconf 91' lang='lat' dir='ltr'><strong>bustum,</strong></span> <span class='ocrx_word' id='word_1_631' title='bbox 2207 4121 2258 4166; x_wconf 92' lang='lat' dir='ltr'><strong>et</strong></span> <span class='ocrx_word' id='word_1_632' title='bbox 2290 4113 2577 4176; x_wconf 89' lang='lat' dir='ltr'><strong>tumulum,</strong></span> <span class='ocrx_word' id='word_1_633' title='bbox 2625 4128 2725 4181; x_wconf 90' lang='lat' dir='ltr'><strong>pro</strong></span> <span class='ocrx_word' id='word_1_634' title='bbox 2772 4113 2975 4168; x_wconf 69' lang='lat' dir='ltr'><strong>divitiis</strong></span> <span class='ocrx_word' id='word_1_635' title='bbox 3013 4119 3069 4167; x_wconf 91' lang='lat' dir='ltr'><strong>et</strong></span> <span class='ocrx_word' id='word_1_636' title='bbox 3116 4113 3389 4182; x_wconf 75' lang='lat' dir='ltr'><strong>voluptate</strong></span> <span class='ocrx_word' id='word_1_637' title='bbox 3427 4113 3515 4168; x_wconf 81' lang='lat' dir='ltr'><strong>fu-</strong></span> 
     </span>
    </p>
   </div>
   <div class='ocr_carea' id='block_1_88' title="bbox 1936 4202 3512 4271">
    <p class='ocr_par' dir='ltr' id='par_1_88' title="bbox 1936 4202 3512 4271">
     <span class='ocr_line' id='line_1_88' title="bbox 1936 4202 3512 4271; baseline 0.001 -16"><span class='ocrx_word' id='word_1_638' title='bbox 1936 4202 2164 4268; x_wconf 87' lang='lat' dir='ltr'><strong>neralia,</strong></span> <span class='ocrx_word' id='word_1_639' title='bbox 2197 4217 2318 4271; x_wconf 77' lang='lat' dir='ltr'><strong>quze</strong></span> <span class='ocrx_word' id='word_1_640' title='bbox 2365 4203 2678 4258; x_wconf 89' lang='lat' dir='ltr'><strong>horninibus</strong></span> <span class='ocrx_word' id='word_1_641' title='bbox 2725 4205 2964 4257; x_wconf 80' lang='lat' dir='ltr'><strong>ontnium</strong></span> <span class='ocrx_word' id='word_1_642' title='bbox 3005 4204 3316 4258; x_wconf 89' lang='lat' dir='ltr'><strong>tristissima</strong></span> <span class='ocrx_word' id='word_1_643' title='bbox 3368 4215 3512 4267; x_wconf 88' lang='lat' dir='ltr'><strong>sunt,</strong></span> 
     </span>
    </p>
   </div>
   <div class='ocr_carea' id='block_1_89' title="bbox 1937 4293 3510 4364">
    <p class='ocr_par' dir='ltr' id='par_1_89' title="bbox 1937 4293 3510 4364">
     <span class='ocr_line' id='line_1_89' title="bbox 1937 4293 3510 4364; baseline 0.002 -17"><span class='ocrx_word' id='word_1_644' title='bbox 1937 4294 2170 4364; x_wconf 84' lang='lat' dir='ltr'><strong>erigere.</strong></span> <span class='ocrx_word' id='word_1_645' title='bbox 2200 4293 2414 4358; x_wconf 84' lang='lat' dir='ltr'><strong>Dixisti,</strong></span> <span class='ocrx_word' id='word_1_646' title='bbox 2443 4294 2619 4364; x_wconf 92' lang='lat' dir='ltr'><strong>primo</strong></span> <span class='ocrx_word' id='word_1_647' title='bbox 2647 4310 2818 4364; x_wconf 86' lang='lat' dir='ltr'><strong>nuper</strong></span> <span class='ocrx_word' id='word_1_648' title='bbox 2837 4298 2902 4348; x_wconf 91' lang='lat' dir='ltr'><strong>ad</strong></span> <span class='ocrx_word' id='word_1_649' title='bbox 2926 4295 3179 4364; x_wconf 90' lang='lat' dir='ltr'><strong>populum</strong></span> <span class='ocrx_word' id='word_1_650' title='bbox 3211 4309 3470 4363; x_wconf 73' lang='lat' dir='ltr'><strong>peroraris</strong></span> <span class='ocrx_word' id='word_1_651' title='bbox 3495 4313 3510 4350; x_wconf 88' lang='lat'><strong>:</strong></span> 
     </span>
    </p>
   </div>
   <div class='ocr_carea' id='block_1_90' title="bbox 1937 4383 3514 4453">
    <p class='ocr_par' dir='ltr' id='par_1_90' title="bbox 1937 4383 3514 4453">
     <span class='ocr_line' id='line_1_90' title="bbox 1937 4383 3514 4453; baseline -0.003 -13"><span class='ocrx_word' id='word_1_652' title='bbox 1937 4399 2151 4440; x_wconf 83' lang='lat' dir='ltr'><strong>omnem</strong></span> <span class='ocrx_word' id='word_1_653' title='bbox 2200 4399 2322 4453; x_wconf 73' lang='lat' dir='ltr'><strong>qum</strong></span> <span class='ocrx_word' id='word_1_654' title='bbox 2375 4383 2478 4439; x_wconf 88' lang='lat' dir='ltr'><strong>sub</strong></span> <span class='ocrx_word' id='word_1_655' title='bbox 2531 4384 2643 4438; x_wconf 90' lang='lat' dir='ltr'><strong>sole</strong></span> <span class='ocrx_word' id='word_1_656' title='bbox 2690 4392 2773 4438; x_wconf 90' lang='lat' dir='ltr'><strong>est</strong></span> <span class='ocrx_word' id='word_1_657' title='bbox 2822 4393 3021 4438; x_wconf 86' lang='lat' dir='ltr'><strong>terram</strong></span> <span class='ocrx_word' id='word_1_658' title='bbox 3072 4383 3340 4438; x_wconf 83' lang='lat' dir='ltr'><strong>indecoris</strong></span> <span class='ocrx_word' id='word_1_659' title='bbox 3380 4383 3514 4437; x_wconf 85' lang='lat' dir='ltr'><strong>meis</strong></span> 
     </span>
    </p>
   </div>
   <div class='ocr_carea' id='block_1_91' title="bbox 1937 4472 3512 4544">
    <p class='ocr_par' dir='ltr' id='par_1_91' title="bbox 1937 4472 3512 4544">
     <span class='ocr_line' id='line_1_91' title="bbox 1937 4472 3512 4544; baseline -0.003 -14"><span class='ocrx_word' id='word_1_660' title='bbox 1937 4478 2121 4532; x_wconf 87' lang='lat' dir='ltr'><strong>verbis</strong></span> <span class='ocrx_word' id='word_1_661' title='bbox 2176 4477 2430 4544; x_wconf 86' lang='lat' dir='ltr'><strong>implebo.</strong></span> <span class='ocrx_word' id='word_1_662' title='bbox 2483 4474 2759 4530; x_wconf 85' lang='lat' dir='ltr'><strong>Persuasit</strong></span> <span class='ocrx_word' id='word_1_663' title='bbox 2803 4473 3095 4544; x_wconf 89' lang='lat' dir='ltr'><strong>aliquando</strong></span> <span class='ocrx_word' id='word_1_664' title='bbox 3125 4472 3384 4538; x_wconf 80' lang='lat' dir='ltr'><strong>Pericles,</strong></span> <span class='ocrx_word' id='word_1_665' title='bbox 3419 4475 3512 4528; x_wconf 89' lang='lat' dir='ltr'><strong>sed</strong></span> 
     </span>
    </p>
   </div>
   <div class='ocr_carea' id='block_1_92' title="bbox 239 4555 1834 4636">
    <p class='ocr_par' dir='ltr' id='par_1_92' title="bbox 239 4558 1834 4631">
     <span class='ocr_line' id='line_1_92' title="bbox 239 4558 1834 4631; baseline 0 -19"><span class='ocrx_word' id='word_1_666' title='bbox 239 4558 418 4631; x_wconf 84' lang='grc' dir='ltr'>γόραν</span> <span class='ocrx_word' id='word_1_667' title='bbox 443 4558 755 4630; x_wconf 86' lang='grc' dir='ltr'>δημηγόρος</span> <span class='ocrx_word' id='word_1_668' title='bbox 777 4574 791 4586; x_wconf 89' lang='grc'><strong>·</strong></span> <span class='ocrx_word' id='word_1_669' title='bbox 835 4559 900 4612; x_wconf 81' lang='grc' dir='ltr'><strong>σὺ</strong></span> <span class='ocrx_word' id='word_1_670' title='bbox 930 4559 986 4612; x_wconf 84' lang='grc' dir='ltr'>δὲ</span> <span class='ocrx_word' id='word_1_671' title='bbox 1025 4558 1171 4630; x_wconf 80' lang='grc' dir='ltr'>ἦσθα</span> <span class='ocrx_word' id='word_1_672' title='bbox 1200 4558 1514 4629; x_wconf 85' lang='grc' dir='ltr'>δημηγόρος</span> <span class='ocrx_word' id='word_1_673' title='bbox 1555 4560 1620 4612; x_wconf 79' lang='grc' dir='ltr'>ἐκ</span> <span class='ocrx_word' id='word_1_674' title='bbox 1656 4560 1834 4630; x_wconf 83' lang='grc' dir='ltr'>μέσων</span> 
     </span>
    </p>
   </div>
   <div class='ocr_carea' id='block_1_93' title="bbox 1942 4555 3511 4636">
    <p class='ocr_par' dir='ltr' id='par_1_93' title="bbox 1942 4562 3511 4636">
     <span class='ocr_line' id='line_1_93' title="bbox 1942 4562 3511 4636; baseline -0.003 -17"><span class='ocrx_word' id='word_1_675' title='bbox 1942 4577 2224 4636; x_wconf 89' lang='lat' dir='ltr'><strong>postquam</strong></span> <span class='ocrx_word' id='word_1_676' title='bbox 2279 4567 2345 4618; x_wconf 86' lang='lat' dir='ltr'><strong>ah</strong></span> <span class='ocrx_word' id='word_1_677' title='bbox 2389 4565 2706 4632; x_wconf 75' lang='lat' dir='ltr'><strong>Anaxagora</strong></span> <span class='ocrx_word' id='word_1_678' title='bbox 2751 4564 2860 4635; x_wconf 68' lang='grc'><strong>(41)</strong></span> <span class='ocrx_word' id='word_1_679' title='bbox 2908 4562 3083 4617; x_wconf 77' lang='lat' dir='ltr'><strong>factus</strong></span> <span class='ocrx_word' id='word_1_680' title='bbox 3121 4572 3264 4618; x_wconf 89' lang='lat' dir='ltr'><strong>esset</strong></span> <span class='ocrx_word' id='word_1_681' title='bbox 3303 4575 3511 4628; x_wconf 89' lang='lat' dir='ltr'><strong>orator,</strong></span> 
     </span>
    </p>
   </div>
   <div class='ocr_carea' id='block_1_94' title="bbox 241 4644 1834 4723">
    <p class='ocr_par' dir='ltr' id='par_1_94' title="bbox 241 4644 1830 4723">
     <span class='ocr_line' id='line_1_94' title="bbox 241 4644 1830 4723; baseline -0.001 -19"><span class='ocrx_word' id='word_1_682' title='bbox 241 4651 606 4722; x_wconf 87' lang='grc' dir='ltr'>σπαργάνων.</span> <span class='ocrx_word' id='word_1_683' title='bbox 663 4644 826 4704; x_wconf 80' lang='grc' dir='ltr'>Εἶλεν</span> <span class='ocrx_word' id='word_1_684' title='bbox 890 4649 1236 4720; x_wconf 81' lang='grc' dir='ltr'>Ἀλκιϐιάδης</span> <span class='ocrx_word' id='word_1_685' title='bbox 1287 4651 1407 4704; x_wconf 82' lang='grc' dir='ltr'>ὅλον</span> <span class='ocrx_word' id='word_1_686' title='bbox 1468 4650 1528 4702; x_wconf 80' lang='grc' dir='ltr'>τὸ</span> <span class='ocrx_word' id='word_1_687' title='bbox 1586 4649 1830 4723; x_wconf 82' lang='grc' dir='ltr'>θέατρον,</span> 
     </span>
    </p>
   </div>
   <div class='ocr_carea' id='block_1_95' title="bbox 1942 4644 3512 4723">
    <p class='ocr_par' dir='ltr' id='par_1_95' title="bbox 1942 4653 3512 4711">
     <span class='ocr_line' id='line_1_95' title="bbox 1942 4653 3512 4711; baseline -0.003 -1"><span class='ocrx_word' id='word_1_688' title='bbox 1942 4667 1988 4710; x_wconf 78' lang='lat' dir='ltr'><strong>tu</strong></span> <span class='ocrx_word' id='word_1_689' title='bbox 2035 4665 2222 4711; x_wconf 89' lang='lat' dir='ltr'><strong>orator</strong></span> <span class='ocrx_word' id='word_1_690' title='bbox 2263 4671 2294 4710; x_wconf 86' lang='lat' dir='ltr'><strong>e</strong></span> <span class='ocrx_word' id='word_1_691' title='bbox 2346 4655 2629 4710; x_wconf 82' lang='lat' dir='ltr'><strong>cunabulis</strong></span> <span class='ocrx_word' id='word_1_692' title='bbox 2679 4654 2958 4708; x_wconf 78' lang='lat' dir='ltr'><strong>exstitisti.</strong></span> <span class='ocrx_word' id='word_1_693' title='bbox 3001 4653 3308 4708; x_wconf 85' lang='lat' dir='ltr'><strong>Alcibiades</strong></span> <span class='ocrx_word' id='word_1_694' title='bbox 3343 4663 3512 4708; x_wconf 88' lang='lat' dir='ltr'><strong>totum</strong></span> 
     </span>
    </p>
   </div>
   <div class='ocr_carea' id='block_1_96' title="bbox 237 4740 1834 4817">
    <p class='ocr_par' dir='ltr' id='par_1_96' title="bbox 237 4740 1834 4814">
     <span class='ocr_line' id='line_1_96' title="bbox 237 4740 1834 4814; baseline -0.001 -17"><span class='ocrx_word' id='word_1_695' title='bbox 237 4742 364 4798; x_wconf 78' lang='grc' dir='ltr'>ἀλλ’</span> <span class='ocrx_word' id='word_1_696' title='bbox 395 4741 659 4813; x_wconf 78' lang='grc' dir='ltr'>ἀκμάζων</span> <span class='ocrx_word' id='word_1_697' title='bbox 694 4741 792 4812; x_wconf 78' lang='grc' dir='ltr'>ἤδη</span> <span class='ocrx_word' id='word_1_698' title='bbox 823 4741 922 4814; x_wconf 80' lang='grc' dir='ltr'><strong>τὴν</strong></span> <span class='ocrx_word' id='word_1_699' title='bbox 951 4740 1099 4814; x_wconf 83' lang='grc' dir='ltr'>ὥραν</span> <span class='ocrx_word' id='word_1_700' title='bbox 1127 4745 1222 4796; x_wconf 74' lang='grc' dir='ltr'><strong>καὶ</strong></span> <span class='ocrx_word' id='word_1_701' title='bbox 1244 4741 1341 4812; x_wconf 81' lang='grc' dir='ltr'><strong>τὴν</strong></span> <span class='ocrx_word' id='word_1_702' title='bbox 1387 4741 1604 4813; x_wconf 76' lang='grc' dir='ltr'>ἡλικίαν</span> <span class='ocrx_word' id='word_1_703' title='bbox 1639 4760 1834 4814; x_wconf 87' lang='grc' dir='ltr'>μειρα-</span> 
     </span>
    </p>
   </div>
   <div class='ocr_carea' id='block_1_97' title="bbox 1942 4740 3516 4817">
    <p class='ocr_par' dir='ltr' id='par_1_97' title="bbox 1942 4743 3516 4817">
     <span class='ocr_line' id='line_1_97' title="bbox 1942 4743 3516 4817; baseline -0.004 -14"><span class='ocrx_word' id='word_1_704' title='bbox 1942 4756 2242 4817; x_wconf 68' lang='lat' dir='ltr'><strong>suggestum</strong></span> <span class='ocrx_word' id='word_1_705' title='bbox 2295 4747 2599 4814; x_wconf 85' lang='lat' dir='ltr'><strong>occupavit,</strong></span> <span class='ocrx_word' id='word_1_706' title='bbox 2656 4745 2748 4800; x_wconf 89' lang='lat' dir='ltr'><strong>sed</strong></span> <span class='ocrx_word' id='word_1_707' title='bbox 2803 4744 2858 4799; x_wconf 90' lang='lat' dir='ltr'><strong>iu</strong></span> <span class='ocrx_word' id='word_1_708' title='bbox 2909 4743 3041 4799; x_wconf 83' lang='lat' dir='ltr'><strong>ﬂore</strong></span> <span class='ocrx_word' id='word_1_709' title='bbox 3086 4743 3406 4813; x_wconf 79' lang='lat' dir='ltr'><strong>iuventutis,</strong></span> <span class='ocrx_word' id='word_1_710' title='bbox 3460 4751 3516 4797; x_wconf 83' lang='lat' dir='ltr'><strong>tt</strong></span> 
     </span>
    </p>
   </div>
   <div class='ocr_carea' id='block_1_98' title="bbox 238 4831 1834 4908">
    <p class='ocr_par' dir='ltr' id='par_1_98' title="bbox 238 4831 1832 4905">
     <span class='ocr_line' id='line_1_98' title="bbox 238 4831 1832 4905; baseline -0.002 -15"><span class='ocrx_word' id='word_1_711' title='bbox 238 4833 566 4904; x_wconf 86' lang='grc' dir='ltr'>κιούμενος·</span> <span class='ocrx_word' id='word_1_712' title='bbox 603 4835 668 4888; x_wconf 81' lang='grc' dir='ltr'><strong>σὺ</strong></span> <span class='ocrx_word' id='word_1_713' title='bbox 715 4833 773 4887; x_wconf 81' lang='grc' dir='ltr'><strong>δὲ</strong></span> <span class='ocrx_word' id='word_1_714' title='bbox 802 4831 882 4886; x_wconf 83' lang='grc' dir='ltr'><strong>ἔτι</strong></span> <span class='ocrx_word' id='word_1_715' title='bbox 908 4832 987 4904; x_wconf 84' lang='grc' dir='ltr'>τῷ</span> <span class='ocrx_word' id='word_1_716' title='bbox 1045 4833 1239 4904; x_wconf 82' lang='grc' dir='ltr'>μασθῷ</span> <span class='ocrx_word' id='word_1_717' title='bbox 1261 4834 1308 4867; x_wconf 67' lang='grc'><strong>’⁵³</strong></span> <span class='ocrx_word' id='word_1_718' title='bbox 1361 4834 1456 4888; x_wconf 74' lang='grc' dir='ltr'>καὶ</span> <span class='ocrx_word' id='word_1_719' title='bbox 1484 4833 1563 4905; x_wconf 85' lang='grc' dir='ltr'>τῷ</span> <span class='ocrx_word' id='word_1_720' title='bbox 1597 4834 1832 4903; x_wconf 86' lang='grc' dir='ltr'>γάλακτι</span> 
     </span>
    </p>
   </div>
   <div class='ocr_carea' id='block_1_99' title="bbox 1942 4831 3515 4908">
    <p class='ocr_par' dir='ltr' id='par_1_99' title="bbox 1942 4835 3515 4908">
     <span class='ocr_line' id='line_1_99' title="bbox 1942 4835 3515 4908; baseline -0.004 -15"><span class='ocrx_word' id='word_1_721' title='bbox 1942 4849 2088 4894; x_wconf 78' lang='lat' dir='ltr'><strong>etate</strong></span> <span class='ocrx_word' id='word_1_722' title='bbox 2132 4838 2536 4892; x_wconf 59' lang='lat' dir='ltr'><strong>adolescentia.</strong></span> <span class='ocrx_word' id='word_1_723' title='bbox 2573 4835 2673 4908; x_wconf 84' lang='lat' dir='ltr'><strong>[At</strong></span> <span class='ocrx_word' id='word_1_724' title='bbox 2727 4843 2785 4890; x_wconf 87' lang='lat' dir='ltr'><strong>tu</strong></span> <span class='ocrx_word' id='word_1_725' title='bbox 2834 4835 3131 4890; x_wconf 89' lang='lat' dir='ltr'><strong>etiamnum</strong></span> <span class='ocrx_word' id='word_1_726' title='bbox 3171 4835 3426 4889; x_wconf 90' lang='lat' dir='ltr'><strong>uberibus</strong></span> <span class='ocrx_word' id='word_1_727' title='bbox 3460 4842 3515 4888; x_wconf 90' lang='lat' dir='ltr'><strong>et</strong></span> 
     </span>
    </p>
   </div>
   <div class='ocr_carea' id='block_1_100' title="bbox 238 4925 1834 4999">
    <p class='ocr_par' dir='ltr' id='par_1_100' title="bbox 238 4925 671 4998">
     <span class='ocr_line' id='line_1_100' title="bbox 238 4925 671 4998; baseline 0.005 -20"><span class='ocrx_word' id='word_1_728' title='bbox 238 4925 671 4998; x_wconf 75' lang='grc' dir='ltr'>προσκείμενος.</span> 
     </span>
    </p>
   </div>
   <div class='ocr_carea' id='block_1_101' title="bbox 1942 4925 2384 4999">
    <p class='ocr_par' dir='ltr' id='par_1_101' title="bbox 1942 4927 2384 4999">
     <span class='ocr_line' id='line_1_101' title="bbox 1942 4927 2384 4999; baseline 0.005 -19"><span class='ocrx_word' id='word_1_729' title='bbox 1942 4939 2067 4985; x_wconf 86' lang='lat' dir='ltr'><strong>acte</strong></span> <span class='ocrx_word' id='word_1_730' title='bbox 2099 4927 2384 4999; x_wconf 78' lang='lat' dir='ltr'><strong>nutritus.}</strong></span> 
     </span>
    </p>
   </div>
   <div class='ocr_carea' id='block_1_102' title="bbox 321 5010 1834 5089">
    <p class='ocr_par' dir='ltr' id='par_1_102' title="bbox 321 5010 1820 5085">
     <span class='ocr_line' id='line_1_102' title="bbox 321 5010 1820 5085; baseline 0.003 -19"><span class='ocrx_word' id='word_1_731' title='bbox 321 5010 390 5066; x_wconf 84' lang='grc' dir='ltr'><strong><em>Ὦ</em></strong></span> <span class='ocrx_word' id='word_1_732' title='bbox 457 5013 630 5078; x_wconf 88' lang='grc' dir='ltr'>πάθος</span> <span class='ocrx_word' id='word_1_733' title='bbox 687 5014 787 5084; x_wconf 78' lang='grc' dir='ltr'>τῆς</span> <span class='ocrx_word' id='word_1_734' title='bbox 835 5011 1106 5084; x_wconf 71' lang='grc' dir='ltr'>Αἰσχύλου</span> <span class='ocrx_word' id='word_1_735' title='bbox 1164 5015 1578 5085; x_wconf 88' lang='grc' dir='ltr'>μεγαλοφωνίας</span> <span class='ocrx_word' id='word_1_736' title='bbox 1632 5015 1820 5082; x_wconf 79' lang='grc' dir='ltr'>ἄξιονί</span> 
     </span>
    </p>
   </div>
   <div class='ocr_carea' id='block_1_103' title="bbox 1942 5010 3518 5089">
    <p class='ocr_par' dir='ltr' id='par_1_103' title="bbox 2003 5014 3518 5089">
     <span class='ocr_line' id='line_1_103' title="bbox 2003 5014 3518 5089; baseline -0.005 -16"><span class='ocrx_word' id='word_1_737' title='bbox 2003 5018 2048 5074; x_wconf 92' lang='lat'><strong>0</strong></span> <span class='ocrx_word' id='word_1_738' title='bbox 2079 5019 2230 5074; x_wconf 88' lang='lat' dir='ltr'><strong>dolor</strong></span> <span class='ocrx_word' id='word_1_739' title='bbox 2263 5017 2504 5089; x_wconf 64' lang='lat' dir='ltr'><strong>.I‘Escbyli</strong></span> <span class='ocrx_word' id='word_1_740' title='bbox 2543 5017 2735 5086; x_wconf 79' lang='lat' dir='ltr'><strong>dignus</strong></span> <span class='ocrx_word' id='word_1_741' title='bbox 2763 5014 3065 5071; x_wconf 91' lang='lat' dir='ltr'><strong>cothurno!</strong></span> <span class='ocrx_word' id='word_1_742' title='bbox 3111 5014 3393 5070; x_wconf 86' lang='lat' dir='ltr'><strong>llereulem</strong></span> <span class='ocrx_word' id='word_1_743' title='bbox 3439 5022 3518 5066; x_wconf 89' lang='lat' dir='ltr'><strong>te-</strong></span> 
     </span>
    </p>
   </div>
   <div class='ocr_carea' id='block_1_104' title="bbox 247 5099 1834 5177">
    <p class='ocr_par' dir='ltr' id='par_1_104' title="bbox 247 5103 1828 5176">
     <span class='ocr_line' id='line_1_104' title="bbox 247 5103 1828 5176; baseline 0.001 -18"><span class='ocrx_word' id='word_1_744' title='bbox 247 5103 522 5176; x_wconf 83' lang='grc' dir='ltr'>⁹Ηρακλεί</span> <span class='ocrx_word' id='word_1_745' title='bbox 552 5105 649 5176; x_wconf 80' lang='grc' dir='ltr'>μὲν</span> <span class='ocrx_word' id='word_1_746' title='bbox 675 5106 862 5176; x_wconf 79' lang='grc' dir='ltr'>ἐδέησε</span> <span class='ocrx_word' id='word_1_747' title='bbox 884 5105 1089 5176; x_wconf 81' lang='grc' dir='ltr'>πολλῆς</span> <span class='ocrx_word' id='word_1_748' title='bbox 1109 5105 1358 5176; x_wconf 84' lang='grc' dir='ltr'>περιόδου</span> <span class='ocrx_word' id='word_1_749' title='bbox 1389 5107 1607 5160; x_wconf 76' lang='grc' dir='ltr'>καὶτῶν</span> <span class='ocrx_word' id='word_1_750' title='bbox 1630 5108 1828 5174; x_wconf 78' lang='grc' dir='ltr'>ἄθλων,</span> 
     </span>
    </p>
   </div>
   <div class='ocr_carea' id='block_1_105' title="bbox 1942 5099 3513 5177">
    <p class='ocr_par' dir='ltr' id='par_1_105' title="bbox 1942 5099 3513 5177">
     <span class='ocr_line' id='line_1_105' title="bbox 1942 5099 3513 5177; baseline -0.008 -17"><span class='ocrx_word' id='word_1_751' title='bbox 1942 5122 2027 5160; x_wconf 87' lang='lat' dir='ltr'><strong>ras</strong></span> <span class='ocrx_word' id='word_1_752' title='bbox 2058 5107 2365 5177; x_wconf 76' lang='lat' dir='ltr'><strong>pervagari,</strong></span> <span class='ocrx_word' id='word_1_753' title='bbox 2398 5105 2639 5175; x_wconf 90' lang='lat' dir='ltr'><strong>oportuit</strong></span> <span class='ocrx_word' id='word_1_754' title='bbox 2668 5114 2722 5159; x_wconf 91' lang='lat' dir='ltr'><strong>et</strong></span> <span class='ocrx_word' id='word_1_755' title='bbox 2766 5102 2834 5158; x_wconf 74' lang='lat' dir='ltr'><strong>i2</strong></span> <span class='ocrx_word' id='word_1_756' title='bbox 2878 5102 3013 5158; x_wconf 90' lang='lat' dir='ltr'><strong>adeo</strong></span> <span class='ocrx_word' id='word_1_757' title='bbox 3062 5101 3276 5156; x_wconf 82' lang='lat' dir='ltr'><strong>labores</strong></span> <span class='ocrx_word' id='word_1_758' title='bbox 3309 5099 3513 5160; x_wconf 79' lang='lat' dir='ltr'><strong>subire,</strong></span> 
     </span>
    </p>
   </div>
   <div class='ocr_carea' id='block_1_106' title="bbox 235 5191 1834 5268">
    <p class='ocr_par' dir='ltr' id='par_1_106' title="bbox 235 5191 1829 5268">
     <span class='ocr_line' id='line_1_106' title="bbox 235 5191 1829 5268; baseline 0 -18"><span class='ocrx_word' id='word_1_759' title='bbox 235 5191 420 5266; x_wconf 71' lang='grc' dir='ltr'>οἶμαι,</span> <span class='ocrx_word' id='word_1_760' title='bbox 446 5194 558 5249; x_wconf 86' lang='grc' dir='ltr'><strong>τῶν</strong></span> <span class='ocrx_word' id='word_1_761' title='bbox 597 5193 837 5261; x_wconf 83' lang='grc' dir='ltr'>δώδεκα,</span> <span class='ocrx_word' id='word_1_762' title='bbox 891 5196 980 5250; x_wconf 82' lang='grc' dir='ltr'><strong>ἵνα</strong></span> <span class='ocrx_word' id='word_1_763' title='bbox 1033 5196 1313 5268; x_wconf 87' lang='grc' dir='ltr'>μάρτυρας</span> <span class='ocrx_word' id='word_1_764' title='bbox 1341 5195 1442 5265; x_wconf 83' lang='grc' dir='ltr'>τῆς</span> <span class='ocrx_word' id='word_1_765' title='bbox 1478 5197 1680 5268; x_wconf 83' lang='grc' dir='ltr'>ἀρετῆς</span> <span class='ocrx_word' id='word_1_766' title='bbox 1730 5197 1829 5268; x_wconf 78' lang='grc' dir='ltr'>τὴν</span> 
     </span>
    </p>
   </div>
   <div class='ocr_carea' id='block_1_107' title="bbox 1942 5191 3514 5268">
    <p class='ocr_par' dir='ltr' id='par_1_107' title="bbox 1942 5193 3514 5252">
     <span class='ocr_line' id='line_1_107' title="bbox 1942 5193 3514 5252; baseline -0.006 -3"><span class='ocrx_word' id='word_1_767' title='bbox 1942 5207 1996 5250; x_wconf 88' lang='grc' dir='ltr'><strong>ιιι</strong></span> <span class='ocrx_word' id='word_1_768' title='bbox 2029 5207 2296 5252; x_wconf 86' lang='lat' dir='ltr'><strong>terrarum</strong></span> <span class='ocrx_word' id='word_1_769' title='bbox 2350 5197 2536 5252; x_wconf 91' lang='lat' dir='ltr'><strong>orbem</strong></span> <span class='ocrx_word' id='word_1_770' title='bbox 2582 5194 2748 5250; x_wconf 90' lang='lat' dir='ltr'><strong>veluti</strong></span> <span class='ocrx_word' id='word_1_771' title='bbox 2799 5193 3017 5248; x_wconf 83' lang='lat' dir='ltr'><strong>virtutis</strong></span> <span class='ocrx_word' id='word_1_772' title='bbox 3052 5206 3166 5246; x_wconf 65' lang='lat' dir='ltr'><strong>suae</strong></span> <span class='ocrx_word' id='word_1_773' title='bbox 3206 5197 3394 5245; x_wconf 86' lang='lat' dir='ltr'><strong>testem</strong></span> <span class='ocrx_word' id='word_1_774' title='bbox 3427 5203 3514 5241; x_wconf 92' lang='lat' dir='ltr'><strong>re-</strong></span> 
     </span>
    </p>
   </div>
   <div class='ocr_carea' id='block_1_108' title="bbox 237 5281 1834 5362">
    <p class='ocr_par' dir='ltr' id='par_1_108' title="bbox 237 5283 1823 5358">
     <span class='ocr_line' id='line_1_108' title="bbox 237 5283 1823 5358; baseline 0 -18"><span class='ocrx_word' id='word_1_775' title='bbox 237 5286 336 5356; x_wconf 81' lang='grc' dir='ltr'>ὐφ’</span> <span class='ocrx_word' id='word_1_776' title='bbox 367 5287 519 5358; x_wconf 81' lang='grc' dir='ltr'>ἤλιον</span> <span class='ocrx_word' id='word_1_777' title='bbox 554 5286 734 5340; x_wconf 81' lang='grc' dir='ltr'>πᾶσαν</span> <span class='ocrx_word' id='word_1_778' title='bbox 779 5285 1072 5356; x_wconf 83' lang='grc' dir='ltr'>κτήσαιτο·</span> <span class='ocrx_word' id='word_1_779' title='bbox 1130 5283 1195 5337; x_wconf 76' lang='grc' dir='ltr'><strong>σὺ</strong></span> <span class='ocrx_word' id='word_1_780' title='bbox 1237 5283 1294 5338; x_wconf 83' lang='grc' dir='ltr'><strong>δὲ</strong></span> <span class='ocrx_word' id='word_1_781' title='bbox 1333 5284 1464 5338; x_wconf 75' lang='grc' dir='ltr'>εἵσω</span> <span class='ocrx_word' id='word_1_782' title='bbox 1483 5283 1578 5338; x_wconf 80' lang='grc' dir='ltr'>τοῦ</span> <span class='ocrx_word' id='word_1_783' title='bbox 1624 5284 1823 5340; x_wconf 86' lang='grc' dir='ltr'>κύκλου</span> 
     </span>
    </p>
   </div>
   <div class='ocr_carea' id='block_1_109' title="bbox 1942 5281 3509 5362">
    <p class='ocr_par' dir='ltr' id='par_1_109' title="bbox 1942 5281 3509 5362">
     <span class='ocr_line' id='line_1_109' title="bbox 1942 5281 3509 5362; baseline -0.007 -18"><span class='ocrx_word' id='word_1_784' title='bbox 1942 5287 2228 5362; x_wconf 87' lang='lat' dir='ltr'><strong>linqueret.</strong></span> <span class='ocrx_word' id='word_1_785' title='bbox 2263 5291 2306 5346; x_wconf 85' lang='grc' dir='ltr'>Τ</span> <span class='ocrx_word' id='word_1_786' title='bbox 2314 5309 2343 5346; x_wconf 88' lang='lat' dir='ltr'><strong>u</strong></span> <span class='ocrx_word' id='word_1_787' title='bbox 2372 5306 2499 5348; x_wconf 79' lang='lat' dir='ltr'><strong>vero</strong></span> <span class='ocrx_word' id='word_1_788' title='bbox 2522 5290 2661 5345; x_wconf 89' lang='lat' dir='ltr'><strong>intra</strong></span> <span class='ocrx_word' id='word_1_789' title='bbox 2688 5299 2809 5344; x_wconf 88' lang='lat' dir='ltr'><strong>tuos</strong></span> <span class='ocrx_word' id='word_1_790' title='bbox 2836 5293 3200 5344; x_wconf 89' lang='lat' dir='ltr'><strong>commoratus</strong></span> <span class='ocrx_word' id='word_1_791' title='bbox 3231 5281 3509 5346; x_wconf 88' lang='lat' dir='ltr'><strong>terminos,</strong></span> 
     </span>
    </p>
   </div>
   <div class='ocr_carea' id='block_1_110' title="bbox 1549 5441 2224 5506">
    <p class='ocr_par' dir='ltr' id='par_1_110' title="bbox 1549 5441 2224 5506">
     <span class='ocr_line' id='line_1_110' title="bbox 1549 5441 2224 5506; baseline 0.01 -9"><span class='ocrx_word' id='word_1_792' title='bbox 1549 5441 1784 5500; x_wconf 75' lang='lat' dir='ltr'><strong>VARle</strong></span> <span class='ocrx_word' id='word_1_793' title='bbox 1821 5445 2224 5506; x_wconf 81' lang='lat' dir='ltr'><strong>LECTIONES.</strong></span> 
     </span>
    </p>
   </div>
   <div class='ocr_carea' id='block_1_111' title="bbox 349 5539 3516 5628">
    <p class='ocr_par' dir='ltr' id='par_1_111' title="bbox 349 5539 3516 5628">
     <span class='ocr_line' id='line_1_111' title="bbox 349 5539 3516 5628; baseline -0.005 -17"><span class='ocrx_word' id='word_1_794' title='bbox 349 5557 394 5593; x_wconf 74' lang='grc'><strong>⁸³</strong></span> <span class='ocrx_word' id='word_1_795' title='bbox 424 5557 630 5628; x_wconf 75' lang='grc' dir='ltr'>πάντας</span> <span class='ocrx_word' id='word_1_796' title='bbox 657 5557 914 5628; x_wconf 82' lang='lat' dir='ltr'><strong>expungit</strong></span> <span class='ocrx_word' id='word_1_797' title='bbox 967 5554 1045 5628; x_wconf 80' lang='lat' dir='ltr'><strong>A,_</strong></span> <span class='ocrx_word' id='word_1_798' title='bbox 1075 5569 1182 5628; x_wconf 73' lang='lat' dir='ltr'><strong>9m.</strong></span> <span class='ocrx_word' id='word_1_799' title='bbox 1377 5553 1420 5594; x_wconf 68' lang='grc' dir='ltr'><strong>θ’</strong></span> <span class='ocrx_word' id='word_1_800' title='bbox 1457 5555 1548 5628; x_wconf 68' lang='grc' dir='ltr'>τοῦ</span> <span class='ocrx_word' id='word_1_801' title='bbox 1598 5555 1908 5626; x_wconf 73' lang='grc' dir='ltr'>Ῥουφῖνον]</span> <span class='ocrx_word' id='word_1_802' title='bbox 1932 5555 2150 5626; x_wconf 70' lang='grc' dir='ltr'>ροφίνου</span> <span class='ocrx_word' id='word_1_803' title='bbox 2215 5555 2278 5612; x_wconf 87' lang='grc' dir='ltr'>Β.</span> <span class='ocrx_word' id='word_1_804' title='bbox 2355 5557 2400 5596; x_wconf 72' lang='grc' dir='ltr'>ιο</span> <span class='ocrx_word' id='word_1_805' title='bbox 2443 5556 2538 5627; x_wconf 76' lang='grc' dir='ltr'>τῆς</span> <span class='ocrx_word' id='word_1_806' title='bbox 2563 5555 2744 5628; x_wconf 75' lang='grc' dir='ltr'>ψήφου</span> <span class='ocrx_word' id='word_1_807' title='bbox 2778 5551 2906 5609; x_wconf 82' lang='lat' dir='ltr'><strong>add.</strong></span> <span class='ocrx_word' id='word_1_808' title='bbox 2947 5551 3014 5606; x_wconf 86' lang='lat' dir='ltr'><strong>A.</strong></span> <span class='ocrx_word' id='word_1_809' title='bbox 3090 5547 3134 5581; x_wconf 76' lang='lat'>“</span> <span class='ocrx_word' id='word_1_810' title='bbox 3166 5543 3327 5600; x_wconf 74' lang='grc' dir='ltr'>αὑτὸν</span> <span class='ocrx_word' id='word_1_811' title='bbox 3362 5539 3516 5614; x_wconf 81' lang='grc' dir='ltr'>υἱδν</span> 
     </span>
    </p>
   </div>
   <div class='ocr_carea' id='block_1_112' title="bbox 241 5624 1615 5698">
    <p class='ocr_par' dir='ltr' id='par_1_112' title="bbox 241 5624 1615 5698">
     <span class='ocr_line' id='line_1_112' title="bbox 241 5624 1615 5698; baseline -0.007 -13"><span class='ocrx_word' id='word_1_812' title='bbox 241 5628 367 5685; x_wconf 70' lang='grc' dir='ltr'>υἱὸν</span> <span class='ocrx_word' id='word_1_813' title='bbox 396 5626 560 5684; x_wconf 84' lang='grc' dir='ltr'>αὑτοῦ</span> <span class='ocrx_word' id='word_1_814' title='bbox 595 5626 654 5680; x_wconf 84' lang='grc' dir='ltr'>Β.</span> <span class='ocrx_word' id='word_1_815' title='bbox 733 5624 880 5698; x_wconf 67' lang='grc' dir='ltr'><strong>δἐἰ]</strong></span> <span class='ocrx_word' id='word_1_816' title='bbox 912 5629 969 5679; x_wconf 84' lang='grc' dir='ltr'>ὲν</span> <span class='ocrx_word' id='word_1_817' title='bbox 1021 5624 1131 5678; x_wconf 80' lang='lat' dir='ltr'><strong>AC.</strong></span> <span class='ocrx_word' id='word_1_818' title='bbox 1207 5625 1267 5696; x_wconf 72' lang='lat'><strong>&quot;’_</strong></span> <span class='ocrx_word' id='word_1_819' title='bbox 1317 5625 1507 5696; x_wconf 81' lang='grc' dir='ltr'>μαστῷ</span> <span class='ocrx_word' id='word_1_820' title='bbox 1556 5644 1615 5690; x_wconf 87' lang='grc' dir='ltr'><strong>ς.</strong></span> 
     </span>
    </p>
   </div>
   <div class='ocr_carea' id='block_1_113' title="bbox 1758 5732 1990 5793">
    <p class='ocr_par' dir='ltr' id='par_1_113' title="bbox 1758 5732 1990 5793">
     <span class='ocr_line' id='line_1_113' title="bbox 1758 5732 1990 5793; baseline 0.017 -4"><span class='ocrx_word' id='word_1_821' title='bbox 1758 5732 1990 5793; x_wconf 67' lang='lat' dir='ltr'><strong>NOTAE.</strong></span> 
     </span>
    </p>
   </div>
   <div class='ocr_carea' id='block_1_114' title="bbox 328 5807 1228 5880">
    <p class='ocr_par' dir='ltr' id='par_1_114' title="bbox 328 5807 1228 5880">
     <span class='ocr_line' id='line_1_114' title="bbox 328 5807 1228 5880; baseline -0.002 -16"><span class='ocrx_word' id='word_1_822' title='bbox 328 5809 445 5880; x_wconf 67' lang='grc'><strong>(61)</strong></span> <span class='ocrx_word' id='word_1_823' title='bbox 477 5807 652 5867; x_wconf 80' lang='lat' dir='ltr'><strong>Valer.</strong></span> <span class='ocrx_word' id='word_1_824' title='bbox 683 5807 821 5862; x_wconf 83' lang='lat' dir='ltr'><strong>Max.</strong></span> <span class='ocrx_word' id='word_1_825' title='bbox 858 5807 950 5862; x_wconf 88' lang='lat' dir='ltr'><strong>lib.</strong></span> <span class='ocrx_word' id='word_1_826' title='bbox 986 5822 1016 5861; x_wconf 75' lang='grc' dir='ltr'><strong>ν</strong></span> <span class='ocrx_word' id='word_1_827' title='bbox 1047 5818 1186 5862; x_wconf 79' lang='lat' dir='ltr'><strong>extr.</strong></span> <span class='ocrx_word' id='word_1_828' title='bbox 1225 5814 1228 5816; x_wconf 66' lang='grc'>⁷</span> 
     </span>
    </p>
   </div>
  </div>
