3924 6434
194 370 334 437 1349

1226 374 1741 439 BIBLIOTIIECA.
1776 398 1847 412 -·
1880 376 2045 439 COD.
2070 376 2376 438 CCXLIlI.

3302 383 3440 451 1350

192 483 529 555 σοφώτερον,
585 484 783 550 Σέξτου
826 484 885 539 δὲ
937 485 1427 560 καρτερικώτερον,
1461 489 1678 543 πάντων
1724 488 1769 542 δ’

1879 489 2247 559 superioribus
2279 489 2625 544 illustriorem
2659 490 2854 563 3666
2894 493 3281 564 melioremque
3328 513 3451 567 spe-

187 576 328 647 ὁμοῦ
355 574 465 629 τῶν
489 576 770 647 προγόνων
791 576 1174 648 λαμπρότερόν
1196 593 1254 630 τε
1282 581 1377 630 καὶ
1398 580 1682 647 κρείττονα
1702 580 1769 635 ⁸⁸.

185 666 363 730 Αὐτὸς
390 665 490 737 μὲν
515 666 624 738 γὰρ
664 666 1025 738 παρεχώρουν
1060 666 1142 721 ἔτι
1176 664 1481 738 κουρίζοντι
1504 685 1586 722 σοι
1601 669 1669 722 τὰ.
1696 688 1775 724 νι-

188 759 456 829 κητήρια,
484 758 581 811 καὶ
618 758 745 821 τοὺς
784 758 914 821 σοῦς
957 757 1149 826 λόγους
1171 758 1280 811 τῶν
1326 758 1565 829 ἐμαυτοῦ
1597 759 1772 828 λόγων

188 848 447 921 ἡγούμην
468 849 805 919 κρείττονας.
832 848 1171 921 Προῦκρινον
1200 849 1311 904 τῶν
1340 850 1773 921 σπουδασμάτων

186 942 262 994 τὰ
292 942 361 994 σὰ
397 941 764 1013 ψελλίσματα.
808 942 970 997 Ἀλλὰ
1000 942 1174 996 ταῦτα
1224 943 1399 996 πάντα
1436 942 1574 1014 ὁμοῦ
1610 944 1774 1015 συλή-

188 1043 296 1091 σας
326 1028 354 1080 6
377 1028 588 1099 δαίμων
620 1031 848 1099 οἴχεται,
877 1030 1001 1100 ἐμοὶ
1030 1030 1087 1085 δὲ
1103 1032 1315 1101 ἀφῆκεν
1346 1032 1467 1084 ἀντὶ
1504 1032 1598 1085 σοῦ
1634 1031 1768 1105 θρή-

187 1137 320 1182 νους
341 1119 435 1172 καὶ
462 1119 695 1190 δάκρυα.
718 1121 1000 1190 Κοσμήσω
1023 1138 1083 1174 σε
1119 1121 1214 1173 καὶ
1239 1122 1545 1191 ἐπιταφίοις
1574 1122 1769 1190 ἀγῶσι,

185 1209 290 1263 καὶ
314 1207 623 1279 παραδώσω
645 1209 721 1279 τῷ
745 1211 922 1281 χρόνῳ
943 1210 1003 1264 16
1027 1212 1119 1265 σὺν
1140 1212 1333 1282 ὄνομα,
1352 1214 1446 1265 καὶ
1469 1214 1772 1284 γενήσομαι

184 1301 290 1355 τοῦ
323 1301 579 1371 δαίμονος
617 1302 759 1356 κατὰ
790 1303 951 1357 τοῦτο
981 1304 1114 1369 γοῦν
1168 1305 1228 1357 16
1261 1304 1427 1376 μέρος
1476 1306 1774 1374 φιλονεικό-

186 1409 351 1463 τερος
382 1393 469 1446 ἴνα
498 1392 598 1465 ἔχῃ
633 1393 733 1464 μὲν
767 1395 974 1458 ἐκεῖνος
1005 1395 1065 1448 τὺ
1098 1395 1279 1465 σῶμα,
1323 1397 1423 1466 τὴν
1463 1396 1519 1450 δὲ
1545 1396 1720 1468 ψυχὴν
1745 1399 1773 1452 6

183 1484 447 1554 οὐρανὸς,
471 1484 572 1556 τὴν
602 1483 658 1536 δὲ
688 1483 847 1549 δόξαν
882 1485 1122 1549 ἅπαντες
1150 1486 1451 1559 ἄνθρωποι.

198 1596 311 1650 Ἕκ
346 1596 454 1651 τοῦ
494 1598 583 1663 εις
632 1596 902 1665 Σεϐἧρον
939 1598 1356 1670 ἐπιθαιομίου.
1405 1629 1475 1639 -
1532 1600 1632 1654 Ἐκ
1662 1599 1775 1670 τῆς

789 1667 1172 1735 προθεωρίας.

265 1759 434 1823 Ἴσως
461 1758 559 1831 μὲν
585 1759 653 1815 ἄν
678 1776 756 1827 τῳ
783 1760 1075 1830 περίεργον
1105 1756 1244 1815 εἶναι
1265 1761 1433 1827 δόξειε
1457 1762 1519 1815 16
1541 1762 1647 1834 πρὸ
1665 1763 1774 1817 τῶν

1875 593 2121 632 raveram
2161 588 2460 632 oratorum.
2513 577 2625 648 Ego
2669 581 2785 650 ipse
2827 584 3109 637 victorian:
3144 583 3238 638 tibi
3273 587 3451 640 adhuc

1869 668 2054 739 juveni
2080 668 2463 735 concedebant,
2504 678 2760 740 tuamque
2786 674 3088 728 orationem
3130 690 3247 729 mea
3268 676 3450 745 splen-

1872 760 2140 815 didiorem
2167 761 2327 829 longe
2354 762 2683 828 arbitrabar,
2712 772 2767 817 et
2796 763 3126 820 halbutiente
3157 776 3210 822 te
3236 766 3303 821 de
3330 779 3449 821 stu-

1871 850 2084 905 diorum
2140 852 2352 907 ratione
2399 853 2784 922 praeludicavi,
2835 857 2929 911 sed
2980 857 3095 911 tunc
3132 857 3312 911 omnia
3355 856 3449 911 tibi

1875 942 2085 998 daemon
2143 945 2399 999 auferens
2447 944 2653 1016 eﬂugit,
2699 957 2756 1001 et
2801 947 2933 1002 mihi
2986 948 3225 1003 dolorem
3275 948 3448 1019 lacty-

1874 1048 2099 1103 masque
2128 1050 2225 1105 pro
2253 1044 2305 1090 te
2338 1036 2577 1107 reliquit.
2618 1038 2836 1094 Ornabo
2868 1048 2920 1094 te
2952 1039 3091 1094 ludis
3133 1040 3451 1095 funebribus

1873 1135 1929 1180 et
1972 1126 2276 1195 posteritati
2322 1143 2517 1183 nomen
2566 1130 2772 1184 tradam
2814 1139 2986 1194 tuum,
3021 1140 3075 1185 et
3119 1131 3220 1186 liae
3257 1130 3448 1186 saltem

1874 1227 2027 1287 parte
2058 1217 2358 1274 dmmouem
2388 1220 2622 1285 vincam,
2650 1231 2707 1274 ut
2748 1221 2838 1275 ille
2875 1222 3090 1289 quidem
3132 1236 3327 1291 corpus
3353 1224 3451 1277 ita-

1874 1309 2024 1374 beat,
2058 1308 2294 1363 animam
2327 1317 2500 1374 astra,
2528 1324 2715 1364 omnes
2745 1311 2992 1366 homines
3026 1312 3247 1368 fututam.

1944 1591 2032 1648 Ea:
2064 1593 2421 1662 Epithalamio
2450 1598 2518 1649 ad
2533 1596 2799 1652 Severum.
2824 1628 2894 1637 —
2917 1597 2999 1651 Ex.
3044 1599 3377 1668 prwfau'one.

1945 1750 2135 1819 Opera:
2178 1752 2410 1820 pretium
2452 1752 2677 1807 forsitan
2726 1754 2904 1809 visum
2948 1771 3053 1810 non
3081 1756 3266 1823 fuerit,
3324 1768 3450 1813 ante

186 1851 571 1920 ὲπιθαλαμίων
598 1850 937 1921 τεχνολογεϊν
959 1869 972 1883 ’
1030 1854 1167 1907 ὅπου
1199 1854 1309 1927 γὰρ
1350 1831 1638 1922 Ὑμέναιος
1678 1856 1772 1909 xui.

1879 1841 2227 1909 epithalamia
2259 1843 2552 1899 artiﬁciosa
2579 1844 2781 1899 dicere.
2807 1843 2942 1900 Nam
2974 1848 3063 1902 ubi
3105 1848 3446 1919 llyn-enams,

183 1944 345 2015 χοροὶ
394 1944 490 1997 καὶ
525 1945 813 2015 ποιητικῆς
849 1946 1179 2018 αὐτονομίας
1208 1948 1381 2013 ἄδεια,
1412 1948 1497 2011 τίς
1537 1948 1771 2002 ἐνταῦθα

181 2034 388 2104 τέχνης
419 2033 641 2104 καιρός;
682 2032 838 2086 Ἐπεὶ
861 2034 918 2087 δὲ
962 2035 1065 2106 χρὴ
1095 2036 1186 2089 τὸν
1231 2036 1568 2106 ἐπιστήμονα
1593 2035 1689 2089 καὶ
1714 2037 1773 2089 ὲν

183 2128 307 2189 τοῖς
334 2110 597 2189 τοιούτοις
632 2125 800 2196 μηδὲν
825 2125 955 2180 ἄνευ
986 2127 1183 2198 τέχνης
1218 2129 1414 2194 ποιεῖν,
1442 2128 1649 2199 βραχέα
1679 2128 1775 2182 καὶ

184 2217 321 2288 ’περὶ
356 2215 563 2270 τούτων
592 2217 769 2270 εἰπεῖν
819 2218 991 2283 ἄξιον.
1032 2220 1211 2272 Ἔστω
1262 2219 1444 2272 τοίνυν
1473 2220 1501 2270 6
1554 2220 1774 2290 ἄριστος

182 2307 571 2379 ὲπιθαλαμίων
622 2305 803 2361 κανὼν
848 2307 911 2361 τὸ
963 2309 1063 2381 τὴν
1114 2309 1213 2378 μὲν
1268 2308 1412 2373 λέξιν
1455 2308 1594 2379 πρὸς
1647 2309 1774 2372 τοὺς

187 2397 428 2467 ποιητὰς
456 2398 610 2469 όρᾷν,
652 2396 724 2450 τὰ
754 2397 1063 2469 πράγματα
1096 2398 1153 2451 δὲ
1176 2398 1313 2470 πρὸς
1350 2400 1449 2470 τὴν
1478 2398 1689 2470 χρείαν,
1713 2398 1775 2451 16

183 2488 248 2542 δὲ
276 2488 475 2560 μέτρον
519 2487 656 2559 πρὸς
689 2488 788 2561 τὴν
823 2488 1102 2544 ὑπόθεσιν.
1134 2482 1237 2543 Ὧν
1274 2491 1323 2543 εί
1364 2489 1584 2543 πάντων
1614 2492 1642 2544 6
1677 2489 1773 2544 λό-

185 2597 290 2649 γος
315 2580 664 2652 ἑστόχασται,
692 2579 1027 2651 σαφέστερον
1050 2580 1212 2646 δείξει
1242 2580 1304 2633 16
1334 2580 1699 2653 σύγγραμμα.

479 2693 550 2747 T6
575 2694 901 2764 Προοίμιον
921 2693 1027 2749 τοῦ
1062 2694 1481 2757 ἐπιθαλαμίου.

276 2783 595 2841 Ἀπόλλωνά
654 2803 789 2855 φασι
841 2789 980 2857 μετὰ
1020 2788 1120 2851 τὰς
1170 2788 1413 2859 μεγάλας
1464 2789 1657 2853 νίκας,
1709 2788 1776 2853 ἃς

186 2873 448 2946 πλήττων
472 2877 570 2946 τὴν
590 2877 761 2949 λύραν
782 2879 974 2950 ἤρατο,
992 2879 1244 2933 καὶκατὰ
1263 2880 1549 2935 παστάδων
1573 2880 1777 2951 ὴχῆσανι

190 2965 358 3035 μέλος
410 2967 699 3037 γαμήλιον.
754 2970 915 3036 Ἀγει
966 2969 1064 3023 καὶ
1117 2970 1442 3041 ’Δφροδίτην
1490 2969 1575 3039 ἐφ’
1623 2969 1777 3040 ἅρμα

186 3056 473 3126 Χαρίτων,
502 3058 597 3111 καὶ
622 3058 782 3130 χορὸν
816 3057 1067 3130 Ἐρώτων
1102 3061 1506 3131 συμπαίστορα.
1536 3062 1647 3115 Καὶ
1678 3064 1778 3134 τῆς

1870 1933 2045 1999 chori,
2104 1935 2438 2004 poeticaeque
2482 1934 2747 1989 libertatis
2788 1936 3005 1992 licentia
3055 1950 3160 2005 est,
3196 1941 3318 2009 quis
3376 1941 3448 1995 ibi

1872 2026 1974 2080 arti
2008 2026 2196 2081 locus?
2223 2027 2353 2081 Cum
2403 2037 2581 2082 autem
2620 2029 2673 2083 in
2708 2029 2797 2084 his
2835 2030 2965 2098 ipsis
3016 2032 3132 2086 sine
3161 2042 3278 2087 arte
3318 2032 3451 2087 nihil

1873 2116 2109 2186 peritmn
2174 2118 2357 2173 facere
2413 2130 2687 2190 oporteat,
2759 2121 2999 2176 breviter
3047 2124 3113 2175 de
3164 2123 3249 2178 his
3302 2123 3450 2192 loqui

1872 2209 2070 2265 visum.
2107 2209 2190 2264 Sit
2239 2210 2401 2285 igitur
2428 2211 2543 2267 hate
2578 2213 2780 2280 Optima
2819 2214 3295 2282 epithalamiorum
3320 2231 3451 2270 nor-

1875 2315 1983 2366 ma,
2016 2301 2368 2373 considerare
2399 2303 2587 2369 verba,
2622 2313 2680 2357 ut
2711 2306 2762 2357 in
2797 2305 3022 2373 poeticis
3054 2305 3215 2371 solet,
3249 2321 3359 2360 rem
3395 2316 3453 2361 ut

1873 2391 1926 2446 in
1960 2391 2111 2446 ebria
2135 2370 2480 2457 ,‘modulum,
2515 2409 2613 2463 pro
2655 2370 2956 2464 argumenti
2988 2370 3218 2451 ratione.
3243 2397 3452 2464 Quibus

1872 2482 2126 2537 omnibus
2155 2483 2201 2538 si
2233 2484 2527 2539 accesserit
2551 2485 2748 2552 oratio,
2780 2485 3108 2555 apertiorem
3136 2497 3448 2543 contextum

1873 2572 2083 2628 reddet.

2295 2685 2645 2754 Epithalamii
2677 2684 3021 2743 Prommium.

1943 2773 2148 2829 Ferunt
2204 2774 2513 2844 Apollinem
2590 2786 2712 2846 post
2772 2777 3108 2834 clarissimas
3165 2779 3448 2847 victorias,

1874 2880 2010 2935 quas
2049 2865 2295 2921 feriendo
2337 2865 2506 2937 lyram
2556 2868 2848 2930 adamavit.
2896 2869 2963 2925 ad
3019 2871 3284 2929 thalamos
3312 2889 3449 2928 cou-

1870 2957 2054 3028 jngale
2098 2959 2364 3014 cecinisse
2418 2958 2608 3013 melos.
2651 2959 2917 3016 Venerem
2969 2962 3133 3017 etiam
3183 2964 3236 3018 in
3285 2979 3448 3020 curru

1876 3050 2183 3106 Gratiarum
2224 3060 2281 3106 et
2313 3051 2574 3105 Amorum
2617 3052 2842 3107 chorum
2877 3052 3235 3109 colludentem
3279 3056 3449 3123 ducit,

191 3146 298 3218 μὲν
325 3146 567 3219 ὑακίνθῳ
615 3148 714 3213 τὰς
748 3149 926 3221 κόμας
972 3150 1266 3220 σφίγξασα,
1312 3152 1451 3223 πλὴν
1487 3153 1610 3207 ὅσαι
1644 3170 1772 3226 μετ-

1879 3152 1932 3199 et
1968 3147 2146 3200 crines
2180 3144 2311 3198 llore
2342 3142 2631 3214 hyacintho
2672 3145 3052 3216 constringens
3091 3146 3226 3217 (13).
3254 3159 3453 3217 praeter

184 3238 329 3310 ὠπῳ
350 3239 398 3271 ⁸⁵
430 3241 767 3312 μερίζονται,
804 3243 902 3307 τὰς
950 3242 1144 3307 λοιπὰς
1172 3246 1292 3307 ταῖς
1320 3242 1516 3315 αὔραις
1558 3245 1772 3317 ἀφῆκεν

190 3330 616 3402 ὐποκυμαίνειν,
640 3334 690 3387 εί
741 3333 1030 3405 πλήττοιεν
1052 3350 1066 3364 ·
1110 3334 1220 3388 τῶν
1248 3334 1398 3389 δὲτὰ
1447 3336 1621 3408 πτερὰ
1677 3336 1772 3389 καὶ

187 3421 321 3484 τοὺς
353 3420 687 3493 βοστρύχους
713 3423 901 3495 χρυσῷ
953 3425 1281 3495 κοσμήσασα
1313 3425 1423 3496 πρὸ
1450 3424 1543 3478 τοῦ
1581 3424 1770 3495 δίφρου

191 3511 421 3566 σπεύδει
463 3512 512 3546 ⁸⁸
567 3513 956 3579 πολιτεύοντας
998 3516 1093 3569 καὶ
1124 3516 1169 3548 ⁸⁷
1218 3516 1350 3587 δᾷδα
1399 3516 1684 3580 κινοῦντας
1724 3516 1772 3549 ⁸⁸

194 3604 515 3675 μετάρσιον.
581 3604 737 3659 Ἐπεὶ
777 3606 836 3659 δὲ
887 3607 1104 3661 Πέλοπα
1151 3608 1201 3661 oi
1251 3611 1352 3678 τῆς
1392 3607 1773 3678 Ἱπποδαμείας

185 3695 352 3749 πόθοι
406 3694 535 3768 [597
586 3694 682 3769 8.]
726 3697 933 3769 Ἔρωτι
985 3698 1082 3752 καὶ
1142 3699 1433 3771 Ἀφροδίτῃ
1490 3698 1773 3769 λατρεύειν

186 3783 620 3852 £ne:oav,g161s
672 3787 767 3839 καὶ
806 3789 834 3840 6
875 3787 1148 3841 Ἀπόλλων
1167 3788 1259 3843 τὸν
1313 3788 1422 3842 τῶν
1482 3788 1772 3859 Νηρηΐδων

185 3876 352 3947 χορὸν
380 3875 644 3948 ἁθροίσας
677 3878 859 3949 ἵστησι
895 3879 995 3951 μὲν
1033 3879 1183 3950 αύτῷ
1234 3881 1355 3934 κατ’
1405 3880 1581 3951 ἄκρας
1617 3880 1774 3951 ⁴ᾐόνος

182 3966 286 4020 τὸν
335 3967 617 4039 θάλαμον·
657 3969 810 4040 κῦμα
836 3970 894 4024 δὲ
943 3966 1033 4041 ἦν,
1068 3966 1245 4041 οἶμαι,
1287 3973 1315 4025 6
1356 3971 1595 4042 θάλαμος
1635 3987 1773 4042 πορ-

185 4055 364 4128 φῦρόν
391 4058 436 4089 ⁸⁹
465 4074 527 4112 τε
558 4058 654 4112 καὶ
686 4059 1002 4131 μετάρσιον,
1025 4061 1165 4133 ὑπὲρ
1191 4061 1286 4114 τοῦ
1316 4060 1509 4131 λέχους
1538 4060 1774 4132 κυρτού-

188 4168 360 4223 μενον
382 4192 398 4218 ,
430 4152 517 4207 ἴνα
538 4154 790 4210 παστάδα
822 4155 1150 4227 μιμήσηται.
1177 4150 1284 4209 Ἦν
1311 4155 1428 4219 θεὸς
1456 4156 1550 4210 καὶ
1578 4154 1737 4225 φύσις
1755 4170 1771 4186 ο

184 4239 289 4294 καὶ
319 4241 347 4293 6
376 4240 474 4310 μὲν
496 4241 668 4296 ἐδεῖτο
688 4243 879 4312 γονῆς,
910 4244 944 4314 ή
975 4243 1032 4297 δὲ
1062 4244 1157 4297 τοῦ
1189 4246 1437 4298 κυΐσκειν
1465 4244 1770 4316 μέλλοντος.

187 4330 359 4404 [1116
387 4332 485 4406 Β.]
510 4335 627 4388 Ἰνα
643 4335 707 4406 δὴ
736 4334 912 4390 ταῦτα
940 4335 1194 4407 ἄρξηται,
1235 4337 1475 4408 θάλαμος
1498 4337 1576 4408 τῷ
1608 4336 1775 4391 παντὶ⁹

182 4424 252 4478 τὸ
281 4425 390 4478 πᾶν
412 4425 644 4495 ἐγίνετο.
682 4426 778 4480 Ἐκ
808 4427 865 4480 δὲ
883 4426 946 4499 δὴ
966 4428 1076 4481 τῶν
1099 4428 1294 4499 γάμων
1317 4427 1523 4483 τούτων
1548 4428 1775 4500 οὐρανὸς

1876 3252 1971 3293 eos
2013 3236 2105 3305 qui
2155 3236 2332 3291 fronte
2382 3236 2717 3303 dividuntur,
2774 3237 3010 3305 reliquos
3063 3248 3225 3293 vento
3268 3239 3448 3309 spargi

1878 3328 2163 3398 permittit,
2193 3326 2337 3382 lorte
2368 3326 2420 3381 in
2456 3327 2569 3397 lyra
2598 3327 2896 3382 illidantur.
2930 3326 3133 3383 Horum
3175 3344 3305 3384 vero
3335 3330 3450 3385 alas

1877 3429 1933 3475 et
1965 3418 2242 3474 caasmiem
2281 3433 2414 3473 auro
2452 3418 2711 3484 vestiens,
2738 3427 2864 3472 ante
2901 3432 3121 3473 currum
3157 3420 3318 3474 mittit
3349 3421 3451 3475 mi-

1879 3509 2197 3574 nistrantes,
2227 3518 2281 3564 et
2318 3509 2457 3564 altas
2499 3509 2806 3579 quatientes
2836 3510 3002 3565 faces.
3041 3510 3175 3566 Cum
3204 3526 3331 3567 vero
3356 3510 3454 3567 Pe-

1878 3599 1988 3669 lopi
2024 3601 2382 3671 persuasisset
2431 3616 2585 3655 amor
2616 3599 2985 3670 Hippodamia:
3027 3602 3163 3672 (44),
3201 3600 3449 3673 utCnpi-

1877 3690 1991 3746 dini
2034 3701 2089 3747 et
2120 3691 2315 3748 Veneri
2356 3692 2615 3757 serviret,
2658 3700 2769 3746 tum
2814 3692 2976 3747 etiam
3006 3694 3195 3762 Apollo
3225 3693 3452 3751 collecto

1877 3783 2167 3841 Nereidum
2206 3786 2396 3852 choro,
2436 3786 2490 3841 in
2532 3801 2747 3842 summo
2795 3786 2977 3842 littore
3025 3788 3101 3843 illi
3152 3791 3451 3847 thalamum

1877 3874 2090 3941 statuit,
2125 3872 2278 3942 cujus
2319 3874 2493 3930 vicem
2537 3875 2679 3930 unda
2724 3875 2890 3931 dense
2937 3877 3159 3947 agitata,
3200 3889 3257 3934 et
3282 3882 3454 3936 subli-

1879 3966 1983 4022 mis
2009 3966 2062 4021 in
2095 3965 2219 4021 lecti
2254 3982 2456 4021 morem
2495 3966 2653 4030 ﬂexa,
2699 3967 2772 4021 ita
2807 3978 2868 4023 ut
2903 3968 3120 4024 thorum
3152 3970 3456 4027 imitaretur

1880 4057 2164 4125 implebat.
2212 4056 2383 4111 Erant
2430 4056 2540 4112 illic
2575 4056 2708 4112 deus
2729 4065 2785 4112 et
2831 4068 3059 4115 natura:
3108 4057 3198 4114 ille
3240 4060 3455 4129 quidem

1879 4148 1991 4203 fetu
2050 4147 2344 4219 indigebat,
2393 4148 2510 4203 haec
2555 4163 2687 4205 vero
2725 4164 2846 4221 quae
2876 4160 3113 4220 pareret.
3158 4149 3229 4206 Ut
3273 4162 3455 4206 autem

1879 4241 1995 4297 haec
2048 4241 2465 4308 inchoarentur,
2528 4242 2712 4298 omnia
2762 4242 3018 4298 omnibus
3064 4257 3161 4313 pro
3219 4242 3458 4298 thalamo

1880 4342 2060 4389 erant.
2113 4331 2191 4387 Ex
2229 4331 2315 4387 his
2369 4332 2557 4402 utique
2605 4332 2811 4403 nuptiis
2854 4333 3050 4387 cmlum
3101 4331 3214 4402 (15}
3264 4341 3318 4387 et
3371 4335 3454 4389 sol

1882 4430 2138 4493 generata
2186 4429 2335 4486 sunt,
2394 4429 2663 4477 astrorum
2722 4431 2918 4486 caatus,
2976 4420 3117 4474 luna:
3179 4422 3453 4492 Splendor,

184 4512 451 4584 γεννᾶται
482 4518 578 4571 καὶ
608 4517 780 4588 ἥλιος,
839 4518 919 4572 ἐτι
969 4519 1024 4573 δὲ
1071 4520 1291 4589 ἄστρων
1332 4520 1512 4591 χορὸς,
1547 4520 1772 4592 σελήνης

1882 4524 2111 4583 uterque
2141 4513 2319 4583 polus,
2354 4513 2560 4568 circum
2595 4511 2794 4582 367a
2821 4526 2958 4582 quos
3008 4514 3217 4580 primus
3257 4514 3459 4583 prima-

186 4605 419 4675 φέγγος,
451 4607 543 4659 καὶ
569 4606 747 4660 διπλοῖ
776 4607 949 4671 πόλοι,
980 4608 1108 4679 περὶ
1147 4607 1241 4672 οὓς
1276 4609 1309 4679 η
1343 4607 1534 4680 πρώτη
1565 4608 1779 4678 γένεσις

182 4696 302 4749 τῶν
331 4696 564 4768 πρώτων
592 4696 687 4750 τοῦ
756 4697 881 4752 θεοῦ
914 4698 1109 4768 γάμων
1146 4698 1434 4753 ἑλίττεται.
1482 4698 1779 4771 Δευτέρους

184 4785 253 4856 δὴ
276 4785 418 4855 μετὰ
432 4785 654 4850 τούτους
682 4788 896 4858 γάμους
927 4785 1184 4841 Ὠκεανοῦ
1209 4788 1305 4841 καὶ
1328 4784 1591 4858 Τηθύοςή
1619 4786 1780 4856 φύσις

185 4875 394 4941 ἔδειξεν
419 4878 488 4942 ⁶⁰,
520 4878 612 4948 ἀφ’
646 4872 721 4933 ὧν
753 4879 1035 4949 ἀνίσχουσι
1062 4878 1161 4949 μὲν
1191 4879 1428 4949 ποταμοὶ
1449 4879 1547 4933 καὶ
1567 4878 1775 4949 λίμναι,

184 4966 271 5021 ἔτι
306 4967 363 5021 δὲ
393 4970 592 5040 κρῆναι
624 4970 720 5023 καὶ
748 4970 927 5039 πηγαὶ
954 4971 1049 5023 καὶ
1087 4970 1300 5040 φρέατα
1341 4970 1436 5023 καὶ
1487 4970 1521 5041 ἡ
1556 4968 1776 5023 πάντων

187 5060 384 5132 μήτηρ
413 5063 669 5132 ναμάτων
714 5063 981 5129 θάλασσα,
1021 5061 1263 5115 τίκτεται
1292 5060 1350 5114 δὲ
1376 5061 1470 5115 καὶ
1500 5061 1645 5131 φυτὰ
1677 5061 1774 5115 καὶ

185 5148 333 5216 ζῶα,
386 5151 484 5205 καὶ
516 5152 588 5224 γῆ
618 5154 875 5220 οίκεῐται,
924 5152 1021 5207 καὶ
1055 5151 1118 5204 16
1161 5150 1458 5223 νηχόμενον
1505 5150 1776 5222 λαμϐάνει

1882 4622 2003 4661 rum
2074 4605 2386 4675 nuptiarum
2446 4604 2537 4659 Dei
2613 4614 2768 4658 ortus
2830 4604 3082 4657 volvitur.
3146 4604 3455 4659 Secumlum

1882 4697 2078 4752 deinde
2106 4696 2433 4752 connubium
2460 4694 2684 4762 Oceani,
2717 4703 2770 4749 et
2795 4693 3035 4766 Tethyos
3062 4704 3251 4749 natura
3283 4693 3459 4768 [mou-

1881 4787 2099 4859 stravit]
2132 4805 2161 4843 a
2203 4788 2402 4857 quibus
2446 4786 2557 4841 nati
2599 4786 2745 4841 ﬂuvii
2781 4797 2837 4842 et
2861 4786 3034 4852 lacus,
3070 4786 3456 4856 scaturigines,

1881 4889 1936 4933 et
1967 4876 2165 4941 fontes,
2195 4874 2371 4945 putei,
2396 4873 2749 4945 omniumque
2780 4888 3041 4943 aquarum
3071 4885 3233 4943 caput
3274 4889 3455 4942 mare;

1882 4968 1972 5023 hic
2016 4975 2197 5020 autem
2258 4974 2398 5019 natae
2428 4964 2644 5034 plantat,
2698 4975 2752 5020 et
2787 4963 3084 5032 animalia;
3137 4966 3264 5021 hinc
3312 4975 3454 5020 terra

1882 5058 2173 5124 incolitur;
2214 5056 2342 5111 hinc
2383 5055 2561 5126 pisces
2591 5054 2820 5112 assumit
2854 5072 3039 5125 mare;
3075 5058 3202 5112 hinc
3240 5056 3339 5111 alis
3364 5072 3458 5125 pe—

1881 5149 2169 5205 netrabilis
2217 5162 2332 5203 aer.
2381 5146 2663 5203 Postremo
2715 5162 2847 5203 vero
2901 5148 3227 5204 connubium
3280 5148 3455 5216 ipsum

1501 5304 1734 5362 VARUE
1767 5305 2169 5363 LECTIONES.

260 5434 310 5469 ⁸⁸
342 5434 591 5504 κρεῖττον
614 5449 674 5496 ς’.
775 5428 1125 5504 ⁸⁸ημετὼπων
1180 5427 1242 5482 Β.
1336 5430 1384 5463 ⁵⁸
1414 5427 1626 5504 σπένδει
1657 5426 1723 5481 Δ.

181 5506 232 5540 ⁸³
270 5498 595 5574 πορφυροῦν
641 5519 704 5566 ς.
815 5498 869 5533 ⁶⁰⁷
895 5499 1093 5564 ἔδειξεν
1137 5514 1246 5554 om.
1296 5514 1381 5570 pr.
1413 5498 1478 5554 υ.

1829 5428 1874 5461 ⁵⁷
1910 5429 2007 5484 καὶ
2035 5444 2145 5486 om.
2181 5428 2247 5485 A.

2346 5427 2393 5461 ⁵⁸
2418 5427 2550 5500 δᾷδα
2582 5424 2889 5494 κινοῦνταξ]
2918 5423 3289 5490 διακινοῦντας
3317 5422 3379 5479 C.

1752 5605 1962 5665 NOTAE
1974 5646 1989 5663 .

262 5708 379 5779 (15)
414 5705 602 5774 Quam
648 5706 801 5777 jocus
832 5701 1160 5779 circumvolet
1189 5714 1223 5779 ,ξ
1252 5711 1303 5779 et
1340 5701 1553 5779 cupido.

339 5770 371 5791 ,,
420 5770 453 5774 η
648 5770 665 5777 -
938 5774 1148 5844 υιυωι.
1181 5770 1283 5826 0d.
1318 5786 1380 5841 ιι,
1407 5782 1459 5827 et
1480 5770 1695 5843 Lamb.)

1953 5698 2067 5767 (44)
2108 5699 2376 5758 Pindarus
2401 5696 2505 5767 Od.
2542 5712 2581 5761 ι,
2616 5694 2825 5765 Olymp.

1948 5766 2059 5844 (15)
2090 5768 2307 5827 llesiod.
2346 5770 2398 5826 in
2437 5766 2695 5836 Tlteogon.
