3924 6430
460 366 590 432 1351

1611 366 1874 427 ΡΗΟΤΙΙ
1914 366 2418 428 PATRIARCIUE
2439 369 2547 432 ΟΡ.

3564 379 3696 442 1352

457 480 729 536 hominem
783 475 1266 547 contemplatorem
1323 477 1653 548 divinarum,
1699 490 2031 536 terrenarum

2141 477 2385 534 θάλασσα
2427 483 2498 546 ⁸³,
2551 481 2646 534 καὶ
2692 481 2800 554 ἀὴρ
2851 483 3022 556 ἐφάνη
3063 485 3250 558 πτερῷ
3285 487 3612 560 πορεύσιμος
3631 494 3696 548 ε’.

457 587 584 626 vero
623 570 872 640 Opiﬁcem
908 583 1088 623 rermn
1116 569 1375 638 produxit
1411 569 1712 640 (hominem
1747 573 1893 626 enim
1927 583 2035 627 ter-

457 682 530 720 ra:
558 680 680 720 esse
710 662 900 727 lilium,
932 670 988 716 et
1035 662 1268 716 Atticam
1302 670 1494 726 partus
1524 662 1708 718 dolore
1736 663 1891 733 quasi
1926 664 2037 719 dis-

420 751 669 827 "ruptam
728 755 834 808 tale
898 768 1117 823 germen
1164 754 1519 825 produxisse,
1581 754 1785 808 ludicra
1845 754 2038 810 Atticm

457 847 752 902 venustatis
806 844 981 900 fabula
1040 845 1351 917 confinxit).
1392 846 1701 914 Quinetiam
1771 846 2032 900 Venerem

459 937 628 1008 ipsam
680 940 733 992 in
783 941 915 994 mari
963 931 1289 1004 latitanteiv,
1340 938 1526 994 fractis
1572 951 1730 1008 partu
1762 937 2032 1002 ﬂuctibus,

460 1029 568 1084 Soli
630 1029 1000 1096 splendentem
1057 1031 1259 1084 caedem
1305 1030 1505 1096 nuptia:
1551 1031 1940 1086 exhibuerunt.
1978 1029 2036 1085 Si

456 1132 510 1176 et
536 1120 818 1174 ﬂuviorum
871 1136 1084 1175 autores
1138 1121 1319 1175 dicere
1366 1122 1679 1190 inciperem,
1718 1138 1947 1192 magnus
1979 1135 2039 1178 se

458 1215 669 1269 dicendi
707 1230 929 1284 campus
961 1214 1204 1271 odcrrct.
1236 1214 1368 1267 Nam
1394 1214 1618 1285 diligere
1643 1230 1832 1271 omnes
1859 1217 2034 1286 ipsum

460 1319 612 1358 mare
642 1305 914 1368 videntur,
951 1305 1176 1372 ideoque
1208 1304 1257 1357 in
1288 1304 1412 1358 illud
1448 1305 1614 1360 citato
1643 1321 1806 1360 cursu
1833 1317 1883 1362 et
1919 1307 2038 1361 fon-

463 1398 603 1452 tibus
652 1397 849 1452 deferri
887 1395 1062 1467 [quasi
1105 1397 1246 1450 inter
1291 1411 1350 1451 se
1377 1407 1562 1451 mutuo
1591 1407 1650 1450 ut
1689 1399 1915 1453 amicam
1946 1415 2038 1455 co-

457 1501 653 1542 nuntur
674 1487 976 1560 amplecti].

526 1761 638 1817 Hoc
658 1761 992 1832 verofervet,
1011 1776 1073 1816 ac
1091 1760 1386 1817 deleetatur
1400 1762 1453 1816 in
1473 1776 1676 1817 morem
1703 1761 1822 1818 lecti
1849 1762 2034 1817 sinua—

456 1863 602 1922 tum;
629 1854 781 1924 quasi
812 1863 995 1908 contra
1014 1853 1148 1909 alios
1189 1851 1385 1907 ﬂuvios
1407 1854 1711 1915 exsultans,
1743 1853 1883 1922 quod
1914 1853 2033 1907 solo

455 1947 683 2016 Neptuni
709 1962 893 2003 amore
912 1957 1178 2002 teneatur.
1208 1945 1297 2001 Sic
1317 1946 1537 2002 ﬂumina
1561 1947 1842 2016 arqualiter
1862 1946 2036 2000 orien-

456 2035 528 2089 tia
559 2048 610 2090 et
630 2035 916 2103 aequaliter
938 2051 965 2088 a
991 2036 1150 2088 simili
1181 2035 1390 2104 origine
1410 2035 1657 2097 deducta,
1692 2035 2034 2088 communio-

455 2139 577 2180 nem
625 2126 951 2182 dilexerunt.
988 2125 1187 2180 Fertur
1239 2126 1366 2179 olim
1404 2125 1684 2196 Olympias
1733 2125 2028 2178 Alexandri

455 2227 610 2290 partu
633 2219 778 2284 felix,
812 2218 1045 2273 Cabirou
1099 2221 1352 2289 mysteria
1385 2219 1437 2272 in
1469 2218 1868 2283 Samothracia,
1898 2234 2033 2286 per-

454 2310 696 2381 agenda,
772 2309 983 2364 vidisse
1037 2325 1151 2364 rem
1208 2311 1442 2363 divinam
1509 2323 1675 2379 agens
1730 2308 2033 2378 Philippum

454 2405 750 2458 etiamnum
797 2402 1070 2471 juvenem,
1106 2411 1160 2456 et
1215 2402 1445 2455 videndo
1486 2416 1673 2455 amore
1716 2412 1951 2471 captam,
1982 2413 2036 2459 et

453 2495 607 2563 quasi
645 2494 951 2564 nuptiarum
986 2504 1107 2547 rota
1146 2494 1201 2548 in
1234 2493 1402 2547 sacris
1433 2492 1651 2548 fecisse.
1683 2492 1895 2562 Sponsa
1934 2509 2034 2548 au-

456 2597 563 2640 tent
600 2588 815 2656 generis
858 2586 1082 2655 stirpem
1133 2585 1399 2640 referebat
1431 2585 1497 2638 ad
1538 2585 1782 2639 Thracite
1815 2588 2047 2656 quidem-

455 2679 770 2746 indigenas,
834 2679 925 2733 sed
983 2679 1071 2745 qui
1121 2693 1148 2731 ιι
1211 2678 1427 2747 regibus
1481 2688 1660 2733 ortqu
1723 2680 2029 2734 trahebant.

453 2771 676 2826 Florent
716 2772 940 2842 perinde
972 2780 1028 2824 ιιι
1070 2771 1219 2826 verni
1273 2771 1494 2836 calices,
1546 2783 1606 2825 ut
1652 2788 1768 2826 uva:
1812 2774 2036 2842 ejusque

453 2860 593 2928 agri,
651 2875 770 2929 qum
832 2875 937 2914 uno
990 2871 1229 2927 tempore
1258 2899 1272 2923 ,
1317 2871 1371 2914 et
1411 2858 1644 2926 ﬂorent,
1688 2872 1740 2916 et
1790 2863 2034 2918 avellun-

459 2961 581 3014 tur,
619 2961 978 3019 temperantes
1026 2952 1206 3014 ambo,
1235 2947 1420 3005 fat-iles
1455 2944 1712 3016 moribus,
1747 2952 1876 3007 solis
1901 2968 2035 3021 0pc-

456 3041 610 3096 rihus
673 3043 1011 3098 naturalibus
1075 3059 1102 3095 a
1177 3059 1237 3098 se
1302 3043 1529 3100 invicem
1597 3044 1848 3113 sejuncti.
1907 3044 2034 3100 Ilaec

453 3144 627 3188 artem
692 3133 944 3189 Minerva:
1004 3135 1342 3199 laniﬁcium,
1394 3136 1484 3190 ille
1543 3136 1816 3192 laboribus
1887 3138 2030 3193 Mer-

454 3226 589 3280 curii
644 3236 982 3279 venustatem
1039 3239 1366 3282 consecutus
1412 3236 1530 3291 est;
1572 3229 1686 3283 hzec
1734 3229 1800 3284 de
1855 3231 2028 3298 radio,

454 3316 543 3371 ille
575 3319 641 3370 de
689 3332 943 3373 sermone
981 3318 1270 3373 sollicitus.
1310 3318 1402 3373 Ille
1447 3321 1661 3389 quidem
1695 3322 1874 3377 adhuc
1911 3325 2036 3378 ado-

453 3410 686 3473 lescens,
743 3410 971 3480 primam
1019 3410 1194 3465 mtatis
1236 3411 1543 3481 lanuginem
1599 3414 1870 3481 producit.
1919 3414 2032 3468 lure

451 3515 583 3553 vero
644 3500 841 3555 nubilis
893 3501 1154 3556 redditur.
1210 3501 1503 3568 Cupidines
1570 3517 1600 3557 e
1651 3504 1790 3557 rosis
1833 3503 2030 3576 367D

451 3591 684 3644 corollas
727 3601 1029 3653 nectentes,
1075 3607 1211 3660 quas
1237 3608 1266 3645 e
1299 3590 1525 3648 Veneris
1556 3595 1869 3664 decerpunt,
1906 3613 2028 3651 cum

451 3683 602 3747 libet,
645 3683 840 3746 hortis,
879 3683 1119 3736 thalamo
1159 3687 1515 3751 suspendunt.
1563 3685 1769 3750 Suada,
1805 3687 2030 3743 Deside-

450 3775 615 3835 rium,
645 3782 699 3827 et
730 3772 955 3843 Cupido,
993 3788 1210 3826 omnem
1254 3775 1347 3827 tibi
1377 3787 1630 3829 ornatum
1683 3779 2027 3832 addiderunt.

448 3864 657 3934 Cupido
682 3864 878 3918 insidet
909 3866 1102 3928 oculis,
1146 3865 1269 3918 inde
1299 3867 1618 3921 mirabiliter
1649 3869 2026 3938 resplendens.

449 3957 786 4011 Desiderium
859 3972 1022 4026 genas
1115 3957 1522 4016 rubienudiores
1602 3962 1797 4026 reddit,
1867 3977 2026 4032 quam

451 4061 698 4100 rosarum
732 4047 926 4100 calices
961 4057 1176 4114 natura,
1205 4050 1420 4117 quando
1460 4065 1626 4104 verno
1660 4061 1902 4122 tempore
1927 4056 2028 4110 sub

450 4137 664 4188 initium
700 4147 902 4204 aperta:
950 4139 1179 4192 summis
1228 4138 1371 4192 foliis
1401 4140 1718 4197 rubescunt.
1758 4145 1938 4198 Suada
1975 4147 2026 4200 in

447 4225 610 4279 labiis
646 4226 752 4280 tuis
803 4226 1076 4290 habitans,
1118 4215 1345 4297 gratiam
1385 4246 1536 4285 suam
1569 4249 1691 4286 cum
1734 4236 1916 4291 verbis
1943 4238 2028 4291 iu-

447 4315 636 4370 stillat.
666 4315 722 4369 ln
755 4317 932 4385 capite
979 4318 1210 4386 plurima
1260 4319 1550 4376 cilloreseit
1591 4323 1728 4377 ﬂava
1759 4341 1934 4394 coma,
1972 4338 2026 4383 et

448 4409 501 4461 iu
534 4407 713 4463 fronte
755 4410 948 4464 divisa.
985 4410 1197 4464 Etenim
1228 4412 1271 4466 si
1302 4427 1400 4482 ego
1433 4425 1588 4470 natus
1635 4427 1792 4486 poeta
1821 4433 2022 4485 essem,

2141 567 2244 621 Τὸν
2273 569 2330 622 δὲ
2358 568 2560 642 θεωρὸν
2596 572 2694 642 μὲν
2736 573 2843 626 τῶν
2887 573 3064 637 θείων,
3096 577 3330 648 ἐργάτην
3380 579 3436 632 δὲ
3467 581 3573 632 τῶν
3611 585 3700 638 ἐπὶ

2137 661 2240 731 γῆς
2264 663 2605 733 πραγμάτων
2626 664 2908 736 ἄνθρωπον
2928 666 3157 722 ὕστατον
3175 672 3203 723 ὁ
3231 673 3410 740 γάμος
3451 673 3700 745 ἐγέννησε

2139 751 2224 820 (τὸ
2280 753 2388 824 γὰρ
2438 752 2545 822 γῆς
2601 754 2763 808 παῖδα
2808 757 3060 825 γενέσθαι
3111 759 3426 831 ἄνθρωπον,
3473 766 3566 817 καὶ
3608 768 3704 838 τὴν

2150 843 2403 914 Ἀττικὴν
2419 847 2680 916 ραγεῖσαν
2706 847 2866 902 ὠδῖνα
2881 850 3132 905 τοσοῦτον
3157 851 3459 923 βλαστῆσαι
3483 854 3705 926 βλάστη-

2140 949 2237 1003 μα,
2262 933 2430 1004 μῦθός
2452 937 2600 990 ἐστιν
2617 937 2865 1010 Ἀττικῆς
2885 941 3104 1012 χάριτος
3123 943 3414 1016 παίγνιον).
3429 940 3597 1012 Οὗτος
3615 953 3707 1004 καὶ

2136 1026 2238 1097 τὴν
2269 1028 2590 1100 Ἀφροδίτην
2631 1031 2800 1102 αὐτὴν
2835 1034 2976 1087 κατὰ
2997 1033 3269 1089 θάλασσαν
3301 1038 3667 1094 λανθάνουσαν
3688 1083 3705 1107 ,

2139 1122 2311 1194 ῥήξας
2353 1124 2429 1195 τῷ
2457 1126 2602 1196 τόκῳ
2649 1126 2719 1179 τὰ
2749 1127 2992 1198 κύματα,
3024 1130 3225 1198 ἔδειξεν
3271 1133 3407 1206 ἡλίῳ
3463 1139 3702 1207 μαρμαί-

2141 1214 2362 1292 ρουσαν.
2399 1221 2538 1285 Τοὺς
2588 1221 2645 1275 δὲ
2697 1223 2959 1294 ποταμῶν
3011 1224 3220 1296 ἔρωτας
3264 1231 3314 1282 εἰ
3365 1231 3546 1298 λέγειν
3593 1233 3711 1285 ἑθέ-

2139 1309 2283 1380 λοιμι
2313 1312 2378 1374 ⁵³,
2414 1313 2608 1384 μυρίος
2660 1313 2724 1367 ἂν
2774 1315 3037 1383 ποταμῶν
3074 1318 3316 1389 ἐπιρρέοι
3344 1321 3391 1352 ⁸⁵
3437 1318 3591 1392 ὄχλος
3634 1326 3710 1395 τῷ

2138 1401 2301 1473 λόγῳ.
2337 1405 2546 1467 Πάντες
2577 1401 2686 1474 γάρ
2733 1423 2823 1476 μοι
2857 1407 3074 1464 δοκοῦσι
3104 1410 3372 1481 Θαλάττης
3427 1415 3578 1486 ἐρᾷν,
3619 1419 3711 1470 καὶ

2137 1493 2224 1546 διὰ
2253 1494 2411 1547 τοῦτο
2442 1496 2528 1548 ἐπ’
2555 1497 2730 1568 αὐτὴν
2760 1499 2823 1550 ἐκ
2857 1499 3049 1569 πηγῶν
3089 1501 3271 1574 πολλῷ
3310 1504 3388 1575 τῷ
3435 1509 3589 1578 τάχει
3620 1526 3712 1561 κο·-

2142 1586 2418 1656 μίζεσθαι,
2457 1587 2645 1658 ῶσπερ
2694 1589 2852 1654 ἄλλος
2883 1591 2988 1662 πρὸ
3027 1593 3186 1648 ἄλλου
3212 1593 3257 1628 ⁶⁸
3289 1598 3390 1668 τήν
3429 1599 3708 1672 ἐρωμένην

2143 1677 2312 1730 θέλων
2339 1678 2713 1734 ἀσπάσασθαι.

2223 1770 2282 1824 ’0
2313 1770 2369 1824 δὲ
2401 1771 2657 1842 κυμαίνει
2690 1773 2782 1828 καὶ
2807 1775 3066 1845 τέρπεται
3097 1779 3390 1851 πορφύρων
3417 1799 3476 1834 τε
3505 1782 3601 1836 καὶ
3633 1785 3709 1845 εἰς

2142 1862 2387 1918 παστάδα
2422 1863 2815 1934 κυρτούμενος,
2857 1864 3064 1938 ῶσπερ,
3111 1863 3288 1938 οἶμαι,
3325 1871 3538 1940 φρονῶν
3573 1874 3711 1928 κατᾶ

2140 1959 2403 2028 ποταμῶν
2443 1961 2552 2012 τῶν
2585 1959 2783 2024 ἄλλων,
2813 1961 2894 2012 ὅτι
2923 1960 2986 2031 δὴ
3021 1961 3179 2030 μόνος
3210 1963 3336 2026 τοὺς
3374 1963 3420 1995 ⁸⁵
3450 1966 3710 2019 Ποσειδῶ-

2138 2067 2225 2113 νος
2254 2051 2454 2115 πόθους
2476 2051 2853 2106 πεπίστευται.
2880 2052 3034 2105 Οὕτω
3055 2054 3148 2106 καὶ
3171 2047 3336 2120 οὗτοι,
3357 2055 3553 2125 φύντες
3587 2058 3708 2122 ἴσως

2138 2143 2232 2194 καὶ
2265 2142 2630 2213 ὲκτραφέντες
2653 2143 2874 2213 ὁμοίως,
2908 2141 3003 2196 ἀπ’
3033 2144 3160 2198 ἴσων
3181 2147 3434 2201 ἁπάντων
3473 2151 3571 2218 τῆς
3604 2169 3698 2203 κοι-

2138 2233 2334 2296 νωνίας
2377 2235 2718 2306 ἠράσθησαν.
2763 2234 2998 2308 ᾼέγεταί
3050 2254 3178 2290 ποτε
3227 2238 3321 2291 καὶ
3381 2239 3708 2310 Ὀλυμπιάδα

2137 2323 2236 2396 τὴν
2280 2325 2373 2378 ἐπὶ
2405 2328 2518 2390 τοῖς
2559 2327 2907 2399 Ἀλεξάνδρου
2941 2329 3118 2392 τόκοις
3161 2330 3452 2399 εὐδαίμονα
3477 2372 3492 2396 ,
3529 2334 3706 2401 ὀργιά-

2140 2417 2341 2482 ζουσαν
2386 2418 2454 2473 τὰ
2499 2418 2788 2490 Καϐείρων
2822 2420 2878 2471 ἐν
2905 2421 3232 2492 Σαμοθρᾴκῃ
3259 2423 3552 2492 μυστήρια,
3587 2425 3705 2476 ἰδεῖν

2141 2509 2285 2560 κατὰ
2332 2507 2430 2578 τὴν
2470 2507 2690 2578 τελετὴν
2721 2509 2811 2562 τὸν
2850 2511 3114 2563 Φίλιππον
3143 2508 3229 2582 (ἦν
3259 2511 3316 2564 δὲ
3346 2514 3390 2545 ⁸⁷
3435 2515 3708 2585 ὑπηνήτης

2141 2597 2270 2668 ἔτι),
2309 2599 2522 2652 ίδοῦσάν
2547 2618 2606 2653 τε
2648 2602 2943 2671 ἐρασθῆναι
2969 2602 3060 2655 τοῦ
3094 2605 3374 2658 νεανίσκου
3401 2607 3497 2658 καὶ
3521 2608 3706 2676 ὁμολο-

2140 2689 2210 2758 γῆ
2222 2705 2312 2742 σαι
2341 2689 2432 2742 τὸν
2458 2690 2656 2760 γάμον,
2693 2692 2984 2763 προτέλειά
3006 2711 3064 2745 τε
3096 2696 3467 2768 ποιησαμένην
3489 2699 3582 2751 τοῦ
3617 2718 3707 2766 γα-

2142 2780 2337 2850 μηλίου
2367 2782 2537 2852 πυρὸς
2564 2782 2630 2836 τὰ
2665 2784 2962 2855 μυστήρια.
2999 2785 3156 2849 Γένος
3176 2787 3232 2840 δὲ
3260 2791 3323 2859 τῇ
3359 2788 3542 2860 νύμφη
3573 2791 3706 2864 ep;-

2138 2873 2250 2926 κῶν
2281 2873 2348 2926 τὰ
2377 2873 2601 2944 πρῶτα,
2637 2876 2973 2946 αὐτόχθονες,
3009 2873 3185 2949 οἶμαι,
3232 2880 3376 2944 τινὲς
3403 2881 3449 2913 ⁸⁸
3491 2883 3583 2936 καὶ
3633 2887 3708 2947 είς

2139 2963 2447 3034 βασιλείους
2512 2967 2682 3038 τύχας
2732 2969 2831 3032 τὰς
2879 2970 2989 3025 ἄνω
3059 2971 3213 3042 ῥίζας
3273 2972 3704 3038 ἀναϐιϐάζοντες.

2149 3056 2483 3127 Ἀκμάζουσι
2525 3059 2624 3129 μὲν
2668 3059 2777 3132 γὰρ
2804 3061 2889 3114 ἐπ’
2931 3062 3053 3132 ῐσης
3079 3063 3264 3135 ὥσπερ
3301 3067 3510 3136 ἐαριναὶ
3549 3067 3710 3121 κάλυ-

2057 3174 2102 3234 C
2140 3165 2235 3211 κες
2262 3149 2356 3216 ἀφ’
2385 3150 2504 3213 ἐνὸς
2542 3151 2807 3222 λειμῶνος
2839 3154 2871 3224 ἢ
2903 3155 2948 3188 ⁸⁸
2975 3154 3220 3227 βότρυες,
3258 3157 3315 3211 αἳ
3345 3157 3466 3212 καθ’
3493 3159 3590 3214 ἕνα
3615 3160 3705 3214 καὶ

2139 3237 2437 3309 σχίζονται.
2476 3241 2762 3312 Σώφρονες
2797 3243 2982 3314 ἄμφω,
3014 3245 3178 3312 δεξιοὶ
3208 3247 3300 3300 τὸν
3347 3250 3566 3319 τρόπον,
3611 3252 3704 3320 μό-

2133 3349 2243 3396 νοις
2278 3335 2386 3397 τοῖς
2411 3333 2594 3403 ἔργοις
2624 3337 2738 3398 τοῖς
2767 3337 2906 3388 κατὰ
2937 3336 3100 3404 φύσιν
3127 3338 3459 3410 σχιζόμενοι.
3515 3341 3575 3393 'il
3611 3343 3705 3413 μὲν

2135 3424 2244 3494 γὰρ
2277 3425 2541 3478 ταλασίαν
2577 3425 2676 3497 τὴν
2714 3427 2942 3498 Ἀθηνᾶς
2984 3429 3200 3503 τέχνην,
3231 3432 3260 3483 ὁ
3289 3432 3344 3485 δὲ
3372 3435 3485 3497 τοῖς
3527 3435 3702 3498 πόνοις

2134 3515 2228 3586 τὴν
2265 3516 2466 3587 Ἑρμοῦ
2495 3518 2657 3586 χάριν
2691 3517 3045 3588 κεκάρπωται
3073 3537 3086 3550 ο
3119 3521 3211 3575 καὶ
3254 3525 3320 3594 τῇ
3357 3523 3456 3594 μὲν
3493 3529 3700 3595 κερκὶς,

2130 3607 2209 3677 τῷ
2247 3606 2304 3660 δὲ
2339 3607 2495 3676 λόγος
2533 3609 2702 3680 μέλει.
2748 3612 2806 3664 '0
2835 3611 2932 3682 μὲν
2961 3613 3243 3684 ὑπηνήτης
3272 3615 3374 3681 ἔτι,
3405 3618 3700 3688 πρωῖτερον

2130 3697 2226 3766 τῆς
2255 3697 2474 3768 ἡλικίας
2504 3698 2814 3769 βλαστήσας
2854 3701 3026 3754 ἴουλον
3055 3717 3070 3732 ⁶
3122 3705 3156 3773 ἡ
3202 3704 3258 3757 δὲ
3306 3706 3544 3777 ἀκμάζει
3581 3707 3701 3780 [598

2131 3787 2226 3860 1].]
2259 3793 2396 3859 πρὸς
2421 3791 2617 3862 γάμον,
2659 3793 2992 3864 "spumea
3039 3795 3207 3864 ῥόδων
3243 3799 3536 3866 στεφάνους
3579 3802 3700 3854 πλε·

2132 3881 2373 3952 ξάμενοι,
2402 3883 2496 3948 οὒς
2519 3884 2579 3951 ἐξ
2612 3886 2928 3955 Ἀφροδίτης
2945 3889 3158 3956 κήπων,
3182 3889 3308 3944 ὅταν
3335 3891 3546 3955 θέλωσι,
3582 3896 3700 3966 δρέο

2132 3990 2342 4039 πονται,
2377 3973 2474 4045 τὴν
2507 3977 2755 4030 παστάδα
2792 3980 2967 4032 πᾶσαν
2988 3979 3304 4036 ἀνάπτουσι.
3333 3983 3511 4037 Πειθὼ
3533 3987 3591 4039 δὲ
3612 3988 3698 4040 καὶ

2131 4065 2293 4119 Πόθοι
2322 4067 2416 4120 καὶ
2454 4068 2674 4138 ’Ἵμερος
2703 4069 2764 4122 τὸ
2799 4069 2889 4122 σὸν
2925 4072 2970 4102 ⁷⁰
2994 4071 3188 4137 κάλλος
3220 4073 3364 4129 ἅπαν
3398 4077 3695 4147 ἐνείμαντο,

2128 4157 2156 4209 ὁ
2182 4157 2280 4225 μὲν
2309 4156 2582 4228 ὲφιζάνων
2609 4163 2721 4224 τοῖς
2747 4161 2791 4194 τί
2812 4161 3045 4232 ὄμμασι,
3072 4166 3326 4219 κάκεῖθεν
3347 4168 3695 4239 ἑκπυρσεύων

2126 4249 2452 4319 ἀμήχανονο
2502 4252 2552 4304 οἱ
2603 4251 2657 4304 δὲ
2709 4253 2809 4317 τὰς
2863 4255 3098 4324 παρειὰς
3147 4257 3288 4310 αἰδοῖ
3336 4259 3696 4327 φοι-νίσσοντες

2127 4339 2294 4394 πλέον
2331 4342 2363 4414 ἢ
2399 4341 2498 4407 τὰς
2529 4343 2640 4396 τῶν
2677 4345 2844 4414 ῥόδων
2870 4347 2903 4415 ἡ
2935 4346 3098 4416 φύσις
3135 4349 3393 4414 κάλυκας,
3423 4352 3551 4404 ὅταν
3581 4355 3696 4423 ἠρι-

2125 4435 2248 4495 ναῖς
2301 4431 2473 4504 ὥραις
2524 4434 2629 4486 ὑπὸ
2676 4435 2778 4505 τῆς
2834 4438 3023 4508 ἀκμῆς
3085 4439 3396 4510 σχιζόμεναι
3455 4443 3697 4507 πετάλοις

445 4510 505 4554 ιιι
541 4501 705 4557 lihere
737 4503 801 4557 dc
833 4518 1029 4570 Sponsa
1067 4503 1319 4573 loquerer
1355 4505 1509 4573 juxta
1561 4508 1854 4563 thalamum
1886 4526 2021 4565 con-

2138 4523 2318 4594 ἰκροις
2347 4525 2392 4556 ⁷³
2415 4524 2770 4594 ὲρεύθωνται.
2795 4526 2974 4580 Πειθὼ
2996 4527 3052 4581 δὲ
3094 4530 3140 4562 ⁷³
3172 4531 3312 4585 κατὰ
3339 4531 3449 4586 τῶν
3482 4533 3697 4602 χειλέων

449 4592 669 4655 sistens,
699 4593 950 4648 For-tuum
988 4607 1042 4649 et
1073 4597 1435 4664 cupidinibus,
1467 4608 1522 4652 et
1550 4601 1892 4670 generalibus
1922 4604 2026 4659 diis

449 4695 570 4736 Vota
615 4683 873 4748 facerem,
926 4687 1010 4741 his
1046 4697 1101 4741 ut
1145 4689 1210 4742 ad
1244 4699 1545 4743 extremum
1601 4708 1770 4759 usque
1801 4696 2026 4764 Sagittas

450 4772 747 4836 vibrarent,
798 4775 869 4827 illi
917 4785 976 4829 ut
1019 4779 1178 4831 vitam
1228 4780 1411 4847 daret;
1464 4782 1641 4835 tertiis
1683 4783 1936 4853 denique,
1970 4800 2028 4844 ut

451 4862 702 4931 legitimae
753 4864 916 4930 prolis
977 4867 1378 4933 generationem
1433 4870 1780 4941 largirenlur,
1819 4887 1876 4929 ut
1920 4893 2024 4932 una

447 4971 568 5007 cum
600 4957 805 5026 Scypho
838 4957 1056 5040 nuptiali
1094 4969 1148 5012 et
1189 4970 1373 5013 curam
1412 4962 1476 5016 de
1505 4965 1767 5019 natalitiis
1802 4968 2028 5023 adhibe-

449 5060 652 5100 remus.

2132 4611 2462 4681 σκηνώσασα
2493 4615 2590 4683 τὴν
2630 4615 2828 4685 ἑαυτῆς
2860 4615 3020 4688 χάριν
3053 4620 3450 4684 συναποστάζει
3473 4625 3585 4686 τοῖς
3612 4624 3699 4693 ῥή-

2133 4721 2321 4773 μασιν.
2386 4703 2644 4758 Ἐπανθεῖ
2683 4705 2741 4758 δὲ
2780 4709 2845 4778 τῇ
2881 4707 3087 4780 κεφαλῇ
3126 4710 3290 4773 πολὺς
3329 4713 3357 4764 ὁ
3387 4711 3694 4782 βόστρυχος,

2130 4796 2425 4867 πορφύρων
2467 4814 2527 4849 τε
2577 4798 2672 4850 καὶ
2717 4799 2858 4851 κατὰ
2885 4801 3134 4870 μέτωπον
3167 4802 3506 4874 σχιζόμενος.
3569 4804 3696 4858 Ἀλλ’

2129 4891 2176 4941 εἰ
2217 4889 2259 4920 ⁷⁸
2283 4889 2394 4957 γάρ
2425 4887 2536 4957 ἐγὼ
2579 4891 2859 4960 ποιητικὸς
2907 4891 3004 4962 τὴν
3055 4893 3240 4963 φύσιν,
3296 4894 3438 4948 ὥστε
3491 4898 3696 4964 ἀφεῖναι

2136 4979 2277 5034 κατὰ
2302 4981 2401 5050 τῆς
2431 4979 2653 5051 νύμφης
2680 4983 2928 5049 γλῶτταν
2957 4985 3002 5015 ⁷⁸
3030 4986 3346 5056 αὐτόνομον.
3401 4985 3546 5054 Ἐγὼ
3575 4988 3630 5039 δὲ
3658 4986 3696 5016 ⁷⁸

2136 5071 2268 5135 στὰς
2297 5071 2426 5143 παρ’
2449 5072 2611 5126 αὑτὸν
2635 5073 2725 5127 τὸν
2749 5073 2993 5145 θάλαμον
3018 5077 3167 5147 Τύχη
3193 5078 3284 5130 καὶ
3315 5078 3523 5147 Ἔρωσι
3557 5093 3698 5145 γενε-

448 5139 618 5242 θλίοιξ
641 5139 1040 5242 προσεύξομαι,
1083 5145 1197 5207 τοῖς
1230 5145 1328 5215 μὲν
1362 5145 1603 5210 τοξεύειν
1630 5151 1710 5214 εἰς
1743 5153 1916 5224 τέλος,
1942 5167 2006 5235 τῇ
2041 5167 2096 5220 δὲ
2135 5167 2332 5220 διδόναι
2363 5167 2496 5236 βίον,
2525 5170 2638 5232 τοῖς
2656 5169 2711 5221 δὲ
2740 5169 2944 5224 παίδων
2971 5173 3208 5242 γνησίων
3240 5173 3476 5241 γένεσιν,
3503 5173 3592 5227 ἴνα
3625 5171 3694 5242 τῷ

444 5231 700 5301 γαμηλίῳ
722 5233 961 5303 κρατῆρι
992 5236 1084 5288 καὶ
1106 5234 1202 5306 τὴν
1243 5239 1514 5306 γενέθλιον
1549 5249 1780 5303 σπονδὴν
1817 5251 1859 5285 ⁷⁷
1893 5231 2240 5332 συνάψωμεν.

1731 5414 1966 5474 VARUS
2003 5418 2414 5480 LECTIONES.

517 5487 559 5522 ⁸⁸
597 5487 834 5542 θάλαττα
861 5507 921 5554 ς.

442 5556 627 5664 ρεύςξι
671 5561 744 5664 ἂ.
769 5631 796 5664 Δ
851 5563 894 5593 σε
924 5562 1031 5664 πει
1073 5556 1258 5630 mdo]
1297 5556 1414 5622 libi-i
1464 5556 1803 5643 πρδξᾶῐιξωᾷζ

539 5641 565 5664 ι.
622 5645 665 5664 η.
1230 5651 1315 5664 η...
1404 5639 1427 5664 ι
1799 5652 1803 5664 .

468 5623 484 5697 ’ξ
539 5625 592 5697 δὲ
621 5629 824 5684 add.A.
960 5623 1004 5664 ⁶⁸
1035 5650 1179 5697 τινες
1229 5623 1338 5693 om.
1393 5639 1458 5693 A.

543 5695 737 5775 ἄκραις
768 5717 850 5776 5.
910 5769 920 5776 _
958 5704 1015 5776 "_
1055 5702 1112 5755 δὲ
1159 5694 1206 5758 Ἀ
1281 5721 1293 5756 :
1331 5724 1393 5776 γε
1448 5728 1508 5775 ς.

447 5761 746 5822 Himerius.
768 5761 1017 5823 Photiani
1048 5776 1308 5845 σπουδὴν.

1007 5492 1050 5586 :9
1079 5495 1266 5586 355p?
1297 5498 2270 5586 πρρεύσιμος-ρεοπτεροπορεύσιμος
2301 5535 2361 5582 ς.

3451 5524 3497 5560 3"
3541 5520 3688 5588 ἑπιρο

2439 5524 2487 5558 ⁸³
2515 5517 2775 5590 ἐθέλοιμι
2794 5518 3050 5590 μυρίους
3075 5518 3267 5590 μυρίος
3297 5537 3355 5584 ς.

1921 5585 1967 5617 ⁸⁸
1999 5586 2126 5647 τοὺς
2153 5585 2221 5628 +-
2262 5588 2460 5652 πόθους
2491 5585 2707 5642 codices
2736 5585 2960 5643 Himerii
2986 5605 2998 5640 :
3034 5585 3274 5643 Photiant
3303 5589 3395 5642 τοῦ
3424 5585 3685 5641 -πόθοω

1584 5642 1695 5718 ea
1749 5650 1870 5703 add.
1917 5642 2134 5707 codices
2173 5655 2417 5709 llimerii.

1607 5713 1789 5784 ⁷⁸ἐί]
1848 5722 2031 5776 malim
2089 5727 2174 5779 οὐ.

3100 5660 3143 5690 ⁷⁸
3193 5662 3368 5722 τοῖςΑ
3419 5661 3576 5721 εσοῖς
3627 5674 3683 5720 ς’.

3027 5743 3133 5783 om.
3206 5732 3270 5785 A.
3361 5738 3404 5769 ἰτ
3465 5727 3682 5795 σπονδὴν

2495 5659 2541 5693 ⁷ο
2576 5659 2665 5710 σὺν
2695 5660 2778 5712 A:
2822 5659 2906 5711 σοι
2938 5674 2999 5720 ς.

2273 5727 2320 5762 ⁷⁸
2379 5726 2629 5795 γλῶσσαν
2680 5729 2738 5782 Β.
2815 5733 2862 5766 ⁷⁸
2913 5728 2968 5781 δὲ
