3924 6434
252 300 395 363 1353

1336 300 1865 362 BIBLIOTHECA.
1893 326 1965 347 —
2003 301 2167 361 COD.
2212 302 2519 363 CCXLIII.

3391 309 3525 374 1355

228 420 281 490 υ
305 421 321 470 l
345 418 405 490 l7
430 412 522 486 8.]
548 415 651 490 Ἐκ
683 412 797 490 tog
814 411 1295 490 ἐπιγραφομένου
1325 413 1616 490 διαλόγου
1650 432 1667 464 ι
1688 417 1819 466 Διο-

1961 414 2008 468 E
2045 418 2255 487 dialogo
2312 418 2563 480 inscripto
2622 436 2639 467 ι
2702 417 2980 490 Diogenes.
3047 440 3064 470 ι
3126 425 3203 475 vel
3267 443 3286 476 ι
3361 424 3497 479 Pro-

307 483 521 555 πένης,
560 484 653 555 [ἢ
686 502 704 534 ι
744 485 1224 553 Προπεμπτικός.
1272 503 1290 533 ι
1320 514 1389 523 --
1425 485 1520 537 Ἐκ
1543 483 1655 552 τῆς
1684 500 1798 553 προ

308 553 552 624 θεωρίας
570 553 636 608 ⁷⁸.

308 650 421 711 Τὰς
449 647 771 716 κοινότητας
817 645 925 698 τῶν
962 645 1291 697 ὑποθέσεων
1313 645 1446 707 ἰδίας
1484 646 1543 697 αῖ
1582 663 1837 716 μεταχει-

231 744 414 814 ρῖσεις
449 739 774 811 ἐργάζονται
802 755 815 769 ’
863 739 945 792 διὸ
976 740 1074 791 καὶ
1101 740 1227 801 τοὺς
1262 740 1714 808 προπεμπτικοίδς
1746 739 1836 791 λό-

229 854 390 903 γους,
424 836 528 887 κᾶν
548 834 658 886 νέοι
679 834 758 902 τῷ
784 833 936 903 νόμῳ
959 832 1326 901 τυγχάνωσιν,
1352 831 1467 883 ἀλλ’
1498 831 1593 883 οὖν
1616 830 1835 897 ἐξέσται

229 930 300 998 τῇ
335 929 498 997 τέχνῃ
523 926 616 978 καὶ
640 924 1048 996 πρεσϐυτέρους
1074 923 1437 994 ἐργάσασθαι.
1467 923 1646 992 Ὅπερ
1674 924 1834 992 ἡμεῖς

231 1020 621 1089 πεποιήκαμεν
645 1032 658 1046 -
698 1016 799 1087 τὴν
846 1015 956 1085 γὰρ
991 1016 1277 1086 παροῦσαν
1308 1014 1567 1067 ὑπόθεσιν
1598 1016 1677 1077 είς
1707 1014 1834 1084 σχῆ-

234 1131 316 1182 μα
349 1111 598 1179 διαλόγου
638 1109 1152 1181 μετασκευάσαντες
1214 1106 1339 1160 οὔτε
1368 1108 1467 1177 τὴν
1513 1108 1706 1178 χρείαν
1761 1108 1838 1160 δι-

229 1203 465 1274 εφθείρα
475 1220 572 1273 μεν
594 1201 710 1255 οὔθ’
732 1202 855 1254 ὅσον
884 1201 1081 1270 σεμνὸν
1108 1201 1221 1262 τοῖς
1248 1199 1517 1267 διαλόγοις
1538 1199 1833 1267 ὀφείλεται.

228 1296 396 1348 Κατά
446 1294 710 1347 Πλάτωνα
757 1294 812 1346 δὲ
858 1294 906 1325 ⁷⁸
934 1292 1031 1345 καὶ
1060 1293 1241 1362 ἡμεῖς,
1281 1291 1472 1361 ἠθικοῦ
1522 1291 1617 1345 τοῦ
1672 1291 1834 1360 λόγου

225 1387 622 1457 τυγχάνοντος,
670 1386 822 1454 ὅμως
868 1385 1105 1453 φυσικῆς
1142 1401 1203 1436 τε
1236 1384 1332 1437 καὶ
1358 1383 1677 1452 θεολογικῆς
1699 1382 1838 1436 θεω-

227 1481 381 1551 ρίας,
416 1478 920 1550 ἐγκαταμιγνύντες
951 1476 1156 1541 ταύτας
1193 1479 1305 1539 τοῖς
1339 1477 1573 1546 ἠθικοῖς,
1600 1478 1838 1546 ἐφαπτό-

230 1577 400 1645 μεθα.
450 1576 565 1630 Καὶ
621 1575 776 1645 μύθῳ
807 1574 864 1627 δὲ
889 1576 1014 1636 τοὺς
1053 1572 1362 1646 θειοτέρους
1386 1572 1495 1624 τῶν
1531 1573 1707 1641 λόγων
1736 1571 1832 1626 τοῦ

2270 490 2559 556 pemptirou
2598 508 2617 539 ι
2647 518 2714 526 -
2744 488 2824 541 Ea:
2854 492 3186 559 prwfationc.

2012 645 2347 701 Faciendum
2378 646 2547 700 semel
2590 656 2676 701 est
2704 646 2916 701 initium
2947 647 2999 702 in
3032 663 3173 703 novo
3209 663 3413 717 genere
3440 667 3530 704 ar-

1940 751 2345 810 gumentorum,
2397 738 2540 808 quod
2600 742 2898 807 prmmissm
2930 742 3207 798 orationes
3245 743 3351 798 etsi
3384 760 3535 798 novat

1938 834 2066 899 sint,
2107 847 2211 885 non
2264 831 2473 901 possint
2524 832 2757 887 artificio
2805 843 3133 890 vetustatem
3182 834 3432 900 induere,
3474 847 3531 889 ut

1938 936 2082 975 nunc
2121 920 2370 976 feeimus.
2399 920 2510 975 lloc
2541 922 2686 974 enim
2719 914 3097 993 argumentum
3133 941 3285 980 more
3331 926 3526 995 dialogi

1939 1013 2352 1078 conciunantes,
2404 1028 2503 1067 nec
2556 1028 2711 1067 usum
2759 1029 2860 1069 nec
2907 1017 3230 1085 gravitatem
3282 1018 3527 1088 dialogos

1937 1106 2219 1161 decentem
2251 1108 2617 1176 corrupimus.
2656 1107 2804 1163 More
2848 1107 3090 1163 Platonis
3115 1124 3212 1164 nos
3251 1111 3303 1163 id
3336 1128 3529 1181 aggre-

1939 1201 2141 1263 dimur,
2182 1200 2308 1255 licet
2340 1200 2562 1255 moralis
2608 1202 2679 1256 sit
2718 1202 2918 1267 oratio,
2950 1210 3133 1256 tamen
3182 1202 3426 1274 physica,
3463 1219 3530 1261 ac

1941 1290 2241 1360 theologica
2297 1289 2597 1344 moralibus
2639 1292 3079 1356 commisceutcs,
3138 1300 3194 1347 et
3237 1294 3527 1349 videndum

1938 1391 2023 1439 est
2074 1394 2257 1437 utrum
2310 1383 2412 1439 hoc
2438 1399 2609 1454 genus
2653 1383 2867 1439 dicendi
2912 1383 3155 1439 Platonis
3199 1386 3289 1454 qui
3329 1386 3528 1443 fabulis

1938 1490 2026 1530 res
2056 1476 2269 1530 divinas
2296 1475 2544 1541 involvit,
2576 1476 2811 1531 assecuti
2847 1477 3039 1543 simus,
3071 1488 3125 1531 et
3153 1490 3381 1535 caeteras
3412 1480 3529 1533 dia-

1938 1566 2181 1637 logorum
2234 1568 2484 1633 virtutes,
2542 1568 2951 1636 iuspirationes,
2985 1570 3231 1635 inquam,
3280 1570 3524 1637 ordines,

227 1668 523 1729 Πλάτωνος
553 1666 1079 1736 ὲναποκρύπτοντος,
1118 1666 1224 1737 χρὴ
1270 1667 1496 1717 σκοπεῖν
1530 1666 1578 1718 εί
1601 1665 1692 1716 τὸν
1726 1680 1831 1717 τοι-

1941 1668 1994 1714 et
2041 1660 2320 1729 episodia;
2371 1659 2493 1715 dein
2542 1671 2598 1715 et
2652 1660 2885 1731 lepores,
2932 1670 2988 1716 et
3035 1662 3181 1716 actio
3234 1663 3288 1716 in
3328 1678 3526 1733 genere

223 1760 390 1813 οὖτον
420 1758 582 1828 ζῆλον
613 1757 1041 1829 μετεδιώξαμεν.
1071 1758 1183 1820 Τὰς
1215 1757 1273 1810 δὲ
1303 1756 1472 1819 ἄλλας
1498 1756 1700 1825 ἀρετάς
1719 1754 1827 1807 τῶν

224 1850 527 1918 διαλόγων,
563 1847 883 1910 ἀναπαύλας
911 1846 1057 1915 λέγω
1086 1846 1182 1899 καὶ
1215 1844 1486 1907 διαθέσεις
1523 1844 1569 1875 ⁸ο
1605 1843 1701 1896 καὶ
1730 1844 1831 1894 ἐπ-

226 1944 462 2007 εισόδια,
497 1943 578 1997 ἔτι
618 1943 676 1996 δὲ
708 1941 941 2013 χάριτας
971 1942 1064 1993 καὶ
1091 1938 1153 1992 τὸ
1198 1938 1266 1994 δι’
1302 1936 1427 1990 ὅλου
1465 1934 1827 2005 δραματικὸν,

226 2034 481 2103 ἄμεινον,
526 2035 575 2086 εί
619 2031 983 2102 κατωρθώθη,
1012 2029 1176 2095 δείξει
1208 2028 1269 2082 τὸ
1302 2029 1665 2098 σύγγραμμα.
1707 2024 1830 2077 Τῶν

224 2126 289 2177 δὲ
311 2126 576 2192 διαλόγων
594 2124 916 2196 ἀρχομένων
938 2123 1047 2177 ἀπὸ
1066 2123 1166 2192 τῆς
1190 2120 1511 2191 ἰσχνοτέρας
1537 2118 1702 2182 ἰδέας,
1737 2118 1829 2170 ἵνα

224 2218 333 2289 τὴν
372 2217 630 2286 ἀφέλειαν
674 2219 703 2270 ό
747 2216 919 2280 τύπος
962 2201 1349 2287 προετϐόιλλ.·ςι’Μ
1384 2213 1487 2282 τῆς
1517 2209 1735 2276 λέξεως,
1774 2213 1831 2264 ὲν

1936 1753 2214 1808 meliorem
2243 1753 2484 1808 ostendit
2524 1754 3003 1822 compositionem,
3035 1755 3079 1809 si
3124 1765 3271 1811 recte
3303 1771 3526 1811 succes-

1935 1841 2091 1895 serit.
2132 1843 2265 1907 Cum
2327 1852 2508 1898 autem
2557 1843 2755 1912 dialogi
2807 1844 2965 1898 initio
3016 1843 3248 1900 humiles
3285 1847 3415 1911 sint,
3469 1855 3528 1902 ut

1936 1933 2053 2002 ipse
2106 1934 2319 1989 dicendi
2382 1934 2671 1989 character
2716 1934 3122 2005 simplicitatem
3176 1937 3416 2005 adjiciat,
3472 1938 3524 1992 in

1940 2026 2294 2094 sequentibus
2328 2025 2492 2079 simul
2523 2036 2577 2080 et
2608 2041 2720 2079 rem
2754 2024 3039 2092 auferant;
3072 2042 3139 2082 an
3176 2029 3280 2083 hoc
3316 2030 3528 2099 paesti-

1943 2118 2193 2180 t'erimus,
2232 2116 2464 2173 aliorum
2502 2117 2931 2185 estojudicium,
2962 2118 3159 2188 quibus
3184 2119 3299 2174 haec
3335 2120 3528 2175 audire

1943 2210 2253 2279 contigerit.

223 2312 292 2365 δὲ
338 2315 450 2372 τοῖς
498 2311 695 2383 ἐφεξῆς
728 2311 1196 2382 συνεξαιρομένων
1243 2310 1289 2342 ⁸⁸
1318 2307 1454 2380 ὁμοῦ
1489 2308 1601 2370 τοῖς
1648 2307 1966 2377 πράγμασιν
1994 2348 2010 2373 ,
2062 2308 2113 2360 εἰ
2188 2307 2286 2360 καὶ¹
2349 2302 2510 2359 τοῦτο
2555 2306 2719 2378 ⁴ἡμεῖς
2802 2309 3212 2380 τετηρήκαμεν,
3293 2308 3528 2382 πάρεστι

225 2406 445 2477 κρίνειν
464 2399 546 2467 οἷς
568 2405 733 2473 τέχνη
757 2405 894 2474 πρὸς
914 2405 1185 2476 ἀκρόασιν
1206 2404 1306 2475 τὴν
1326 2405 1496 2472 ἀκοὴν
1514 2401 1953 2475 παρεσκεύασεν.

474 2496 668 2553 Αὐτοῦ
698 2496 805 2550 τοῦ
835 2495 1123 2566 διαλόγου
1149 2495 1217 2549 τό
1246 2494 1584 2565 Προοίμιον.

308 2586 530 2656 Σιωπῆς
557 2585 655 2656 μὲν
683 2587 896 2656 καιρὸς,
924 2586 985 2638 ού
1016 2585 1214 2653 λόγων,
1250 2588 1379 2639 ὅταν
1409 2586 1458 2637 οί
1509 2584 1656 2650 λόγοι
1709 2600 1837 2636 ctu-

228 2678 479 2747 γνάζωσι
506 2716 522 2742 ,
556 2676 684 2739 τοὺς
727 2676 938 2728 ἑαυτῶν
985 2676 1291 2747 τροφίμους
1331 2674 1439 2728 ἀπὸ
1487 2677 1586 2745 τῆς
1626 2674 1837 2733 ἑαυτῶν

231 2772 439 2841 ἀγέλης
465 2770 870 2839 ἐκπέμποντες.
922 2768 1115 2839 Ὅμως
1156 2767 1211 2820 δὲ
1244 2766 1373 2839 (χρὴ
1402 2768 1510 2837 γάρ
1550 2767 1731 2837 λέγειν
1775 2770 1833 2822 ὲν

2228 2491 2431 2565 368a
2454 2492 2633 2564 Hujus
2675 2492 2874 2564 dialogi
2899 2494 3239 2551 Prommium.

2013 2584 2224 2640 Silentii
2255 2586 2368 2653 jam
2403 2595 2613 2655 tempus
2646 2594 2747 2653 est,
2781 2602 2885 2642 non
2931 2587 3208 2657 loquendi,
3247 2604 3369 2644 cum
3397 2605 3524 2645 ora-

1943 2678 2019 2732 lio
2105 2679 2362 2749 pr0prios
2437 2679 2689 2734 alumnos
2764 2694 2795 2734 a
2842 2695 3008 2751 grege
3076 2696 3175 2735 suo
3236 2683 3527 2739 demitteus

1938 2770 2206 2842 deploret.
2237 2769 2622 2826 Verumtamen
2661 2772 2808 2842 (nam
2843 2774 2895 2827 in
2932 2775 3077 2827 omni
3106 2786 3303 2830 eventu
3336 2776 3525 2832 dicen-

231 2860 390 2931 πάσῃ
411 2859 551 2930 τύχῃ
573 2860 697 2921 τοὺς
722 2857 937 2927 λόγους)
967 2857 1099 2927 φέρε
1127 2859 1219 2911 καὶ
1244 2858 1430 2925 αὐτὸς,
1456 2859 1515 2912 ὃν
1543 2860 1576 2931 ἡ
1608 2860 1831 2930 φροντίς

1941 2865 2060 2916 dum
2102 2862 2206 2928 est)
2242 2879 2339 2933 age
2368 2872 2419 2917 et
2465 2863 2602 2932 ipse,
2636 2866 2844 2920 sustine
2882 2866 3208 2933 orationem,
3248 2884 3410 2938 qnatn
3440 2869 3526 2922 in-

230 2958 270 3025 ή
305 2957 698 3027 προσπεσοῦσα
746 2955 876 3027 [599
914 2956 1006 3029 Η.]
1039 2957 1196 3024 λόγον
1227 2956 1539 3026 ἐγέννησεν,
1588 2959 1636 3009 εἰ
1687 2956 1837 3025 φίλον

229 3050 385 3120 ὑμῖν,
415 3049 511 3101 καὶ
539 3048 674 3118 πρὸς
706 3049 852 3119 ὑμᾶς
882 3050 1263 3119 ἀφηγήσομαι.
1310 3049 1604 3119 Ἐκάτερος
1638 3048 1830 3100 τοσού-

227 3160 348 3205 τοις
390 3140 724 3212 διαστήμασι
774 3143 871 3213 τῆς
914 3143 1116 3212 ἀρετῆς
1158 3143 1535 3213 ἀφεστηκότες
1561 3141 1828 3213 ἀλλήλων,

228 3238 361 3289 ὅσον
391 3234 663 3307 Εὐρώπης
692 3235 760 3289 τὰ
796 3237 938 3306 μέσα
964 3237 1099 3308 πρὸς
1125 3238 1249 3298 τοὺς
1272 3236 1387 3290 ἀνω
1415 3236 1620 3306 μυχοὺς
1646 3233 1832 3296 Ἀσίας

231 3329 507 3398 σχίζεται,
546 3330 626 3391 είς
666 3329 760 3381 τὸν
793 3328 985 3381 τούτου
1037 3328 1202 3381 πόθον
1236 3328 1594 3401 συνέδραμον,
1639 3328 1829 3381 ἑκάτεο

237 3437 333 3491 ρος
389 3420 751 3490 προαρπάσαι
816 3420 917 3482 τὰς
974 3418 1199 3490 πρώτας
1245 3418 1441 3482 ὠδῖνας
1492 3418 1594 3485 τῆς
1640 3416 1832 3469 τούτου

237 3512 494 3582 γλώττης
547 3512 891 3583 βουλόμενος.
924 3512 997 3565 Οὺ
1031 3515 1418 3583 μιμησάμενος
1450 3511 1540 3563 τὸν
1571 3509 1833 3580 μυστικὸν

235 3610 430 3676 νόμον,
463 3607 522 3669 ὃς
554 3606 770 3679 ἑπόπτῃ
796 3623 857 3658 τε
903 3605 998 3658 καὶ
1035 3605 1215 3675 μύστῃ
1255 3604 1465 3675 μερίζει
1491 3603 1583 3656 τὸν
1620 3603 1829 3673 χρόνον,

232 3699 377 3753 ἀλλά
397 3700 488 3752 τὸν
515 3698 679 3751 αὑτὸν
708 3700 764 3750 ὲν
791 3695 977 3767 ταυτῷ
1014 3695 1227 3767 μύστην
1247 3714 1305 3749 τε
1332 3694 1468 3765 ὁμοῦ
1498 3694 1592 3748 καὶ
1619 3694 1831 3764 προφή-

229 3809 341 3861 την
371 3792 468 3859 τῆς
499 3791 649 3860 ἱερᾶς
674 3789 899 3859 τελετῆς
937 3788 1047 3841 τῶν
1079 3790 1137 3843 ἐν
1184 3789 1267 3841 σοὶ
1309 3788 1485 3856 λόγων
1518 3787 1830 3856 δεξάμενος,

232 3884 453 3944 ἔδωκας
500 3882 793 3951 ἀπλήστως
840 3898 948 3933 των
988 3879 1200 3934 ἐκεῖθεν
1248 3880 1508 3950 ναμάτων
1546 3878 1832 3949 ἐμπλῆσαι

236 3976 393 4029 σθαι.
425 3976 500 4027 ἸΙ
529 3975 628 4028 οὐκ
654 3975 899 4044 ἀκήκοας
929 3974 1004 4036 ὡς
1026 3972 1179 4037 ὄντες
1201 3973 1480 4044 ἄνθρωποι
1512 3972 1573 4025 τὸ
1605 3970 1835 4024 παλαιὸν

230 4063 388 4125 οὗτοι
410 4069 457 4121 οἱ
485 4068 758 4137 τέττιγες,
787 4066 906 4120 εἶτα
936 4067 1101 4137 ερωτι
1130 4067 1178 4099 ⁸³
1208 4066 1442 4120 Μουσῶν
1474 4067 1538 4119 ὲκ
1564 4064 1659 4118 τοῦ
1684 4064 1835 4135 ᾄδειν

233 4165 331 4218 ἀεὶ
362 4163 615 4226 λυθέντες
649 4164 730 4226 εἰς
765 4163 945 4232 μέλος,
985 4162 1052 4213 ἐκ
1098 4161 1197 4230 μὲν
1224 4158 1535 4229 ἀνθρώπων
1566 4160 1645 4222 εἰς
1684 4158 1837 4227 ὅρνι-

231 4258 362 4321 θας,
396 4257 459 4311 ὲκ
483 4256 540 4310 δὲ
571 4254 718 4327 ᾠδῆς
750 4256 830 4318 είς
854 4254 997 4326 ᾠδὴν
1030 4253 1197 4321 ἀλλην
1218 4252 1509 4322 μετέϐαλον
1524 4252 1607 4317 ⁸⁸⁵;
1634 4251 1834 4304 Ἀκουε

230 4356 305 4425 δὴ
341 4354 432 4408 τὸν
462 4353 632 4425 μῦθον
659 4368 675 4384 ο
719 4353 849 4405 Ὅτε
901 4353 1029 4414 τοὺς
1056 4350 1381 4420 ἀνθρώπους
1428 4351 1456 4402 ὁ
1508 4349 1643 4411 Ζεὺς
1684 4349 1836 4416 ἐγέν-

1936 2953 2123 3009 cidens
2178 2955 2487 3009 sollicitudo
2539 2954 2816 3019 conflavit,
2872 2961 2917 3012 si
2951 2945 3108 3011 vobis
3163 2971 3377 3029 gratqu
3420 2970 3524 3025 est,

1934 3047 2097 3100 etiam
2130 3047 2197 3100 ad
2227 3061 2323 3100 vos
2352 3046 2733 3115 pronuntiabo.
2795 3045 3037 3117 Uterque
3063 3050 3231 3103 tantis
3266 3049 3526 3105 interval-

1936 3138 2004 3192 lis
2037 3154 2065 3190 a
2134 3137 2313 3208 capite
2362 3138 2430 3192 ab
2476 3139 2705 3194 invicem
2751 3141 3037 3205 distantes,
3094 3152 3296 3210 quanto
3348 3145 3523 3197 media

1936 3228 2166 3299 EurOpze
2198 3233 2264 3286 ab
2294 3233 2558 3286 extremis
2601 3231 2744 3287 Asia:
2774 3232 2908 3289 locis
2950 3246 3297 3303 separantur,
3335 3236 3386 3289 in
3421 3236 3525 3290 bu-

1929 3325 2019 3395 jus
2075 3340 2315 3379 amorem
2348 3336 2767 3391 concurrerunt,
2806 3338 3035 3396 uterque
3086 3328 3382 3397 praeripere
3415 3330 3526 3397 pri-

1936 3433 2054 3473 mos
2108 3429 2295 3487 partus
2342 3418 2501 3486 hujus
2558 3418 2755 3489 linguae
2796 3430 3047 3486 conatus,
3107 3437 3214 3476 non
3276 3422 3524 3477 imitatus

1936 3526 2149 3565 sacram
2202 3510 2400 3579 legem,
2458 3512 2550 3580 qui
2602 3511 2920 3581 inspectori,
2978 3522 3034 3568 et
3084 3515 3258 3569 sacris
3314 3515 3525 3571 iuitiato

1938 3612 2149 3673 tempus
2195 3604 2465 3666 attribuit,
2510 3604 2605 3658 sed
2655 3605 2929 3670 eumdem,
2962 3615 3018 3660 et
3056 3607 3399 3661 sacerdotem
3445 3608 3524 3663 si-

1938 3695 2069 3759 mul,
2103 3705 2157 3749 et
2204 3696 2561 3764 iuspecturem
2609 3711 2779 3751 sacra:
2819 3698 3010 3752 hostia:
3051 3699 3103 3752 in
3136 3699 3240 3754 hac
3278 3708 3368 3755 tua
3397 3716 3525 3756 ora-

1938 3789 2085 3843 tione
2109 3803 2229 3842 esse
2268 3788 2570 3855 declarans,
2603 3788 2800 3843 dedisti
2834 3788 2919 3843 his
2954 3790 3109 3857 aquis
3134 3792 3253 3846 sine
3272 3792 3525 3848 satietate

1939 3879 2173 3951 impleri.
2221 3879 2415 3934 Annon
2487 3880 2743 3935 audivisti
2817 3882 3087 3950 quomodo
3141 3883 3391 3939 homines
3448 3886 3525 3940 illi

1937 3984 2062 4027 ante
2116 3974 2317 4028 cicadae
2366 3972 2604 4039 fuerint;
2648 3974 2845 4029 deinde
2894 3973 3173 4030 Musarum
3222 3991 3411 4033 amore
3456 3979 3525 4032 oh

1938 4071 2261 4132 perpetuum
2304 4071 2526 4118 cautum
2578 4065 2630 4119 in
2676 4065 2848 4120 melos
2891 4065 3074 4130 soluti,
3112 4082 3177 4121 ex
3211 4068 3526 4124 hominibus

1940 4156 1993 4210 in
2050 4172 2200 4220 aves,
2252 4171 2319 4211 ex
2372 4172 2480 4211 una
2513 4157 2768 4211 cautione
2822 4156 2876 4210 in
2926 4157 3087 4212 aliam
3136 4158 3521 4216 trausformati

1938 4245 2082 4299 sint?
2135 4244 2274 4299 Audi
2310 4242 2550 4299 fabulam
2584 4258 2599 4300 :
2644 4245 2780 4299 Cum
2810 4243 3026 4315 Jupiter
3054 4246 3306 4303 homines
3338 4250 3525 4303 condi-

1940 4337 2130 4402 disset,
2161 4336 2344 4391 omnia
2381 4336 2483 4391 alia
2513 4351 2578 4391 eo
2611 4346 2938 4392 ornamento
2968 4336 3211 4404 fuerunt,
3246 4355 3354 4408 quo
3378 4357 3524 4396 nunc

230 4463 395 4516 νησε,
423 4447 491 4499 τὰ
523 4446 621 4517 μὲν
651 4444 786 4500 ἄλλα
816 4444 996 4498 πάντα
1020 4440 1167 4513 εἶχον
1199 4442 1274 4506 ώς
1305 4442 1400 4495 νῦν
1430 4442 1823 4512 κεκόσμηνται,

1941 4439 2061 4484 sunt
2089 4429 2249 4501 (45').
2287 4429 2496 4499 Cupido
2526 4439 2703 4483 autem
2739 4429 2975 4482 nondum
3012 4428 3209 4483 animis
3236 4429 3520 4486 hominum

236 4537 425 4607 Ἔρως
458 4537 515 4589 δὲ
546 4535 702 4590 οὔπω
744 4538 864 4598 ταῖς
898 4535 1097 4605 ψυχαῖς
1130 4534 1239 4586 τῶν
1283 4531 1587 4605 ἀνθρώπων
1628 4533 1829 4600 ἐγκατ-

228 4630 485 4703 ῳκίζετο,
519 4629 633 4683 ἀλλ’
662 4630 801 4700 ἔχων
823 4629 901 4683 ἔτι
925 4632 985 4682 τὸ
1015 4628 1212 4697 πτερὸν
1232 4629 1259 4680 ό
1280 4626 1413 4689 Θεὸς
1438 4620 1591 4689 οὗτος
1622 4626 1825 4696 μετάρ-

231 4739 353 4776 σιον
383 4722 598 4793 οὐρανῷ
623 4739 680 4775 τε
730 4720 982 4789 ὲνωμίλει
1024 4720 1119 4772 καὶ
1161 4720 1240 4781 εἰς
1279 4717 1433 4779 θεοὺς
1474 4716 1667 4786 μόνους
1707 4716 1827 4767 ὲτό-

232 4817 383 4883 ξευε.
429 4816 623 4876 Δείσας
659 4812 714 4866 δὲ
746 4813 820 4882 μὴ
862 4811 1012 4882 αὐτῷ
1040 4810 1313 4880 ἀφανισθῇ
1348 4808 1455 4861 τῶν
1505 4806 1830 4878 ποιημάτων

230 4910 301 4962 τδ
348 4908 663 4971 κάλλιστον,
711 4906 935 4977 Ἔρωτα
982 4906 1193 4971 πέμπει
1234 4900 1328 4953 τοῦ
1373 4899 1481 4953 τῶν
1523 4898 1828 4969 ἀνθρώπων

229 4998 429 5069 γένους
457 4998 716 5066 ἐσόμενον
765 4996 1005 5065 φύλακα.
1048 4995 1107 5046 Ὀ
1145 4993 1201 5045 δὲ
1230 4992 1435 5060 ταύτην
1474 4992 1539 5043 ὲκ
1578 4988 1695 5050 Διὸς
1729 4988 1826 5058 τὴν

231 5091 538 5161 ἐπιτροπὴν
566 5088 766 5151 λαϐὼν,
793 5088 853 5141 τὸ
879 5087 977 5157 μὲν
1012 5086 1250 5147 ἀπάσαις
1278 5082 1479 5152 ψυχαῖς
1511 5079 1818 5148 ὲγκατοικί-

234 5178 488 5249 ζεσθαιῆ
530 5179 636 5231 πᾶν
662 5178 747 5230 ἐπ’
780 5178 902 5248 ῖσης
932 5172 1063 5247 ἦθος
1098 5173 1339 5236 νεοτελές
1364 5188 1424 5225 τε
1466 5177 1562 5223 καὶ
1602 5170 1829 5240 βέϐηλον

1936 4520 2225 4584 insidebat,
2276 4522 2371 4574 sed
2422 4517 2625 4574 habens
2677 4517 2812 4572 deus
2860 4515 2950 4571 ille
2994 4520 3243 4587 lugentes
3299 4519 3415 4575 alas
3464 4520 3519 4575 iu

1936 4611 2074 4666 ccelo
2105 4598 2409 4678 habitabat,
2444 4618 2497 4666 et
2529 4611 2581 4663 in
2615 4610 2761 4664 solos
2791 4611 2922 4665 deos
2965 4609 3074 4664 tela
3115 4610 3371 4666 vibravit.
3408 4610 3522 4667 Me-

1937 4714 2096 4757 tuens
2128 4714 2306 4757 autem
2335 4718 2403 4757 ne
2441 4702 2803 4771 pulcherrima
2829 4703 3074 4757 omnium
3108 4714 3364 4759 creatura
3393 4722 3522 4777 pes-

1938 4795 2182 4860 sumiret,
2204 4790 2536 4863 Cupidinem
2572 4794 2640 4849 ad
2685 4794 2936 4851 homines
2968 4796 3359 4855 custodiendos
3417 4804 3522 4856 mi-

1936 4886 2029 4940 sit.
2060 4885 2153 4940 Ille
2198 4885 2380 4941 datam
2417 4900 2446 4939 a
2478 4884 2611 4941 Jove
2656 4895 2982 4955 potestatem
3018 4887 3315 4959 abripiens,
3347 4893 3521 4947 omni-

1937 4981 2035 5033 bus
2073 4978 2285 5033 scilicet
2335 4978 2605 5034 mentibus
2638 4979 2900 5045 insidere,
2929 4980 3014 5035 vel
3045 4980 3099 5035 in
3128 4984 3379 5039 omnibus
3406 4999 3519 5039 ca:-

1935 5071 2159 5127 lestibus
2207 5086 2271 5125 ac
2324 5072 2585 5141 profanis,
2642 5087 2797 5144 mque
2867 5073 3113 5129 habitare
3156 5074 3275 5129 loco
3329 5076 3513 5143 templi

1939 5166 2130 5220 voluit.
2174 5165 2281 5220 Sed
2328 5164 2526 5221 multas
2570 5173 2621 5222 et
2650 5165 2893 5238 gregales
2928 5177 3141 5225 mentes
3175 5183 3361 5223 amore
3399 5168 3515 5222 vul-

1541 5330 1779 5387 VARI/IS
1820 5327 2223 5385 LECTIONES.

308 5459 353 5491 ⁷⁸
376 5456 610 5525 θεωρίας
629 5455 691 5510 C.
780 5458 825 5489 '9
848 5455 905 5508 δὲ
928 5457 1003 5507 A:
1032 5471 1097 5521 γε
1132 5471 1189 5517 ς’.

230 5521 1005 5597 ιιοι-Ιῖιιεε’συνεξαιρουμὲνων
1060 5542 1120 5588 ς.
1227 5523 1275 5565 ⁸³
1307 5521 1471 5592 ἔρωσι
1502 5537 1563 5584 ς’.

1260 5452 1305 5483 ⁸ο
1330 5449 1600 5513 διαθέσεις
1633 5448 1697 5501 A:
1729 5447 1908 5509 θέσεις
1941 5464 2000 5510 ς.

1658 5518 2006 5589 ⁸³μετέ6αλον
2036 5515 2101 5570 B:
2129 5515 2459 5585 μετέὖαλλον
2481 5531 2539 5578 ς.

2105 5444 2149 5477 "
2199 5443 2482 5514 προσϐάλῃ
2541 5442 2642 5497 BC.
2695 5443 2741 5475 ⁸¹
2771 5442 3238 5513 συνεξαιρομένων
3281 5436 3512 5494 Werns-

1778 5623 2011 5681 NOTIE.

306 5750 464 5819 (45")
508 5748 707 5806 Confer
757 5764 873 5817 qua:
908 5746 1002 5801 inf.
1048 5747 1102 5799 in
1140 5745 1328 5800 exord.
1365 5753 1505 5797 orat.
1557 5744 1607 5797 iu
1639 5742 1930 5796 adventum
1958 5739 2304 5813 Cypriorum.

569 5844 842 5904 ΡΑτιιοι..
890 5842 1008 5899 Gn.
1056 5840 1213 5901 CIII.

3106 5832 3185 5896 83
