3924 6424
401 278 412 287 ’
444 315 584 382 1355

1615 316 1877 378 ῙἮΟΤΙΙ
1915 317 2425 379 PATRIARCH/E
2464 318 2575 379 (ΣΡ.

3595 319 3717 383 1356

443 431 556 501 gari
596 444 919 501 sponsarum
972 431 1228 500 occupari
1268 429 1434 486 dedit.
1487 427 1605 498 Ipse
1636 431 1768 484 vero
1797 427 2028 482 deorum

2147 426 2284 498 ἔχειν
2307 427 2537 498 τέμενος
2560 426 2661 480 οὐκ
2697 426 3044 500 ἐδοκίμαζεν,
3073 429 3210 484 ἀλλὰ
3237 430 3337 494 τὰς
3383 437 3485 500 μὲν
3532 431 3719 495 πολλὰς

430 519 860 594 ‘coelestiumque
915 529 1124 577 mentes
1168 519 1418 586 incoluit,
1470 528 1525 574 et
1568 516 1689 573 illas
1734 518 1787 572 in
1846 517 2032 572 libidi-

443 627 636 666 nosam
694 613 993 668 amentiam
1048 611 1236 668 furore
1280 612 1542 676 incitans,
1596 609 1825 665 infinitis
1875 609 2034 664 bonis

442 702 740 758 humanum
784 719 956 775 genus
978 702 1180 760 affecit.
1223 701 1453 772 Quando
1500 701 1665 773 igitur
1696 702 1900 758 videris
1933 710 2037 756 tar-

440 797 564 848 dam
621 798 912 865 quamdam
975 807 1256 862 naturam,
1299 806 1354 852 et
1395 797 1462 850 ad
1510 810 1756 851 amorem
1805 794 2033 860 lentam,

441 888 617 956 cogita
645 903 792 943 nunc
819 888 979 943 donis
1024 889 1173 944 illius
1199 889 1473 958 cupidinis
1499 887 1784 959 indignum
1819 886 1988 941 fuisse
2017 904 2031 941 :

442 994 563 1031 cum
602 994 730 1033 vero
775 980 1059 1035 incitatam
1092 990 1146 1035 et
1187 981 1450 1035 fervidam
1490 992 1754 1042 mentem,
1793 987 1850 1032 et
1887 976 2038 1031 flam-

443 1084 543 1122 mae
570 1071 745 1124 instar
779 1070 847 1126 ad
895 1071 1183 1126 amabilem
1222 1070 1520 1126 amicitiam
1559 1071 1872 1134 ducentem,
1906 1077 2037 1139 puta

443 1159 588 1215 illam
615 1176 645 1215 a
682 1163 823 1216 dono
851 1161 1132 1232 Cupidinis
1159 1161 1371 1216 venire.
1401 1159 1582 1216 Unum
1621 1159 1777 1226 mihi,
1806 1173 1839 1213 0
1863 1156 2039 1211 amice

445 1251 722 1318 Socrates,
757 1255 921 1320 dicis,
961 1265 1270 1309 amatorum
1309 1255 1539 1324 optime,
1572 1262 1784 1324 partem
1821 1250 2040 1307 virtutis

443 1345 656 1410 Cliniae,
713 1345 1087 1399 fortitudinem
1161 1344 1374 1400 scilicet
1424 1344 1476 1398 in
1523 1343 1804 1414 periculis,
1871 1355 2037 1411 quam

444 1438 836 1492 exercitatione
859 1436 1061 1509 3686
1091 1453 1234 1506 saepe
1262 1437 1506 1503 exhibet,
1525 1438 1882 1504 interpretem
1910 1448 2040 1487 ora-

451 1532 654 1582 tionum
692 1543 798 1582 non
831 1538 1160 1597 exspectans
1192 1528 1331 1600 (46).
1375 1528 1477 1582 Dat
1505 1527 1684 1582 eidem
1715 1525 1852 1580 hanc
1878 1522 2042 1578 licen-

448 1619 773 1694 tia_m,quam
809 1619 985 1688 primo
1008 1618 1200 1674 Pericli
1229 1634 1349 1674 cum
1383 1633 1480 1688 pro
1497 1619 1630 1673 urbe
1653 1615 1851 1672 bellum
1880 1629 2040 1685 gere-

447 1719 550 1764 ret.
577 1709 701 1764 llzec
728 1720 811 1765 est
844 1711 1060 1766 sincera
1090 1712 1249 1766 ratio.
1281 1711 1336 1766 Si
1369 1724 1500 1765 vero
1528 1709 1673 1764 hunc
1697 1706 2043 1777 videasjudi-

2137 522 2232 575 καὶ
2274 520 2560 588 ἀγελαίους
2612 519 2788 591 ψυχὰς
2843 523 2958 586 τοῖς
3010 523 3315 592 πανδήμοις
3365 524 3576 592 Ἔρωσι
3621 526 3721 586 τοῖς

2137 611 2247 664 τῶν
2281 609 2532 681 Νυμφῶν
2561 611 2723 664 παισὶ
2765 612 3078 682 ποιμαίνειν
3114 613 3434 682 ἀπένειμεν,
3469 613 3633 676 αὐτὸς
3675 614 3723 666 δὲ

2135 704 2237 766 τὰς
2266 701 2416 765 θείας
2447 703 2542 755 καὶ
2568 702 2831 773 οὐρανίας
2855 703 3033 773 ψυχὰς
3060 704 3386 771 ἐνῳκίσατο,
3407 705 3503 758 καὶ
3532 703 3725 766 ταύτας

2139 793 2538 863 ἀναὸακχεύων
2572 795 2666 847 ἐπὶ
2717 796 2914 865 μανίαν
2947 797 3218 867 ἐρωτικὴν
3253 797 3426 866 μυρία
3460 796 3645 864 ἁγαθά
3672 796 3727 848 τὸ

2137 885 2248 940 τῶν
2298 885 2605 956 ἀνθρώπων
2649 887 2808 954 γένος
2849 886 3169 957 εἰργάσατο.
3216 879 3396 959 [1120⁸
3427 887 3522 959 Β]
3572 887 3728 941 Ὅταν

2148 980 2250 1051 μὲν
2277 975 2370 1035 οὖν
2407 980 2522 1052 ἴδῃς
2550 980 2674 1035 τινὰ
2704 980 2908 1052 βραδύν
2939 999 3000 1034 τε
3022 981 3119 1052 τὴν
3159 980 3321 1049 φύσιν
3349 981 3444 1034 καὶ
3475 981 3614 1051 πρὸς
3652 997 3730 1048 cpt—

2141 1072 2263 1125 λίαν
2289 1072 2634 1143 δυσκίνητον,
2669 1072 2865 1142 νόησον
2887 1072 2972 1126 ὅτι
3002 1073 3112 1126 τῶν
3148 1073 3388 1143 Ἔρωτος
3418 1073 3630 1126 ἐκείνου
3658 1071 3732 1138 ξε-

2140 1160 2270 1215 νίων
2300 1160 2554 1232 οὐδαμῶς
2576 1157 2730 1226 οὗτος
2769 1160 3004 1232 ἠξίωται
3034 1179 3047 1192 ·
3078 1163 3204 1215 ὅταν
3244 1162 3301 1216 δὲ
3335 1163 3462 1228 ὀξὺν
3491 1165 3590 1216 καὶ
3614 1161 3730 1233 θερ-

2145 1251 2246 1324 μὸν
2281 1251 2382 1323 τὴν
2436 1251 2666 1324 γνώμην
2723 1253 2819 1306 καὶ
2873 1252 3073 1323 φλογὸς
3120 1252 3274 1321 δίκην
3327 1254 3416 1305 ἐπ’
3467 1253 3731 1322 ἐρωτικὴν

2143 1345 2328 1415 φιλίαν
2367 1345 2596 1399 ἀττοντα
2639 1343 2708 1412 ⁸⁵,
2743 1345 2935 1415 νόησον
2983 1345 3173 1398 τοῦτον
3220 1340 3358 1398 εἶναι
3407 1345 3622 1398 ἐκείνου
3663 1343 3734 1407 ξέ-

2144 1456 2233 1493 νον
2265 1438 2311 1471 “
2343 1437 2439 1492 τοῦ
2481 1437 2752 1507 Ἔρωτος.
2788 1437 2885 1490 ’Ἑν
2915 1436 3023 1508 γάρ
3053 1454 3143 1508 μοι
3179 1436 3378 1505 λέγεις,
3406 1429 3452 1489 ὦ
3479 1435 3602 1504 φίλε
3627 1433 3731 1488 Σώ-

2145 1547 2368 1603 κρατες,
2399 1528 2648 1602 ἐραστῶν
2680 1529 2894 1601 ἄριστε,
2927 1530 3126 1602 ἀρετῆς
3163 1529 3417 1582 Κλεινίου
3450 1529 3496 1559 ”
3531 1529 3730 1598 μόριον,

2145 1624 2402 1694 ἀνδρείαν
2435 1625 2493 1676 ἐν
2525 1621 2737 1692 φόϐοις,
2766 1623 2833 1692 ἢν
2866 1622 2962 1675 καὶ
2985 1622 3186 1693 μελέτη
3212 1621 3471 1684 πολλάκις
3501 1621 3728 1686 δίδωσιν,

2153 1714 2427 1787 ἐξηγητὴν
2457 1715 2618 1783 λόγον
2647 1715 2750 1769 οὐκ
2785 1715 2831 1746 ⁸⁸
2870 1714 3237 1785 ἀναμείνασα.
3266 1714 3464 1768 Δίδωσι
3508 1715 3554 1767 δ’
3592 1715 3732 1783 αὐτῷ

445 1801 614 1856 ciaria
638 1802 766 1856 sede
791 1802 1100 1872 expulsum,
1132 1803 1363 1873 implora
1410 1817 1534 1857 cum
1580 1800 1782 1872 gemitu
1845 1799 2038 1869 legem,

2147 1809 2244 1878 τὴν
2285 1807 2640 1880 παρρησίαν,
2683 1809 2822 1876 ὅπερ
2865 1808 2961 1861 καὶ
3008 1806 3268 1878 Περικλεῖ
3312 1809 3615 1879 πρότερον,
3661 1809 3733 1860 ὅτ’

445 1896 572 1965 quia
605 1911 741 1950 auro
766 1895 942 1951 victus
975 1905 1082 1951 est.
1125 1894 1260 1951 Nam
1306 1895 1470 1950 simul
1498 1893 1700 1950 ﬂorens
1743 1908 1868 1948 cum
1909 1893 2044 1947 urbe

449 1990 619 2059 regia,
665 1989 874 2044 circum
946 2004 1110 2059 quam
1160 1988 1404 2059 ingentia
1465 1989 1638 2042 maria
1694 1994 2040 2057 separantur,

447 2092 504 2136 et
560 2082 703 2136 idem
747 2097 870 2137 cum
905 2095 972 2136 ea
1021 2081 1206 2152 gloriae
1245 2094 1358 2135 suae
1399 2077 1763 2134 fundamenta
1805 2077 2041 2149 jaciens,

448 2171 688 2239 qnandiu
731 2171 789 2226 in
833 2170 1124 2226 cunabulis
1165 2171 1345 2224 adhuc
1372 2183 1572 2238 corpus
1608 2168 1763 2223 urbis
1797 2166 2042 2238 fingeba-

450 2273 560 2327 tur,
595 2262 699 2316 alia
751 2263 977 2332 imperia
1031 2278 1060 2316 e
1095 2262 1241 2331 regia
1293 2267 1563 2332 potestate
1603 2258 1868 2315 decrevit.
1905 2256 2042 2312 Cum

451 2369 586 2410 vero
632 2353 898 2424 indigeret
935 2352 1121 2408 sedula
1167 2367 1333 2422 opera
1387 2360 1648 2420 tanquam
1691 2359 1871 2406 statua
1920 2364 2041 2418 pero

450 2447 615 2511 l‘ecta,
651 2461 816 2514 quam
849 2445 1228 2498 adumbratam
1271 2444 1426 2514 prius
1475 2444 1746 2507 viderant,
1793 2443 2043 2497 eamdem

452 2545 778 2606 potestatem
839 2537 1159 2606 assumpsit,
1224 2544 1280 2590 ut
1328 2535 1471 2591 idem
1516 2535 1733 2590 initium
1782 2545 1838 2590 et
1878 2535 2072 2608 ﬁnem‘

448 2631 599 2685 omni
647 2637 972 2685 ornamento
1043 2629 1194 2684 urbis
1249 2627 1462 2684 fecerit.
1514 2627 1690 2685 Urbes
1751 2628 2043 2692 excitatas,

449 2724 711 2794 populum
743 2731 1104 2787 crescentem,
1164 2719 1406 2775 Tartessi
1435 2721 1626 2786 vitam,
1660 2734 1831 2775 cornu
1858 2719 2046 2773 Amal-

453 2818 612 2882 theae,
661 2823 828 2885 caput
875 2815 1058 2869 omnis
1117 2813 1416 2868 felicitatis.
1460 2811 1566 2867 Sed
1603 2827 1725 2881 qua
1773 2822 1858 2866 est
1915 2827 2045 2882 erga

450 2912 597 2966 hunc
637 2907 890 2976 juvenem
941 2907 1105 2962 studii
1149 2905 1352 2961 causa?
1400 2906 1536 2961 Tota
1596 2920 1751 2960 mens
1803 2921 1972 2975 nuper
2015 2922 2045 2960 a

451 3003 704 3073 supernis
757 3000 978 3056 sedibus
1047 2998 1384 3069 digrediens,
1441 2997 1662 3052 inﬁxam
1715 2998 1893 3052 adhuc
1943 2998 2048 3053 fert

451 3095 689 3165 speciem
759 3092 1178 3148 simulacrorum
1252 3090 1492 3154 illorum,
1549 3105 1671 3158 quae
1721 3100 1830 3144 tum
1889 3089 2043 3157 vidit,

2145 1903 2471 1973 ἐστρατήγει
2503 1901 2602 1972 τῆς
2626 1901 2856 1964 πόλεως.
2882 1901 3052 1955 Τοῦτο
3078 1902 3138 1954 δέ
3163 1903 3280 1954 ἐστι
3302 1900 3505 1973 τρόπος
3527 1899 3729 1963 ἄδολος.

2145 1995 2209 2048 Εἰ
2263 1993 2322 2048 δὲ
2367 1993 2558 2048 τοῦτον
2601 1994 2731 2058 ἴδοις
2769 1993 3101 2048 δικαστικῶν
3146 1993 3351 2066 θρόνων
3398 1993 3731 2064 είργόμενον,

2147 2083 2411 2149 στέναξον
2440 2084 2531 2138 τὸν
2553 2084 2739 2156 νόμον,
2765 2085 2848 2138 ὃτι
2881 2084 3108 2156 χρυσίου
3133 2085 3432 2155 νενίκηται.
3459 2084 3732 2155 Συνακμά-

2147 2194 2247 2240 σας
2274 2177 2385 2248 γὰρ
2419 2179 2488 2248 τῇ
2518 2175 2785 2246 βασιλέως
2814 2175 2989 2240 πόλει,
3023 2178 3154 2249 περὶ
3183 2178 3250 2248 ἣν
3279 2177 3347 2231 τὰ
3395 2176 3610 2248 μεγάλα
3647 2195 3734 2230 πε-

2144 2269 2286 2340 λάγη
2341 2267 2610 2339 σχίζεται,
2646 2269 2742 2322 καὶ
2781 2269 2883 2339 τὴν
2917 2268 3089 2341 αὐτὴν
3131 2271 3314 2342 ἐκείνη
3357 2269 3600 2342 κρηπῖδα
3642 2269 3732 2340 τῆς

2145 2361 2342 2417 ἑαυτοῦ
2364 2361 2524 2434 δόξης
2555 2361 2854 2433 βαλόμενος
2876 2361 2945 2425 ⁸³,
2982 2361 3086 2425 ἕως
3141 2363 3240 2434 μὲν
3291 2365 3350 2416 ἐν
3405 2362 3734 2432 σπαργάνοις

2146 2451 2228 2504 ἐτι
2258 2451 2318 2505 τὸ
2345 2451 2505 2522 σῶμα
2529 2451 2631 2521 τῆς
2665 2451 2876 2514 πόλεως
2907 2451 3228 2519 ἐπλάττετο,
3255 2452 3451 2524 ἐτέρας
3478 2455 3652 2524 ἀρχὰς
3675 2455 3733 2507 ἐκ

2147 2545 2414 2616 βασιλέως
2467 2543 2829 2614 κατηύθυνεν,
2883 2545 3007 2598 ἐπεὶ
3056 2545 3115 2598 δὲ
3171 2545 3279 2600 ἔδει
3327 2548 3426 2618 τῆς
3481 2549 3734 2620 ἀκριϐοῦς

2147 2639 2331 2710 χειρὸς
2387 2638 2642 2708 καθάπερ
2704 2637 2760 2690 ἐν
2797 2635 2989 2701 τύποις
3039 2637 3376 2708 ἀγάλματος,
3429 2640 3518 2693 ἐπ’
3575 2640 3737 2710 αὐτὴν

2147 2732 2451 2796 ἐπάνεισιν,
2485 2731 2574 2784 ἵνα
2606 2729 2768 2793 αὐτός
2799 2747 2861 2782 τε
2896 2729 3042 2802 ἀρχὴ
3084 2732 3180 2785 καί⁸
3213 2733 3370 2796 τέλος
3415 2732 3628 2800 γένοιτο
3661 2734 3735 2806 τῷ

2097 2886 2099 2888 ,
2148 2825 2313 2878 παντὶ
2342 2825 2535 2895 κόσμῳ
2575 2826 2675 2896 τῆς
2710 2825 2942 2889 πόλεως.
2987 2825 3181 2888 Πόλεις
3226 2826 3609 2898 ἐγειρομένας,
3651 2826 3740 2897 δή.

2152 2935 2288 2988 μους
2331 2918 2710 2988 ἀκμάζοντας,
2758 2916 3086 2989 Ταρτησσοῦ
3125 2919 3171 2951 ⁹⁰
3221 2917 3357 2989 βίον,
3417 2919 3740 2989 Ἀμαλθείας

2149 3009 2341 3080 κέρας,
2373 3010 2481 3063 πᾶν
2510 3010 2634 3064 ὅσον
2661 3010 3011 3082 εὐδαιμονίας
3045 3011 3363 3082 κεφάλαιον.
3421 3012 3589 3066 Ἀλλά
3619 3012 3740 3086 [600

2150 3101 2248 3171 11.]
2292 3101 2378 3166 τίς
2420 3101 2522 3168 τῆς
2561 3102 2692 3174 περὶ
2730 3103 2820 3157 τὸν
2881 3105 3164 3159 νεανίσκον
3203 3106 3248 3138 ’ί
3289 3106 3524 3178 σπουδῆς
3560 3108 3738 3172 uitia;

452 3202 578 3242 cum
633 3184 860 3240 hilarem
910 3185 1168 3240 choream
1229 3198 1352 3236 cum
1409 3184 1578 3237 variis
1645 3182 1748 3238 diis
1805 3183 2042 3239 saltavit.

2151 3167 2314 3266 Ψυχὴ
2344 3167 2516 3258 πᾶσα,
2549 3167 2677 3266 ἄρτι
2697 3196 2983 3267 σχισθεϊσα
3007 3196 3110 3266 τῆς
3137 3197 3248 3250 ἄνω
3266 3167 3742 3269 λήξεωςῖἒναυλον

451 3279 587 3334 Cum
628 3278 792 3350 igitur
818 3277 1018 3331 viderit
1053 3275 1167 3330 illic
1191 3274 1675 3345 pulchritudinem,
1718 3274 1878 3344 quam
1918 3286 2048 3330 tunc

453 3385 583 3426 vere
630 3369 948 3438 descripsit,
993 3369 1136 3422 intra
1187 3376 1425 3422 mentem
1481 3365 1720 3420 divinam
1760 3366 2048 3422 abscondi-

455 3470 603 3525 tam,
651 3458 928 3514 desiderat
974 3465 1029 3511 et
1071 3458 1270 3524 gaudet
1323 3457 1428 3511 hoc
1480 3456 1791 3527 Spectaculo
1826 3496 1842 3521 ,
1889 3467 1943 3512 et
1990 3470 2049 3512 se

452 3550 630 3621 ipsam
675 3549 966 3619 splendore
1008 3549 1346 3617 scientiaque
1370 3548 1611 3612 elevans,
1648 3563 1769 3602 cum
1803 3549 1904 3602 hoc
1929 3549 2049 3602 loco

452 3642 785 3712 conjungere
809 3641 1050 3696 festinat.
1099 3639 1230 3694 Tale
1261 3639 1392 3709 quid
1432 3639 1564 3694 mihi
1602 3639 1658 3693 in
1703 3638 2050 3694 adolescente

455 3737 678 3792 accidit.
715 3733 851 3789 Nam
886 3734 1052 3789 veluti
1101 3733 1154 3788 in
1191 3733 1413 3804 speculo
1439 3733 1603 3803 hujus
1633 3733 1687 3787 in
1715 3734 1901 3788 animo
1926 3748 2050 3802 spe-

453 3827 591 3882 ciem
645 3826 811 3881 animi
849 3826 952 3880 mei
1003 3836 1358 3894 apparentem
1391 3824 1600 3890 videns,
1649 3838 1712 3878 ea
1751 3839 1871 3879 smn
1903 3823 2051 3879 dele-

454 3927 655 3980 ctatus,
701 3925 755 3971 et
800 3915 923 3970 ideo
975 3914 1174 3977 amavi,
1207 3924 1262 3967 et
1301 3915 1454 3982 quasi
1500 3914 1732 3969 alterum
1769 3930 1857 3968 me
1888 3915 2050 3985 hujus

455 4010 701 4063 animum
763 4005 1011 4076 quaesivi.
1067 4004 1244 4060 Probe
1307 4015 1490 4074 potest
1530 4008 1713 4061 omnia
1783 4009 2049 4061 memoria

455 4099 753 4164 custodire,
813 4113 1152 4168 quaecunque
1212 4099 1312 4153 sub
1377 4099 1515 4153 duce
1576 4101 1807 4169 gesserit
1868 4100 2050 4156 animo

458 4191 837 4263 philosomius,
869 4191 1211 4246 orationibus
1244 4205 1352 4245 non
1382 4189 1470 4246 his
1509 4193 1693 4258 modo,
1723 4192 1819 4249 sed
1850 4203 1904 4247 et
1933 4208 2052 4247 om-

457 4285 642 4348 nibus,
697 4300 816 4354 quae
861 4300 891 4339 e
921 4285 1219 4351 Musarum,
1267 4295 1326 4342 et
1371 4287 1640 4359 Apollinis
1684 4287 1856 4359 pratis
1883 4286 2052 4358 pullu-

456 4380 589 4433 lant.
632 4375 790 4433 Unde
821 4378 1003 4432 omnis
1029 4379 1290 4433 doctrinae
1321 4378 1531 4436 fructus
1578 4381 1895 4451 discerpcns
1927 4388 2050 4436 tan-

2151 3284 2232 3337 ἔτι
2266 3287 2423 3357 φέρει
2460 3290 2560 3356 τὴν
2597 3286 2726 3342 θέαν
2761 3287 2871 3342 τῶν
2901 3289 3239 3360 ἀγαλμάτων
3278 3290 3529 3356 ἐκείνων,
3561 3291 3598 3344 5.
3622 3291 3743 3344 τότε

2151 3370 2311 3439 εἶδεν,
2345 3379 2434 3430 ὅτε
2486 3377 2783 3448 εὐδαίμονα
2828 3380 3050 3452 χορείαν
3104 3382 3200 3435 σὺν
3245 3379 3384 3435 θεῶν
3433 3382 3647 3453 δίφροις
3697 3385 3742 3414 ’³

2151 3469 2427 3543 ἐχόρευεν.
2475 3471 2644 3525 Ὅταν
2699 3468 2792 3526 οὖν
2843 3473 2929 3546 ἴδῃ
2973 3475 3069 3530 καὶ
3115 3476 3244 3547 τῇδε
3288 3476 3502 3544 κάλλος,
3554 3476 3583 3530 ὃ
3620 3477 3745 3530 τότε

2153 3562 2474 3634 πλάσματος
2519 3565 2648 3619 ἄνευ
2684 3566 2996 3639 ἱστόρησεν,
3032 3569 3164 3621 είσω
3198 3568 3376 3640 ψυχῆς
3421 3569 3575 3633 θείας
3606 3587 3744 3641 κρυ-

2153 3656 2452 3723 πτόμενον,
2496 3658 2722 3730 σπαργᾷ
2762 3676 2820 3712 τε
2855 3660 2951 3712 καὶ
2984 3661 3170 3732 χαίρει
3194 3664 3262 3732 τῇ
3293 3661 3410 3734 θέᾳ,
3441 3663 3537 3715 καὶ
3560 3661 3749 3731 συμϐι-

2154 3744 2342 3812 ϐάζειν
2361 3749 2564 3819 ἑαυτὴν
2585 3751 2722 3822 πρὸς
2746 3750 2840 3806 τὸν
2869 3753 2987 3806 ἐκεῖ
3015 3754 3182 3806 τόπον
3208 3754 3507 3821 ἐπείγεται,
3533 3753 3663 3826 δόξῃ
3691 3771 3748 3806 τε

2153 3840 2249 3893 καὶ
2307 3840 2591 3913 ἐπιστήμῃ
2634 3844 2966 3914 κουφίσασα.
3021 3846 3276 3901 Τοιοῦτόν
3322 3863 3376 3900 τι
3431 3847 3600 3912 πάθος
3654 3850 3750 3902 καὶ

2154 3931 2320 3995 αὐτὸς
2387 3933 2517 4004 περὶ
2547 3935 2638 3988 τὸν
2665 3936 2784 3989 νέον
2817 3936 3039 3995 ἔπαθον.
3071 3940 3339 4010 Καθάπερ
3372 3940 3477 4012 γὰρ
3517 3943 3575 3995 ἐν
3611 3960 3750 3996 κατ-

2152 4023 2340 4096 όπτρῳ
2361 4028 2425 4096 τῇ
2454 4025 2608 4081 τοῦδε
2637 4028 2782 4102 ψυχῇ
2812 4031 3031 4085 εἴδωλόν
3056 4049 3108 4086 τι
3133 4033 3234 4103 τῆς
3261 4033 3494 4103 ἐμαυτοῦ
3519 4034 3750 4107 γνώμης

2157 4113 2281 4169 ίδὼν
2321 4117 2647 4190 φαινόμενον
2679 4121 2856 4192 ⁴ἥσθην
2886 4139 2947 4176 τε
2977 4125 3147 4195 αὐτῷ,
3175 4125 3270 4180 καὶ
3302 4126 3391 4179 διὰ
3423 4126 3580 4181 τοῦτο
3615 4129 3752 4182 ἐπό-

2155 4207 2317 4280 θησα,
2351 4211 2445 4264 καί⁸
2494 4212 2744 4286 καθάπερ
2781 4214 2938 4269 ἄλλον
2967 4216 3205 4287 ἐμαυτὸν
3236 4219 3336 4288 τὴν
3376 4219 3530 4274 τοῦδε
3566 4222 3752 4292 ψυχὴν

2155 4297 2491 4371 [ἐξεζήτησα
2516 4302 2562 4333 ⁸³
2586 4301 2645 4375 ἢ]
2669 4304 2972 4376 ἐξήσκησα.
3009 4307 3192 4371 Δεινὸς
3219 4308 3319 4379 μὲν
3369 4305 3461 4363 οὐν
3489 4309 3582 4363 καὶ
3614 4314 3755 4381 lavi;-

2163 4409 2241 4465 μῃ
2273 4391 2508 4464 φυλάξαι
2549 4397 2679 4460 πᾶν,
2729 4396 2868 4468 ὅπερ
2927 4397 2993 4452 ἂν
3029 4398 3122 4468 ὑφ’
3179 4400 3409 4470 ἡγεμόνι
3466 4403 3752 4473 πονήσειε.

456 4483 619 4539 quam
649 4468 795 4523 veris
847 4467 1135 4534 corollam,
1191 4469 1276 4524 his
1315 4469 1560 4525 animum
1610 4486 1768 4526 suum
1809 4472 2044 4526 ornavit.

2153 4485 2444 4556 Φιλόσοφος
2479 4487 2576 4558 μὲν
2624 4487 2723 4559 τὴν
2773 4488 3024 4560 γνώμην,
3061 4467 3214 4554 τοὺς-
3238 4467 3301 4544 δέ
3321 4491 3512 4561 λόγους
3539 4467 3606 4546 οὐ
3629 4495 3755 4547 τού-

459 4560 518 4614 Si
547 4559 729 4615 dicere
780 4573 1005 4614 necesse
1055 4557 1243 4626 fuerit,
1277 4575 1347 4617 ne
1389 4561 1623 4631 amplius
1653 4577 1867 4632 quaeras
1893 4564 2044 4633 cujus

2152 4594 2278 4642 τους
2309 4557 2494 4650 μόνον,
2525 4578 2661 4634 ἀλλά
2679 4557 2779 4636 καὶ
2817 4557 2926 4638 πᾶν
2950 4557 2978 4637 ό
2999 4601 3053 4637 τι
3096 4583 3276 4655 βούλει
3314 4557 3422 4639 τῶν
3463 4586 3566 4640 ὅσα
3598 4588 3758 4642 Μου-

457 4654 530 4706 sit
553 4650 721 4720 ﬁlius,
755 4663 810 4709 et
841 4655 906 4708 ad
933 4668 1094 4723 quem
1129 4656 1400 4723 pertineat
1429 4672 1444 4710 :
1476 4654 1560 4710 sic
1590 4657 1821 4727 primam
1863 4655 2044 4727 imagi-

2156 4669 2267 4724 σῶν
2297 4688 2360 4724 τε
2409 4675 2504 4727 καὶ
2541 4673 2880 4740 Ἀπόλλωνος
2913 4650 3181 4747 λειμῶνες
3212 4677 3466 4750 βρύουσιν
3493 4697 3508 4712 ·
3548 4680 3654 4750 ἀφ’
3685 4677 3759 4734 ῶν

457 4761 580 4802 nem
616 4747 927 4803 accuratius
972 4762 1135 4817 quam
1183 4749 1362 4818 quivis
1402 4747 1578 4818 pictor
1624 4749 1916 4818 expressit.
1947 4747 2044 4803 Bo-

2152 4761 2496 4834 δρεψάμενος
2522 4765 2743 4836 ἁπάσης
2767 4768 3020 4832 παιδείας
3044 4747 3378 4835 λωτὸν,ὀῖόν
3399 4789 3522 4825 τινα
3551 4747 3760 4842 στέφα-

458 4854 561 4894 nus
613 4840 830 4908 quidem
870 4839 1073 4905 socius,
1119 4840 1164 4894 si
1212 4855 1335 4894 cum
1367 4839 1505 4895 duce
1553 4841 1904 4910 pugnandum
1958 4841 2044 4906 sit,

2154 4867 2244 4904 νον
2282 4852 2470 4923 ἠρινόν
2509 4855 2610 4926 τὴν
2647 4857 2842 4910 ἑαυτοῦ
2879 4856 3058 4929 ψυχὴν
3101 4859 3492 4932 ἀπείργασται.
3541 4861 3611 4916 Εἰ
3665 4839 3762 4932 μὲν

457 4931 632 4988 bonus
657 4932 824 4987 etiam
849 4946 947 4987 sua
981 4944 1194 5003 sponte.
1240 4932 1392 4988 Juste
1426 4934 1592 5004 igitur
1621 4942 1792 5005 poetae
1823 4933 1959 5004 (47),
1994 4945 2044 4990 et

2154 4939 2267 5014 γὰρ
2296 4942 2476 5012 λέγειν
2497 4945 2765 5016 δεήσειεν,
2798 4948 2982 5002 οὐκέτ’
3014 4948 3080 5003 ἂν
3107 4931 3370 5022 ζητήσαις
3410 4953 3519 5023 ὅτῳ
3541 4953 3593 4986 ⁸⁸⁵
3632 4931 3762 5016 παῖς

458 5039 580 5079 cum
623 5025 690 5080 iis
737 5024 980 5096 pictores
1021 5035 1077 5081 et
1133 5025 1352 5080 ﬁctores
1403 5025 1654 5096 Cupidini
1706 5037 2044 5083 senectutem

2156 5035 2242 5105 εἴη
2273 5037 2366 5089 καὶ
2394 5037 2503 5107 ὅτῳ
2526 5038 2805 5110 προσῆκεν
2833 5057 2848 5071 ·
2881 5039 3026 5096 οὕτω
3058 5043 3240 5116 πάσης
3270 5044 3494 5116 Γραφῆς
3522 5046 3759 5117 ἀκριεέ-

458 5118 705 5183 demunt,
761 5116 1018 5187 juvenem
1075 5115 1222 5172 hunc
1288 5118 1471 5184 deum,
1542 5129 1597 5173 et
1658 5118 2044 5189 pubescentem

2159 5144 2350 5199 ore:va
2369 5129 2466 5202 τὴν
2484 5132 2673 5188 εἰκόνα
2693 5133 2790 5189 τοῦ
2824 5115 3205 5209 καθηγεμόνος
3233 5115 3566 5210 μεμίμηται.
3591 5115 3764 5210 ’ᾉγαο

1817 5233 2054 5291 VARl/E
2114 5237 2526 5300 LECTIONES.

458 5415 505 5447 ⁸⁸
526 5345 908 5447 finitarum”.
948 5419 996 5447 η
1031 5346 1630 5447 οεῖπςίγρχωξὶθὲῗξίῖυεῠὶ
1655 5348 1925 5447 «ἓνὲνΞέ
1961 5353 2096 5447 Dn"
2122 5354 2670 5447 ιξλεινςσυλριηίίῐηῆ
2689 5362 2812 5447 rei“
2837 5365 3130 5447 Κλεινίου..
3161 5367 3234 5422 cf.
3266 5381 3352 5447 μή
3383 5365 3485 5447 R.“
3502 5367 3680 5447 1137,
3711 5369 3764 5423 9.

456 5419 505 5540 ἒ*
526 5419 627 5470 οὐκ
671 5433 782 5472 om.
811 5419 876 5474 A.
948 5419 996 5451 ⁸⁹
1023 5419 1358 5508 βαλλόμενος
1585 5419 1630 5450 ⁹⁰
1655 5421 1929 5508 ταρτησοῦ
1961 5423 2066 5506 Bp.
2105 5425 2271 5508 κέρας
2293 5419 2598 5498 ἀμᾶλθείας
2633 5433 2692 5488 Β.
2771 5435 2814 5467 ’³
2846 5435 2954 5491 τῶν
2981 5419 3285 5493 νεανίσκῶεῖ
3309 5419 3391 5492 7C.
3438 5419 3486 5470 δ’

492 5488 732 5556 ιαφόροις
754 5491 816 5544 C.
919 5491 966 5523 ⁸³
989 5489 1290 5556 ἐςησκησα]
1325 5490 1619 5555 εξεκακισα
1648 5494 1709 5546 (λ.
1810 5496 1854 5531 νδ
1880 5492 2137 5556 ζητησαιΊ
2166 5514 2291 5551 οτου
2321 5500 2388 5554 Α.

549 5492 732 5560 φόροις
754 5492 816 5544 C.
919 5492 966 5523 ⁸³
989 5492 1290 5562 ἐξήσκησα]
1325 5492 1619 5555 ἐξεκάκισα
1648 5492 1709 5546 C.
1810 5496 1854 5531 νδ
1880 5492 2137 5565 ζητῆσαι]
2166 5497 2291 5551 ὅτου
2321 5492 2388 5554 Ᾱ.

1979 5608 2218 5670 NOTAE.

535 5696 647 5773 (lg)
683 5697 840 5773 Pilato
887 5699 939 5752 in
992 5697 1240 5773 Pila-dra,
1269 5701 1352 5756 vel
1388 5701 1632 5771 Sympos.
1671 5701 1870 5759 Alciat.
1903 5701 2166 5762 Emblem.

537 5762 648 5834 (47)
680 5769 1036 5826 Philostratus
1066 5781 1119 5827 et
1147 5762 1436 5840 (Syra-idus.
