3924 6452
343 355 477 418 1357

1419 354 1777 414 ΒΙΒΙᾸΟΤΗ
1790 353 1944 411 ECA.
1966 376 2033 384 -
2064 350 2227 410 COD.
2270 352 2554 412 CCXLIII
2566 400 2577 410 .

3480 357 3617 421 135.8

336 468 427 531 θδς
458 468 558 538 μὲν
584 471 1079 541 συμπαραστάτης,
1120 469 1171 521 εί
1202 485 1303 522 που
1337 468 1448 521 δέοι
1477 468 1555 539 τῷ
1583 466 1915 536 καθηγεμόνι

2030 463 2256 533 tingunt,
2275 462 2517 519 fraudem
2557 465 2699 521 illius
2721 475 2881 521 mtate
2912 467 3134 536 juvenili
3164 467 3362 538 369a
3401 469 3627 526 demon-

336 562 825 629 συναγωνίζεσθαι,
861 563 1062 630 ἀγαθὸς
1096 562 1153 615 δὲ
1183 562 1277 615 καὶ¹
1322 558 1785 632 αύτοπροσώπως.
1835 562 1926 609 Δι-

337 655 503 717 οιαίως
548 654 657 723 ἄρα
701 656 749 707 oi
783 654 1031 727 ποιηταὶ,
1073 653 1168 707 καὶ
1215 653 1333 724 μετ’
1375 652 1552 706 αὐτῶν
1594 652 1827 721 γραφεῖς
1866 666 1926 702 τε

332 745 426 798 καὶ
462 747 723 813 πλάσται,
778 749 1021 819 Ἔρωτος
1080 748 1261 818 γῆρας
1307 746 1755 815 ἀποσυλήσαντες
1807 743 1926 796 νέον

326 836 544 890 ποιοῦσι
574 837 666 890 τὸν
686 838 819 892 θεὸν
851 838 1040 892 τοῦτον
1068 841 1163 891 καὶ
1185 838 1411 909 ἔφηϐον,
1443 838 1513 891 τὰ
1540 838 1638 907 τῆς
1666 837 1926 900 ἀπιστίας

323 928 496 981 αὑτοῦ
542 929 619 1000 τῷ
665 930 846 1001 νεαρῷ
881 933 925 963 ⁸⁸
960 931 1060 1001 τῆς
1093 931 1310 1002 ἡλικίας
1361 930 1718 1000 ἐμφαίνοντες
1757 931 1824 985 θθ.
1856 924 1928 985 Ὠ

321 1021 581 1075 τοσοῦτον
620 1023 850 1092 ἰσχύσας
887 1026 1000 1085 τοῖς
1028 1024 1229 1093 λόγοις,
1260 1024 1385 1076 ὅσον
1414 1024 1508 1076 καὶ
1542 1024 1636 1075 τὸν
1658 1022 1928 1075 Θετταλόν

322 1112 514 1165 ἀκούω
547 1114 751 1166 Κινέαν
779 1114 847 1177 ⁸⁷,
889 1114 949 1168 ὃς
979 1114 1077 1166 σὺν
1113 1113 1327 1183 βασιλεῖ
1366 1113 1569 1184 Πύρρῳ
1611 1113 1714 1181 γῆν
1756 1110 1926 1163 ἐπιὼν

320 1202 511 1253 πᾶσαν
544 1203 639 1252 καὶ
678 1201 954 1256 θάλασσαν
984 1204 1091 1274 πρὸ
1117 1204 1226 1257 τῶν
1261 1204 1673 1274 μηχανημάτων
1695 1206 1807 1267 τοῖς
1840 1202 1927 1255 λό-

316 1309 442 1360 γοις
470 1291 567 1354 τὰς
597 1292 781 1355 πόλεις
818 1293 1045 1347 ἔκλινεν.
1071 1297 1146 1348 Οὐ
1181 1297 1293 1367 γὰρ
1314 1297 1473 1359 αὐτός
1516 1312 1579 1363 γε
1618 1295 1810 1348 τούτου
1847 1296 1923 1347 δι-

313 1384 684 1450 δάσκαλος,οὐ
706 1386 782 1455 μά
810 1388 934 1449 τοὺς
965 1388 1289 1458 ὑμετέρους,
1324 1382 1369 1441 ὦ
1396 1387 1567 1456 λόγοι,
1603 1387 1825 1453 πόθους,
1856 1387 1922 1441 δι’

314 1478 418 1542 οὓς
448 1480 558 1547 ἐγὼ
589 1480 855 1548 πατρικὸν
880 1482 1037 1534 ὄλϐον
1072 1481 1235 1554 ῥίψας
1263 1481 1560 1550 εὐδαίμονα
1591 1483 1722 1552 παρ’
1791 1482 2017 1535 Ἰλισσοῦ
2054 1484 2099 1516 ³⁸
2168 1489 2461 1555 μυστικαῖς
2516 1486 2707 1557 ὄχθαις

2036 563 2299 608 Strantes.
2330 553 2375 609 Ο
2403 556 2494 625 qui
2526 564 2730 611 tantmn
2758 556 2935 628 lingua
2967 558 3137 624 vales,
3174 569 3438 629 quantum
3468 564 3628 617 audio

2036 648 2257 723 (lineam
2293 647 2613 704 Thessalum
2648 650 2783 720 (48),
2815 652 2905 719 qui
2934 667 3056 704 cum
3098 666 3226 722 rege
3257 651 3469 722 Pyrrho
3506 670 3625 706 mn-

2037 757 2159 795 nem
2208 750 2407 796 terram
2453 752 2506 797 et
2558 759 2705 796 mare
2749 760 3000 799 emensus
3043 761 3148 798 non
3194 747 3483 807 machinis,
3534 747 3627 800 sed

2034 836 2282 890 oratione
2312 838 2472 891 urbes
2499 839 2681 892 evicit.
2716 835 2834 890 Non
2866 838 3008 893 enim
3058 839 3148 892 ille
3179 838 3339 907 hujus
3372 840 3627 908 magister

2029 942 2128 995 per
2158 938 2391 994 vestros,
2429 944 2462 983 o
2487 944 2791 995 sermones,
2822 945 3058 995 amores,
3097 941 3315 1001 propter
3346 946 3481 1000 quos
3526 947 3627 1005 ego

2028 1019 2215 1074 beatas
2240 1029 2492 1088 paternas
2537 1020 2801 1089 abjiciens
2826 1037 2976 1090 opes,
2996 1023 3151 1089 juxta
3214 1033 3457 1078 secretas
3485 1023 3625 1079 llis-si

2028 1114 2174 1184 ripas
2235 1117 2497 1171 habitavi.
2564 1118 2877 1173 Alexander
2928 1120 3095 1175 totius
3150 1121 3332 1174 mundi
3388 1121 3623 1187 partium

2030 1206 2250 1274 trepaais
2281 1207 2504 1275 potitus.
2528 1207 2662 1260 Tum
2691 1210 2839 1262 enim
2875 1223 2905 1263 c
2932 1208 3160 1263 meridie
3191 1206 3414 1263 conﬂuit
3440 1216 3624 1272 testas,

2032 1314 2226 1352 aurora
2278 1300 2491 1368 mitigat
2538 1300 2727 1367 solem,
2765 1311 2818 1356 et
2864 1302 3040 1357 elatos
3094 1303 3145 1355 in
3182 1316 3400 1371 proram
3432 1299 3625 1353 ﬂuctus

2034 1390 2226 1445 dividit
2252 1391 2520 1462 Zephyro.

2790 1487 3123 1557 ὲσκήνημαι.
3170 1483 3521 1554 Ἀλέξανδρος
3593 1483 3623 1535 ὁ

312 1575 434 1636 τοῖς
462 1572 746 1641 τροπαίοις
788 1574 939 1642 ὅροις
973 1574 1071 1640 τῆς
1105 1574 1234 1644 δλης
1263 1575 1308 1606 ⁹⁹
1340 1573 1713 1643 χρησάμενος.
1749 1572 1820 1625 Τό
1854 1590 1914 1626 τε
1955 1574 2062 1644 γὰρ
2099 1575 2197 1645 τῆς
2233 1577 2584 1647 μεσημϐρίας
2617 1579 2848 1650 ὑπορρεῖ
2876 1578 3019 1644 ζέον,
3058 1576 3203 1648 αὖρα
3265 1594 3322 1630 τε
3389 1576 3624 1647 πραΰνει

311 1668 411 1719 τὸν
441 1666 625 1733 ἥλιον,
668 1665 761 1716 καὶ⁴
790 1664 972 1733 σχίσαι
1007 1663 1235 1735 Ζεφύρῳ
1264 1665 1614 1734 πορφύροντα
1647 1664 1775 1732 περὶ
1808 1663 1905 1734 τὴν
1944 1664 2171 1737 πρῶραν
2195 1668 2264 1720 τὰ
2288 1667 2528 1737 κύματα.

313 1754 495 1830 [Mil
544 1753 654 1825 IL]
719 1754 820 1807 Ἐκ
860 1754 971 1821 τῆς
1008 1754 1158 1821 πρὸς
1196 1755 1338 1821 τοὺς
1378 1756 1654 1823 ἑταίρους
1693 1770 1914 1809 συντα-

389 1824 619 1893 κτυιῆς,
663 1824 761 1878 ὅτε
796 1825 959 1893 ἐξῄει
997 1826 1096 1878 ἐπὶ
1137 1828 1448 1894 Κόρινθον.
1487 1855 1559 1865 -
1602 1826 1672 1879 Τὸ
1710 1826 1914 1894 προοί-

385 1913 546 1965 μιον.

390 1988 455 2038 Οἱ
502 1984 671 2038 πάλαι
716 1985 817 2054 τὴν
862 1983 1035 2056 λύραν
1065 1983 1392 2054 κάμνοντες,
1426 1982 1481 2035 εἴ
1517 1999 1646 2035 ποτε
1680 1983 1782 2051 γῆν
1818 1982 1917 2034 ἐπ’

311 2080 485 2149 ἄλλην
503 2078 788 2143 ἔσπευδον,
805 2077 905 2129 οὐκ
927 2076 1203 2145 ἄφθογγον
1224 2078 1322 2145 τὴν
1344 2073 1911 2145 ἁποδημίανρποίουν,

312 2175 436 2226 ἀλλ’
472 2173 582 2244 ᾠδῇ
622 2172 717 2225 καὶ
763 2169 916 2241 μέλει
958 2169 1050 2222 τὸν
1090 2168 1248 2239 χορὸν
1292 2168 1383 2223 τὸν
1416 2166 1625 2219 ἑαυτῶν
1653 2166 1915 2239 ἀπησπά-

312 2267 499 2331 ζοντο.

441 2360 536 2413 Ἐκ
575 2357 694 2411 τῶν
732 2356 1104 2418 ὑπολοίπων,
1144 2353 1446 2422 διαφόρων
1485 2352 1675 2405 ὄντων
1712 2352 1810 2406 καὶ

607 2429 932 2496 διαφόρους
970 2427 1237 2493 ἐχόντων
1275 2423 1619 2487 ὑποθέσεις.

390 2522 513 2596 [601
554 2520 649 2593 ΙΙ.]
696 2521 806 2581 Τὰς
844 2518 1107 2587 βασιλέως
1162 2517 1330 2579 αὐλὰς
1362 2515 1457 2569 καὶ
1491 2515 1701 2585 γρυσῆν
1744 2515 1914 2584 τύχην

312 2616 653 2685 ὑπόπτερον.
686 2614 758 2666 Ού
796 2611 907 2681 γὰρ
937 2609 1223 2680 άφῃρέθης
1256 2610 1358 2676 την
1389 2608 1585 2678 ἀρχὴν,
1622 2608 1738 2661 ἀλλ’
1772 2609 1914 2660 ἑκὼν

315 2706 575 2778 ἔρριψας,
594 2703 786 2772 ὥσπερ
809 2719 892 2764 τις
926 2700 1246 2771 ὑπερόπτης
1287 2699 1429 2751 κατὰ
1460 2699 1727 2753 παιδικῶν
1752 2700 1766 2730 ⁸
1788 2716 1916 2768 τρυ-

314 2801 494 2867 φῆσαι
520 2796 843 2867 βουλόμενος
884 2794 980 2864 τὴν
1011 2795 1217 2865 χρυσῆν
1250 2793 1428 2864 κόμην
1452 2793 1621 2863 ῥόδων
1666 2792 1914 2860 στεφάνῳ

318 2892 696 2963 πορφύροντα
744 2889 904 2943 Ἀλλὰ
940 2890 1022 2950 τίς
1065 2887 1274 2941 τούτων
1323 2890 1356 2957 ἡ
1381 2888 1573 2957 χάρις;
1609 2884 1758 2955 Φυγὴ
1817 2886 1912 2938 καὶ

315 2986 562 3056 δρασμὸς
591 2985 683 3036 καὶ
710 2981 982 3051 τοσαύτης
1028 2981 1213 3050 φιλίας
1245 2982 1493 3051 ἄρνησις.
1515 2979 1773 3048 Ἐνίκησα
1817 2977 1914 3048 μὲν

315 3078 427 3132 ὑπὸ
462 3078 544 3130 σοὶ
583 3078 741 3147 κριτῇ
776 3075 919 3128 κατὰ
948 3073 1048 3144 τὴν
1096 3072 1315 3143 θερινὴν
1352 3072 1501 3142 ὥραν
1541 3072 1632 3124 τὸν
1667 3070 1913 3137 τέττιγα,

317 3168 598 3241 ἠπείλησα
622 3168 687 3221 δὲ
719 3166 813 3219 καὶ
845 3168 965 3228 ταῖς
998 3165 1186 3234 άηὸόσι
1221 3165 1341 3227 ταῖς
1377 3163 1667 3225 Ἀττικαῖς,
1705 3161 1759 3213 εί
1787 3160 1918 3213 ποτέ

321 3261 543 3331 μοικαὶ
578 3259 821 3313 Ἀττικὸν
855 3257 1059 3330 πήξαιο
1093 3257 1344 3327 θέατρον,
1382 3253 1551 3325 μῦθον
1600 3252 1770 3315 ὅντως
1819 3251 1919 3315 τὰς

315 3354 549 3407 ἐκείνων
580 3351 826 3421 γλώττας
856 3353 974 3413 ταῖς
1000 3349 1093 3401 ἐπὶ
1122 3349 1205 3400 σοὶ
1237 3349 1443 3416 φωναῖς
1470 3343 1913 3416 ἀπεργάσασθαι.

314 3440 393 3496 Ὦ
449 3444 542 3496 καὶ
590 3441 727 3495 τοῦ¹
762 3440 961 3493 σαυτοῦ
1008 3440 1200 3508 γένους
1250 3439 1407 3508 ὄμμα
1458 3438 1792 3507 φανότατον,
1822 3434 1918 3487 καὶ

316 3534 520 3587 ταυτὸν
547 3532 623 3603 τῷ
652 3533 799 3601 γένει
832 3533 1146 3602 γενόμενος,
1187 3532 1323 3602 ὅπερ
1354 3530 1448 3583 καὶ
1480 3530 1562 3582 σο¹ι
1595 3529 1857 3590 πολλάκις
1888 3529 1917 3578 ὁ

315 3625 625 3694 προπάτωρ
654 3623 827 3692 ἥλιος.
864 3624 973 3692 Τῆς
1004 3625 1114 3694 γὰρ
1145 3621 1436 3692 συνωρίδος
1475 3620 1682 3689 ταύτης
1719 3620 1785 3689 δὴ
1817 3621 1914 3689 τῆς

315 3711 497 3783 καλῆς
525 3714 551 3764 ὁ
588 3714 687 3781 μὲν
720 3712 1119 3779 καταυγάζοντι
1144 3714 1269 3773 τοὺς
1297 3710 1567 3780 μεγάλους
1594 3710 1816 3779 θρόνους
1840 3709 1913 3773 ὣς

315 3822 409 3867 τις
438 3805 714 3874 ἑωσφόρος
750 3805 1077 3873 συνανέσχεν
1116 3803 1357 3874 ὄρθριος,
1387 3804 1508 3864 ταῖς
1536 3800 1701 3854 αὑτοῦ
1734 3801 1915 3871 βολαῖς

316 3899 424 3960 τὰς
472 3899 569 3959 σας
603 3897 826 3959 ἀκτῖνας
877 3895 1216 3967 μιμούμενος
1239 3912 1254 3928 ο
1311 3898 1341 3949 ὁ
1369 3896 1447 3959 δὲ,
1486 3896 1587 3965 τῆς
1624 3895 1734 3948 τῶν
1779 3894 1917 3947 νέων

318 3992 529 4060 ἀγέλης
578 3991 879 4060 ὲκλάμπων
926 3990 1180 4061 καθάπερ
1228 4008 1310 4054 τις
1358 3989 1560 4058 ταῦρος
1602 3988 1914 4059 ἀγελάρχης

316 4084 627 4157 ἀγέρωχος,
658 4085 951 4156 ἐσκίρτησε
985 4085 1082 4155 μὲν
1116 4085 1259 4138 κατὰ
1291 4084 1417 4147 τοὺς
1450 4082 1685 4137 Μουσῶν
1709 4081 1911 4151 λειμῶ-

314 4196 417 4240 νας
441 4177 630 4247 ὥσπερ
651 4196 733 4242 τις
758 4176 937 4239 πῶλος
968 4177 1219 4247 ὑψαύχην
1252 4177 1347 4229 καὶ
1376 4175 1577 4240 ἔνθεος,
1602 4175 1914 4245 ἐμιμήσατο

310 4268 378 4322 δὲ
410 4271 501 4321 κα)⁵
533 4271 624 4322 τὸν
664 4269 966 4340 Ὁμηρικὸν
997 4268 1284 4321 νεανίσκον
1310 4266 1400 4318 τὸν
1421 4264 1660 4329 Θέτιδος,
1689 4266 1783 4317 καὶ
1810 4264 1913 4334 μύ-

311 4360 430 4413 θων
449 4360 645 4428 ρητὴρ
674 4360 898 4428 ἀγαθὸς
925 4359 1020 4411 καὶ
1048 4355 1323 4425 πρηκτὴρ
1342 4356 1363 4385 ³
1392 4355 1583 4425 ἔργων
1600 4356 1908 4425 γενόμενος.

719 1754 820 1807 Ἐκ
860 1754 971 1821 τῆς
1008 1754 1158 1821 πρὸς
1196 1755 1338 1821 τοὺς
1378 1756 1654 1823 ἑταίρους
1693 1770 1915 1809 συντα-

2094 1757 2177 1813 Ex
2228 1763 2466 1815 oratione
2506 1762 2576 1814 ad
2612 1760 2797 1817 Socios
2832 1764 2955 1815 dum
2995 1765 3092 1817 iret
3123 1762 3450 1817 Corinthum.
3478 1791 3547 1801 —

2679 1830 3025 1887 Prooemium.

2090 1988 2315 2045 Veteres
2349 1989 2520 2061 lyram
2546 1989 2895 2054 fabricautes,
2924 1989 2968 2043 si
2995 1988 3275 2059 quandoin
3307 1989 3466 2043 aliam
3507 2000 3618 2044 ter-

2020 2096 2131 2135 ram
2191 2092 2561 2150 properarent,
2622 2082 3115 2151 peregrinationem
3173 2096 3279 2135 non
3331 2092 3615 2135 vacantem

2018 2172 2221 2226 Musira
2265 2173 2555 2237 faciehaut,
2614 2190 2711 2227 seu
2767 2182 2956 2237 cantu,
2994 2180 3049 2227 et
3109 2173 3352 2228 carmine
3386 2174 3617 2228 chorum

2018 2281 2180 2320 suum
2216 2266 2584 2320 retinuerunt.

2054 2356 2135 2411 E1:
2164 2358 2498 2412 orationibus
2534 2358 2753 2428 reliquis
2797 2359 3021 2413 diversis
3054 2358 3381 2411 diversorum
3416 2372 3583 2425 argu-

2718 2441 3035 2483 mentorum.

2078 2517 2123 2573 Ο
2148 2518 2324 2572 aulam
2358 2520 2586 2589 regiam,
2628 2529 2682 2574 et
2710 2519 2981 2575 fortunam
3019 2521 3135 2575 auri
3166 2520 3393 2574 alatam!
3420 2517 3535 2573 Non
3568 2518 3619 2572 vi

2016 2625 2047 2664 e
2082 2625 2248 2679 regno
2277 2611 2483 2679 ejectns
2516 2628 2594 2676 es,
2638 2613 2729 2665 sed
2762 2614 2992 2666 libenter
3013 2613 3287 2678 excidisti,
3319 2628 3423 2665 non
3452 2625 3617 2665 secus

2015 2717 2182 2771 quam
2199 2702 2247 2755 si
2266 2704 2531 2772 supetbus
2544 2705 2665 2772 quis
2682 2705 2732 2758 in
2756 2705 3057 2773 puerilibus
3076 2703 3403 2773 voluptatem
3421 2718 3621 2773 capere

2017 2796 2387 2849 contenderet.
2419 2796 2655 2849 Auream
2699 2798 2977 2851 caesariem
3027 2795 3349 2865 permutasti
3390 2795 3622 2849 rubente

2019 2900 2219 2939 corona
2251 2902 2524 2941 rosarum.
2562 2885 2669 2941 Sed
2710 2903 2961 2956 quamam
3007 2889 3195 2942 horum
3226 2887 3399 2955 gratia
3434 2893 3623 2954 repen‘

2018 2977 2165 3031 ditur
2200 2978 2326 3044 fuga
2360 2989 2413 3033 et
2444 2994 2641 3035 cursus
2662 3019 2677 3043 ,
2707 2990 2762 3033 et
2797 2988 2956 3034 tanta:
2986 2978 3241 3034 amicitiae
3269 2977 3620 3033 renuntiatio.

2028 3069 2163 3136 Vici,
2202 3081 2254 3125 te
2281 3072 2489 3141 judice,
2526 3074 2734 3128 astatis
2791 3082 3034 3142 tempore
3073 3071 3340 3138 cicadam,
3381 3070 3623 3125 minatus

2023 3162 2187 3214 etiam
2211 3177 2329 3215 sum
2362 3162 2672 3229 philomelis
2703 3162 2921 3225 Atticis,
2954 3162 2999 3217 si
3045 3161 3261 3231 quando
3292 3158 3423 3214 mihi
3454 3159 3622 3214 etiam

2024 3254 2260 3307 Atticum
2299 3254 2574 3308 theatrum
2618 3254 2899 3317 statueris,
2946 3268 3034 3306 me
3075 3253 3300 3307 omnino
3342 3253 3443 3306 hac
3493 3265 3625 3307 voce

2023 3340 2340 3396 effecturum
2376 3358 2545 3412 penes
2579 3353 2651 3405 te,
2685 3354 2734 3397 ut
2765 3359 2952 3398 eorum
2999 3344 3198 3413 lingua:
3232 3344 3405 3397 instar
3427 3341 3625 3396 fabula:

2022 3436 2151 3490 sint.
2208 3435 2253 3489 0
2287 3435 2360 3490 tui
2415 3437 2723 3490 stemmatis
2774 3436 2956 3489 lumen
3007 3435 3405 3501 clarissimum,
3464 3435 3625 3502 idque

2021 3541 2164 3594 sa’pe
2186 3530 2369 3596 generi
2401 3541 2490 3583 tuo
2516 3528 2793 3591 exstitisti,
2829 3530 2972 3598 quod
3007 3530 3205 3597 saepius
3232 3542 3366 3582 avus
3394 3527 3487 3581 tibi
3521 3524 3622 3579 sol.

2025 3613 2238 3668 Etenim
2273 3628 2341 3667 ex
2402 3615 2504 3668 hac
2548 3614 2778 3683 pulchra
2823 3614 3224 3680 conjunctione,
3275 3616 3363 3670 hic
3402 3614 3623 3684 quidem

2020 3706 2243 3760 altiores
2272 3705 2758 3770 sedesillustranti,
2792 3707 2949 3774 quasi
2977 3709 3280 3762 matutinus
3316 3709 3516 3776 aliquis
3541 3709 3625 3763 lu-

2017 3799 2157 3853 cifer
2182 3804 2550 3863 consurrexit,
2591 3799 2703 3853 suis
2734 3800 3243 3868 repercussionibus
3283 3800 3462 3854 radios
3490 3817 3621 3856 suos

2021 3890 2288 3947 imitatus.
2323 3891 2416 3945 ille
2438 3905 2567 3945 vero
2587 3892 2849 3961 juvenum
2866 3900 3068 3946 ccetum
3092 3890 3394 3956 illustrans,
3420 3903 3475 3947 ut
3514 3902 3626 3946 tau'

2023 3997 2117 4037 rus
2169 3984 2367 4053 aliquis
2423 3984 2639 4047 ductor,
2700 3984 2934 4038 armenti
2985 3985 3254 4053 petulcus,
3301 3983 3539 4039 lasciviit
3568 3987 3622 4039 in

2020 4075 2295 4131 Musarum
2328 4076 2518 4145 pratis,
2554 4085 2611 4128 ut
2637 4075 2814 4145 pullus
2848 4075 3146 4140 lunaticus,
3184 4085 3239 4131 et
3260 4078 3485 4130 numine
3510 4077 3626 4145 ple—

2018 4184 2143 4233 nus,
2194 4177 2251 4222 et
2282 4166 2629 4222 Homericum
2663 4168 2917 4236 juvenem
2975 4169 3221 4225 Thetidis
3276 4169 3619 4240 (Achilles.)

2019 4262 2212 4327 lilium,
2244 4271 2299 4315 et
2338 4262 2452 4315 haec
2479 4262 2663 4324 verba,
2685 4260 2866 4315 Bonus
2904 4274 3087 4317 arator
3125 4272 3377 4330 actorque
3404 4277 3616 4326 rerum,

2020 4355 2266 4408 imitatus
2290 4365 2395 4409 est.
2427 4352 2482 4408 Si
2515 4354 2581 4408 ad
2603 4364 2687 4409 me
2715 4364 2993 4423 poetarum
3035 4353 3249 4407 licentia
3297 4354 3616 4421 pertineret,

308 4452 385 4506 Ei.
413 4452 466 4504 δέ
499 4470 588 4520 μοι
626 4450 720 4504 καὶ
748 4452 845 4521 τῆς
875 4449 1114 4520 ποιητῶν
1143 4448 1391 4512 ἐξουσίας
1424 4447 1614 4518 μετῆν,
1640 4447 1816 4511 ἔδειξα
1846 4446 1912 4500 ἄν

2027 4448 2376 4503 ostendissent
2399 4448 2492 4501 tibi
2516 4457 2570 4501 et
2587 4447 2801 4502 llissum
2823 4448 2965 4501 hunc
2985 4446 3397 4517 lacrymantem,
3417 4445 3615 4517 369k

305 4559 405 4594 σοι
435 4543 526 4593 καὶ
560 4540 783 4593 Ἰλισσὸν
812 4540 999 4593 τοῦτον
1034 4538 1335 4609 δακρύοντα
1356 4577 1370 4601 ,
1404 4536 1619 4607 ἔχρωσα
1653 4536 1695 4587 δ’
1719 4535 1784 4588 ἂν
1815 4534 1907 4587 καὶ

303 4634 556 4700 κατηφεῖ
583 4630 833 4702 χρώματι
852 4631 919 4683 τὰ
943 4630 1082 4683 καλὰ
1116 4628 1457 4699 Καλλιρρόης
1489 4627 1724 4697 νάματα.
1760 4626 1907 4695 Πέμ-

304 4738 413 4776 ποι
449 4723 546 4792 μέν
582 4740 641 4774 σε
690 4722 802 4774 Πὰν
838 4721 1061 4786 ὲνόδιος,
1101 4724 1378 4790 πομπαῖον
1406 4720 1500 4771 καὶ
1528 4719 1700 4787 γλυκὺ
1733 4736 1905 4789 προσ-

306 4815 469 4884 ηχῶν
503 4814 661 4884 μέλος
694 4818 761 4885 τῇ
794 4814 1015 4884 σύριγγι
1036 4829 1048 4843 ·
1094 4812 1381 4884 Ἀφροδίτη
1412 4811 1469 4863 δὲ
1500 4812 1593 4864 καὶ
1624 4812 1674 4863 οἱ
1700 4810 1904 4878 ταύτης

307 4905 781 4977 παῖδεςἜρωτες,
808 4905 975 4958 πόθου
1003 4904 1257 4975 κρατῆρα
1284 4905 1642 4973 κεράσαντες,
1682 4905 1775 4955 σοῦ
1808 4903 1906 4973 τῆς

305 4995 441 5050 ὀδοῦ
478 4998 945 5068 προπομπεύοιεν.

426 5090 924 5157 Προπεμπτηρίου
960 5088 1168 5157 λόγου.
1204 5116 1277 5128 --
1310 5087 1380 5141 Τὸ
1418 5088 1735 5158 Προοίμιον
1755 5089 1797 5142 ’⁵.

407 5178 463 5230 'U
492 5180 585 5233 τοῦ
616 5181 735 5243 Διὸς
767 5184 894 5244 παῖς
930 5180 1273 5250 Ἀλέξανδρος
1298 5181 1585 5250 (συνάπτει
1615 5182 1723 5253 γάρ
1745 5184 1908 5235 αὐτὸν

311 5271 533 5343 ούρανῴ
558 5275 650 5326 καὶ
672 5273 757 5326 Διὶ¹
782 5275 844 5327 τὸ
870 5274 1005 5327 πολὺ
1029 5273 1184 5337 κλέος
1214 5272 1336 5326 καθ’
1355 5273 1645 5345 Ἕλληνας)
1672 5276 1752 5328 ὅτι
1777 5276 1918 5345 πλη-

2008 4538 2374 4604 dcpinxissem
2427 4540 2569 4607 tristi
2602 4538 2784 4593 colore
2822 4539 3106 4607 pulchram
3136 4536 3469 4592 Callirrhoes
3502 4554 3609 4590 un-

2007 4632 2151 4685 dam.
2186 4630 2441 4685 Trivialis
2477 4630 2586 4683 Pan
2622 4642 2673 4685 te
2715 4640 3059 4685 evocatorem
3093 4631 3426 4695 animarum,
3455 4630 3613 4683 dulte

2008 4722 2186 4776 ﬁstula
2209 4739 2431 4777 carmen
2478 4738 2774 4793 personans
2807 4724 3123 4778 deduceret.
3159 4722 3343 4778 Venus
3371 4739 3530 4790 vero,
3559 4730 3617 4778 et

2006 4815 2165 4883 hujus
2207 4816 2299 4869 lilii
2331 4816 2647 4886 Cupidines,
2686 4816 2939 4870 desiderii
2968 4816 3063 4870 tihi
3089 4816 3613 4885 miscentespotum,

2014 4905 2159 4958 viam
2186 4914 2334 4961 tuam
2369 4906 2668 4961 honorifice
2694 4907 3109 4962 comitarentur.

2190 5089 2273 5143 Ex
2305 5090 2544 5143 oratione
2592 5090 2969 5158 propemptica.
3003 5118 3071 5131 —-
3094 5088 3438 5144 Prommium.

2086 5183 2392 5239 Alexander
2419 5184 2559 5237 ﬁlius
2597 5182 2745 5238 Jovis
2770 5184 3067 5253 (comparat
3106 5185 3250 5238 enim
3282 5185 3429 5237 illum
3469 5183 3608 5237 caelo

2027 5285 2081 5329 et
2107 5273 2225 5329 Jovi
2257 5289 2437 5328 rerum
2462 5284 2739 5343 gestarum
2757 5285 2949 5329 contra
2984 5275 3203 5330 Grzccos
3235 5274 3451 5345 gloria),
3482 5290 3605 5329 cum

1612 5438 1844 5494 VARI/ﬁ
1884 5437 2293 5494 LEtlTlONES.

393 5558 439 5589 ’⁸
473 5556 544 5609 τὰ
576 5558 747 5627 νεαρὰ
779 5558 843 5613 C.
918 5557 1269 5627 ",tpaivowe;
1300 5551 1363 5609 Ο.
1423 5556 1486 5627 ᾃ⁹⁷
1518 5556 1637 5608 libri
1673 5559 1905 5611 κιννὲαν.
1984 5559 2028 5591 ’⁸
2061 5556 2228 5610 ἰλισοῦ
2260 5555 2326 5609 Α.
2404 5556 2565 5627 ⁹⁹Ῠτῆς
2587 5556 2713 5625 ὅλης
2745 5554 2804 5621 Β,
2836 5555 2946 5617 τοῖς
2972 5550 3169 5609 ὄλωνο
3208 5572 3221 5609 :
3252 5556 3360 5617 τοῖς
3388 5554 3514 5624 ὅλης
3540 5569 3602 5618 ς.

319 5629 342 5661 ⁸
386 5628 531 5683 κατὰ
550 5629 659 5682 τῶν
680 5625 747 5683 π.
779 5648 839 5694 ς’.
921 5631 941 5661 ³
968 5625 1063 5681 τοῦ
1090 5630 1134 5681 Α
1161 5625 1251 5679 ῑτδ
1280 5640 1339 5687 ς.
1418 5625 1437 5656 ³
1468 5628 1721 5697 πρακτὴρ
1750 5645 1810 5690 ς·

1889 5629 1908 5659 ⁵
1934 5630 2218 5699 προοίμιον
2250 5642 2417 5695 προπ.
2451 5626 2605 5694 λόγου
2652 5632 2716 5679 Α.

1846 5721 2081 5777 NOTAE.

397 5819 518 5893 (48)
578 5820 777 5879 Cineas
854 5821 1159 5890 l‘hessalus,
1221 5822 1605 5878 Demosthenis
1677 5820 1912 5876 auditor.
1961 5818 2234 5874 Μυκη-ει».
2273 5818 2323 5871 in
2360 5813 2583 5887 Pyrrho.
