3924 6432
363 357 497 422 ῒ359

1514 353 1778 414 ΡΗΟΤΙΙ
1818 352 2328 414 PATRL’tRCH/E
2366 355 2477 417 CI‘.

3503 357 3643 424 1360

356 469 624 537 Europam
657 464 894 520 nominis
923 463 1005 519 sui
1047 461 1186 517 fama
1241 462 1539 532 implesset,
1570 463 1622 516 in
1673 467 1858 516 Asiam
1891 477 1950 517 se

2060 465 2238 536 ρώσας
2272 465 2372 534 τῆς
2407 461 2602 518 ἑαυτοῦ
2641 463 2801 534 δόξης
2853 465 2952 534 τὴν
2985 465 3256 538 Εὐρώπην
3301 467 3521 522 ἃπασαν
3551 474 3646 526 ἐπὶ

355 560 649 621 convertit,
704 556 1073 610 continentem
1122 555 1233 610 suis
1290 553 1524 626 propriis
1575 553 1828 608 adnitens
1858 566 1950 622 ge-

357 652 458 707 stis
499 647 849 718 conjungere.
913 645 1184 701 Timothei
1221 661 1522 716 provocans
1574 645 1759 700 tibiam
1792 646 1948 710 (nam

357 743 492 796 adeo
549 755 800 807 maguum
834 749 890 796 et
930 739 1021 793 tali
1057 754 1182 810 rege
1226 740 1448 809 dignum
1488 738 1739 802 canebat)
1775 745 1833 790 ut
1861 735 1950 790 illo

356 843 587 889 canente
625 833 848 888 solverit
895 833 1111 887 navium
1155 833 1431 887 rudentes.
1461 830 1566 886 Fer
1598 829 1863 894 tabulam,
1895 838 1951 883 et

354 945 456 999 ego
496 929 772 985 orationes
835 927 1072 998 pingam.
1109 925 1242 980 Nam
1301 927 1465 980 habet
1518 926 1683 995 etiam
1737 922 1948 989 oratio,

357 1033 415 1076 ut
444 1032 592 1091 puto,
616 1037 726 1076 non
767 1021 978 1089 ineptos
1010 1020 1077 1074 ad
1126 1020 1448 1074 imitandum
1478 1017 1711 1071 colores.
1746 1015 1876 1070 Erat
1897 1015 1948 1070 iu

357 1115 564 1183 pictura
600 1114 770 1178 navis,
809 1123 865 1168 et
891 1128 1062 1176 mare,
1091 1123 1145 1167 et
1170 1121 1228 1165 ut
1253 1109 1526 1171 existimo,
1554 1107 1800 1179 {ligatum
1830 1106 1947 1163 fuit.

359 1205 531 1260 llultre
561 1206 705 1259 enim
768 1205 958 1260 insulae
998 1205 1145 1268 hinc,
1189 1211 1243 1259 et
1275 1203 1426 1256 illinc
1475 1215 1682 1272 sparsa:
1729 1200 1782 1254 in
1815 1199 1948 1254 mari

356 1310 531 1364 erant,
562 1308 622 1352 ut
652 1296 898 1368 AEgarum
929 1297 1167 1352 auleal'ia
1194 1295 1461 1365 imprimis
1489 1310 1637 1349 mare
1658 1309 1781 1349 esse
1805 1295 1954 1348 vide-

357 1401 538 1459 retur,
568 1393 768 1462 pictum
800 1400 918 1444 erat
943 1407 1046 1444 non
1076 1389 1397 1453 violentum,
1423 1397 1516 1443 aut
1549 1386 1824 1454 terribile,
1857 1402 1951 1440 ne-

353 1502 458 1556 que
491 1502 660 1555 usque
678 1485 897 1540 elevans
921 1483 1136 1549 lluctus,
1167 1483 1348 1553 qualia
1372 1491 1563 1536 contra
1586 1489 1810 1533 naturas
1838 1477 1952 1532 illic

354 1582 514 1636 audet
553 1581 749 1651 smpius
787 1579 1057 1650 IEgaaum,
1125 1581 1219 1632 sed
1270 1576 1561 1647 tranquille
1599 1573 1753 1630 strati
1797 1581 1954 1628 erant

352 1674 562 1740 ﬂuctus,
595 1672 773 1728 omnis
801 1688 938 1741 aqua
979 1672 1032 1725 in
1091 1670 1362 1725 littoribus
1414 1667 1754 1732 volvebatur,
1787 1665 1841 1718 in
1869 1664 1952 1718 lu-

2054 561 2156 630 τὴν
2186 560 2369 616 Ἀσίαν
2396 559 2696 628 ἐστέλλετο,
2725 560 2962 630 συνάψαι
2991 559 3091 624 τὰς
3119 560 3384 632 ἠπείρους
3408 563 3488 635 τῷ
3514 566 3650 618 καθ’

2057 654 2250 707 ἑαυτὸν
2300 653 2500 708 ὲθέλων
2537 654 2799 724 θαύματι,
2833 655 2925 707 τὸν
2960 655 3227 724 Τιμοθέου
3261 657 3652 725 παρακαλέσας

2055 745 2219 799 αὐλὸν
2248 737 2475 812 (ob-cog“
2509 745 2618 817 γὰρ
2647 746 2770 816 ἤχει
2804 746 2948 815 μέγα
2982 745 3075 799 καὶ
3103 746 3358 800 τοσούτου
3384 746 3654 818 βασιλέως

2058 836 2233 907 ἄξιον)
2264 837 2369 891 ὑπὸ
2414 839 2528 900 τοῖς
2580 837 2794 890 ἐκείνου
2827 838 3045 908 μέλεσιν
3076 837 3194 891 ἔλυε
3229 839 3324 892 τοῦ
3361 839 3552 892 στόλου
3589 841 3657 892 τὰ

2055 930 2356 1001 πείσματα.
2376 930 2512 1000 Φέρε
2537 928 2601 1000 δὴ
2628 928 2824 1000 γράψω
2847 929 2922 1000 τῷ
2946 929 3089 1000 λόγῳ
3118 929 3208 982 τὸν
3235 930 3442 984 πίνακα
3461 948 3473 961 ·
3502 929 3618 999 ἔχει
3635 929 3659 961 ⁸

2057 1023 2184 1092 γὰρ,
2210 1019 2394 1092 οἶμαι,
2415 1023 2550 1095 πρὸς
2580 1024 2813 1093 μίμησιν
2836 1024 3010 1076 οίκεῖα
3033 1023 3126 1076 καὶ
3146 1021 3301 1090 λόγος
3324 1022 3601 1091 φάρμακα
3615 1022 3658 1075 '.

2056 1115 2208 1179 Ναῦς
2237 1111 2307 1187 ἦν
2349 1115 2493 1170 κατά
2529 1114 2632 1184 τῆς
2662 1115 2882 1187 γραφῆς
2932 1115 3028 1168 καὶ
3079 1113 3423 1169 θάλαττα.Ἡ
3461 1113 3523 1167 δὲ
3559 1112 3662 1166 0&-

2055 1207 2225 1261 λαττα
2241 1207 2283 1273 ⁸,
2333 1204 2486 1278 οἶμαι
2510 1247 2525 1272 ,
2565 1208 2790 1275 Αίγαῖος
2817 1203 2919 1277 ἦν’
2951 1208 3006 1259 αι
3042 1205 3151 1277 γὰρ
3185 1205 3378 1259 πολλαὶ
3409 1205 3574 1272 νῆσοι
3607 1203 3662 1257 αἱ

2055 1305 2175 1356 κατ’
2199 1302 2327 1356 ἄλλο
2358 1303 2451 1356 καὶ
2493 1302 2622 1358 ἄλλο
2657 1302 2824 1373 μέρος
2865 1303 2965 1372 τῆς
2996 1301 3273 1370 θαλάσσης
3308 1300 3660 1370 σχιζόμεναι,

2055 1397 2274 1465 Αἰγαῖος
2319 1396 2455 1449 ὑπ”
2502 1395 2683 1450 αὐτῶν
2730 1395 3008 1448 ἐδείκνυτο
3059 1392 3198 1448 εἶναι
3247 1395 3280 1465 ἡ
3317 1393 3569 1446 θάλαττα
3593 1394 3656 1447 ¹⁰.

2055 1486 2343 1558 Γέγραπτο
2369 1487 2427 1540 δὲ
2455 1487 2553 1540 οὐκ
2577 1487 2796 1558 ἀπηνής
2828 1503 2886 1539 τε
2919 1486 3013 1539 καὶ
3036 1484 3249 1556 ἄγριος,
3280 1483 3404 1537 οὐδὲ
3437 1485 3525 1546 είς
3559 1483 3657 1536 αύ-

2055 1580 2154 1641 τάς
2187 1579 2418 1650 ἐγείρων
2467 1579 2693 1648 νεφέλας
2733 1577 2804 1634 τὰ
2834 1577 3079 1647 κύματα,
3113 1571 3202 1630 οἷα
3230 1576 3301 1630 τά
3343 1575 3522 1629 πολλὰ
3567 1576 3660 1628 Αί-

2056 1674 2211 1740 γαῖος
2248 1671 2393 1725 κατὰ
2435 1672 2548 1725 τῶν
2595 1673 2715 1725 ἐκεῖ
2760 1670 3066 1740 πλωτήρων
3125 1668 3478 1740 θρασύνεται,
3532 1666 3662 1719 ἀλλ’

356 1777 498 1821 tcum
544 1765 780 1820 colorem
835 1778 1026 1834 parum
1061 1772 1265 1817 mutata
1301 1764 1464 1817 unda.
1507 1759 1674 1814 Primi
1715 1759 1953 1828 Phryges

2060 1751 2347 1834 ἐστόρεστο
2393 1763 2491 1834 μὲν
2539 1765 2617 1827 είς
2659 1763 2900 1835 γαλήνην
2938 1763 3005 1816 τὰ
3052 1761 3298 1832 κύματα,
3333 1760 3393 1814 τὸ
3421 1759 3474 1812 δὲ
3513 1758 3657 1830 ὕδωρ

350 1858 536 1912 tibiam
589 1857 777 1911 inllare
840 1856 1184 1922 invenerunt,
1241 1865 1297 1909 et
1353 1853 1638 1910 sacriﬁciis
1690 1850 1947 1905 adhibere

2060 1855 2170 1908 ὅλον
2189 1855 2230 1886 ¹¹
2255 1854 2532 1926 ὲπόρφυρε
2565 1855 2701 1926 πρὸς
2728 1856 2920 1916 αὑταῖς
2940 1854 3114 1925 ᾐόσιν,
3137 1855 3216 1916 είς
3233 1851 3472 1922 γλαυκὸν
3494 1851 3655 1914 ἄνθος

349 1944 618 2017 cymbala.
680 1945 792 2000 lloc
825 1960 956 2000 vero
995 1955 1184 1999 contra
1217 1954 1511 2012 utramque
1543 1941 1696 1996 navis
1737 1946 1945 2010 partem

2060 1948 2238 2018 ἡρέμα
2275 1947 2675 2018 μεθισταμένου
2707 1946 2802 2001 τοῦ
2833 1948 3100 2017 κύματος.
3133 1945 3347 2016 Πρῶτοι
3371 1946 3482 2016 γὰρ
3510 1945 3655 2015 Φρύ-

351 2042 403 2096 iu
434 2056 649 2112 proram
671 2040 783 2110 jam
817 2041 1088 2108 attritum,
1114 2049 1371 2110 tanquam
1401 2051 1622 2092 auream
1662 2034 1946 2090 materiam

351 2134 629 2188 reddebat.
683 2133 782 2188 Hic
814 2148 946 2188 vero
972 2142 1028 2188 et
1066 2142 1240 2186 artem
1291 2132 1556 2185 admirari
1588 2145 1802 2200 aequum
1838 2137 1948 2184 est.

349 2227 503 2294 Aqua
532 2225 676 2279 enim
704 2225 917 2279 marina
951 2225 1123 2278 divisa
1151 2225 1298 2278 circa
1339 2237 1580 2292 proram,
1613 2221 1732 2276 auri
1770 2235 1946 2291 reper-

348 2316 696 2372 cussionibus
723 2315 1016 2386 splenduit,
1045 2315 1168 2371 etin
1192 2315 1422 2370 similem
1444 2315 1680 2392 colorem
1715 2326 1954 2370 mutasse

350 2422 502 2461 mare
528 2406 836 2463 videbatur.
887 2404 1123 2461 Proinde
1159 2407 1283 2461 date
1308 2406 1435 2460 mihi
1466 2407 1756 2460 artiﬁciqu
1807 2404 1953 2460 Zeu-

349 2501 513 2566 xidis,
558 2509 614 2554 et
666 2498 944 2554 Parrhasii
1000 2499 1303 2553 scientiam.
1373 2497 1564 2568 Delphi
1607 2497 1770 2567 igitur
1821 2497 1954 2552 urbs

349 2592 524 2646 dicata
558 2589 815 2660 Apollini,
869 2589 999 2645 colit
1049 2605 1267 2661 semper
1299 2591 1442 2644 hunc
1470 2592 1652 2654 deum,
1688 2599 1745 2644 et
1777 2590 1956 2659 tripu-

350 2684 505 2737 diant
549 2681 792 2738 adhibito
831 2696 1020 2752 paeane
1055 2682 1262 2737 circum
1321 2681 1587 2750 tripodem
1623 2679 1758 2750 (49).
1803 2679 1948 2747 Quin

348 2776 515 2832 etiam
544 2773 658 2829 Elei
687 2774 1078 2846 lacrymantur,
1111 2790 1324 2829 amnem
1363 2772 1689 2845 [Alpha’um]
1728 2775 1956 2829 Pisanum

350 2867 416 2920 ad
439 2865 680 2920 Siculum
711 2881 883 2936 usque
921 2866 1123 2920 fontem
1157 2867 1668 2936 comitantes,quasi
1709 2876 1959 2921 metuen-

354 2972 456 3023 tes,
507 2973 574 3013 ne
635 2959 811 3014 amnis
863 2959 1141 3014 decessum
1191 2959 1478 3026 meditans,
1509 2959 1629 3015 aliis
1653 2960 1962 3018 hominibus

351 3065 552 3119 aquam
607 3049 886 3118 largiatur.
932 3051 1198 3104 Celeriter
1236 3059 1289 3104 et
1322 3051 1629 3119 philomela:
1681 3060 1736 3105 et
1770 3053 1957 3122 cygni,

350 3141 638 3209 munisque
653 3151 844 3195 cantus
873 3141 1038 3194 simul
1064 3141 1343 3195 volabunt.
1369 3140 1584 3196 Nostra:
1617 3141 1759 3196 enim
1791 3140 1959 3197 Musa:

348 3234 462 3304 jam
489 3208 790 3287 naviculam
821 3233 1022 3288 audent
1042 3234 1410 3303 eompingere,
1444 3245 1500 3290 et
1528 3234 1706 3306 fugam
1743 3236 1957 3290 minan-
1985 3208 2026 3266 θ

356 3336 442 3380 tur
478 3327 676 3398 370a
695 3337 748 3381 et
783 3342 966 3391 mare,
1001 3327 1126 3382 licet
1151 3329 1401 3382 ﬂuctibus
1444 3329 1651 3384 saeviat.
1682 3329 1957 3398 Abjiciens

349 3434 382 3476 e
406 3422 654 3475 manibus
677 3419 870 3487 lyram,
894 3420 1168 3474 silentium
1196 3422 1511 3474 cantionum
1545 3421 1815 3476 suadebit.
1847 3418 1957 3474 Na-

353 3514 436 3568 vis
459 3514 708 3582 praetoria
737 3515 789 3566 in
819 3513 1104 3583 portubus,
1129 3512 1308 3568 velum
1346 3527 1660 3582 supremum
1695 3514 1960 3578 sublime,

369 3605 532 3675 quale
564 3603 730 3659 radiis
755 3603 916 3660 claris
935 3612 990 3658 et
1026 3604 1317 3660 maritimis
1345 3605 1560 3660 extendi
1594 3605 1755 3661 solet.
1783 3605 1957 3661 Parva

352 3699 408 3751 ῖιι
434 3694 663 3766 gratiam
706 3695 1062 3764 Hesperidum
1105 3705 1279 3765 prata,
1317 3711 1496 3766 parvae
1531 3698 1596 3751 ad
1629 3697 1957 3768 magnitudi-

353 3802 476 3842 nem
534 3785 840 3856 pyramides
891 3784 1180 3856 Egyptiaa,
1229 3796 1285 3842 et
1319 3788 1363 3841 si
1399 3786 1529 3858 quid
1585 3787 1874 3843 Persarum
1903 3799 1958 3844 et

351 3878 699 3948 Assyriorum
724 3892 915 3930 manus
933 3887 1311 3932 construentes
1340 3878 1573 3947 posteris
1599 3881 1953 3949 spectandum

353 3969 713 4024 tradiderunt.
762 3967 870 4022 Sed
915 3967 982 4020 ad
1036 3969 1241 4024 amicas
1289 3968 1534 4024 Athenas
1596 3971 1712 4024 haec
1741 3970 1954 4034 classis,

351 4074 473 4128 qua:
506 4059 621 4113 suis
649 4059 786 4113 adeo
821 4067 872 4110 te
895 4059 1176 4113 amoribus
1210 4059 1605 4129 incenderunt,
1635 4069 1692 4114 ut
1717 4075 1959 4116 amorem

350 4165 480 4218 erga
514 4150 654 4204 hanc
681 4149 920 4220 linguam
949 4163 1167 4219 semper
1190 4151 1568 4208 circumferas.
1595 4151 1734 4219 Quid
1777 4162 1957 4208 autem

353 4255 671 4309 responsum
701 4240 1006 4295 communis
1034 4241 1276 4295 omnium
1298 4249 1498 4298 statua
1536 4245 1678 4314 apud
1699 4243 1836 4298 alias
1860 4245 1958 4299 ha-

356 4335 606 4388 bitatura:
636 4331 910 4403 deneges?
948 4331 1152 4388 Fabula
1200 4333 1512 4390 Cimmeriis
1543 4336 1757 4406 populis
1808 4337 1960 4392 occi-

355 4426 658 4481 dentalibus
709 4425 877 4480 solem
911 4426 1132 4496 eripuit,
1159 4426 1254 4482 sed
1287 4435 1554 4496 metuens,
1581 4444 1650 4484 ne
1671 4429 1961 4502 redargue-

2055 2058 2151 2110 γες
2180 2041 2359 2096 αἰτίαν
2385 2041 2604 2112 ἔχουσιν
2631 2041 2779 2112 αὐλῷ
2803 2059 2861 2095 τε
2892 2040 3200 2111 ἐμπνεῦσαι
3231 2041 3324 2094 καὶ
3352 2040 3476 2102 ταῖς
3528 2037 3657 2110 [603

2057 2133 2150 2199 HJ
2183 2135 2426 2198 τελεταῖς
2455 2135 2716 2204 ἀναμῖξαι
2740 2134 2809 2188 τὰ
2838 2132 3359 2205 κύμὸαλα¹¹.[ΗΞ4
3378 2131 3470 2203 IL]
3492 2131 3572 2184 Τὸ
3600 2132 3654 2184 δὲ

2058 2229 2151 2282 ὲπὶ
2179 2228 2440 2300 θάτερα¹³
2467 2228 2565 2296 τῆς
2592 2226 2730 2291 νεὼς
2765 2228 2932 2299 μέρος
2967 2228 3048 2292 είς
3083 2227 3310 2299 πρῶραν
3337 2226 3438 2296 ἤδη
3476 2225 3656 2278 θλιϐό-

2061 2336 2246 2389 μενον,
2279 2318 2513 2390 χρυσοῦν
2536 2319 2634 2388 τῆς
2663 2317 2798 2391 ὕλης
2823 2320 3290 2387 πεποίητο.Ἔνθα
3321 2321 3417 2372 καὶ
3441 2317 3655 2389 θαυμά-

2059 2429 2151 2464 σαι
2185 2413 2283 2482 τὴν
2313 2413 2512 2482 τέχνην
2536 2409 2688 2477 ἄξιον
2709 2428 2724 2445 ο
2767 2411 2830 2465 τὸ
2858 2411 2967 2482 γὰρ
2997 2411 3128 2484 περὶ
3155 2410 3254 2483 τὴν
3289 2411 3527 2481 πρῶραν
3561 2411 3654 2477 τῆς

2059 2502 2334 2574 θαλάσσης
2371 2503 2514 2576 ωωρ
2545 2504 2890 2574 σχιζόμενον,
2917 2507 3038 2568 ταῖς
3073 2503 3165 2557 τοῦ
3212 2501 3418 2574 χρυσοῦ
3473 2501 3658 2571 βολαῖς

2061 2596 2396 2664 ὲπαυγάζον,
2425 2599 2506 2661 είς
2539 2599 2725 2664 ὅμοιον
2756 2597 2916 2660 ἄνθος
2947 2596 3199 2666 ἀμείϐειν
3227 2596 3403 2649 ἐδόκει
3436 2595 3543 2666 τὴν
3571 2594 3658 2646 θά-

2059 2689 2285 2743 λασσαν.
2319 2690 2528 2744 Οὐκοῦν
2576 2690 2693 2744 δότε
2744 2709 2833 2761 μοι
2874 2689 2974 2760 τὴν
3024 2688 3272 2756 Ζεύξιδος
3319 2688 3547 2759 τέχνην,
3589 2686 3656 2741 τὰ

2063 2783 2377 2854 Παρρασίου
2435 2783 2766 2853 σοφίσματα.
2795 2783 2987 2851 Δελφοὶ
3037 2782 3094 2835 δὲ
3139 2783 3268 2852 ἄρα,
3319 2783 3442 2853 ἱερά
3501 2779 3656 2844 πόλις

2075 2874 2432 2939 Ἀπόλλωνος,
2465 2875 2785 2945 λατρεύουσι
2817 2877 2917 2947 μὲν
2942 2877 3032 2930 ἀεὶ
3057 2875 3134 2946 τῷ
3161 2875 3280 2946 Θεῷ
3304 2876 3399 2929 καὶ
3430 2890 3656 2944 περιχο-

2068 2967 2284 3036 ρεύουσι
2335 2969 2472 3038 μετά
2521 2969 2768 3022 παιάνων
2809 2969 2901 3022 τὸν
2947 2969 3194 3041 τρίποδα.
3234 2971 3346 3022 Καὶ
3401 2968 3514 3039 μὴν
3566 2967 3657 3020 καὶ

2027 3127 2030 3130 λ
2077 3062 2276 3115 Ἠλεῖοι
2318 3061 2638 3132 δακρύουσι,
2669 3062 2762 3117 τὸν
2804 3063 3052 3132 ποταμὸν
3096 3062 3188 3117 τὸν
3234 3063 3461 3116 Πισαῖον
3486 3062 3534 3093 ¹³
3567 3063 3656 3114 ἐπὶ

2065 3154 2163 3226 τὴν
2189 3153 2476 3224 Σικελικὴν
2507 3155 2716 3225 κρήνην
2751 3155 3195 3226 προπέμποντες.
3237 3153 3449 3226 ὥσπερ,
3478 3149 3663 3224 οἶμαι,

2060 3243 2222 3297 τοῦτο
2250 3243 2601 3314 φοϐούμενοι,
2635 3245 2711 3314 μὴ
2747 3243 2986 3314 μελετῶν
3011 3244 3114 3315 τὴν
3157 3243 3471 3313 ἀποδημίαν
3500 3246 3530 3295 ό
3563 3261 3660 3295 πο-

2059 3337 2232 3408 ταμὸς
2263 3336 2447 3400 ἄλλοις
2475 3335 2788 3407 ἀνθρώποις
2812 3338 3110 3408 χαρίσηται
3142 3336 3210 3390 τὰ
3245 3338 3487 3406 νάματα.
3507 3335 3659 3405 Τάχα

2060 3429 2117 3483 δέ
2159 3447 2241 3482 σοι
2292 3430 2383 3506 καὶ
2421 3431 2645 3498 ἀηδόνες
2698 3431 2794 3483 καὶ
2842 3429 3032 3483 κύκνοι
3067 3430 3161 3484 καὶ
3196 3430 3374 3484 πάντα
3408 3430 3478 3483 τὰ
3524 3430 3658 3498 μέλη

2064 3522 2631 3592 συναποπτήσεταιίδ.
2679 3523 2745 3575 Al
2781 3522 2881 3592 μὲν
2915 3523 3024 3593 γάρ
3061 3522 3330 3594 ἡμέτεραι
3373 3521 3591 3576 Μοῦσαι
3618 3523 3660 3553 ¹⁶

2063 3613 2156 3665 καὶ
2190 3612 2434 3680 σκάφη¹⁷
2461 3612 2559 3684 ἤδη
2595 3613 2836 3683 τολμῶσι
2867 3614 3210 3682 πήγνυσθαι,
3249 3613 3346 3668 καὶ
3371 3613 3660 3668 ἀπειλοῦσι

2063 3706 2245 3776 φυγὴν
2272 3705 2366 3760 καὶ
2397 3705 2688 3768 θάλατταν,
2725 3706 2829 3761 κᾶν
2847 3707 2890 3739 ²⁸
2917 3707 3246 3779 ἀγριαίνῃείθ
3270 3710 3384 3770 τοῖς
3427 3707 3657 3778 κύμασι.

2075 3785 2268 3866 Ῥίψας
2295 3799 2358 3852 ὲκ
2383 3799 2499 3853 τῶν
2524 3801 2722 3871 χειρῶν
2746 3801 2846 3873 τὴν
2874 3801 3068 3873 λύραν,
3103 3805 3314 3874 σιωπὴν
3341 3803 3452 3856 τῶν
3481 3804 3658 3874 μελῶν

2063 3890 2522 3961 καταψηφίζεται.
2557 3892 2711 3955 Ναῦς
2758 3895 2817 3946 ὲν
2863 3895 3054 3965 ὅρμοις
3103 3894 3434 3965 στρατηγὶς,
3491 3896 3659 3948 ἱστίον.

2065 3981 2268 4051 ὑψηλὸν
2304 3983 2618 4054 μετάρσιον,
2646 3978 2757 4038 οἷον
2795 3986 2889 4038 καὶ
2933 3985 3216 4056 λαμπραῖς
3258 3987 3455 4058 αὔραις
3473 3990 3520 4020 ’θ
3561 3989 3652 4040 καὶ

2064 4073 2347 4142 πελαγίοις
2377 4077 2767 4132 πετάννυσθαι.
2801 4080 3004 4150 Μικροὶ
3033 4079 3134 4151 μὲν
3163 4084 3245 4144 είς
3268 4081 3430 4152 χάριν
3465 4082 3657 4134 Ἐσπε-

2065 4165 2226 4236 ρίδων
2274 4166 2561 4238 λειμῶνες,
2603 4171 2800 4242 μικραὶ
2840 4170 2898 4224 δὲ
2943 4174 3024 4232 είς
3077 4172 3314 4242 μέγεθος
3351 4174 3654 4244 πυραμίδες

2061 4252 2384 4321 Αἰγύπτιαι,
2412 4256 2526 4325 καὶ,
2561 4260 2616 4312 εί
2661 4277 2712 4313 τι
2766 4261 2992 4332 Περσῶν
3026 4263 3125 4315 καὶ
3149 4262 3449 4334 Ἀσσυρίων
3475 4267 3654 4334 χεῖρες

2064 4348 2370 4415 πονήσασαι
2401 4348 2590 4420 θαῦμα
2619 4352 2840 4422 ἀφῆκαν
2863 4357 2978 4418 τοῖς
3013 4354 3257 4427 ὕστερον.
3278 4356 3418 4409 Ἀλλ’
3440 4357 3532 4410 ἐπὶ
3553 4359 3653 4420 τὰς

2064 4436 2224 4506 φίλας
2245 4439 2482 4512 Ἀθήνας
2507 4446 2536 4496 ό
2571 4445 2778 4510 στόλος,
2815 4447 2875 4500 αῖ
2908 4464 2969 4500 σε
2998 4450 3114 4512 τοῖς
3152 4448 3338 4511 πόθοις
3369 4451 3539 4514 οὕτως
3566 4451 3654 4514 ἐξ-

355 4535 528 4587 retur,
565 4521 816 4576 obscuris
856 4521 1046 4577 verbis
1083 4529 1263 4592 tegere
1293 4537 1567 4577 rumorem
1621 4524 1818 4578 adnixa
1854 4534 1953 4580 est.

2066 4529 2304 4584 έκαυσαν
2333 4531 2408 4596 ὡς
2450 4535 2546 4589 καὶ
2595 4536 2682 4589 ἐπ’
2713 4538 2884 4607 αὐτῆς
2913 4541 3234 4611 περιφέρειν
3269 4542 3516 4612 γλώττης
3558 4545 3652 4597 τόν

353 4610 465 4667 Nos
491 4627 618 4667 vero
647 4611 826 4666 nullus
851 4621 1010 4680 poeta
1042 4612 1260 4667 rnentiri
1298 4615 1590 4683 putaverit,
1645 4627 1768 4684 post
1802 4626 1946 4670 tuam

355 4703 840 4774 peregrinationem
875 4702 1092 4758 auferre
1121 4703 1292 4759 solem
1319 4707 1564 4776 cupiens,
1596 4721 1629 4761 ο
1653 4709 1825 4763 amica
1849 4724 1948 4777 pa-

360 4797 481 4855 tria.
537 4792 692 4856 Nunc
733 4795 834 4849 tibi
857 4793 1112 4865 iniuriam
1167 4795 1412 4852 intulisse
1459 4813 1548 4853 me
1583 4799 1790 4866 sentio,
1830 4812 1951 4856 tuos

356 4903 478 4944 amo
488 4901 572 4942 res
595 4887 922 4967 despiciens,
955 4888 1132 4942 insido
1145 4890 1374 4945 amatori
1389 4892 1569 4945 omnia
1590 4893 1816 4960 cupiens
1839 4894 1951 4948 lar-

354 4977 482 5048 giri.
511 4974 618 5030 Sed
642 4991 836 5046 parum
870 4975 1060 5030 horum
1125 4977 1297 5046 legem
1351 4989 1592 5048 secutus,
1625 4983 1692 5035 ad
1725 4983 1949 5039 inhene-

356 5078 555 5124 statem
589 5071 890 5124 orationem
920 5069 1190 5138 converti,
1211 5069 1336 5124 licet
1364 5072 1497 5126 mihi
1522 5072 1848 5128 desiderium
1880 5076 1958 5131 Dii

357 5161 719 5231 impleverim.
742 5161 940 5217 lterum
958 5161 1102 5216 enim
1119 5171 1358 5234 sceptra,
1371 5163 1766 5234 iterumjudicii
1782 5169 1966 5225 sedes.

2063 4621 2264 4692 ἔρωτα.
2285 4625 2352 4678 Τί
2383 4625 2440 4680 δὲ
2465 4629 2643 4694 ὀκνεῖς
2674 4632 2772 4700 τὴν
2799 4632 3092 4703 ἀπόκρισιν
3116 4634 3212 4688 τοῦ
3232 4635 3412 4690 κοινοῦ
3437 4637 3652 4691 πάντων

2054 4714 2374 4787 ἀγάλματος
2434 4723 2822 4793 μετασκηνοῦν-
2873 4726 3004 4798 παρ’
3053 4728 3262 4797 ἑτέροις
3325 4728 3648 4800 μέλλοντοςς

2057 4807 2408 4878 Κιμμερίους
2448 4814 2547 4882 μὲν
2573 4813 2661 4885 δὴ,
2692 4816 2866 4886 δῆμον
2898 4819 3184 4889 ἑσπέριον,
3203 4822 3457 4891 ἀφείλετο
3485 4823 3651 4894 μῦθος

2055 4894 2150 4948 τὸν
2179 4897 2352 4967 ἥλιον,
2385 4896 2505 4955 εἶτα
2535 4904 2794 4976 φοϐηθεὶς
2823 4909 2916 4961 τὸν
2947 4908 3168 4980 ἔλεγχον
3203 4912 3526 4980 ἀμφιϐόλοις
3546 4915 3651 4986 ῥή-

2068 5005 2202 5058 μασι
2237 4993 2444 5063 κρύψαι
2465 4996 2565 5068 τὴν
2593 5000 2782 5070 φήμην
2812 5001 3148 5057 ἐσπούδασεν
3168 5021 3182 5035 ·
3207 5007 3358 5076 ἡμᾶς
3390 5006 3445 5060 δὲ
3475 5007 3650 5069 οὐδεὶς

2069 5083 2302 5153 ποιητὴς
2334 5084 2626 5154 ψεύδεσθαι
2664 5091 2833 5156 δόξειε
2867 5093 3004 5164 μετά
3052 5096 3152 5170 τὴν
3200 5097 3298 5169 σὴν
3341 5099 3650 5169 ἀποδημίαν

2073 5172 2366 5243 ἀφελέσθαι
2411 5179 2582 5237 θέλων
2627 5183 2721 5237 τὸν
2754 5181 3002 5257 ipsova
3045 5188 3172 5257 φίλη
3217 5193 3438 5262 πατρὶς,
3468 5191 3558 5245 νῦν
3588 5208 3648 5244 σε

1651 5325 1894 5381 νΑιιιΑι
1937 5328 2346 5392 LECTIONES.

426 5417 448 5447 ⁸
475 5410 631 5480 οὗτος
662 5414 912 5470 Reiskius
947 5436 960 5472 :
997 5416 1116 5470 Iihri
1151 5414 1313 5470 οὕτω.
1410 5416 1590 5486 ῗέχει.

359 5558 402 5628 f’
438 5557 662 5628 θάτερον
701 5557 760 5610 Β.

360 5626 400 5657 ⁸³
438 5626 692 5700 ἀγριαίνῃ
717 5629 792 5683 C:
826 5629 1130 5700 ἀγριαίνειν
1172 5644 1232 5691 ς.

671 5421 912 5498 βθῙιΙξὶιιε
947 5436 960 5472 ι
997 5421 1313 5498 Ιιίιιὶλοζιτω.
1410 5421 1621 5498 ξιέχειι..
1692 5421 2139 5498 ἢφάρμακαοιη.
2199 5429 2306 5484 ΑΒ.

357 5487 561 5570 {tertius
594 5503 614 5537 -:
650 5488 770 5570 libri
1044 5487 1088 5518 ¹⁰
1116 5483 1622 5570 ϐὰλ-ασσαηΒ.’ίιὶ›ι·ἰ
1657 5483 1994 5563 γέγραπται.
2077 5497 2116 5527 ¹¹
2159 5483 2300 5570 ὅλον]
2329 5498 2439 5557 οἷον

1311 5628 1355 5658 ²⁰
1378 5629 1576 5700 αὔραις
1600 5631 1647 5684 Α
1679 5649 1690 5686 :
1719 5628 1915 5702 αὐγαῖς
1940 5653 1998 5699 ς.

3235 5447 3258 5478 ⁸
3301 5447 3394 5499 ὑπ’
3422 5445 3646 5500 Werns-

2831 5515 2872 5544 ¹²
2899 5515 3176 5588 κύμϐαλα]
3208 5517 3534 5588 κυκλώματα
3574 5519 3644 5570 Α.

2420 5434 2442 5466 ³
2475 5438 2508 5506 ἡ
2533 5437 2590 5490 δὲ
2639 5439 2879 5494 θάλαττα
2916 5459 3027 5497 om.
3060 5446 3124 5500 A.

859 5557 1266 5655 ἶῖξξεεξσῇξῖλνΡ·
1311 5557 1958 5655 ,,¹ζ,συνατεοτέτ’ῆξσσεξαι
1986 5566 2052 5621 Α.
2132 5571 2175 5601 ³⁸
2201 5557 2603 5650 μοῧσαιφυγῆζὶ
2629 5557 2813 5646 istic.
2896 5557 3176 5655 ἱῗὲῐςὲιέὸῗ
3212 5557 3534 5644 “lixa:
3571 5557 3641 5642 XI

1915 5704 2149 5763 NOTAE}.

431 5791 546 5860 (49)
578 5792 797 5848 Proclus
819 5809 936 5861 sup.
971 5794 1022 5847 in
1051 5793 1497 5854 Chrestoumthia.
