3924 6440
303 380 433 445 1361

1383 397 1907 460 BIBLIOTIIECA.
1931 426 1997 438 ·-
2022 402 2187 461 (ΞΟΠ.
2216 402 2431 463 CCXLI
2448 404 2527 462 li.

3426 404 3562 468 1362

296 495 465 559 ὅντως
520 498 780 569 ἀδικήσας
838 500 1189 571 αἰσθάνομαι,
1246 504 1371 566 τοὺς
1420 508 1548 569 σούς
1604 508 1902 578 ὑπεριδὼν,

2009 510 2090 564 loc
2120 510 2330 581 Ephyra
2358 513 2562 575 attulit,
2586 513 2712 567 urbs
2742 526 2846 567 non
2874 513 3046 567 solum
3072 514 3136 569 ad
3156 516 3563 572 admirationem

296 585 530 653 ἔρωτας,
559 591 762 659 ἐραστῇ
817 589 987 644 θέλων
1035 591 1247 661 ἀπίστῳ
1297 594 1474 647 πάντα
1522 596 1872 666 χαρίσασθαι.

311 680 474 733 Ἀλλὰ
507 680 703 749 μικροῦ
733 680 810 752 τῷ
839 683 989 752 νόμῳ
1016 683 1093 753 τῷ
1125 685 1254 753 περὶ
1272 687 1474 739 τούτων
1497 688 1877 758 ὲπόμενος,είς

297 772 574 842 ἀκοσμίαν
625 772 715 825 τὸν
762 773 917 842 λόγον
955 772 1190 844 ἔτρεψα,
1224 776 1399 829 καίτοι
1441 796 1531 847 μοι
1582 778 1689 831 τῶν
1738 778 1878 833 θεῶν

298 865 652 933 πληρούντων
681 865 772 917 τὸν
802 866 964 918 πόθον
988 883 1002 896 ο
1044 868 1205 920 πάλιν
1253 869 1363 940 γὰρ
1409 869 1687 939 σκῆπτρα,
1717 871 1879 927 πάλιν

298 957 402 1026 τῆς
435 958 592 1028 δίκης
615 960 663 1011 οἱ
692 959 885 1029 θρόνοι.
908 960 1106 1015 Τοῦτον
1134 961 1343 1032 Ἑφύρα
1374 964 1469 1032 μὲν
1490 966 1709 1034 ἤνεγκε,
1730 966 1880 1031 πόλις

296 1051 363 1100 οὐ
386 1049 543 1119 μόνον
562 1050 1016 1123 καλλωπιζομένη
1036 1053 1226 1123 μύθοις
1253 1056 1389 1125 πρὸς
1405 1057 1465 1107 τὸ
1483 1057 1881 1126 θαυμάζεσθαι,

297 1137 393 1195 οἷα
418 1142 527 1195 τῶν
562 1142 882 1213 Ἐλληνίδων
907 1146 962 1198 αἰ
992 1146 1262 1213 πλείονες,
1296 1147 1693 1217 ἀλλ’ὸφθαλμῷ
1719 1151 1880 1222 κριτῇ

297 1240 406 1310 τὴν
438 1240 782 1310 εὐδαιμονίαν
812 1240 1269 1311 προϐάλλουσα²¹.
1302 1241 1459 1294 Οὕτω
1487 1242 1579 1294 καὶ
1604 1242 1664 1295 τὸ
1693 1242 1882 1296 τούτου

297 1332 465 1401 γένος
501 1330 715 1400 μυρίοις
749 1330 847 1398 μὲν
876 1330 1077 1399 λόγοις,
1115 1330 1328 1401 μυρίοις
1357 1329 1413 1383 δὲ
1444 1329 1627 1401 ἔργοις
1655 1333 1749 1384 καὶ
1781 1349 1885 1385 πα-

300 1425 630 1497 ραπλησίοις
659 1424 975 1493 ἀγάλλεται.
1014 1424 1295 1495 Μνηστέον
1330 1424 1431 1495 ἤδη
1468 1425 1564 1478 καὶ
1591 1425 1756 1480 αὐτοῦ
1790 1426 1883 1478 τοῦ

300 1518 519 1586 γένους,
555 1514 671 1569 οὔτι
704 1515 932 1577 παντός·
969 1515 1137 1584 κάμοὶ
1161 1516 1269 1585 γὰρ
1297 1515 1385 1580 ἂν,
1418 1510 1592 1581 οἶμαι,
1620 1517 1715 1569 καὶ
1746 1516 1887 1569 ἱστο-

307 1611 404 1681 ρία
432 1607 683 1662 τοσοῦτον
712 1606 973 1676 πλῆθος²¹
1004 1604 1382 1676 φροντίζουσα.
1426 1609 1489 1659 Οἱ
1535 1608 1630 1660 ἀπ’
1663 1607 1887 1662 ἐκείνων

304 1704 421 1757 ’τῶν
451 1702 644 1771 γάμων
682 1698 1216 1769 ἁποϐλαστήσαντες,
1251 1699 1385 1753 είκώ
1412 1716 1536 1754 τινα
1555 1700 1654 1770 τῆς
1677 1701 1885 1755 ἐκείνου

309 1798 507 1866 σοφίας
538 1797 649 1857 τοῖς
674 1795 774 1864 τῆς
806 1794 987 1864 ψυχῆς
1026 1794 1246 1864 φέρον¹⁸
1272 1793 1572 1863 ἀγάλμασι.
1608 1794 1887 1864 Προσκλύ-

1985 603 2179 657 fabulis
2193 603 2545 667 illustrata,ut
2564 604 2830 674 plerasque
2843 620 3030 661 omnes
3046 605 3386 673 Graecim,sed
3402 613 3565 664 etiam

1981 693 2241 765 judicanti
2283 696 2441 751 oculo
2477 696 2784 750 felicitatem
2825 695 3071 752 all‘ereus.
3105 698 3197 752 Sic
3240 697 3398 765 hujus
3435 713 3566 766 gens

1990 787 2212 843 infinitis
2270 789 2625 853 orationibus,
2655 790 2909 859 operibus
2933 790 3265 844 etsimilihus
3301 790 3556 844 exsultat.

1990 881 2399 936 Recordandum
2427 890 2510 936 est
2541 880 2699 947 hujus
2720 882 2830 949 jam
2868 884 3042 951 gentis
3067 898 3168 936 non
3201 892 3375 936 tamen
3407 881 3569 935 totius

1990 976 2118 1043 (non
2138 975 2316 1027 omnia
2344 990 2586 1039 narrare,
2618 990 2813 1042 magno
2836 975 2965 1029 mihi
2992 977 3140 1028 oneri
3162 976 3325 1044 esset)
3357 992 3371 1027 :
3401 989 3566 1027 unum

1987 1079 2053 1120 ex
2081 1065 2148 1120 iis
2176 1066 2265 1134 qui
2316 1066 2382 1120 ab
2414 1066 2517 1120 illis
2572 1067 2770 1137 nuptiis
2796 1066 3064 1135 progeniti
3094 1075 3238 1131 sunt,
3265 1064 3569 1120 assimilabo

1989 1155 2306 1223 sapientiam
2333 1157 2527 1212 animae
2546 1158 2761 1215 statuis.
2788 1157 2949 1212 Sinus
2977 1159 3189 1213 ionicus
3215 1157 3417 1211 alluens
3436 1155 3572 1209 miti.

1990 1256 2080 1315 gat
2106 1246 2251 1301 littus
2272 1247 2457 1315 lluctu,
2474 1249 2628 1318 juxta
2653 1249 2793 1304 hanc
2809 1264 2960 1304 oram
3000 1248 3257 1317 tripudiat
3286 1248 3568 1304 Nereidum

1991 1339 2188 1394 chorus
2208 1349 2255 1403 ι,
2279 1355 2469 1395 omnes
2509 1341 2664 1405 aibat,
2704 1342 2785 1395 lac
2824 1343 2979 1409 quale
3008 1342 3158 1396 fieret
3210 1350 3326 1396 arte
3393 1351 3573 1410 pasto-

1990 1442 2133 1492 rum,
2161 1428 2330 1482 oculis
2362 1428 2587 1499 glaucis,
2649 1440 2854 1483 ornata:
2872 1445 3077 1495 musco,
3108 1439 3366 1499 praeterea
3392 1430 3570 1484 albam

1993 1529 2237 1584 spumam
2256 1530 2285 1569 e
2315 1518 2449 1569 mari
2477 1516 2700 1571 summis
2727 1516 2989 1570 stillantes
3005 1518 3263 1578 crinibus.
3299 1517 3389 1572 llla
3413 1518 3564 1572 vicis-

1992 1608 2093 1664 sim
2122 1624 2372 1676 sponsum
2392 1610 2623 1675 amabat,
2642 1624 2695 1667 et
2710 1613 3242 1681 arrhabonenuptias
3266 1612 3568 1666 confirmat.

1993 1701 2242 1757 Producit
2267 1704 2409 1757 enim
2444 1706 2618 1760 medio
2649 1706 2780 1760 mari
2818 1706 3040 1761 fontem.
3066 1706 3189 1762 llzec
3230 1722 3359 1761 vero
3386 1707 3568 1763 sciens

1995 1797 2096 1851 hoc
2120 1796 2435 1852 beneficium
2454 1813 2483 1851 a
2500 1812 2693 1867 sponsa
2709 1809 3008 1867 protectum
3056 1813 3198 1862 esse,
3232 1799 3351 1853 aliis
3395 1800 3573 1853 nautis

310 1890 424 1954 ζων
458 1888 654 1949 κόλπος
675 1888 855 1950 Ἰόνιος
880 1886 1082 1939 λεαίνει
1104 1886 1202 1955 τὴν
1227 1885 1346 1939 θῖνα
1374 1886 1452 1955 τῷ
1485 1886 1714 1957 κύματι.
1734 1887 1893 1945 Κατὰ

2009 1886 2192 1939 mdam
2211 1886 2392 1955 eripit,
2416 1888 2685 1943 solisvero
2707 1888 2790 1943 his
2826 1897 3067 1942 reservat
3084 1888 3367 1942 amabilem
3393 1896 3573 1957 potum

312 1984 382 2053 δὴ
413 1983 617 2053 ταύτης
637 1981 737 2051 τῆς
763 1982 920 2051 ᾐόνος
951 1981 1110 2051 χορὸς
1127 1980 1418 2051 Νηρηΐδων
1442 1980 1685 2049 ἐχόρευε,
1702 1981 1892 2034 λευκαὶ

2009 1991 2051 2034 ιι
2073 1980 2324 2035 hauriant
2354 1982 2443 2049 qui
2502 1995 2533 2036 e
2585 1994 2781 2051 Sponsa
2836 1992 2983 2048 sunt,
3009 1983 3152 2049 quod
3185 1980 3378 2050 370b
3412 1981 3575 2034 etiam

313 2078 511 2140 πᾶσαι,
545 2074 685 2141 γάλα
730 2072 895 2138 αὐτὸ,
923 2066 1035 2124 οἷον
1096 2071 1163 2125 ἂν
1215 2073 1390 2125 έκεῖνο
1427 2072 1635 2140 γένοιτο
1678 2072 1895 2141 τέχναις

2009 2082 2181 2127 :ontra
2212 2073 2467 2129 virtutem
2499 2072 2693 2128 factum
2729 2082 2830 2128 est.
2858 2074 3141 2141 Promptus
3178 2073 3243 2125 ad
3263 2071 3575 2126 discendum

313 2165 591 2235 ποιμένων
649 2161 896 2235 [6031].]
958 2163 1278 2233 ἱστάμενον,
1311 2162 1548 2230 γλαυκαὶ
1599 2163 1660 2216 τὸ
1717 2162 1892 2234 ὄμμα,

2009 2167 2070 2220 illi
2112 2176 2196 2221 est
2227 2166 2457 2233 aninms,
2493 2167 2637 2222 celer
2666 2167 2731 2220 ad
2761 2165 3178 2236 intelligendum,
3207 2165 3464 2219 memoria
3498 2164 3580 2217 ir-

314 2257 569 2327 κομῶσαι
619 2256 696 2325 τῷ
749 2255 919 2326 βρύῳ,
952 2254 1033 2307 έτι
1068 2254 1263 2308 λευκὸν
1313 2257 1378 2308 ὲκ
1426 2255 1588 2324 τῆς²δ
1631 2255 1899 2327 θαλάττης

2009 2271 2151 2325 nata,
2173 2269 2415 2330 prompta
2445 2270 2526 2315 est
2548 2261 2616 2316 ad
2636 2260 2944 2321 dicendum,
2971 2262 3037 2313 ad
3059 2259 3342 2329 tegendum
3365 2259 3576 2322 idonea,

315 2350 496 2421 ἀφρὸν
515 2348 574 2413 ἐξ
599 2348 784 2419 ἄκρων
815 2347 1112 2417 πλοκάμων
1144 2346 1436 2410 στάζουσαι
1452 2348 1519 2402 ’⁸.
1535 2348 1600 2401 Ἠ
1623 2348 1679 2401 δὲ
1698 2348 1902 2419 ἁντερᾷ

2009 2354 2067 2408 ad
2094 2354 2365 2408 latendum
2408 2354 2662 2422 paratior.
2700 2352 2812 2408 Hoc
2837 2353 3152 2421 sapientius,
3179 2350 3450 2421 simulque
3470 2350 3579 2404 ‘diis

315 2441 416 2495 τοῦ
450 2441 682 2511 νυμφίου
708 2482 723 2506 ,
752 2441 844 2493 καὶ
876 2439 1034 2509 δώρῳ
1086 2439 1371 2493 πιστοῦται
1403 2439 1495 2492 τὸν
1526 2441 1704 2510 γάμον
1728 2456 1741 2471 ο
1775 2442 1902 2495 ἀνα-

2009 2445 2208 2516 gratius
2239 2463 2253 2499 :
2299 2446 2473 2515 aptior
2501 2460 2624 2499 vero
2651 2445 2715 2499 ad
2768 2444 2985 2499 obvium
3044 2441 3578 2513 deprehendendum,

316 2535 503 2589 δίδωσι
538 2534 646 2604 γὰρ
677 2537 741 2588 ὲκ
779 2534 951 2602 μέσης
982 2531 1252 2601 θαλάττης
1281 2534 1567 2602 πηγήν.’11
1605 2532 1684 2597 δὲ,
1715 2532 1902 2605 ὥσπερ

2009 2538 2277 2607 voluptate
2304 2536 2524 2603 fortior,
2559 2537 2791 2591 amicitia
2832 2536 3075 2600 inferior,
3115 2550 3208 2605 per
3257 2533 3578 2601 sapientiam

314 2625 660 2695 ἐπισταμένη
690 2624 785 2677 τοῦ
816 2624 973 2694 χάριν
1006 2624 1113 2678 ὐπὸ
1141 2624 1241 2696 τῆς
1270 2624 1490 2695 νύμφης
1521 2626 1758 2695 ἐγένετο,
1786 2626 1902 2681 κλέ⁴

2009 2643 2242 2694 summa,
2279 2639 2398 2698 apta
2430 2629 2499 2684 ad
2535 2628 2842 2692 dicendum,
2866 2626 3295 2698 inexpugnabilis
3318 2626 3578 2688 amicitia,

319 2736 447 2771 πτει
479 2718 576 2788 μὲν
601 2723 712 2782 τοῖς
738 2720 917 2777 ἄλλοις
946 2720 1228 2792 πλωτῆρσι
1252 2722 1322 2775 τὰ
1354 2722 1571 2791 νάματα
1592 2763 1606 2786 ,
1637 2724 1820 2792 μόνοις
1851 2722 1902 2775 δὲ

2009 2731 2261 2773 strenuus
2309 2722 2359 2773 in
2424 2720 2637 2787 timore,
2673 2736 2792 2773 cum
2816 2721 3061 2789 privatus
3083 2728 3583 2784 estsummus,cum

315 2816 483 2882 τηρεῖ
530 2815 639 2876 τοῖς
689 2814 754 2866 ἐκ
799 2813 900 2883 τῆς
951 2812 1168 2882 νύμφης
1201 2812 1300 2884 τὴν
1333 2814 1560 2883 πότιμον
1593 2815 1902 2886 φιλοτησίαν

2012 2810 2064 2863 in
2116 2811 2436 2879 magistratu
2465 2825 2666 2879 aequus.
2698 2808 2976 2863 Privatum
3013 2810 3308 2863 honestans
3334 2808 3581 2873 consilio,

316 2904 839 2975 ἁρύσασθαι.¹’οπερ
888 2906 984 2960 καὶ
1030 2904 1171 2959 κατὰ
1203 2907 1302 2976 τῆς
1334 2907 1536 2976 ἀρετῆς
1576 2908 1905 2978 ἀνύμνηται.

318 2998 585 3067 Εὐμαθής
610 2997 727 3049 ἐστι
752 2997 922 3067 ψυχὴ,
948 3000 1139 3066 ταχεῖα
1163 2999 1399 3062 σύνεσιν,
1424 3000 1613 3069 μνήμῃ
1637 2999 1909 3070 συμφυὴς,

318 3089 542 3158 ἕτοιμος
569 3087 705 3158 πρὸς
735 3088 945 3156 λόγους,
978 3087 1139 3160 [1125
1168 3088 1264 3160 IL]
1293 3088 1441 3159 δεινὴ
1490 3091 1586 3159 μὲν
1626 3089 1912 3161 κρύπτειν,

319 3180 595 3274 κρείττων
644 3180 927 3274 λανθάνειν
980 3180 1311 3274 (σοφώτερον
1340 3181 1397 3234 δὲ
1442 3181 1602 3235 τοῦτο
1644 3182 1739 3235 καὶ
1794 3182 1910 3251 ἅμα
1936 3219 1979 3274 C

314 3272 474 3334 θεοῖς
502 3271 1001 3342 προσφιλέστερον),
1033 3272 1309 3342 δεινοτέρα
1337 3274 1393 3327 δὲ
1423 3275 1678 3343 φωρᾶσαι
1705 3274 1795 3326 τὸν
1825 3275 1911 3327 ἔνο

318 3360 593 3430 τυχόντα·
642 3360 910 3430 κρείττων
951 3360 1167 3430 ἡδονῆς,
1200 3360 1380 3431 ἥττων
1428 3361 1843 3433 φιλίας.⁹Ακρος
1865 3363 1911 3395 ⁸⁸

323 3452 544 3520 σοφίαν,
575 3450 745 3513 δεινὸς
791 3452 997 3516 εἰπεῖν,
1034 3451 1308 3515 ἀνάλωτος
1360 3452 1540 3523 φιλίᾳ,
1574 3456 1820 3521 γενναῖος
1855 3454 1912 3506 ὲν

321 3541 549 3611 φόϐοις,
595 3540 799 3612 ὑψηλὸς
852 3541 1086 3611 ἰδιώτης,
1123 3543 1307 3612 ἄρχων
1353 3543 1633 3615 ἐπιεικὴς,
1668 3544 1759 3597 τὸν
1814 3544 1912 3614 μὲν

326 3633 551 3702 ἰδιώτην
589 3632 980 3701 ἀποσεμνύνων
1016 3633 1347 3704 φρονήματι,
1374 3634 1517 3703 λόγῳ
1564 3635 1621 3689 δὲ
1653 3634 1913 3703 πραΰνων

320 3723 391 3777 τὸ
420 3724 517 3793 τῆς
548 3722 795 3789 ἐξουσίας
813 3723 1166 3777 αὐθέκαστον.
1186 3724 1342 3777 Ἀλλὰ
1369 3725 1474 3795 μὴν
1498 3726 1591 3777 καὶ
1624 3724 1721 3796 την
1744 3725 1913 3797 τύχην

322 3814 463 3875 ἴδοις
499 3814 565 3866 ἂν
596 3813 785 3885 ὥσπερ
833 3815 893 3879 ἐξ
937 3815 1127 3885 οὐρίας
1154 3816 1246 3870 τὸν
1276 3816 1428 3869 τοῦδε
1473 3816 1587 3886 βίον
1622 3835 1913 3888 συμπαρα-

323 3907 678 3974 πέμπουσαν.
722 3905 1037 3976 Πρεσϐύτης
1068 3924 1151 3969 τις
1186 3902 1254 3977 ἦν
1286 3906 1480 3976 σεμνὸς
1514 3907 1660 3971 ἰδεῖν,
1688 3910 1915 3979 ἀρχαῖος

324 3999 427 4051 τὸν
476 3997 609 4066 βίον,
645 3998 736 4051 τὸν
784 3997 941 4065 λόγον
990 3998 1193 4067 ὅμοιος.
1227 3998 1396 4065 Σοφὸς
1452 3999 1647 4065 εἰπεῖν,
1678 4000 1914 4068 ἀμείνων

324 4089 590 4152 ἀκοῦσαι,
624 4088 694 4141 τὰ
725 4090 899 4142 πάντα
932 4092 1199 4155 γενναῖος.
1230 4089 1452 4161 Πλὴρης
1493 4090 1551 4143 δὲ
1590 4090 1664 4143 ὢν
1688 4091 1788 4162 ἤδη
1820 4091 1915 4145 τοῦ

325 4181 547 4243 κλέους,
582 4180 677 4233 καὶ
720 4182 901 4233 πᾶσαν
938 4182 1018 4243 είς
1066 4180 1257 4233 ἑαυτὸν
1285 4182 1634 4251 ἐπιστρέφων
1663 4183 1763 4253 τὴν
1798 4183 1916 4237 Ἐλ-

322 4272 490 4336 λάδα,
524 4270 788 4324 διαϐαίνει
837 4271 931 4323 καὶ
978 4272 1058 4335 εἰς
1112 4272 1339 4342 βασιλέα
1369 4273 1447 4343 τῷ
1473 4273 1735 4343 θαύματι,
1785 4276 1916 4348 πρὶν

325 4361 619 4431 ὕπηνήτης
648 4360 922 4427 γενέσθαι,
953 4360 1083 4431 πρὶν
1128 4361 1473 4431 καθερπύσαι
1513 4363 1851 4434 τὸν-πρῶτον
1871 4366 1915 4397 ³⁷

2012 2901 2319 2971 eloquentia
2354 2903 2564 2970 imperii
2594 2902 2935 2958 severitatem
2963 2902 3234 2972 mitigans.
3276 2890 3580 2966 Quinetiam

2015 2990 2289 3047 fortunam
2316 2993 2522 3057 videas,
2554 2994 2709 3062 quasi
2742 2992 2900 3060 hujus
2929 2993 3052 3045 vita:
3076 2994 3338 3045 rationem
3368 2998 3586 3059 propter

2018 3082 2335 3137 felicitatem
2389 3092 2752 3138 aversantem.
2804 3083 3039 3153 Legatus
3089 3081 3191 3136 fuit
3235 3081 3287 3135 in
3342 3080 3590 3134 animad—

2022 3174 2281 3230 vertendo
2312 3175 2512 3240 serius,
2543 3175 2668 3240 vita,
2701 3185 2760 3229 ut
2808 3175 2972 3229 etiam
3022 3173 3074 3227 in
3105 3172 3372 3235 oratione,
3419 3187 3586 3241 gran-

2015 3267 2130 3322 dis:
2156 3268 2220 3321 ad
2250 3266 2533 3321 dicendum
2549 3265 2867 3331 sapiens,ad
2890 3264 3216 3319 audiendum
3246 3263 3588 3328 instructior,

2015 3355 2067 3410 in
2103 3356 2355 3410 omnibus
2386 3358 2653 3426 egregius.
2692 3352 2889 3410 Plenus
2929 3353 3089 3408 laude
3121 3352 3259 3422 jam,
3287 3362 3342 3408 et
3367 3368 3584 3408 omnem

2014 3449 2068 3503 in
2096 3465 2157 3505 se
2183 3449 2448 3504 Graeciam
2488 3455 2835 3512 convertens,
2868 3446 2985 3501 suis
3027 3445 3363 3500 facinoribus
3398 3444 3466 3498 ad
3502 3458 3589 3498 re-

2014 3543 2157 3612 giam
2209 3539 2527 3608 dignitatem
2582 3535 2871 3600 ascendit,
2930 3535 3247 3606 priusquam
3302 3533 3591 3602 pullularet

2015 3633 2205 3698 barba,
2234 3632 2517 3700 primaque
2549 3629 2742 3698 lanugo
2779 3628 3112 3684 tonderetur.
3146 3625 3275 3681 Hazc
3305 3636 3588 3695 poetarum

2017 3725 2188 3779 instar
2216 3724 2344 3778 fecit
2372 3724 2571 3788 oratio,
2611 3724 2750 3777 rosis
2797 3731 3018 3777 nectere
3072 3734 3356 3783 coronam,
3393 3720 3592 3772 ducere

2017 3820 2222 3871 circum
2250 3817 2436 3871 urbem
2458 3816 2598 3870 hanc
2616 3830 2681 3882 ex
2709 3814 2965 3867 Helicone
2982 3812 3181 3879 Musas,
3201 3828 3359 3880 quam
3376 3811 3591 3879 Europa

2015 3914 2261 3959 extrema
2278 3904 2474 3974 exiguo
2494 3902 2636 3975 freto
2662 3919 2691 3957 a
2728 3902 2973 3957 Gadibus
2995 3916 3166 3972 usque
3183 3903 3373 3956 Asiam
3405 3911 3591 3955 exten-

2018 3996 2114 4049 dit.
2149 3994 2227 4048 Ad
2252 3994 2453 4049 Istrum
2503 4009 2563 4051 se
2594 3994 2886 4058 convertit,
2928 4009 3029 4049 nec
3055 3995 3263 4049 veritus
3288 4003 3370 4047 est
3394 3992 3594 4048 ﬂumen

2020 4084 2319 4140 Barbarum
2360 4086 2532 4157 glacie
2604 4087 2656 4140 in
2713 4100 2918 4140 morem
2982 4086 3159 4157 campi
3233 4095 3593 4140 cousuatum.

2017 4175 2153 4230 Cum
2190 4190 2319 4231 vero
2350 4176 2484 4230 deus
2520 4190 2738 4231 omnem
2801 4177 2950 4231 illam
3003 4177 3265 4231 virtutem
3312 4175 3598 4244 explorare

2019 4266 2305 4330 voluisset.
2357 4275 2414 4322 et
2454 4268 2699 4322 adversze
2755 4266 3047 4336 aliquando
3092 4266 3324 4321 fortunae
3376 4276 3596 4319 ventum

2020 4358 2324 4424 constituit,
2369 4366 2429 4412 ut
2471 4358 2645 4427 qualis
2710 4366 2873 4421 esset,
2935 4356 3059 4410 talis
3126 4356 3400 4422 Opinione,
3440 4365 3495 4408 et
3544 4356 3598 4407 in

325 4452 528 4508 ἴουλον.
549 4452 781 4519 Ποιητοῦ
802 4453 847 4485 ’⁸
869 4452 925 4505 δὲ
947 4453 1055 4523 ἄρα
1079 4450 1147 4525 ἦν
1174 4455 1405 4508 ἐνταῦθα
1438 4455 1532 4509 τοῦ
1558 4455 1715 4524 λόγου
1744 4457 1902 4527 ῥόδοις

2022 4466 2205 4504 rerum
2239 4449 2490 4505 ﬂuctibus
2522 4451 2755 4518 vitaeque
2789 4456 3110 4517 tempestate
3157 4446 3413 4501 omnibus
3445 4447 3598 4500 vide—

331 4545 435 4614 μὲν
465 4543 765 4609 ἀναπλέξαι
816 4543 909 4598 τὸν
945 4546 1227 4615 στέφανον,
1264 4546 1418 4614 ἄγειν
1452 4547 1507 4599 δὲ
1543 4547 1602 4612 ἐξ
1634 4549 1902 4602 Ἑλικῶνος

2027 4553 2207 4606 retur,
2253 4553 2307 4598 et
2363 4544 2414 4596 in
2455 4543 2559 4596 hac
2609 4544 2773 4596 etiam
2822 4549 2976 4609 parte
3023 4539 3418 4594 celebraretur.
3463 4537 3598 4603 Quis

324 4638 431 4700 τὰς
460 4635 702 4700 Μούσας.
746 4637 882 4705 Περὶ
908 4636 1007 4708 τὴν
1036 4637 1190 4691 πόλιν
1216 4639 1450 4708 ἐκείνην,
1482 4640 1549 4711 ἦν
1587 4640 1695 4692 ἀπὸ
1727 4641 1916 4694 Γαδεί-

328 4745 445 4798 ρων
484 4727 719 4799 Εὐρώπη
751 4727 992 4797 λήγουσα
1028 4727 1259 4798 πορθμῷ
1303 4728 1578 4802 θαλάσσης
1626 4732 1761 4801 πρὸς
1815 4732 1913 4803 τὴν

342 4820 529 4873 Ἀσίαν
581 4818 879 4889 μερίζεται,
908 4819 1141 4872 Ἤλασεν
1193 4812 1346 4883 οὗτος
1385 4823 1479 4876 καὶ
1528 4822 1649 4875 κατ’
1675 4824 1911 4893 Ἴστρου,

325 4912 426 4965 καὶ
456 4910 699 4981 ποταμὸν
728 4912 828 4963 οὐκ
857 4911 1028 4964 ἔδεισε
1074 4910 1348 4982 βάρϐαρον
1390 4913 1709 4985 κρυστάλλῳ
1755 4916 1912 4968 πεδία

331 5004 689 5073 μιμούμενον.
710 5004 861 5056 Ἐπεὶ
899 5003 954 5056 δὲ
995 5003 1114 5066 θεὸς
1150 5006 1284 5073 πρὸς
1311 5008 1491 5059 πᾶσαν
1519 5008 1680 5060 αὐτὸν
1712 5008 1912 5079 ἀρετὴν

328 5093 639 5163 ἀκριϐῶσαι
688 5094 1033 5164 βουλόμενος,
1091 5096 1183 5146 καὶ
1233 5096 1328 5148 ἀπ’
1365 5098 1613 5161 ἐναντίας
1662 5099 1792 5150 ποτὲ
1848 5097 1916 5151 τὸ

331 5184 555 5253 πνεῦμα
608 5185 696 5254 σῆς
730 5184 901 5255 τύχης
935 5184 1196 5255 ἔστησεν,
1231 5187 1296 5238 ἵν’
1330 5183 1442 5250 οἷος
1481 5184 1549 5258 ἦν
1569 5190 1639 5255 ’³,
1679 5188 1916 5253 τοιοῦτος

330 5277 433 5345 τὴν
466 5275 690 5347 γνώμην
724 5281 816 5331 καὶ
841 5280 900 5331 ἐν
928 5278 1246 5349 τρικυμίαις
1276 5282 1614 5350 πραγμάτων
1668 5281 1762 5333 καὶ
1812 5298 1918 5351 χει-

336 5369 477 5438 μῶνι
510 5368 624 5438 βίου
658 5370 896 5441 δειχθείη
928 5372 1038 5435 τοῖς
1070 5372 1203 5425 πᾶσι
1234 5372 1325 5424 καὶ
1358 5372 1479 5426 κατ’
1504 5372 1636 5426 αὐτὸ
1662 5372 1724 5425 τὸ
1751 5373 1920 5441 μέρος

419 5519 441 5544 ι
469 5508 655 5564 llorat.
691 5511 839 5566 Odw.

2025 4644 2200 4703 poeta,
2240 4636 2323 4689 vel
2354 4635 2545 4689 orandi
2590 4635 2796 4707 peritus
2834 4648 2965 4689 voce
3013 4634 3172 4704 digna
3216 4632 3449 4701 explicet
3510 4646 3595 4696 ea,

2025 4739 2146 4793 qua:
2205 4726 2296 4781 ille
2340 4727 2515 4782 fecit?
2553 4727 2663 4783 Nec
2714 4728 2914 4783 Siciliae
2966 4727 3207 4795 aliquam
3261 4723 3501 4794 Scyllam
3544 4733 3600 4776 et

2023 4819 2331 4887 Charybdin
2367 4820 2580 4885 stravit,
2614 4821 2711 4875 sed
2757 4821 2995 4875 virorqu
3030 4819 3194 4873 etiam
3228 4816 3464 4887 Cyclone
3507 4814 3600 4868 illo

2026 4922 2245 4981 pastore
2281 4910 2464 4967 Siculo
2497 4913 2887 4976 crudeliorum,
2920 4913 3064 4968 mille
3104 4922 3293 4967 contra
3322 4925 3383 4965 se
3424 4918 3600 4963 motas

2024 5005 2193 5070 acies,
2223 5020 2328 5059 non
2354 5006 2627 5061 consertis
2654 5007 2927 5072 manibus,
2964 5021 3063 5059 nec
3103 5004 3246 5067 telis,
3272 5012 3363 5058 aut
3406 5001 3597 5063 hastis,

2025 5096 2118 5149 sed
2145 5096 2434 5165 prudentia
2464 5107 2516 5151 et
2539 5097 2789 5151 oratione
2833 5097 3033 5165 ubique
3069 5105 3335 5149 terrarum
3362 5091 3598 5158 subegit.

2028 5188 2127 5242 Hic
2155 5203 2284 5242 vero
2305 5188 2625 5244 Telchinum
2653 5190 2853 5254 dux,et
2874 5189 3203 5258 Coryphaeus
3225 5192 3597 5252 nuncupatus,

2028 5280 2213 5334 lethali
2243 5290 2467 5351 accepto
2502 5281 2749 5347 vulnere,
2801 5281 2997 5336 bellum
3054 5293 3278 5348 gemens
3330 5275 3599 5343 deplorat.

2036 5371 2299 5429 Uuiversa
2363 5374 2492 5427 Asia
2524 5388 2631 5429 nou
2688 5387 2851 5442 quam
2909 5372 2990 5427 sic
3039 5385 3183 5426 nunc
3243 5366 3601 5438 appellamus,

1650 5620 1884 5676 VARI/13
1920 5616 2333 5676 LECTIONES.

438 5743 481 5773 ²¹
510 5739 910 5809 προϐάλλουσαι
942 5741 1003 5793 Α.
1079 5742 1125 5772 ⁸⁸
1160 5739 1399 5808 πλήθους
1434 5738 1489 5792 Β.

1598 5739 1645 5771 ⁸³
1674 5738 1854 5807 φέρων
1885 5736 1947 5801 C,
1982 5736 2175 5807 ἔφερον
2203 5735 2467 5805 Scaliger.

2563 5732 2608 5764 ’δ
2640 5732 2690 5786 λ.
2721 5731 2812 5784 τὸν
2856 5731 2919 5781 ὲν.
2948 5729 3010 5782 Β.
3116 5731 3162 5762 ³⁵
3192 5728 3483 5790 στάζουσαι
3505 5724 3548 5779 C
3574 5740 3595 5779 ε

338 5796 710 5884 βαστάζουσαι
736 5829 797 5877 ς.
873 5810 1144 5882 θαλάσσης
1177 5796 1266 5874 ς.’
1314 5812 1359 5841 ³⁵
1382 5796 1533 5881 ’ἄκρα
1570 5826 1631 5874 ς.
1686 5796 1757 5844 ’ἦ
1786 5796 2003 5880 πρῶτον
2023 5796 2146 5865 ὐιίι.
2173 5808 2234 5860 Β.
2312 5796 2618 5875 ’θνποιητὰς
2644 5804 2702 5859 tl.
2784 5803 2829 5834 ²⁹
2856 5796 2943 5873 ἦν]
2976 5800 3094 5892 libri
