3924 6436
268 410 409 476 1365

422 525 657 595 Ἐτέρου
682 526 1120 594 προτρεπτικοῦ
1149 527 1337 594 λόγου
1368 529 1707 598 Προοίμιον.

340 618 523 678 Δεινὸς
554 617 612 669 δὲ
637 612 707 687 ἦν
732 618 839 687 ἄρα
867 617 929 669 οὐ
954 620 1113 687 χεῖρα
1146 618 1306 686 μόνον
1332 619 1467 671 ἀλλὰ
1499 620 1594 672 καὶ
1626 620 1855 690 γνώμην

258 708 295 761 ὁ
319 706 623 771 Λύσιππος.
655 702 759 761 Οἷα
795 707 925 779 [605
956 707 1049 781 Η.]
1080 709 1209 777 γοῦν
1236 710 1444 774 ἐκεῖνος
1472 710 1560 763 διὰ
1587 711 1689 782 τῆς
1729 713 1859 764 ὲαυ-

261 800 361 852 τοῦ
412 800 642 870 γνώμης
686 802 1023 872 τετόλμηκεν
1058 802 1071 855 Ι
1115 802 1383 872 ἐγγράφει
1425 806 1540 867 τοῖς
1590 804 1733 868 θεοῖς
1766 805 1859 857 τὸν

1317 414 1839 478 BIBLIOTHECA.
1881 442 1952 452 ——
1988 421 2150 482 COD.
2187 409 2492 483 ccxuti.

1883 539 1930 592 Α

3412 424 3542 487 I366

2239 536 2322 588 Ea:
2351 536 2459 588 alia
2490 534 2751 587 suasoria.
2783 564 2846 575 ——
2886 532 3221 586 Prooemium.

2032 624 2297 698 Lysippus
2352 628 2533 696 itaque
2576 642 2680 681 non
2729 628 2976 681 manibus
3020 626 3217 691 solum,
3251 626 3343 681 sed
3379 625 3542 679 etiam

1961 720 2177 788 ingenio
2215 719 2457 788 insignis.
2495 718 2682 785 Qualia
2719 721 2862 772 enim
2904 720 2991 773 ille
3023 719 3089 774 ab
3135 718 3351 786 ingenio
3382 732 3547 771 ausus

1961 810 2078 865 est?
2122 811 2370 879 Depinxit
2418 810 2523 864 diis
2557 810 2923 873 occasionem,
2963 818 3019 863 et
3068 810 3303 877 imagine
3356 808 3548 861 admu-

264 893 485 963 καιρὸν,
512 893 607 945 καὶ
633 894 934 963 μορφώσας
988 896 1268 965 ἀγάλματι
1321 895 1419 966 τὴν
1467 896 1632 964 φύσιν
1692 894 1859 949 αὐτοῦ

1979 918 2147 966 )rans.
2173 913 2419 957 naturam
2447 900 2563 969 ejus
2585 918 2680 970 per
2703 900 2914 957 colores
2942 901 3207 970 exposuit.
3242 900 3334 954 Sic
3366 910 3545 953 autem

262 983 358 1037 διὰ
384 985 480 1054 τῆς
522 986 734 1049 εἰκόνος
785 986 1111 1058 ἐξηγήσατο.
1146 988 1302 1057 Ἔχει
1348 986 1405 1039 δὲ
1436 979 1540 1039 ὧδέ
1610 1002 1751 1050 πως,
1782 985 1859 1050 ὡς

266 1075 373 1145 ἐμὲ
410 1076 791 1147 μνημονεύειν,
813 1077 874 1130 τὸ
903 1077 1171 1145 δαίδαλμα
1190 1093 1204 1107 ο
1244 1079 1397 1130 Ποιεῖ
1447 1076 1612 1131 παῖδα
1637 1078 1696 1129 τὸ
1724 1073 1862 1141 εἶδος

274 1169 466 1239 ἁϐρὸν,
497 1170 597 1237 τὴν
618 1169 802 1239 ἀκμὴν
825 1168 1047 1239 ἔφηϐον,
1081 1167 1342 1237 κομῶντα
1392 1168 1489 1237 μὲν
1514 1168 1575 1221 τὸ
1602 1168 1668 1220 ὲκ
1697 1184 1863 1238 ’κρο-

267 1262 457 1329 τάφων
504 1264 587 1324 είς
642 1261 913 1330 μέτωπον,
950 1261 1155 1331 γυμνὸν
1182 1261 1238 1313 δὲ
1268 1260 1328 1312 τὸ
1368 1261 1493 1313 ὅσον
1526 1258 1737 1312 ἐκεῖθεν
1767 1258 1862 1311 ἐπὶ

267 1355 341 1409 τὰ
376 1355 521 1408 νῶτα
556 1354 862 1425 μερίζεται,
904 1354 1109 1425 σιδήρῳ
1134 1352 1231 1423 τὴν
1264 1351 1444 1417 δεξιὰν
1491 1353 1859 1422 ὡπλισμένον.

275 1446 429 1516 ζυγῷ
465 1446 565 1515 τὴν
602 1447 763 1498 λαιὰν
788 1446 1075 1516 ἐπέχοντα,
1116 1445 1399 1516 πτερωτὸν
1432 1445 1497 1499 τὰ
1538 1445 1741 1515 σφυρὰ,
1764 1447 1863 1517 οὐχ

264 1538 350 1602 ὡς
385 1538 679 1609 μετάρσιον
723 1538 865 1608 ὑπὲρ
914 1539 1016 1607 γῆς
1064 1538 1176 1593 ἀνω
1231 1536 1604 1606 κουφίζεσθαι,
1644 1537 1865 1590 ἀλλ’ἵνα

268 1631 446 1684 δοκῶν
486 1631 776 1701 ἐπιψαύειν
808 1633 907 1701 τῆς
946 1631 1051 1700 γῆς
1100 1631 1337 1702 λανθάνῃ
1392 1630 1638 1684 κλέπτων
1677 1630 1738 1682 τὸ
1789 1630 1863 1701 μὴ

272 1724 420 1777 κατὰ
442 1725 543 1794 γῆς
564 1724 956 1796 ἐπερείδεσθαι.
988 1726 1046 1778 Ὀ
1070 1725 1125 1778 δὲ
1154 1723 1417 1787 Γλαῦκος,
1447 1722 1655 1793 ῶσπερ,
1685 1718 1861 1793 οἶμαι,

272 1818 447 1889 λοχῶν
464 1819 595 1871 αὐτο
607 1819 705 1888 τῆς
722 1817 962 1886 ἀγωνίας
975 1816 1033 1870 τὸ
1060 1818 1292 1887 καίριον.
1316 1810 1421 1887 ἧκέ
1441 1832 1497 1867 τε
1520 1816 1612 1867 ἐπὶ
1631 1814 1721 1869 τὸν
1743 1831 1867 1867 στε·

272 1911 510 1980 φανίτην
547 1910 729 1979 μόνος,
783 1911 877 1962 καὶ
931 1909 1151 1980 πρῶτος
1216 1904 1328 1977 εἶχε
1361 1906 1404 1939 ⁸¹
1434 1906 1525 1959 τὸν
1578 1906 1863 1975 στέφανον.

273 2003 466 2056 Πάντα
490 2002 601 2073 γὰρ
625 2001 767 2056 καλὰ
819 2002 878 2053 ὲν
936 1999 1137 2070 καιρῷ,
1162 2001 1255 2053 καὶ
1285 1997 1509 2067 τοξότης
1543 1998 1864 2060 ἐπίσκοπος,

270 2095 424 2157 ὅστις
454 2090 563 2148 οἶδε
625 2094 817 2166 καίρια
871 2093 1085 2163 βάλλειν
1134 2090 1463 2160 τοξεύματα.
1514 2090 1624 2143 Καὶ
1670 2088 1735 2159 δὴ
1788 2091 1867 2153 εἰς

270 2187 508 2259 οὐρανὸν
536 2187 757 2257 ἀηδόνες
788 2187 896 2241 ἀπὸ
926 2186 1031 2256 γῆς
1066 2186 1344 2238 ἴπτανται·
1415 2182 1590 2254 τολμᾷ
1636 2182 1745 2253 γὰρ
1778 2183 1870 2235 ἀν-

269 2276 435 2345 άγειν
475 2275 614 2346 ὑπὲρ
642 2276 789 2347 ᾠδῆς
844 2276 924 2339 εἰς
963 2275 1124 2328 αὑτὸν
1151 2274 1264 2345 [rev
1280 2271 1347 2343 ⁸³]
1395 2271 1623 2343 οὐρανὸν
1652 2274 1678 2323 ὁ
1703 2271 1870 2341 μῦθος

267 2369 519 2438 ὄρνιθας.
553 2362 728 2422 1Ἧκον
777 2366 873 2421 οὖν
934 2365 1088 2436 παρὰ
1128 2365 1222 2419 τὸν
1275 2364 1492 2417 κύκνον.
1535 2364 1591 2416 Ὀ
1618 2363 1661 2415 δ’
1680 2362 1869 2431 ἔτυχεν

264 2459 371 2512 ὲπί
399 2476 548 2522 τινος
599 2458 865 2529 λειμῶνος
898 2456 1088 2529 ἠρινοῦ
1121 2457 1245 2527 ἄρτι
1297 2454 1526 2526 Ζεφύρῳ
1561 2454 1695 2525 πρὸς
1729 2452 1869 2524 ᾠδὴν

264 2552 546 2612 ἐκδιδόναι
576 2550 785 2621 μέλλων
826 2549 925 2613 τὰς
952 2549 1251 2618 πτέρυγας.

466 2643 569 2696 Ἐκ
600 2641 707 2696 τοῦ
728 2644 813 2704 είς
840 2642 948 2694 τὸν
973 2642 1204 2708 νέηλυν
1220 2640 1327 2693 τὸν
1359 2637 1685 2707 Αίγύπτιον

350 2734 555 2804 Πήχεις
582 2734 632 2786 οἱ
662 2733 708 2765 ⁸⁸
743 2732 1035 2801 Αἰγύπτιοι
1096 2732 1194 2800 τὴν
1246 2731 1476 2801 αὔξησιν
1532 2730 1627 2783 τοῦ
1671 2729 1867 2782 Νείλου

264 2826 748 2897 προσαγορεύουσι
780 2825 849 2891 ⁸⁸,
887 2826 981 2880 καὶ
1042 2823 1300 2895 μετροῦσι
1335 2824 1384 2855 ⁸⁸
1410 2824 1479 2879 τὰ
1510 2822 1753 2892 νάματα,
1776 2823 1871 2875 καὶ

269 2921 591 2989 πανήγυρις
642 2919 827 2981 αὐτοῖς
858 2918 886 2970 ὁ
920 2918 1100 2988 πῆχυς
1126 2915 1356 2984 γίνεται.
1408 2914 1521 2966 Καὶ
1571 2916 1698 2975 τοὺς
1741 2927 1868 2980 γεν-

264 3013 462 3075 ναίους
485 3011 606 3081 ὄψει
631 3012 741 3066 τῶν
770 3010 1105 3082 στρατηγῶν
1137 3008 1232 3062 ἀπ’
1258 3007 1564 3060 ἐλαττόνων
1589 3003 1869 3076 τροπαίων

266 3105 381 3168 τὰς
407 3105 609 3175 μυρίας
661 3105 819 3167 νίκας
868 3102 1259 3173 κηρύττοντας.
1305 3098 1519 3170 Μικρὸς
1545 3093 1612 3168 ῆν
1647 3099 1705 3149 ὲν
1745 3098 1872 3166 Ἀρ-

268 3199 515 3267 τεμισίῳ
565 3196 940 3266 Θεμιστοκλῆς
990 3193 1156 3265 (κατὰ
1187 3193 1231 3225 ⁸⁷
1273 3192 1382 3261 γὰρ
1432 3189 1541 3244 τῶν
1589 3189 1870 3262 προπατό-
1898 3220 1944 3283 C

275 3305 395 3361 ρων
421 3286 466 3320 ⁸³
491 3287 572 3340 ἔτι
611 3287 720 3340 τῶν
761 3286 1028 3356 βασιλέως
1057 3284 1356 3354 ὴρίστευε),
1387 3282 1590 3350 μείζων
1635 3283 1694 3334 ὲν
1723 3281 1874 3335 Ψυτ-

265 3379 457 3450 ταλίᾳ,
494 3376 669 3448 μέγας
701 3377 792 3429 ἐπὶ
808 3376 1106 3445 Σαλαμῖνα·
1144 3373 1406 3436 ἐϐάπτιςε
1430 3371 1540 3443 γὰρ
1576 3372 1707 3442 ὃλην
1736 3372 1853 3425 ἐκεῖ

270 3472 383 3541 τὴν
418 3471 608 3523 Ἀσίαν
644 3467 976 3539 μαχόμενος.

599 3560 761 3633 [1129
795 3558 885 3629 R.]
919 3561 1023 3612 Ἐκ
1043 3558 1088 3591 ⁸³
1120 3557 1600 3627 προπεμπτικοῦ.

354 3654 466 3707 Καὶ
494 3652 655 3707 τοῦτο
688 3652 785 3720 μὲν
812 3654 944 3713 ἴσως
975 3648 1156 3713 καλῶς
1182 3652 1377 3712 ποιεῖς·
1428 3649 1642 3717 ἀνάγκη
1680 3645 1789 3717 γὰρ
1812 3644 1875 3716 δή

277 3763 394 3799 που
427 3746 520 3799 τὸν
550 3743 895 3797 ἐπαινεῖσθαι
922 3742 1248 3813 βουλόμενον
1307 3741 1403 3795 καὶ
1463 3740 1572 3793 τῶν
1617 3736 1875 3808 πράξεων

281 3838 518 3891 ἐκείνων
552 3835 862 3906 ἐπιθυμεῖν,
889 3833 981 3903 ἀφ’
1007 3827 1082 3888 ὧν
1109 3833 1347 3904 ὑπάρχει
1375 3832 1437 3885 τὸ
1469 3830 1871 3902 θαυμάζεσθαι.

277 3931 362 3984 Οὐ
405 3928 516 3998 γὰρ
562 3928 845 3997 ἀπέχρησε
894 3929 1006 3990 τοῖς
1064 3925 1223 3979 παισὶ
1280 3926 1349 3978 τά
1402 3922 1497 3977 τοῦ
1546 3922 1877 3993 Περικλέους

282 4021 773 4093 σεμνολογήματα,
828 4018 942 4072 ἀλλ’
996 4017 1207 4082 ἀνάξιοι
1228 4016 1327 4085 τῆς
1359 4013 1620 4085 πατρῴας
1668 4014 1875 4083 ἀρετῆς

278 4116 570 4183 γενόμενοι
608 4111 856 4182 μείζονος
890 4109 1063 4179 δήπου
1093 4108 1347 4177 διαϐολῆς
1378 4107 1558 4160 αἰτίαν
1596 4106 1695 4177 τὴν
1758 4124 1866 4159 πα-

282 4204 471 4278 τρῴαν
495 4203 653 4269 δόξαν
682 4204 1005 4274 ἐκτήσαντο.
1040 4203 1149 4255 Καὶ
1209 4201 1420 4254 πολλῶν
1454 4201 1510 4253 δὲ
1533 4199 1741 4271 ξᾶλλων
1776 4201 1875 4252 ἀν-

285 4298 434 4370 δρῶν
481 4297 724 4368 ἀρίστων
766 4296 1027 4364 γεγόνασι
1062 4295 1274 4361 παῖδες,
1308 4289 1387 4358 οἷς
1414 4293 1618 4347 ἆπασιν
1645 4293 1705 4346 ού
1736 4292 1879 4364 πρὸς

291 4389 577 4459 ὲγκωμίου
606 4388 787 4453 πλέον,
815 4386 1037 4457 ἔλεγχος
1062 4387 1120 4439 δὲ
1147 4386 1347 4448 κακίας
1384 4384 1603 4453 ἐγένετο
1652 4384 1722 4437 τὰ
1767 4382 1878 4436 τῶν

290 4481 550 4551 πατέρων
590 4479 852 4548 ὀνόματα.
897 4478 994 4540 Τίς
1025 4471 1139 4542 οὖν,
1169 4477 1299 4539 ἴσως
1332 4476 1399 4528 ἂν
1445 4476 1618 4545 ἐρεῖς,
1654 4475 1687 4544 ἡ
1715 4473 1881 4543 θερα-

1962 992 2249 1047 artiﬁcium
2279 1004 2537 1061 quantum
2574 994 2699 1048 licet
2731 993 3063 1056 meminisse,
3097 1006 3154 1045 se
3204 991 3385 1044 habet.
3423 990 3548 1042 Pin-

1962 1086 2035 1156 git
2064 1088 2351 1155 quemdam
2382 1086 2548 1156 ﬁgura
2590 1096 2751 1142 aetate
2785 1096 3096 1148 venustum,
3128 1082 3418 1152 ephebum,
3456 1096 3547 1136 co-

1963 1186 2165 1231 matum
2217 1192 2248 1231 e
2291 1179 2623 1246 temporibus
2672 1177 2739 1230 ad
2788 1176 3017 1231 frontem
3064 1190 3235 1244 usque
3268 1191 3281 1227 :
3318 1174 3444 1227 hinc
3481 1176 3545 1224 ad

1965 1278 2113 1339 terga
2143 1284 2311 1338 usque
2342 1270 2563 1333 nudum,
2598 1268 2846 1323 dextram
2884 1275 3150 1321 armatam
3186 1267 3353 1328 ferro,
3382 1272 3437 1319 et
3470 1274 3549 1318 te-

1965 1370 2181 1415 nentem
2233 1361 2454 1416 sinistra
2501 1361 2791 1426 bilancem,
2835 1358 2995 1412 alatis
3052 1359 3275 1427 plantis,
3329 1372 3432 1410 non
3489 1365 3549 1409 ut

1966 1450 2212 1505 sublimis
2234 1466 2395 1517 super
2418 1452 2615 1505 terram
2640 1451 2693 1505 in
2721 1452 2887 1505 altum
2916 1447 3195 1513 efferatur,
3222 1448 3313 1501 sed
3349 1458 3406 1500 ut
3441 1457 3551 1501 tero

1967 1559 2081 1599 ram
2113 1544 2379 1613 attingere
2400 1544 2663 1608 videatur,
2695 1543 2971 1613 ignoretur
2999 1555 3125 1595 vero
3149 1539 3357 1594 occulte
3391 1547 3551 1591 terra:

1970 1638 2238 1693 insistere.
2300 1636 2534 1691 Glaucus
2585 1646 2784 1702 autem,
2842 1645 2900 1689 ut
2959 1635 3215 1697 arbitror,
3272 1631 3550 1685 occultans

1969 1732 2109 1786 hanc
2144 1730 2460 1785 certaminis
2493 1730 2857 1793 occasionem,
2890 1728 3043 1783 solus
3072 1726 3137 1780 ad
3170 1732 3548 1781 coronatorem

1972 1825 2138 1890 venit,
2167 1833 2220 1878 et
2247 1825 2454 1892 primus
2481 1836 2737 1876 coronam
2767 1821 2991 1889 accepit.
3020 1817 3213 1872 Omnia
3237 1816 3379 1870 enim
3406 1814 3551 1867 bona

1974 1917 2025 1971 in
2054 1915 2361 1983 occasione,
2414 1922 2469 1971 et
2517 1914 2744 1983 diligens
2786 1913 3055 1983 jaculator
3104 1919 3207 1975 est,
3258 1906 3350 1977 qui
3402 1904 3555 1959 novit

1970 2020 2274 2080 opportuna
2320 2008 2424 2064 tela
2469 2009 2705 2063 mittere.
2761 2006 3028 2061 Luscinia;
3071 2017 3203 2059 sane
3245 2010 3448 2056 eterra
3498 1997 3553 2050 in

1971 2103 2167 2157 cmlum
2194 2102 2441 2157 volitant.
2477 2099 2681 2153 Fabula
2713 2098 2856 2152 enim
2893 2098 3053 2149 audet
3089 2096 3143 2149 in
3172 2092 3369 2147 caelum
3391 2096 3553 2145 cantu

1971 2208 2098 2249 aves
2130 2194 2337 2249 tollere.
2375 2194 2612 2247 Veniunt
2641 2191 2805 2259 igitur
2851 2189 2915 2242 ad
2945 2187 3173 2249 olorem,
3224 2183 3316 2249 qui
3356 2180 3556 2233 mansit

1974 2286 2025 2339 in
2056 2299 2248 2352 campo
2278 2283 2512 2353 quodam
2546 2296 2734 2346 verno,
2767 2281 2937 2335 donec
2964 2276 3215 2347 Zephyro
3243 2272 3310 2328 ad
3332 2276 3553 2327 cantum

1971 2377 2181 2448 explica
2194 2386 2275 2432 ret
2306 2376 2442 2431 alas.

2208 2640 2293 2694 Ea:
2322 2641 2559 2695 oratione
2588 2639 2642 2692 in
2669 2634 2928 2691 crudelem
2964 2630 3302 2702 Egyptiunt.

2044 2733 2288 2806 Egyptii
2314 2736 2708 2788 incrementum
2734 2728 2837 2782 Nili
2867 2742 2960 2796 per
2982 2725 3195 2780 cubitos
3217 2718 3555 2781 denuntiant,

1973 2840 2025 2883 et
2049 2844 2305 2883 mensura
2331 2825 2624 2880 metiuntur
2648 2836 2837 2890 aquas,
2874 2829 2928 2874 et
2958 2819 3173 2873 cubitus
3194 2814 3297 2869 illis
3330 2813 3560 2866 materia

1976 2921 2149 2976 laudis
2175 2932 2277 2975 cst.
2309 2921 2589 2986 Dncesque
2620 2924 2871 2970 strenuos
2896 2910 3101 2965 videbit
3126 2906 3343 2972 tronaeis
3385 2905 3561 2956 mino-

1975 3016 2125 3068 ribus
2156 3013 2301 3067 mille
2325 3012 2578 3065 victorias
2603 3008 2923 3078 praedicare.
2958 3004 3164 3057 Parvus
3192 3000 3289 3054 fuit
3320 2998 3371 3052 in
3403 2999 3563 3050 Arte-

1978 3101 2135 3155 misio
2148 3098 2539 3154 Themistocles
2559 3095 2786 3184 getenim
2812 3108 2971 3158 supra
3001 3091 3142 3161 regis
3160 3087 3391 3155 majores
3422 3100 3565 3154 pra:-

1977 3193 2123 3248 clare
2148 3189 2337 3262 gessit)
2365 3188 2533 3257 major
2555 3175 2607 3241 i'n
2637 3185 2896 3258 Psytalia,
2927 3196 3155 3252 magnus
3182 3180 3235 3233 in
3262 3175 3561 3233 Salamine.

1977 3284 2093 3341 Illic
2133 3283 2279 3340 enim
2322 3291 2488 3337 totam
2528 3280 2713 3335 Asiam
2746 3276 3036 3347 pugnando
3064 3270 3348 3328 demersit.

2547 3543 2597 3600 Ε
2620 3544 2996 3613 propemptica.

2052 3639 2117 3695 Et
2144 3638 2247 3693 hoc
2271 3636 2499 3692 forsitan
2534 3644 2683 3689 recte
2720 3633 2876 3687 facis.
2930 3631 3065 3685 Nam
3112 3643 3339 3685 necesse
3380 3628 3567 3697 utique

1979 3742 2084 3797 est,
2122 3746 2244 3784 eum
2275 3731 2366 3800 qui
2401 3728 2609 3783 laudari
2633 3726 2924 3785 desiderat.
2964 3725 3127 3780 etiam
3156 3738 3243 3777 res
3264 3722 3383 3776 illas
3416 3721 3564 3775 desi—

1981 3825 2175 3878 derare
2222 3822 2364 3875 unde
2406 3820 2521 3874 laus
2556 3819 2819 3889 procedit.
2850 3816 2966 3871 Non
3002 3816 3144 3870 enim
3180 3815 3302 3868 ﬁliis
3342 3812 3570 3867 Periclis

1978 3913 2241 3986 praeclare
2270 3920 2418 3981 gesta
2448 3908 2798 3973 suﬁ‘ecerunt,
2831 3909 2925 3963 sed
2957 3907 3161 3978 indigni
3196 3914 3419 3975 paterna
3460 3903 3572 3956 vir-

1982 4016 2095 4061 tute
2126 4006 2467 4069 exsistentes,
2507 4003 2705 4073 372a
2748 4002 2813 4055 ad
2863 4000 3082 4068 majoris
3129 3995 3573 4069 reprehensionis

1983 4096 2268 4149 materiam
2303 4104 2584 4164 paternam
2615 4091 2985 4147 celebritatem
3023 4089 3204 4159 adepti
3239 4098 3389 4142 sunt.
3420 4086 3572 4140 Alio-

1983 4201 2211 4256 rumqne
2242 4185 2335 4239 ﬁlii
2361 4183 2648 4239 multorum
2676 4183 2893 4237 fortium
2923 4183 3159 4236 virorum
3182 4178 3353 4244 fuere,
3377 4180 3575 4245 quibus

1983 4279 2235 4333 omnibus
2261 4286 2542 4347 parentum
2566 4275 2734 4346 gloria
2760 4290 2866 4328 non
2898 4274 2962 4327 ad
2997 4272 3294 4341 pleniorem
3328 4269 3570 4330 laudem,

1985 4372 2079 4425 sed
2132 4371 2200 4423 ad
2257 4367 2621 4437 improbitatis
2676 4366 3078 4421 accusationem
3137 4362 3259 4416 fuit.
3324 4359 3574 4414 Forsitan

1987 4463 2192 4518 dixeris
2231 4460 2364 4529 Quis
2398 4478 2411 4513 :
2443 4460 2609 4529 igitur
2653 4458 2761 4512 erit
2807 4456 3006 4511 mentis
3041 4452 3256 4509 cultus?
3287 4448 3473 4505 Virtus
3520 4455 3576 4503 et

288 4570 421 4624 πεία
440 4543 541 4623 ’τοῦ
559 4569 651 4622 νοῦ
736 4567 905 4639 ἁρετὴ
941 4568 1034 4620 καὶ
1061 4567 1244 4634 λόγος,
1272 4566 1305 4635 ἡ
1357 4565 1454 4635 μὲν
1480 4543 1732 4634 Ἵάρχουσα
1783 4563 1867 4617 καῖ

1989 4555 2316 4625 eloquentia.
2352 4550 2442 4605 Illa
2475 4550 2697 4619 quidem
2740 4549 3014 4617 imperans
3041 4556 3096 4601 et
3144 4545 3431 4600 dominans
3459 4543 3580 4598 elo-

288 4634 689 4715 ἐπιστατοῦσαν
718 4634 798 4729 τῶ
836 4634 1002 4729 λόγῳ,
1033 4661 1061 4711 ὁ
1111 4659 1189 4723 δὲ,
1253 4634 1507 4728 καθάπερ
1567 4673 1652 4719 τις
1711 4655 1867 4718 δεξιὸς

1990 4645 2273 4714 quentiae:
2312 4642 2426 4694 haec
2456 4654 2588 4694 vero
2637 4648 2893 4706 tanquam
2941 4636 3117 4692 ﬁdelis
3171 4636 3325 4690 bona:
3374 4634 3581 4702 reginas

289 4750 511 4821 ἀγαθῆς
567 4724 836 4821 βασιλίδος
905 4724 1173 4815 διάκονος,
1222 4748 1292 4802 τὰ
1340 4724 1555 4818 ἐκείνης
1616 4746 1867 4799 ὲπιτελῶε

1992 4735 2261 4797 ministra,
2319 4732 2463 4785 illius
2514 4739 2784 4801 praecepta
2827 4728 2975 4782 omni
3026 4725 3376 4782 contentione
3420 4724 3582 4792 perﬁ-

292 4819 502 4913 σπουδῇ
523 4819 670 4913 πάσῃ
704 4844 783 4905 είς
815 4841 975 4914 ἔργον
1000 4858 1059 4894 τε
1088 4841 1238 4907 ἄγων
1266 4840 1696 4911 προστάγματα.
1726 4836 1862 4890 Ἐστ

1991 4826 2162 4879 ciens.
2194 4821 2287 4876 Est
2308 4830 2363 4876 et
2381 4820 2656 4889 multiplex
2683 4819 2946 4873 virtutum
2972 4819 3195 4882 chorus,
3219 4831 3378 4886 quem
3407 4823 3581 4870 totum

293 4934 394 4987 καὶ
418 4909 577 4995 ἄλλος
608 4909 819 5001 ἀρετῶν
846 4909 1049 5003 ’μυρίος
1076 4930 1254 5002 χορὸς,
1288 4909 1348 4983 ὃν
1382 4930 1599 4983 ἅπαντα
1631 4929 1867 5000 εὑρήσεις

1992 4916 2233 4971 invenies
2268 4914 2324 4969 in
2357 4913 2764 4983 disciplinarum
2794 4911 3075 4986 gymnasio
3112 4925 3358 4973 versans,
3401 4909 3500 4964 has
3523 4914 3583 4961 nt

295 5026 434 5080 εῐσω
500 5026 751 5087 παιδείας
813 5023 1135 5094 ἀνακτόρων
1186 5022 1498 5091 γενόμενος.
1556 5020 1774 5082 Ταύτας
1831 5019 1867 5072 δί

1998 5008 2240 5063 nutrices
2266 5015 2321 5061 cl
2349 5014 2551 5059 matres
2581 5020 2769 5060 earnm
2806 5004 2901 5059 tibi
2927 5004 3305 5059 conciliantes.
3350 5003 3413 5054 Et
3451 5014 3585 5055 sane

294 5115 489 5183 ὥσπερ
521 5116 774 5185 τιθηνοὺς
804 5116 899 5168 καὶ
930 5090 1176 5184 μητέρας
1206 5090 1430 5167 ἐκείνων
1462 5111 1591 5184 [606
1622 5110 1716 5183 Π.]
1761 5128 1867 5181 προ

1999 5102 2120 5155 dico
2150 5114 2247 5169 per
2276 5099 2372 5152 has
2416 5098 2630 5151 illarum
2680 5098 2997 5153 fruitionem
3043 5096 3418 5150 adventuram.
3458 5090 3583 5145 Filii

298 5208 442 5276 ξενῶ
472 5208 518 5239 ⁸⁰
553 5184 730 5261 τέσοι
761 5206 855 5260 καὶ
887 5204 1031 5276 φημὶ
1069 5204 1134 5275 δὴ
1178 5204 1245 5256 δι’
1267 5205 1494 5257 ἐκείνων
1532 5203 1748 5271 καὶτῆς
1773 5202 1867 5256 τῶη

2000 5213 2130 5253 vero
2160 5214 2187 5251 a
2223 5197 2655 5269 pratceptorihus
2690 5193 2949 5260 abdicati,
2987 5191 3041 5245 in
3073 5191 3260 5246 urbem
3298 5187 3443 5239 illam
3484 5184 3585 5237 du-

300 5299 582 5372 ὲχομένων
644 5299 820 5370 θήρας
854 5295 1164 5366 ὲφίξεσθαι.
1198 5296 1261 5349 Οί
1284 5294 1341 5348 δε
1390 5294 1580 5357 παῖδες
1614 5292 1867 5347 ἀπολελυι

2000 5294 2284 5347 cebantur.
2319 5290 2489 5347 Midas
2530 5289 2714 5361 Phryx
2751 5286 2864 5360 (50)
2892 5286 3119 5355 cupiens
3142 5282 3397 5353 Satyrum
3431 5290 3585 5333 com-

1588 5428 1823 5484 VARIIE
1884 5418 2289 5485 LECTIONES.

376 5528 425 5562 ⁸²
458 5523 572 5595 εἶχε
593 5526 680 5582 AC
718 5543 733 5579 :
766 5519 875 5580 εἷλε
916 5544 978 5589 ς.
1079 5527 1125 5559 ⁸⁵³
1149 5526 1240 5579 τὸν
1284 5540 1393 5595 om.
1422 5522 1534 5578 AC.
1598 5523 1660 5595 _“
1688 5524 1736 5575 οἱ
1767 5536 1875 5595 om.
1903 5520 1965 5574 (Σ.
1990 5591 2001 5595 _
2080 5521 2125 5595 ⁸⁸
2154 5520 2587 5595 προαγορεύουσι

303 5602 349 5633 ⁸⁷
381 5585 571 5671 uadi
603 5601 697 5671 καὶ
756 5600 823 5652 Α.
925 5585 973 5630 ⁸⁸
1002 5594 1392 5671 προπατόρων]
1446 5593 1705 5665 πρόπλων
1770 5585 2210 5647 λνθτιιειιονίίιιεξ
2311 5585 2458 5645 ’⁸⁹”ὲκ
2486 5590 2704 5645 Αοεὲκ
2768 5585 2861 5640 τοῦ
2915 5602 2973 5649 ς.

303 5669 701 5744 προξενοῦντές
741 5686 801 5734 ς.

2778 5517 2824 5547 ⁸⁸
2849 5515 2944 5569 καὶ
2995 5512 3178 5583 μέτρῳ
3219 5508 3583 5583 μετροῦσιής.

3068 5575 3112 5616 ⁸⁶
3144 5575 3386 5653 προξενῶ
3402 5578 3464 5632 τέ
3492 5575 3536 5632 C
3567 5594 3583 5631 :

1831 5753 2061 5810 NOT/E.

388 5857 505 5931 (50)
546 5859 718 5917 Midas
748 5838 949 5931 Phryx,
979 5857 1043 5912 de
1065 5872 1171 5925 quo
1203 5854 1341 5910 Max.
1382 5853 1507 5925 Tyr.
1546 5868 1699 5909 scrin.
1730 5852 1819 5906 5t).
