3924 6474
394 410 522 472 Ῑῖίέἷ
1556 408 1824 472 ΡΗΟΤΙΙ
1861 410 1998 471 ΡΑΤ

2106 410 2369 471 ΑΒΟΗΕ
2398 413 2507 472 CP.
3541 408 3671 472 i368

388 523 745 591 prehendere,
789 523 917 576 vino
949 537 1145 592 aquam
1181 521 1398 589 miscet,
1446 532 1503 578 et
1538 541 1734 580 somno
1765 534 1985 594 captum

2106 523 2246 591 3mm
2275 522 2611 578 διδασκάλων
2637 521 2737 593 τήν
2780 520 2935 576 πόλιν
2972 521 3016 555 ⁵¹
3049 520 3263 592 ἐκείνην
3290 519 3568 590 ἔπεμπον.
3613 522 3670 574 '0

387 628 443 670 et
466 629 682 687 sopore,
712 613 969 692 Satyrum
1003 623 1326 671 venatorum
1365 631 1515 673 more
1543 618 1980 689 comprehendit.

2106 616 2143 670 ἱὲ
2167 615 2354 687 Φρὺξὸ
2376 615 2554 679 Μίδας
2594 615 2736 670 ἑλεῖν
2791 614 3019 685 θελήσας
3049 616 3095 647 ⁵³
3123 615 3214 668 τὸν
3268 615 3511 683 Σάτυρον
3540 615 3669 685 οϊνῳ

2088 710 2399 779 φαρμάττει
2423 706 2493 760 τὰ
2522 707 2763 777 νάματα,
2787 707 2880 760 καὶ
2902 706 3070 778 δήσας
3101 706 3259 778 ὕπνῳ
3321 709 3419 761 καὶ
3456 706 3666 777 κώματι

2088 799 2264 868 θήραν
2292 798 2531 851 ἐποιεῖτο
2573 798 2666 851 τὸν
2691 798 2955 865 Σάτυρον.

2103 891 2205 944 Ἐκ
2239 891 2345 945 τοῦ
2362 890 2461 943 ἐπὶ
2502 888 2578 956 τῇ
2604 890 2757 943 κατὰ
2801 889 2917 957 τὴν
2944 888 3258 958 διατριϐὴν
3318 890 3537 944 στάσει
3569 894 3671 944 αὺ-

2442 961 2689 1028 τοσχεδὶ
2694 978 2786 1014 ου.
2805 991 2877 999 -
2895 960 2964 1014 Τὸ
2982 962 3317 1030 Προοίμιον.

463 1063 546 1117 Au
579 1061 796 1132 aliquod
830 1062 882 1114 in
912 1060 1118 1114 nostris
1146 1059 1507 1122 orationibus,
1534 1059 1719 1127 amici,
1745 1061 1987 1116 modica-

2164 1048 2315 1121 τΑρόι
2335 1070 2389 1106 τι
2413 1055 2506 1106 καὶ
2544 1052 2602 1105 ὲν
2630 1055 2746 1117 τοῖς
2775 1052 3064 1123 ἡμετέροις
3088 1053 3269 1122 λόγοις
3298 1052 3475 1113 ἐστὶν.
3506 1047 3556 1106 ὦ
3589 1054 3678 1122 φξ-

396 1164 638 1209 tnentum
669 1160 753 1207 est
774 1152 840 1206 ad
872 1151 1199 1206 discordiam
1226 1150 1520 1205 sedandam
1545 1153 1913 1208 conveniens?
1935 1163 1989 1209 et

2106 1153 2194 1209 lat,
2239 1146 2531 1217 φάρμακον
2578 1145 2695 1218 ἔριν
2751 1146 2998 1215 κοιμίσαι
3069 1145 3412 1216 δυνάμενονς
3471 1147 3572 1200 καὶ
3623 1146 3675 1197 τί

396 1246 528 1317 quid
565 1253 748 1300 nostra
780 1259 871 1298 ars
905 1253 1109 1297 tantum
1144 1241 1490 1299 efﬂorescere
1513 1244 1683 1315 cupit,
1725 1256 1987 1315 quantum

2106 1240 2347 1307 Βούλεται
2367 1240 2611 1294 τοιοῦτον
2629 1240 2677 1271 ⁸³
2706 1239 2801 1293 καὶ
2838 1241 2871 1310 ή
2905 1239 3188 1310 παρ’ήμῖν
3201 1239 3365 1311 τέχνη
3401 1238 3678 1292 νεανιεύε-

398 1340 670 1394 Homerus
698 1340 761 1391 de
788 1345 1002 1391 cratere
1028 1335 1266 1401 Helente,
1317 1352 1476 1406 quem
1510 1335 1658 1392 Jovis
1690 1338 1867 1408 proles
1890 1340 1988 1394 ho-

2106 1332 2243 1397 σθαι,
2272 1334 2454 1386 ὁποῖον
2479 1333 2525 1365 ³⁸
2551 1333 2801 1403 Ὅμηρος
2835 1332 2922 1386 διὰ
2949 1332 3043 1384 τοῦ
3082 1336 3358 1404 κρατῆρος
3387 1332 3484 1385 τοῦ
3513 1332 3614 1403 τῆς
3634 1333 3679 1365 ⁸⁸

401 1427 635 1495 spitibus
675 1425 1010 1496 porrigebat,
1051 1426 1105 1479 in
1152 1424 1406 1498 laeryniis
1442 1425 1993 1498 Menelaiconﬁngit?

2106 1425 2325 1497 Ἑλένης
2385 1425 2704 1489 αἰνίττεται,
2734 1425 2851 1497 ὃνή
2890 1425 2982 1479 τοῦ
3003 1424 3127 1489 Διὸς
3182 1428 3315 1490 παῖς
3358 1428 3475 1489 τοῖς
3510 1426 3679 1491 ξένοις

398 1518 482 1573 vel
512 1518 726 1571 llelenm
758 1516 1015 1587 poculum
1048 1528 1155 1569 non
1184 1516 1351 1571 hei-ha
1382 1517 1562 1587 aliqua
1599 1516 1721 1582 fuit,
1757 1533 1867 1572 non
1902 1534 1991 1574 ars

2106 1518 2313 1591 ἵστησιν
2366 1520 2424 1572 ὲν
2470 1518 2752 1573 Μενελάου
2800 1517 3131 1590 δακρύουσιν
3154 1519 3234 1585 ⁵⁶;
3265 1520 3299 1590 ἣ
3332 1525 3427 1572 καὶ
3473 1520 3536 1573 τὸ
3581 1520 3679 1589 τῆς

400 1612 645 1679 quzedam
669 1608 920 1680 [Egyptia
944 1608 1171 1663 hilarem
1198 1619 1388 1679 potum
1414 1624 1727 1679 prmparare
1749 1611 1945 1664 educta
1974 1628 1987 1665 :

2106 1610 2323 1681 Ἑλένης
2344 1611 2638 1681 φάρμακον
2692 1611 2752 1663 οὐ
2772 1610 2877 1663 πόα
2906 1628 2991 1673 τις
3022 1607 3112 1682 ἦν,
3141 1611 3263 1665 οὐδέ
3292 1628 3374 1675 τις
3407 1612 3677 1680 Αἰγυπτία

400 1704 494 1757 sed
523 1701 698 1757 dulcis
739 1703 955 1769 quidam
998 1714 1183 1756 sermo
1214 1710 1269 1755 et
1302 1703 1542 1773 sapiens,
1574 1714 1772 1772 potens
1816 1702 1993 1757 instar

2106 1704 2260 1774 τέχνη
2293 1703 2559 1773 νηπενθὲς
2614 1703 2769 1773 πόμα
2818 1702 3181 1770 σκευάζουσα,
3214 1703 3354 1757 ἀλλά
3411 1722 3495 1767 τις
3521 1704 3678 1772 λόγος

401 1795 784 1850 medicamenti
823 1794 1167 1849 iracundiam
1200 1795 1256 1850 in
1299 1795 1479 1850 medio
1501 1804 1725 1865 pectore
1750 1803 1991 1850 aestuan-

2106 1796 2228 1867 ήδὺς
2255 1796 2352 1849 καὶ
2383 1796 2681 1863 πάνσοφος,
2711 1795 3007 1867 φαρμάκου
3028 1795 3188 1866 δίκην
3221 1795 3410 1850 σὸέσαι
3451 1797 3680 1865 δυνάμε-

402 1896 510 1943 tem
535 1887 903 1958 exstinguere.
936 1887 992 1943 In
1016 1887 1313 1959 Egyptum
1334 1887 1517 1957 poesis
1537 1886 1771 1941 fabulam
1796 1887 1991 1952 trahit,

2106 1904 2189 1951 νος
2224 1886 2398 1958 θυμὸν
2429 1890 2497 1940 ὲκ
2530 1887 2703 1957 μέσης
2755 1886 3204 1957 καρδίας,ζέο·ιτα
3236 1904 3251 1953 ;
3280 1888 3483 1955 ἀπάγει
3514 1888 3574 1940 δὲ
3601 1889 3678 1951 εἰς

401 1988 465 2035 ιιι
492 1995 612 2035 eam
650 1988 880 2036 matrem
912 1981 1248 2052 argutiarum
1294 1979 1557 2037 insinuet.
1597 1981 1868 2035 Parumne
1901 1997 1993 2036 rex

2106 1978 2376 2048 Αἴγυπτον
2404 1978 2497 2029 τὸν
2528 1976 2696 2047 μῦθον
2727 1979 2761 2047 ή
2792 1978 3036 2045 ποίησις,
3065 1976 3155 2029 ἴνα
3194 1978 3291 2049 τὴν
3335 1978 3548 2049 μητέρα
3573 1978 3679 2031 τῶν

397 893 483 949 Ex
506 895 746 949 oratione
771 903 1177 963 extemporanea
1199 911 1253 949 tn
1277 895 1585 967 seditionem
1608 913 1773 967 prope
1800 897 1984 951 ludum

794 968 1162 1020 concitantem.
1187 996 1249 1007 η-ν
1274 966 1591 1023 Exordium.

401 2071 699 2138 aliquando
735 2071 950 2142 sapuit?
984 2087 1093 2126 non
1131 2071 1387 2142 permisit
1424 2072 1479 2126 id
1510 2071 1854 2139 Timotheus,
1899 2074 1995 2127 sed

401 2172 565 2219 cantu
603 2164 657 2218 in
701 2164 898 2218 caelum
942 2178 1115 2234 usque
1146 2164 1289 2235 regis
1322 2164 1564 2218 animum
1607 2163 1856 2218 abduxit.
1888 2164 1996 2219 Im-

405 2256 759 2311 moderatene
800 2256 1072 2311 aestuabat
1101 2256 1357 2310 animus?
1386 2273 1623 2326 prazseus
1660 2257 1747 2313 ille
1788 2258 1995 2313 elatum

404 2350 650 2403 animum
705 2348 981 2419 pulsando
1034 2348 1306 2403 citharam
1365 2347 1643 2403 domabat.
1697 2346 1997 2404 Moestusne

403 2441 562 2495 erat?
596 2440 779 2494 statim
814 2440 1082 2494 ridentem
1127 2439 1472 2495 ostendebat.
1504 2441 1589 2494 An
1624 2440 1996 2509 voluptatibus

404 2531 735 2587 tenebatur?
764 2540 889 2602 post
915 2544 1135 2587 cantum
1157 2532 1343 2585 statim
1369 2530 1737 2586 castissimum
1774 2531 1997 2586 videbas

403 2624 797 2685 Alexandrum,
832 2630 907 2689 et,
938 2630 997 2676 ut
1026 2622 1211 2677 omnia
1240 2622 1438 2687 dicam,
1465 2623 1625 2677 talem
1651 2622 1842 2678 videre
1870 2638 1994 2678 eum

404 2716 623 2783 licebat,
671 2717 887 2786 qualem
933 2715 1033 2771 tibi
1086 2731 1213 2771 eum
1266 2714 1589 2771 Timotheus
1643 2716 1994 2772 reddidisset.

404 2807 615 2877 Mitigat
642 2824 778 2864 aura
812 2809 1011 2866 ﬂuctus
1041 2810 1156 2880 ipse
1182 2808 1488 2881 Zephyrus.
1518 2808 1717 2864 Orator
1760 2810 1994 2876 Atticus,

406 2911 462 2954 et
512 2901 689 2954 oratio
748 2902 934 2956 Grmra
995 2918 1101 2956 non
1151 2903 1303 2956 tollet
1349 2901 1544 2973 372b
1594 2903 1917 2957 seditionem
1951 2904 1996 2958 si

405 2992 579 3047 solum
620 2993 933 3062 pet-orarit?
963 2994 1099 3049 Cum
1130 2993 1433 3065 XenOphou
1472 2994 1728 3049 militaret
1763 2995 1909 3067 (nam
1944 3006 1999 3051 et

406 3091 531 3152 post
560 3083 803 3139 Socratis
835 3085 1180 3156 disciplinam
1206 3088 1369 3141 etiam
1404 3087 1615 3142 hastam
1650 3087 1819 3157 tulit);
1846 3089 2001 3158 inge-

408 3174 560 3228 nium
586 3176 785 3246 quippe
832 3179 1184 3234 commodum
1235 3187 1289 3233 et
1346 3193 1669 3248 congruum.
1722 3180 1996 3237 Delicatus

404 3266 515 3324 fuit
543 3269 854 3326 Alcibiades
875 3286 998 3325 eum
1031 3270 1261 3327 Athenis
1290 3271 1588 3337 habitaret,
1618 3273 1840 3330 sobrius
1869 3290 1995 3330 cuni

406 3358 817 3417 Lacazdemoite.
878 3361 1079 3420 Persas
1139 3372 1367 3436 propter
1423 3366 1645 3422 delicias
1704 3368 1855 3423 solus
1913 3384 2000 3423 re-

406 3454 717 3524 prehendit.
746 3454 803 3510 Si
836 3471 967 3511 vero
997 3457 1290 3527 aliquando
1311 3474 1537 3515 necesse
1560 3469 1709 3515 esset
1733 3475 1855 3515 eum
1878 3476 2004 3530 ope-

406 3561 526 3601 ram
553 3547 686 3601 dare
727 3547 1072 3618 eloquentia),
1101 3555 1157 3603 et
1188 3549 1244 3604 in
1293 3550 1689 3620 ριιίιοεομιιίιτὶε
1730 3553 1999 3621 exerceri,

408 3649 585 3694 totum
616 3637 855 3710 Lyceum
891 3647 947 3695 et
988 3640 1342 3696 Academiam
1396 3645 1755 3701 commeabat.
1784 3646 2003 3701 Texen-

410 3740 497 3785 tes
530 3729 674 3786 hanc
705 3731 771 3785 de
801 3730 910 3787 illis
941 3730 1253 3787 historiam.

410 3913 499 3970 Ex
533 3918 771 3972 oratione
804 3918 860 3971 in
895 3918 1175 3973 adventum
1214 3918 1547 3991 Cypriorum.
1580 3950 1651 3961 -—-
1679 3921 1997 3978 Exordium.

484 4068 665 4126 Poetae
686 4071 882 4127 Veneri
917 4072 1029 4126 deae
1053 4072 1318 4143 Cyprum,
1354 4083 1413 4127 ut
1444 4074 1608 4129 Delon
1637 4075 1871 4144 Apollini
1915 4092 2003 4133 as-

2099 2071 2278 2138 σοφῶν
2306 2070 2479 2137 λόγων
2504 2069 2798 2141 αἱνίξηται.
2842 2069 3093 2139 Ἔφρόνει
3137 2070 3269 2123 ποτὲ
3311 2070 3563 2141 βασιλεὺς
3595 2088 3680 2136 μι-

2098 2164 2359 2234 κρότερον
2394 2179 2409 2228 ;
2436 2164 2536 2216 οὐκ
2565 2164 2651 2216 εἷα
2671 2163 2829 2216 τοῦτο
2862 2163 3154 2233 Τιμόθεος,
3190 2162 3325 2216 ἀλλὰ
3358 2162 3453 2215 καὶ
3477 2165 3559 2225 εἰς
3588 2163 3678 2214 ού-

2104 2256 2265 2327 ρανὸν
2296 2255 2456 2309 αὑτὸν
2488 2256 2658 2327 άνῆγε
2680 2257 2723 2287 ⁸⁷
2752 2255 2850 2327 τὴν
2885 2254 3112 2325 γνώμην
3138 2255 3232 2308 τοῦ
3266 2255 3537 2325 βασιλέως
3566 2258 3675 2318 toi;

2102 2350 2314 2419 μέλεσι.
2345 2348 2530 2417 Θυμὺς
2572 2348 2757 2412 ἐπέξει
2808 2348 2904 2401 τοῦ
2961 2348 3181 2418 μετρίου
3237 2347 3436 2414 πλέον;
3482 2348 3679 2418 ἀφῄρει

2100 2440 2295 2510 παρὼν
2319 2440 2367 2472 ⁵⁸
2416 2441 2626 2503 ἐκεῖνος
2672 2440 2734 2493 τὸ
2794 2439 3092 2504 πλεονάζον
3144 2441 3258 2503 τοϊς
3320 2438 3675 2511 κρούσμασιν.

2104 2532 2349 2603 Ἀθυμος
2377 2526 2446 2605 ἦν
2484 2548 2499 2599 ;
2554 2530 2845 2602 μειδιῶντα
2878 2532 3039 2594 εὐθὺς
3075 2531 3121 2563 ⁸⁸
3162 2532 3397 2586 ἐδείκνυ.
3436 2532 3677 2595 Ἠδοναίς

2100 2625 2373 2691 ὲνεδίδου;
2403 2619 2543 2687 εἴδες
2571 2623 2637 2677 ἂν
2666 2623 2831 2687 εὐθὺς
2884 2624 3086 2693 σεμνὸν
3122 2623 3261 2693 μετὰ
3290 2624 3389 2693 τήν
3415 2625 3675 2693 μουσικήν

2112 2716 2485 2789 Ἀλέξανδρον.
2512 2717 2624 2770 Καὶ
2653 2716 2713 2769 τὸ
2736 2717 2965 2787 σύμπαν
3005 2717 3201 2782 εἰπεῖν,
3254 2715 3495 2769 τοιοῦτον
3553 2716 3677 2785 ἐξῆν

2099 2810 2234 2882 ὁρᾷν
2268 2812 2494 2876 ἐκεῖνον,
2523 2812 2704 2865 ὁποῖον
2722 2809 2885 2863 αὑτὸν
2916 2809 3090 2863 ἐποίει
3113 2808 3201 2863 διὰ
3228 2808 3338 2863 τῶν
3354 2810 3679 2880 αὐλημάτων

2101 2905 2391 2974 Τιμόθεος.
2435 2903 2674 2975 Πραῦνει
2699 2904 2945 2974 Ζέφυρος
2971 2905 3092 2967 ταῖς
3123 2901 3320 2975 αὔραις
3344 2903 3414 2956 τὰ
3436 2903 3673 2973 κύματα.⁵

2115 2999 2359 3062 Ἀττικὸς
2379 2997 2436 3051 δὲ
2454 2998 2639 3068 ῥήτωρ
2666 2998 2759 3051 καὶ
2782 2997 2938 3066 λόγος
2967 2996 3168 3067 Ἕλλην
3199 2998 3258 3050 ού
3290 2996 3444 3050 λύσει
3472 2997 3677 3057 στάσιν,

2100 3092 2148 3144 εί
2181 3091 2344 3161 μόνον
2369 3090 2692 3159 φθέγξαιτο;
2725 3092 2793 3145 Ὅ
2822 3108 2881 3144 τε
2907 3089 3157 3160 Ξενοφῶν
3178 3091 3555 3163 ἐστρατεύετο·
3592 3090 3682 3143 καὶ

2023 3210 2066 3271 c
2099 3185 2210 3252 γὰρ
2222 3181 2314 3236 καὶ
2335 3182 2462 3253 δόρυ
2484 3181 2623 3251 μετὰ
2637 3181 2935 3252 Σωκράτην
2950 3181 3200 3271 Ϊιιτῖενοιρίῖιν
3221 3182 3471 3253 ήνεγκεν.
3488 3182 3565 3234 Τὸ
3579 3180 3682 3250 γὰρ

2106 3274 2308 3344 εὐφυὲς
2336 3273 2696 3345 εὐάρμοστον.
2724 3274 2918 3345 Ἀϐρδς
2945 3269 3013 3343 ἦν
3044 3274 3413 3344 Ἀλκιϐιάδης,
3450 3274 3683 3343 ὁπηνίκα

2107 3368 2238 3437 παρ’
2269 3366 2575 3437 ’Λθηναίοις
2603 3360 2718 3435 εἶχε
2769 3366 2870 3435 τὴν
2896 3365 3128 3419 δίαιτανο
3163 3366 3362 3435 σεμνὸς
3392 3361 3462 3434 ἦν
3495 3367 3555 3418 ἐν
3579 3366 3681 3419 Λα-

2105 3457 2410 3528 κεδαίμονι·
2447 3457 2517 3509 τὰ
2547 3455 2775 3525 Περσῶν
2808 3456 2868 3518 ἐς
2912 3456 3123 3526 τρυφὴν
3166 3456 3327 3524 μόνος
3369 3454 3678 3525 ἐξήλεγχεν.

2110 3550 2173 3602 Ei
2204 3548 2260 3601 δέ
2288 3565 2420 3602 ποτε
2447 3548 2551 3601 ἔδει
2583 3548 2681 3601 καὶ
2708 3547 2903 3615 λόγους
2935 3547 3223 3617 φροντίσαι
3251 3548 3347 3600 καὶ
3375 3548 3447 3600 τὰ
3473 3548 3681 3617 φιλοσο-

2105 3640 2239 3709 φίαις
2256 3640 2666 3711 γυμνάσασθαι,
2699 3640 2931 3694 Λύκειον
2958 3640 3175 3694 ἅπαντα
3208 3641 3307 3692 καὶ
3348 3640 3684 3712 ’Δκαδημέαν

2104 3730 2416 3794 ταϊςάύτοῦ
2468 3730 2778 3793 συνουσίαις
2816 3728 3122 3799 εἰργάζετο.
3157 3728 3222 3781 Οἱ
3253 3728 3557 3800 κάμνοντες
3594 3728 3684 3797 τὴν

2108 3822 2350 3892 ἱστορίαν
2370 3821 2469 3892 τήν
2492 3822 2636 3893 ἀμφὶ
2649 3821 2895 3886 τούτους.

2107 3915 2271 3991 [1152
2295 3913 2388 3987 11.]
2429 3916 2533 3970 Ἐκ
2560 3914 2669 3969 τοῦ
2683 3916 2779 3991 είς.
2791 3915 2906 3991 τὴν
2919 3914 3039 3991 τῷν
3054 3914 3335 3983 Κυπρίων
3348 3911 3680 3983 ἐπιδημίαν.

2620 4016 2692 4026 —-
2716 3986 2788 4040 Τὸ
2816 3988 3157 4055 Προοίμιον.

2177 4078 2291 4151 Τὴν
2317 4081 2548 4152 Κύπρον
2614 4080 2663 4131 oi
2689 4080 2911 4151 ποιηταὶ
2940 4078 3078 4131 θεῶν
3122 4078 3415 4150 Ἀφροδίτῃ
3446 4073 3683 4147 χαρίζονο

411 4163 651 4229 signant.
688 4162 899 4234 Cyprus
944 4166 1087 4218 enim
1136 4166 1267 4221 urbs
1318 4176 1511 4232 vasta;
1556 4170 1704 4222 cives
1748 4180 1998 4224 accurate

2107 4191 2220 4236 ται,
2265 4172 2457 4245 ὥσπερ
2508 4172 2606 4241 τὴν
2637 4172 2806 4241 Δῆλον
2848 4171 3166 4231 Ἀπόλλωνι.
3201 4173 3268 4225 Ἥ
3299 4171 3409 4241 γὰρ
3465 4170 3683 4239 Κύπρος

409 4251 599 4309 Graece
632 4257 949 4326 loquuntur.
996 4256 1143 4311 Mare
1182 4256 1446 4313 Venerem
1492 4275 1523 4315 e
1571 4260 1722 4316 Caelo
1776 4264 1998 4333 peperit.

2110 4266 2267 4329 πόλις
2300 4263 2533 4334 μεγάλη·
2561 4263 2723 4334 δῆμοι
2748 4263 2792 4295 ⁸⁸
2822 4264 2922 4333 τὴν
2938 4263 3185 4332 γλῶτταν
3216 4262 3459 4334 ἀκριϐῶς
3489 4261 3680 4331 Ἔλλη-

412 4346 609 4403 Partus
639 4364 769 4403 vero
791 4350 912 4415 hos,
944 4349 1131 4418 quales
1154 4350 1446 4421 aliquando
1480 4365 1625 4419 sunt,
1655 4369 1811 4410 sacra
1834 4356 1998 4410 verba

2106 4374 2217 4420 νες.
2261 4357 2472 4409 Ὤδινεν
2516 4355 2577 4419 ἐξ
2599 4352 2845 4426 Οὐρανοῦ
2870 4354 2969 4425 τὴν
3017 4354 3394 4425 Ἀφροδίτην-Ι]
3429 4351 3679 4405 Θάλαττα·

409 4451 637 4511 tangere
676 4440 889 4509 jubent.
945 4441 1094 4513 Opus
1125 4445 1271 4499 enim
1320 4440 1443 4499 erat
1479 4443 1749 4501 Venerem
1783 4450 1998 4503 demum

2107 4450 2207 4514 τὰς
2237 4451 2292 4504 δὲ
2323 4450 2521 4513 ὠδῖνας
2562 4449 2686 4522 [607
2729 4445 2824 4519 Η.]
2855 4447 3081 4511 ταύτας,
3137 4446 3340 4508 αἵτινές
3372 4446 3500 4498 ποτέ
3560 4448 3680 4507 εἰσι,

411 4534 646 4605 concipi.
694 4536 920 4590 Sistitur
974 4546 1085 4592 tttm
1131 4554 1302 4604 mare,
1332 4548 1386 4593 et
1429 4540 1613 4594 statim
1648 4541 1997 4599 serenitatem

2115 4542 2370 4612 μυστικοὶ
2391 4541 2538 4609 λόγοι
2586 4540 2851 4612 κρύπτειν
2902 4537 3203 4592 κελεύουσι.
3264 4538 3375 4591 Καὶ
3426 4536 3531 4589 ἔδει
3582 4535 3684 4606 γὰρ

411 4625 639 4690 inducit,
702 4628 954 4683 mollibus
1006 4626 1263 4685 ﬂuetibus
1311 4639 1531 4701 prapter
1586 4642 1799 4700 partum
1852 4634 2000 4689 illttm

408 4719 713 4771 exsultans.
746 4716 963 4789 Vulgari
986 4721 1181 4777 Veneri
1212 4723 1345 4777 nihil
1368 4739 1491 4779 cum
1516 4725 1723 4781 caelesti
1747 4726 1831 4782 illa
1851 4744 2003 4782 eom-

414 4821 579 4861 mune
611 4817 718 4862 est.
746 4807 1006 4867 Producit
1044 4813 1131 4867 illa
1168 4815 1433 4885 impuros,
1460 4827 1515 4871 et
1545 4828 1735 4873 natura
1775 4820 2006 4891 impudi-

412 4913 510 4951 cos
544 4913 759 4953 amores
792 4917 805 4954 :
838 4903 954 4956 haec
982 4919 1179 4959 aureos
1205 4906 1370 4963 habet
1402 4909 1560 4974 ﬁlios,
1589 4917 1643 4965 et
1672 4926 1836 4966 aurea
1877 4922 2007 4969 sunt

414 4990 609 5045 horum
655 4993 779 5050 tela.
817 4995 1025 5063 Scopus
1061 5009 1240 5052 autem
1275 5014 1463 5056 eorum
1506 5012 1634 5057 sunt
1660 5003 1909 5073 iuvenes,
1951 5016 2008 5061 et

2105 4634 2292 4688 λοιπὸν
2315 4631 2652 4701 ὲκκυηθῆναι
2683 4631 2778 4700 τὴν
2823 4629 3078 4699 δαίμονα.
3115 4628 3368 4681 Ἵσταται
3396 4626 3494 4697 μὲν
3528 4626 3684 4687 εὐθὺς

2104 4726 2199 4780 καὶ
2229 4726 2353 4795 ἄγει
2382 4725 2624 4795 γαλήνην
2656 4724 2688 4794 ή
2714 4722 2977 4787 θάλαττα,
3014 4719 3243 4783 ἁπαλοῖς
3291 4718 3501 4788 κύμασι
3564 4717 3685 4787 περὶ

2107 4820 2200 4874 τὸν
2261 4821 2423 4873 τόκον
2452 4820 2495 4851 ⁶¹
2555 4817 2934 4889 πορφύρουσα.
2992 4814 3266 4885 Πανδήμῳ
3321 4812 3363 4866 δ’
3400 4811 3687 4882 Ἀφροδίτῃ

2106 4915 2244 4987 πρὸς
2269 4913 2366 4986 τήν
2400 4912 2659 4984 οὐρανίαν
2680 4911 2832 4965 οὐδὲν
2869 4910 3071 4963 κοινόν.
3110 4908 3177 4961 Ἡ
3230 4907 3330 4977 μὲν
3379 4905 3490 4975 γὰρ
3528 4905 3685 4975 βεϐή-

2107 5008 2232 5070 λους
2260 5008 2355 5060 καὶ
2376 5007 2437 5059 οὐ
2464 5004 2755 5075 καθαροὺς
2768 5001 2866 5072 τήν
2908 5002 3071 5070 φύσιν
3100 5002 3264 5070 γεννᾷ
3294 5000 3420 5061 τοὺς
3457 4999 3684 5068 ἔρωτας·

414 5082 750 5141 immortales
772 5088 988 5142 animae.

2107 5103 2174 5170 τῇ
2191 5100 2247 5152 δὲ
2262 5101 2452 5169 χρυσοῖ
2482 5097 2580 5169 μὲν
2607 5095 2857 5159 οἱπαῖδες
2880 5095 2925 5125 ⁸⁸
2965 5094 3141 5165 χρυσᾶ
3162 5093 3297 5147 δὲτὰ
3318 5094 3360 5124 *³
3376 5092 3585 5145 τούτων
3602 5088 3686 5143 καὶ

2113 5194 2265 5266 βέλη,
2280 5193 2473 5246 σκοποὶ
2497 5191 2553 5245 δὲ
2577 5190 2760 5253 αὐτοῖς
2799 5189 2970 5259 ψυχαὶ
3003 5187 3264 5249 νεοτελεῖς
3280 5187 3374 5242 καὶ
3400 5188 3508 5256 ἁκή
3519 5202 3679 5256 pater

627 5265 716 5322 Ex
736 5271 975 5324 oratione
1000 5271 1057 5326 in
1089 5275 1363 5341 quemdam
1400 5276 1789 5347 Cappadocem.

2118 5265 2122 5266 ν
2230 5287 2325 5339 Ἐκ
2351 5284 2457 5337 τοῦ
2488 5286 2574 5349 sic
2608 5283 2715 5336 τὸν
2739 5283 2807 5337 ἐκ
2848 5280 3273 5345 Καππαδοκίας
3295 5278 3607 5345 ῥηθέντος.

485 5358 602 5414 Non
639 5363 789 5417 venit
826 5364 1026 5433 Scytha
1076 5364 1183 5419 telo
1206 5376 1392 5424 vectus
1433 5386 1527 5439 per
1551 5371 1747 5428 Istrum
1785 5376 1867 5439 vel
1886 5376 1998 5449 ,Τει-

2164 5378 2298 5433 Οὐδὲ
2310 5378 2450 5449 ὑπὲρ
2470 5378 2686 5443 Ἵστρον
2704 5376 2866 5430 αὑτὸν
2890 5376 2984 5429 καὶ
3009 5374 3232 5437 Τάναϊν,
3259 5370 3374 5425 ἀλλ’
3398 5370 3491 5422 ἐπὶ
3509 5371 3681 5421 πᾶσαν

415 5451 563 5520 naiu,
596 5454 688 5509 sed
720 5457 771 5510 in
805 5458 1115 5513 universam
1148 5468 1348 5515 terram
1385 5473 1440 5516 et
1471 5480 1640 5522 mare.
1675 5448 1998 5539 Eloquentia

2110 5472 2217 5541 γῆν
2240 5473 2336 5525 καὶ
2375 5448 2647 5523 θάλατταν
2673 5465 2838 5539 ἦλθεν
2868 5468 2896 5519 ὁ
2937 5464 3150 5535 Σκύθης
3175 5464 3313 5535 ὑπὲρ
3358 5460 3453 5515 τοῦ
3496 5461 3676 5532 eam

1704 5624 1936 5681 VARle
1966 5625 2379 5683 LECTIONES.

565 5730 745 5811 πόλιἩ
764 5732 986 5816 πομπὴν
1011 5734 1456 5816 ,Ἣεζτηξόρτίῑιιξ
1526 5740 1571 5772 ⁸⁸
1590 5739 1729 5816 ὲλξζν
1749 5741 2005 5816 θελήσας]
2034 5744 2298 5816 ἐθελήσας
2326 5742 2406 5816 C.
2429 5813 2439 5816 _
2467 5742 2561 5816 καί
2588 5741 2664 5814 τι]
2701 5744 2799 5816 καὶ
2826 5742 2878 5795 τί
2910 5759 2987 5816 g._
3033 5737 3372 5816 _"_':0to_§zou
3402 5733 3666 5816 Reiskitts:

416 5795 540 5897 Libri
567 5795 850 5856 τοσοῦτονξ
919 5795 963 5836 ⁸³
1002 5806 1208 5927 ὁποῖονι]
1265 5810 1385 5862 ὅποι
1416 5810 1482 5865 C.
1651 5812 1698 5843 ³⁵
1726 5813 1820 5865 τοῦ
2341 5795 2352 5797 ﬁ
2379 5795 2443 5848 7"
2470 5795 2823 5881 6&xpuotvC.
2919 5795 2987 5844 ’⁵⁷
3021 5812 3187 5880 ἀνῆγε
3223 5810 3264 5863 C
3304 5826 3317 5861 :
3348 5810 3582 5879 ἀνήγαγε
3608 5820 3664 5869 ς.

494 5872 667 5927 παρὸν
716 5872 779 5924 C.
857 5875 902 5906 ⁵⁸
919 5874 1049 5927 εὐθὺ
1084 5876 1168 5927 ὶδε
1199 5894 1358 5927 κνυεν
1384 5897 1447 5927 σ.
1528 5883 1573 5915 ⁸ο
1600 5883 1756 5927 Simo
1787 5899 1867 5927 nr-
1893 5885 1956 5927 12-
2035 5886 2076 5918 οι
2110 5890 2275 5927 τόπον
2306 5884 2365 5927 Λ,
2473 5884 2517 5917 ⁵³
2548 5885 2734 5927 mm:
2756 5884 2828 5927 (1:
2861 5882 3020 5927 πόδες
3052 5899 3111 5927 ρ,
3186 5881 3231 5914 ⁸³
3260 5882 3328 5927 τὰ
3350 5895 3457 5927 01η-
3480 5879 3543 5927 Α.

494 5872 667 5941 παρὸν
716 5872 779 5924 C.
857 5875 902 5906 δν
919 5874 1049 5928 εὐθὺ
1084 5872 1358 5933 ἐδείκνυεν
1384 5897 1448 5944 ς.
1528 5883 1573 5915 ⁸ο
1600 5883 1756 5953 δήμῳ
1786 5899 1868 5953 pr.
1893 5872 1981 5937 ιὶϊ
2035 5886 2076 5918 ⁶¹
2110 5872 2275 5938 τόπον
2302 5884 2366 5938 Λ.
2473 5884 2517 5917 ⁵³
2548 5872 2734 5947 παῖδες
2756 5884 2828 5939 C:
2861 5882 3020 5948 πόδες
3052 5872 3149 5948 ς.”
3186 5881 3231 5914 ⁸³
3260 5882 3328 5934 τὰ
3350 5872 3543 5936 οιιιζἈ.
