3924 6460
313 396 454 463 I359

1415 401 1943 463 BIBLIOTHECA.
1960 423 2032 436 -·
2058 400 2224 461 COD.
2253 402 2566 462 CCXLIII.

3468 404 3612 471 1370

307 517 629 587 ὀχούμενος.
664 514 837 583 Λόγος
870 514 928 568 δὲ
951 512 1060 583 ἄρα
1086 513 1148 567 τὸ
1196 511 1348 582 βέλος
1390 515 1753 579 Ἀπόλλωνος.
1786 518 1895 571 Καὶ

2022 513 2106 568 ,ela
2138 524 2265 568 snnt
2301 515 2589 584 Apollinis,
2635 527 2690 571 et
2735 516 2932 573 ﬂumen
2975 519 3214 574 fnlmlam
3289 522 3498 577 habens
3530 525 3611 578 di-

308 608 561 678 ποταμὸς
593 608 713 662 ἐκεῖ
777 607 947 678 μῦθον
991 608 1130 679 ἒχων
1186 608 1358 679 ἀκοῆς
1418 591 1689 679 Ἑλλήνων
1720 610 1898 675 ἀξιον.

302 699 518 758 ’Ἦλθεν
546 702 635 756 ἐπ’
680 702 877 765 Ἰνδοὺς
906 704 936 754 6
965 702 1010 734 ⁸⁸
1030 702 1305 763 Διόνυσος.
1333 702 1491 770 γένος
1509 702 1610 774 τὴν
1646 703 1904 759 Διονύσου

304 798 475 867 χάριν
501 795 857 869 ἀρνούμενον.
884 791 994 849 Ἦν
1020 796 1076 849 δὲ
1102 797 1130 849 6
1163 795 1260 865 μὲν
1288 796 1520 865 στρατὸς
1566 796 1776 867 Βάκχαι
1799 798 1906 851 καὶ

304 892 575 961 Σάτυρος,
616 891 685 944 τά
723 890 780 942 δὲ
808 889 950 942 ὅπλα
971 888 1212 958 νεϐρῖδες
1227 889 1279 919 ⁸⁵
1300 888 1396 942 καὶ
1410 887 1620 957 θύρσοι.
1640 892 1702 941 Ol
1719 889 1776 941 δὲ
1796 890 1906 960 ἄρα

304 984 448 1052 ὁμοῦ
500 999 557 1035 τε
582 978 724 1035 εἶδον
755 980 846 1034 τὸν
872 980 993 1033 θεὸν
1010 981 1107 1033 καὶ
1130 980 1360 1051 ᾕρηντο,
1395 980 1491 1033 καὶ
1533 981 1602 1034 τά
1650 981 1791 1035 ὅπλα
1822 983 1906 1051 ῥί-

307 1078 516 1147 ψαντες
543 1076 701 1146 χορὸς
735 1076 785 1127 οἱ
814 1074 952 1138 τέως
981 1075 1281 1145 μαχόμενοι
1326 1073 1406 1144 τῷ
1452 1074 1691 1145 Διονύσῳ
1767 1074 1904 1127 καθ-

311 1171 556 1222 ίσταντο.
612 1167 766 1220 Ἐπεὶ
797 1166 855 1219 δὲ
913 1168 971 1218 ὲν
1041 1167 1191 1237 ὅροις
1227 1166 1272 1196 ⁸⁸
1325 1164 1712 1218 Καππαδοκῶν
1762 1159 1906 1234 ἦσαν

306 1261 600 1330 ἀγόμενοι.
626 1259 887 1327 σκηνοῦσι
919 1258 1019 1327 μὲν
1049 1259 1141 1310 ἐπὶ
1175 1256 1255 1327 τῷ
1286 1256 1456 1327 χείλει
1485 1258 1584 1310 τοῦ
1628 1256 1903 1327 ποταμοῦ,

304 1346 357 1421 ᾧ
391 1354 488 1407 καὶ
548 1350 741 1405 δώσειν
791 1350 889 1421 τὴν
945 1350 1268 1418 ἐπωνυμίαν
1303 1349 1560 1420 ἦμελλον,
1592 1349 1792 1418 δεῆσαν
1848 1348 1906 1402 δὲ

303 1448 428 1507 τοῖς
454 1445 661 1513 νάμασι
690 1442 991 1495 λούσασθαι
1021 1440 1315 1511 ἀμείϐεται
1351 1441 1450 1511 μὲν
1477 1443 1505 1494 ὁ
1528 1444 1771 1511 ποταμὸς
1806 1441 1904 1493 καὶ

305 1538 376 1591 τὸ
406 1537 683 1607 ἀργυροῦν
733 1535 879 1604 ὕδωρ
930 1535 1115 1597 Ἰνδοῖς
1164 1533 1437 1605 ὁμιλῆσαν
1491 1533 1826 1604 μελαίνεται,
1856 1534 1906 1586 οί

307 1630 371 1683 δὲ
402 1630 541 1698 ὅπερ
572 1624 714 1699 ἦσαν
742 1627 920 1693 αὐτοὶ,
953 1626 1223 1679 τοῦτοκαὶ
1253 1622 1394 1679 εἶναι
1432 1627 1524 1680 καὶ
1556 1624 1905 1679 καλεῖσθαι⁶⁷

307 1721 408 1775 τὸν
470 1719 715 1789 ποταμὸν
794 1719 1240 1789 ἀπεργάζονται.
1300 1718 1580 1771 Ἐντεῦθεν
1642 1718 1767 1785 ἄγει
1812 1719 1905 1771 τὸν

309 1812 649 1882 νεανίσκονή
679 1811 862 1880 φήμη.
908 1810 967 1862 'U
1001 1809 1058 1862 δὲ
1091 1809 1368 1879 ἡμέτερος
1406 1807 1641 1871 πλοῦτος
1664 1810 1725 1861 ού
1768 1825 1900 1879 χρυ-

311 1909 407 1968 σός
432 1923 515 1967 τις
534 1904 782 1971 Γυγάδας
801 1903 835 1973 ἢ
866 1902 1081 1965 Λύδιος,
1109 1901 1246 1955 ἀλλά
1273 1918 1416 1963 τινες
1448 1901 1639 1963 παῖδες
1662 1900 1903 1971 ἡϐῶντες

2009 623 2195 677 gnam,
2230 624 2355 678 qua:
2383 624 2413 663 a
2440 608 2650 667 Graecis
2676 615 2948 668 audiatur.
2991 614 3151 669 Venit
3190 615 3255 669 ad
3279 615 3437 670 ludos
3474 615 3609 671 Bac-

2008 701 2164 767 chus,
2216 701 2281 755 ad
2333 714 2572 772 gentem,
2623 719 2746 774 qua:
2794 705 2995 761 Bacchi
3044 707 3366 761 beneficium
3428 717 3608 776 negat,

2006 790 2233 847 Bacchae
2262 805 2314 849 et
2344 794 2575 866 Satyrus
2603 799 2881 852 exercitus
2907 798 3029 863 fuit,
3056 800 3229 871 thyrsi
3262 809 3320 854 et
3351 800 3607 853 nebrides

2008 898 2179 939 arma.
2213 883 2291 938 Illi
2322 901 2453 941 vero
2487 890 2651 943 simul
2678 905 2743 944 ac
2771 891 3026 944 viderunt
3060 892 3251 957 Deum,
3284 906 3407 945 eum
3443 906 3607 945 exce-

2010 985 2229 1044 perunt,
2283 981 2565 1048 armisque
2614 982 2863 1051 deiectis,
2907 999 3030 1037 cum
3097 984 3311 1039 Baccho
3366 997 3609 1054 pugnare

2010 1079 2313 1136 coeperunt.
2363 1070 2496 1123 Cum
2546 1084 2727 1127 autem
2781 1076 2831 1127 in
2880 1075 3233 1144 Cappadocia:
3281 1074 3416 1128 lines
3467 1070 3607 1143 pulsi

2010 1170 2157 1222 Sunt,
2198 1161 2251 1214 in
2300 1162 2412 1229 ripa
2462 1159 2730 1218 ﬂiiiniuis‘
2751 1166 2984 1218 tentoria
3033 1167 3262 1233 lingunt,
3293 1165 3378 1217 cui
3410 1178 3606 1217 nomen

2010 1252 2231 1307 iudituri
2280 1264 2458 1310 erant.
2507 1255 2808 1324 Oportebat
2854 1270 2987 1311 vero
3031 1271 3129 1311 eos
3178 1256 3333 1324 aquis
3382 1256 3605 1308 lavari:

2010 1357 2251 1403 mutatur
2272 1347 2486 1414 ﬂuvius,
2513 1361 2881 1420 argenteaque
2904 1368 3043 1420 aqua
3066 1367 3188 1405 eum
3215 1350 3365 1405 Indis
3386 1359 3607 1404 versata

2009 1441 2160 1510 nigra
2195 1440 2272 1495 tit.
2309 1442 2381 1497 Illi
2418 1459 2548 1498 vero
2581 1446 2633 1498 id
2672 1444 2816 1515 quod
2860 1445 2959 1512 ipsi
3002 1455 3179 1509 erant,
3216 1444 3321 1499 hnc
3360 1454 3419 1498 et
3457 1456 3605 1505 esse,

2008 1542 2063 1586 et
2082 1532 2220 1602 loqui
2236 1533 2457 1588 ﬂuvium
2474 1535 2781 1590 voluerunt.
2805 1536 2941 1590 Hinc
2961 1535 3101 1591 fama
3117 1534 3368 1605 juvenem
3392 1534 3560 1587 trahit
3590 1552 3603 1589 :

2007 1624 2206 1694 373a
2266 1637 2462 1681 vestrae
2508 1642 2635 1681 vero
2674 1628 2873 1681 divitia:
2907 1642 3011 1683 non
3058 1643 3252 1682 aurum
3288 1627 3475 1697 Gygis,
3520 1625 3603 1678 vel

2008 1715 2184 1787 Lydii,
2210 1720 2303 1773 sed
2342 1720 2435 1773 lilii
2472 1721 2692 1790 quidam
2732 1720 2917 1789 vigore
2956 1721 3132 1774 aetatis
3163 1720 3523 1789 pubescentes
3555 1727 3610 1770 et

2011 1809 2378 1874 ﬂorescentes,
2405 1815 2521 1867 visu
2545 1813 2763 1882 quidem
2789 1814 2979 1866 tumidi
2999 1821 3053 1867 et
3076 1811 3317 1879 superbi,
3341 1820 3605 1878 tanquam

2010 1902 2052 1955 si
2087 1916 2117 1955 e
2153 1904 2328 1955 medio
2357 1901 2506 1958 Jovis
2540 1912 2763 1972 pectore
2795 1904 2905 1957 nati
2935 1913 3137 1958 essent.

316 2003 419 2072 μὲν
440 2001 539 2072 τὴν
569 1997 615 2031 ⁸⁸
638 1997 789 2067 ὥραν
818 1996 915 2049 καὶ
937 1996 1036 2067 τὴν
1072 1995 1291 2067 ἠλικίαν
1362 1992 1729 2065 ἀκμάζοντες,
1807 1993 2034 2060 σοϐαροὶ
2083 1996 2182 2064 μὲν
2235 1996 2363 2049 ἰδεῖν
2410 1997 2506 2049 καὶ
2564 1996 2888 2066 ὑψαύχενες,
2940 1997 3036 2050 ἆτε
3109 1998 3176 2050 ὲκ
3258 1994 3440 2067 μέσων
3490 1990 3612 2058 Διὸς

312 2092 555 2161 στέρνων
572 2088 883 2157 γεινάμενοι
920 2086 987 2139 ⁸³.

323 2187 423 2238 Ἐκ
452 2183 559 2238 τοῦ
584 2181 682 2234 ὅτε
713 2180 1131 2249 τὴν-,ἐπίδειξιν
1146 2179 1502 2245 ἀξιούμενος
1514 2177 1841 2235 ἀνεϐάλετο
1863 2178 1909 2209 ⁷⁰

646 2249 775 2305 εἶτα
797 2248 984 2305 εἶπεν.
1019 2282 1089 2292 -—-
1122 2252 1193 2304 T6
1227 2250 1567 2318 Προοίμιον.

384 2340 594 2409 Πέρσαι
644 2338 713 2392 τά
761 2337 890 2401 τόξα
950 2336 1333 2400 σπουδάζουσι,
1384 2335 1480 2388 καὶ
1546 2335 1656 2397 πᾶς
1705 2334 1732 2385 6
1794 2332 1911 2403 βίος

308 2432 546 2493 ἐκείνοις
578 2429 826 2500 φαρέτρα
859 2428 952 2481 καὶ
1016 2427 1168 2498 βέλη.
1210 2426 1450 2481 Ἐπαινῶ
1492 2426 1582 2479 τὸν
1613 2424 1799 2495 νόμον,
1832 2424 1910 2493 δι-

308 2526 449 2576 καέα
480 2522 767 2591 φιλοπόνου
807 2519 1034 2589 γνώμης
1070 2519 1327 2589 βάσανος
1388 2518 1590 2572 σπάνια
1628 2517 1736 2586 γὰρ
1769 2513 1906 2569 εἶναι

308 2615 551 2684 καθήκει
576 2612 640 2665 τὰ
682 2612 859 2681 τίμια.
884 2607 1011 2663 Οἶδε
1044 2611 1233 2663 τοῦτον
1277 2610 1383 2680 πρὸ
1426 2608 1710 2680 Περσῶνή
1746 2608 1907 2677 φύσις

307 2709 408 2761 τον
439 2707 603 2775 νόμον
633 2704 896 2766 ⁷¹.Οὑδεὶς
923 2704 990 2756 ἂν
1026 2701 1279 2756 Ὠκεανὸν
1315 2701 1443 2754 ἰδεῖν
1474 2699 1730 2770 ἠξίωσεν,
1760 2702 1807 2753 εί
1834 2700 1910 2769 μὴ

308 2799 419 2867 τὴν
453 2800 510 2851 ἐν
539 2798 689 2867 μέσῳ
710 2793 902 2864 φυγὼν
931 2782 1227 2863 πὶριεχύθη
1258 2791 1357 2861 τῆς
1382 2791 1484 2860 γῆς
1508 2792 1621 2852 τοῖς
1648 2789 1908 2859 τέρμασι.

310 2893 415 2955 Τίς
449 2890 493 2943 δ’
518 2890 586 2943 ἂν
618 2890 704 2959 εἴη
734 2886 1061 2958 πυραμίδων
1100 2885 1277 2953 λόγος,
1340 2884 1386 2935 εί
1426 2882 1501 2953 μὴ
1531 2882 1722 2954 πόρρω
1756 2880 1915 2934 τοῦτο

309 2986 381 3039 τὸ
411 2985 623 3051 θέαμα;
652 2980 685 3050 ἢ
726 2979 819 3034 τοῦ
844 2980 965 3032 κατ’
1002 2977 1270 3040 Αἰθίοπας
1304 2975 1455 3028 λίθου
1480 2972 1578 3029 τοῦ
1606 2976 1913 3046 Μέμνονος,

311 3080 370 3132 εἱ
400 3078 475 3148 μὴ
504 3078 752 3131 κάκεῖνον
769 3075 881 3128 ἄνω
910 3073 1011 3141 τῆς
1028 3070 1230 3138 πολλῆς
1260 3069 1388 3131 θέας
1421 3071 1454 3138 ἡ
1479 3069 1661 3138 μήτηρ
1682 3066 1913 3136 Eat-riae;

310 3169 499 3226 ταῦτά
561 3185 642 3221 τοι
700 3168 795 3220 καὶ
828 3163 1109 3235 ἀλήθειαν,
1158 3160 1273 3215 ἀλλ’
1334 3160 1395 3213 οὐ
1452 3159 1622 3229 μῦθον
1657 3154 1916 3212 εῖναιτδν

314 3262 456 3332 περὶ
493 3258 659 3314 αὐτοῦ
711 3258 869 3326 λόγον
913 3253 1267 3324 πιστεύομεν,
1323 3253 1405 3307 δτι
1451 3251 1600 3315 λίθος
1647 3252 1917 3321 ὁμιλήσας

638 3310 923 3421 ἀνθρῶπος
958 3350 1085 3417 ἠχεῖ
1132 3310 1227 3400 καὶ
1254 3310 1596 3415 ’φθέγγεταιῖ
1623 3310 1919 3405 Μύλας-καλ.
1948 3310 1990 3369 C

316 3447 479 3519 ῥόδον
508 3446 542 3514 ἡ
575 3443 735 3513 φύσις
777 3440 1084 3513 ἀνθρώποις
1142 3435 1448 3508 χαρίζεται.
1503 3435 1627 3508 [608
1684 3432 1778 3506 HL]
1811 3435 1920 3487 Καὶ

313 3539 450 3592 οὐδὲ
476 3536 635 3591 τοῦτο
664 3533 799 3605 ὁμοῦ
823 3551 883 3587 τε
913 3532 1039 3603 φύει
1077 3532 1174 3584 καὶ
1213 3532 1293 3593 εἰς
1323 3530 1465 3600 ἀέρα
1487 3532 1531 3562 τ’
1569 3528 1917 3589 πετάννυται,

315 3632 446 3686 ἀλλ’
468 3632 803 3703 οἰκουρῆσαν
842 3628 902 3680 τὸ
928 3626 1062 3680 πολὺ
1111 3624 1212 3693 τῆς
1251 3624 1436 3692 ἀκμῆς
1479 3624 1612 3675 εἴσω
1638 3620 1733 3674 τοῦ
1764 3620 1923 3675 κάλυ-

316 3741 424 3787 κος
452 3723 548 3793 ὀψὲ
587 3721 894 3792 προκύπτει
930 3718 1026 3771 καὶ
1052 3714 1316 3786 σχίζεται.
1336 3712 1464 3767 ’Λλλ
1496 3713 1604 3765 οὐδ’
1627 3711 1922 3781 ὀπωρίζειν

313 3816 557 3881 ἔξεστιν,
593 3813 721 3866 ὃταν
783 3810 1043 3864 ἐθέλωσιν
1089 3807 1369 3877 ἄνθρωποι
1397 3822 1410 3837 ο
1440 3804 1579 3857 ἀλλά
1608 3805 1709 3857 κᾶν
1754 3802 1923 3856 συκά-

316 3910 448 3971 ζειν
476 3906 665 3977 ἐθέλῃς
696 3906 764 3969 ⁷³,
790 3902 1084 3972 ἀναμένεις
1122 3899 1220 3969 τὴν
1260 3897 1410 3968 ὥραν
1440 3898 1538 3966 τὴν
1568 3896 1670 3965 τῆς
1695 3895 1922 3967 ὀπώρας

319 3999 617 4069 ἐπώνυμον
643 3996 713 4050 ⁷⁸.
774 3996 847 4049 Τὸ
870 3995 926 4047 δὲ
969 3996 1026 4046 ὲν
1057 3990 1287 4063 Δωδώνῃ
1316 3990 1568 4060 χαλκεῖον
1604 3989 1685 4041 ὅτι
1720 3989 1842 4059 ἠχει
1875 3986 1922 4017 ⁷⁸

320 4093 439 4156 ἀεὶ,
461 4091 699 4160 μισήσας
717 4091 745 4142 6
767 4087 957 4159 χρόνος
986 4085 1230 4139 διέλυσεν
1261 4086 1341 4146 εἰς
1380 4081 1548 4153 μῦθον
1575 4082 1635 4135 τὸ
1651 4082 1920 4152 τέχνημα.

326 4182 499 4256 ίΗὸὖ
526 4181 615 4253 IL]
643 4181 799 4250 Δεινὴ
828 4178 990 4249 γάρὴ
1020 4176 1279 4247 συνήθεια
1310 4176 1471 4246 κόρον
1495 4177 1673 4229 τεκεῖν
1697 4174 1791 4226 καὶ
1824 4174 1924 4244 τὴν

323 4274 580 4343 ἐξουσίαν
608 4273 764 4344 ὕϐρει
787 4269 1149 4342 λυμήνασθαι.
1186 4267 1475 4330 Οἰκοῦντες
1518 4269 1623 4336 γῆν
1654 4264 1925 4337 ζητοῦμεν

2019 2177 2106 2233 Ea:
2137 2179 2394 2243 oratione,
2419 2194 2538 2231 cum
2564 2186 2781 2247 rogatus
2816 2178 3078 2243 specimen
3115 2174 3323 2229 distulit
3349 2191 3410 2227 ac
3435 2185 3614 2242 postea

2498 2250 2655 2302 dixit.
2695 2279 2766 2288 —
2808 2248 3125 2301 Exordt'um.

2091 2339 2268 2396 Persa:
2305 2340 2587 2411 jaculandi
2633 2339 2881 2395 studium
2924 2338 3131 2404 fovent,
3177 2337 3468 2406 omnisque
3501 2334 3616 2390 vita

2019 2433 2124 2488 illis
2150 2432 2204 2486 in
2236 2435 2495 2503 pharetra
2539 2442 2594 2487 et
2635 2432 2854 2502 jaculis.
2892 2430 3091 2502 Legem
3127 2431 3322 2500 probo,
3356 2444 3612 2497 magnum

2018 2527 2280 2581 indicium
2313 2528 2567 2582 laboriosi
2597 2527 2858 2598 pectoris.
2893 2525 3034 2580 Rara
3061 2526 3210 2579 enim
3245 2524 3467 2596 praemia
3493 2539 3616 2578 esse

2017 2618 2203 2673 decet.
2237 2617 2380 2672 Ante
2406 2620 2600 2672 l’ersas
2636 2618 2774 2671 hanc
2809 2619 2983 2687 legem
3011 2617 3179 2671 etiam
3204 2626 3397 2671 natura
3434 2616 3615 2678 scivit,

2017 2726 2144 2765 cum
2179 2726 2339 2765 nemo
2366 2709 2643 2765 Oceanum
2674 2709 2895 2774 viderit,
2926 2708 3029 2763 nisi
3056 2709 3230 2763 media
3262 2708 3450 2761 relicta
3470 2715 3617 2761 terra

2019 2804 2282 2859 extremis
2311 2803 2433 2872 ejus
2476 2803 2676 2858 lluibus
2708 2803 3152 2871 cirrumvagatus
3184 2800 3345 2854 foret.
3374 2799 3509 2867 Quis
3547 2800 3615 2853 de

2018 2894 2402 2965 pyramidibus
2446 2901 2594 2949 esset
2634 2910 2837 2957 sermo,
2885 2893 2991 2947 nisi
3017 2893 3207 2962 procul
3243 2893 3369 2945 hinc
3399 2899 3619 2957 specta-

2020 2995 2235 3050 rentur,
2265 2987 2351 3040 vel
2392 2987 2518 3052 quis
2559 2987 2628 3041 de
2665 2985 2843 3055 lapide
2876 2984 3186 3038 Memnonis
3225 2983 3369 3053 apud
3399 2981 3620 3036 [Ethio-

2018 3095 2136 3150 pes,
2170 3080 2274 3133 nisi
2308 3080 2459 3134 illum
2484 3088 2663 3133 mater
2687 3087 2841 3133 extra
2874 3092 3094 3131 omnem
3122 3084 3477 3146 conspectum
3518 3090 3617 3139 po—

2019 3173 2243 3228 suisset.
2275 3171 2402 3226 Haec
2430 3188 2557 3225 vera
2579 3186 2723 3235 esse,
2756 3178 2813 3225 et
2839 3187 2948 3224 non
2989 3170 3239 3224 fabulose
3286 3169 3394 3223 (1ίυί
3440 3168 3621 3223 credi-

2025 3277 2164 3326 mus,
2212 3263 2337 3331 quia
2380 3260 2513 3327 lapis
2554 3260 2794 3329 loquitur
2834 3274 2958 3313 cum
3013 3259 3124 3313 sola
3173 3259 3409 3312 humana
3464 3271 3618 3318 voce,

2024 3358 2111 3412 vix
2147 3358 2310 3411 etiam
2362 3370 2541 3409 rosam
2583 3366 2828 3408 naturam
2879 3353 3190 3408 hominibus
3238 3353 3487 3417 largitur,
3520 3367 3621 3406 nec

2026 3449 2111 3503 illa
2161 3446 2321 3502 simul
2366 3446 2633 3512 nascitur,
2684 3452 2738 3499 et
2787 3444 2839 3498 in
2888 3458 3069 3497 aerem
3119 3442 3464 3512 expanditur,
3524 3443 3618 3495 scil

2026 3554 2274 3607 magnam
2298 3547 2511 3607 partem
2535 3536 2739 3604 vigoris
2761 3534 2815 3589 in
2842 3533 3013 3589 calice
3037 3534 3255 3596 retinet,
3282 3547 3405 3586 sero
3439 3540 3618 3585 autem

2025 3631 2259 3699 erumpit
2287 3640 2343 3685 et
2376 3629 2638 3699 aperitur.
2685 3627 2791 3681 Sed
2824 3640 2999 3694 neque
3034 3626 3242 3679 fructus
3276 3624 3621 3678 autumnales

2025 3728 2282 3797 colligere
2321 3726 2468 3788 licet,
2506 3723 2725 3794 quando
2774 3720 3023 3775 homines
3067 3720 3315 3789 cupiunt,
3369 3716 3462 3772 sed
3516 3718 3621 3771 etsi

2027 3820 2161 3875 ﬁcus
2190 3820 2367 3889 legere
2404 3816 2554 3880 velis,
2587 3824 2871 3883 exspectas
2909 3823 3090 3866 tamen
3115 3820 3330 3881 tempus
3377 3810 3622 3863 autnmni

2026 3912 2384 3967 nominatum.
2418 3906 2513 3961 lEs
2546 3907 2872 3961 Dodonaeum
2907 3902 3033 3972 quia
3066 3917 3283 3969 semper
3320 3900 3501 3964 tinnit,
3532 3914 3624 3979 ar-l

2030 4003 2253 4058 tiﬂcium
2287 4002 2462 4070 ipsum
2498 4014 2549 4050 In
2586 3994 2826 4050 fabulam
2863 3994 2981 4048 dies
3028 3991 3293 4045 invidiosa
3330 3989 3623 4050 convertit,

2027 4095 2365 4153 consuetudo
2403 4090 2548 4145 enim
2583 4088 2892 4144 satietatem
2946 4084 3103 4139 facile
3145 4084 3312 4154 parit,
3355 4091 3408 4136 et
3456 4080 3624 4134 lieen-

2028 4190 2160 4245 tiam
2205 4185 2407 4242 ferocia
2438 4180 2742 4250 corrumpit
2772 4178 3005 4251 (δι-δε).
3034 4177 3258 4231 Terram
3298 4173 3624 4238 incolentes,

2031 4294 2184 4336 mare
2204 4279 2526 4348 quaerimus,
2553 4282 2610 4328 et
2642 4288 2853 4326 rursum
2878 4269 3199 4341 navigantes
3224 4274 3459 4321 mentem
3490 4281 3625 4320 con-

325 4369 623 4433 θάλατταν,
680 4367 775 4420 καὶ
826 4365 1084 4426 πλέοντες
1144 4362 1307 4416 πάλιν
1360 4359 1807 4430 περισκοποῦμεν
1856 4358 1913 4411 τᾶ

2024 4373 2248 4443 jicimus
2286 4372 2337 4424 in
2373 4378 2634 4438 segetem.
2668 4364 2841 4417 Nauta
2879 4361 3093 4415 felicem
3123 4359 3386 4429 praedicat
3418 4359 3628 4427 agrico-

328 4465 483 4532 λήῖα.
521 4462 580 4515 Ὀ
611 4458 835 4528 πλωτὴρ
904 4456 1203 4527 μακαρίζει
1241 4454 1505 4524 γηπόνον,
1538 4453 1632 4505 καὶ
1670 4452 1762 4504 τὸν
1790 4466 1925 4503 ναυ-

2029 4465 2254 4530 latn,-et
2291 4470 2513 4516 nautam
2564 4469 2755 4512 contra
2811 4463 2997 4507 arator
3052 4451 3388 4505 fortunatum
3448 4456 3619 4518 putat.

327 4554 481 4609 τίλον
509 4551 712 4624 ἀρότης
738 4552 956 4621 ἡγεῖται
984 4548 1146 4601 πάλιν
1191 4545 1508 4615 εὐδαίμονα.
1540 4542 1720 4595 Ταῦτα
1748 4543 1913 4595 πάντα

2033 4557 2162 4615 llaec
2190 4555 2376 4612 omnia
2404 4552 2639 4622 pueriles
2690 4551 2859 4601 lusus.
2911 4545 3228 4599 Satictatem
3274 4542 3446 4611 gignit
3487 4556 3625 4595 con-

325 4649 430 4702 τοῦ
462 4648 626 4718 κόρου
657 4646 907 4713 παίγνια.
970 4644 1147 4711 Κόρου
1186 4641 1354 4710 γεννᾷ
1399 4640 1432 4709 ἡ
1473 4636 1754 4706 συνήθεια.
1786 4634 1913 4687 Φεύε

2033 4649 2289 4707 suetudo.
2319 4646 2617 4715 Fugiamus
2645 4641 2973 4703 satietatem,
3008 4638 3185 4707 pueri.
3208 4636 3366 4704 Szepe
3398 4635 3515 4688 haec
3550 4637 3630 4688 l'e-

326 4757 522 4810 γωμεν
542 4739 633 4791 τὸν
673 4739 859 4808 κόρον,
926 4729 972 4789 ὧ
1025 4736 1213 4797 παῖδες
1249 4750 1263 4763 ·
1318 4730 1528 4796 τοξεύει
1578 4729 1835 4791 πολλάκις
1857 4729 1924 4780 δι’

328 4833 495 4905 ὓϐριν
522 4825 677 4894 οὗτος
710 4831 804 4883 καὶ
836 4829 1020 4889 αὐτοῖς
1058 4826 1158 4898 ήδη
1190 4826 1302 4889 τοῖς
1326 4824 1489 4895 ἔρωσι
1523 4822 1589 4878 ⁷⁸.
1615 4820 1787 4875 Τοῦτο
1819 4820 1927 4892 γάρ

326 4943 468 4980 ποτε
496 4927 593 4995 τῆς
634 4923 950 4993 παροιμίαςι
968 4922 1198 4992 ἤκουσα.

325 5022 441 5075 Ἐκ
485 5016 593 5071 τοῦ
649 5018 737 5081 εὶς
774 5012 1129 5069 Μουσώνιον
1156 5010 1266 5064 τὸν
1322 5010 1674 5065 ἀνθύπατον
1710 5005 1927 5062 Ἐλλά-

734 5086 861 5151 δος.
885 5113 955 5124 --
994 5084 1063 5137 Τὸ
1114 5081 1157 5113 ⁷⁷
1183 5085 1527 5150 Προοίμιον.

421 5181 716 5236 Ὀκνοῦντά
786 5197 853 5250 με
910 5179 1050 5232 πάνυ
1080 5176 1151 5230 τὰ
1193 5175 1421 5245 θέατρα,
1454 5175 1549 5227 καὶ
1588 5172 1697 5225 τῶν
1722 5170 1930 5240 πανδή-

2033 4727 2180 4800 rocia
2211 4751 2466 4810 tanquam
2514 4737 2709 4806 sagitta
2754 4732 2902 4798 terit,
2929 4741 2981 4783 et
3012 4731 3147 4801 ipsis
3175 4730 3286 4797 jam
3319 4727 3627 4784 amoribus.

2036 4838 2151 4893 Hoc
2181 4834 2325 4890 enim
2360 4829 2656 4902 aliquando
2688 4825 2982 4898 proverbio
3009 4822 3198 4879 didici.

2039 5015 2126 5069 Ea:
2154 5010 2393 5065 oratione
2436 4998 3221 5129 inllluugriungprocousulm
3268 4994 3510 5051 Grauia.
3556 5023 3631 5034 —

2687 5094 2783 5129 ,τοῖ’
2826 5093 2958 5129 mm.

2687 5093 2958 5130 xoramm.

2106 5172 2336 5242 Coegisti
2380 5186 2464 5226 me
2498 5172 2710 5224 theatra
2762 5168 3147 5237 negligentem,
3184 5172 3239 5219 et
3286 5162 3351 5214 de
3396 5157 3630 5230 publicis

332 5296 461 5348 μων
492 5276 766 5344 συλλόγων
796 5276 1032 5343 ἀπάγειν
1053 5273 1180 5336 τοὺς
1203 5269 1396 5339 λόγους
1421 5266 1744 5329 σπεύδοντα,
1770 5263 1903 5316 λῦσα

2032 5266 2384 5319 concionihus
2442 5264 2744 5318 orationem
2807 5267 3054 5314 avertere
3093 5266 3406 5316 conantem,
3455 5253 3626 5321 legem

1651 5380 1888 5440 VARUE
1929 5379 2332 5437 LECTIONES.

412 5485 460 5517 "‘
493 5486 521 5537 6
553 5499 665 5539 om.
700 5482 761 5539 G.
838 5483 883 5513 ⁸⁵
901 5480 1141 5551 νευρίδες
1175 5479 1239 5531 Α.
1318 5473 1691 5551 ϐξὲξροιςιλςξι⁸
1714 5472 1985 5551 οὖροιςς.
2043 5474 2093 5551 "’-
2114 5471 2392 5551 λαλεῖσθαι
2431 5488 2490 5534 ς.
2530 5541 2542 5551 .
2566 5469 2611 5500 ⁸⁸
2637 5469 2736 5540 τὴν
2768 5475 2895 5520 ante
2920 5463 3135 5551 ήλικίαν

332 5553 574 5623 νώμενοι
616 5552 849 5609 Loheek.
885 5548 1249 5623 adl’ln'yuich
1277 5564 1335 5623 ι)ἶ
1345 5548 1478 5623 1520.

332 5620 506 5697 ἀέρα]
560 5625 652 5679 ἴσα
680 5624 743 5681 Β.
839 5622 885 5657 ⁷³
918 5620 1121 5685 ἐθέλοις
1145 5620 1207 5676 C.

334 5696 456 5754 om.
492 5696 558 5749 Α.

1600 5546 1645 5575 ⁷⁰
1669 5543 2027 5597 ἀνεϐϐἁὶλετο
2068 5546 2134 5596 Α.

1318 5619 1364 5651 7"
1388 5615 1676 5687 ἐπώνυμον
1695 5618 1736 5668 Δ
1768 5630 1781 5666 :
1812 5615 2104 5683 ὁμώνυμον
2130 5632 2193 5679 ς.

3471 5526 3516 5557 ⁷²
3544 5527 3627 5585 εἰς

2268 5543 2311 5574 τί
2347 5531 2455 5593 “cva
2485 5541 2650 5609 νόμον
2694 5531 2830 5610 ’ρίιςι
2872 5531 3059 5588 τοῦτον
3113 5534 3261 5602 ponit
3301 5531 3364 5585 C.
3471 5531 3516 5557 ⁷²
3544 5531 3627 5585 εἰς

2288 5613 2333 5644 η
2364 5612 2483 5646 “hri
2516 5614 2641 5646 ιιμιςτ
2764 5610 2807 5642 16
2826 5608 2984 5646 ιέηιῖμτν
3021 5609 3095 5646 tt:
3131 5606 3297 5646 énmm
3334 5617 3394 5646 σι-
3495 5596 3541 5629 ⁷⁷
3564 5595 3634 5646 τὸ

2288 5613 2333 5644 ⁷⁵
2362 5612 2483 5667 libri
2516 5606 2659 5681 ἠχεῖ.
2709 5606 2722 5610 ’
2764 5608 2990 5679 ’δὲρὼσι
3021 5609 3095 5661 t2:
3131 5606 3297 5675 ὲρωσι
3334 5617 3394 5665 ς.

1871 5773 2101 5833 NOTAE.

409 5877 629 5948 (ει-52)
668 5878 852 5934 llorat.
882 5876 975 5934 lib.
1007 5892 1021 5932 l
1055 5874 1225 5931 Serm.
1270 5884 1437 5945 δαίνυ’.
1469 5873 1518 5927 l.
