3924 6478
359 415 492 486 1371

1525 419 1783 481 PHOTII
1821 412 2329 478 PATRIARCIL‘E
2358 413 2467 473 CP.

3506 383 3639 451 1372

360 531 591 582 solvere.
628 525 851 595 Rumpit
871 533 923 581 et
978 526 1255 581 silentium
1304 541 1512 600 cygnus
1560 544 1681 582 cum
1715 526 1947 581 audierit

2083 522 2139 575 δν
2198 522 2361 592 νόμον
2409 519 2747 590 ἠνάγκασας.
2783 512 2916 567 Λύει
2950 509 3044 564 καὶ
3081 506 3279 569 κύκνος
3341 500 3518 600 σιγήν,
3543 502 3640 600 λύ-

362 619 665 688 Apollinem
710 618 881 689 lyram
919 618 1227 686 ferientem,
1258 630 1314 675 et
1375 621 1659 693 Zephyrus
1724 619 1951 689 lyricum

365 711 492 777 quid
524 724 725 764 sonans
785 725 849 764 ex
890 710 1185 765 antris.ad
1232 711 1401 767 solem
1452 721 1712 783 provocat
1760 708 1957 780 373a

369 806 658 858 actionem.
691 804 905 857 Audeut
935 815 1115 860 nauta:
1141 820 1201 860 se
1236 807 1368 860 mari
1422 805 1767 860 committere
1799 812 1854 858 et
1878 804 1960 857 vir

368 894 662 949 Bacchicus
697 910 924 951 securus
950 899 1156 952 excitat
1193 898 1491 954 lasciviam.
1542 895 1622 951 Illi
1709 910 1834 950 cum
1867 909 1962 949 ver

370 1001 516 1037 mare
550 986 767 1051 muli-et,
818 986 905 1041 hic
966 1003 1090 1042 cum
1156 987 1429 1042 Bacchum
1486 989 1733 1058 thyrsum
1788 986 1960 1042 sensit

368 1075 639 1129 vilirasse.
673 1076 748 1129 Te
779 1078 996 1146 quidem
1027 1089 1083 1131 ut
1112 1087 1261 1146 pulo,
1290 1088 1445 1146 poeta
1500 1078 1724 1146 quidam
1777 1077 1960 1131 auda-

370 1166 523 1221 culus
551 1183 656 1221 non
688 1171 923 1236 neglexit
967 1186 1088 1224 cum
1145 1170 1394 1238 Apolline
1432 1170 1551 1240 ipso
1608 1183 1959 1235 componere.

2059 632 2160 686 ραν
2197 615 2327 669 ὅταν
2348 611 2683 673 Ἀπόλλωνος
2736 605 2944 677 ἀκούσῃ
2999 602 3344 673 πλήττοντος,
3403 597 3499 651 καὶ
3529 597 3642 649 τῶν

2058 709 2271 778 ἄντρων
2308 707 2493 774 ἐξάγει
2521 704 2620 775 τὴν
2644 701 2843 774 ἀηδόνα
2862 698 2998 769 πρὸς
3016 696 3163 767 ἥλιον
3186 691 3410 763 λυρικδν
3428 690 3647 759 ήχήσας

2058 801 2088 854 ό
2120 800 2385 869 Ζέφυρος.
2422 796 2609 867 Τολμᾷ
2637 794 2732 847 καὶ
2768 790 2975 859 ναύτης
3003 788 3072 840 τὰ
3111 785 3354 856 κύματα,
3384 782 3478 834 καὶ
3512 780 3650 849 βακ-

2060 897 2205 964 χεῖος
2233 892 2373 964 ἀνὴρ
2414 889 2634 962 θαρρῶν
2663 886 2871 956 ἐγείρει
2905 882 2967 936 τὺ
2998 881 3302 979 σκίρτημα,
3324 875 3491 979 ἀμὲν
3512 873 3649 979 Λειαρ

2061 988 2190 1041 ὅταν
2215 984 2439 1055 κοιμίζῃ
2465 983 2511 1015 ’⁸
2546 981 2841 1043 θάλατταν,
2900 978 2930 1029 ὁ
2962 975 3021 1029 δὲ
3071 974 3197 1027 ὅταν
3223 969 3481 1024 Διονύσου
3511 965 3655 1035 669-

2064 1096 2159 1132 σον
2210 1076 2489 1137 δονοῦντος
2545 1074 2593 1105 ⁷⁹
2647 1069 2995 1139 αἰσθάνηται.
3036 1065 3105 1119 Σὲ
3154 1063 3253 1133 μὲν
3297 1059 3526 1128 ποιητής
3559 1072 3653 1117 τις

2064 1170 2323 1238 εύτολμος
2375 1168 2474 1220 ούκ
2523 1164 2627 1228 ἂν,
2658 1159 2839 1233 οἶμαι,
2912 1158 3197 1228 ὀκνήσειεν
3224 1152 3332 1207 οὐδ’
3386 1149 3537 1219 αὐτῷ
3564 1149 3652 1201 εἰ·

370 1257 427 1311 lu
461 1268 671 1313 tantum
709 1261 802 1315 tibi
834 1261 1039 1330 jacula,
1071 1271 1123 1315 et
1154 1263 1366 1332 sagitta:
1393 1272 1569 1332 grata,
1601 1262 1653 1316 in
1699 1273 1961 1332 quantum

2083 1263 2232 1316 ιὰσαι
2271 1258 2595 1313 Ἀπόλλωνι.
2627 1254 2769 1319 Τόξα
2827 1252 2882 1305 δέ
2915 1267 2997 1304 σοι
3018 1249 3065 1281 ⁸ο
3088 1247 3181 1301 καὶ
3233 1245 3359 1316 βέλη
3392 1245 3655 1296 τοσοῦτον

370 1352 677 1420 Apollinem
720 1353 1024 1419 imitantur,
1080 1354 1364 1409 incruenta
1413 1365 1678 1424 perpetuo
1719 1366 1961 1411 manent.

2083 1353 2197 1421 ρίλα
2228 1351 2350 1404 ὅσον
2380 1346 2720 1408 ’Λπόλλωνος
2752 1341 2913 1411 φύσιν
2942 1332 3654 1442 ἐνδείξασθαι,ῆάνάίμακτα

373 1441 490 1496 Νοη
535 1443 661 1497 licet
714 1446 925 1514 cuspidi
987 1455 1092 1501 tua:
1145 1447 1420 1503 hominem
1475 1448 1812 1510 interimere,
1867 1448 1965 1504 sed

2083 1446 2124 1499 ἱὲ
2159 1445 2308 1514 μένει
2349 1441 2471 1495 ἀεί⁸
2533 1439 2633 1501 σῆς
2678 1434 2786 1506 γὰρ
2821 1432 3007 1495 ἀκίδος
3036 1429 3195 1533 φόνον
3232 1425 3545 1533 ἀνθρωπιρῖ
3589 1425 3654 1474 ού

374 1534 571 1601 aliquis
602 1534 788 1603 cll'ugit
817 1536 1081 1605 judicium
1110 1548 1284 1608 tuum,
1309 1548 1365 1594 et
1391 1539 1552 1594 scivit
1588 1548 1643 1595 te
1685 1538 1963 1608 publicum

2083 1537 2227 1607 ὶέμις
2257 1533 2518 1603 ἅψασθαι,
2561 1528 2699 1583 ἀλλά
2744 1544 2829 1589 τις
2881 1525 3081 1593 ἔφυγεν
3121 1520 3209 1574 διά
3232 1518 3277 1551 ⁸¹
3335 1515 3656 1626 {had/ﬁam)

372 1624 606 1690 gladium
640 1637 830 1680 contra
864 1629 1067 1683 caedem
1120 1631 1436 1685 extendere.
1482 1629 1573 1685 Sic
1613 1630 1797 1701 pullus
1826 1630 1968 1685 bene

2083 1629 2163 1680 ιαί
2196 1626 2391 1696 δήμιον
2425 1624 2526 1694 ήδη
2555 1624 2600 1654 ³³
2632 1621 2693 1675 τὸ
2730 1619 2882 1688 ξίφος
2908 1614 3050 1670 κατά
3070 1614 3168 1717 τῆς
3199 1610 3411 1717 σιραγῆς
3435 1608 3654 1717 avara?-

372 1715 648 1780 domatur,
673 1726 727 1771 et
758 1719 970 1776 catulus
1001 1722 1137 1777 scite
1169 1721 1515 1788 informatur,
1548 1700 1670 1777 cuin
1700 1722 1821 1778 sine
1849 1723 1967 1777 cal-

2083 1735 2231 1773 νοντα
2260 1718 2329 1772 ⁸³.
2356 1714 2514 1769 Οὕτω
2542 1713 2636 1767 καὶ
2662 1712 2839 1774 πῶλος
2857 1708 3039 1771 καλῶς
3061 1703 3365 1759 πωλεύεται
3400 1700 3495 1753 καλ
3523 1700 3657 1751 σκύ-

373 1810 488 1861 cari
518 1808 755 1863 domitor
776 1824 1001 1880 equum,
1039 1828 1161 1867 cum
1192 1814 1311 1869 sine
1338 1813 1551 1885 ﬂagello
1582 1816 1842 1884 magister
1875 1829 1968 1869 ca-

2083 1811 2174 1877 λαξ
2221 1809 2410 1877 δεξιῶς
2460 1804 2863 1860 σκυλακεύεται
2889 1843 2904 1868 ,
2946 1802 3078 1854 ὅταν
3121 1799 3254 1853 ἄνευ
3558 1794 3658 1896 καὶ

373 1915 495 1954 nem
525 1916 685 1955 manu
710 1904 1024 1961 demulcens
1063 1907 1308 1962 enutrirc
1339 1908 1545 1977 cupiet.
1573 1908 1712 1975 Quid
1763 1907 1964 1978 Cyrum

2083 1871 2338 1972 μάστιγος
2370 1899 2399 1951 ὁ
2431 1897 2529 1966 μὲν
2561 1894 2917 1963 πωλοδάμνης
2957 1892 3049 1944 τὸν
3110 1890 3276 1942 ἵππον
3310 1888 3339 1940 ὁ
3366 1886 3421 1939 δὲ
3454 1884 3659 1978 σκυλα-

372 1992 486 2063 (55)
510 1992 693 2049 Persis
745 1998 1197 2053 commendavit?
1252 1999 1402 2054 lenes
1436 2015 1616 2054 mores
1664 2010 1719 2054 et
1746 1999 1965 2069 placidi.

374 2083 526 2139 Felix
576 2101 796 2156 semper
855 2089 970 2142 haec
1017 2089 1149 2144 urbs
1204 2091 1467 2146 adversus
1516 2091 1788 2147 Barbaros
1845 2092 1965 2146 fuit.

374 2174 604 2232 Nuntiat
635 2178 793 2234 modo
821 2179 1105 2234 victoriam
1132 2180 1330 2251 populo
1352 2181 1571 2250 quidam
1604 2197 1635 2236 e
1672 2182 1968 2248 nobilibus,

374 2266 581 2333 quisic
625 2270 1005 2324 strenuitalem
1062 2270 1180 2341 ejus
1229 2271 1484 2326 admirati
1509 2280 1657 2338 sunt,
1715 2283 1775 2326 ut
1825 2275 1968 2346 apud

373 2359 740 2418 Athenienses
773 2362 880 2417 hac
904 2363 1155 2419 oratione
1194 2373 1428 2420 statuam
1456 2365 1771 2436 posuerint.

440 2619 526 2673 Ea:
545 2621 781 2675 oratione
810 2622 862 2675 in
885 2619 1133 2677 Severum
1157 2626 1433 2684 advenam.
1460 2657 1532 2669 —
1564 2626 1889 2685 Exordium.

444 2714 682 2768 Achilles
706 2716 871 2769 etiam
916 2717 1259 2789 interjpraalia
1294 2722 1423 2791 lyra:
1445 2736 1653 2779 memor
1670 2722 1861 2790 fuit,et
1882 2724 1973 2794 qui

373 2821 597 2876 campos
620 2823 896 2862 armorum
923 2808 1137 2879 fulgore
1162 2811 1497 2879 illustrabat,
1542 2815 1633 2871 hic
1657 2817 1709 2871 in
1737 2818 1973 2872 tentorio

376 2915 531 2954 suam
557 2900 822 2956 citharam
866 2904 1097 2970 aptavit.
1147 2905 1354 2961 Cantus
1384 2918 1790 2977 argumentum,
1824 2925 1975 2964 ama-

378 2993 472 3048 bat
531 2994 785 3049 virtutem
840 2995 1116 3060 Achilles,
1159 2996 1512 3066 virorumque
1562 3001 1789 3070 gloriam
1832 3019 1976 3059 nunc

380 3086 651 3153 bellando,
687 3104 829 3142 nunc
852 3091 1124 3143 cantando
1169 3088 1508 3146 imitabatur.
1533 3093 1607 3148 De
1631 3095 1839 3151 deliciis
1864 3097 1976 3151 suis

2072 1992 2272 2060 κευτὴς
2287 1989 2377 2043 τὸν
2402 1987 2540 2042 κύνα
2568 1986 2711 2057 χειρὶ
2727 1982 3060 2039 τιθασσεύων
3091 1981 3376 2051 ἐκτρέφειν
3391 1977 3657 2049 βούλοιτο.

2077 2082 2142 2136 Τί
2184 2081 2369 2154 Κῦρον
2412 2082 2469 2135 ὲν
2530 2080 2770 2151 Πέρσαις
2828 2076 3002 2147 μέγαν
3062 2074 3358 2145 ἐποίησεν;
3413 2072 3660 2143 Ἦμερος

2079 2175 2283 2246 τρόπος
2314 2173 2409 2227 καὶ
2427 2172 2689 2243 μείλιχος.
2727 2169 3009 2240 Εύτύχησε
3038 2167 3148 2240 γάρ
3198 2167 3285 2222 ἀεὶ
3336 2166 3493 2220 κατά
3527 2162 3659 2234 βαρ-

2073 2266 2257 2338 ϐάρων
2301 2266 2333 2335 ή
2391 2264 2565 2327 πόλις.
2598 2262 2882 2332 Ἀγγέλλει
2940 2262 3068 2315 ποτὲ
3110 2260 3207 2331 τὴν
3244 2259 3403 2327 νίκην
3432 2257 3543 2309 τῶν
3578 2272 3660 2318 τις

2074 2357 2343 2429 ἀριστέων
2381 2354 2458 2426 τῷ
2487 2355 2643 2426 δήμῳ
2666 2371 2679 2385 ·
2712 2355 2761 2407 οἱ
2796 2354 2854 2407 δὲ
2905 2356 3078 2416 οὕτως
3116 2351 3165 2384 ⁸⁵
3197 2351 3357 2404 αὐτὸν
3395 2349 3497 2418 τῆς
3528 2365 3660 2419 προ-

2076 2452 2277 2522 θυμίας
2307 2448 2653 2520 ἠγάσθησαν,
2716 2447 2857 2502 ὦστε
2895 2444 3133 2518 χαλκοῦς
3180 2443 3311 2515 παρ’
3352 2440 3659 2511 Ἀθηναίοις

2076 2545 2188 2599 ἀπὸ
2218 2543 2329 2597 τῶν
2366 2542 2542 2609 λόγων
2564 2540 2789 2594 ἐκείνων
2805 2538 3056 2610 ἕστηκεν..

2076 2636 2176 2691 Ἐκ
2223 2636 2331 2691 τοῦ
2368 2637 2459 2701 εἰς
2507 2632 2775 2703 Σεϐἦρον
2818 2633 3072 2699 νέηλυν.
3113 2659 3182 2670 --
3219 2629 3291 2685 Τὸ
3317 2627 3654 2698 Προοίμιον.

2150 2730 2277 2803 [609
2305 2728 2396 2802 11.]
2428 2728 2738 2799 Ἐμέμνητο
2793 2726 2852 2779 δὲ
2882 2725 2990 2796 ἄρα
3032 2725 3128 2778 καὶ
3158 2722 3309 2795 παρὰ
3346 2721 3447 2784 τὰς
3485 2719 3657 2789 μάχας

2074 2821 2355 2892 Ἀχιλλεὺς
2392 2820 2490 2891 τῆς
2528 2818 2697 2889 λύρας
2723 2834 2737 2849 ο
2770 2817 2962 2871 καὶτὰ
2996 2815 3094 2884 μὲν
3133 2815 3290 2869 πεδία
3326 2815 3438 2875 τοῖς
3479 2812 3659 2873 ὅπλοις

2078 2915 2409 2984 ήστραπτεν,
2446 2910 2475 2963 ὁ
2504 2909 2561 2963 δὲ
2589 2907 2729 2962 κατά
2744 2908 2841 2977 τὴν
2862 2908 3067 2977 σκηνὴν
3092 2904 3190 2976 τὴν
3210 2901 3405 2958 ἑαυτοῦ
3430 2902 3661 2971 κιθάραν

2077 3003 2342 3077 ἥρμοζεν.
2399 3002 2465 3056 Ἡ
2500 3002 2558 3056 δὲ
2616 3003 2718 3072 τῆς
2777 2999 2923 3070 ᾠδῆς
2971 2995 3260 3061 ὑπόθεσις,
3302 2995 3412 3067 ἦρα
3464 2994 3663 3065 ἀρετῆς

2080 3096 2381 3168 Ἀχιλλεὺς,
2410 3096 2505 3147 καὶ⁹
2533 3094 2601 3148 τά
2630 3092 2764 3147 κλέα
2794 3092 2905 3146 τῶν
2926 3090 3135 3162 ἀνδρῶν
3162 3088 3258 3143 νῦν
3290 3088 3391 3158 μὲν
3411 3086 3663 3156 πολεμῶν

380 3176 457 3229 dii
485 3176 626 3229 inter
656 3191 715 3231 se
738 3179 1043 3232 certabant.
1072 3176 1263 3248 Neque
1286 3179 1465 3236 Pallas
1497 3185 1670 3241 armis
1703 3186 1972 3241 instructa

2083 3192 2354 3262 ἐμιμεῖτο,
2404 3188 2499 3243 νῦν
2533 3187 2591 3241 δὲ
2640 3186 2785 3258 ᾠδὰς
2814 3185 3201 3276 ἐργαζόμενος.
3233 3183 3393 3276 ΙΊᾷρις
3526 3180 3665 3276 ἀμφὶ

379 3266 547 3318 armis
573 3267 875 3329 contendit,
901 3282 1076 3337 neque
1094 3267 1400 3337 Neptunus,
1427 3287 1536 3340 quo
1577 3287 1844 3342 armatur,
1874 3278 1972 3331 tri-

378 3355 595 3409 dentem
646 3359 893 3426 protulit.
942 3360 1141 3415 Verum
1178 3360 1266 3415 illa
1336 3364 1510 3419 oleam
1554 3368 1840 3427 exrilavit.
1887 3370 1977 3426 hic

377 3446 633 3503 fluctibus
658 3461 848 3504 contra
870 3454 1073 3509 sonuit.
1148 3453 1216 3509 Et
1244 3455 1461 3510 decreta
1514 3460 1745 3513 solvitur
1783 3461 1873 3528 lis,
1923 3470 1977 3517 et

378 3536 619 3593 Minerva
653 3541 1012 3612 vicitjudicio
1043 3564 1056 3600 :
1082 3544 1198 3602 haec
1235 3547 1368 3601 tibia
1432 3550 1707 3605 modulata
1763 3564 1868 3618 est,
1900 3555 1977 3610 al-

383 3641 501 3685 tera
527 3632 793 3688 citharam
827 3636 1092 3706 pulsavit,
1131 3639 1291 3695 tertia
1317 3640 1558 3696 ﬁstulam
1592 3642 1825 3701 inﬂavit.

381 3914 469 3969 Ea:
489 3916 726 3969 oratione
751 3917 819 3969 ad
844 3917 1157 3983 voluptatem
1200 3921 1523 3990 captandam
1547 3935 1877 3993 comparata.
1908 3956 1978 3969 σ-

1017 4009 1336 4066 Exordium.

454 4089 587 4145 Cum
618 4093 784 4149 Musa:
825 4096 877 4150 in
911 4097 1168 4153 llclicoue
1222 4100 1429 4157 ducunt
1478 4104 1735 4170 choreas,
1798 4108 1980 4162 omnia

2077 3287 2195 3350 τοῖς
2234 3282 2505 3346 παιδικοῖς
2539 3280 2650 3334 τῶν
2705 3279 2845 3333 θεῶν
2864 3294 2877 3308 ⁸
2919 3277 3033 3332 ἀλλ’
3063 3274 3185 3329 οὔτε
3217 3274 3419 3344 Ἀθηνᾶ
3437 3272 3509 3326 τά
3528 3270 3665 3325 ὅπλα

2078 3378 2280 3450 ἔχουσα
2303 3378 2414 3439 τοῖς
2442 3375 2625 3437 ὅπλοις
2648 3371 2863 3446 ήριζεν,
2894 3370 3018 3425 οὔτε
3053 3369 3323 3424 Ποσειδῶν
3360 3368 3545 3439 φέρων
3570 3366 3666 3438 τὴν

2077 3468 2323 3541 τρίαιναν
2352 3466 2559 3535 ταύτην
2606 3463 2975 3535 προϐέϐλητο,
3031 3461 3147 3517 ἀλλ’
3176 3462 3210 3532 ή
3239 3460 3337 3532 μὲν
3357 3459 3450 3512 τὸν
3479 3457 3666 3511 θαλλὸν

2078 3560 2349 3625 ἀνέσειεν,
2386 3560 2414 3611 ὁ
2447 3557 2506 3611 δὲ
2546 3556 2774 3627 ἀντήχει
2819 3555 2899 3626 τῷ
2937 3553 3165 3624 κύματι.
3203 3555 3313 3606 Καὶ
3348 3551 3394 3585 ⁸⁵
3422 3550 3540 3603 λύει
3564 3549 3666 3619 c7,-

2081 3670 2180 3724 φος
2211 3653 2310 3723 τὴν
2333 3650 2539 3722 κρίσιν,
2596 3649 2693 3703 καὶ
2722 3646 2927 3717 Ἀθηνᾶ
2954 3646 3223 3717 λαμϐάνει
3246 3644 3322 3698 τὰ
3350 3643 3664 3715 νικητήρια,

2080 3748 2193 3802 Καὶ
2228 3749 2263 3818 ὴ
2295 3746 2394 3818 μὲν
2423 3744 2603 3816 ηὔλει,
2626 3745 2661 3816 ἡ
2693 3742 2749 3796 δὲ
2776 3742 3009 3814 κιθάραν
3063 3736 3231 3813 εἶχεν,
3283 3741 3317 3810 ἠ
3363 3737 3422 3792 δὲ
3456 3739 3665 3791 ὲνέπνει

2086 3842 2154 3911 τῇ
2195 3839 2440 3912 σύριγγι.

2313 3937 2409 3990 Ἐκ
2463 3935 2577 4006 τῆς
2627 3929 2944 3997 λαλιᾶς-
2983 3926 3053 3981 Τὸ
3082 3925 3129 3958 ⁸⁸
3173 3921 3511 3992 Προοίμιον.

2160 4105 2331 4158 Ὅταν
2361 4102 2416 4156 ai
2442 4099 2658 4156 Μοῦσαι
2686 4095 2809 4151 καθ’
2850 4092 3121 4149 Ἑλικῶνα
3165 4088 3457 4161 χορεύωσι,
3494 4085 3665 4139 πάντα

385 4185 588 4238 circum
626 4187 759 4241 ιιιίἱιί
814 4199 976 4243 cantu
1033 4191 1333 4261 replentur.
1384 4195 1582 4250 Cantat
1657 4198 1871 4264 cicada,
1931 4211 1972 4255 el

2090 4216 2178 4269 μοι
2205 4199 2342 4268 ἠχῆς
2372 4193 2714 4267 ἐμπίπλαται
2743 4192 2811 4245 ⁸⁷.
2848 4190 3004 4259 Ἢχεί
3041 4186 3140 4258 μὲν
3186 4181 3384 4246 τέττιξ,
3416 4178 3513 4233 καλ⁷
3540 4179 3663 4232 ἀνα-

384 4275 623 4330 fabulam
651 4286 814 4333 cantu
843 4296 941 4335 suo
969 4281 1193 4337 rel‘ricat
1226 4284 1279 4339 in
1338 4290 1679 4343 memoriam.
1709 4290 1867 4356 Quia,
1891 4291 1975 4346 in-

383 4365 523 4434 quit,
561 4382 660 4437 ego
699 4367 827 4423 olim
890 4371 1053 4427 homo
1112 4386 1239 4427 cum
1301 4389 1475 4430 essem
1540 4392 1755 4447 semper
1788 4382 1983 4457 cecini,

385 4466 587 4511 etcum
641 4470 833 4515 natura
870 4470 1073 4516 mutata
1106 4474 1210 4528 est,
1250 4480 1356 4519 non
1402 4481 1506 4519 uua
1531 4483 1651 4521 cum
1702 4472 1810 4524 vita
1838 4472 1986 4528 desi-

2091 4290 2389 4361 μιμνήσκει
2410 4287 2501 4341 τὸν
2538 4285 2708 4357 μῦθον
2737 4282 2815 4353 τῷ
2868 4282 3040 4352 μέλει,
3068 4280 3148 4332 ὅτι
3199 4274 3359 4344 Ἐγὼ,
3384 4274 3567 4343 φησὶν,
3594 4269 3666 4323 ὢν

2087 4383 2375 4453 ἄνθρωπος
2402 4379 2528 4454 ᾖδον
2588 4380 2699 4444 ἀεὶ,
2732 4378 2830 4431 καὶ
2877 4373 3068 4443 ἐπειδὴ
3105 4370 3205 4442 τὴν
3244 4369 3405 4438 φύσιν
3435 4363 3665 4437 ήμειψα,

2089 4478 2150 4529 ού
2181 4474 2470 4545 συναφῆκα
2508 4473 2586 4545 τῷ
2636 4472 2735 4543 βίῳ
2790 4470 2882 4524 τὸν
2948 4468 3132 4522 πόθον.
3178 4464 3443 4534 Ἀηδόνων
3479 4460 3535 4512 δὲ
3576 4456 3669 4511 καὶ

388 4550 599 4604 derium
655 4554 834 4607 amisi.
897 4553 1314 4611 Pltilomelarnm
1374 4568 1431 4613 et
1491 4559 1690 4633 375a
1742 4563 1972 4620 hirundi-

2093 4566 2374 4639 χελιδόνων
2396 4567 2551 4637 γένη,
2586 4565 2666 4618 ἔτι
2695 4564 2751 4617 δὲ
2783 4562 3000 4617 κύκνων
3032 4559 3249 4628 ἀγέλαι,
3283 4555 3413 4625 περὶ
3432 4553 3532 4617 τάς
3546 4551 3670 4613 θεὰς

387 4654 518 4694 num
547 4658 737 4712 genus,
757 4652 810 4698 et
832 4659 1126 4715 cygnorum
1184 4650 1337 4717 copia
1357 4649 1563 4703 circum
1597 4656 1725 4706 deas
1758 4665 1982 4710 canunt.

672 4734 758 4789 Ea;
784 4741 1024 4792 oratione
1050 4740 1106 4793 in
1160 4738 1434 4795 Ursicium
1465 4744 1730 4800 comitem.

463 4824 809 4896 Quaecunque
863 4831 1102 4898 pictores
1172 4834 1339 4888 etiam
1403 4846 1664 4903 poterunt
1718 4848 1986 4909 oratores,

2086 4663 2428 4736 χορεύουσιν.

2328 4754 2427 4807 Ἐκ
2453 4752 2559 4807 τοῦ
2597 4754 2685 4819 είς
2711 4750 2821 4803 τὸν
2835 4749 3064 4819 κόμητα
3097 4744 3440 4813 Οὺρσίκιον.

2160 4849 2300 4902 Ὅσα
2324 4850 2581 4918 γραφεῖς,
2616 4846 2720 4899 καὶ
2746 4844 2898 4913 λόγοι
2933 4842 3212 4895 δύνανται.
3268 4835 3467 4907 μᾶλλον
3495 4833 3553 4885 δὲ
3589 4850 3674 4901 μι-

392 4915 570 4971 omnis
622 4918 801 4985 potius
842 4920 1072 4975 imitatio
1138 4927 1204 4976 ad
1283 4928 1588 4983 orationem
1673 4945 1972 5004 comparat:

2093 4915 2625 5013 xporépa’pipr‘st;
2678 4939 2831 4991 πᾶσα
2882 4935 3019 5005 πρὸς
3078 4933 3290 5000 λόγους.
3333 4926 3569 4995 Ἀϐαριν
3596 4924 3677 4975 τὸν

394 5009 578 5063 minor
625 5019 731 5065 est.
790 5010 1029 5066 Narrant
1079 5016 1298 5070 Abarim
1351 5020 1735 5091 philosophum
1785 5041 1972 5096 genere

2094 5009 2443 5104 aopbvvyévo;
2464 5009 2574 5103 μέν
2609 5029 3004 5099 ’Υπερϐόρειον
3039 5023 3312 5092 λέγουσιν,
3346 5016 3594 5087 Ἕλληνα
3624 5014 3674 5065 δὲ

394 5098 816 5169 hyperboreum,
850 5104 1029 5173 lingua
1064 5106 1283 5176 quidem
1333 5110 1605 5178 Graecum,
1657 5126 1805 5171 veste
1839 5119 1988 5174 habi-

395 5202 562 5260 tuque
605 5196 862 5265 Scytham
909 5197 1097 5254 fuisse.
1124 5201 1220 5255 Sin
1257 5203 1387 5257 alibi
1421 5205 1633 5262 locutus
1674 5208 1983 5278 fuerit,hoc

393 5299 424 5338 e
460 5288 634 5342 media
688 5286 1004 5358 Academia,
1059 5303 1112 5349 et
1143 5294 1335 5365 Lycaeo
1391 5299 1719 5357 existimari.
1771 5305 1982 5363 Dicitur

2090 5129 2190 5196 τὴν
2219 5125 2403 5194 φωνὴν
2432 5122 2787 5193 γεγενῆσθαι,
2830 5123 2922 5174 καὶ
2954 5117 3166 5187 Σκύθην
3197 5114 3295 5184 μὲν
3325 5111 3453 5181 ἄχρι
3492 5107 3677 5205 στολῆς

2091 5231 2153 5268 τε
2184 5216 2280 5268 καὶ
2316 5216 2612 5285 σχήματος,
2646 5216 2696 5266 εἰ
2731 5213 2787 5265 δέ
2816 5229 2919 5263 που
2948 5208 3193 5277 γλῶτταν
3224 5205 3489 5272 κινήσειε,
3523 5211 3674 5302 τούτο

2090 5310 2267 5363 ἐκεῖνο
2286 5309 2330 5341 ⁸⁸
2348 5311 2413 5363 ἐκ
2448 5310 2620 5381 μέσης
2640 5304 2976 5376 Ἀκαδημίας
3006 5302 3101 5355 καὶ
3112 5296 3274 5354 αὐτοῦ
3293 5294 3524 5350 Λυκείου
3542 5294 3677 5359 νομε-

1716 5457 1953 5517 νΑιιυΕ
1992 5463 2377 5524 LECTIONES

470 5536 516 5619 ξ’
548 5533 798 5613 κοιμίζῃ]
825 5540 914 5624 ,ἴδῃ
948 5542 1195 5628 κριμίζον
1368 5544 1786 5628 ’ξιδονοῦντα-Ο.
1864 5555 1912 5586 ⁸ο
1956 5556 2061 5628 σοι]
2090 5576 2172 5614 τοι
2197 5561 2258 5614 C.
2351 5563 2394 5593 ει
2428 5561 2514 5615 διὰ
2539 5576 2647 5613 om,
2686 5560 2749 5613 α,
2826 5557 2871 5589 ⁸³
2900 5543 3547 5628 ηδημῆξιθτιιειιοιίὶυεμδῂ

402 5600 509 5677 εἶδε
542 5624 602 5670 ς.
715 5600 1192 5677 ήίτάνᾶτείνὸντας
1221 5614 1283 5667 C.

405 5673 603 5730 πλοται
630 5676 672 5733 C
697 5697 714 5734 :
760 5681 1131 5751 ἐμπίπλανται
1330 5685 1376 5720 ⁸⁸
1403 5673 1706 5744 ὲκεῖνονἈ.

1395 5614 1440 5690 af
1467 5614 1642 5690 ούτως
1666 5620 1707 5671 (ἶ
1740 5639 1754 5675 :
1801 5623 1969 5689 ὅντως
1999 5614 2060 5690 ςξ

3448 5614 3493 5646 ⁸⁷
3515 5611 3665 5683 ἐμπί-

2165 5632 2211 5664 "
2244 5634 2339 5687 καὶ
2379 5643 2507 5688 ante
2528 5630 2642 5684 λύει
2674 5645 2783 5685 οιιι.
2815 5629 2883 5683 Α.
2922 5619 2933 5628 ’
2991 5619 3038 5657 δ’
3064 5623 3122 5676 τὸ
3149 5637 3259 5677 om.

1926 5766 2159 5824 NOT/E.

488 5838 601 5911 (53)
630 5843 803 5914 Cyrus
835 5860 952 5913 rex,
975 5848 1038 5902 de
1067 5862 1173 5919 quo
1192 5848 1513 5920 XenOpbou.
1560 5850 1611 5906 in
1653 5853 1984 5926 Cyropa'tlia.
