  <div class='ocr_page' id='page_1' title='image "/cluster/home/n/w/nwhite01/storage/ocr_20150623/103:no.3/coo.31924054870070/702.png"; bbox 0 0 3924 6478; ppageno 0'>
   <div class='ocr_carea' id='block_1_1' title="bbox 197 415 338 475">
    <p class='ocr_par' dir='ltr' id='par_1_1' title="bbox 197 415 338 475">
     <span class='ocr_line' id='line_1_1' title="bbox 197 415 338 475; baseline -0.007 0"><span class='ocrx_word' id='word_1_1' title='bbox 197 415 338 475; x_wconf 71' lang='lat'><strong>1373</strong></span> 
     </span>
    </p>
   </div>
   <div class='ocr_carea' id='block_1_2' title="bbox 1270 416 2410 481">
    <p class='ocr_par' dir='ltr' id='par_1_2' title="bbox 1270 416 2410 481">
     <span class='ocr_line' id='line_1_2' title="bbox 1270 416 2410 481; baseline 0.004 -6"><span class='ocrx_word' id='word_1_2' title='bbox 1270 416 1793 478; x_wconf 57' lang='lat' dir='ltr'><strong>BlBLlOTlIEtlA.</strong></span> <span class='ocrx_word' id='word_1_3' title='bbox 1823 444 1891 456; x_wconf 90' lang='lat'><strong><em>—</em></strong></span> <span class='ocrx_word' id='word_1_4' title='bbox 1918 418 2080 478; x_wconf 88' lang='lat' dir='ltr'><strong>COD.</strong></span> <span class='ocrx_word' id='word_1_5' title='bbox 2103 418 2410 481; x_wconf 75' lang='lat' dir='ltr'><strong>CCXLllI.</strong></span> 
     </span>
    </p>
   </div>
   <div class='ocr_carea' id='block_1_3' title="bbox 3350 421 3485 487">
    <p class='ocr_par' dir='ltr' id='par_1_3' title="bbox 3350 421 3485 487">
     <span class='ocr_line' id='line_1_3' title="bbox 3350 421 3485 487; baseline -0.007 0"><span class='ocrx_word' id='word_1_6' title='bbox 3350 421 3485 487; x_wconf 73' lang='lat'><strong>1374</strong></span> 
     </span>
    </p>
   </div>
   <div class='ocr_carea' id='block_1_4' title="bbox 193 520 1794 600">
    <p class='ocr_par' dir='ltr' id='par_1_4' title="bbox 193 520 1787 595">
     <span class='ocr_line' id='line_1_4' title="bbox 193 520 1787 595; baseline 0.001 -20"><span class='ocrx_word' id='word_1_7' title='bbox 193 520 410 586; x_wconf 77' lang='grc' dir='ltr'>ζεσθαι.</span> <span class='ocrx_word' id='word_1_8' title='bbox 446 520 550 573; x_wconf 78' lang='grc' dir='ltr'><strong>Τὸν</strong></span> <span class='ocrx_word' id='word_1_9' title='bbox 577 520 904 574; x_wconf 74' lang='grc' dir='ltr'><strong>Ἐλευσίνιον</strong></span> <span class='ocrx_word' id='word_1_10' title='bbox 942 523 1145 595; x_wconf 75' lang='grc' dir='ltr'>ἔφηϐον</span> <span class='ocrx_word' id='word_1_11' title='bbox 1188 524 1420 595; x_wconf 76' lang='grc' dir='ltr'>ἀρθῆναι</span> <span class='ocrx_word' id='word_1_12' title='bbox 1466 526 1627 591; x_wconf 70' lang='grc' dir='ltr'>λόγος</span> <span class='ocrx_word' id='word_1_13' title='bbox 1653 528 1787 595; x_wconf 74' lang='grc' dir='ltr'>πρδς</span> 
     </span>
    </p>
   </div>
   <div class='ocr_carea' id='block_1_5' title="bbox 1906 520 3480 600">
    <p class='ocr_par' dir='ltr' id='par_1_5' title="bbox 1906 528 3480 600">
     <span class='ocr_line' id='line_1_5' title="bbox 1906 528 3480 600; baseline 0.003 -17"><span class='ocrx_word' id='word_1_14' title='bbox 1906 528 2262 599; x_wconf 82' lang='lat' dir='ltr'><strong>I‘riptolemus</strong></span> <span class='ocrx_word' id='word_1_15' title='bbox 2291 530 2538 585; x_wconf 90' lang='lat' dir='ltr'><strong>sublatus</strong></span> <span class='ocrx_word' id='word_1_16' title='bbox 2563 542 2685 585; x_wconf 75' lang='lat' dir='ltr'><strong>esse</strong></span> <span class='ocrx_word' id='word_1_17' title='bbox 2714 543 2743 584; x_wconf 92' lang='lat' dir='ltr'><strong>a</strong></span> <span class='ocrx_word' id='word_1_18' title='bbox 2794 528 3017 595; x_wconf 86' lang='lat' dir='ltr'><strong>Cerere,</strong></span> <span class='ocrx_word' id='word_1_19' title='bbox 3051 539 3110 585; x_wconf 89' lang='lat' dir='ltr'><strong>ut</strong></span> <span class='ocrx_word' id='word_1_20' title='bbox 3149 535 3480 600; x_wconf 79' lang='lat' dir='ltr'><strong>pastoralem</strong></span> 
     </span>
    </p>
   </div>
   <div class='ocr_carea' id='block_1_6' title="bbox 191 611 1795 691">
    <p class='ocr_par' dir='ltr' id='par_1_6' title="bbox 191 611 1795 691">
     <span class='ocr_line' id='line_1_6' title="bbox 191 611 1795 691; baseline 0.004 -27"><span class='ocrx_word' id='word_1_21' title='bbox 191 613 514 685; x_wconf 83' lang='grc' dir='ltr'>Δήμητρος,</span> <span class='ocrx_word' id='word_1_22' title='bbox 552 611 638 664; x_wconf 79' lang='grc' dir='ltr'>ἵνα</span> <span class='ocrx_word' id='word_1_23' title='bbox 662 612 761 681; x_wconf 82' lang='grc' dir='ltr'><strong>τὴν</strong></span> <span class='ocrx_word' id='word_1_24' title='bbox 782 615 989 683; x_wconf 81' lang='grc' dir='ltr'>νομάδα</span> <span class='ocrx_word' id='word_1_25' title='bbox 1020 617 1548 688; x_wconf 78' lang='grc' dir='ltr'>τράπεζανὴμέροις</span> <span class='ocrx_word' id='word_1_26' title='bbox 1582 618 1795 691; x_wconf 67' lang='grc' dir='ltr'>ἀμείψῃ</span> 
     </span>
    </p>
   </div>
   <div class='ocr_carea' id='block_1_7' title="bbox 190 695 1795 780">
    <p class='ocr_par' dir='ltr' id='par_1_7' title="bbox 190 695 1795 780">
     <span class='ocr_line' id='line_1_7' title="bbox 190 695 1795 780; baseline 0.005 -25"><span class='ocrx_word' id='word_1_27' title='bbox 190 705 414 774; x_wconf 84' lang='grc' dir='ltr'><strong>πυροῖς.</strong></span> <span class='ocrx_word' id='word_1_28' title='bbox 450 695 625 756; x_wconf 87' lang='grc' dir='ltr'>Ἧκεν</span> <span class='ocrx_word' id='word_1_29' title='bbox 670 702 904 774; x_wconf 78' lang='grc' dir='ltr'>Ἀὅαρις</span> <span class='ocrx_word' id='word_1_30' title='bbox 940 704 1207 777; x_wconf 80' lang='grc' dir='ltr'>Ἀθήναζε</span> <span class='ocrx_word' id='word_1_31' title='bbox 1272 708 1403 773; x_wconf 82' lang='grc' dir='ltr'>τόξα</span> <span class='ocrx_word' id='word_1_32' title='bbox 1433 710 1593 780; x_wconf 77' lang='grc' dir='ltr'>ἔχων,</span> <span class='ocrx_word' id='word_1_33' title='bbox 1622 712 1795 780; x_wconf 76' lang='grc' dir='ltr'>φαρέ-</span> 
     </span>
    </p>
   </div>
   <div class='ocr_carea' id='block_1_8' title="bbox 188 789 1792 872">
    <p class='ocr_par' dir='ltr' id='par_1_8' title="bbox 188 789 1792 872">
     <span class='ocr_line' id='line_1_8' title="bbox 188 789 1792 872; baseline 0.004 -25"><span class='ocrx_word' id='word_1_34' title='bbox 188 809 337 865; x_wconf 59' lang='grc' dir='ltr'>τραν</span> <span class='ocrx_word' id='word_1_35' title='bbox 375 793 622 864; x_wconf 76' lang='grc' dir='ltr'><strong>ἡμμένος</strong></span> <span class='ocrx_word' id='word_1_36' title='bbox 648 795 727 858; x_wconf 84' lang='grc' dir='ltr'><strong>είς</strong></span> <span class='ocrx_word' id='word_1_37' title='bbox 762 789 1187 868; x_wconf 86' lang='grc' dir='ltr'>ὧμον,’χλαμύδι</span> <span class='ocrx_word' id='word_1_38' title='bbox 1221 800 1611 869; x_wconf 78' lang='grc' dir='ltr'><strong>σφιγγόμενος.</strong></span> <span class='ocrx_word' id='word_1_39' title='bbox 1638 802 1792 872; x_wconf 84' lang='grc' dir='ltr'><strong>Ζώνη</strong></span> 
     </span>
    </p>
   </div>
   <div class='ocr_carea' id='block_1_9' title="bbox 190 878 1795 961">
    <p class='ocr_par' dir='ltr' id='par_1_9' title="bbox 190 878 1795 961">
     <span class='ocr_line' id='line_1_9' title="bbox 190 878 1795 961; baseline 0.004 -24"><span class='ocrx_word' id='word_1_40' title='bbox 190 878 266 955; x_wconf 83' lang='grc' dir='ltr'>ἦν</span> <span class='ocrx_word' id='word_1_41' title='bbox 297 886 417 938; x_wconf 88' lang='grc' dir='ltr'>κατ’</span> <span class='ocrx_word' id='word_1_42' title='bbox 443 885 602 946; x_wconf 80' lang='grc' dir='ltr'>ἰξύων</span> <span class='ocrx_word' id='word_1_43' title='bbox 628 886 674 917; x_wconf 76' lang='grc'><strong>⁸⁸</strong></span> <span class='ocrx_word' id='word_1_44' title='bbox 705 887 906 955; x_wconf 88' lang='grc' dir='ltr'>χρυσῆ,</span> <span class='ocrx_word' id='word_1_45' title='bbox 940 889 1259 960; x_wconf 78' lang='grc' dir='ltr'>ἀναξυρίδες</span> <span class='ocrx_word' id='word_1_46' title='bbox 1276 893 1339 943; x_wconf 81' lang='grc' dir='ltr'>ὲκ</span> <span class='ocrx_word' id='word_1_47' title='bbox 1359 892 1576 959; x_wconf 83' lang='grc' dir='ltr'><strong>ταρσῶν</strong></span> <span class='ocrx_word' id='word_1_48' title='bbox 1608 891 1795 961; x_wconf 80' lang='grc' dir='ltr'>άκρων</span> 
     </span>
    </p>
   </div>
   <div class='ocr_carea' id='block_1_10' title="bbox 190 978 1792 1051">
    <p class='ocr_par' dir='ltr' id='par_1_10' title="bbox 190 978 1792 1051">
     <span class='ocr_line' id='line_1_10' title="bbox 190 978 1792 1051; baseline 0.001 -20"><span class='ocrx_word' id='word_1_49' title='bbox 190 978 329 1045; x_wconf 81' lang='grc' dir='ltr'>ἄχρι</span> <span class='ocrx_word' id='word_1_50' title='bbox 369 979 459 1029; x_wconf 81' lang='grc' dir='ltr'>καὶ</span> <span class='ocrx_word' id='word_1_51' title='bbox 512 978 755 1044; x_wconf 84' lang='grc' dir='ltr'>γλουτῶν</span> <span class='ocrx_word' id='word_1_52' title='bbox 805 980 1207 1035; x_wconf 87' lang='grc' dir='ltr'>ἀνατείνουσαι.</span> <span class='ocrx_word' id='word_1_53' title='bbox 1243 982 1417 1035; x_wconf 85' lang='grc' dir='ltr'>Τοῦτο</span> <span class='ocrx_word' id='word_1_54' title='bbox 1452 984 1792 1051; x_wconf 71' lang='grc' dir='ltr'>πανταχόθεν</span> 
     </span>
    </p>
   </div>
   <div class='ocr_carea' id='block_1_11' title="bbox 191 1071 1793 1145">
    <p class='ocr_par' dir='ltr' id='par_1_11' title="bbox 191 1071 1793 1145">
     <span class='ocr_line' id='line_1_11' title="bbox 191 1071 1793 1145; baseline 0.002 -23"><span class='ocrx_word' id='word_1_55' title='bbox 191 1071 554 1140; x_wconf 79' lang='grc' dir='ltr'>εὑρίσκομεν,</span> <span class='ocrx_word' id='word_1_56' title='bbox 592 1072 847 1144; x_wconf 87' lang='grc' dir='ltr'>καθάπερ</span> <span class='ocrx_word' id='word_1_57' title='bbox 890 1074 949 1126; x_wconf 83' lang='grc' dir='ltr'>ὲν</span> <span class='ocrx_word' id='word_1_58' title='bbox 976 1072 1213 1145; x_wconf 78' lang='grc' dir='ltr'>ἁρμονίᾳ</span> <span class='ocrx_word' id='word_1_59' title='bbox 1266 1073 1456 1144; x_wconf 80' lang='grc' dir='ltr'>λύρας,</span> <span class='ocrx_word' id='word_1_60' title='bbox 1502 1074 1793 1144; x_wconf 76' lang='grc' dir='ltr'>σύμφωνον</span> 
     </span>
    </p>
   </div>
   <div class='ocr_carea' id='block_1_12' title="bbox 192 1160 1789 1237">
    <p class='ocr_par' dir='ltr' id='par_1_12' title="bbox 192 1160 1789 1237">
     <span class='ocr_line' id='line_1_12' title="bbox 192 1160 1789 1237; baseline 0.001 -22"><span class='ocrx_word' id='word_1_61' title='bbox 192 1162 439 1232; x_wconf 79' lang='grc' dir='ltr'>ἠχοῦντα</span> <span class='ocrx_word' id='word_1_62' title='bbox 490 1166 559 1233; x_wconf 81' lang='grc' dir='ltr'>τῇ</span> <span class='ocrx_word' id='word_1_63' title='bbox 620 1164 814 1235; x_wconf 83' lang='grc' dir='ltr'>γνώμῃ</span> <span class='ocrx_word' id='word_1_64' title='bbox 868 1165 959 1218; x_wconf 82' lang='grc' dir='ltr'><strong>τὸν</strong></span> <span class='ocrx_word' id='word_1_65' title='bbox 996 1166 1173 1233; x_wconf 89' lang='grc' dir='ltr'>λόγον.</span> <span class='ocrx_word' id='word_1_66' title='bbox 1209 1160 1318 1219; x_wconf 85' lang='grc' dir='ltr'>Ἦν</span> <span class='ocrx_word' id='word_1_67' title='bbox 1346 1168 1476 1237; x_wconf 76' lang='grc' dir='ltr'>ἡδὺς</span> <span class='ocrx_word' id='word_1_68' title='bbox 1524 1169 1789 1236; x_wconf 78' lang='grc' dir='ltr'>ἐντυχεῖν,</span> 
     </span>
    </p>
   </div>
   <div class='ocr_carea' id='block_1_13' title="bbox 194 1256 1792 1331">
    <p class='ocr_par' dir='ltr' id='par_1_13' title="bbox 194 1256 1792 1331">
     <span class='ocr_line' id='line_1_13' title="bbox 194 1256 1792 1331; baseline 0 -21"><span class='ocrx_word' id='word_1_69' title='bbox 194 1256 371 1317; x_wconf 78' lang='grc' dir='ltr'>δεινὸς</span> <span class='ocrx_word' id='word_1_70' title='bbox 399 1257 576 1326; x_wconf 79' lang='grc' dir='ltr'>ἡσυχῆ</span> <span class='ocrx_word' id='word_1_71' title='bbox 616 1257 862 1327; x_wconf 83' lang='grc' dir='ltr'>μεγάλην</span> <span class='ocrx_word' id='word_1_72' title='bbox 928 1259 1131 1326; x_wconf 83' lang='grc' dir='ltr'>πρᾶξιν</span> <span class='ocrx_word' id='word_1_73' title='bbox 1179 1260 1543 1331; x_wconf 78' lang='grc' dir='ltr'>ἐργάσασθαι.</span> <span class='ocrx_word' id='word_1_74' title='bbox 1576 1258 1703 1323; x_wconf 79' lang='grc' dir='ltr'>ὀξὺς</span> <span class='ocrx_word' id='word_1_75' title='bbox 1730 1260 1792 1311; x_wconf 80' lang='grc' dir='ltr'><strong>τὸ</strong></span> 
     </span>
    </p>
   </div>
   <div class='ocr_carea' id='block_1_14' title="bbox 195 1347 1793 1421">
    <p class='ocr_par' dir='ltr' id='par_1_14' title="bbox 195 1347 1793 1421">
     <span class='ocr_line' id='line_1_14' title="bbox 195 1347 1793 1421; baseline 0.003 -22"><span class='ocrx_word' id='word_1_76' title='bbox 195 1351 377 1418; x_wconf 83' lang='grc' dir='ltr'>παρὸν</span> <span class='ocrx_word' id='word_1_77' title='bbox 413 1347 562 1412; x_wconf 73' lang='grc' dir='ltr'>ἰδεῖν,</span> <span class='ocrx_word' id='word_1_78' title='bbox 597 1349 889 1418; x_wconf 74' lang='grc' dir='ltr'><strong>προμηθὴς</strong></span> <span class='ocrx_word' id='word_1_79' title='bbox 943 1351 1004 1402; x_wconf 82' lang='grc' dir='ltr'><strong>τὸ</strong></span> <span class='ocrx_word' id='word_1_80' title='bbox 1061 1351 1256 1420; x_wconf 78' lang='grc' dir='ltr'>μέλλον</span> <span class='ocrx_word' id='word_1_81' title='bbox 1288 1350 1676 1421; x_wconf 83' lang='grc' dir='ltr'>φυλάττεσθαι,</span> <span class='ocrx_word' id='word_1_82' title='bbox 1706 1367 1793 1403; x_wconf 90' lang='grc' dir='ltr'>σο-</span> 
     </span>
    </p>
   </div>
   <div class='ocr_carea' id='block_1_15' title="bbox 192 1437 1787 1515">
    <p class='ocr_par' dir='ltr' id='par_1_15' title="bbox 192 1437 1787 1515">
     <span class='ocr_line' id='line_1_15' title="bbox 192 1437 1787 1515; baseline 0.006 -27"><span class='ocrx_word' id='word_1_83' title='bbox 192 1437 329 1506; x_wconf 81' lang='grc' dir='ltr'>φίας</span> <span class='ocrx_word' id='word_1_84' title='bbox 362 1438 562 1507; x_wconf 81' lang='grc' dir='ltr'>ἥττων,</span> <span class='ocrx_word' id='word_1_85' title='bbox 596 1439 837 1509; x_wconf 78' lang='grc' dir='ltr'>ἐραστὴς</span> <span class='ocrx_word' id='word_1_86' title='bbox 899 1441 1103 1510; x_wconf 82' lang='grc' dir='ltr'>φιλίας,</span> <span class='ocrx_word' id='word_1_87' title='bbox 1160 1443 1316 1513; x_wconf 83' lang='grc' dir='ltr'>ὀλίγα</span> <span class='ocrx_word' id='word_1_88' title='bbox 1365 1442 1465 1513; x_wconf 84' lang='grc' dir='ltr'><strong>μὲν</strong></span> <span class='ocrx_word' id='word_1_89' title='bbox 1512 1441 1653 1515; x_wconf 79' lang='grc' dir='ltr'>τύχῃ</span> <span class='ocrx_word' id='word_1_90' title='bbox 1696 1460 1787 1497; x_wconf 79' lang='grc' dir='ltr'>πισ</span> 
     </span>
    </p>
   </div>
   <div class='ocr_carea' id='block_1_16' title="bbox 189 1526 1448 1606">
    <p class='ocr_par' dir='ltr' id='par_1_16' title="bbox 189 1526 1448 1606">
     <span class='ocr_line' id='line_1_16' title="bbox 189 1526 1448 1606; baseline 0.007 -24"><span class='ocrx_word' id='word_1_91' title='bbox 189 1526 427 1594; x_wconf 67' lang='grc' dir='ltr'>στεύων,</span> <span class='ocrx_word' id='word_1_92' title='bbox 455 1529 650 1602; x_wconf 80' lang='grc' dir='ltr'>γνώμῃ</span> <span class='ocrx_word' id='word_1_93' title='bbox 676 1530 733 1583; x_wconf 82' lang='grc' dir='ltr'>δὲ</span> <span class='ocrx_word' id='word_1_94' title='bbox 750 1530 819 1583; x_wconf 73' lang='grc' dir='ltr'><strong>τὰ</strong></span> <span class='ocrx_word' id='word_1_95' title='bbox 841 1532 1021 1587; x_wconf 86' lang='grc' dir='ltr'>πάντα</span> <span class='ocrx_word' id='word_1_96' title='bbox 1062 1534 1448 1606; x_wconf 78' lang='grc' dir='ltr'>πιστούμενος.</span> 
     </span>
    </p>
   </div>
   <div class='ocr_carea' id='block_1_17' title="bbox 522 1622 1470 1699">
    <p class='ocr_par' dir='ltr' id='par_1_17' title="bbox 522 1622 1470 1699">
     <span class='ocr_line' id='line_1_17' title="bbox 522 1622 1470 1699; baseline 0.013 -25"><span class='ocrx_word' id='word_1_97' title='bbox 522 1622 627 1676; x_wconf 82' lang='grc' dir='ltr'>Ἐκ</span> <span class='ocrx_word' id='word_1_98' title='bbox 652 1622 759 1676; x_wconf 81' lang='grc' dir='ltr'>τοῦ</span> <span class='ocrx_word' id='word_1_99' title='bbox 788 1626 876 1689; x_wconf 82' lang='grc' dir='ltr'>εις</span> <span class='ocrx_word' id='word_1_100' title='bbox 906 1624 1171 1694; x_wconf 80' lang='grc' dir='ltr'>Σεϐἦρον</span> <span class='ocrx_word' id='word_1_101' title='bbox 1209 1628 1470 1699; x_wconf 75' lang='grc' dir='ltr'>ἑταῖρον.</span> 
     </span>
    </p>
   </div>
   <div class='ocr_carea' id='block_1_18' title="bbox 267 1713 1792 1794">
    <p class='ocr_par' dir='ltr' id='par_1_18' title="bbox 267 1713 1792 1794">
     <span class='ocr_line' id='line_1_18' title="bbox 267 1713 1792 1794; baseline 0.009 -27"><span class='ocrx_word' id='word_1_102' title='bbox 267 1715 368 1779; x_wconf 87' lang='grc' dir='ltr'><strong>Τίς</strong></span> <span class='ocrx_word' id='word_1_103' title='bbox 405 1713 515 1785; x_wconf 81' lang='grc' dir='ltr'><strong>γὰρ</strong></span> <span class='ocrx_word' id='word_1_104' title='bbox 581 1713 793 1768; x_wconf 74' lang='grc' dir='ltr'>ἐκείνου</span> <span class='ocrx_word' id='word_1_105' title='bbox 826 1717 1088 1789; x_wconf 81' lang='grc' dir='ltr'>μᾶλλονῆ</span> <span class='ocrx_word' id='word_1_106' title='bbox 1140 1721 1237 1774; x_wconf 84' lang='grc' dir='ltr'><strong>σὺν</strong></span> <span class='ocrx_word' id='word_1_107' title='bbox 1281 1722 1437 1793; x_wconf 88' lang='grc' dir='ltr'>τάχει</span> <span class='ocrx_word' id='word_1_108' title='bbox 1465 1724 1564 1794; x_wconf 82' lang='grc' dir='ltr'><strong>τὴν</strong></span> <span class='ocrx_word' id='word_1_109' title='bbox 1589 1723 1684 1779; x_wconf 83' lang='grc' dir='ltr'>τοῦ</span> <span class='ocrx_word' id='word_1_110' title='bbox 1711 1725 1792 1779; x_wconf 87' lang='grc' dir='ltr'>δι-</span> 
     </span>
    </p>
   </div>
   <div class='ocr_carea' id='block_1_19' title="bbox 188 1804 1789 1889">
    <p class='ocr_par' dir='ltr' id='par_1_19' title="bbox 188 1804 1789 1889">
     <span class='ocr_line' id='line_1_19' title="bbox 188 1804 1789 1889; baseline 0.009 -32"><span class='ocrx_word' id='word_1_111' title='bbox 188 1805 359 1858; x_wconf 82' lang='grc' dir='ltr'>καίου</span> <span class='ocrx_word' id='word_1_112' title='bbox 425 1804 589 1875; x_wconf 87' lang='grc' dir='ltr'>φύσιν</span> <span class='ocrx_word' id='word_1_113' title='bbox 639 1806 998 1880; x_wconf 83' lang='grc' dir='ltr'>έθήρευεν,ἣ</span> <span class='ocrx_word' id='word_1_114' title='bbox 1056 1811 1155 1865; x_wconf 82' lang='grc' dir='ltr'><strong>σὺν</strong></span> <span class='ocrx_word' id='word_1_115' title='bbox 1194 1812 1449 1885; x_wconf 79' lang='grc' dir='ltr'><strong>ὀρθότητι</strong></span> <span class='ocrx_word' id='word_1_116' title='bbox 1511 1816 1789 1889; x_wconf 88' lang='grc' dir='ltr'>θηρεύσας</span> 
     </span>
    </p>
   </div>
   <div class='ocr_carea' id='block_1_20' title="bbox 189 1898 1789 1980">
    <p class='ocr_par' dir='ltr' id='par_1_20' title="bbox 189 1898 1789 1980">
     <span class='ocr_line' id='line_1_20' title="bbox 189 1898 1789 1980; baseline 0.009 -31"><span class='ocrx_word' id='word_1_117' title='bbox 189 1898 553 1968; x_wconf 77' lang='grc' dir='ltr'>ὲδημοσίευεν</span> <span class='ocrx_word' id='word_1_118' title='bbox 580 1899 626 1931; x_wconf 82' lang='grc'><strong>⁹⁰</strong></span> <span class='ocrx_word' id='word_1_119' title='bbox 652 1914 667 1962; x_wconf 92' lang='lat'><strong>;</strong></span> <span class='ocrx_word' id='word_1_120' title='bbox 715 1899 813 1964; x_wconf 88' lang='grc' dir='ltr'><strong>Τίς</strong></span> <span class='ocrx_word' id='word_1_121' title='bbox 840 1901 940 1971; x_wconf 86' lang='grc' dir='ltr'><strong>μὲν</strong></span> <span class='ocrx_word' id='word_1_122' title='bbox 993 1901 1168 1968; x_wconf 80' lang='grc' dir='ltr'>οὕτως</span> <span class='ocrx_word' id='word_1_123' title='bbox 1207 1906 1334 1972; x_wconf 79' lang='grc' dir='ltr'>ὀξὺς</span> <span class='ocrx_word' id='word_1_124' title='bbox 1356 1908 1582 1980; x_wconf 80' lang='grc' dir='ltr'>πρᾶξαι,</span> <span class='ocrx_word' id='word_1_125' title='bbox 1621 1912 1704 1973; x_wconf 86' lang='grc' dir='ltr'><strong>τίς</strong></span> <span class='ocrx_word' id='word_1_126' title='bbox 1734 1911 1789 1963; x_wconf 86' lang='grc' dir='ltr'><strong>δὲ</strong></span> 
     </span>
    </p>
   </div>
   <div class='ocr_carea' id='block_1_21' title="bbox 195 1988 1793 2072">
    <p class='ocr_par' dir='ltr' id='par_1_21' title="bbox 195 1988 1793 2072">
     <span class='ocr_line' id='line_1_21' title="bbox 195 1988 1793 2072; baseline 0.01 -32"><span class='ocrx_word' id='word_1_127' title='bbox 195 1988 407 2059; x_wconf 80' lang='grc' dir='ltr'>βραδὺς</span> <span class='ocrx_word' id='word_1_128' title='bbox 457 1988 687 2044; x_wconf 83' lang='grc' dir='ltr'>κολάσαι</span> <span class='ocrx_word' id='word_1_129' title='bbox 735 1992 827 2044; x_wconf 84' lang='grc' dir='ltr'><strong>τὸν</strong></span> <span class='ocrx_word' id='word_1_130' title='bbox 885 1993 1304 2063; x_wconf 87' lang='grc' dir='ltr'>κινδυνεύοντα;</span> <span class='ocrx_word' id='word_1_131' title='bbox 1360 1999 1445 2063; x_wconf 89' lang='grc' dir='ltr'><strong>τίς</strong></span> <span class='ocrx_word' id='word_1_132' title='bbox 1501 2002 1601 2072; x_wconf 82' lang='grc' dir='ltr'>μὲν</span> <span class='ocrx_word' id='word_1_133' title='bbox 1649 2002 1793 2056; x_wconf 76' lang='grc' dir='ltr'>οὕτω</span> 
     </span>
    </p>
   </div>
   <div class='ocr_carea' id='block_1_22' title="bbox 193 2084 1791 2165">
    <p class='ocr_par' dir='ltr' id='par_1_22' title="bbox 193 2084 1791 2165">
     <span class='ocr_line' id='line_1_22' title="bbox 193 2084 1791 2165; baseline 0.006 -27"><span class='ocrx_word' id='word_1_134' title='bbox 193 2084 469 2154; x_wconf 80' lang='grc' dir='ltr'><strong>κρείττων</strong></span> <span class='ocrx_word' id='word_1_135' title='bbox 498 2084 747 2155; x_wconf 80' lang='grc' dir='ltr'>χρυσίου,</span> <span class='ocrx_word' id='word_1_136' title='bbox 771 2086 856 2149; x_wconf 92' lang='grc' dir='ltr'><strong>τίς</strong></span> <span class='ocrx_word' id='word_1_137' title='bbox 889 2085 1015 2158; x_wconf 77' lang='grc'><strong>[616</strong></span> <span class='ocrx_word' id='word_1_138' title='bbox 1041 2086 1137 2160; x_wconf 84' lang='grc' dir='ltr'><strong>Η.]</strong></span> <span class='ocrx_word' id='word_1_139' title='bbox 1170 2088 1225 2142; x_wconf 85' lang='grc' dir='ltr'>δὲ</span> <span class='ocrx_word' id='word_1_140' title='bbox 1260 2090 1438 2159; x_wconf 74' lang='grc' dir='ltr'>ἥττων</span> <span class='ocrx_word' id='word_1_141' title='bbox 1477 2092 1791 2165; x_wconf 83' lang='grc' dir='ltr'>φιλανθρω-</span> 
     </span>
    </p>
   </div>
   <div class='ocr_carea' id='block_1_23' title="bbox 193 2174 1790 2253">
    <p class='ocr_par' dir='ltr' id='par_1_23' title="bbox 193 2174 1790 2253">
     <span class='ocr_line' id='line_1_23' title="bbox 193 2174 1790 2253; baseline 0.008 -28"><span class='ocrx_word' id='word_1_142' title='bbox 193 2174 331 2237; x_wconf 81' lang='grc' dir='ltr'>πίας</span> <span class='ocrx_word' id='word_1_143' title='bbox 380 2174 424 2205; x_wconf 73' lang='grc'><strong>’⁸</strong></span> <span class='ocrx_word' id='word_1_144' title='bbox 494 2176 588 2228; x_wconf 80' lang='grc' dir='ltr'>καὶ</span> <span class='ocrx_word' id='word_1_145' title='bbox 641 2175 737 2229; x_wconf 80' lang='grc' dir='ltr'><strong>τοῦ</strong></span> <span class='ocrx_word' id='word_1_146' title='bbox 796 2178 1128 2248; x_wconf 81' lang='grc' dir='ltr'>κατελεῆσαι</span> <span class='ocrx_word' id='word_1_147' title='bbox 1192 2180 1284 2233; x_wconf 87' lang='grc' dir='ltr'><strong>τὸν</strong></span> <span class='ocrx_word' id='word_1_148' title='bbox 1337 2182 1790 2253; x_wconf 77' lang='grc' dir='ltr'>δυστυχήσαντας</span> 
     </span>
    </p>
   </div>
   <div class='ocr_carea' id='block_1_24' title="bbox 205 2266 1797 2348">
    <p class='ocr_par' dir='ltr' id='par_1_24' title="bbox 205 2266 1797 2348">
     <span class='ocr_line' id='line_1_24' title="bbox 205 2266 1797 2348; baseline 0.006 -27"><span class='ocrx_word' id='word_1_149' title='bbox 205 2266 402 2337; x_wconf 80' lang='grc' dir='ltr'>Ἀδρδς</span> <span class='ocrx_word' id='word_1_150' title='bbox 454 2267 554 2338; x_wconf 81' lang='grc' dir='ltr'>μὲν</span> <span class='ocrx_word' id='word_1_151' title='bbox 604 2269 663 2322; x_wconf 80' lang='grc' dir='ltr'>ἐν</span> <span class='ocrx_word' id='word_1_152' title='bbox 716 2268 918 2339; x_wconf 85' lang='grc' dir='ltr'>λόγοις,</span> <span class='ocrx_word' id='word_1_153' title='bbox 948 2270 1086 2343; x_wconf 76' lang='grc' dir='ltr'>ἔργα</span> <span class='ocrx_word' id='word_1_154' title='bbox 1133 2271 1193 2326; x_wconf 84' lang='grc' dir='ltr'>δὲ</span> <span class='ocrx_word' id='word_1_155' title='bbox 1234 2273 1333 2327; x_wconf 72' lang='grc' dir='ltr'><strong>καὶ</strong></span> <span class='ocrx_word' id='word_1_156' title='bbox 1380 2274 1610 2347; x_wconf 79' lang='grc' dir='ltr'>πράξεις</span> <span class='ocrx_word' id='word_1_157' title='bbox 1642 2276 1797 2348; x_wconf 88' lang='grc' dir='ltr'>άδρό-</span> 
     </span>
    </p>
   </div>
   <div class='ocr_carea' id='block_1_25' title="bbox 193 2377 387 2432">
    <p class='ocr_par' dir='ltr' id='par_1_25' title="bbox 193 2377 387 2432">
     <span class='ocr_line' id='line_1_25' title="bbox 193 2377 387 2432; baseline 0.01 -20"><span class='ocrx_word' id='word_1_158' title='bbox 193 2377 387 2432; x_wconf 80' lang='grc' dir='ltr'>τερος.</span> 
     </span>
    </p>
   </div>
   <div class='ocr_carea' id='block_1_26' title="bbox 215 2451 1796 2581">
    <p class='ocr_par' dir='ltr' id='par_1_26' title="bbox 215 2451 1796 2581">
     <span class='ocr_line' id='line_1_26' title="bbox 215 2451 1796 2581; baseline 0.006 -72"><span class='ocrx_word' id='word_1_159' title='bbox 215 2458 305 2510; x_wconf 80' lang='grc' dir='ltr'>Εκ</span> <span class='ocrx_word' id='word_1_160' title='bbox 333 2451 441 2507; x_wconf 81' lang='grc' dir='ltr'>τοῦ</span> <span class='ocrx_word' id='word_1_161' title='bbox 468 2455 555 2521; x_wconf 81' lang='grc' dir='ltr'>εις</span> <span class='ocrx_word' id='word_1_162' title='bbox 589 2454 1054 2581; x_wconf 50' lang='grc' dir='ltr'>Σκυλὰκειοινάέ</span> <span class='ocrx_word' id='word_1_163' title='bbox 1100 2456 1209 2512; x_wconf 80' lang='grc' dir='ltr'><strong>τὸν</strong></span> <span class='ocrx_word' id='word_1_164' title='bbox 1256 2458 1607 2515; x_wconf 79' lang='grc' dir='ltr'>ἀνθύπατον</span> <span class='ocrx_word' id='word_1_165' title='bbox 1664 2461 1796 2517; x_wconf 82' lang='grc' dir='ltr'><strong>Ἐλ-</strong></span> 
     </span>
     <span class='ocr_line' id='line_1_27' title="bbox 1024 2544 1114 2581; baseline 0.011 -1"><span class='ocrx_word' id='word_1_166' title='bbox 1024 2544 1114 2581; x_wconf 82' lang='lat' dir='ltr'><strong>oc.</strong></span> 
     </span>
    </p>
   </div>
   <div class='ocr_carea' id='block_1_27' title="bbox 1024 2544 1114 2593">
    <p class='ocr_par' dir='ltr' id='par_1_27' title="bbox 1024 2544 1114 2593">
     <span class='ocr_line' id='line_1_28' title="bbox 1024 2544 1114 2593; baseline 0.011 -13"><span class='ocrx_word' id='word_1_167' title='bbox 1024 2544 1114 2593; x_wconf 86' lang='grc' dir='ltr'><strong>ος.</strong></span> 
     </span>
    </p>
   </div>
   <div class='ocr_carea' id='block_1_28' title="bbox 271 2616 1791 2695">
    <p class='ocr_par' dir='ltr' id='par_1_28' title="bbox 271 2616 1791 2695">
     <span class='ocr_line' id='line_1_29' title="bbox 271 2616 1791 2695; baseline 0.007 -26"><span class='ocrx_word' id='word_1_168' title='bbox 271 2616 475 2687; x_wconf 80' lang='grc' dir='ltr'>Χρυσῷ</span> <span class='ocrx_word' id='word_1_169' title='bbox 500 2616 597 2687; x_wconf 77' lang='grc' dir='ltr'>μὲν</span> <span class='ocrx_word' id='word_1_170' title='bbox 615 2616 787 2680; x_wconf 76' lang='grc' dir='ltr'>ἀσπὶς</span> <span class='ocrx_word' id='word_1_171' title='bbox 802 2617 1214 2689; x_wconf 83' lang='grc' dir='ltr'>ἀστράπτουσα,</span> <span class='ocrx_word' id='word_1_172' title='bbox 1240 2621 1333 2674; x_wconf 73' lang='grc' dir='ltr'><strong>καὶ</strong></span> <span class='ocrx_word' id='word_1_173' title='bbox 1357 2620 1455 2693; x_wconf 85' lang='grc' dir='ltr'><strong>τὴν</strong></span> <span class='ocrx_word' id='word_1_174' title='bbox 1493 2622 1791 2695; x_wconf 85' lang='grc' dir='ltr'>Ἡφαίστου</span> 
     </span>
    </p>
   </div>
   <div class='ocr_carea' id='block_1_29' title="bbox 199 2707 1794 2787">
    <p class='ocr_par' dir='ltr' id='par_1_29' title="bbox 199 2707 1794 2787">
     <span class='ocr_line' id='line_1_30' title="bbox 199 2707 1794 2787; baseline 0.008 -28"><span class='ocrx_word' id='word_1_175' title='bbox 199 2707 488 2779; x_wconf 86' lang='grc' dir='ltr'>μηνύουσα</span> <span class='ocrx_word' id='word_1_176' title='bbox 518 2711 675 2779; x_wconf 84' lang='grc' dir='ltr'>χεῖρα</span> <span class='ocrx_word' id='word_1_177' title='bbox 712 2712 824 2773; x_wconf 88' lang='grc' dir='ltr'>τοῖς</span> <span class='ocrx_word' id='word_1_178' title='bbox 845 2709 1142 2781; x_wconf 85' lang='grc' dir='ltr'>θαύμασιν,</span> <span class='ocrx_word' id='word_1_179' title='bbox 1192 2713 1275 2766; x_wconf 82' lang='grc' dir='ltr'><strong>ὅτι</strong></span> <span class='ocrx_word' id='word_1_180' title='bbox 1323 2714 1459 2785; x_wconf 83' lang='grc' dir='ltr'>μόνη</span> <span class='ocrx_word' id='word_1_181' title='bbox 1484 2715 1573 2770; x_wconf 79' lang='grc' dir='ltr'>διὰ</span> <span class='ocrx_word' id='word_1_182' title='bbox 1604 2717 1794 2787; x_wconf 85' lang='grc' dir='ltr'>σοφίαν</span> 
     </span>
    </p>
   </div>
   <div class='ocr_carea' id='block_1_30' title="bbox 198 2800 1797 2883">
    <p class='ocr_par' dir='ltr' id='par_1_30' title="bbox 198 2800 1797 2883">
     <span class='ocr_line' id='line_1_31' title="bbox 198 2800 1797 2883; baseline 0.009 -31"><span class='ocrx_word' id='word_1_183' title='bbox 198 2800 474 2870; x_wconf 65' lang='grc' dir='ltr'>ἠπίστατο</span> <span class='ocrx_word' id='word_1_184' title='bbox 494 2803 561 2872; x_wconf 82' lang='grc' dir='ltr'>τῇ</span> <span class='ocrx_word' id='word_1_185' title='bbox 612 2800 780 2872; x_wconf 83' lang='grc' dir='ltr'>τέχνῃ</span> <span class='ocrx_word' id='word_1_186' title='bbox 811 2802 976 2870; x_wconf 84' lang='grc' dir='ltr'>φύσιν</span> <span class='ocrx_word' id='word_1_187' title='bbox 1022 2806 1393 2875; x_wconf 85' lang='grc' dir='ltr'>μιμήσασθαι.</span> <span class='ocrx_word' id='word_1_188' title='bbox 1419 2809 1733 2883; x_wconf 78' lang='grc' dir='ltr'>Μαίανδρος</span> <span class='ocrx_word' id='word_1_189' title='bbox 1765 2814 1797 2865; x_wconf 84' lang='grc' dir='ltr'><strong>ὁ</strong></span> 
     </span>
    </p>
   </div>
   <div class='ocr_carea' id='block_1_31' title="bbox 194 2892 1791 2969">
    <p class='ocr_par' dir='ltr' id='par_1_31' title="bbox 194 2892 1791 2969">
     <span class='ocr_line' id='line_1_32' title="bbox 194 2892 1791 2969; baseline 0.008 -25"><span class='ocrx_word' id='word_1_190' title='bbox 194 2894 331 2964; x_wconf 70' lang='grc' dir='ltr'>Κὰρ</span> <span class='ocrx_word' id='word_1_191' title='bbox 375 2894 423 2924; x_wconf 81' lang='grc'><strong><em>³³</em></strong></span> <span class='ocrx_word' id='word_1_192' title='bbox 472 2892 741 2962; x_wconf 81' lang='grc' dir='ltr'>ποταμὸς,</span> <span class='ocrx_word' id='word_1_193' title='bbox 791 2894 915 2947; x_wconf 83' lang='grc' dir='ltr'>ὅσον</span> <span class='ocrx_word' id='word_1_194' title='bbox 946 2894 1141 2966; x_wconf 81' lang='grc' dir='ltr'>πλήθει</span> <span class='ocrx_word' id='word_1_195' title='bbox 1172 2897 1265 2950; x_wconf 72' lang='grc' dir='ltr'>τοῦ</span> <span class='ocrx_word' id='word_1_196' title='bbox 1297 2899 1493 2953; x_wconf 87' lang='grc' dir='ltr'>Νείλου</span> <span class='ocrx_word' id='word_1_197' title='bbox 1526 2902 1791 2969; x_wconf 79' lang='grc' dir='ltr'>λείπεται,</span> 
     </span>
    </p>
   </div>
   <div class='ocr_carea' id='block_1_32' title="bbox 193 2986 1793 3066">
    <p class='ocr_par' dir='ltr' id='par_1_32' title="bbox 193 2986 1793 3066">
     <span class='ocr_line' id='line_1_33' title="bbox 193 2986 1793 3066; baseline 0.007 -26"><span class='ocrx_word' id='word_1_198' title='bbox 193 2986 456 3040; x_wconf 80' lang='grc' dir='ltr'>τοσοῦτον</span> <span class='ocrx_word' id='word_1_199' title='bbox 484 2987 642 3056; x_wconf 91' lang='grc' dir='ltr'>φύσει</span> <span class='ocrx_word' id='word_1_200' title='bbox 702 2989 972 3059; x_wconf 87' lang='grc' dir='ltr'>περίεστι.</span> <span class='ocrx_word' id='word_1_201' title='bbox 1006 2990 1114 3044; x_wconf 85' lang='grc' dir='ltr'>Τοῦ</span> <span class='ocrx_word' id='word_1_202' title='bbox 1159 2992 1257 3063; x_wconf 82' lang='grc' dir='ltr'>μὲν</span> <span class='ocrx_word' id='word_1_203' title='bbox 1298 2992 1406 3063; x_wconf 86' lang='grc' dir='ltr'>γὰρ</span> <span class='ocrx_word' id='word_1_204' title='bbox 1441 2995 1608 3065; x_wconf 77' lang='grc' dir='ltr'>μῦθος</span> <span class='ocrx_word' id='word_1_205' title='bbox 1648 2997 1681 3066; x_wconf 81' lang='grc' dir='ltr'><strong>ή</strong></span> <span class='ocrx_word' id='word_1_206' title='bbox 1720 2994 1793 3063; x_wconf 79' lang='grc' dir='ltr'><strong>γῆ</strong></span> 
     </span>
    </p>
   </div>
   <div class='ocr_carea' id='block_1_33' title="bbox 194 3080 1796 3156">
    <p class='ocr_par' dir='ltr' id='par_1_33' title="bbox 194 3080 1796 3156">
     <span class='ocr_line' id='line_1_34' title="bbox 194 3080 1796 3156; baseline 0.005 -25"><span class='ocrx_word' id='word_1_207' title='bbox 194 3080 271 3150; x_wconf 79' lang='grc' dir='ltr'>ἢν</span> <span class='ocrx_word' id='word_1_208' title='bbox 305 3080 627 3145; x_wconf 79' lang='grc' dir='ltr'>Αἰγυπτίοις</span> <span class='ocrx_word' id='word_1_209' title='bbox 675 3080 959 3151; x_wconf 77' lang='grc' dir='ltr'>χαρίζεται</span> <span class='ocrx_word' id='word_1_210' title='bbox 984 3098 999 3114; x_wconf 75' lang='grc' dir='ltr'><strong>ο</strong></span> <span class='ocrx_word' id='word_1_211' title='bbox 1024 3081 1053 3133; x_wconf 91' lang='grc' dir='ltr'><strong>ό</strong></span> <span class='ocrx_word' id='word_1_212' title='bbox 1098 3082 1155 3136; x_wconf 82' lang='grc' dir='ltr'>δὲ</span> <span class='ocrx_word' id='word_1_213' title='bbox 1196 3083 1492 3156; x_wconf 83' lang='grc' dir='ltr'>πλωτῆρας</span> <span class='ocrx_word' id='word_1_214' title='bbox 1522 3087 1796 3156; x_wconf 83' lang='grc' dir='ltr'>ἀποσυλή-</span> 
     </span>
    </p>
   </div>
   <div class='ocr_carea' id='block_1_34' title="bbox 199 3170 1794 3247">
    <p class='ocr_par' dir='ltr' id='par_1_34' title="bbox 199 3170 1794 3247">
     <span class='ocr_line' id='line_1_35' title="bbox 199 3170 1794 3247; baseline 0.006 -25"><span class='ocrx_word' id='word_1_215' title='bbox 199 3186 304 3235; x_wconf 88' lang='grc' dir='ltr'><strong>σας</strong></span> <span class='ocrx_word' id='word_1_216' title='bbox 330 3170 376 3203; x_wconf 65' lang='grc'><strong>⁸⁵</strong></span> <span class='ocrx_word' id='word_1_217' title='bbox 403 3171 501 3242; x_wconf 85' lang='grc' dir='ltr'>τὴν</span> <span class='ocrx_word' id='word_1_218' title='bbox 524 3171 817 3237; x_wconf 86' lang='grc' dir='ltr'>θάλατταν,</span> <span class='ocrx_word' id='word_1_219' title='bbox 849 3173 1112 3243; x_wconf 88' lang='grc' dir='ltr'>γηπόνοις</span> <span class='ocrx_word' id='word_1_220' title='bbox 1166 3174 1373 3245; x_wconf 81' lang='grc' dir='ltr'>σχίζειν</span> <span class='ocrx_word' id='word_1_221' title='bbox 1408 3176 1606 3230; x_wconf 78' lang='grc' dir='ltr'>ἔδωκεν</span> <span class='ocrx_word' id='word_1_222' title='bbox 1628 3178 1794 3247; x_wconf 88' lang='grc' dir='ltr'>ἀρού-</span> 
     </span>
    </p>
   </div>
   <div class='ocr_carea' id='block_1_35' title="bbox 204 3262 1797 3333">
    <p class='ocr_par' dir='ltr' id='par_1_35' title="bbox 204 3262 1797 3333">
     <span class='ocr_line' id='line_1_36' title="bbox 204 3262 1797 3333; baseline 0.004 -19"><span class='ocrx_word' id='word_1_223' title='bbox 204 3279 331 3333; x_wconf 83' lang='grc' dir='ltr'>ραις</span> <span class='ocrx_word' id='word_1_224' title='bbox 367 3263 488 3315; x_wconf 76' lang='grc' dir='ltr'>ἀντὶ</span> <span class='ocrx_word' id='word_1_225' title='bbox 524 3264 790 3331; x_wconf 87' lang='grc' dir='ltr'>κυμάτων</span> <span class='ocrx_word' id='word_1_226' title='bbox 820 3264 920 3326; x_wconf 80' lang='grc' dir='ltr'><strong>τὰς</strong></span> <span class='ocrx_word' id='word_1_227' title='bbox 955 3266 1000 3297; x_wconf 72' lang='grc'><strong>⁸⁸</strong></span> <span class='ocrx_word' id='word_1_228' title='bbox 1039 3262 1310 3329; x_wconf 54' lang='grc' dir='ltr'>αὔλακας.</span> <span class='ocrx_word' id='word_1_229' title='bbox 1338 3267 1497 3330; x_wconf 87' lang='grc' dir='ltr'>Ἴδοις</span> <span class='ocrx_word' id='word_1_230' title='bbox 1526 3266 1593 3320; x_wconf 85' lang='grc' dir='ltr'>ἂν</span> <span class='ocrx_word' id='word_1_231' title='bbox 1614 3269 1797 3321; x_wconf 89' lang='grc' dir='ltr'>πεδίον</span> 
     </span>
    </p>
   </div>
   <div class='ocr_carea' id='block_1_36' title="bbox 207 3355 1800 3429">
    <p class='ocr_par' dir='ltr' id='par_1_36' title="bbox 207 3355 1800 3429">
     <span class='ocr_line' id='line_1_37' title="bbox 207 3355 1800 3429; baseline 0.004 -23"><span class='ocrx_word' id='word_1_232' title='bbox 207 3355 309 3422; x_wconf 81' lang='grc' dir='ltr'><strong>μὲν</strong></span> <span class='ocrx_word' id='word_1_233' title='bbox 341 3356 441 3424; x_wconf 77' lang='grc' dir='ltr'>τὴν</span> <span class='ocrx_word' id='word_1_234' title='bbox 484 3355 719 3425; x_wconf 84' lang='grc' dir='ltr'>πρόσθεν</span> <span class='ocrx_word' id='word_1_235' title='bbox 758 3356 1051 3419; x_wconf 87' lang='grc' dir='ltr'>θάλατταν,</span> <span class='ocrx_word' id='word_1_236' title='bbox 1114 3357 1427 3427; x_wconf 80' lang='grc' dir='ltr'>σκιρτῶντα</span> <span class='ocrx_word' id='word_1_237' title='bbox 1468 3359 1525 3412; x_wconf 81' lang='grc' dir='ltr'>δὲ</span> <span class='ocrx_word' id='word_1_238' title='bbox 1549 3360 1670 3412; x_wconf 75' lang='grc' dir='ltr'>ἀντὶ</span> <span class='ocrx_word' id='word_1_239' title='bbox 1701 3358 1800 3429; x_wconf 81' lang='grc' dir='ltr'><strong>μὲν</strong></span> 
     </span>
    </p>
   </div>
   <div class='ocr_carea' id='block_1_37' title="bbox 196 3444 1799 3521">
    <p class='ocr_par' dir='ltr' id='par_1_37' title="bbox 196 3444 1799 3521">
     <span class='ocr_line' id='line_1_38' title="bbox 196 3444 1799 3521; baseline 0.004 -23"><span class='ocrx_word' id='word_1_240' title='bbox 196 3444 465 3513; x_wconf 81' lang='grc' dir='ltr'>δελφίνων</span> <span class='ocrx_word' id='word_1_241' title='bbox 487 3445 681 3514; x_wconf 79' lang='grc' dir='ltr'>νεϐρόν</span> <span class='ocrx_word' id='word_1_242' title='bbox 704 3462 718 3475; x_wconf 92' lang='grc'><strong>·</strong></span> <span class='ocrx_word' id='word_1_243' title='bbox 754 3448 873 3500; x_wconf 78' lang='grc' dir='ltr'>ἀντὶ</span> <span class='ocrx_word' id='word_1_244' title='bbox 916 3447 975 3499; x_wconf 74' lang='grc' dir='ltr'>δὲ</span> <span class='ocrx_word' id='word_1_245' title='bbox 1013 3447 1212 3502; x_wconf 87' lang='grc' dir='ltr'>ναύτου</span> <span class='ocrx_word' id='word_1_246' title='bbox 1244 3450 1559 3514; x_wconf 87' lang='grc' dir='ltr'>κελεύοντος</span> <span class='ocrx_word' id='word_1_247' title='bbox 1585 3451 1799 3521; x_wconf 83' lang='grc' dir='ltr'>νομέως</span> 
     </span>
    </p>
   </div>
   <div class='ocr_carea' id='block_1_38' title="bbox 199 3536 1002 3608">
    <p class='ocr_par' dir='ltr' id='par_1_38' title="bbox 199 3536 1002 3608">
     <span class='ocr_line' id='line_1_39' title="bbox 199 3536 1002 3608; baseline 0.005 -20"><span class='ocrx_word' id='word_1_248' title='bbox 199 3536 448 3607; x_wconf 78' lang='grc' dir='ltr'>ἡχούσης</span> <span class='ocrx_word' id='word_1_249' title='bbox 477 3537 686 3607; x_wconf 85' lang='grc' dir='ltr'>ἀκούσῃ</span> <span class='ocrx_word' id='word_1_250' title='bbox 717 3537 1002 3608; x_wconf 88' lang='grc' dir='ltr'>σύριγγος.</span> 
     </span>
    </p>
   </div>
   <div class='ocr_carea' id='block_1_39' title="bbox 194 3622 1796 3702">
    <p class='ocr_par' dir='ltr' id='par_1_39' title="bbox 194 3622 1796 3702">
     <span class='ocr_line' id='line_1_40' title="bbox 194 3622 1796 3702; baseline 0.005 -24"><span class='ocrx_word' id='word_1_251' title='bbox 194 3622 304 3679; x_wconf 81' lang='grc' dir='ltr'>Ἐκ</span> <span class='ocrx_word' id='word_1_252' title='bbox 326 3626 431 3680; x_wconf 85' lang='grc' dir='ltr'>τοῦ</span> <span class='ocrx_word' id='word_1_253' title='bbox 460 3628 546 3694; x_wconf 85' lang='grc' dir='ltr'>εις</span> <span class='ocrx_word' id='word_1_254' title='bbox 575 3626 879 3694; x_wconf 75' lang='grc' dir='ltr'>νεήλυδας</span> <span class='ocrx_word' id='word_1_255' title='bbox 894 3629 1237 3699; x_wconf 66' lang='grc' dir='ltr'>Ἐφεσίους.</span> <span class='ocrx_word' id='word_1_256' title='bbox 1268 3662 1338 3671; x_wconf 89' lang='grc'><strong>-</strong></span> <span class='ocrx_word' id='word_1_257' title='bbox 1358 3632 1429 3685; x_wconf 82' lang='grc' dir='ltr'>Τὸ</span> <span class='ocrx_word' id='word_1_258' title='bbox 1455 3632 1796 3702; x_wconf 79' lang='grc' dir='ltr'>Προοίμιον.</span> 
     </span>
    </p>
   </div>
   <div class='ocr_carea' id='block_1_40' title="bbox 277 3777 1797 3854">
    <p class='ocr_par' dir='ltr' id='par_1_40' title="bbox 277 3777 1797 3854">
     <span class='ocr_line' id='line_1_41' title="bbox 277 3777 1797 3854; baseline 0.006 -24"><span class='ocrx_word' id='word_1_259' title='bbox 277 3777 409 3831; x_wconf 83' lang='grc' dir='ltr'>Ὅτε</span> <span class='ocrx_word' id='word_1_260' title='bbox 442 3778 488 3810; x_wconf 77' lang='grc'><strong>³⁸</strong></span> <span class='ocrx_word' id='word_1_261' title='bbox 513 3778 605 3832; x_wconf 81' lang='grc' dir='ltr'>τὸν</span> <span class='ocrx_word' id='word_1_262' title='bbox 655 3779 922 3849; x_wconf 73' lang='grc' dir='ltr'>μαντικὸν</span> <span class='ocrx_word' id='word_1_263' title='bbox 962 3782 1240 3835; x_wconf 83' lang='grc' dir='ltr'>Ἀπόλλων</span> <span class='ocrx_word' id='word_1_264' title='bbox 1298 3783 1520 3853; x_wconf 79' lang='grc' dir='ltr'>ἱδρύσας</span> <span class='ocrx_word' id='word_1_265' title='bbox 1565 3783 1797 3854; x_wconf 87' lang='grc' dir='ltr'>τρίποδα</span> 
     </span>
    </p>
   </div>
   <div class='ocr_carea' id='block_1_41' title="bbox 191 3870 1797 3945">
    <p class='ocr_par' dir='ltr' id='par_1_41' title="bbox 191 3870 1797 3945">
     <span class='ocr_line' id='line_1_42' title="bbox 191 3870 1797 3945; baseline 0.002 -19"><span class='ocrx_word' id='word_1_266' title='bbox 191 3873 319 3934; x_wconf 82' lang='grc' dir='ltr'>τοῖς</span> <span class='ocrx_word' id='word_1_267' title='bbox 380 3870 720 3941; x_wconf 86' lang='grc' dir='ltr'>πανταχόθεν</span> <span class='ocrx_word' id='word_1_268' title='bbox 783 3870 1064 3937; x_wconf 77' lang='grc' dir='ltr'>ἐθέσπιζε,</span> <span class='ocrx_word' id='word_1_269' title='bbox 1108 3874 1289 3928; x_wconf 88' lang='grc' dir='ltr'>πάντα</span> <span class='ocrx_word' id='word_1_270' title='bbox 1320 3876 1453 3945; x_wconf 77' lang='grc' dir='ltr'>γένη</span> <span class='ocrx_word' id='word_1_271' title='bbox 1501 3876 1596 3928; x_wconf 78' lang='grc' dir='ltr'>καὶ</span> <span class='ocrx_word' id='word_1_272' title='bbox 1626 3877 1797 3929; x_wconf 85' lang='grc' dir='ltr'>πᾶσαι</span> 
     </span>
    </p>
   </div>
   <div class='ocr_carea' id='block_1_42' title="bbox 190 3964 1799 4038">
    <p class='ocr_par' dir='ltr' id='par_1_42' title="bbox 190 3964 1799 4038">
     <span class='ocr_line' id='line_1_43' title="bbox 190 3964 1799 4038; baseline 0.002 -21"><span class='ocrx_word' id='word_1_273' title='bbox 190 3965 392 4027; x_wconf 81' lang='grc' dir='ltr'>πόλεις</span> <span class='ocrx_word' id='word_1_274' title='bbox 441 3964 593 4033; x_wconf 76' lang='grc' dir='ltr'>παρὰ</span> <span class='ocrx_word' id='word_1_275' title='bbox 643 3965 735 4018; x_wconf 83' lang='grc' dir='ltr'><strong>τὸν</strong></span> <span class='ocrx_word' id='word_1_276' title='bbox 787 3964 912 4019; x_wconf 83' lang='grc' dir='ltr'>θεὸν</span> <span class='ocrx_word' id='word_1_277' title='bbox 949 3965 1262 4020; x_wconf 71' lang='grc' dir='ltr'>ἐστέλλοντο</span> <span class='ocrx_word' id='word_1_278' title='bbox 1307 3966 1413 4020; x_wconf 80' lang='grc' dir='ltr'><strong>ὑπὸ</strong></span> <span class='ocrx_word' id='word_1_279' title='bbox 1454 3968 1553 4037; x_wconf 88' lang='grc' dir='ltr'><strong>τῆς</strong></span> <span class='ocrx_word' id='word_1_280' title='bbox 1609 3968 1799 4038; x_wconf 84' lang='grc' dir='ltr'>φήμης</span> 
     </span>
    </p>
   </div>
   <div class='ocr_carea' id='block_1_43' title="bbox 190 4056 720 4126">
    <p class='ocr_par' dir='ltr' id='par_1_43' title="bbox 190 4056 720 4126">
     <span class='ocr_line' id='line_1_44' title="bbox 190 4056 720 4126; baseline 0.002 -16"><span class='ocrx_word' id='word_1_281' title='bbox 190 4056 269 4126; x_wconf 82' lang='grc' dir='ltr'><strong>δη</strong></span> <span class='ocrx_word' id='word_1_282' title='bbox 281 4056 538 4125; x_wconf 83' lang='grc' dir='ltr'>μαγωγού</span> <span class='ocrx_word' id='word_1_283' title='bbox 548 4073 720 4126; x_wconf 86' lang='grc' dir='ltr'>μενοι.</span> 
     </span>
    </p>
   </div>
   <div class='ocr_carea' id='block_1_44' title="bbox 192 4151 1797 4221">
    <p class='ocr_par' dir='ltr' id='par_1_44' title="bbox 192 4151 1797 4221">
     <span class='ocr_line' id='line_1_45' title="bbox 192 4151 1797 4221; baseline 0.001 -14"><span class='ocrx_word' id='word_1_284' title='bbox 192 4151 313 4207; x_wconf 71' lang='grc' dir='ltr'><strong><em>Ἐκ</em></strong></span> <span class='ocrx_word' id='word_1_285' title='bbox 363 4152 469 4205; x_wconf 86' lang='grc' dir='ltr'>τοῦ</span> <span class='ocrx_word' id='word_1_286' title='bbox 506 4156 593 4220; x_wconf 77' lang='grc' dir='ltr'>εις</span> <span class='ocrx_word' id='word_1_287' title='bbox 630 4153 772 4219; x_wconf 85' lang='grc' dir='ltr'>τοὺς</span> <span class='ocrx_word' id='word_1_288' title='bbox 826 4153 1106 4220; x_wconf 82' lang='grc' dir='ltr'>ἑταίρους</span> <span class='ocrx_word' id='word_1_289' title='bbox 1174 4154 1463 4221; x_wconf 82' lang='grc' dir='ltr'>πατρίδος</span> <span class='ocrx_word' id='word_1_290' title='bbox 1510 4154 1580 4209; x_wconf 72' lang='grc'><strong>⁸⁷.</strong></span> <span class='ocrx_word' id='word_1_291' title='bbox 1611 4185 1682 4195; x_wconf 89' lang='lat'><strong>—-</strong></span> <span class='ocrx_word' id='word_1_292' title='bbox 1726 4156 1797 4209; x_wconf 87' lang='grc' dir='ltr'>Τὸ</span> 
     </span>
    </p>
   </div>
   <div class='ocr_carea' id='block_1_45' title="bbox 754 4224 1193 4293">
    <p class='ocr_par' dir='ltr' id='par_1_45' title="bbox 754 4224 1193 4293">
     <span class='ocr_line' id='line_1_46' title="bbox 754 4224 1193 4293; baseline 0 -16"><span class='ocrx_word' id='word_1_293' title='bbox 754 4224 1075 4293; x_wconf 76' lang='grc' dir='ltr'>Προοίμιον</span> <span class='ocrx_word' id='word_1_294' title='bbox 1090 4224 1193 4277; x_wconf 69' lang='lat'><strong>9&quot;.</strong></span> 
     </span>
    </p>
   </div>
   <div class='ocr_carea' id='block_1_46' title="bbox 280 4309 1799 4387">
    <p class='ocr_par' dir='ltr' id='par_1_46' title="bbox 280 4309 1799 4387">
     <span class='ocr_line' id='line_1_47' title="bbox 280 4309 1799 4387; baseline 0.001 -19"><span class='ocrx_word' id='word_1_295' title='bbox 280 4315 444 4370; x_wconf 82' lang='grc' dir='ltr'>Ἀλλά</span> <span class='ocrx_word' id='word_1_296' title='bbox 480 4316 591 4387; x_wconf 85' lang='grc' dir='ltr'><strong>γάρ</strong></span> <span class='ocrx_word' id='word_1_297' title='bbox 617 4316 736 4386; x_wconf 86' lang='grc' dir='ltr'>ὥρα</span> <span class='ocrx_word' id='word_1_298' title='bbox 765 4315 978 4381; x_wconf 83' lang='grc' dir='ltr'>λοιπὸν,</span> <span class='ocrx_word' id='word_1_299' title='bbox 1014 4309 1060 4369; x_wconf 81' lang='grc' dir='ltr'>ὦ</span> <span class='ocrx_word' id='word_1_300' title='bbox 1097 4317 1305 4383; x_wconf 87' lang='grc' dir='ltr'>παῖδες,</span> <span class='ocrx_word' id='word_1_301' title='bbox 1365 4318 1459 4371; x_wconf 74' lang='grc' dir='ltr'><strong>καὶ</strong></span> <span class='ocrx_word' id='word_1_302' title='bbox 1500 4319 1613 4381; x_wconf 84' lang='grc' dir='ltr'>τοῖς</span> <span class='ocrx_word' id='word_1_303' title='bbox 1643 4316 1799 4371; x_wconf 88' lang='grc' dir='ltr'>πολί-</span> 
     </span>
    </p>
   </div>
   <div class='ocr_carea' id='block_1_47' title="bbox 193 4407 1799 4481">
    <p class='ocr_par' dir='ltr' id='par_1_47' title="bbox 193 4407 1799 4481">
     <span class='ocr_line' id='line_1_48' title="bbox 193 4407 1799 4481; baseline 0 -19"><span class='ocrx_word' id='word_1_304' title='bbox 193 4425 329 4471; x_wconf 85' lang='grc' dir='ltr'>ταις</span> <span class='ocrx_word' id='word_1_305' title='bbox 356 4407 453 4479; x_wconf 79' lang='grc' dir='ltr'>τὴν</span> <span class='ocrx_word' id='word_1_306' title='bbox 498 4407 670 4479; x_wconf 85' lang='grc' dir='ltr'>λύραν</span> <span class='ocrx_word' id='word_1_307' title='bbox 721 4408 822 4480; x_wconf 82' lang='grc' dir='ltr'><strong>τὴν</strong></span> <span class='ocrx_word' id='word_1_308' title='bbox 875 4409 1153 4480; x_wconf 74' lang='grc' dir='ltr'>ἡμετέραν</span> <span class='ocrx_word' id='word_1_309' title='bbox 1183 4410 1542 4481; x_wconf 87' lang='grc' dir='ltr'>ἁρμόσασθαι.</span> <span class='ocrx_word' id='word_1_310' title='bbox 1592 4412 1657 4463; x_wconf 91' lang='grc' dir='ltr'>Τί</span> <span class='ocrx_word' id='word_1_311' title='bbox 1700 4410 1799 4481; x_wconf 84' lang='grc' dir='ltr'><strong>τὴν</strong></span> 
     </span>
    </p>
   </div>
   <div class='ocr_carea' id='block_1_48' title="bbox 196 4497 1799 4570">
    <p class='ocr_par' dir='ltr' id='par_1_48' title="bbox 196 4497 1799 4570">
     <span class='ocr_line' id='line_1_49' title="bbox 196 4497 1799 4570; baseline 0.001 -16"><span class='ocrx_word' id='word_1_312' title='bbox 196 4497 542 4567; x_wconf 80' lang='grc' dir='ltr'>ὲνεγκοῦσαν</span> <span class='ocrx_word' id='word_1_313' title='bbox 572 4501 727 4553; x_wconf 88' lang='grc' dir='ltr'>πόλιν</span> <span class='ocrx_word' id='word_1_314' title='bbox 758 4499 1092 4570; x_wconf 88' lang='grc' dir='ltr'>ποιήσομεν;</span> <span class='ocrx_word' id='word_1_315' title='bbox 1122 4501 1237 4553; x_wconf 87' lang='grc' dir='ltr'>ἀλλ’</span> <span class='ocrx_word' id='word_1_316' title='bbox 1269 4502 1392 4555; x_wconf 71' lang='grc' dir='ltr'>ἐπεὶ</span> <span class='ocrx_word' id='word_1_317' title='bbox 1413 4502 1515 4554; x_wconf 83' lang='grc' dir='ltr'><strong>οὐκ</strong></span> <span class='ocrx_word' id='word_1_318' title='bbox 1559 4502 1653 4554; x_wconf 71' lang='grc' dir='ltr'><strong>ἐπὶ</strong></span> <span class='ocrx_word' id='word_1_319' title='bbox 1690 4502 1799 4555; x_wconf 88' lang='grc' dir='ltr'><strong>τῶν</strong></span> 
     </span>
    </p>
   </div>
   <div class='ocr_carea' id='block_1_49' title="bbox 1900 620 3489 680">
    <p class='ocr_par' dir='ltr' id='par_1_49' title="bbox 1900 620 3489 680">
     <span class='ocr_line' id='line_1_50' title="bbox 1900 620 3489 680; baseline 0.003 -5"><span class='ocrx_word' id='word_1_320' title='bbox 1900 634 2143 675; x_wconf 84' lang='lat' dir='ltr'><strong>mensam</strong></span> <span class='ocrx_word' id='word_1_321' title='bbox 2191 621 2340 675; x_wconf 81' lang='lat' dir='ltr'><strong>suavi</strong></span> <span class='ocrx_word' id='word_1_322' title='bbox 2396 620 2580 675; x_wconf 90' lang='lat' dir='ltr'><strong>tritico</strong></span> <span class='ocrx_word' id='word_1_323' title='bbox 2628 630 3009 677; x_wconf 87' lang='lat' dir='ltr'><strong>commutaret.</strong></span> <span class='ocrx_word' id='word_1_324' title='bbox 3044 621 3204 676; x_wconf 82' lang='lat' dir='ltr'><strong>Venit</strong></span> <span class='ocrx_word' id='word_1_325' title='bbox 3245 623 3489 680; x_wconf 86' lang='lat' dir='ltr'><strong>Athenas</strong></span> 
     </span>
    </p>
   </div>
   <div class='ocr_carea' id='block_1_50' title="bbox 1895 711 3486 784">
    <p class='ocr_par' dir='ltr' id='par_1_50' title="bbox 1895 711 3486 784">
     <span class='ocr_line' id='line_1_51' title="bbox 1895 711 3486 784; baseline 0.003 -20"><span class='ocrx_word' id='word_1_326' title='bbox 1895 711 2094 766; x_wconf 76' lang='lat' dir='ltr'><strong>‘Abaris</strong></span> <span class='ocrx_word' id='word_1_327' title='bbox 2131 711 2430 766; x_wconf 89' lang='lat' dir='ltr'><strong>instructus</strong></span> <span class='ocrx_word' id='word_1_328' title='bbox 2463 712 2697 782; x_wconf 78' lang='lat' dir='ltr'><strong>sagittis,</strong></span> <span class='ocrx_word' id='word_1_329' title='bbox 2732 713 2976 770; x_wconf 86' lang='lat' dir='ltr'><strong>humeris</strong></span> <span class='ocrx_word' id='word_1_330' title='bbox 3008 724 3232 783; x_wconf 88' lang='lat' dir='ltr'><strong>portans</strong></span> <span class='ocrx_word' id='word_1_331' title='bbox 3282 716 3486 784; x_wconf 89' lang='lat' dir='ltr'><strong>phare-</strong></span> 
     </span>
    </p>
   </div>
   <div class='ocr_carea' id='block_1_51' title="bbox 1900 804 3491 875">
    <p class='ocr_par' dir='ltr' id='par_1_51' title="bbox 1900 804 3491 875">
     <span class='ocr_line' id='line_1_52' title="bbox 1900 804 3491 875; baseline 0.003 -19"><span class='ocrx_word' id='word_1_332' title='bbox 1900 813 2059 869; x_wconf 88' lang='lat' dir='ltr'><strong>tram,</strong></span> <span class='ocrx_word' id='word_1_333' title='bbox 2097 806 2319 859; x_wconf 89' lang='lat' dir='ltr'><strong>astricta</strong></span> <span class='ocrx_word' id='word_1_334' title='bbox 2357 804 2663 875; x_wconf 85' lang='lat' dir='ltr'><strong>chlamyde,</strong></span> <span class='ocrx_word' id='word_1_335' title='bbox 2696 806 2842 859; x_wconf 86' lang='lat' dir='ltr'><strong>circa</strong></span> <span class='ocrx_word' id='word_1_336' title='bbox 2894 806 3111 860; x_wconf 85' lang='lat' dir='ltr'><strong>lumbos</strong></span> <span class='ocrx_word' id='word_1_337' title='bbox 3152 821 3316 861; x_wconf 87' lang='lat' dir='ltr'><strong>aurea</strong></span> <span class='ocrx_word' id='word_1_338' title='bbox 3371 814 3491 861; x_wconf 84' lang='lat' dir='ltr'><strong>erat</strong></span> 
     </span>
    </p>
   </div>
   <div class='ocr_carea' id='block_1_52' title="bbox 1898 893 3485 966">
    <p class='ocr_par' dir='ltr' id='par_1_52' title="bbox 1898 893 3485 966">
     <span class='ocr_line' id='line_1_53' title="bbox 1898 893 3485 966; baseline 0.003 -18"><span class='ocrx_word' id='word_1_339' title='bbox 1898 909 2054 960; x_wconf 82' lang='lat' dir='ltr'><strong>zona,</strong></span> <span class='ocrx_word' id='word_1_340' title='bbox 2087 893 2346 948; x_wconf 78' lang='lat' dir='ltr'><strong>feuiorale</strong></span> <span class='ocrx_word' id='word_1_341' title='bbox 2372 896 2440 949; x_wconf 89' lang='lat' dir='ltr'><strong>ab</strong></span> <span class='ocrx_word' id='word_1_342' title='bbox 2476 896 2598 951; x_wconf 90' lang='lat' dir='ltr'><strong>imis</strong></span> <span class='ocrx_word' id='word_1_343' title='bbox 2618 896 2848 965; x_wconf 86' lang='lat' dir='ltr'><strong>pedibus</strong></span> <span class='ocrx_word' id='word_1_344' title='bbox 2889 899 2941 951; x_wconf 91' lang='lat' dir='ltr'><strong>in</strong></span> <span class='ocrx_word' id='word_1_345' title='bbox 2976 908 3132 951; x_wconf 89' lang='lat' dir='ltr'><strong>nates</strong></span> <span class='ocrx_word' id='word_1_346' title='bbox 3184 913 3357 966; x_wconf 88' lang='lat' dir='ltr'><strong>usque</strong></span> <span class='ocrx_word' id='word_1_347' title='bbox 3388 915 3485 953; x_wconf 80' lang='lat' dir='ltr'><strong>ex-</strong></span> 
     </span>
    </p>
   </div>
   <div class='ocr_carea' id='block_1_53' title="bbox 1899 984 3485 1055">
    <p class='ocr_par' dir='ltr' id='par_1_53' title="bbox 1899 984 3485 1055">
     <span class='ocr_line' id='line_1_54' title="bbox 1899 984 3485 1055; baseline 0.003 -17"><span class='ocrx_word' id='word_1_348' title='bbox 1899 994 2133 1041; x_wconf 91' lang='lat' dir='ltr'><strong>tensum.</strong></span> <span class='ocrx_word' id='word_1_349' title='bbox 2162 984 2313 1038; x_wconf 84' lang='lat' dir='ltr'><strong>Hanc</strong></span> <span class='ocrx_word' id='word_1_350' title='bbox 2358 986 2555 1055; x_wconf 88' lang='lat' dir='ltr'><strong>ubique</strong></span> <span class='ocrx_word' id='word_1_351' title='bbox 2622 989 2925 1040; x_wconf 82' lang='lat' dir='ltr'><strong>orationem</strong></span> <span class='ocrx_word' id='word_1_352' title='bbox 2962 988 3284 1055; x_wconf 81' lang='lat' dir='ltr'><strong>reperimus,</strong></span> <span class='ocrx_word' id='word_1_353' title='bbox 3319 998 3378 1042; x_wconf 93' lang='lat' dir='ltr'><strong>ut</strong></span> <span class='ocrx_word' id='word_1_354' title='bbox 3432 988 3485 1042; x_wconf 89' lang='lat' dir='ltr'><strong>in</strong></span> 
     </span>
    </p>
   </div>
   <div class='ocr_carea' id='block_1_54' title="bbox 1896 1075 3490 1148">
    <p class='ocr_par' dir='ltr' id='par_1_54' title="bbox 1896 1075 3490 1148">
     <span class='ocr_line' id='line_1_55' title="bbox 1896 1075 3490 1148; baseline 0.004 -19"><span class='ocrx_word' id='word_1_355' title='bbox 1896 1075 2182 1130; x_wconf 90' lang='lat' dir='ltr'><strong>harmonia</strong></span> <span class='ocrx_word' id='word_1_356' title='bbox 2203 1077 2369 1148; x_wconf 86' lang='lat' dir='ltr'><strong>lyrica</strong></span> <span class='ocrx_word' id='word_1_357' title='bbox 2408 1095 2530 1131; x_wconf 89' lang='lat' dir='ltr'><strong>cum</strong></span> <span class='ocrx_word' id='word_1_358' title='bbox 2592 1079 2777 1132; x_wconf 87' lang='lat' dir='ltr'><strong>animo</strong></span> <span class='ocrx_word' id='word_1_359' title='bbox 2828 1089 3239 1135; x_wconf 75' lang='lat' dir='ltr'><strong>consonantem.</strong></span> <span class='ocrx_word' id='word_1_360' title='bbox 3302 1080 3490 1136; x_wconf 85' lang='lat' dir='ltr'><strong>Comis</strong></span> 
     </span>
    </p>
   </div>
   <div class='ocr_carea' id='block_1_55' title="bbox 1898 1166 3489 1239">
    <p class='ocr_par' dir='ltr' id='par_1_55' title="bbox 1898 1166 3489 1239">
     <span class='ocr_line' id='line_1_56' title="bbox 1898 1166 3489 1239; baseline 0.002 -20"><span class='ocrx_word' id='word_1_361' title='bbox 1898 1166 2083 1221; x_wconf 80' lang='lat' dir='ltr'><strong>fuitin</strong></span> <span class='ocrx_word' id='word_1_362' title='bbox 2115 1168 2513 1234; x_wconf 89' lang='lat' dir='ltr'><strong>conveniendo,</strong></span> <span class='ocrx_word' id='word_1_363' title='bbox 2561 1168 2614 1222; x_wconf 91' lang='lat' dir='ltr'><strong>in</strong></span> <span class='ocrx_word' id='word_1_364' title='bbox 2656 1170 2815 1222; x_wconf 88' lang='lat' dir='ltr'><strong>rebus</strong></span> <span class='ocrx_word' id='word_1_365' title='bbox 2860 1170 3071 1239; x_wconf 78' lang='lat' dir='ltr'><strong>magnis</strong></span> <span class='ocrx_word' id='word_1_366' title='bbox 3113 1173 3279 1225; x_wconf 89' lang='lat' dir='ltr'><strong>tacite</strong></span> <span class='ocrx_word' id='word_1_367' title='bbox 3328 1185 3489 1239; x_wconf 86' lang='lat' dir='ltr'><strong>pera-</strong></span> 
     </span>
    </p>
   </div>
   <div class='ocr_carea' id='block_1_56' title="bbox 1896 1259 3485 1328">
    <p class='ocr_par' dir='ltr' id='par_1_56' title="bbox 1896 1259 3485 1328">
     <span class='ocr_line' id='line_1_57' title="bbox 1896 1259 3485 1328; baseline 0.002 -17"><span class='ocrx_word' id='word_1_368' title='bbox 1896 1260 2086 1328; x_wconf 82' lang='lat' dir='ltr'><strong>gendis</strong></span> <span class='ocrx_word' id='word_1_369' title='bbox 2116 1259 2503 1321; x_wconf 89' lang='lat' dir='ltr'><strong>industrius,in</strong></span> <span class='ocrx_word' id='word_1_370' title='bbox 2548 1276 2605 1311; x_wconf 91' lang='lat' dir='ltr'><strong>re</strong></span> <span class='ocrx_word' id='word_1_371' title='bbox 2633 1260 2887 1328; x_wconf 72' lang='lat' dir='ltr'><strong>prmseuti</strong></span> <span class='ocrx_word' id='word_1_372' title='bbox 2921 1262 3152 1313; x_wconf 85' lang='lat' dir='ltr'><strong>videnda</strong></span> <span class='ocrx_word' id='word_1_373' title='bbox 3174 1270 3485 1324; x_wconf 87' lang='lat' dir='ltr'><strong>peracutus,</strong></span> 
     </span>
    </p>
   </div>
   <div class='ocr_carea' id='block_1_57' title="bbox 1897 1351 3489 1421">
    <p class='ocr_par' dir='ltr' id='par_1_57' title="bbox 1897 1351 3489 1421">
     <span class='ocr_line' id='line_1_58' title="bbox 1897 1351 3489 1421; baseline 0.002 -17"><span class='ocrx_word' id='word_1_374' title='bbox 1897 1351 1949 1404; x_wconf 92' lang='lat' dir='ltr'><strong>in</strong></span> <span class='ocrx_word' id='word_1_375' title='bbox 2000 1351 2179 1403; x_wconf 80' lang='lat' dir='ltr'><strong>futura</strong></span> <span class='ocrx_word' id='word_1_376' title='bbox 2242 1352 2596 1420; x_wconf 66' lang='lat' dir='ltr'><strong>praecavenda</strong></span> <span class='ocrx_word' id='word_1_377' title='bbox 2667 1351 3142 1419; x_wconf 80' lang='lat' dir='ltr'><strong>circumspectus,</strong></span> <span class='ocrx_word' id='word_1_378' title='bbox 3211 1353 3489 1421; x_wconf 68' lang='lat' dir='ltr'><strong>sapientiae</strong></span> 
     </span>
    </p>
   </div>
   <div class='ocr_carea' id='block_1_58' title="bbox 1895 1440 3484 1510">
    <p class='ocr_par' dir='ltr' id='par_1_58' title="bbox 1895 1440 3484 1510">
     <span class='ocr_line' id='line_1_59' title="bbox 1895 1440 3484 1510; baseline 0.001 -15"><span class='ocrx_word' id='word_1_379' title='bbox 1895 1440 2143 1510; x_wconf 86' lang='lat' dir='ltr'><strong>cupidus,</strong></span> <span class='ocrx_word' id='word_1_380' title='bbox 2162 1442 2413 1495; x_wconf 71' lang='lat' dir='ltr'><strong>amicitia:</strong></span> <span class='ocrx_word' id='word_1_381' title='bbox 2434 1442 2633 1505; x_wconf 87' lang='lat' dir='ltr'><strong>cultor,</strong></span> <span class='ocrx_word' id='word_1_382' title='bbox 2650 1456 2820 1509; x_wconf 87' lang='lat' dir='ltr'><strong>pauca</strong></span> <span class='ocrx_word' id='word_1_383' title='bbox 2850 1442 3201 1495; x_wconf 88' lang='lat' dir='ltr'><strong>committens</strong></span> <span class='ocrx_word' id='word_1_384' title='bbox 3233 1443 3484 1508; x_wconf 49' lang='lat' dir='ltr'><strong>fortunat,</strong></span> 
     </span>
    </p>
   </div>
   <div class='ocr_carea' id='block_1_59' title="bbox 1893 1531 3213 1601">
    <p class='ocr_par' dir='ltr' id='par_1_59' title="bbox 1893 1531 3213 1601">
     <span class='ocr_line' id='line_1_60' title="bbox 1893 1531 3213 1601; baseline 0 -14"><span class='ocrx_word' id='word_1_385' title='bbox 1893 1533 2149 1588; x_wconf 88' lang='lat' dir='ltr'><strong>omnibus</strong></span> <span class='ocrx_word' id='word_1_386' title='bbox 2173 1541 2352 1585; x_wconf 87' lang='lat' dir='ltr'><strong>tamen</strong></span> <span class='ocrx_word' id='word_1_387' title='bbox 2386 1533 2455 1585; x_wconf 89' lang='lat' dir='ltr'><strong>ob</strong></span> <span class='ocrx_word' id='word_1_388' title='bbox 2486 1531 2832 1601; x_wconf 88' lang='lat' dir='ltr'><strong>prudentiam</strong></span> <span class='ocrx_word' id='word_1_389' title='bbox 2861 1533 3213 1587; x_wconf 86' lang='lat' dir='ltr'><strong>commissus.</strong></span> 
     </span>
    </p>
   </div>
   <div class='ocr_carea' id='block_1_60' title="bbox 2175 1623 3200 1694">
    <p class='ocr_par' dir='ltr' id='par_1_60' title="bbox 2175 1623 3200 1694">
     <span class='ocr_line' id='line_1_61' title="bbox 2175 1623 3200 1694; baseline 0.002 -17"><span class='ocrx_word' id='word_1_390' title='bbox 2175 1623 2263 1679; x_wconf 78' lang='lat' dir='ltr'><strong>Ea:</strong></span> <span class='ocrx_word' id='word_1_391' title='bbox 2293 1626 2534 1678; x_wconf 85' lang='lat' dir='ltr'><strong>oratione</strong></span> <span class='ocrx_word' id='word_1_392' title='bbox 2566 1626 2620 1678; x_wconf 86' lang='lat' dir='ltr'><strong>in</strong></span> <span class='ocrx_word' id='word_1_393' title='bbox 2646 1624 2895 1679; x_wconf 82' lang='lat' dir='ltr'><strong>Severum</strong></span> <span class='ocrx_word' id='word_1_394' title='bbox 2925 1625 3200 1694; x_wconf 85' lang='lat' dir='ltr'><strong>collegam.</strong></span> 
     </span>
    </p>
   </div>
   <div class='ocr_carea' id='block_1_61' title="bbox 1966 1715 3488 1788">
    <p class='ocr_par' dir='ltr' id='par_1_61' title="bbox 1966 1715 3488 1788">
     <span class='ocr_line' id='line_1_62' title="bbox 1966 1715 3488 1788; baseline -0.002 -17"><span class='ocrx_word' id='word_1_395' title='bbox 1966 1716 2100 1785; x_wconf 83' lang='lat' dir='ltr'><strong>Quis</strong></span> <span class='ocrx_word' id='word_1_396' title='bbox 2147 1718 2325 1788; x_wconf 79' lang='lat' dir='ltr'><strong>magis</strong></span> <span class='ocrx_word' id='word_1_397' title='bbox 2346 1716 2459 1780; x_wconf 82' lang='lat' dir='ltr'><strong>illo,</strong></span> <span class='ocrx_word' id='word_1_398' title='bbox 2485 1715 2569 1769; x_wconf 87' lang='lat' dir='ltr'><strong>vel</strong></span> <span class='ocrx_word' id='word_1_399' title='bbox 2604 1731 2726 1769; x_wconf 92' lang='lat' dir='ltr'><strong>cum</strong></span> <span class='ocrx_word' id='word_1_400' title='bbox 2792 1715 3071 1771; x_wconf 86' lang='lat' dir='ltr'><strong>celeritate</strong></span> <span class='ocrx_word' id='word_1_401' title='bbox 3097 1716 3365 1785; x_wconf 86' lang='lat' dir='ltr'><strong>justitiam</strong></span> <span class='ocrx_word' id='word_1_402' title='bbox 3394 1731 3488 1769; x_wconf 90' lang='lat' dir='ltr'><strong>se-</strong></span> 
     </span>
    </p>
   </div>
   <div class='ocr_carea' id='block_1_62' title="bbox 1894 1808 3486 1877">
    <p class='ocr_par' dir='ltr' id='par_1_62' title="bbox 1894 1808 3486 1877">
     <span class='ocr_line' id='line_1_63' title="bbox 1894 1808 3486 1877; baseline -0.004 -11"><span class='ocrx_word' id='word_1_403' title='bbox 1894 1820 2071 1866; x_wconf 90' lang='lat' dir='ltr'><strong>ctatus</strong></span> <span class='ocrx_word' id='word_1_404' title='bbox 2116 1820 2195 1866; x_wconf 90' lang='lat' dir='ltr'><strong>est</strong></span> <span class='ocrx_word' id='word_1_405' title='bbox 2231 1849 2246 1876; x_wconf 95' lang='lat'><strong>,</strong></span> <span class='ocrx_word' id='word_1_406' title='bbox 2283 1808 2366 1862; x_wconf 89' lang='lat' dir='ltr'><strong>vel</strong></span> <span class='ocrx_word' id='word_1_407' title='bbox 2412 1824 2534 1863; x_wconf 90' lang='lat' dir='ltr'><strong>cum</strong></span> <span class='ocrx_word' id='word_1_408' title='bbox 2589 1810 2798 1863; x_wconf 86' lang='lat' dir='ltr'><strong>ratione</strong></span> <span class='ocrx_word' id='word_1_409' title='bbox 2861 1817 3123 1872; x_wconf 86' lang='lat' dir='ltr'><strong>sectatus,</strong></span> <span class='ocrx_word' id='word_1_410' title='bbox 3150 1808 3320 1877; x_wconf 84' lang='lat' dir='ltr'><strong>magis</strong></span> <span class='ocrx_word' id='word_1_411' title='bbox 3367 1821 3486 1861; x_wconf 88' lang='lat' dir='ltr'><strong>eam</strong></span> 
     </span>
    </p>
   </div>
   <div class='ocr_carea' id='block_1_63' title="bbox 1895 1898 3485 1971">
    <p class='ocr_par' dir='ltr' id='par_1_63' title="bbox 1895 1898 3485 1971">
     <span class='ocr_line' id='line_1_64' title="bbox 1895 1898 3485 1971; baseline -0.003 -18"><span class='ocrx_word' id='word_1_412' title='bbox 1895 1902 2108 1971; x_wconf 89' lang='lat' dir='ltr'><strong>publice</strong></span> <span class='ocrx_word' id='word_1_413' title='bbox 2138 1898 2580 1955; x_wconf 82' lang='lat' dir='ltr'><strong>demonstravit?</strong></span> <span class='ocrx_word' id='word_1_414' title='bbox 2602 1900 2722 1968; x_wconf 89' lang='lat' dir='ltr'><strong>quis</strong></span> <span class='ocrx_word' id='word_1_415' title='bbox 2774 1899 2855 1953; x_wconf 90' lang='lat' dir='ltr'><strong>sic</strong></span> <span class='ocrx_word' id='word_1_416' title='bbox 2887 1899 2940 1952; x_wconf 89' lang='lat' dir='ltr'><strong>in</strong></span> <span class='ocrx_word' id='word_1_417' title='bbox 2995 1899 3207 1968; x_wconf 82' lang='lat' dir='ltr'><strong>agendo</strong></span> <span class='ocrx_word' id='word_1_418' title='bbox 3248 1898 3485 1961; x_wconf 83' lang='lat' dir='ltr'><strong>subtilis,</strong></span> 
     </span>
    </p>
   </div>
   <div class='ocr_carea' id='block_1_64' title="bbox 1894 1991 3488 2067">
    <p class='ocr_par' dir='ltr' id='par_1_64' title="bbox 1894 1991 3488 2067">
     <span class='ocr_line' id='line_1_65' title="bbox 1894 1991 3488 2067; baseline -0.001 -20"><span class='ocrx_word' id='word_1_419' title='bbox 1894 1996 2017 2067; x_wconf 91' lang='lat' dir='ltr'><strong>quis</strong></span> <span class='ocrx_word' id='word_1_420' title='bbox 2048 1995 2099 2048; x_wconf 90' lang='lat' dir='ltr'><strong>in</strong></span> <span class='ocrx_word' id='word_1_421' title='bbox 2130 1995 2415 2063; x_wconf 79' lang='lat' dir='ltr'><strong>puniendis</strong></span> <span class='ocrx_word' id='word_1_422' title='bbox 2459 1993 2709 2047; x_wconf 87' lang='lat' dir='ltr'><strong>sontibus</strong></span> <span class='ocrx_word' id='word_1_423' title='bbox 2762 1992 2832 2045; x_wconf 85' lang='lat' dir='ltr'><strong>ita</strong></span> <span class='ocrx_word' id='word_1_424' title='bbox 2886 1992 3116 2047; x_wconf 83' lang='lat' dir='ltr'><strong>tardus?</strong></span> <span class='ocrx_word' id='word_1_425' title='bbox 3169 1991 3303 2058; x_wconf 88' lang='lat' dir='ltr'><strong>Quis</strong></span> <span class='ocrx_word' id='word_1_426' title='bbox 3352 1991 3488 2045; x_wconf 88' lang='lat' dir='ltr'><strong>adeo</strong></span> 
     </span>
    </p>
   </div>
   <div class='ocr_carea' id='block_1_65' title="bbox 1895 2081 3489 2152">
    <p class='ocr_par' dir='ltr' id='par_1_65' title="bbox 1895 2081 3489 2152">
     <span class='ocr_line' id='line_1_66' title="bbox 1895 2081 3489 2152; baseline -0.001 -14"><span class='ocrx_word' id='word_1_427' title='bbox 1895 2086 2012 2138; x_wconf 82' lang='lat' dir='ltr'><strong>auri</strong></span> <span class='ocrx_word' id='word_1_428' title='bbox 2047 2084 2219 2138; x_wconf 87' lang='lat' dir='ltr'><strong>victor</strong></span> <span class='ocrx_word' id='word_1_429' title='bbox 2251 2083 2277 2135; x_wconf 67' lang='lat'><strong>.9</strong></span> <span class='ocrx_word' id='word_1_430' title='bbox 2304 2083 2425 2152; x_wconf 82' lang='lat' dir='ltr'><strong>quis</strong></span> <span class='ocrx_word' id='word_1_431' title='bbox 2450 2082 2520 2136; x_wconf 92' lang='lat' dir='ltr'><strong>ita</strong></span> <span class='ocrx_word' id='word_1_432' title='bbox 2554 2082 2787 2149; x_wconf 89' lang='lat' dir='ltr'><strong>cupidus</strong></span> <span class='ocrx_word' id='word_1_433' title='bbox 2811 2081 3192 2147; x_wconf 84' lang='lat' dir='ltr'><strong>humanitatis,</strong></span> <span class='ocrx_word' id='word_1_434' title='bbox 3225 2091 3280 2134; x_wconf 89' lang='lat' dir='ltr'><strong>et</strong></span> <span class='ocrx_word' id='word_1_435' title='bbox 3325 2090 3489 2136; x_wconf 73' lang='lat' dir='ltr'><strong>tanta:</strong></span> 
     </span>
    </p>
   </div>
   <div class='ocr_carea' id='block_1_66' title="bbox 1896 2171 3485 2244">
    <p class='ocr_par' dir='ltr' id='par_1_66' title="bbox 1896 2171 3485 2244">
     <span class='ocr_line' id='line_1_67' title="bbox 1896 2171 3485 2244; baseline -0.002 -16"><span class='ocrx_word' id='word_1_436' title='bbox 1896 2190 2023 2244; x_wconf 82' lang='lat' dir='ltr'><strong>erga</strong></span> <span class='ocrx_word' id='word_1_437' title='bbox 2061 2175 2292 2228; x_wconf 86' lang='lat' dir='ltr'><strong>miseros</strong></span> <span class='ocrx_word' id='word_1_438' title='bbox 2338 2171 2642 2227; x_wconf 67' lang='lat' dir='ltr'><strong>clementia:</strong></span> <span class='ocrx_word' id='word_1_439' title='bbox 2676 2171 2967 2226; x_wconf 80' lang='lat' dir='ltr'><strong>?Maturus</strong></span> <span class='ocrx_word' id='word_1_440' title='bbox 3014 2171 3238 2241; x_wconf 84' lang='lat' dir='ltr'><strong>quidem</strong></span> <span class='ocrx_word' id='word_1_441' title='bbox 3273 2172 3325 2226; x_wconf 92' lang='lat' dir='ltr'><strong>iu</strong></span> <span class='ocrx_word' id='word_1_442' title='bbox 3355 2185 3485 2226; x_wconf 87' lang='lat' dir='ltr'><strong>ver-</strong></span> 
     </span>
    </p>
   </div>
   <div class='ocr_carea' id='block_1_67' title="bbox 1896 2264 2935 2335">
    <p class='ocr_par' dir='ltr' id='par_1_67' title="bbox 1896 2264 2935 2335">
     <span class='ocr_line' id='line_1_68' title="bbox 1896 2264 2935 2335; baseline -0.002 -13"><span class='ocrx_word' id='word_1_443' title='bbox 1896 2268 2000 2334; x_wconf 90' lang='lat' dir='ltr'><strong>bis,</strong></span> <span class='ocrx_word' id='word_1_444' title='bbox 2032 2266 2082 2321; x_wconf 91' lang='lat' dir='ltr'><strong>in</strong></span> <span class='ocrx_word' id='word_1_445' title='bbox 2113 2266 2274 2322; x_wconf 88' lang='lat' dir='ltr'><strong>rebus</strong></span> <span class='ocrx_word' id='word_1_446' title='bbox 2304 2264 2629 2335; x_wconf 89' lang='lat' dir='ltr'><strong>etoperibus</strong></span> <span class='ocrx_word' id='word_1_447' title='bbox 2651 2264 2935 2321; x_wconf 88' lang='lat' dir='ltr'><strong>maturior.</strong></span> 
     </span>
    </p>
   </div>
   <div class='ocr_carea' id='block_1_68' title="bbox 1989 2446 3411 2519">
    <p class='ocr_par' dir='ltr' id='par_1_68' title="bbox 1989 2446 3411 2519">
     <span class='ocr_line' id='line_1_69' title="bbox 1989 2446 3411 2519; baseline -0.005 -13"><span class='ocrx_word' id='word_1_448' title='bbox 1989 2451 2071 2506; x_wconf 79' lang='lat' dir='ltr'><strong>Ea:</strong></span> <span class='ocrx_word' id='word_1_449' title='bbox 2098 2454 2337 2506; x_wconf 82' lang='lat' dir='ltr'><strong>oratione</strong></span> <span class='ocrx_word' id='word_1_450' title='bbox 2362 2452 2417 2504; x_wconf 85' lang='lat' dir='ltr'><strong>in</strong></span> <span class='ocrx_word' id='word_1_451' title='bbox 2451 2447 2732 2519; x_wconf 81' lang='lat' dir='ltr'><strong>Cylaceum</strong></span> <span class='ocrx_word' id='word_1_452' title='bbox 2771 2446 2993 2503; x_wconf 60' lang='lat' dir='ltr'><strong>Graecia:</strong></span> <span class='ocrx_word' id='word_1_453' title='bbox 3018 2446 3411 2517; x_wconf 75' lang='lat' dir='ltr'><strong>proconsulem.</strong></span> 
     </span>
    </p>
   </div>
   <div class='ocr_carea' id='block_1_69' title="bbox 1946 2622 3492 2700">
    <p class='ocr_par' dir='ltr' id='par_1_69' title="bbox 1946 2622 3492 2700">
     <span class='ocr_line' id='line_1_70' title="bbox 1946 2622 3492 2700; baseline -0.006 -16"><span class='ocrx_word' id='word_1_454' title='bbox 1946 2628 2203 2700; x_wconf 88' lang='lat' dir='ltr'><strong>Clypeus,</strong></span> <span class='ocrx_word' id='word_1_455' title='bbox 2222 2641 2355 2682; x_wconf 92' lang='lat' dir='ltr'><strong>auro</strong></span> <span class='ocrx_word' id='word_1_456' title='bbox 2367 2634 2640 2689; x_wconf 88' lang='lat' dir='ltr'><strong>coruscat,</strong></span> <span class='ocrx_word' id='word_1_457' title='bbox 2659 2637 2714 2678; x_wconf 92' lang='lat' dir='ltr'><strong>et</strong></span> <span class='ocrx_word' id='word_1_458' title='bbox 2737 2624 3052 2678; x_wconf 74' lang='lat' dir='ltr'><strong>Vulcanium</strong></span> <span class='ocrx_word' id='word_1_459' title='bbox 3072 2622 3238 2678; x_wconf 85' lang='lat' dir='ltr'><strong>refert</strong></span> <span class='ocrx_word' id='word_1_460' title='bbox 3257 2623 3492 2677; x_wconf 82' lang='lat' dir='ltr'><strong>artiticio</strong></span> 
     </span>
    </p>
   </div>
   <div class='ocr_carea' id='block_1_70' title="bbox 1898 2714 3487 2786">
    <p class='ocr_par' dir='ltr' id='par_1_70' title="bbox 1898 2714 3487 2786">
     <span class='ocr_line' id='line_1_71' title="bbox 1898 2714 3487 2786; baseline -0.005 -13"><span class='ocrx_word' id='word_1_461' title='bbox 1898 2722 2165 2781; x_wconf 81' lang='lat' dir='ltr'><strong>dextram,</strong></span> <span class='ocrx_word' id='word_1_462' title='bbox 2194 2731 2316 2786; x_wconf 69' lang='lat' dir='ltr'><strong>qua:</strong></span> <span class='ocrx_word' id='word_1_463' title='bbox 2340 2717 2453 2771; x_wconf 87' lang='lat' dir='ltr'><strong>sola</strong></span> <span class='ocrx_word' id='word_1_464' title='bbox 2485 2717 2555 2769; x_wconf 91' lang='lat' dir='ltr'><strong>ob</strong></span> <span class='ocrx_word' id='word_1_465' title='bbox 2580 2716 2906 2785; x_wconf 89' lang='lat' dir='ltr'><strong>sapientiam</strong></span> <span class='ocrx_word' id='word_1_466' title='bbox 2952 2714 3186 2768; x_wconf 67' lang='lat' dir='ltr'><strong>artiﬁcio</strong></span> <span class='ocrx_word' id='word_1_467' title='bbox 3233 2725 3487 2767; x_wconf 85' lang='lat' dir='ltr'><strong>naturam</strong></span> 
     </span>
    </p>
   </div>
   <div class='ocr_carea' id='block_1_71' title="bbox 1897 2805 3489 2876">
    <p class='ocr_par' dir='ltr' id='par_1_71' title="bbox 1897 2805 3489 2876">
     <span class='ocr_line' id='line_1_72' title="bbox 1897 2805 3489 2876; baseline -0.006 -9"><span class='ocrx_word' id='word_1_468' title='bbox 1897 2813 2040 2867; x_wconf 86' lang='lat' dir='ltr'><strong>valet</strong></span> <span class='ocrx_word' id='word_1_469' title='bbox 2065 2811 2416 2865; x_wconf 86' lang='lat' dir='ltr'><strong>adumbrare.</strong></span> <span class='ocrx_word' id='word_1_470' title='bbox 2462 2808 2721 2863; x_wconf 85' lang='lat' dir='ltr'><strong>Meander</strong></span> <span class='ocrx_word' id='word_1_471' title='bbox 2770 2807 2945 2861; x_wconf 70' lang='lat' dir='ltr'><strong>Caria:</strong></span> <span class='ocrx_word' id='word_1_472' title='bbox 2975 2805 3194 2871; x_wconf 82' lang='lat' dir='ltr'><strong>ﬂuvius,</strong></span> <span class='ocrx_word' id='word_1_473' title='bbox 3224 2815 3489 2876; x_wconf 82' lang='lat' dir='ltr'><strong>quantum</strong></span> 
     </span>
    </p>
   </div>
   <div class='ocr_carea' id='block_1_72' title="bbox 1897 2899 3487 2975">
    <p class='ocr_par' dir='ltr' id='par_1_72' title="bbox 1897 2899 3487 2975">
     <span class='ocr_line' id='line_1_73' title="bbox 1897 2899 3487 2975; baseline -0.007 -15"><span class='ocrx_word' id='word_1_474' title='bbox 1897 2902 2269 2975; x_wconf 80' lang='lat' dir='ltr'><strong>magnitudine</strong></span> <span class='ocrx_word' id='word_1_475' title='bbox 2295 2917 2324 2955; x_wconf 90' lang='lat' dir='ltr'><strong>a</strong></span> <span class='ocrx_word' id='word_1_476' title='bbox 2356 2899 2477 2955; x_wconf 88' lang='lat' dir='ltr'><strong>Nilo</strong></span> <span class='ocrx_word' id='word_1_477' title='bbox 2518 2907 2834 2967; x_wconf 86' lang='lat' dir='ltr'><strong>superatur,</strong></span> <span class='ocrx_word' id='word_1_478' title='bbox 2891 2907 3101 2951; x_wconf 90' lang='lat' dir='ltr'><strong>tantum</strong></span> <span class='ocrx_word' id='word_1_479' title='bbox 3156 2909 3347 2950; x_wconf 91' lang='lat' dir='ltr'><strong>natura</strong></span> <span class='ocrx_word' id='word_1_480' title='bbox 3390 2912 3487 2950; x_wconf 88' lang='lat' dir='ltr'><strong>su-</strong></span> 
     </span>
    </p>
   </div>
   <div class='ocr_carea' id='block_1_73' title="bbox 1897 2987 3493 3065">
    <p class='ocr_par' dir='ltr' id='par_1_73' title="bbox 1897 2987 3493 3065">
     <span class='ocr_line' id='line_1_74' title="bbox 1897 2987 3493 3065; baseline -0.006 -16"><span class='ocrx_word' id='word_1_481' title='bbox 1897 3005 2053 3065; x_wconf 86' lang='lat' dir='ltr'><strong>perat</strong></span> <span class='ocrx_word' id='word_1_482' title='bbox 2090 3006 2257 3059; x_wconf 90' lang='lat' dir='ltr'><strong>terra,</strong></span> <span class='ocrx_word' id='word_1_483' title='bbox 2299 3008 2462 3062; x_wconf 90' lang='lat' dir='ltr'><strong>quam</strong></span> <span class='ocrx_word' id='word_1_484' title='bbox 2492 2990 2764 3061; x_wconf 61' lang='lat' dir='ltr'><strong>IEgyptiis</strong></span> <span class='ocrx_word' id='word_1_485' title='bbox 2790 2989 3038 3057; x_wconf 84' lang='lat' dir='ltr'><strong>largitur,</strong></span> <span class='ocrx_word' id='word_1_486' title='bbox 3076 2990 3141 3043; x_wconf 90' lang='lat' dir='ltr'><strong>de</strong></span> <span class='ocrx_word' id='word_1_487' title='bbox 3193 2990 3295 3042; x_wconf 91' lang='lat' dir='ltr'><strong>hoc</strong></span> <span class='ocrx_word' id='word_1_488' title='bbox 3335 2987 3493 3041; x_wconf 79' lang='lat' dir='ltr'><strong>fabu-</strong></span> 
     </span>
    </p>
   </div>
   <div class='ocr_carea' id='block_1_74' title="bbox 1903 3080 3491 3156">
    <p class='ocr_par' dir='ltr' id='par_1_74' title="bbox 1903 3080 3491 3156">
     <span class='ocr_line' id='line_1_75' title="bbox 1903 3080 3491 3156; baseline -0.006 -13"><span class='ocrx_word' id='word_1_489' title='bbox 1903 3089 2010 3143; x_wconf 86' lang='lat' dir='ltr'><strong>lam</strong></span> <span class='ocrx_word' id='word_1_490' title='bbox 2044 3087 2220 3156; x_wconf 81' lang='lat' dir='ltr'><strong>tingit.</strong></span> <span class='ocrx_word' id='word_1_491' title='bbox 2255 3085 2351 3140; x_wconf 89' lang='lat' dir='ltr'><strong>Ille</strong></span> <span class='ocrx_word' id='word_1_492' title='bbox 2372 3099 2504 3139; x_wconf 90' lang='lat' dir='ltr'><strong>vero</strong></span> <span class='ocrx_word' id='word_1_493' title='bbox 2544 3084 2724 3137; x_wconf 92' lang='lat' dir='ltr'><strong>nautis</strong></span> <span class='ocrx_word' id='word_1_494' title='bbox 2746 3097 2897 3135; x_wconf 89' lang='lat' dir='ltr'><strong>mare</strong></span> <span class='ocrx_word' id='word_1_495' title='bbox 2935 3082 3199 3151; x_wconf 88' lang='lat' dir='ltr'><strong>eripiens,</strong></span> <span class='ocrx_word' id='word_1_496' title='bbox 3236 3080 3491 3151; x_wconf 85' lang='lat' dir='ltr'><strong>agricolis</strong></span> 
     </span>
    </p>
   </div>
   <div class='ocr_carea' id='block_1_75' title="bbox 1901 3173 3493 3248">
    <p class='ocr_par' dir='ltr' id='par_1_75' title="bbox 1901 3173 3493 3248">
     <span class='ocr_line' id='line_1_76' title="bbox 1901 3173 3493 3248; baseline -0.004 -14"><span class='ocrx_word' id='word_1_497' title='bbox 1901 3181 2049 3237; x_wconf 83' lang='lat' dir='ltr'><strong>dedit</strong></span> <span class='ocrx_word' id='word_1_498' title='bbox 2093 3179 2294 3233; x_wconf 89' lang='lat' dir='ltr'><strong>aratris</strong></span> <span class='ocrx_word' id='word_1_499' title='bbox 2333 3192 2433 3248; x_wconf 91' lang='lat' dir='ltr'><strong>pro</strong></span> <span class='ocrx_word' id='word_1_500' title='bbox 2509 3178 2670 3245; x_wconf 89' lang='lat' dir='ltr'><strong>aquis</strong></span> <span class='ocrx_word' id='word_1_501' title='bbox 2715 3177 2895 3230; x_wconf 76' lang='lat' dir='ltr'><strong>sulcos</strong></span> <span class='ocrx_word' id='word_1_502' title='bbox 2984 3175 3257 3229; x_wconf 82' lang='lat' dir='ltr'><strong>scindere.</strong></span> <span class='ocrx_word' id='word_1_503' title='bbox 3297 3173 3493 3227; x_wconf 78' lang='lat' dir='ltr'><strong>Videas</strong></span> 
     </span>
    </p>
   </div>
   <div class='ocr_carea' id='block_1_76' title="bbox 1900 3266 3492 3341">
    <p class='ocr_par' dir='ltr' id='par_1_76' title="bbox 1900 3266 3492 3341">
     <span class='ocr_line' id='line_1_77' title="bbox 1900 3266 3492 3341; baseline -0.006 -13"><span class='ocrx_word' id='word_1_504' title='bbox 1900 3288 2174 3341; x_wconf 90' lang='lat' dir='ltr'><strong>campum,</strong></span> <span class='ocrx_word' id='word_1_505' title='bbox 2216 3272 2306 3326; x_wconf 87' lang='lat' dir='ltr'><strong>ubi</strong></span> <span class='ocrx_word' id='word_1_506' title='bbox 2362 3271 2511 3339; x_wconf 92' lang='lat' dir='ltr'><strong>prius</strong></span> <span class='ocrx_word' id='word_1_507' title='bbox 2567 3268 2670 3323; x_wconf 83' lang='lat' dir='ltr'><strong>fuit</strong></span> <span class='ocrx_word' id='word_1_508' title='bbox 2724 3284 2898 3333; x_wconf 87' lang='lat' dir='ltr'><strong>mare,</strong></span> <span class='ocrx_word' id='word_1_509' title='bbox 2929 3270 3113 3322; x_wconf 86' lang='lat' dir='ltr'><strong>videas</strong></span> <span class='ocrx_word' id='word_1_510' title='bbox 3146 3266 3492 3319; x_wconf 85' lang='lat' dir='ltr'><strong>lascivientes</strong></span> 
     </span>
    </p>
   </div>
   <div class='ocr_carea' id='block_1_77' title="bbox 1904 3357 3491 3429">
    <p class='ocr_par' dir='ltr' id='par_1_77' title="bbox 1904 3357 3491 3429">
     <span class='ocr_line' id='line_1_78' title="bbox 1904 3357 3491 3429; baseline -0.009 -8"><span class='ocrx_word' id='word_1_511' title='bbox 1904 3365 2159 3420; x_wconf 87' lang='lat' dir='ltr'><strong>hinnulos</strong></span> <span class='ocrx_word' id='word_1_512' title='bbox 2199 3363 2318 3417; x_wconf 91' lang='lat' dir='ltr'><strong>loco</strong></span> <span class='ocrx_word' id='word_1_513' title='bbox 2341 3361 2744 3429; x_wconf 86' lang='lat' dir='ltr'><strong>delphinorum,</strong></span> <span class='ocrx_word' id='word_1_514' title='bbox 2778 3361 2895 3415; x_wconf 90' lang='lat' dir='ltr'><strong>loco</strong></span> <span class='ocrx_word' id='word_1_515' title='bbox 2946 3368 3130 3414; x_wconf 62' lang='lat' dir='ltr'><strong>nauta</strong></span> <span class='ocrx_word' id='word_1_516' title='bbox 3196 3357 3491 3424; x_wconf 83' lang='lat' dir='ltr'><strong>hortantis,</strong></span> 
     </span>
    </p>
   </div>
   <div class='ocr_carea' id='block_1_78' title="bbox 1900 3451 2977 3529">
    <p class='ocr_par' dir='ltr' id='par_1_78' title="bbox 1900 3451 2977 3529">
     <span class='ocr_line' id='line_1_79' title="bbox 1900 3451 2977 3529; baseline -0.002 -20"><span class='ocrx_word' id='word_1_517' title='bbox 1900 3456 2138 3529; x_wconf 51' lang='lat' dir='ltr'><strong>pastoris</strong></span> <span class='ocrx_word' id='word_1_518' title='bbox 2179 3462 2463 3511; x_wconf 85' lang='lat' dir='ltr'><strong>sonantem</strong></span> <span class='ocrx_word' id='word_1_519' title='bbox 2492 3451 2730 3507; x_wconf 81' lang='lat' dir='ltr'><strong>ﬁstulam</strong></span> <span class='ocrx_word' id='word_1_520' title='bbox 2762 3453 2977 3507; x_wconf 87' lang='lat' dir='ltr'><strong>audias.</strong></span> 
     </span>
    </p>
   </div>
   <div class='ocr_carea' id='block_1_79' title="bbox 1998 3632 3389 3708">
    <p class='ocr_par' dir='ltr' id='par_1_79' title="bbox 1998 3632 3389 3708">
     <span class='ocr_line' id='line_1_80' title="bbox 1998 3632 3389 3708; baseline -0.005 -18"><span class='ocrx_word' id='word_1_521' title='bbox 1998 3635 2194 3708; x_wconf 66' lang='grc'><strong>3741)</strong></span> <span class='ocrx_word' id='word_1_522' title='bbox 2242 3632 2329 3688; x_wconf 77' lang='lat' dir='ltr'><strong>Ea:</strong></span> <span class='ocrx_word' id='word_1_523' title='bbox 2386 3637 2624 3708; x_wconf 57' lang='lat' dir='ltr'><strong>oratione</strong></span> <span class='ocrx_word' id='word_1_524' title='bbox 2662 3633 2988 3708; x_wconf 66' lang='lat' dir='ltr'><strong>inadvenas</strong></span> <span class='ocrx_word' id='word_1_525' title='bbox 3020 3632 3291 3702; x_wconf 76' lang='lat' dir='ltr'><strong>Ephesios.</strong></span> <span class='ocrx_word' id='word_1_526' title='bbox 3315 3660 3389 3675; x_wconf 92' lang='lat'>—</span> 
     </span>
    </p>
   </div>
   <div class='ocr_carea' id='block_1_80' title="bbox 2539 3704 2857 3759">
    <p class='ocr_par' dir='ltr' id='par_1_80' title="bbox 2539 3704 2857 3759">
     <span class='ocr_line' id='line_1_81' title="bbox 2539 3704 2857 3759; baseline -0.006 0"><span class='ocrx_word' id='word_1_527' title='bbox 2539 3704 2857 3759; x_wconf 73' lang='lat' dir='ltr'><strong>Exordium.</strong></span> 
     </span>
    </p>
   </div>
   <div class='ocr_carea' id='block_1_81' title="bbox 1967 3794 3491 3865">
    <p class='ocr_par' dir='ltr' id='par_1_81' title="bbox 1967 3794 3491 3865">
     <span class='ocr_line' id='line_1_82' title="bbox 1967 3794 3491 3865; baseline -0.002 -14"><span class='ocrx_word' id='word_1_528' title='bbox 1967 3794 2103 3851; x_wconf 87' lang='lat' dir='ltr'><strong>Cum</strong></span> <span class='ocrx_word' id='word_1_529' title='bbox 2154 3796 2347 3865; x_wconf 85' lang='lat' dir='ltr'><strong>Apollo</strong></span> <span class='ocrx_word' id='word_1_530' title='bbox 2401 3796 2788 3850; x_wconf 90' lang='lat' dir='ltr'><strong>divinatorium</strong></span> <span class='ocrx_word' id='word_1_531' title='bbox 2868 3794 3137 3863; x_wconf 87' lang='lat' dir='ltr'><strong>tripodem</strong></span> <span class='ocrx_word' id='word_1_532' title='bbox 3213 3794 3491 3848; x_wconf 70' lang='lat' dir='ltr'><strong>collocaris</strong></span> 
     </span>
    </p>
   </div>
   <div class='ocr_carea' id='block_1_82' title="bbox 1899 3888 3492 3956">
    <p class='ocr_par' dir='ltr' id='par_1_82' title="bbox 1899 3888 3492 3956">
     <span class='ocr_line' id='line_1_83' title="bbox 1899 3888 3492 3956; baseline -0.001 -13"><span class='ocrx_word' id='word_1_533' title='bbox 1899 3890 2153 3943; x_wconf 85' lang='lat' dir='ltr'><strong>omnibus</strong></span> <span class='ocrx_word' id='word_1_534' title='bbox 2176 3890 2399 3943; x_wconf 91' lang='lat' dir='ltr'><strong>oracula</strong></span> <span class='ocrx_word' id='word_1_535' title='bbox 2449 3888 2725 3952; x_wconf 87' lang='lat' dir='ltr'><strong>redderet,</strong></span> <span class='ocrx_word' id='word_1_536' title='bbox 2775 3902 2967 3942; x_wconf 90' lang='lat' dir='ltr'><strong>omnes</strong></span> <span class='ocrx_word' id='word_1_537' title='bbox 3025 3898 3216 3956; x_wconf 80' lang='lat' dir='ltr'><strong>gentes</strong></span> <span class='ocrx_word' id='word_1_538' title='bbox 3270 3901 3492 3941; x_wconf 70' lang='lat' dir='ltr'><strong>clunes-</strong></span> 
     </span>
    </p>
   </div>
   <div class='ocr_carea' id='block_1_83' title="bbox 1898 3978 3276 4050">
    <p class='ocr_par' dir='ltr' id='par_1_83' title="bbox 1898 3978 3276 4050">
     <span class='ocr_line' id='line_1_84' title="bbox 1898 3978 3276 4050; baseline 0.001 -17"><span class='ocrx_word' id='word_1_539' title='bbox 1898 3996 2006 4050; x_wconf 86' lang='lat' dir='ltr'><strong>que</strong></span> <span class='ocrx_word' id='word_1_540' title='bbox 2035 3980 2196 4035; x_wconf 86' lang='lat' dir='ltr'><strong>urbes</strong></span> <span class='ocrx_word' id='word_1_541' title='bbox 2220 3980 2366 4034; x_wconf 84' lang='lat' dir='ltr'><strong>fama</strong></span> <span class='ocrx_word' id='word_1_542' title='bbox 2414 3981 2515 4034; x_wconf 88' lang='lat' dir='ltr'><strong>hac</strong></span> <span class='ocrx_word' id='word_1_543' title='bbox 2541 3980 2607 4033; x_wconf 89' lang='lat' dir='ltr'><strong>ad</strong></span> <span class='ocrx_word' id='word_1_544' title='bbox 2644 3979 2809 4033; x_wconf 91' lang='lat' dir='ltr'><strong>Deum</strong></span> <span class='ocrx_word' id='word_1_545' title='bbox 2839 3978 3276 4034; x_wconf 86' lang='lat' dir='ltr'><strong>attrahebautur.</strong></span> 
     </span>
    </p>
   </div>
   <div class='ocr_carea' id='block_1_84' title="bbox 1998 4152 3361 4226">
    <p class='ocr_par' dir='ltr' id='par_1_84' title="bbox 1998 4152 3361 4226">
     <span class='ocr_line' id='line_1_85' title="bbox 1998 4152 3361 4226; baseline 0.001 -17"><span class='ocrx_word' id='word_1_546' title='bbox 1998 4158 2084 4211; x_wconf 81' lang='lat' dir='ltr'><strong>Ea:</strong></span> <span class='ocrx_word' id='word_1_547' title='bbox 2107 4157 2345 4211; x_wconf 83' lang='lat' dir='ltr'><strong>oratione</strong></span> <span class='ocrx_word' id='word_1_548' title='bbox 2368 4156 2421 4209; x_wconf 83' lang='lat' dir='ltr'><strong>in</strong></span> <span class='ocrx_word' id='word_1_549' title='bbox 2451 4156 2733 4226; x_wconf 78' lang='lat' dir='ltr'><strong>populares</strong></span> <span class='ocrx_word' id='word_1_550' title='bbox 2773 4171 2917 4210; x_wconf 74' lang='lat' dir='ltr'><strong>suos.</strong></span> <span class='ocrx_word' id='word_1_551' title='bbox 2938 4185 3010 4195; x_wconf 94' lang='lat'><strong><em>—</em></strong></span> <span class='ocrx_word' id='word_1_552' title='bbox 3038 4152 3361 4211; x_wconf 74' lang='lat' dir='ltr'><strong>Exordium.</strong></span> 
     </span>
    </p>
   </div>
   <div class='ocr_carea' id='block_1_85' title="bbox 1965 4314 3487 4387">
    <p class='ocr_par' dir='ltr' id='par_1_85' title="bbox 1965 4314 3487 4387">
     <span class='ocr_line' id='line_1_86' title="bbox 1965 4314 3487 4387; baseline -0.003 -15"><span class='ocrx_word' id='word_1_553' title='bbox 1965 4315 2177 4372; x_wconf 88' lang='lat' dir='ltr'><strong>Etenim</strong></span> <span class='ocrx_word' id='word_1_554' title='bbox 2208 4315 2324 4385; x_wconf 83' lang='lat' dir='ltr'><strong>jam</strong></span> <span class='ocrx_word' id='word_1_555' title='bbox 2369 4316 2586 4371; x_wconf 87' lang='lat' dir='ltr'><strong>demum</strong></span> <span class='ocrx_word' id='word_1_556' title='bbox 2632 4326 2844 4385; x_wconf 87' lang='lat' dir='ltr'><strong>tempus</strong></span> <span class='ocrx_word' id='word_1_557' title='bbox 2869 4324 2976 4382; x_wconf 91' lang='lat' dir='ltr'><strong>est,</strong></span> <span class='ocrx_word' id='word_1_558' title='bbox 3028 4316 3282 4387; x_wconf 85' lang='lat' dir='ltr'><strong>juvenes,</strong></span> <span class='ocrx_word' id='word_1_559' title='bbox 3328 4314 3487 4371; x_wconf 79' lang='lat' dir='ltr'><strong>etiam</strong></span> 
     </span>
    </p>
   </div>
   <div class='ocr_carea' id='block_1_86' title="bbox 1901 4407 3489 4477">
    <p class='ocr_par' dir='ltr' id='par_1_86' title="bbox 1901 4407 3489 4477">
     <span class='ocr_line' id='line_1_87' title="bbox 1901 4407 3489 4477; baseline -0.003 -13"><span class='ocrx_word' id='word_1_560' title='bbox 1901 4409 2111 4464; x_wconf 85' lang='lat' dir='ltr'><strong>civibus</strong></span> <span class='ocrx_word' id='word_1_561' title='bbox 2140 4408 2313 4477; x_wconf 85' lang='lat' dir='ltr'><strong>lyram</strong></span> <span class='ocrx_word' id='word_1_562' title='bbox 2349 4417 2591 4460; x_wconf 90' lang='lat' dir='ltr'><strong>nostram</strong></span> <span class='ocrx_word' id='word_1_563' title='bbox 2630 4408 2946 4476; x_wconf 87' lang='lat' dir='ltr'><strong>adaptandi.</strong></span> <span class='ocrx_word' id='word_1_564' title='bbox 2980 4407 3119 4473; x_wconf 85' lang='lat' dir='ltr'><strong>Quid</strong></span> <span class='ocrx_word' id='word_1_565' title='bbox 3153 4409 3341 4462; x_wconf 90' lang='lat' dir='ltr'><strong>urbem</strong></span> <span class='ocrx_word' id='word_1_566' title='bbox 3362 4422 3489 4476; x_wconf 89' lang='lat' dir='ltr'><strong>pro-</strong></span> 
     </span>
    </p>
   </div>
   <div class='ocr_carea' id='block_1_87' title="bbox 1904 4490 3491 4555">
    <p class='ocr_par' dir='ltr' id='par_1_87' title="bbox 1904 4490 3491 4555">
     <span class='ocr_line' id='line_1_88' title="bbox 1904 4490 3491 4555; baseline -0.001 -2"><span class='ocrx_word' id='word_1_567' title='bbox 1904 4498 2047 4555; x_wconf 76' lang='lat' dir='ltr'><strong>ferre</strong></span> <span class='ocrx_word' id='word_1_568' title='bbox 2069 4498 2310 4552; x_wconf 86' lang='lat' dir='ltr'><strong>dicemus</strong></span> <span class='ocrx_word' id='word_1_569' title='bbox 2336 4496 2360 4549; x_wconf 91' lang='lat'><strong>?</strong></span> <span class='ocrx_word' id='word_1_570' title='bbox 2406 4499 2501 4552; x_wconf 93' lang='lat' dir='ltr'><strong>sed</strong></span> <span class='ocrx_word' id='word_1_571' title='bbox 2527 4513 2649 4551; x_wconf 91' lang='lat' dir='ltr'><strong>cum</strong></span> <span class='ocrx_word' id='word_1_572' title='bbox 2676 4490 2807 4551; x_wconf 75' lang='lat' dir='ltr'><strong>nou&#39;</strong></span> <span class='ocrx_word' id='word_1_573' title='bbox 2840 4499 2891 4551; x_wconf 90' lang='lat' dir='ltr'><strong>in</strong></span> <span class='ocrx_word' id='word_1_574' title='bbox 2914 4499 3168 4552; x_wconf 90' lang='lat' dir='ltr'><strong>curribus</strong></span> <span class='ocrx_word' id='word_1_575' title='bbox 3198 4514 3297 4551; x_wconf 89' lang='lat' dir='ltr'><strong>nus</strong></span> <span class='ocrx_word' id='word_1_576' title='bbox 3324 4498 3491 4551; x_wconf 89' lang='lat' dir='ltr'><strong>veha-</strong></span> 
     </span>
    </p>
   </div>
   <div class='ocr_carea' id='block_1_88' title="bbox 196 4578 1794 4663">
    <p class='ocr_par' dir='ltr' id='par_1_88' title="bbox 196 4591 1794 4663">
     <span class='ocr_line' id='line_1_89' title="bbox 196 4591 1794 4663; baseline 0.001 -17"><span class='ocrx_word' id='word_1_577' title='bbox 196 4593 473 4662; x_wconf 79' lang='grc' dir='ltr'>ἁρμάτων</span> <span class='ocrx_word' id='word_1_578' title='bbox 497 4592 541 4623; x_wconf 76' lang='grc'><strong>³⁸</strong></span> <span class='ocrx_word' id='word_1_579' title='bbox 573 4593 735 4662; x_wconf 80' lang='grc' dir='ltr'>ἡμεῖς</span> <span class='ocrx_word' id='word_1_580' title='bbox 764 4591 1043 4663; x_wconf 85' lang='grc' dir='ltr'>ὀχούμεθα</span> <span class='ocrx_word' id='word_1_581' title='bbox 1095 4593 1215 4645; x_wconf 77' lang='grc' dir='ltr'>οὐδὲ</span> <span class='ocrx_word' id='word_1_582' title='bbox 1258 4593 1324 4646; x_wconf 81' lang='grc' dir='ltr'>τὰ</span> <span class='ocrx_word' id='word_1_583' title='bbox 1361 4594 1601 4663; x_wconf 84' lang='grc' dir='ltr'>ποιητῶν</span> <span class='ocrx_word' id='word_1_584' title='bbox 1628 4611 1794 4647; x_wconf 86' lang='grc' dir='ltr'>σπου-</span> 
     </span>
    </p>
   </div>
   <div class='ocr_carea' id='block_1_89' title="bbox 1906 4578 3490 4663">
    <p class='ocr_par' dir='ltr' id='par_1_89' title="bbox 1906 4588 3490 4659">
     <span class='ocr_line' id='line_1_90' title="bbox 1906 4588 3490 4659; baseline -0.002 -13"><span class='ocrx_word' id='word_1_585' title='bbox 1906 4607 2045 4656; x_wconf 87' lang='lat' dir='ltr'><strong>mur,</strong></span> <span class='ocrx_word' id='word_1_586' title='bbox 2076 4604 2252 4659; x_wconf 88' lang='lat' dir='ltr'><strong>neque</strong></span> <span class='ocrx_word' id='word_1_587' title='bbox 2308 4589 2487 4643; x_wconf 84' lang='lat' dir='ltr'><strong>studia</strong></span> <span class='ocrx_word' id='word_1_588' title='bbox 2523 4599 2800 4658; x_wconf 86' lang='lat' dir='ltr'><strong>poetarum</strong></span> <span class='ocrx_word' id='word_1_589' title='bbox 2827 4588 3242 4658; x_wconf 86' lang='lat' dir='ltr'><strong>amplectamur,</strong></span> <span class='ocrx_word' id='word_1_590' title='bbox 3282 4604 3380 4655; x_wconf 75' lang='lat' dir='ltr'><strong>age</strong></span> <span class='ocrx_word' id='word_1_591' title='bbox 3406 4589 3490 4643; x_wconf 87' lang='lat' dir='ltr'><strong>vi-</strong></span> 
     </span>
    </p>
   </div>
   <div class='ocr_carea' id='block_1_90' title="bbox 197 4682 1797 4753">
    <p class='ocr_par' dir='ltr' id='par_1_90' title="bbox 197 4682 1797 4753">
     <span class='ocr_line' id='line_1_91' title="bbox 197 4682 1797 4753; baseline 0 -17"><span class='ocrx_word' id='word_1_592' title='bbox 197 4682 467 4749; x_wconf 79' lang='grc' dir='ltr'>δάζομεν,</span> <span class='ocrx_word' id='word_1_593' title='bbox 500 4682 633 4753; x_wconf 84' lang='grc' dir='ltr'>φέρε</span> <span class='ocrx_word' id='word_1_594' title='bbox 655 4682 884 4752; x_wconf 83' lang='grc' dir='ltr'>ἀνδράσι</span> <span class='ocrx_word' id='word_1_595' title='bbox 911 4682 1006 4736; x_wconf 80' lang='grc' dir='ltr'>καὶ</span> <span class='ocrx_word' id='word_1_596' title='bbox 1030 4682 1212 4750; x_wconf 89' lang='grc' dir='ltr'>λόγοις</span> <span class='ocrx_word' id='word_1_597' title='bbox 1246 4682 1344 4753; x_wconf 83' lang='grc' dir='ltr'><strong>τὴν</strong></span> <span class='ocrx_word' id='word_1_598' title='bbox 1370 4683 1524 4736; x_wconf 87' lang='grc' dir='ltr'>πόλιν</span> <span class='ocrx_word' id='word_1_599' title='bbox 1552 4684 1797 4753; x_wconf 84' lang='grc' dir='ltr'>τειχίσω·</span> 
     </span>
    </p>
   </div>
   <div class='ocr_carea' id='block_1_91' title="bbox 203 4773 1800 4845">
    <p class='ocr_par' dir='ltr' id='par_1_91' title="bbox 203 4773 1800 4845">
     <span class='ocr_line' id='line_1_92' title="bbox 203 4773 1800 4845; baseline 0.001 -18"><span class='ocrx_word' id='word_1_600' title='bbox 203 4792 333 4845; x_wconf 90' lang='grc' dir='ltr'>μεν.</span> <span class='ocrx_word' id='word_1_601' title='bbox 373 4773 485 4844; x_wconf 85' lang='grc' dir='ltr'><strong>Τὴν</strong></span> <span class='ocrx_word' id='word_1_602' title='bbox 515 4773 573 4826; x_wconf 85' lang='grc' dir='ltr'>δὲ</span> <span class='ocrx_word' id='word_1_603' title='bbox 613 4775 856 4845; x_wconf 82' lang='grc' dir='ltr'>Ὀμήρου</span> <span class='ocrx_word' id='word_1_604' title='bbox 878 4774 978 4844; x_wconf 83' lang='grc' dir='ltr'><strong>τὴν</strong></span> <span class='ocrx_word' id='word_1_605' title='bbox 998 4776 1243 4845; x_wconf 85' lang='grc' dir='ltr'>μεγάλην</span> <span class='ocrx_word' id='word_1_606' title='bbox 1262 4775 1380 4845; x_wconf 72' lang='grc' dir='ltr'><strong>ἠχὼ</strong></span> <span class='ocrx_word' id='word_1_607' title='bbox 1400 4775 1453 4827; x_wconf 88' lang='grc' dir='ltr'><strong>τί</strong></span> <span class='ocrx_word' id='word_1_608' title='bbox 1477 4775 1586 4828; x_wconf 87' lang='grc' dir='ltr'><strong>τῶν</strong></span> <span class='ocrx_word' id='word_1_609' title='bbox 1621 4777 1800 4830; x_wconf 80' lang='grc' dir='ltr'>ἀπάν-</span> 
     </span>
    </p>
   </div>
   <div class='ocr_carea' id='block_1_92' title="bbox 197 4864 1797 4939">
    <p class='ocr_par' dir='ltr' id='par_1_92' title="bbox 197 4864 1797 4939">
     <span class='ocr_line' id='line_1_93' title="bbox 197 4864 1797 4939; baseline 0.001 -20"><span class='ocrx_word' id='word_1_610' title='bbox 197 4883 317 4919; x_wconf 81' lang='grc' dir='ltr'><strong>των</strong></span> <span class='ocrx_word' id='word_1_611' title='bbox 349 4865 652 4935; x_wconf 73' lang='grc' dir='ltr'>ἐξέμηνεν;</span> <span class='ocrx_word' id='word_1_612' title='bbox 708 4867 824 4919; x_wconf 83' lang='grc' dir='ltr'>Οὐκ</span> <span class='ocrx_word' id='word_1_613' title='bbox 869 4865 1081 4936; x_wconf 87' lang='grc' dir='ltr'>ἀνδρῶν</span> <span class='ocrx_word' id='word_1_614' title='bbox 1109 4865 1266 4930; x_wconf 79' lang='grc' dir='ltr'>δόξα;</span> <span class='ocrx_word' id='word_1_615' title='bbox 1313 4864 1456 4934; x_wconf 85' lang='grc' dir='ltr'>Ἐγὼ</span> <span class='ocrx_word' id='word_1_616' title='bbox 1502 4865 1560 4918; x_wconf 80' lang='grc' dir='ltr'>δὲ</span> <span class='ocrx_word' id='word_1_617' title='bbox 1595 4868 1797 4939; x_wconf 86' lang='grc' dir='ltr'>ἀρετὴν</span> 
     </span>
    </p>
   </div>
   <div class='ocr_carea' id='block_1_93' title="bbox 200 4954 1794 5027">
    <p class='ocr_par' dir='ltr' id='par_1_93' title="bbox 200 4954 1794 5027">
     <span class='ocr_line' id='line_1_94' title="bbox 200 4954 1794 5027; baseline 0.003 -21"><span class='ocrx_word' id='word_1_618' title='bbox 200 4955 382 5026; x_wconf 83' lang='grc' dir='ltr'>ζητῶ,</span> <span class='ocrx_word' id='word_1_619' title='bbox 409 4957 503 5008; x_wconf 75' lang='grc' dir='ltr'><strong>καὶ</strong></span> <span class='ocrx_word' id='word_1_620' title='bbox 527 4955 634 5009; x_wconf 82' lang='grc' dir='ltr'><strong>ἀπὸ</strong></span> <span class='ocrx_word' id='word_1_621' title='bbox 653 4954 858 5025; x_wconf 88' lang='grc' dir='ltr'>ταύτης</span> <span class='ocrx_word' id='word_1_622' title='bbox 875 4957 1120 5009; x_wconf 73' lang='grc' dir='ltr'>ἐπαινεῖν</span> <span class='ocrx_word' id='word_1_623' title='bbox 1142 4957 1270 5018; x_wconf 80' lang='grc' dir='ltr'>τοὺς</span> <span class='ocrx_word' id='word_1_624' title='bbox 1291 4955 1491 5026; x_wconf 76' lang='grc' dir='ltr'>ἄνδρας</span> <span class='ocrx_word' id='word_1_625' title='bbox 1515 4955 1794 5027; x_wconf 84' lang='grc' dir='ltr'>βούλομαι.</span> 
     </span>
    </p>
   </div>
   <div class='ocr_carea' id='block_1_94' title="bbox 199 5047 1798 5118">
    <p class='ocr_par' dir='ltr' id='par_1_94' title="bbox 199 5047 1798 5118">
     <span class='ocr_line' id='line_1_95' title="bbox 199 5047 1798 5118; baseline 0 -17"><span class='ocrx_word' id='word_1_626' title='bbox 199 5049 321 5115; x_wconf 85' lang='grc' dir='ltr'><strong>Τῆς</strong></span> <span class='ocrx_word' id='word_1_627' title='bbox 346 5047 402 5100; x_wconf 84' lang='grc' dir='ltr'>δὲ</span> <span class='ocrx_word' id='word_1_628' title='bbox 428 5048 667 5118; x_wconf 84' lang='grc' dir='ltr'>ἀρχικῆς</span> <span class='ocrx_word' id='word_1_629' title='bbox 696 5048 900 5117; x_wconf 87' lang='grc' dir='ltr'>ἀρετῆς</span> <span class='ocrx_word' id='word_1_630' title='bbox 921 5047 1084 5101; x_wconf 79' lang='grc' dir='ltr'>διπλᾶ</span> <span class='ocrx_word' id='word_1_631' title='bbox 1110 5048 1407 5118; x_wconf 82' lang='grc' dir='ltr'>τεκμήρια,</span> <span class='ocrx_word' id='word_1_632' title='bbox 1453 5048 1717 5118; x_wconf 80' lang='grc' dir='ltr'>βασιλέως</span> <span class='ocrx_word' id='word_1_633' title='bbox 1738 5066 1798 5101; x_wconf 88' lang='grc' dir='ltr'><strong>τε</strong></span> 
     </span>
    </p>
   </div>
   <div class='ocr_carea' id='block_1_95' title="bbox 199 5138 1794 5213">
    <p class='ocr_par' dir='ltr' id='par_1_95' title="bbox 199 5138 1794 5213">
     <span class='ocr_line' id='line_1_96' title="bbox 199 5138 1794 5213; baseline 0 -19"><span class='ocrx_word' id='word_1_634' title='bbox 199 5140 263 5194; x_wconf 75' lang='grc' dir='ltr'><strong>αἱ</strong></span> <span class='ocrx_word' id='word_1_635' title='bbox 284 5140 331 5171; x_wconf 78' lang='grc'><strong>⁹⁹</strong></span> <span class='ocrx_word' id='word_1_636' title='bbox 357 5139 526 5209; x_wconf 73' lang='grc' dir='ltr'>ψῆφοι</span> <span class='ocrx_word' id='word_1_637' title='bbox 570 5139 665 5193; x_wconf 77' lang='grc' dir='ltr'>καὶ</span> <span class='ocrx_word' id='word_1_638' title='bbox 692 5138 801 5191; x_wconf 83' lang='grc' dir='ltr'><strong>τῶν</strong></span> <span class='ocrx_word' id='word_1_639' title='bbox 828 5139 1150 5210; x_wconf 82' lang='grc' dir='ltr'>ἀρχομένων</span> <span class='ocrx_word' id='word_1_640' title='bbox 1189 5142 1241 5193; x_wconf 86' lang='grc' dir='ltr'>οἱ</span> <span class='ocrx_word' id='word_1_641' title='bbox 1274 5142 1429 5193; x_wconf 74' lang='grc' dir='ltr'>πόθοι</span> <span class='ocrx_word' id='word_1_642' title='bbox 1455 5139 1666 5212; x_wconf 79' lang='grc'><strong>¹.[1157</strong></span> <span class='ocrx_word' id='word_1_643' title='bbox 1703 5140 1794 5213; x_wconf 77' lang='lat' dir='ltr'><strong>R.]</strong></span> 
     </span>
    </p>
   </div>
   <div class='ocr_carea' id='block_1_96' title="bbox 200 5227 1801 5299">
    <p class='ocr_par' dir='ltr' id='par_1_96' title="bbox 200 5227 1801 5299">
     <span class='ocr_line' id='line_1_97' title="bbox 200 5227 1801 5299; baseline 0 -16"><span class='ocrx_word' id='word_1_644' title='bbox 200 5229 368 5283; x_wconf 79' lang='grc' dir='ltr'>Μετὰ</span> <span class='ocrx_word' id='word_1_645' title='bbox 395 5228 505 5281; x_wconf 89' lang='grc' dir='ltr'><strong>τῶν</strong></span> <span class='ocrx_word' id='word_1_646' title='bbox 544 5228 724 5299; x_wconf 81' lang='grc' dir='ltr'>ἔργων</span> <span class='ocrx_word' id='word_1_647' title='bbox 752 5227 852 5299; x_wconf 80' lang='grc' dir='ltr'>τὴν</span> <span class='ocrx_word' id='word_1_648' title='bbox 909 5227 1074 5299; x_wconf 88' lang='grc' dir='ltr'>φύσιν</span> <span class='ocrx_word' id='word_1_649' title='bbox 1112 5229 1444 5283; x_wconf 88' lang='grc' dir='ltr'>σκέπτεσθαι</span> <span class='ocrx_word' id='word_1_650' title='bbox 1482 5231 1631 5296; x_wconf 74' lang='grc' dir='ltr'>ἄξιον</span> <span class='ocrx_word' id='word_1_651' title='bbox 1662 5248 1676 5262; x_wconf 76' lang='grc'><strong><em>⁸</em></strong></span> <span class='ocrx_word' id='word_1_652' title='bbox 1706 5234 1801 5285; x_wconf 79' lang='grc' dir='ltr'><strong>καὶ</strong></span> 
     </span>
    </p>
   </div>
   <div class='ocr_carea' id='block_1_97' title="bbox 204 5319 1798 5391">
    <p class='ocr_par' dir='ltr' id='par_1_97' title="bbox 204 5319 1798 5391">
     <span class='ocr_line' id='line_1_98' title="bbox 204 5319 1798 5391; baseline 0.001 -20"><span class='ocrx_word' id='word_1_653' title='bbox 204 5319 326 5372; x_wconf 75' lang='grc' dir='ltr'>ἴσον</span> <span class='ocrx_word' id='word_1_654' title='bbox 355 5336 441 5382; x_wconf 89' lang='grc' dir='ltr'><strong>τις</strong></span> <span class='ocrx_word' id='word_1_655' title='bbox 464 5320 689 5391; x_wconf 79' lang='grc' dir='ltr'>εὑρήσει</span> <span class='ocrx_word' id='word_1_656' title='bbox 709 5320 808 5384; x_wconf 84' lang='grc' dir='ltr'><strong>τάς</strong></span> <span class='ocrx_word' id='word_1_657' title='bbox 866 5336 930 5373; x_wconf 89' lang='grc' dir='ltr'><strong>τε</strong></span> <span class='ocrx_word' id='word_1_658' title='bbox 993 5320 1223 5391; x_wconf 86' lang='grc' dir='ltr'>πράξεις</span> <span class='ocrx_word' id='word_1_659' title='bbox 1279 5320 1519 5391; x_wconf 82' lang='grc' dir='ltr'>ὴχούσας</span> <span class='ocrx_word' id='word_1_660' title='bbox 1566 5322 1660 5375; x_wconf 72' lang='grc' dir='ltr'><strong>καὶ</strong></span> <span class='ocrx_word' id='word_1_661' title='bbox 1697 5324 1798 5390; x_wconf 75' lang='grc' dir='ltr'><strong>τὴν</strong></span> 
     </span>
    </p>
   </div>
   <div class='ocr_carea' id='block_1_98' title="bbox 206 5412 1795 5486">
    <p class='ocr_par' dir='ltr' id='par_1_98' title="bbox 206 5412 1795 5486">
     <span class='ocr_line' id='line_1_99' title="bbox 206 5412 1795 5486; baseline 0 -20"><span class='ocrx_word' id='word_1_662' title='bbox 206 5412 378 5483; x_wconf 88' lang='grc' dir='ltr'>φύσιν</span> <span class='ocrx_word' id='word_1_663' title='bbox 398 5412 520 5467; x_wconf 73' lang='grc' dir='ltr'>ὅθεν</span> <span class='ocrx_word' id='word_1_664' title='bbox 544 5413 957 5484; x_wconf 87' lang='grc' dir='ltr'>κατώρθωνται.</span> <span class='ocrx_word' id='word_1_665' title='bbox 991 5414 1125 5468; x_wconf 86' lang='grc' dir='ltr'>Τίνα</span> <span class='ocrx_word' id='word_1_666' title='bbox 1145 5415 1211 5486; x_wconf 85' lang='grc' dir='ltr'>δὴ</span> <span class='ocrx_word' id='word_1_667' title='bbox 1232 5415 1330 5485; x_wconf 88' lang='grc' dir='ltr'><strong>τῆς</strong></span> <span class='ocrx_word' id='word_1_668' title='bbox 1356 5413 1572 5483; x_wconf 88' lang='grc' dir='ltr'>φύσεως</span> <span class='ocrx_word' id='word_1_669' title='bbox 1599 5414 1754 5467; x_wconf 83' lang='grc' dir='ltr'>τοῦδε</span> <span class='ocrx_word' id='word_1_670' title='bbox 1775 5416 1795 5446; x_wconf 82' lang='grc'>¹</span> 
     </span>
    </p>
   </div>
   <div class='ocr_carea' id='block_1_99' title="bbox 1904 4680 3490 4746">
    <p class='ocr_par' dir='ltr' id='par_1_99' title="bbox 1904 4680 3490 4746">
     <span class='ocr_line' id='line_1_100' title="bbox 1904 4680 3490 4746; baseline 0.001 -11"><span class='ocrx_word' id='word_1_671' title='bbox 1904 4682 1982 4736; x_wconf 84' lang='lat' dir='ltr'><strong>ris</strong></span> <span class='ocrx_word' id='word_1_672' title='bbox 2012 4691 2064 4735; x_wconf 92' lang='lat' dir='ltr'><strong>et</strong></span> <span class='ocrx_word' id='word_1_673' title='bbox 2086 4684 2333 4737; x_wconf 87' lang='lat' dir='ltr'><strong>oratione</strong></span> <span class='ocrx_word' id='word_1_674' title='bbox 2369 4684 2557 4734; x_wconf 89' lang='lat' dir='ltr'><strong>urbem</strong></span> <span class='ocrx_word' id='word_1_675' title='bbox 2596 4682 2924 4735; x_wconf 89' lang='lat' dir='ltr'><strong>muniamus.</strong></span> <span class='ocrx_word' id='word_1_676' title='bbox 2951 4680 3088 4746; x_wconf 89' lang='lat' dir='ltr'><strong>Quid</strong></span> <span class='ocrx_word' id='word_1_677' title='bbox 3144 4696 3207 4734; x_wconf 80' lang='lat' dir='ltr'><strong>ex</strong></span> <span class='ocrx_word' id='word_1_678' title='bbox 3233 4682 3490 4737; x_wconf 89' lang='lat' dir='ltr'><strong>omnibus</strong></span> 
     </span>
    </p>
   </div>
   <div class='ocr_carea' id='block_1_100' title="bbox 1907 4772 3489 4843">
    <p class='ocr_par' dir='ltr' id='par_1_100' title="bbox 1907 4772 3489 4843">
     <span class='ocr_line' id='line_1_101' title="bbox 1907 4772 3489 4843; baseline 0.001 -16"><span class='ocrx_word' id='word_1_679' title='bbox 1907 4788 2159 4843; x_wconf 83' lang='lat' dir='ltr'><strong>magnam</strong></span> <span class='ocrx_word' id='word_1_680' title='bbox 2183 4774 2402 4828; x_wconf 86' lang='lat' dir='ltr'><strong>Homeri</strong></span> <span class='ocrx_word' id='word_1_681' title='bbox 2447 4775 2647 4828; x_wconf 66' lang='lat' dir='ltr'><strong>farinam</strong></span> <span class='ocrx_word' id='word_1_682' title='bbox 2681 4774 2732 4829; x_wconf 87' lang='lat' dir='ltr'><strong>in</strong></span> <span class='ocrx_word' id='word_1_683' title='bbox 2770 4773 3012 4827; x_wconf 84' lang='lat' dir='ltr'><strong>furorem</strong></span> <span class='ocrx_word' id='word_1_684' title='bbox 3044 4773 3155 4842; x_wconf 82' lang='lat' dir='ltr'><strong>egit</strong></span> <span class='ocrx_word' id='word_1_685' title='bbox 3185 4773 3208 4826; x_wconf 88' lang='lat'><strong>?</strong></span> <span class='ocrx_word' id='word_1_686' title='bbox 3238 4772 3375 4826; x_wconf 86' lang='lat' dir='ltr'><strong>Num</strong></span> <span class='ocrx_word' id='word_1_687' title='bbox 3416 4775 3489 4828; x_wconf 79' lang='lat' dir='ltr'><strong>vi-</strong></span> 
     </span>
    </p>
   </div>
   <div class='ocr_carea' id='block_1_101' title="bbox 1907 4866 3491 4936">
    <p class='ocr_par' dir='ltr' id='par_1_101' title="bbox 1907 4866 3491 4936">
     <span class='ocr_line' id='line_1_102' title="bbox 1907 4866 3491 4936; baseline 0.001 -16"><span class='ocrx_word' id='word_1_688' title='bbox 1907 4882 2095 4921; x_wconf 88' lang='lat' dir='ltr'><strong>rorum</strong></span> <span class='ocrx_word' id='word_1_689' title='bbox 2155 4866 2378 4936; x_wconf 84' lang='lat' dir='ltr'><strong>gloria?</strong></span> <span class='ocrx_word' id='word_1_690' title='bbox 2419 4867 2530 4933; x_wconf 80' lang='lat' dir='ltr'><strong>Ego</strong></span> <span class='ocrx_word' id='word_1_691' title='bbox 2571 4866 2827 4920; x_wconf 86' lang='lat' dir='ltr'><strong>virtutem</strong></span> <span class='ocrx_word' id='word_1_692' title='bbox 2873 4881 3083 4935; x_wconf 68' lang='lat' dir='ltr'><strong>quaero,</strong></span> <span class='ocrx_word' id='word_1_693' title='bbox 3133 4877 3189 4920; x_wconf 92' lang='lat' dir='ltr'><strong>et</strong></span> <span class='ocrx_word' id='word_1_694' title='bbox 3233 4868 3303 4921; x_wconf 88' lang='lat' dir='ltr'><strong>ob</strong></span> <span class='ocrx_word' id='word_1_695' title='bbox 3349 4866 3491 4922; x_wconf 90' lang='lat' dir='ltr'><strong>hanc</strong></span> 
     </span>
    </p>
   </div>
   <div class='ocr_carea' id='block_1_102' title="bbox 1907 4953 3487 5024">
    <p class='ocr_par' dir='ltr' id='par_1_102' title="bbox 1907 4953 3487 5024">
     <span class='ocr_line' id='line_1_103' title="bbox 1907 4953 3487 5024; baseline 0.001 -15"><span class='ocrx_word' id='word_1_696' title='bbox 1907 4957 2054 5011; x_wconf 90' lang='lat' dir='ltr'><strong>viros</strong></span> <span class='ocrx_word' id='word_1_697' title='bbox 2085 4957 2361 5011; x_wconf 87' lang='lat' dir='ltr'><strong>celebrare</strong></span> <span class='ocrx_word' id='word_1_698' title='bbox 2389 4956 2568 5024; x_wconf 83' lang='lat' dir='ltr'><strong>cupio.</strong></span> <span class='ocrx_word' id='word_1_699' title='bbox 2603 4955 2939 5023; x_wconf 88' lang='lat' dir='ltr'><strong>Principium</strong></span> <span class='ocrx_word' id='word_1_700' title='bbox 2999 4954 3223 5008; x_wconf 86' lang='lat' dir='ltr'><strong>virtutis</strong></span> <span class='ocrx_word' id='word_1_701' title='bbox 3252 4953 3487 5023; x_wconf 79' lang='lat' dir='ltr'><strong>duplicia</strong></span> 
     </span>
    </p>
   </div>
   <div class='ocr_carea' id='block_1_103' title="bbox 1905 5047 3483 5116">
    <p class='ocr_par' dir='ltr' id='par_1_103' title="bbox 1905 5047 3483 5116">
     <span class='ocr_line' id='line_1_104' title="bbox 1905 5047 3483 5116; baseline -0.003 -13"><span class='ocrx_word' id='word_1_702' title='bbox 1905 5059 2035 5103; x_wconf 87' lang='lat' dir='ltr'><strong>sunt</strong></span> <span class='ocrx_word' id='word_1_703' title='bbox 2099 5050 2319 5115; x_wconf 77' lang='lat' dir='ltr'><strong>indicia,</strong></span> <span class='ocrx_word' id='word_1_704' title='bbox 2356 5063 2479 5102; x_wconf 90' lang='lat' dir='ltr'><strong>cum</strong></span> <span class='ocrx_word' id='word_1_705' title='bbox 2520 5048 2661 5116; x_wconf 75' lang='lat' dir='ltr'><strong>regis</strong></span> <span class='ocrx_word' id='word_1_706' title='bbox 2688 5047 2928 5110; x_wconf 86' lang='lat' dir='ltr'><strong>decreta,</strong></span> <span class='ocrx_word' id='word_1_707' title='bbox 2968 5057 3080 5099; x_wconf 89' lang='lat' dir='ltr'><strong>tum</strong></span> <span class='ocrx_word' id='word_1_708' title='bbox 3140 5047 3483 5099; x_wconf 87' lang='lat' dir='ltr'><strong>subditurqu</strong></span> 
     </span>
    </p>
   </div>
   <div class='ocr_carea' id='block_1_104' title="bbox 1906 5140 3485 5209">
    <p class='ocr_par' dir='ltr' id='par_1_104' title="bbox 1906 5140 3485 5209">
     <span class='ocr_line' id='line_1_105' title="bbox 1906 5140 3485 5209; baseline -0.003 -12"><span class='ocrx_word' id='word_1_709' title='bbox 1906 5157 2082 5197; x_wconf 90' lang='lat' dir='ltr'><strong>amor.</strong></span> <span class='ocrx_word' id='word_1_710' title='bbox 2124 5142 2260 5196; x_wconf 90' lang='lat' dir='ltr'><strong>Cum</strong></span> <span class='ocrx_word' id='word_1_711' title='bbox 2284 5141 2521 5196; x_wconf 85' lang='lat' dir='ltr'><strong>subditis</strong></span> <span class='ocrx_word' id='word_1_712' title='bbox 2547 5156 2812 5207; x_wconf 90' lang='lat' dir='ltr'><strong>amorem,</strong></span> <span class='ocrx_word' id='word_1_713' title='bbox 2865 5156 2986 5193; x_wconf 89' lang='lat' dir='ltr'><strong>cum</strong></span> <span class='ocrx_word' id='word_1_714' title='bbox 3016 5140 3274 5209; x_wconf 85' lang='lat' dir='ltr'><strong>operibus</strong></span> <span class='ocrx_word' id='word_1_715' title='bbox 3326 5150 3485 5193; x_wconf 87' lang='lat' dir='ltr'><strong>natu-</strong></span> 
     </span>
    </p>
   </div>
   <div class='ocr_carea' id='block_1_105' title="bbox 1904 5231 3483 5304">
    <p class='ocr_par' dir='ltr' id='par_1_105' title="bbox 1904 5231 3483 5304">
     <span class='ocr_line' id='line_1_106' title="bbox 1904 5231 3483 5304; baseline -0.002 -17"><span class='ocrx_word' id='word_1_716' title='bbox 1904 5249 2021 5287; x_wconf 91' lang='lat' dir='ltr'><strong>ram</strong></span> <span class='ocrx_word' id='word_1_717' title='bbox 2060 5250 2158 5304; x_wconf 91' lang='lat' dir='ltr'><strong>par</strong></span> <span class='ocrx_word' id='word_1_718' title='bbox 2195 5244 2277 5288; x_wconf 89' lang='lat' dir='ltr'><strong>est</strong></span> <span class='ocrx_word' id='word_1_719' title='bbox 2310 5235 2673 5299; x_wconf 88' lang='lat' dir='ltr'><strong>considerari,</strong></span> <span class='ocrx_word' id='word_1_720' title='bbox 2708 5242 2763 5286; x_wconf 84' lang='lat' dir='ltr'><strong>et</strong></span> <span class='ocrx_word' id='word_1_721' title='bbox 2815 5233 3015 5302; x_wconf 87' lang='lat' dir='ltr'><strong>aliquis</strong></span> <span class='ocrx_word' id='word_1_722' title='bbox 3045 5231 3278 5299; x_wconf 84' lang='lat' dir='ltr'><strong>reperiet</strong></span> <span class='ocrx_word' id='word_1_723' title='bbox 3318 5244 3483 5299; x_wconf 88' lang='lat' dir='ltr'><strong>opera</strong></span> 
     </span>
    </p>
   </div>
   <div class='ocr_carea' id='block_1_106' title="bbox 1902 5320 3482 5396">
    <p class='ocr_par' dir='ltr' id='par_1_106' title="bbox 1902 5320 3482 5396">
     <span class='ocr_line' id='line_1_107' title="bbox 1902 5320 3482 5396; baseline -0.003 -16"><span class='ocrx_word' id='word_1_724' title='bbox 1902 5326 2131 5396; x_wconf 73' lang='lat' dir='ltr'><strong>aequalia</strong></span> <span class='ocrx_word' id='word_1_725' title='bbox 2168 5342 2291 5379; x_wconf 86' lang='lat' dir='ltr'><strong>cum</strong></span> <span class='ocrx_word' id='word_1_726' title='bbox 2352 5336 2568 5391; x_wconf 80' lang='lat' dir='ltr'><strong>natura,</strong></span> <span class='ocrx_word' id='word_1_727' title='bbox 2603 5342 2629 5378; x_wconf 81' lang='grc' dir='ltr'><strong>ιι</strong></span> <span class='ocrx_word' id='word_1_728' title='bbox 2661 5340 2767 5394; x_wconf 85' lang='lat' dir='ltr'><strong>qua</strong></span> <span class='ocrx_word' id='word_1_729' title='bbox 2823 5325 3155 5392; x_wconf 81' lang='lat' dir='ltr'><strong>diriguntur.</strong></span> <span class='ocrx_word' id='word_1_730' title='bbox 3216 5320 3482 5388; x_wconf 70' lang='lat' dir='ltr'><strong>Quantam</strong></span> 
     </span>
    </p>
   </div>
   <div class='ocr_carea' id='block_1_107' title="bbox 1902 5413 3480 5486">
    <p class='ocr_par' dir='ltr' id='par_1_107' title="bbox 1902 5413 3480 5486">
     <span class='ocr_line' id='line_1_108' title="bbox 1902 5413 3480 5486; baseline 0.001 -18"><span class='ocrx_word' id='word_1_731' title='bbox 1902 5417 2230 5484; x_wconf 87' lang='lat' dir='ltr'><strong>principium</strong></span> <span class='ocrx_word' id='word_1_732' title='bbox 2276 5427 2482 5470; x_wconf 86' lang='lat' dir='ltr'><strong>naturae</strong></span> <span class='ocrx_word' id='word_1_733' title='bbox 2517 5419 2668 5486; x_wconf 86' lang='lat' dir='ltr'><strong>signa</strong></span> <span class='ocrx_word' id='word_1_734' title='bbox 2707 5416 2731 5469; x_wconf 88' lang='lat'><strong>?</strong></span> <span class='ocrx_word' id='word_1_735' title='bbox 2770 5416 3041 5469; x_wconf 87' lang='lat' dir='ltr'><strong>acerrimo</strong></span> <span class='ocrx_word' id='word_1_736' title='bbox 3089 5429 3209 5468; x_wconf 91' lang='lat' dir='ltr'><strong>esse</strong></span> <span class='ocrx_word' id='word_1_737' title='bbox 3254 5413 3480 5483; x_wconf 87' lang='lat' dir='ltr'><strong>judicio,</strong></span> 
     </span>
    </p>
   </div>
   <div class='ocr_carea' id='block_1_108' title="bbox 1487 5509 2178 5565">
    <p class='ocr_par' dir='ltr' id='par_1_108' title="bbox 1487 5509 2178 5565">
     <span class='ocr_line' id='line_1_109' title="bbox 1487 5509 2178 5565; baseline 0.001 -1"><span class='ocrx_word' id='word_1_738' title='bbox 1487 5509 1727 5565; x_wconf 67' lang='lat' dir='ltr'><strong>VARI/1&#39;3</strong></span> <span class='ocrx_word' id='word_1_739' title='bbox 1768 5510 2178 5565; x_wconf 76' lang='lat' dir='ltr'><strong>LECTIONES.</strong></span> 
     </span>
    </p>
   </div>
   <div class='ocr_carea' id='block_1_109' title="bbox 281 5602 2060 5708">
    <p class='ocr_par' dir='ltr' id='par_1_109' title="bbox 281 5602 2060 5708">
     <span class='ocr_line' id='line_1_110' title="bbox 281 5602 2060 5677; baseline 0.003 -21"><span class='ocrx_word' id='word_1_740' title='bbox 281 5604 331 5637; x_wconf 73' lang='lat'>”</span> <span class='ocrx_word' id='word_1_741' title='bbox 361 5603 475 5670; x_wconf 77' lang='grc' dir='ltr'>ἰξὺν</span> <span class='ocrx_word' id='word_1_742' title='bbox 495 5602 558 5657; x_wconf 91' lang='lat' dir='ltr'><strong>C.</strong></span> <span class='ocrx_word' id='word_1_743' title='bbox 633 5605 680 5637; x_wconf 83' lang='grc'><strong>⁹⁰</strong></span> <span class='ocrx_word' id='word_1_744' title='bbox 702 5603 1090 5674; x_wconf 84' lang='grc' dir='ltr'>ὲδημοσίευσεν</span> <span class='ocrx_word' id='word_1_745' title='bbox 1119 5603 1185 5658; x_wconf 86' lang='grc' dir='ltr'>Α.</span> <span class='ocrx_word' id='word_1_746' title='bbox 1260 5605 1303 5636; x_wconf 76' lang='grc'>⁹¹</span> <span class='ocrx_word' id='word_1_747' title='bbox 1334 5604 1743 5677; x_wconf 80' lang='grc' dir='ltr'>φιλανθρωπίας</span> <span class='ocrx_word' id='word_1_748' title='bbox 1793 5608 1972 5677; x_wconf 79' lang='grc' dir='ltr'>ἥττων</span> <span class='ocrx_word' id='word_1_749' title='bbox 1997 5606 2060 5662; x_wconf 87' lang='lat' dir='ltr'><strong>C.</strong></span> 
     </span>
     <span class='ocr_line' id='line_1_111' title="bbox 284 5674 2058 5708; baseline 0 0"><span class='ocrx_word' id='word_1_750' title='bbox 284 5674 598 5708; x_wconf 48' lang='lat' dir='ltr'><strong>usam...-</strong></span> <span class='ocrx_word' id='word_1_751' title='bbox 645 5674 673 5708; x_wconf 74' lang='grc' dir='ltr'><strong>Α</strong></span> <span class='ocrx_word' id='word_1_752' title='bbox 738 5675 1031 5708; x_wconf 52' lang='lat' dir='ltr'><strong>enisus”...</strong></span> <span class='ocrx_word' id='word_1_753' title='bbox 1086 5690 1150 5708; x_wconf 74' lang='grc' dir='ltr'>η..</span> <span class='ocrx_word' id='word_1_754' title='bbox 1218 5674 1257 5708; x_wconf 72' lang='grc' dir='ltr'><strong>ρ</strong></span> <span class='ocrx_word' id='word_1_755' title='bbox 1382 5676 1596 5708; x_wconf 68' lang='grc' dir='ltr'>οδω...]</span> <span class='ocrx_word' id='word_1_756' title='bbox 1654 5675 1901 5708; x_wconf 55' lang='lat' dir='ltr'><strong>mut-nm</strong></span> <span class='ocrx_word' id='word_1_757' title='bbox 2038 5680 2058 5708; x_wconf 77' lang='grc' dir='ltr'><strong>ο</strong></span> 
     </span>
    </p>
   </div>
   <div class='ocr_carea' id='block_1_110' title="bbox 1452 5676 2551 5817">
    <p class='ocr_par' dir='ltr' id='par_1_110' title="bbox 1452 5676 2551 5817">
     <span class='ocr_line' id='line_1_112' title="bbox 1452 5676 2499 5747; baseline -0.001 -17"><span class='ocrx_word' id='word_1_758' title='bbox 1452 5676 1596 5747; x_wconf 82' lang='grc' dir='ltr'><strong>Κὰρ]</strong></span> <span class='ocrx_word' id='word_1_759' title='bbox 1654 5676 1840 5746; x_wconf 84' lang='grc' dir='ltr'>καρῶν</span> <span class='ocrx_word' id='word_1_760' title='bbox 1864 5678 1924 5731; x_wconf 85' lang='lat' dir='ltr'><strong>C.</strong></span> <span class='ocrx_word' id='word_1_761' title='bbox 2038 5680 2085 5715; x_wconf 69' lang='grc' dir='ltr'>θδ</span> <span class='ocrx_word' id='word_1_762' title='bbox 2103 5678 2421 5747; x_wconf 79' lang='grc' dir='ltr'>ἁποαλήσας</span> <span class='ocrx_word' id='word_1_763' title='bbox 2438 5679 2499 5729; x_wconf 73' lang='lat'><strong>(1.</strong></span> 
     </span>
     <span class='ocr_line' id='line_1_113' title="bbox 1452 5746 2551 5817; baseline -0.001 -17"><span class='ocrx_word' id='word_1_764' title='bbox 1452 5750 1597 5802; x_wconf 73' lang='lat' dir='ltr'><strong>labet</strong></span> <span class='ocrx_word' id='word_1_765' title='bbox 1644 5746 1708 5800; x_wconf 88' lang='lat' dir='ltr'><strong>A.</strong></span> <span class='ocrx_word' id='word_1_766' title='bbox 1817 5749 2187 5817; x_wconf 69' lang='grc' dir='ltr'>⁸⁷’προοίμιον</span> <span class='ocrx_word' id='word_1_767' title='bbox 2212 5764 2323 5801; x_wconf 89' lang='lat' dir='ltr'><strong>om.</strong></span> <span class='ocrx_word' id='word_1_768' title='bbox 2358 5762 2440 5815; x_wconf 93' lang='lat' dir='ltr'><strong>pr.</strong></span> <span class='ocrx_word' id='word_1_769' title='bbox 2468 5747 2551 5817; x_wconf 13' lang='lat' dir='ltr'><strong>VC.</strong></span> 
     </span>
    </p>
   </div>
   <div class='ocr_carea' id='block_1_111' title="bbox 688 5812 3081 5891">
    <p class='ocr_par' dir='ltr' id='par_1_111' title="bbox 688 5812 3081 5891">
     <span class='ocr_line' id='line_1_114' title="bbox 688 5812 3081 5891; baseline -0 -21"><span class='ocrx_word' id='word_1_770' title='bbox 688 5817 704 5849; x_wconf 76' lang='grc'>³</span> <span class='ocrx_word' id='word_1_771' title='bbox 735 5831 854 5887; x_wconf 76' lang='lat' dir='ltr'><strong>qua:</strong></span> <span class='ocrx_word' id='word_1_772' title='bbox 880 5825 1002 5884; x_wconf 86' lang='lat' dir='ltr'><strong>post</strong></span> <span class='ocrx_word' id='word_1_773' title='bbox 1040 5813 1198 5869; x_wconf 83' lang='grc' dir='ltr'>πόθοι</span> <span class='ocrx_word' id='word_1_774' title='bbox 1221 5816 1581 5886; x_wconf 84' lang='lat' dir='ltr'><strong>addebantur,</strong></span> <span class='ocrx_word' id='word_1_775' title='bbox 1626 5818 1765 5888; x_wconf 84' lang='grc' dir='ltr'>μετὰ</span> <span class='ocrx_word' id='word_1_776' title='bbox 1823 5812 1956 5874; x_wconf 60' lang='grc' dir='ltr'><strong>Ιτῶι-λ’</strong></span> <span class='ocrx_word' id='word_1_777' title='bbox 1984 5812 2303 5891; x_wconf 76' lang='grc' dir='ltr'>ἀρχομένων</span> <span class='ocrx_word' id='word_1_778' title='bbox 2333 5812 2385 5870; x_wconf 73' lang='grc' dir='ltr'>οὶ</span> <span class='ocrx_word' id='word_1_779' title='bbox 2418 5816 2586 5883; x_wconf 61' lang='lat' dir='ltr'><strong>usam,</strong></span> <span class='ocrx_word' id='word_1_780' title='bbox 2615 5815 2770 5871; x_wconf 88' lang='lat' dir='ltr'><strong>omisi</strong></span> <span class='ocrx_word' id='word_1_781' title='bbox 2811 5828 2933 5869; x_wconf 90' lang='lat' dir='ltr'><strong>cum</strong></span> <span class='ocrx_word' id='word_1_782' title='bbox 2968 5812 3081 5869; x_wconf 82' lang='lat' dir='ltr'><strong>AC.</strong></span> 
     </span>
    </p>
   </div>
   <div class='ocr_carea' id='block_1_112' title="bbox 207 5674 1280 5742">
    <p class='ocr_par' dir='ltr' id='par_1_112' title="bbox 207 5674 1280 5742">
     <span class='ocr_line' id='line_1_115' title="bbox 207 5674 1280 5742; baseline 0 -14"><span class='ocrx_word' id='word_1_783' title='bbox 207 5674 505 5731; x_wconf 77' lang='grc' dir='ltr'>κ’)λάκειον</span> <span class='ocrx_word' id='word_1_784' title='bbox 536 5689 616 5741; x_wconf 88' lang='lat' dir='ltr'><strong>pr.</strong></span> <span class='ocrx_word' id='word_1_785' title='bbox 638 5674 705 5739; x_wconf 82' lang='lat' dir='ltr'><strong>A,</strong></span> <span class='ocrx_word' id='word_1_786' title='bbox 738 5675 1031 5729; x_wconf 85' lang='grc' dir='ltr'>κυλάκκιον</span> <span class='ocrx_word' id='word_1_787' title='bbox 1086 5690 1169 5742; x_wconf 86' lang='lat' dir='ltr'><strong>pr.</strong></span> <span class='ocrx_word' id='word_1_788' title='bbox 1218 5674 1280 5728; x_wconf 82' lang='lat' dir='ltr'><strong>C.</strong></span> 
     </span>
    </p>
   </div>
   <div class='ocr_carea' id='block_1_113' title="bbox 209 5743 1708 5817">
    <p class='ocr_par' dir='ltr' id='par_1_113' title="bbox 209 5743 1708 5817">
     <span class='ocr_line' id='line_1_116' title="bbox 209 5743 1708 5817; baseline 0.002 -20"><span class='ocrx_word' id='word_1_789' title='bbox 209 5748 255 5780; x_wconf 81' lang='lat'><strong>&quot;</strong></span> <span class='ocrx_word' id='word_1_790' title='bbox 280 5746 431 5817; x_wconf 78' lang='lat' dir='ltr'><strong>vocis</strong></span> <span class='ocrx_word' id='word_1_791' title='bbox 464 5744 723 5817; x_wconf 86' lang='grc' dir='ltr'>πατρίδος</span> <span class='ocrx_word' id='word_1_792' title='bbox 763 5745 971 5800; x_wconf 89' lang='lat' dir='ltr'><strong>litteras</strong></span> <span class='ocrx_word' id='word_1_793' title='bbox 1004 5743 1051 5797; x_wconf 86' lang='grc' dir='ltr'><strong>ιδ</strong></span> <span class='ocrx_word' id='word_1_794' title='bbox 1097 5755 1374 5817; x_wconf 67' lang='lat' dir='ltr'><strong>correctas</strong></span> <span class='ocrx_word' id='word_1_795' title='bbox 1433 5743 1597 5802; x_wconf 72' lang='lat' dir='ltr'><strong>habet</strong></span> <span class='ocrx_word' id='word_1_796' title='bbox 1644 5746 1708 5800; x_wconf 88' lang='lat' dir='ltr'><strong>A.</strong></span> 
     </span>
    </p>
   </div>
   <div class='ocr_carea' id='block_1_114' title="bbox 212 5814 587 5869">
    <p class='ocr_par' dir='ltr' id='par_1_114' title="bbox 212 5814 587 5869">
     <span class='ocr_line' id='line_1_117' title="bbox 212 5814 587 5869; baseline 0.008 -3"><span class='ocrx_word' id='word_1_797' title='bbox 212 5818 265 5849; x_wconf 79' lang='lat'>”</span> <span class='ocrx_word' id='word_1_798' title='bbox 304 5814 361 5867; x_wconf 90' lang='grc' dir='ltr'>αἱ</span> <span class='ocrx_word' id='word_1_799' title='bbox 391 5830 500 5868; x_wconf 85' lang='grc' dir='ltr'>οιιι.</span> <span class='ocrx_word' id='word_1_800' title='bbox 525 5814 587 5869; x_wconf 77' lang='grc' dir='ltr'>Α.</span> 
     </span>
    </p>
   </div>
   <div class='ocr_carea' id='block_1_115' title="bbox 215 5885 514 5952">
    <p class='ocr_par' dir='ltr' id='par_1_115' title="bbox 215 5885 514 5952">
     <span class='ocr_line' id='line_1_118' title="bbox 215 5885 514 5952; baseline 0.007 -12"><span class='ocrx_word' id='word_1_801' title='bbox 215 5885 425 5940; x_wconf 82' lang='grc' dir='ltr'>τούτων</span> <span class='ocrx_word' id='word_1_802' title='bbox 451 5902 514 5952; x_wconf 81' lang='grc' dir='ltr'><strong>ς.</strong></span> 
     </span>
    </p>
   </div>
   <div class='ocr_carea' id='block_1_116' title="bbox 2164 5598 3482 5665">
    <p class='ocr_par' dir='ltr' id='par_1_116' title="bbox 2164 5598 3482 5665">
     <span class='ocr_line' id='line_1_119' title="bbox 2164 5598 3482 5665; baseline -0.005 -7"><span class='ocrx_word' id='word_1_803' title='bbox 2164 5608 2209 5638; x_wconf 74' lang='grc'><strong>³⁸</strong></span> <span class='ocrx_word' id='word_1_804' title='bbox 2238 5606 2556 5658; x_wconf 72' lang='grc' dir='ltr'>σκυλάκειον</span> <span class='ocrx_word' id='word_1_805' title='bbox 2608 5619 2753 5658; x_wconf 90' lang='lat' dir='ltr'><strong>corr.</strong></span> <span class='ocrx_word' id='word_1_806' title='bbox 2779 5602 2842 5665; x_wconf 81' lang='grc' dir='ltr'>Δ,</span> <span class='ocrx_word' id='word_1_807' title='bbox 2893 5600 3185 5653; x_wconf 78' lang='grc' dir='ltr'>σκυλάκιον</span> <span class='ocrx_word' id='word_1_808' title='bbox 3241 5613 3384 5651; x_wconf 89' lang='lat' dir='ltr'><strong>corr.</strong></span> <span class='ocrx_word' id='word_1_809' title='bbox 3420 5598 3482 5663; x_wconf 87' lang='lat' dir='ltr'><strong>C,</strong></span> 
     </span>
    </p>
   </div>
   <div class='ocr_carea' id='block_1_117' title="bbox 2606 5669 3487 5734">
    <p class='ocr_par' dir='ltr' id='par_1_117' title="bbox 2606 5669 3487 5734">
     <span class='ocr_line' id='line_1_120' title="bbox 2606 5669 3487 5734; baseline -0.009 -7"><span class='ocrx_word' id='word_1_810' title='bbox 2606 5673 2765 5733; x_wconf 69' lang='grc' dir='ltr'>’δτὰς</span> <span class='ocrx_word' id='word_1_811' title='bbox 2816 5671 2857 5726; x_wconf 88' lang='lat' dir='ltr'><strong><em>C</em></strong></span> <span class='ocrx_word' id='word_1_812' title='bbox 2896 5688 2908 5723; x_wconf 90' lang='lat'>:</span> <span class='ocrx_word' id='word_1_813' title='bbox 2942 5673 3067 5734; x_wconf 82' lang='grc' dir='ltr'>τοὺς</span> <span class='ocrx_word' id='word_1_814' title='bbox 3100 5687 3161 5734; x_wconf 80' lang='grc' dir='ltr'>ς’.</span> <span class='ocrx_word' id='word_1_815' title='bbox 3237 5669 3386 5722; x_wconf 83' lang='grc' dir='ltr'>⁹⁶ὂτε</span> <span class='ocrx_word' id='word_1_816' title='bbox 3419 5698 3487 5709; x_wconf 75' lang='lat'><strong>~—</strong></span> 
     </span>
    </p>
   </div>
   <div class='ocr_carea' id='block_1_118' title="bbox 2626 5739 3481 5843">
    <p class='ocr_par' dir='ltr' id='par_1_118' title="bbox 2626 5739 3481 5843">
     <span class='ocr_line' id='line_1_121' title="bbox 2626 5739 3481 5843; baseline -0.005 -47"><span class='ocrx_word' id='word_1_817' title='bbox 2626 5744 2671 5776; x_wconf 76' lang='grc'><strong>⁸⁸</strong></span> <span class='ocrx_word' id='word_1_818' title='bbox 2700 5742 2810 5825; x_wconf 76' lang='grc' dir='ltr'><strong>τῶν</strong></span> <span class='ocrx_word' id='word_1_819' title='bbox 2846 5741 3063 5843; x_wconf 45' lang='grc' dir='ltr'>ἁφετξζν</span> <span class='ocrx_word' id='word_1_820' title='bbox 3114 5739 3481 5843; x_wconf 48' lang='grc' dir='ltr'>ἁρμάξῗνιςὲ.</span> 
     </span>
    </p>
   </div>
   <div class='ocr_carea' id='block_1_119' title="bbox 3210 5808 3481 5866">
    <p class='ocr_par' dir='ltr' id='par_1_119' title="bbox 3210 5808 3481 5866">
     <span class='ocr_line' id='line_1_122' title="bbox 3210 5808 3481 5866; baseline 0.007 -2"><span class='ocrx_word' id='word_1_821' title='bbox 3210 5808 3361 5865; x_wconf 71' lang='grc' dir='ltr'>τοῦδε</span> <span class='ocrx_word' id='word_1_822' title='bbox 3393 5812 3435 5866; x_wconf 75' lang='lat' dir='ltr'><strong><em>C</em></strong></span> <span class='ocrx_word' id='word_1_823' title='bbox 3468 5827 3481 5865; x_wconf 87' lang='lat'>:</span> 
     </span>
    </p>
   </div>
   <div class='ocr_carea' id='block_1_120' title="bbox 2038 5678 2499 5747">
    <p class='ocr_par' dir='ltr' id='par_1_120' title="bbox 2038 5678 2499 5747">
     <span class='ocr_line' id='line_1_123' title="bbox 2038 5678 2499 5747; baseline 0 -18"><span class='ocrx_word' id='word_1_824' title='bbox 2038 5680 2085 5715; x_wconf 68' lang='grc' dir='ltr'>’δ</span> <span class='ocrx_word' id='word_1_825' title='bbox 2103 5678 2421 5747; x_wconf 78' lang='grc' dir='ltr'>ἁποαλήσας</span> <span class='ocrx_word' id='word_1_826' title='bbox 2438 5679 2499 5729; x_wconf 72' lang='lat' dir='ltr'><strong>ll.</strong></span> 
     </span>
    </p>
   </div>
  </div>
