3924 6436
498 348 632 408 1375
1588 347 1852 408 ΡΗΟΤΙΙ
1895 349 2047 408 ΡΑΤ)

2219 352 2412 411 LCILE
2450 353 2559 413 (ΙΙ).
3642 356 3768 423 1376

494 459 711 516 sublimi
761 459 967 522 animo,
1006 459 1059 512 in
1107 458 1495 514 bonelaciendo
1530 474 1865 530 promptum,
1916 463 2043 515 mori

2215 464 2574 534 ’νωρίσματα;
2625 463 2782 532 Ὀξὺς
2826 466 3109 537 φρόνησιν,
3164 468 3368 539 ὑψηλὸς
3416 470 3670 542 γνώμην,
3712 473 3764 525 εὖ

495 555 597 605 bus
626 565 751 603 esse
772 550 1147 618 popularibus,
1181 550 1491 620 eloquentia
1516 551 1559 605 si
1590 551 1881 606 dicendum
1914 564 2044 607 esset

2214 560 2365 609 ποιεῖν
2384 557 2601 621 ἄοκνος,
2660 557 2954 627 δημοτικὸς
2982 558 3073 613 τὸν
3104 560 3306 629 τρόπον
3326 576 3341 590 '
3368 561 3418 613 εί
3458 562 3561 632 μὲν
3599 563 3763 616 εἰπεῖν

494 642 755 695 Periclem
817 642 1054 703 vincere,
1118 640 1163 694 si
1225 642 1355 709 quid
1409 642 1701 712 agendum,
1742 642 2043 697 Alcibiade:

2212 648 2305 717 ὶέῃ.
2341 648 2433 701 τὸν
2468 647 2740 718 Περικλέα
2761 648 2954 714 νικῶν,
2986 651 3033 702 εί
3057 651 3113 703 δέ
3140 670 3192 705 τι
3214 652 3445 723 πρᾶξαι,
3475 654 3571 705 τὸν
3592 654 3761 708 Ἀλκι-

498 732 725 794 imitari,
755 732 944 783 urbem
998 731 1176 798 potius
1211 746 1419 794 amare,
1472 733 1852 801 pecuniasque
1900 733 2047 801 potiu

2210 739 2380 809 ῑιάδην
2432 739 2793 811 μιμούμενος,
2826 741 3027 812 μᾶλλον
3054 742 3109 796 δὲ
3133 745 3226 797 καὶ
3250 744 3759 817 φιλόπολις[μᾶλλον

492 832 867 885 cantemnere,
892 824 1349 891 quemadmodum
1377 822 1645 877 Periclem
1699 824 1898 880 lecisse
1934 826 2041 879 dixi

2209 829 2271 902 ῑὲ]
2309 831 2403 883 καὶ
2430 833 2726 903 χρημάτων
2761 834 3044 904 κρείττων,
3072 835 3208 907 ὅπερ
3238 836 3311 907 ³η
3354 838 3655 907 συγγραφὴ
3680 839 3758 892 τὸν

495 929 638 977 mus,
669 915 720 967 in
759 916 968 983 agendo
1019 915 1479 969 vehementiorem
1519 915 1688 970 multo
1707 932 1828 972 esse
1879 916 2044 973 Clinia

2209 922 2466 991 Ιερικλέα
2499 923 2893 994 προσείρηκεν,
2917 926 2973 977 ἐν
2991 925 3048 978 δὲ
3064 925 3142 994 τῷ
3169 927 3435 996 πράττειν
3472 928 3659 997 πολλῷ
3678 930 3758 991 τρι]

495 1006 560 1055 ad
592 1008 860 1071 agendum
895 1004 975 1058 vel
1000 1005 1118 1060 sine
1141 1005 1389 1073 artelyra
1418 1008 1611 1073 quavis
1637 1009 1904 1075 aptiorem
1935 1024 2044 1065 esse

2204 1012 2442 1067 Qewlou
2492 1013 2843 1084 θερμότερος,
2903 1016 3121 1085 ἁπάσης
3179 1017 3418 1089 ἀτεχνῶς
3476 1018 3653 1088 λύρας
3707 1022 3753 1073 οὗ

494 1095 679 1149 Talem
738 1097 975 1166 aliquem
1036 1098 1291 1151 Proteum
1368 1112 1491 1153 esse
1563 1096 1832 1169 [Egyptite
1884 1100 2043 1156 labul:

2204 1108 2340 1157 λεῖον
2372 1104 2511 1175 πρὸς
2550 1106 2733 1159 πᾶσαν
2765 1105 2967 1177 πρᾶξιν
2984 1107 3341 1177 εὐάρμοστος.
3360 1109 3626 1164 Τοιοῦτόν
3653 1128 3753 1165 τινα

490 1189 801 1253 ostendunt,
846 1205 965 1241 cum
997 1190 1245 1242 eumdem
1279 1206 1422 1244 nunc
1468 1192 1522 1245 in
1566 1206 1789 1260 aquam,
1825 1208 1973 1249 nunc
2023 1194 2037 1248 i

2203 1198 2279 1249 ιαὶ
2310 1196 2403 1249 τὸν
2437 1197 2667 1269 Πρωτέα
2710 1200 2969 1266 γενέσθαι
3019 1200 3180 1271 μῦθοι
3230 1202 3485 1272 δηλοῦσιν
3516 1202 3645 1276 [6H
3678 1202 3752 1277 [1.]

491 1282 762 1344 arborem,
810 1291 863 1335 et
922 1280 1195 1333 ﬂammam
1262 1294 1499 1336 mutant.
1586 1283 2040 1354 Promptitudiuet

2209 1287 2496 1355 ιίγύπτιοι.
2526 1290 2654 1343 ὅταν
2683 1290 2847 1343 αὐτὸν
2896 1290 2992 1343 νῦν
3047 1292 3148 1362 μὲν
3192 1294 3272 1357 είς
3299 1292 3443 1365 ὕδωρ
3477 1295 3758 1367 ἀμείὸουσι

492 1382 702 1426 naturae
724 1386 821 1441 per
856 1372 960 1427 hoc
986 1373 1299 1442 signiﬁcare
1330 1375 1541 1429 volunt.

2217 1380 2279 1433 ὗν
2304 1381 2360 1434 δὲ
2380 1383 2459 1445 εἰς
2483 1382 2697 1453 δένδρον
2754 1384 2850 1437 καὶ
2905 1384 3078 1454 φλόγα
3099 1403 3113 1417 ο
3141 1387 3201 1439 τὸ
3250 1387 3475 1443 εὔκολον
3522 1388 3639 1460 γὰρ
3671 1393 3761 1461 τῆς

2184 1474 2401 1543 φύσεως
2430 1474 2518 1529 διὰ
2544 1476 2737 1529 τούτου
2770 1478 3013 1547 σημῆναι
3050 1478 3358 1548 βούλονται.

529 1567 613 1622 Ea:
640 1571 880 1624 oratione
905 1572 958 1623 in
982 1567 1256 1625 Privatum
1283 1568 1598 1625 Romanum.
1629 1570 2048 1627 -Ρι-οωηιίιιηι.

2206 1569 2281 1620 Ex
2300 1567 2409 1620 τοῦ
2428 1569 2517 1634 εις
2555 1567 2850 1636 Πριϐάτον
2881 1570 3187 1639 Ῥωμαῖον.
3216 1601 3288 1611 -
3323 1571 3393 1625 Τὸ
3418 1574 3755 1642 Προοίμιον.

559 1663 726 1714 Amor
744 1663 880 1729 ignis
903 1662 1137 1717 Eleusini
1161 1664 1330 1717 traxit
1357 1664 1520 1718 etiam
1542 1663 1907 1719 Anacharsim
1937 1663 2075 1737 Scy-

2257 1660 2473 1728 Ἥγαγε
2524 1658 2581 1712 δὲ
2637 1660 2746 1730 ἄρα
2805 1662 2835 1714 ὁ
2860 1660 2956 1715 τοῦ
2989 1663 3159 1733 πυρὸς
3194 1664 3290 1717 τοῦ
3322 1667 3445 1718 κατ’
3480 1667 3760 1720 Ἐλευσῖνα

487 1750 636 1804 lham
670 1754 734 1804 ad
766 1754 1045 1820 mysteria.

2182 1752 2346 1816 πόθος
2376 1752 2471 1806 καὶ
2499 1753 2828 1824 Ἀνάχαρσιν
2846 1755 2938 1808 τὸν
2973 1756 3187 1827 Σκύθην
3215 1760 3311 1811 ἐπὶ
3352 1762 3655 1829 μυστήρια.

648 1841 734 1895 Ex
764 1844 1023 1907 aratione,
1056 1860 1175 1897 cum
1212 1844 1468 1900 Corintho
1491 1861 1727 1900 reversus
1757 1856 1910 1900 esset.
2103 1842 2146 1898 B

2103 1842 2146 1898 Β
2282 1845 2385 1898 Ἐκ
2411 1844 2517 1899 τοῦ
2546 1844 2645 1898 ὅτε
2671 1845 2791 1899 ἀπὸ
2818 1844 2931 1913 τῆς
2952 1847 3245 1914 Κορίνθου
3284 1848 3652 1917 ἐπανῆλθεν.

557 1930 615 1986 Si
663 1946 821 1984 casus
867 1932 1063 2000 aliquis
1098 1948 1327 2002 corpora
1388 1944 1691 2005 separaret,
1731 1937 1917 1989 animo
1947 1946 2073 1991 tunc

2249 1938 2311 1991 Εἰ
2332 1937 2388 1991 δὲ
2414 1938 2543 2008 ἆραι
2562 1936 2698 2009 τύχη
2734 1954 2820 2001 τις
2842 1938 3112 2008 διασχίςοι
3139 1938 3207 1993 τὰ
3237 1939 3490 2010 σώματα,
3525 1946 3597 2012 τῇ
3629 1942 3754 2011 γοῦν

484 2021 949 2089 prospiciendum,
976 2034 1029 2075 et
1054 2038 1241 2077 amore
1280 2039 1434 2079 amor
1475 2026 1783 2080 amicorum
1834 2041 1939 2079 non
1988 2041 2033 2081 et

2202 2035 2322 2103 Λ)χῇ
2374 2030 2706 2103 προϐλέπειν
2760 2030 2856 2084 καὶ
2901 2031 2975 2101 μὴ
3035 2031 3115 2101 τῷ
3159 2032 3309 2102 πόθῳ
3352 2035 3463 2087 τῶν
3493 2035 3751 2088 παιδικῶν

484 2113 870 2182 disjungendus
906 2129 921 2169 :
972 2127 1209 2183 agnosco
1266 2116 1569 2184 allectum;
1612 2118 1853 2171 animum
1892 2134 2033 2173 mem

2199 2120 2595 2192 ιποσχίζεσθαι.
2626 2120 2883 2191 Γνωρίζω
2938 2119 3001 2172 τὸ
3046 2120 3251 2183 πάθοςο
3287 2121 3428 2192 ἐμὴν
3462 2120 3748 2192 ὲρμηνεύει

481 2205 716 2272 explicat
731 2205 932 2271 poesis.

2174 2212 2400 2283 γνώμην
2430 2214 2463 2282 ή
2492 2210 2729 2282 ποίησις.

479 2297 681 2369 375α
718 2297 763 2350 Ε
784 2298 1141 2368 propemptica
1191 2298 1248 2351 in
1302 2297 1622 2365 Ampelium.
1652 2327 1722 2338 —
1752 2296 2028 2352 Exordiun

2193 2309 2288 2361 Ἐκ
2317 2306 2428 2373 τῆς
2484 2306 2572 2368 εἰς
2644 2300 2970 2371 Ἀμπέλιον
3017 2302 3499 2373 Προπεμπτικῆς.
3557 2334 3629 2345 -
3680 2305 3742 2359 Τὸ

2809 2372 3139 2442 προοίμιον.

555 2457 714 2513 Solus
741 2473 772 2513 e
823 2459 1050 2525 Grzccis,
1078 2474 1110 2513 ο
1147 2460 1540 2527 adolescentes,
1587 2461 1750 2531 hujus
1810 2460 1957 2529 fugae
1991 2460 2071 2516 la-

2246 2465 2518 2538 Ἦμελλον
2548 2464 2677 2537 ἄρα,
2709 2457 2754 2517 ὦ
2777 2466 2988 2528 παῖδες,
3016 2464 3249 2535 ἧμελλον
3299 2464 3459 2534 μόνος
3485 2465 3738 2536 εὑρήσειν

477 2560 650 2612 queos
682 2548 971 2616 reperiam.
1011 2550 1137 2606 lleri
1192 2550 1372 2620 fugam
1431 2553 1670 2608 minatus
1707 2563 1791 2610 est
1848 2570 2026 2609 curru:

2193 2562 2451 2633 Ἑλλήνων
2484 2559 2585 2629 τῆς
2610 2557 2763 2612 τοῦδε
2796 2557 2973 2628 φυγῆς
3004 2558 3073 2611 τὰ
3127 2557 3395 2628 θήρατρα.
3444 2557 3591 2620 Χθὲς
3619 2558 3742 2628 δρα-

477 2638 636 2692 bodie
666 2639 819 2695 visus
848 2650 932 2695 est
966 2642 1104 2697 meis
1145 2644 1352 2701 retibus
1386 2646 1715 2701 constrictus
1768 2660 1911 2700 esse.
1936 2643 2026 2700 Fet

2188 2655 2309 2722 τμὸν
2336 2651 2553 2724 ἠπείλει
2578 2651 2671 2703 καὶ
2691 2649 2937 2718 ἅρματα,
2962 2650 3200 2719 τήμερον
3230 2648 3387 2719 ὤφθη
3439 2652 3556 2711 τοῖς
3590 2652 3737 2721 ἐμοῖς

475 2744 564 2785 lttl‘
600 2730 911 2788 Alexander
942 2736 1174 2791 vetustis
1208 2745 1263 2791 et
1297 2738 1582 2792 materiam
1636 2738 1938 2792 artiﬁcibus
1967 2740 2024 2794 de

2193 2748 2407 2813 ἔικτύοις
2451 2746 2747 2817 ἁλώσιμος.
2806 2742 3069 2797 Γενέσθαι
3113 2743 3213 2814 μὲν
3260 2744 3355 2797 καὶ
3399 2744 3742 2814 Ἀλέξανδρον

466 2824 645 2887 disse,
676 2825 747 2878 ita
778 2834 837 2877 ut
858 2823 1129 2895 Lysippus
1166 2827 1459 2897 etApelles
1476 2827 1710 2883 formam
1734 2828 1907 2896 ipsius
1938 2844 2015 2899 pa:

2193 2844 2325 2911 ,όγος
2359 2842 2479 2904 ταῖς
2502 2839 2669 2893 πάλαι
2722 2837 2938 2908 τέχναις
2996 2834 3304 2911 ἀγώνισμα,
3365 2835 3507 2889 ὥστε
3542 2836 3607 2905 δὴ
3657 2837 3742 2889 καὶ

479 2911 588 2977 titi,
615 2913 703 2967 ille
732 2914 948 2980 quidem
990 2917 1286 2981 coloribus,
1321 2918 1410 2973 hic
1460 2934 1593 2973 vero
1654 2934 1763 2973 tere
1814 2932 2028 2973 naturai

2193 2934 2486 3004 ιειμάμενοι
2509 2931 2607 3002 τὴν
2640 2930 2854 2999 μορφὴν
2887 2926 3053 2980 αὐτοῦ
3092 2927 3377 2989 Λύσιππος
3429 2928 3526 2980 καὶ
3560 2926 3742 2979 ’Δπελε

481 3002 627 3072 regis
653 3003 1032 3073 explicuerint.
1081 3006 1217 3062 Cum
1263 3022 1392 3062 vero
1422 3008 1602 3063 oratio
1646 3024 1845 3079 corpus
1914 3018 2030 3065 tran

2189 3002 2287 3095 ἦέ,
2314 3002 2466 3094 ὁμὲν
2496 3021 2831 3092 φαρμάκοις,
2884 3021 2913 3074 ό
2957 3020 3015 3072 δὲ
3065 3017 3251 3090 χαλκῷ
3287 3019 3384 3088 τὴν
3444 3018 3611 3087 φύσιν
3654 3017 3738 3072 τοῦ

479 3096 771 3160 sceudens,
801 3112 922 3150 cum
953 3098 1118 3151 animi
1151 3108 1441 3153 venustate
1468 3109 1523 3154 et
1579 3099 1778 3155 decore
1839 3102 2028 3166 conjun

2193 3115 2436 3177 ιασιλέως
2470 3114 2846 3184 ἡρμήνευσαν.
2895 3109 3048 3162 Ἐπεὶ
3078 3108 3134 3162 δὲ
3163 3111 3191 3162 ό
3216 3106 3371 3176 λόγος
3412 3109 3659 3179 ὑπερϐὰς
3688 3110 3742 3162 τὺ

477 3194 656 3249 gatur.
687 3186 768 3239 Sit
803 3196 860 3240 et
887 3186 1000 3241 hmc
1026 3202 1150 3242 vera
1215 3188 1565 3253 delineatrix,
1622 3190 1826 3243 nullum
1864 3191 2026 3260 guber

2187 3206 2332 3278 ςῶμα
2362 3204 2541 3274 ψυχῆς
2566 3202 2745 3272 ὁμιλεῖ
2766 3202 2787 3234 ³
2821 3201 2917 3255 καὶ
2941 3202 2963 3233 ⁸
3014 3200 3202 3254 κάλλει
3242 3201 3335 3253 καὶ
3368 3201 3618 3272 χάρισιν,
3659 3200 3736 3269 εἴη

476 3283 725 3330 natorem
767 3277 998 3343 peritum
1031 3281 1175 3333 omni
1222 3281 1427 3336 habens
1475 3281 1841 3348 navigatione.
1872 3281 2025 3336 lnlini

2190 3277 2365 3354 ὶνκαὶ
2383 3292 2536 3361 οὗτος
2569 3295 2804 3365 ἀψευδὴς
2844 3294 3154 3364 ζωγράφος,
3192 3294 3267 3364 μὴ
3294 3294 3383 3346 τὸν
3446 3294 3739 3365 πρωράτην

472 3376 590 3419 tum
618 3382 739 3420 cum
766 3368 949 3436 inopia
990 3371 1364 3427 confunditur.
1412 3373 1749 3428 Exercitatio
1779 3389 2013 3443 praesum

2198 3392 2503 3461 πιστήμονα
2568 3388 2716 3458 πάσῃ
2751 3385 3003 3457 ναυτιλίᾳ
3079 3384 3462 3456 κτησάμενος’
3516 3386 3582 3438 τὸ
3637 3386 3740 3455 γὰρ

473 3470 647 3514 artem
674 3476 836 3529 quam
856 3463 1065 3517 didicit.
1100 3465 1140 3516 E
1162 3468 1473 3522 carceribus
1505 3469 1570 3520 ad
1601 3467 1805 3522 calcem
1837 3482 2021 3523 cursm

2190 3484 2389 3554 ἰπειρον
2418 3482 2512 3533 ἐπὶ
2530 3480 2631 3549 τῆς
2660 3478 2849 3548 χρείας
2879 3477 3234 3547 ταράττεται,
3266 3476 3325 3529 τὸ
3353 3477 3411 3529 δὲ
3438 3477 3739 3548 μελετῆσαν

474 3549 709 3619 dirigite.
744 3551 945 3607 Facilis
972 3556 1061 3608 es!
1087 3557 1396 3611 communis
1420 3558 1534 3612 hate
1592 3569 1677 3613 est
1729 3563 1917 3618 virtus.
1952 3562 2023 3617 Ma

2188 3549 2357 3646 θαρρεῖ
2392 3573 2491 3643 τὴν
2511 3571 2706 3643 τέχνην
2756 3571 2820 3640 ἣν
2856 3568 3079 3640 ἔμαθεν.
3111 3569 3209 3621 Ἐκ
3257 3568 3443 3621 πυλῶν
3504 3570 3588 3631 είς
3620 3570 3737 3623 νύσ-

476 3638 586 3692 lum
619 3641 826 3695 odisti?
891 3658 1012 3697 cum
1066 3647 1209 3701 malo
1236 3649 1402 3702 etiam
1451 3650 1644 3704 bellum
1673 3655 1862 3721 gessit.
1914 3656 2025 3725 Inju

2183 3638 2410 3720 ratu-Eoo»;
2433 3638 2525 3717 τὸν
2563 3638 3035 3734 δρόμον-ἰθύνατε.
3076 3661 3254 3730 Πρᾶος
3285 3656 3365 3725 si;
3410 3662 3589 3713 κοινὸν
3638 3664 3732 3714 καὶ

472 3740 676 3786 storum
695 3747 942 3789 naturam
984 3742 1248 3793 donorum
1276 3740 1498 3812 fugisti?
1529 3743 1657 3812 ipsa:
1677 3747 1840 3799 etiam
1867 3748 2021 3801 anim:

2185 3755 2320 3809 ςοῦτο
2350 3755 2759 3823 πλεονέκτημα.
2826 3750 3041 3805 Κακίαν
3100 3753 3313 3820 μισεῖςς
3352 3752 3568 3823 κακὶαθ
3618 3769 3734 3804 συν-

474 3825 822 3894 suzejanuatn
847 3830 1110 3885 damnoso
1141 3849 1294 3897 auro,
1328 3834 1712 3906 iustitiamque
1741 3853 2023 3909 coarguenl

2181 3847 2620 3918 επεστράτευσεν.
2687 3843 2914 3896 Ἀδίκων
2956 3841 3146 3913 δώρων
3202 3842 3481 3907 ὲξέκλινας
3542 3844 3730 3912 (ptio-tv;

472 3917 721 3972 occlusit.
782 3917 1020 3975 Noverat
1066 3925 1212 3978 enim
1260 3925 1549 3994 justitiam,
1600 3945 1705 3984 non
1757 3946 1879 3985 esse
1931 3948 2021 3987 cut

2179 3917 2450 3995 ιπέκλεισε
2475 3938 2570 3992 καὶ
2592 3930 2747 4000 οὗτος
2774 3936 2874 3999 τὰς
2924 3935 3025 4005 τῆς
3072 3934 3252 4005 ψυχῆς
3283 3935 3457 3998 πύλας
3507 3936 3728 4007 ὑδριστῇ

472 4006 728 4060 tenuibus
765 4009 959 4075 opibus
1011 4010 1308 4077 infamiam,
1367 4018 1460 4069 sed
1539 4032 1662 4070 cum
1712 4019 2021 4088 improbitat

2180 4032 2343 4105 [ρυσῷ
2373 4031 2468 4085 καὶ
2496 4026 2846 4097 δικαιοσύνην
2875 4026 3177 4097 ἐλέγχοντι.
3214 4028 3394 4094 Ἔγνω
3420 4028 3531 4094 γὰρ
3670 4030 3729 4080 οὐ

474 4099 714 4164 divitias,
770 4101 957 4153 virtuti
1011 4101 1262 4159 inimicas
1313 4117 1369 4160 et
1420 4107 1626 4176 gloriae.
1659 4107 1784 4165 Haec
1842 4111 2023 4167 initiur

2184 4099 2468 4194 ἰκαιοσύνη
2492 4122 2588 4175 σὺν
2615 4120 2819 4189 ὀλίγοις
2846 4117 3037 4188 ψόγος,
3066 4116 3202 4170 ἀλλὰ
3234 4117 3331 4170 σὺν
3358 4117 3547 4188 ἀδικία
3574 4118 3733 4171 πλοῦ-

471 4186 687 4243 laudum
711 4200 812 4255 est,
834 4193 958 4261 quia
977 4205 1032 4247 et
1060 4196 1272 4249 initium
1300 4214 1502 4254 rerum.
1527 4200 1640 4257 lloc
1665 4217 1793 4257 vero
1832 4205 2020 4260 deinde

2183 4186 2467 4287 ιοςιχθρδέ
2494 4186 2826 4285 διρετῆἐκειἱ
2863 4186 2962 4262 -τοῦ
3020 4208 3416 4279 θαυμάζεσθαι·
3460 4186 3607 4281 Αὕτη
3668 4211 3732 4281 δὴ

469 4281 599 4352 quid
661 4282 785 4353 quis
852 4284 1112 4341 dixerit?
1165 4289 1294 4358 quid
1346 4294 1720 4349 observaverit
1760 4281 2018 4352 Y’Discer

2176 4281 2349 4381 πρώτη
2364 4281 2473 4360 τῶν
2499 4281 2791 4374 ἐγκωμίων
2821 4301 2985 4373 ἀρχὴ,
3016 4303 3097 4354 ὃτι
3127 4303 3219 4355 καὶ
3251 4303 3393 4374 ἀρχὴ
3411 4303 3431 4334 ⁷
3456 4303 3567 4356 τῶν
3586 4306 3725 4375 πρά.

468 4371 617 4424 enim
653 4372 925 4428 inﬁnitum
959 4386 1065 4443 est,
1098 4394 1204 4432 non
1230 4380 1748 4453 dicere,ingratum.
1786 4386 2017 4451 Quemat

2183 4371 2310 4460 ξων.
2336 4371 2427 4451 ’Τὸ
2459 4398 2515 4451 δὲ
2541 4371 2688 4468 μετὰ
2718 4371 2963 4449 τοῦτοτί
2991 4394 3089 4464 μὲν
3125 4394 3267 4447 εἴποι
3296 4371 3403 4459 τις,
3438 4395 3488 4447 τι
3543 4396 3600 4448 δὲ
3628 4371 3732 4464 ἐρυ-

467 4468 684 4522 tnodutn
702 4469 776 4522 illi
797 4470 1162 4539 quipulchras
1183 4484 1396 4530 statuas
1423 4478 1723 4545 intuentur,
1749 4483 2016 4550 conjicinn

2181 4493 2414 4559 .ἁξάιτο;
2451 4490 2545 4543 καὶ
2601 4489 2708 4559 γὰρ
2765 4487 2826 4539 τὸ
2881 4485 3064 4554 λέγειν
3115 4485 3339 4556 ἄπορον,
3398 4488 3494 4539 καὶ
3550 4488 3609 4540 τὸ
3658 4490 3730 4557 μὴ

465 4560 651 4612 oculos
679 4562 729 4613 in
755 4578 873 4616 eam
894 4580 1012 4631 quae
1037 4567 1213 4636 primo
1245 4570 1502 4637 occurrit,
1527 4570 1720 4627 deinde
1743 4575 1902 4628 aliam
1929 4592 2014 4647 pos

2185 4553 2331 4652 éyvatv
2353 4553 2690 4651 ἀχάριστον.-
2725 4553 2964 4647 ’Ὠσπερ
2995 4575 3106 4647 γὰρ
3158 4577 3207 4628 οἱ
3229 4553 3321 4629 ’τὰ
3373 4578 3547 4648 κάλλη
3571 4579 3592 4608 ⁸
3622 4553 3732 4631 τῶν

465 4651 623 4703 aliam
651 4664 963 4718 spectantes
1004 4658 1437 4728 dubitantquam
1484 4664 1633 4731 prius
1684 4668 2014 4737 conspiciant

2179 4651 2486 4745 ιγαλμάτων
2541 4668 2806 4739 θεώμενοι
2850 4666 3067 4737 ἔχονται
3107 4666 3205 4737 μὲν
3244 4669 3370 4729 τοὺς
3420 4668 3728 4738 ὀφθαλμοπ

463 4740 650 4796 Potius
681 4759 807 4799 vero
835 4747 985 4815 (quid
1008 4750 1150 4802 enim
1179 4753 1307 4805 mibi
1348 4768 1485 4820 opus
1520 4756 1740 4826 antiqua
1798 4761 2012 4816 similitt

2172 4740 2257 4820 ltro
2287 4740 2381 4818 τοῦ
2415 4760 2633 4833 πρώτου
2662 4759 3119 4832 προσπίπτοντος,
3158 4760 3619 4831 μεταϐιϐάζοντες
3670 4764 3721 4815 δὲ

462 4831 591 4886 dine
612 4832 654 4903 ?)
714 4844 771 4887 ut
810 4836 842 4889 ii
864 4837 952 4903 qui
976 4839 1210 4908 aliquam
1240 4858 1269 4896 e
1299 4844 1483 4899 multis
1522 4849 1677 4902 novis
1710 4850 1905 4905 statuis
1941 4867 2011 4906 no

2169 4859 2341 4913 ἱλλοτε
2378 4831 2474 4908 ἐπ’-
2497 4853 2624 4907 ἄλλο
2649 4850 2748 4922 τὴν
2782 4850 2911 4903 θέαν
2963 4852 3260 4922 ἀποροῦσιν
3290 4853 3317 4904 ὅ
3371 4870 3427 4905 τι
3474 4855 3718 4925 epam!

464 4941 584 4979 vam
613 4928 814 4991 vident,
852 4932 1096 4998 aspicere
1122 4938 1435 4991 summatim
1474 4954 1664 4997 omnes
1721 4958 1751 4997 e
1801 4945 2013 5014 pulchri

2166 4950 2453 5003 ὶεοὶσωνται
2479 4961 2494 4976 ο
2528 4942 2729 5014 μᾶλλον
2762 4941 2923 5010 δὲμτί
2974 4942 3083 5011 γάρ
3112 4958 3200 5009 μοι
3223 4941 3305 4993 δεῖ
3358 4944 3600 5006 παλαιᾶς
3651 4945 3715 4996 εί-

463 5018 649 5072 tudine
672 5032 917 5088 quaeest,
952 5023 1004 5075 in
1043 5033 1159 5080 t0to
1202 5028 1535 5087 circumfusa
1577 5045 1865 5105 coguntur,
1918 5053 2012 5108 par

2174 5044 2304 5105 ιόνος
2321 5043 2360 5108 ;)
2391 5038 2581 5106 ὥσπερ
2603 5035 2655 5088 οἴ
2683 5053 2734 5087 τι
2758 5034 2866 5086 τῶν
2894 5034 3029 5086 νέων
3053 5034 3115 5104 δη
3126 5052 3359 5105 μιουργη
3371 5037 3561 5105 μάτων
3601 5036 3723 5089 θεώ-

462 5109 723 5165 ticulatim
756 5113 1001 5167 veroalia
1028 5116 1136 5170 alio
1183 5119 1415 5174 ducente
1463 5124 1840 5192 cupiditatem,
1869 5128 2011 5182 admi

2175 5153 2295 5190 LE‘IO!
2324 5135 2366 5165 ¹⁶
2395 5130 2761 5205 προσϐλέπειν
2789 5128 2887 5197 μὲν
2915 5127 3116 5181 ἅπασιν
3130 5127 3341 5196 ἀθρόως
3371 5129 3620 5201 semota
3638 5129 3724 5201 H.]

458 5201 673 5257 ratione
706 5206 1080 5274 spectaculum
1108 5208 1440 5280 abrmnpunt
1476 5215 1595 5269 :sie
1649 5225 1705 5271 et
1761 5219 1901 5273 lacta
1956 5229 2007 5274 tu

2176 5229 2237 5283 οὗ
2266 5201 2706 5297 περικεχυμένου
2738 5219 2815 5286 τῷ
2848 5220 3011 5273 παντὶ
3067 5220 3292 5283 κάλλους
3337 5220 3635 5291 βιάζονται.
3668 5225 3723 5274 ὲν

456 5292 698 5362 undique
755 5300 1135 5354 convenientia
1191 5302 1352 5356 aliam
1408 5305 1691 5361 historiam
1746 5313 2005 5380 postulant

2174 5319 2304 5389 ιέρει
2336 5292 2394 5370 δὲ
2448 5292 2606 5369 ἄλλου
2663 5310 2886 5364 ἄλλοθεν
2931 5310 3387 5381 δημαγωγοῦντος
3430 5314 3522 5393 τὸν
3559 5312 3723 5366 πόθον

456 5401 560 5441 nec
586 5388 667 5442 bis
696 5392 963 5445 orationis
991 5395 1239 5450 terminis
1277 5397 1477 5453 includi
1508 5401 1713 5457 volunt.
1741 5402 1873 5471 Quis
1900 5405 2005 5460 fact

2184 5408 2427 5480 χὶζονται
2486 5405 2586 5474 τὴν
2637 5403 2767 5457 θέαν
2794 5400 2873 5470 τῷ
2900 5401 3160 5470 θαύματι,
3227 5401 3394 5474 [1140
3442 5390 3535 5474 Βζ]
3583 5401 3728 5455 οὕτω

456 5479 862 5550 veljustitiam,
902 5486 985 5541 vel
1021 5488 1289 5556 privatam
1320 5506 1564 5560 operam,
1602 5494 1684 5549 vel
1729 5497 2005 5565 reipublic:

2175 5479 2250 5557 ιαὶ
2273 5502 2329 5554 αἱ
2367 5499 2459 5553 σαὶ
2492 5496 2719 5569 πράξεις
2758 5496 2930 5547 πᾶσαι
2970 5494 3307 5564 πανταχόθεν
3344 5496 3724 5566 προσπίπτου-

1738 5629 1970 5685 ὶἈΙὶΙίΕ
2012 5629 2417 5687 LECTIONES.

531 5704 1047 5794 ἶ-δῄτξεὲἶηξθτίθξῇθ,
1081 5716 1363 5794 Ῐθῖξοῖτάιιιη
1400 5720 1588 5794 ἤπερ.
1648 5793 1652 5794 ν
1703 5724 1925 5794 δόμιλεῖ
1983 5727 2389 5785 Wernsdorﬂus
2449 5739 2464 5779 :
2542 5719 2675 5794 libri
2735 5720 2949 5794 ώμίλει.
3061 5717 3424 5794 ’καὶᾼοηι-Ο.
3494 5715 3722 5794 ficari;

458 5770 898 5899 ὶῖξῑεέξίξεξξειξε
930 5784 1049 5838 mm
1334 5770 1361 5773 "
1400 5770 1668 5846 νπεέϊςςαι
1721 5770 2464 5866 55mm:'c:""‘h"'.;;an'
2491 5770 2989 5865 ράέῖειγάλτμᾱιων
3012 5770 3161 5862 ponit
3191 5770 3250 5845 α
3658 5772 3719 5848 ςι
