3924 6476
169 371 321 436 1377

1219 377 1750 439 BlBLIOTHECA.
1775 403 1844 413 --
1881 381 2045 443 COD.
2085 384 2395 445 CCXLIII.

3332 389 3468 457 1378

165 504 268 543 σαι
325 483 572 557 ἱστορίαν
598 485 766 556 ἄλλην
801 481 1077 554 ζητοῦσιν,
1134 484 1248 538 ἀλλ’
1289 487 1350 538 ού
1385 487 1478 540 τὸν
1526 488 1757 559 παρόντε

1877 504 2060 557 curas,
2088 492 2286 563 inopiae
2314 494 2734 564 providentiam,
2767 499 2851 553 vel
2887 499 3216 570 principium
3249 512 3464 574 tempe-

162 579 286 633 τῶν
322 579 501 647 λόγων
527 577 695 647 νόμον
728 577 1037 648 ἀνέχονται.
1070 577 1183 640 Τὰς
1207 577 1434 647 πράξεις
1462 581 1592 652 εῖπῃ
1623 599 1707 644 τις
1733 581 1765 652 ἥ

162 673 274 737 τὰς
295 673 493 736 δίκας;
523 670 606 742 [ἢ]
658 671 759 741 τὴν
809 672 867 723 ὲν
898 671 1055 741 μέρει
1107 671 1415 742 σπουδὴνῆ
1475 673 1573 736 τὰς
1629 674 1768 744 ὑπὲρ

163 765 281 819 τῶν
305 766 447 818 ὅλων
470 764 790 834 φροντίδας
816 763 1008 826 πενίας
1033 764 1340 835 πρόνοιανῆ
1369 765 1460 816 τὸν
1481 765 1577 817 σὺν
1601 767 1772 836 πραό-

163 875 299 928 τητι
337 855 451 909 τῶν
477 855 916 908 δυναστευόντων
947 856 1359 925 σωφρονισμόνς
1411 855 1569 908 Ἀλλὰ
1591 856 1682 909 διὰ
1710 857 1770 910 σὲ

165 953 264 1005 καὶ
299 952 530 1022 Σπάρτη
555 951 762 1020 τρυφᾷ,
817 949 1079 1016 ῥυπῶντα
1109 949 1395 1018 πλόκαμον
1459 951 1539 1012 είς
1567 950 1764 1020 εὐανθῆ

165 1047 357 1114 κόμην
393 1043 696 1114 ἀμείψασα.
728 1043 831 1096 Τὸν
855 1043 911 1096 δὲ
962 1043 1193 1111 ἄπειρον
1227 1043 1337 1095 τῶν
1391 1043 1768 1112 οἰκοδομημά-

163 1155 280 1190 των
309 1135 473 1204 ὄχλον
509 1135 593 1198 τίς
619 1134 685 1188 ἂν
717 1134 836 1186 κατ’
865 1133 1022 1199 ἀξίαν
1053 1133 1345 1202 δηλώσεως
1379 1134 1640 1203 Περικλεῖ
1668 1134 1766 1204 μὲν

166 1226 496 1296 προπύλαια
548 1225 686 1295 πρὸς
732 1224 1047 1294 φιλοτιμίαν
1096 1225 1257 1296 ἤρκει
1310 1225 1404 1278 καὶ
1454 1223 1765 1295 παρθενὼν,

164 1319 261 1371 καὶ
291 1313 449 1378 οἶκος
469 1317 683 1388 Δαρείῳ
703 1316 996 1387 βασίλειος,
1016 1317 1110 1368 καὶ
1139 1316 1385 1386 ἄμπελος
1426 1315 1766 1388 Ἀρταξέρξῃ

164 1412 377 1482 χρυσῆ,
419 1410 699 1481 Θεοδώρου
748 1409 954 1478 Σαμίου
998 1409 1233 1479 ποίημα,
1279 1410 1554 1478 ἄχρηστον
1606 1409 1768 1480 ἔργον

161 1503 494 1573 τρυφῶντος
509 1502 693 1573 Μήδου
723 1501 864 1555 κατὰ
887 1501 988 1570 τῆς
1008 1501 1244 1569 φύσεως.
1285 1503 1358 1555 Σὺ
1393 1501 1450 1554 δὲ
1477 1502 1541 1554 ὲκ
1573 1500 1767 1554 Πυλῶν

164 1597 486 1668 ἀρξάμενος
514 1597 642 1666 ἄχρι
671 1595 766 1648 καὶ
789 1595 1200 1664 Πελοποννήσου
1239 1593 1413 1665 μυχοῦ
1460 1594 1641 1649 πάντα
1673 1593 1766 1648 τὸν

162 1689 222 1740 ἐν
265 1687 431 1757 μέσῳ
454 1685 622 1740 τόπον
647 1686 832 1749 πόλεις
887 1684 1200 1754 ἀπέφηνας.
1251 1683 1537 1748 Στενωπός
1577 1701 1662 1748 τις
1696 1679 1764 1756 ἦν

163 1781 508 1845 Κολυττδς¹¹
543 1779 690 1833 οὕτω
731 1778 1066 1850 καλούμενος
1111 1780 1168 1831 ἐν
1210 1776 1289 1848 τῷ
1324 1778 1640 1849 μεσαιτάτῳ
1663 1778 1763 1848 τῆς

1877 584 2106 637 rantiam
2150 599 2274 638 cum
2310 587 2623 653 clementia,
2655 589 2836 644 dicere
2873 593 3096 659 posset?
3141 592 3372 661 Propter
3415 608 3468 653 te

1877 671 2072 742 Sparta
2116 675 2392 728 sordidum
2458 677 2668 730 crinem
2723 677 2775 730 in
2828 688 3115 732 venustam
3181 682 3465 737 caesariem

1874 774 2241 827 commutatis,
2279 765 2336 817 in
2373 764 2584 820 deliciis
2625 766 2756 834 agit.
2793 768 2928 835 Quis
2984 769 3255 823 inﬁnitam
3296 771 3470 824 aedili-

1870 854 2079 908 ciorum
2135 857 2344 924 copiam
2397 871 2496 925 pro
2559 857 2824 927 dignitate
2888 863 3222 916 recenseat?
3267 862 3466 933 375!)

1874 946 2100 1002 SulTecit
2147 946 2343 1026 Pericli
2387 952 2454 1004 ad
2492 953 3026 1007 commendationem
3060 952 3362 1026 Propylaea,
3411 965 3467 1011 et

1871 1040 2209 1108 Parthenon,
2237 1023 2298 1096 let
2341 1042 2508 1097 Dario
2533 1045 2730 1098 domus
2759 1045 2978 1114 regalis,
3010 1061 3290 1116 aureaque
3335 1050 3466 1104 vitis

1871 1134 2161 1188 Artaxerxi
2211 1134 2483 1190 Theodori
2526 1137 2697 1191 Samii
2742 1154 2918 1207 opus,
2969 1156 3093 1193 cum
3131 1141 3319 1197 Medus
3369 1145 3461 1200 ille

1874 1225 2068 1281 inutile
2101 1228 2203 1281 hoc
2243 1243 2381 1295 opus
2412 1230 2646 1284 adversa
2683 1241 2877 1284 natura
2908 1233 2958 1286 in
2984 1233 3193 1289 deliciis
3213 1235 3463 1292 haberet.

1870 1317 1950 1372 Tu
1991 1328 2170 1372 autem
2209 1334 2238 1372 a
2270 1318 2650 1391 Thermopylis
2676 1321 2963 1392 incipiens,
2989 1325 3054 1377 ad
3085 1339 3256 1393 usque
3285 1337 3464 1382 extre-

1871 1427 2014 1464 mum
2048 1410 2409 1479 Peloponnesi
2446 1428 2747 1479 recessum,
2775 1430 2993 1469 omnem
3015 1416 3190 1470 locum
3222 1420 3460 1473 medium

1869 1504 2031 1557 urbes
2046 1517 2165 1558 esse
2187 1503 2498 1559 declarasti.
2523 1503 2888 1576 Fuitquidam
2941 1509 3092 1562 vicus
3126 1508 3372 1580 Colyttas
3406 1513 3460 1564 in

1868 1596 2016 1650 urbis
2045 1595 2344 1650 meditullio
2375 1599 2666 1663 vocitatus,
2687 1598 2863 1666 populi
2891 1600 3108 1668 quidem
3139 1603 3343 1657 habens
3361 1619 3465 1658 no-

1868 1705 2013 1751 men,
2033 1688 2128 1744 sed
2157 1687 2261 1742 fori
2287 1705 2383 1742 usu
2411 1689 2665 1753 celebris,
2691 1692 2946 1761 antiquus
2971 1692 3164 1762 gloria,
3199 1695 3346 1749 venit
3370 1697 3460 1750 ille

1868 1778 2134 1833 huc-fama
2158 1777 2582 1835 ductusNidens
2602 1795 2734 1836 vero
2753 1792 3002 1836 naturam
3029 1783 3126 1839 loci
3157 1786 3464 1843 admiratus

163 1876 408 1942 πόλεως,
456 1875 635 1946 δήμου
677 1874 778 1944 μὲν
822 1873 1026 1943 ἔχωνίί
1076 1871 1386 1942 ἐπώνυμον,
1448 1874 1658 1941 ἀγορᾶς
1706 1871 1757 1924 δὲ

1865 1883 1948 1927 est
1972 1891 1984 1925 :
2004 1881 2198 1926 ornatu
2223 1888 2351 1926 vero
2373 1873 2523 1928 urbis
2545 1875 2718 1945 magis
2733 1873 2993 1930 confusus
3023 1886 3125 1941 est,
3153 1887 3460 1934 nontamen

162 1969 328 2040 χρεία
359 1970 697 2038 τιμώμενος.
729 1969 882 2021 Κατὰ
911 1965 976 2038 δὴ
1021 1965 1179 2030 κλέος
1208 1967 1270 2020 τὸ
1327 1966 1498 2020 πάλαι
1539 1963 1763 2035 ἔρχεται

163 2063 255 2116 καὶ
277 2056 438 2124 οὗτος
464 2062 559 2115 ἐπὶ
589 2060 681 2114 τὸν
731 2060 916 2126 τόπον,
966 2059 1073 2113 ὑπὸ
1117 2059 1217 2128 τῆς
1257 2059 1450 2129 φήμης
1497 2058 1763 2131 δημαγω-

165 2156 460 2226 γούμενος.
512 2155 658 2208 Ἰδὼν
683 2153 740 2207 δὲ
782 2154 882 2224 τὴν
927 2153 1025 2223 μὲν
1078 2152 1241 2220 φύσιν
1279 2152 1498 2224 ἠγάσθη
1547 2151 1637 2206 τοῦ
1664 2151 1759 2206 τό-

165 2267 291 2312 που,
320 2251 390 2320 τῇ
429 2251 750 2318 κατασκευῇ
809 2248 867 2300 δὲ
915 2246 1160 2318 ὴσχύνθη
1197 2245 1410 2319 [πλέον]
1469 2246 1613 2318 ὑπὲρ
1665 2247 1767 2316 τῆς

166 2340 398 2402 πόλεως,
433 2341 494 2393 οὐ
515 2339 624 2410 μὴν
649 2339 829 2407 ἀφῆκε
872 2337 1040 2390 πλέον
1094 2338 1418 2407 ἐρυθριᾶσαι
1463 2339 1566 2408 τὴν
1603 2337 1759 2390 πόλιν

164 2434 257 2486 ἐπὶ
290 2432 370 2502 τῷ
404 2434 720 2501 πράγματι.
750 2432 823 2485 Σὺ
859 2429 952 2484 καὶ
982 2431 1110 2493 τοὺς
1143 2429 1348 2498 μύθους
1379 2431 1607 2493 πιστοὺς
1656 2430 1761 2483 ἀπ-

167 2524 398 2591 έδειξας,
424 2525 700 2578 ὃτιστένει
718 2525 812 2575 καὶ
839 2523 985 2585 λίθος
1016 2522 1058 2553 ¹³
1081 2521 1223 2592 ὲρῶν
1237 2522 1333 2575 καὶ
1355 2521 1524 2574 λείϐει
1548 2522 1762 2591 δάκρυα

1864 1963 2032 2017 desiit
2059 1963 2111 2016 in
2156 1978 2214 2017 re
2251 1966 2489 2032 gerenda
2530 1975 2754 2034 propter
2780 1966 2967 2022 urbem
3013 1970 3221 2039 pudore
3246 1971 3461 2026 sull‘un-

1865 2056 1942 2110 di.
1966 2053 2045 2109 Tu
2069 2070 2202 2110 vero
2229 2055 2447 2111 fabulas
2485 2057 2776 2112 credibiles
2808 2074 2928 2114 esse
2952 2063 3262 2118 ostendisti.
3314 2063 3454 2119 Cum

1867 2151 2073 2220 lapides
2103 2152 2180 2206 tui
2207 2161 2456 2206 amantes
2487 2152 2866 2222 ingemiscant,
2897 2165 2950 2210 et
2975 2155 3243 2225 lacrytuas
3272 2155 3444 2210 libent

1869 2241 2015 2295 velut
2062 2242 2130 2295 ab
2167 2254 2350 2296 amata
2391 2254 2682 2311 separatus
2720 2242 2912 2298 furtim
2947 2246 3211 2308 amasius,
3249 2255 3307 2298 ut
3353 2260 3460 2315 ego

1868 2349 2084 2397 vereor,
2124 2351 2192 2388 ne
2227 2334 2304 2388 tui
2337 2334 2667 2390 desiderium
2706 2337 2966 2391 damnum
2999 2337 3206 2406 aliquot
3231 2338 3454 2400 excitet,

1871 2436 1927 2481 et
1962 2426 2130 2497 aliqui
2183 2435 2435 2481 naturam
2461 2437 2883 2495 commutantes,
2920 2429 2973 2483 in
3007 2428 3198 2485 ﬂorem
3232 2439 3328 2484 aut
3366 2444 3456 2484 ar-

1882 2519 2069 2572 borem
2099 2519 2349 2572 conversi
2376 2517 2557 2573 fabula
2590 2520 2828 2575 absurda
2861 2521 3012 2574 liant.

167 2623 361 2694 ὥσπερ
395 2621 635 2693 ἐραστὴς
671 2622 770 2689 τῆς
802 2619 1086 2690 ἐρωμένης
1110 2619 1511 2689 κλεπτόμενος*
1545 2619 1621 2682 ὼς
1654 2617 1767 2686 ἐγὼ
1805 2615 2020 2672 δέδοικα
2087 2615 2242 2686 μήτι
2280 2615 2374 2668 καὶ
2411 2614 2584 2679 πάθος
2608 2617 2636 2669 ὁ
2674 2615 2803 2686 περὶ
2837 2616 2895 2669 σὲ
2929 2616 3093 2682 πόθος
3126 2617 3452 2704 ἐργάσηται³

167 2716 258 2769 καί
284 2733 433 2781 τινες
472 2715 573 2788 τὴν
637 2713 801 2783 φύσιν
847 2713 1182 2782 ἀμείψαντες
1237 2710 1357 2768 εἶτα
1416 2713 1566 2781 ξένον
1645 2713 1812 2784 μῦθον
1846 2708 2451 2780 γεννήσωσιν,ᾶνθοςῆ
2507 2709 2725 2780 δένδρον
2762 2709 3066 2780 γενόμενοι.

166 2834 268 2888 Ἐκ
291 2832 399 2888 τοῦ
422 2835 513 2900 εὶς
547 2832 887 2887 Ἀνατόλιον
910 2831 1207 2900 ὕπαρχον.
1231 2861 1303 2874 -—
1327 2831 1396 2885 Τὸ
1419 2831 1754 2900 Προοίμιον.

245 2925 505 2997 ’Δχιλλέα
549 2925 681 2996 παρ’
727 2924 954 2995 Ὁμήρῳ
983 2924 1144 2994 φόνον
1203 2925 1420 2993 ἑταίρου
1452 2923 1760 2996 δακρύοντα

166 3019 296 3082 Ζεὺς
326 3017 386 3084 ἐξ
411 3017 671 3090 ούρανοῦ,
700 3016 766 3070 δι’
801 3015 1004 3087 Ἐρμοῦ
1033 3015 1255 3086 πέμψας
1282 3015 1556 3087 σύνθημα,
1578 3014 1760 3068 ὅπλων

167 3110 456 3164 ἐκέλευσεν
489 3109 752 3179 ἅψασθαι.
784 3107 912 3179 Φέρ’
964 3107 1058 3160 οὖν
1099 3108 1195 3161 καὶ
1249 3108 1412 3180 ἡμεῖς
1465 3105 1657 3178 ὥσπερ
1698 3105 1761 3159 ἐκ

1860 2826 1944 2882 Ea:
1974 2828 2216 2882 oratione
2238 2828 2291 2880 in
2320 2826 2632 2880 Anatolium
2661 2826 2992 2896 pra'fectum.
3024 2857 3095 2867 —
3131 2826 3448 2883 Exordt'um.

1929 2917 2144 2988 Jupiter
2181 2935 2276 2989 per
2308 2917 2639 2973 Mercurium
2671 2935 2701 2974 e
2731 2918 2871 2973 caelo
2908 2927 3176 2973 tesseram
3206 2921 3455 2984 mittens,

1863 3012 2004 3082 apud
2038 3009 2358 3074 Homerum,
2387 3011 2553 3081 jussit
2589 3011 2856 3066 Achillem
2881 3012 3015 3067 socii
3053 3027 3239 3067 casum
3265 3013 3455 3082 deplo-

1863 3111 2072 3158 rantem
2109 3117 2258 3156 arma
2286 3118 2522 3158 sumere.
2567 3102 2810 3172 Agedum
2838 3117 2970 3176 ergo
2995 3105 3160 3160 etiam
3199 3119 3298 3160 nos
3327 3113 3455 3160 tau-

164 3221 299 3266 τινος
325 3202 543 3258 ἄνωθεν
573 3201 842 3274 ῥεύματος
878 3203 960 3266 είς
997 3203 1310 3271 πανήγυριν
1335 3201 1397 3253 τὸ
1458 3201 1631 3264 πάθος
1662 3199 1757 3252 λύ-

1865 3211 2026 3266 quam
2059 3193 2268 3250 ccelesti
2300 3195 2482 3262 aliquo
2509 3195 2744 3264 impulsu
2773 3196 2827 3250 in
2871 3196 3172 3252 festivitate
3206 3197 3454 3253 dolorem

168 3315 374 3362 εαντες,
407 3295 488 3366 τῷ
512 3296 828 3368 μουσηγέτῃ
851 3295 1224 3367 χορεύσωμεν.
1253 3294 1410 3363 Θήρα
1433 3293 1626 3362 γέγονε
1660 3293 1758 3363 τῆς

163 3389 444 3458 ἡμετέρας
478 3389 675 3457 τέχνης
704 3387 732 3436 ὁ
770 3385 944 3456 μέγας
978 3383 1248 3455 ὕπαρχος.
1287 3385 1360 3435 Οὐ
1391 3381 1556 3452 μῦθος
1583 3379 1759 3434 ταῦτα

163 3478 282 3532 οὔτε
324 3479 556 3533 ’Λττικά
577 3477 969 3549 κομψεύματα,
1003 3474 1152 3541 ξένος
1171 3477 1235 3528 ὲκ
1257 3473 1452 3546 Θηϐῶν
1480 3474 1755 3536 Διόνυσος,

165 3576 438 3630 Ποσειδῶν
477 3573 715 3646 ἐραστὴς
769 3573 879 3627 άπὸ
902 3573 1001 3625 τοῦ
1031 3571 1300 3642 κύματος,
1345 3565 1432 3622 οἷα
1487 3569 1628 3622 κατὰ
1659 3571 1760 3634 τῆς

165 3668 363 3733 πόλεως
397 3668 662 3730 Λάκωνες
693 3665 1002 3730 παίζουσιν,
1034 3664 1149 3718 ἀλλ’
1168 3662 1369 3732 ἀληθὲς
1387 3661 1670 3731 ὲντύχημα
1691 3659 1756 3726 ⁸⁸,

163 3761 293 3814 ἀλλὰ
324 3760 552 3814 παιδεία
592 3758 689 3813 καί
719 3758 895 3830 νόμοι,
931 3756 1059 3827 ῥίζα
1096 3756 1206 3810 τῶν
1233 3754 1455 3825 ἀγαθῶν
1503 3754 1599 3807 καὶ
1654 3771 1761 3824 μη-

162 3853 438 3922 τρόπολις.
490 3853 662 3916 Αὐτός
704 3869 764 3905 τε
813 3850 1033 3922 φυτεύει
1090 3849 1163 3921 τῷ
1233 3848 1384 3918 φυτῷ
1440 3847 1617 3917 τούτῳ
1660 3845 1759 3916 τὴν

163 3947 352 4000 ἑαυτοῦ
387 3947 596 4016 ψυχὴν,
631 3944 857 3999 Ἀττικὰ
877 3943 1130 4014 ἐπάρδων
1163 3940 1231 3995 τὰ
1264 3940 1504 4011 νάματα.
1554 3937 1665 3992 Ἀεὶ
1700 3937 1757 3990 δὲ

160 4040 226 4093 τὰ
253 4040 294 4072 ¹⁵
325 4039 477 4092 κα.λά
497 4039 723 4101 σπάνια,
751 4036 1017 4102 καὶδόξαν
1037 4034 1306 4089 ἀθάνατον
1337 4035 1448 4094 τοῖς
1479 4030 1756 4085 ἐπινοοῦσι

165 4132 556 4204 προμνώμενα.
589 4131 813 4202 Πρῶτος
849 4132 950 4200 μὲν
1010 4130 1038 4183 ὁ
1074 4129 1241 4198 σοφὸς
1301 4127 1634 4196 ’Λνάχαρσις
1683 4127 1750 4180 ὲκ

167 4227 380 4280 Σκυθῶν
412 4223 579 4300 ἦλθεν
605 4229 684 4289 εἰς
703 4223 997 4294 Ἕλληνας,
1017 4222 1235 4293 πρῶτος
1259 4221 1315 4274 δὲ
1349 4219 1525 4290 Πέλοψ
1548 4218 1754 4286 Λυδῶν,

165 4313 289 4385 [615
310 4317 400 4390 11.]
420 4319 507 4370 ἐπ’
521 4316 802 4370 ἀθανάτων
823 4316 1006 4368 ἵππων
1032 4312 1172 4367 κατὰ
1187 4311 1425 4382 γαλήνης
1440 4309 1752 4380 ὀχούμενος.

165 4408 271 4461 Καὶ
319 4409 510 4479 μισθὸν
536 4412 636 4480 τῆς
661 4405 1012 4477 καινοτομίας
1038 4405 1303 4475 λαμϐάνει
1341 4401 1524 4455 δοῦναι
1552 4403 1617 4471 τῇ
1649 4399 1758 4470 χώ-

168 4516 231 4569 ρᾳ
259 4501 317 4554 τὸ
351 4503 670 4574 πρόσρημα.
701 4502 812 4554 Καὶ
838 4503 865 4554 ὁ
896 4499 992 4571 μὲν
1021 4497 1241 4561 ἔπαινος
1272 4497 1330 4551 ὲν
1357 4496 1618 4564 αἰγιαλοῖς
1652 4494 1751 4558 ἔτι,

1863 3288 2160 3353 solventes,
2204 3286 2440 3356 Apollini
2494 3296 2804 3343 cantemus.
2840 3286 2952 3343 Nos
2993 3289 3200 3344 nostris
3240 3291 3460 3346 artibus

1862 3392 2118 3446 magnum
2161 3375 2309 3430 illum
2355 3377 2662 3446 principem
2708 3379 2978 3446 cepimus.
3021 3377 3140 3442 Non
3168 3380 3283 3435 haec
3325 3394 3457 3436 sunt.

1862 3483 2037 3539 nugae,
2067 3478 2160 3522 aut
2193 3468 2358 3521 Attici
2395 3469 2560 3535 sales,
2590 3467 2861 3524 Bacchum
2907 3485 2939 3525 e
2965 3469 3168 3526 Thebis
3205 3475 3456 3544 peregri-

1863 3576 2016 3623 num,
2057 3558 2362 3628 Neptunum
2394 3574 2424 3613 e
2468 3559 2718 3614 ﬂuctibus
2747 3570 3042 3628 amantem,
3067 3565 3227 3619 sicuti
3268 3568 3334 3621 ad
3359 3583 3455 3622 ur-

1863 3652 1983 3707 bem
2019 3650 2270 3707 Lacones
2313 3653 2525 3715 ludunt,
2575 3657 2669 3708 sed
2719 3670 2910 3708 verum
2952 3657 3305 3727 colloquium,
3357 3665 3453 3717 sed

1864 3743 2132 3798 institutio
2159 3752 2212 3798 et
2245 3745 2482 3808 sanctio,
2511 3746 2664 3800 radix
2694 3749 2962 3801 bonorum
2993 3760 3048 3804 et
3077 3751 3310 3806 initium.
3333 3752 3458 3824 Ipse

1862 3851 1996 3892 vero
2050 3838 2153 3891 hoc
2187 3837 2433 3906 germine
2482 3839 2723 3892 animum
2767 3855 2924 3895 sumn
2977 3841 3208 3912 plantat,
3253 3847 3452 3904 Atticis

1862 3929 2094 3998 irrigans
2135 3930 2313 3997 aquis.
2355 3927 2584 3999 Semper
2618 3945 2750 3986 vero
2768 3933 2950 3986 omnia
2983 3935 3209 4002 pulchra
3235 3951 3453 4004 rara,et

1861 4022 2220 4076 immortalem
2245 4022 2473 4092 gloriam
2513 4023 2945 4092 intelligentihus
2975 4029 3294 4085 conciliant.
3327 4031 3456 4087 Pri-

1861 4129 1982 4168 mus
2018 4114 2238 4182 sapiens
2287 4115 2624 4171 Anacharsis
2650 4131 2680 4171 e
2721 4114 2943 4188 Scythia
2981 4119 3034 4172 in
3070 4119 3457 4178 Grteciamve-

1861 4205 1979 4271 nit;
2015 4207 2224 4274 primus
2253 4205 2448 4275 Pelops
2473 4220 2504 4260 e
2525 4206 2695 4278 Lydia
2734 4208 3136 4265 immortalibus
3161 4213 3213 4267 in
3242 4217 3456 4271 sereni-

1860 4309 1971 4352 tate
2003 4307 2189 4352 vectus
2219 4297 2401 4368 cuuis,
2437 4308 2492 4352 et
2518 4299 2828 4354 mercedem
2862 4316 3016 4356 novae
3033 4303 3322 4361 divisionis
3355 4324 3447 4363 ac-

1858 4390 2010 4460 cipit,
2058 4401 2119 4444 ut
2172 4389 2387 4444 dederit
2431 4390 2642 4462 regioni
2688 4405 3020 4462 cognomen.
3061 4393 3129 4448 Et
3175 4395 3296 4451 laus
3355 4398 3457 4454 illa

1858 4485 2076 4555 quidem
2121 4483 2303 4538 adhuc
2354 4483 2408 4538 in
2463 4483 2742 4539 littoribus
2780 4502 2795 4539 :
2833 4483 3061 4539 ﬂuctuat
3106 4501 3238 4542 vero
3271 4491 3462 4544 oratio

166 4593 448 4662 πελαγίξει
484 4593 539 4647 δὲ
574 4596 604 4648 ὁ
644 4594 820 4662 λόγος,
864 4595 964 4664 οὐχ
1009 4591 1152 4664 ὁρῶν
1189 4591 1357 4661 ὅρμον
1411 4587 1753 4658 φαινόμενον.

1869 4593 1975 4632 non
2027 4577 2219 4632 videns
2272 4585 2494 4644 portum
2531 4585 2910 4646 apparentem.
2961 4579 3236 4648 Optimum
3282 4581 3452 4652 igitun

165 4684 467 4756 Κράτιστον
497 4681 592 4740 οὖν
648 4685 776 4751 ἴσως
834 4687 1005 4739 εἰκόνι
1055 4681 1155 4754 τὴν
1202 4682 1354 4735 τοῦδε
1390 4680 1552 4751 φύσιν
1580 4680 1749 4752 θηρά-

169 4793 347 4845 σαντα,
377 4779 438 4833 τὸ
458 4779 552 4833 τοῦ
586 4778 798 4832 Φειδίου
843 4777 1212 4848 μιμήσασθαι.
1244 4774 1358 4828 Ούκ
1408 4773 1594 4844 ἠγνόει
1624 4775 1747 4826 Φειο

165 4865 272 4931 δίας
294 4869 415 4934 δσος
451 4871 545 4924 καὶ
569 4873 631 4924 ἐν
656 4871 802 4934 ὅσοις
833 4871 863 4923 ό
916 4870 1069 4933 Ζεὺς,
1123 4867 1218 4922 ἅτε
1274 4867 1373 4938 τὴν
1423 4867 1602 4938 ψυχὴν
1647 4866 1746 4936 τῆς

165 4956 341 5026 χειρὸς
373 4958 701 5030 σοφώτερος.
736 4957 1070 5028 Βουλόμενος
1113 4952 1206 5010 οὖν
1235 4955 1317 5008 ἐνὶ
1362 4955 1600 5027 θηρᾶσαι
1646 4955 1745 5024 τὴν

167 5046 279 5110 Διὸς
334 5050 496 5120 φύσιν
548 5051 848 5122 ἀγάλματι,
912 5049 1102 5122 χρυσῷ
1153 5049 1397 5120 κεράσας
1455 5048 1742 5116 ἐλέφαντα,

177 5136 401 5206 Ἠλείοις
441 5141 542 5215 μὲν
561 5143 654 5197 τὸν
689 5142 1009 5213 Ὀλύμπιον,
1057 5145 1172 5205 τοῖς
1200 5143 1258 5196 δὲ
1311 5140 1492 5205 ἄλλοις
1532 5137 1745 5210 ἀνθρώ-

167 5247 281 5295 ποις
305 5234 399 5288 τὸν
445 5236 542 5289 Δία
590 5235 762 5290 εἰκόνι
815 5232 1185 5306 μιᾷτοσοῦτον
1239 5235 1364 5287 ὅσον
1417 5232 1742 5286 ὲκτυπωσά-

169 5339 343 5392 μενος.
381 5329 582 5383 Ἐθέλω
614 5330 674 5384 δέ
696 5346 778 5383 σοι
813 5327 975 5382 θείων
996 5331 1059 5382 ἐκ
1084 5328 1394 5400 φαρμάκων
1416 5325 1627 5397 γράψαι
1653 5326 1744 5380 τὸν

169 5418 391 5475 πίνακα·
413 5421 657 5478 ἔκπλυτα
678 5423 787 5494 γάρ
813 5421 1023 5493 ταχέως
1045 5421 1227 5493 χρόνῳ
1249 5421 1316 5474 τὰ
1346 5422 1531 5492 γήϊνα.
1563 5419 1752 5489 Δόγμα

164 5509 217 5561 δὲ
240 5517 328 5566 καὶ
350 5516 506 5584 δόξαν
541 5519 595 5571 εἴ
621 5536 700 5589 τῳ
727 5517 877 5588 φίλον
903 5516 1089 5570 καλεῖν
1116 5517 1208 5569 τὸν
1233 5515 1459 5576 πίνακα,
1475 5515 1537 5568 οὐ
1559 5515 1749 5567 διοίσο-

171 5616 281 5669 μαι.
314 5605 465 5678 [1141
496 5609 590 5683 8.]
631 5609 886 5677 Ἐπειδὰν
923 5610 1090 5681 κάμοι
1124 5608 1186 5662 τὺ
1222 5608 1356 5662 πολὺ
1393 5607 1552 5677 σῶμα
1584 5606 1744 5660 τοῦτο

1860 4671 2088 4726 forsitan
2132 4671 2316 4731 fuerit,
2355 4671 2500 4725 hune
2542 4668 2780 4739 imagine
2814 4669 2934 4737 ejus
2967 4681 3215 4726 naturam
3258 4676 3450 4744 expri-

1858 4773 2118 4829 mentem,
2147 4762 2400 4817 Phidiam
2434 4763 2487 4815 in
2509 4776 2576 4816 eo
2603 4759 2969 4818 imitari.Non
3003 4763 3295 4833 ignorabat
3316 4767 3454 4822 Phi-

1856 4859 2000 4922 dias,
2034 4857 2156 4927 quis
2185 4857 2310 4911 etin
2335 4855 2535 4925 quibus
2563 4854 2776 4924 Jupiter
2805 4867 2978 4924 esset,
3010 4857 3225 4914 scilicet
3264 4862 3460 4918 animo

1854 4951 2054 5024 376a
2083 4951 2384 5020 sapientior
2411 4966 2575 5021 quam
2605 4951 2822 5005 dextra.
2863 4950 3104 5022 Cupiens
3138 4953 3306 5025 igitur
3341 4973 3455 5012 una

1857 5047 2093 5116 imagine
2137 5044 2288 5100 Jovis
2341 5043 2618 5114 ingenium
2662 5046 2974 5114 exprimere
3010 5063 3145 5102 auro
3186 5051 3450 5105 commis-

1853 5155 1985 5193 cens
2020 5141 2178 5202 ebur,
2207 5137 2352 5193 Eleis
2379 5138 2598 5207 quidem
2617 5136 2951 5209 Olympium,
2986 5139 3106 5194 aliis
3132 5141 3455 5198 hominibus

1850 5233 2042 5290 Jovem
2087 5250 2192 5288 una
2237 5233 2476 5304 imagine
2520 5232 2717 5300 talem,
2749 5242 2810 5286 ut
2849 5244 2963 5297 est,
2987 5234 3271 5305 ellingens.
3308 5237 3462 5292 Volo

1854 5326 1949 5380 tibi
1983 5340 2014 5380 e
2066 5325 2264 5379 divinis
2307 5323 2584 5379 coloribus
2629 5324 2868 5379 tabulam
2917 5326 3179 5395 pingere.
3239 5331 3458 5383 terreni-

1859 5419 2003 5475 enim
2061 5417 2275 5473 colores
2313 5427 2560 5485 tempore
2604 5417 2898 5471 eluuntur:
2928 5419 3256 5473 sententiam
3313 5435 3457 5476 vero

1855 5521 1909 5566 et
1942 5511 2280 5580 opinionem,
2315 5509 2360 5564 si
2387 5511 2472 5564 cui
2507 5509 2685 5579 placet
2714 5509 3001 5566 nominare
3034 5512 3302 5579 tabulam,
3337 5531 3454 5570 non

1851 5604 2200 5658 contendam.
2233 5601 2684 5672 Quandoquidem
2723 5611 2778 5656 et
2811 5602 2941 5658 mihi
2971 5605 3072 5660 hoc
3099 5604 3293 5675 ingens
3321 5622 3455 5663 eor—

1464 5740 1704 5796 νΑιιιίΕ
1752 5736 2162 5795 LECTIONES.

255 5865 294 5897 ¹²
316 5867 817 5942 Κολυττδς]κόλπος
852 5869 914 5926 C.
995 5869 1036 5902 “
1068 5869 1207 5941 ἔχων
1229 5881 1339 5922 out.
1378 5865 1437 5921 ε.
1518 5866 1562 5897 ¹³
1593 5864 1794 5928 λίθους.

1875 5862 1917 5895 ³⁸
1953 5861 2241 5932 εὐτύχημα
2264 5858 2326 5914 C.
2436 5860 2477 5891 ”
2496 5859 2561 5914 τά
2585 5869 2704 5931 post
2729 5860 2787 5916 at
2813 5860 2939 5917 add.
2977 5860 3087 5918 AC.
