3924 6462
459 344 596 410 1379

1592 337 1859 397 PHOTII
1900 335 2404 398 PATRIARCHE
2439 339 2547 399 CP.

3602 339 3748 408 1380

452 478 556 532 ptts
595 454 966 530 improbitatis
1008 454 1203 511 morbo
1241 451 1406 526 (quod
1446 459 1646 507 terram
1687 453 1908 523 quidem
1947 466 2048 506 nos

2169 453 2352 518 ιακίας
2401 453 2546 524 νόσῳ
2581 451 2960 524 φθειρόμενον,
3001 453 3030 506 ὃ
3087 453 3194 524 γῆν
3249 454 3351 524 μὲν
3412 456 3570 528 ἡμεῖς
3624 461 3753 514 κέν.

453 565 708 620 centrum
739 550 909 607 divini
936 549 1082 602 illius
1110 546 1294 601 mundi
1329 544 1632 616 putamus),
1668 554 1795 600 tunc
1829 543 2048 600 Lache-

456 661 580 703 seos
614 645 768 699 fusus
807 642 1003 697 coelum
1037 641 1141 694 tela
1184 649 1498 709 penetrans,
1529 653 1561 692 e
1599 636 1750 692 .Iovis
1788 645 2049 706 penetra-

455 738 598 793 libus
629 737 866 790 animam
911 734 1185 787 sinceram
1213 730 1405 794 trahit,
1435 729 1749 782 divinarum
1779 726 2048 798 imagina-

459 833 664 885 tionnm
721 826 1087 880 substantiam
1135 824 1201 877 ad
1262 839 1362 878 nos
1424 819 1874 878 transferentem.
1921 819 2050 874 Haec

456 923 600 994 parit
625 920 920 989 justitiam,
951 919 1069 972 hmc
1094 917 1497 982 fortitudinem,
1534 931 1602 971 ex
1635 916 1727 971 illa
1763 913 2040 984 propriam

458 1014 793 1070 sententiam
827 1025 964 1080 pure
1001 1011 1114 1079 ipsa
1160 1010 1340 1062 anima
1375 1009 1539 1064 habet
1569 1027 1582 1063 :
1618 1010 1758 1064 hanc
1789 1023 1920 1062 vero
1953 1021 2044 1062 se-

457 1108 644 1175 quitur
673 1119 866 1172 magna
890 1103 1158 1155 virtutum
1194 1099 1454 1154 similium
1496 1101 1754 1165 societas,
1782 1082 2049 1154 sublimi-

459 1211 543 1254 tas
590 1198 811 1261 mentis,
851 1192 1174 1249 excellentia
1220 1191 1408 1256 animi,
1459 1192 1628 1246 libera
1678 1207 1802 1257 vox,
1855 1205 2050 1244 manus

458 1290 750 1346 beneficiis
797 1303 904 1341 non
943 1283 1268 1348 alliciendas,
1309 1283 1566 1338 amicitiae
1607 1283 1871 1348 studium,
1905 1282 2052 1336 veri-

461 1385 590 1439 tatis
633 1398 822 1444 amor,
873 1377 1340 1433 incommutabilis
1386 1376 1658 1431 sententia
1699 1389 1764 1429 ex
1809 1374 2051 1430 amicitia

459 1480 714 1533 virtutem
759 1490 866 1530 non
926 1473 1263 1546 dijudicans,
1326 1473 1420 1527 sed
1485 1471 1692 1526 virtute
1745 1469 2050 1524 amicitiam

461 1572 790 1642 ponderans.

459 1687 549 1743 Ea;
567 1686 802 1740 oratione
827 1684 882 1736 in
910 1678 1528 1805 Pltmbumdproconsulis
1559 1676 1758 1748 ﬁlium.
1789 1705 1857 1720 υ·-
1877 1674 2055 1733 Exor-

1205 1769 1338 1805 tum.

1205 1769 1338 1807 tum.

2151 562 2282 616 τρον
2335 547 2546 600 ἐκείνου
2612 545 2706 599 τοῦ
2755 544 2904 598 θείου
2981 545 3189 616 κόσμου
3246 547 3564 618 νομίζομεν,
3609 552 3748 606 τότε

2152 636 2443 708 Λαχέσεως
2500 637 2832 709 ἄτρακτος¹⁶
2878 637 3109 706 οὐρανὸν
3144 638 3338 709 σχίσας
3399 644 3513 706 τοῖς
3562 645 3751 712 νήμα-

2155 747 2236 782 σιν
2279 733 2344 784 ὲκ
2385 730 2488 799 τῆς
2529 731 2650 795 Διὸς
2709 732 2895 794 ἑστίας
2927 731 3048 798 ἄγει
3077 730 3255 803 ψυχὴν
3299 733 3602 805 ἀκραιφνῆ,
3638 737 3751 788 τῶν

2154 823 2315 876 θείων
2375 825 2683 894 φασμάτων
2739 824 2874 895 παρ’
2901 825 3066 894 ’ἡμᾶς
3123 825 3222 896 τὴν
3275 827 3468 881 οὐσίαν
3515 827 3753 900 διαπορ-

2153 914 2480 986 θμεύουσαν.
2511 914 2655 981 Λῦτη
2687 914 2844 986 φέρει
2863 912 3234 982 δικαιοσύνην,
3258 914 3397 988 αὕτη
3423 917 3687 988 ἀνδρείαν
3709 920 3749 951 ¹⁷

2153 1009 2286 1080 παρ’
2327 1009 2528 1077 αύτῆςο
2551 1007 2949 1077 αύτοφρόνησις
2975 1006 3283 1078 καθαρῶςή
3308 1008 3538 1080 τοιαύτη
3572 1009 3740 1080 ψυχή.

2155 1098 2393 1153 "Exstat
2423 1098 2479 1152 δὲ
2498 1099 2637 1168 αὐτῇ
2673 1099 2768 1150 καὶ
2793 1095 3006 1167 ἀρετῶν
3037 1096 3336 1166 συμφύτων
3376 1099 3574 1168 μυρίος
3637 1099 3742 1152 eia.

2161 1208 2275 1256 σος,
2309 1189 2446 1260 ὕψος
2472 1189 2675 1260 ψυχῆς,
2716 1189 3166 1260 μεγαλοπρέπεια
3201 1188 3447 1260 γνώμης,
3484 1191 3742 1264 ἐλευθέρα

2160 1282 2334 1354 φωνὴ,
2369 1286 2552 1354 χεῖρες
2583 1283 2803 1352 ἀδωροι,
2849 1282 3032 1350 φιλίας
3064 1282 3249 1348 πόθος,
3292 1283 3557 1354 ἀληθείας
3587 1284 3743 1355 ἔρως,

2159 1377 2432 1448 ἄτρεπτον
2458 1375 2738 1447 φρόνημα.
2776 1375 2888 1428 Οὐκ
2929 1376 2990 1426 ἐκ
3020 1373 3200 1443 φιλίας
3231 1376 3433 1446 ἀρετὴν
3459 1377 3672 1447 κρίνων
3689 1378 3746 1446 ⁸⁸,

2158 1469 2275 1523 ἀλλ’
2311 1469 2370 1534 ἐξ
2395 1471 2596 1542 ἀρετῆς
2623 1469 2692 1522 τά
2717 1466 2822 1537 τῆς
2848 1467 3030 1537 φιλίας
3070 1467 3494 1539 σταθμώμενος.

2173 1678 2270 1730 Ἐκ
2297 1675 2407 1731 τοῦ
2435 1677 2524 1743 είς
2547 1675 2768 1730 Φοῖϐον
2805 1676 2912 1730 τὸν
2965 1676 3070 1729 τοῦ
3125 1674 3476 1731 ἀνθυπάτου
3545 1675 3746 1731 παῖδα.

2674 1777 2746 1788 -
2779 1748 2849 1803 Τὸ
2884 1747 3225 1816 Προοίμιον.

531 1850 833 1922 Sapientiae
867 1849 1038 1903 initiis
1065 1846 1361 1902 humiliore
1381 1845 1564 1916 lingua
1595 1840 1934 1913 responsuri,
1963 1855 2056 1895 ve-

2236 1840 2501 1910 Σοφιστοῦ
2517 1839 2576 1894 δὲ
2602 1842 2644 1872 ⁸⁸
2671 1840 2845 1911 θύραν
2865 1843 2930 1894 ὲκ
2957 1841 3286 1912 μικροτέρας
3318 1838 3576 1910 γλώττης
3600 1841 3752 1910 ἀμεί-

461 1943 690 1997 risimile
741 1953 872 2011 puto
904 1940 1043 2004 fore,
1085 1947 1144 1992 ut
1187 1935 1506 2006 sophisticis
1550 1935 1716 1989 etiam
1751 1933 2056 1988 rationibus

469 2043 786 2088 occurrant.
826 2031 1098 2084 Isocrates
1140 2029 1386 2097 sophista
1417 2026 1628 2097 (notum
1673 2024 1930 2080 omnibus
1957 2024 2059 2078 hoc

460 2138 658 2180 nomen
695 2137 818 2176 cum
854 2120 1196 2175 orationibus
1225 2127 1377 2188 puto,
1400 2117 1530 2186 quia
1566 2117 1637 2170 ob
1661 2114 2057 2184 illnmSophis—

362 2237 366 2242 ν
464 2228 532 2271 tae
569 2215 837 2284 poeticam
876 2211 1242 2282 negligentes,
1282 2209 1559 2280 propriam
1606 2207 1778 2276 legem
1819 2205 2057 2274 amplexi

461 2309 636 2377 sunt).
680 2306 930 2360 oratione
964 2304 1183 2372 quidem
1212 2315 1428 2371 semper
1455 2299 1781 2369 eloquentiae
1803 2301 2062 2353 amatori-

460 2402 563 2456 bus
595 2398 795 2468 regalia
821 2397 1138 2452 scholarum
1166 2410 1390 2450 suarum
1422 2391 1704 2464 patefecit.

493 2492 580 2549 Ex
607 2495 849 2547 oratione
882 2492 940 2544 in
986 2491 1278 2545 Arcadium
1329 2491 1590 2543 medicum
1625 2499 1672 2542 et
1710 2488 2022 2557 principem.

533 2585 840 2653 Descripsit
871 2597 1070 2651 pueros
1110 2581 1321 2636 circum
1361 2580 1663 2633 thalamum
1685 2579 1969 2653 ludentes,
2004 2588 2062 2633 et

463 2679 580 2734 suis
603 2693 698 2731 eos
723 2676 922 2730 tistulis
951 2674 1083 2728 facit
1107 2674 1386 2744 specimen
1411 2648 1704 2726 exhibere:
1731 2670 1890 2727 Nunc
1932 2686 2063 2726 vero

463 2771 608 2825 aliud
651 2777 959 2832 certamen,
999 2765 1144 2820 aliud
1175 2764 1438 2830 stadium,
1465 2747 1856 2834 Musarumque
1894 2762 2064 2817 delu-

466 2864 624 2918 brum
670 2859 846 2915 sacris
879 2857 1258 2912 sacerdotibus
1300 2865 1550 2923 apertum
1603 2855 1672 2910 ab
1709 2852 2064 2908 amicissimis

465 2953 826 3009 aleatoribus.
875 2949 1044 3002 Aiunt
1085 2945 1436 3001 Democidem
1475 2944 1624 2998 illum
1655 2945 2059 3012 Crotoniatum,

467 3049 704 3116 primum
743 3043 991 3098 Graecam
1029 3037 1409 3113 [medicinaml
1447 3039 1612 3110 .apud
1657 3037 1929 3094 Barbaros
1968 3052 2064 3094 co-

467 3139 658 3195 luisse.
1717 3209 1721 3212 γ

716 3252 766 3307 Ε
790 3250 1160 3323 propemptica
1182 3249 1238 3303 in
1261 3263 1433 3302 socios
1466 3245 1823 3301 advenientes.

540 3411 860 3474 Animosns,
911 3405 1149 3462 orationi
1203 3405 1440 3459 miscens
1481 3402 1760 3467 affectum.
1809 3413 1864 3459 et
1908 3403 2064 3461 fortis

468 3503 679 3560 audivit
708 3518 724 3556 :
755 3503 867 3555 vita
911 3499 1112 3563 mollis,
1144 3511 1456 3552 mensuram
1487 3512 1691 3566 ponens
1727 3496 1937 3568 37Gb
1969 3514 2064 3550 na-

471 3610 628 3660 tnrte,
663 3595 1078 3664 temperantiam
1107 3592 1426 3661 assumpsit.
1446 3590 1594 3646 Mare
1616 3603 1788 3646 mutat
1811 3606 2062 3646 naturam

470 3691 524 3744 in
566 3687 765 3742 multas
793 3687 1020 3740 formas.
1051 3683 1410 3753 Purpurascit
1433 3684 1657 3753 quidem
1681 3700 1804 3738 cum
1839 3684 1895 3738 in
1913 3695 2066 3738 tran-

469 3783 798 3854 qnillitatetn
839 3780 1045 3835 sedarit
1098 3777 1320 3846 ﬂuctus,
1349 3779 1639 3832 obscuram
1671 3794 1802 3834 vero
1824 3779 2063 3847 speciem

473 3876 640 3928 habet
676 3887 802 3927 cum
839 3869 1099 3936 ﬂuctibus
1127 3871 1406 3926 turbatum
1433 3867 1715 3925 ell'eratur.

575 4071 627 4127 E
659 4070 1018 4142 prapemptica
1075 4070 1130 4123 in
1170 4067 1517 4126 Flavianum.
1542 4100 1616 4112 —
1639 4068 1958 4128 Exordium.

545 4226 845 4298 Conjecisti
877 4242 986 4291 me,
1026 4225 1308 4281 meliorem
1331 4239 1613 4297 parantem
1643 4229 1840 4300 lyram,
1869 4245 1902 4284 ο
1931 4244 2068 4284 ann-

469 4341 556 4389 ce,
594 4333 652 4378 ut
684 4333 737 4377 te
772 4322 987 4377 scilicet
1031 4330 1154 4392 post
1188 4322 1430 4376 Africam
1471 4324 1790 4389 salutarem,
1843 4334 2068 4394 repente

468 4416 681 4485 fugiens
733 4415 787 4468 in
823 4417 1151 4466 inammnam
1187 4411 1422 4468 Musam.
1465 4411 1656 4469 Visum
1701 4417 1938 4470 nondum
1982 4423 2068 4470 est

2159 1935 2368 2005 ψαντας
2391 1936 2437 1966 ¹⁰
2466 1937 2799 2003 σοφιστικοῖς
2825 1935 2992 1999 εἰκὸς,
3009 1929 3183 2004 οἶμαι,
3209 1935 3640 2006 περιτυγχάνειν
3667 1934 3752 1987 καὶ

2161 2028 2516 2098 διηγήμασιν.
2575 2026 2894 2097 Ἰσοκράτης
2949 2028 2978 2080 ὁ
3030 2026 3292 2097 σοφιστὴς
3347 2024 3658 2097 (γνώριμον
3700 2025 3749 2076 δὲ

2163 2123 2355 2187 πᾶσιν,
2390 2117 2566 2191 οἶμαι,
2609 2120 2752 2190 μετὰ
2788 2121 2897 2173 τῶν
2929 2119 3103 2188 λόγων
3124 2119 3281 2172 xui.“
3311 2117 3579 2188 τοῦνομα,
3603 2117 3748 2170 ὅτιδι’

2162 2213 2370 2266 ἐκεῖνον
2417 2213 2692 2282 σοφιστῶν
2738 2211 2962 2281 γλῶττα
3014 2212 3304 2282 ποιητικὴν
3360 2210 3685 2281 ἀτιμάσασα
3706 2211 3745 2240 ¹¹

2163 2307 2366 2359 οἰκεῖον
2397 2307 2561 2376 νόμον
2592 2305 2902 2376 ἠσπάσατο)
2949 2304 3095 2376 λόγῳ
3145 2304 3242 2374 μὲν
3276 2304 3365 2360 ἀεὶ
3420 2306 3544 2366 τοῖς
3587 2303 3746 2370 λόγων

2162 2399 2332 2469 ἐρῶσι
2343 2398 2414 2452 τὰ
2432 2397 2677 2468 βασίλεια
2697 2398 2805 2450 τῶν
2822 2396 3016 2450 ἑαυτοῦ
3039 2398 3304 2467 μουσείων
3327 2395 3741 2453 ἀνεπετάννυεν.

2199 2490 2303 2544 Ἐκ
2335 2491 2443 2546 τοῦ
2471 2493 2558 2556 εὶς
2591 2490 2914 2560 Ἀρκάδων
2959 2491 3064 2543 τὸν
3097 2491 3299 2557 ἰατρὸν
3326 2491 3424 2543 καὶ
3457 2491 3712 2558 κόμητα.

2236 2583 2541 2648 Παίζοντας
2577 2585 2684 2654 γὰρ
2720 2584 2847 2646 τοὺς
2874 2581 3029 2645 νέους
3059 2584 3188 2653 περὶ
3209 2582 3453 2652 θάλαμον
3476 2583 3746 2652 ἱστόρησε,

2167 2677 2265 2731 καὶ
2289 2681 2410 2740 ταῖς
2445 2677 2659 2731 ἑαυτῶν
2701 2677 2845 2746 ῐυγξι
2887 2677 3034 2729 ποιεῖ
3069 2676 3167 2746 τὴν
3196 2675 3358 2746 χάριν
3403 2676 3745 2744 ἐλέγχοντας.

2165 2770 2283 2825 Νῦν
2313 2771 2368 2824 δὲ
2396 2771 2584 2840 ἕτερος
2609 2765 2793 2836 ἆθλος,
2824 2771 2920 2822 καὶ
2945 2769 3072 2824 ἄλλο
3093 2769 3330 2834 στάδιον,
3364 2768 3463 2822 καὶ
3517 2766 3746 2822 Μουσῶν

2165 2860 2391 2930 τέμενος
2418 2859 2648 2930 μύσταις
2661 2861 2728 2891 ²¹”
2755 2859 2924 2921 ὁσίοις
2948 2860 3318 2929 ἀνοιγόμενον.
3340 2859 3481 2930 Περὶ
3498 2862 3614 2923 τοῖς
3640 2859 3749 2928 φιλ-

2165 2953 2350 3013 τάτοις
2377 2952 2692 3008 κυϐεύουσι.
2721 2952 2860 3005 Φασὶ
2881 2952 2938 3005 δὲ
2961 2953 3056 3004 καὶ
3090 2951 3416 3022 Δημοκήδην
3470 2951 3564 3005 τὶν
3609 2953 3748 3022 Κρο-

2165 3045 2436 3113 τωνιάτην
2463 3046 2670 3099 ἐκεῖνον
2693 3044 2786 3097 τὸν
2815 3044 3030 3116 πρῶτον
3060 3045 3312 3116 ἰατρικὴν
3348 3045 3582 3099 Ἐλλάδα
3607 3047 3746 3117 παρᾶ

2171 3137 2467 3211 βαρϐάροις
2503 3139 2829 3209 κομίσαντα.

2167 3250 2265 3303 Ἐκ
2296 3247 2402 3303 τοῦ
2432 3250 2888 3318 προπεμπτικοῦ
2919 3247 3026 3302 τοῦ
3070 3249 3158 3314 είς
3186 3246 3325 3315 τοὺς
3380 3249 3751 3317 προσελθόν-

2731 3335 2841 3385 τας
2890 3318 3187 3385 ἑταίρους.

2240 3410 2367 3484 [614
2405 3409 2498 3482 IL]
2537 3409 2596 3464 '0
2636 3409 2924 3482 θυμοειδὴς
2970 3406 3069 3481 τὴν
3101 3412 3302 3482 ψυχὴν,
3333 3411 3480 3482 λόγῳ
3511 3412 3748 3481 κεράσας

2163 3503 2224 3557 τὺ
2253 3503 2445 3567 πάθος,
2468 3503 2712 3577 ἀνδρεῖος
2733 3504 2968 3575 ἤκουσεν
2985 3519 3002 3535 θ
3034 3506 3062 3556 ὁ
3088 3506 3178 3558 τὸν
3207 3505 3319 3573 βίον
3336 3504 3527 3574 ἁϐρὸς,
3552 3504 3746 3575 μέτρον

2164 3596 2377 3660 ἐπιθεὶς
2391 3599 2458 3667 τῇ
2479 3597 2665 3666 φύσει,
2697 3597 2798 3666 τὴν
2825 3595 3183 3668 σωφροσύνην
3209 3595 3534 3664 ἐλάμϐανεν.
3570 3596 3748 3660 ’Δμεί-

2167 3691 2250 3744 6ει
2278 3691 2376 3761 τὴν
2412 3689 2576 3758 φύσιν
2603 3691 2686 3754 είς
2707 3690 2912 3754 πολλὰς
2933 3691 3080 3754 ἰδέας
3111 3691 3204 3744 καὶ
3237 3690 3476 3743 θάλαττα
3497 3705 3510 3717 ·
3539 3687 3746 3757 πορφύ-

2169 3801 2252 3856 ρει
2280 3783 2401 3854 μὲν,
2433 3783 2562 3838 ὅταν
2591 3785 2672 3848 είς
2695 3784 2935 3853 γαλήνην
2964 3785 3232 3854 στορεσθῇ
3263 3784 3331 3836 τά
3377 3782 3623 3851 κύματα,
3666 3781 3744 3844 ζό-

2166 3895 2266 3947 φον
2287 3877 2342 3929 δὲ
2359 3876 2474 3947 ἔχει
2508 3876 2570 3929 τὸ
2615 3877 2930 3950 πρόσωπον,
2985 3877 3116 3931 ὅταν
3178 3875 3438 3948 ἀγριαίνη
3477 3890 3743 3946 ταρασσοο

2170 3971 2304 4042 μένη
2326 3972 2439 4033 τοῖς
2463 3969 2728 4042 κύμασιν.

2167 4082 2277 4137 Ἐκ
2339 4081 2448 4138 τοῦ
2505 4083 2596 4148 εὶς
2647 4081 2987 4136 Φλάϐιον-ὸν
3035 4080 3506 4152 προπεμπτικοῦ.
3537 4107 3614 4122 ——
3678 4079 3743 4134 Τό

2795 4155 3136 4222 Προοίμιον.

2238 4239 2546 4312 Κρείττονά
2581 4257 2646 4312 με
2669 4241 2862 4312 λύραν,
2906 4235 2952 4294 ὦ
3005 4242 3146 4311 φίλε,
3185 4243 3485 4311 κάμνοντα,
3549 4240 3640 4294 ἵνα
3688 4255 3744 4292 σε

2171 4331 2311 4402 μετὰ
2363 4332 2570 4403 Λιϐύην
2621 4334 2981 4404 ἀσπάσωμαι,
3047 4335 3266 4404 φεύγων
3344 4333 3602 4404 ἐξαίφνης
3670 4337 3746 4398 είς

2171 4425 2400 4493 στυγνὸν
2432 4426 2593 4496 μέλος
2622 4427 2955 4501 ἀπέρριψας.
3008 4426 3175 4482 Οὔπω
3207 4429 3270 4481 τὸ
3296 4428 3395 4499 ἔαρ
3439 4426 3617 4496 ὤφθη,
3655 4427 3746 4479 καὶ

466 4523 575 4575 ves;
614 4515 671 4561 et
705 4516 1004 4574 tempestas
1024 4501 1794 4576 Hellespontiacairrumpens
1821 4508 2056 4562 animam

2169 4519 2377 4590 χειμὼν
2411 4520 2828 4591 Ἑλλησπόντιος
2860 4507 3184 4592 προσϐαλὼν
3211 4521 3308 4592 τὴν
3333 4520 3511 4592 ψυχὴν
3534 4522 3744 4590 πήγνυ-

468 4597 778 4653 suﬂocavit.
808 4595 1056 4650 Nondum
1085 4596 1256 4651 solem
1286 4595 1545 4665 vidimus,
1585 4607 1641 4652 et
1677 4599 1857 4653 radios
1904 4615 2061 4654 aver-

465 4702 560 4743 sus
603 4687 856 4752 mutavit,
882 4686 1196 4757 Graecisque
1244 4697 1459 4744 noctem
1507 4691 1767 4746 inducere
1823 4693 2060 4750 minatus

465 4790 572 4835 est.
599 4777 757 4834 Prius
781 4779 1215 4850 ingemiscimus,
1245 4798 1408 4853 quam
1442 4784 1753 4850 riserimus,
1785 4785 1936 4856 prius
1954 4787 2059 4842 diis

467 4873 678 4927 viarum
733 4874 1058 4943 pratsidibus
1110 4886 1233 4930 vcta
1274 4875 1554 4943 dedimus,
1590 4893 1755 4948 quam
1789 4879 2058 4936 sacriﬁcia

468 4974 520 5020 te
553 4966 755 5020 reduce
798 4964 1112 5032 fecerimus,
1165 4970 1470 5025 orationem
1518 4971 1847 5027 timidiorem
1891 4988 2057 5044 quam

464 5058 714 5111 dextram
761 5057 1021 5127 coargui,
1068 5073 1130 5112 ea
1172 5068 1438 5128 praestare
1488 5063 1888 5133 negligentem,
1933 5080 2056 5136 quae

461 5164 588 5206 cera
631 5159 688 5204 et
732 5149 938 5204 ferrum
994 5151 1219 5208 audent.
1272 5153 1504 5224 Semper
1554 5159 1698 5212 enim
1754 5158 1928 5230 gloria
1987 5174 2055 5216 ex

461 5241 646 5297 Africa
678 5242 734 5296 in
763 5240 1031 5298 Graeciam
1063 5243 1304 5313 profecta
1330 5255 1436 5302 est.
1467 5245 1698 5303 Ventum
1724 5250 1945 5321 quidem
1973 5249 2054 5308 fe-

460 5331 536 5387 cit
562 5332 845 5403 jocantem
883 5342 939 5389 et
963 5333 1264 5404 ludentem,
1293 5336 1482 5406 quales
1511 5339 1753 5410 pictores
1785 5342 1839 5396 in
1889 5345 2050 5400 tabu-

2173 4631 2289 4668 σιν·
2325 4614 2480 4669 οὔπω
2511 4617 2602 4668 τὸν
2627 4615 2779 4686 ἥλιον
2807 4616 3045 4686 εἴδομεν,
3079 4616 3173 4668 καὶ
3215 4615 3314 4678 τάς
3367 4616 3595 4676 ἀκτῖνας
3635 4613 3746 4666 ἑτέ-

2170 4721 2313 4776 ρωσε
2345 4706 2543 4759 κλίνων
2565 4707 2781 4761 ἀπειλεί
2811 4707 2985 4761 νύκτα
3044 4709 3294 4780 ποιήσειν
3330 4711 3444 4772 τοῖς
3504 4707 3739 4780 Ἕλλησι.

2169 4795 2308 4866 Πρὶν
2335 4798 2613 4865 μειδιᾶσαι
2650 4799 3050 4871 στυγνάζομεν,
3077 4802 3208 4872 πρὶν
3264 4800 3534 4872 ὲπιδήμια
3595 4799 3740 4853 θῦσαι

2169 4884 2311 4951 θεοῖς
2333 4889 2555 4956 ἐνοδίοις
2572 4891 2866 4963 εὐχόμεθα.
2906 4894 3114 4963 Λόγους
3147 4893 3204 4947 δὲ
3232 4895 3414 4964 χειρὸς
3461 4893 3734 4963 ἀτολμοτέ-

2169 4996 2296 5050 ρους
2328 4980 2671 5052 ἐλέγχεσθαι,
2697 4985 2990 5049 ὀκνοῦντας
3019 4987 3189 5038 ποιεῖν
3212 4984 3247 5038 ἃ
3271 4985 3441 5056 κηρός
3466 5001 3528 5036 τε
3582 4984 3736 5037 ἐθέλει

2168 5073 2262 5124 atati.
2293 5073 2535 5146 σίδηρος.
2563 5076 2781 5130 Διέπλει
2801 5077 2848 5110 ’³
2871 5079 2982 5148 γὰρ
3007 5077 3094 5131 ἀεὶ
3130 5078 3192 5130 τὸ
3223 5077 3379 5140 κλέος
3411 5079 3520 5130 ἀπο
3543 5077 3741 5144 Λιὸύης

2166 5166 2247 5228 εἰς
2286 5165 2578 5238 Ἕλληνας.
2608 5170 2721 5241 Τὴν
2749 5172 2848 5242 μὲν
2873 5169 3049 5242 αὔραν
3089 5171 3262 5225 ἐποίει
3295 5171 3390 5225 καὶ
3431 5168 3738 5242 τεθρυμμέ-

2163 5275 2283 5328 νην,
2304 5259 2402 5312 καὶ
2433 5255 2756 5328 παίζουσαν,
2779 5264 2896 5328 οἵας
2935 5264 3034 5328 τὰς
3081 5262 3255 5326 Λυδὰς
3277 5263 3324 5294 ’⁸
3378 5263 3594 5316 ποιοῦσι
3648 5262 3742 5327 ξω-

2163 5353 2369 5424 γράςροι
2423 5355 2568 5410 κατά
2614 5355 2862 5412 πινάκων
2939 5356 3102 5428 τέχνη
3162 5355 3404 5428 μεθύσας
3428 5357 3496 5411 ’⁸ο
3536 5355 3740 5426 Μικρὸν

1782 5477 2022 5538 νΑιιυΕ
2055 5484 2354 5544 LECTION
2362 5489 2466 5548 ES.

570 5559 904 5637 ⁸⁸άτρακτος]
955 5565 1197 5636 ἀρακτον
1217 5565 1282 5637 C.

1392 5565 1434 5596 "
1458 5566 1598 5646 αὕτη
1624 5571 1706 5646 ἀ.]
1737 5574 1907 5646 αὐτήν
1932 5578 1986 5630 ά.
2017 5578 2083 5632 Α.

2186 5580 2229 5613 ⁸⁸
2255 5583 2458 5657 κρίνων
2488 5615 2571 5657 _~_—
2608 5584 3000 5657 σταθμώμενος
3124 5602 3136 5638 ε
3174 5585 3360 5656 κρίνον
3385 5615 3452 5627 ”
3489 5583 3736 5657 σταθμρ-

462 5647 747 5726 ξξεξξζξςμ
797 5637 843 5726 ίῘ
855 5636 1132 5726 ,σρφξῗεοῖῖ
1263 5637 1457 5726 σρφιαῖ
1469 5636 1720 5726 $06811?-
1769 5647 1842 5726 _'°
1863 5636 2219 5726 ’ἀμείῇιαντας
2245 5636 2462 5726 codices
2488 5636 2634 5710 Ηίηι.
3285 5636 3288 5637 ν
3310 5636 3321 5638 -
3341 5636 3386 5687 Π
3417 5656 3508 5708 καὶ
3526 5636 3637 5708 om:

461 5701 752 5802 ἶέγλίέξῖσα
813 5705 912 5802 is:
948 5701 1247 5802 ’τῖοεητικάξ
1278 5701 1382 5802 ,τίθ-
1714 5701 1944 5784 μύσταιξ
1998 5701 2037 5774 ά

537 5771 777 5842 μεθύσας
809 5777 876 5840 Α,
911 5771 1246 5846 μεθύσαντες
1277 5778 1346 5850 C,
1376 5778 1682 5850 μεθυούσας
1781 5826 1800 5856 ν

2067 5737 2078 5772 :
2123 5724 2218 5777 καὶ
2257 5723 2491 5794 φύσταις
2535 5745 2596 5792 ς.

2704 5728 2750 5760 ³³
2783 5722 3013 5798 διέπλει]
3052 5722 3202 5780 ἔπλει
3241 5729 3310 5783 Δ.
3413 5727 3460 5760 ³⁸
3491 5726 3644 5789 λύδας
3667 5722 3727 5784 C.
