3924 6460
225 341 364 405 1381

1314 334 1909 397 BIBLIO’I‘HECAr-
1929 334 2093 394 COD.
2134 335 2423 399 CCXLIV.

3381 336 3519 400 1382

218 449 317 506 οὖν
338 446 771 509 άναδιῦάσαντες
793 445 858 499 ἐκ
886 445 1056 517 μέσου
1082 444 1174 498 τὸν
1222 446 1407 514 λόγον,
1468 442 1587 498 εἶτα
1623 444 1804 513 ῥυῆναι

1922 442 1989 495 lis
2015 441 2249 495 artiﬁcio
2292 457 2392 497 suo
2424 440 2602 497 ebrias
2637 439 2815 513 Lydas
2839 440 3066 497 faciunt.
3096 440 3295 498 Parum
3345 442 3511 514 igitur

217 541 368 595 κατὰ
400 536 668 607 Λιϐύης²⁶
700 536 957 604 ἐάσομεν.
986 537 1130 607 Νικᾷ
1173 536 1230 590 δὲ
1249 537 1444 600 οὐδεὶς,
1477 538 1561 589 ὅτι
1584 536 1652 589 τὰ
1683 535 1817 588 πάν·

214 651 285 686 τα
304 634 351 665 ⁸⁷
390 629 749 699 θαυμάζεται.
796 627 940 680 Ἀλλ’
973 628 1002 680 6
1042 628 1199 696 λόγος
1225 630 1333 699 γὰρ
1362 630 1407 659 ’⁸
1436 626 1816 697 ἀκολουθήσας

216 724 298 793 τῷ
332 721 484 791 πόθῳ
519 720 711 791 ὥσπερ
759 720 866 771 τινὶ
901 718 1063 789 βιαίῳ
1122 720 1377 789 ῥεύματι,
1432 719 1630 789 μικροῦ
1679 718 1815 788 πρὸς

214 814 416 883 ἑτέραν
493 810 609 863 ὁδὸν
682 807 1067 879 μετωχετεύθη
1127 809 1448 879 φερόμενος.
1510 806 1674 879 [HM
1716 803 1813 876 R.]

227 902 603 958 Ἐπανακτέον
624 897 719 955 οὖν
756 903 850 955 ἐπὶ
875 903 1085 972 Λιϐύην
1106 904 1150 933 ²⁹
1188 902 1276 954 τὸν
1305 901 1485 969 λόγον.
1543 899 1811 969 Ἦλέγχθη

214 991 494 1063 Περικλῆς
533 993 613 1054 είς
645 991 819 1044 πειθὼ
838 993 1114 1063 δεύτερος,
1146 993 1390 1063 ἠλέγχθη
1430 992 1486 1045 δὲ
1541 992 1811 1061 Θεμιστο-

214 1089 353 1157 κλῆς
376 1090 454 1150 εἰς
492 1087 719 1156 γνώμης
749 1087 915 1159 τάχος
938 1088 1303 1158 ἀμϐλύτερος,
1350 1088 1446 1141 καὶ
1473 1087 1699 1139 Πλάτων
1731 1086 1812 1148 εἰς

215 1181 406 1249 φύσιν,
436 1181 531 1232 καὶ
564 1178 742 1230 Σόλων
766 1179 847 1242 εἰς
877 1178 1075 1249 νόμους
1118 1194 1131 1208 ·
1161 1179 1258 1233 καὶ
1292 1180 1493 1239 πάντες
1518 1177 1696 1230 ἴσασιν
1727 1177 1811 1229 ὅτι

213 1262 295 1331 εἷς
335 1267 569 1329 ἕκαστος
597 1267 672 1329 ὡς
708 1266 887 1336 μόνοις
913 1268 987 1331 ὡς
1033 1270 1199 1323 πᾶσιν
1229 1266 1403 1331 οὕτως
1425 1269 1468 1300 ³⁰
1495 1268 1807 1336 ἀγάλλεται.

212 1357 279 1410 Τί
302 1358 527 1428 δράσω;
562 1356 627 1410 Τί
665 1358 722 1410 δὲ
756 1357 1139 1428 βουλεύσωμαι
1166 1360 1243 1425 ³¹;
1286 1360 1573 1431 ’Ύπαρχον
1606 1359 1809 1430 πέμψω

223 1450 556 1519 Ῥωμαίοις;
588 1449 784 1519 χλιδῶν
808 1451 863 1504 δὲ
901 1453 961 1521 ὃῆ
974 1470 1071 1521 μος
1099 1453 1297 1522 σεμνὸν
1338 1453 1440 1507 ούκ
1469 1448 1611 1507 οἶδεν
1660 1452 1808 1524 ἡνίοο

208 1561 327 1615 χον.
356 1544 712 1614 Δυσχεραίνει
749 1562 838 1615 μοι
866 1544 1027 1615 τάχα.
1056 1546 1361 1618 Καρχηδὼν
1394 1549 1487 1600 καὶ
1510 1546 1665 1609 πόλις
1714 1546 1807 1599 ἐπὶ

209 1637 421 1706 Λιϐύην
468 1636 535 1689 δι’
565 1638 768 1708 ἀρετήν
828 1654 960 1691 ποτε
994 1638 1135 1692 κατά
1185 1638 1403 1708 Ῥώμης
1461 1640 1803 1711 φρονήσασα,

210 1730 365 1792 πόλις
412 1729 644 1784 Ἰταλίαν
674 1731 801 1803 ὃλην
835 1734 948 1795 τοῖς
984 1732 1183 1802 ἑαυτῆς
1237 1731 1463 1785 κάλλεσι
1510 1732 1802 1803 βόσκουσα,

1922 535 2224 588 orationem
2257 549 2288 589 e
2332 536 2512 589 medio
2548 537 2853 599 trahemus,
2889 544 2943 590 et
2974 535 3165 590 deinde
3215 535 3284 591 de
3323 537 3510 593 Africa

1922 625 2095 681 lihere
2132 626 2301 683 ﬂuere
2337 626 2742 696 permittemus.
2782 626 2954 682 Nemo
2996 628 3189 693 vincit,
3230 631 3355 697 quia
3392 647 3512 683 oin-

1920 718 2009 771 nia
2048 719 2379 783 adtniralur,
2415 719 2506 772 sed
2546 717 2725 771 oratio
2766 733 3007 772 amorem
3040 728 3225 772 secota
3255 728 3509 787 tanquam

1920 813 2216 867 violentum
2258 812 2487 866 ﬂuxum.
2528 811 2725 865 Parum
2761 814 2827 866 ad
2863 812 3024 865 aliam
3054 813 3193 863 viam
3220 812 3396 865 delata
3423 815 3516 865 de-

1920 900 2102 955 ﬂexit.
2148 902 2477 957 Reducenda
2520 902 2686 971 igitur
2722 902 2895 955 oratio
2939 902 3006 955 ad
3052 901 3318 957 Africam.
3360 904 3515 958 Pori-

1917 994 2027 1048 cles
2075 1004 2367 1048 accusatus
2405 1003 2487 1047 est
2528 1005 2585 1047 ut
2616 993 2927 1061 eloquentia
2961 994 3166 1047 nemini
3213 996 3509 1058 secundus,

1917 1092 2209 1141 accusatus
2239 1095 2322 1139 est
2362 1085 2785 1148 Themistocles,
2814 1094 2873 1138 ut
2906 1095 3092 1137 mente
3117 1086 3320 1138 tardior
3348 1096 3512 1153 atque

1915 1178 2187 1244 obtusior,
2230 1177 2384 1233 Plato
2418 1187 2648 1248 prapter
2699 1177 2999 1248 ingenium,
3036 1176 3102 1228 ob
3134 1175 3284 1245 leges
3322 1175 3509 1241 Solon,

1915 1280 1969 1325 et
2006 1280 2207 1327 norunt
2237 1285 2445 1336 omnes,
2476 1284 2920 1338 unumquemque
2962 1277 3018 1321 ut
3044 1269 3195 1329 solis,
3239 1278 3297 1321 ιιι
3327 1269 3509 1321 omni-

1914 1364 2016 1419 bus
2054 1365 2133 1417 sic
2165 1367 2463 1417 exsultare.
2513 1362 2653 1428 Quid
2694 1360 2937 1414 faciam?
2986 1360 3114 1427 quid
3150 1359 3364 1414 consilii
3409 1375 3503 1414 ca-

1914 1454 2108 1524 piam?
2149 1453 2359 1507 Mittam
2423 1453 2616 1507 ducem
2671 1450 2971 1506 Romanis?
3021 1452 3227 1506 Lautus
3274 1454 3509 1522 populus

1914 1547 2159 1602 sobrium
2195 1545 2405 1614 ignorat
2439 1545 2711 1615 aurigam.
2746 1544 3012 1600 Celeriter
3056 1546 3185 1599 mihi
3233 1546 3510 1617 Carthago

1913 1641 2247 1710 indignatur,
2294 1639 2425 1692 urbs
2483 1653 2645 1707 supra
2690 1637 2934 1692 Africam
2976 1639 3045 1693 ob
3090 1639 3346 1694 virtutem
3394 1641 3507 1696 Ro-

1913 1748 2089 1787 mante
2110 1731 2262 1786 urbis
2307 1728 2530 1793 aemula,
2566 1730 2697 1785 urbs
2744 1740 2911 1783 totam
2948 1727 3154 1783 Italiam
3190 1731 3306 1786 suis
3340 1746 3508 1785 0rna~

212 1823 366 1885 πόλις
400 1823 555 1894 παρὰ
586 1824 841 1877 τοσοῦτον
873 1825 933 1877 ού
994 1825 1185 1896 πρώτη
1238 1823 1370 1895 παρ’
1417 1827 1541 1878 ὅσον
1585 1823 1803 1896 Ῥώμην

1912 1825 2106 1877 mentis
2137 1824 2456 1891 depascens,
2485 1821 2616 1875 urbs
2662 1830 2883 1888 propter
2914 1820 2965 1872 id
3000 1836 3103 1873 non
3135 1822 3334 1890 prima,
3376 1837 3506 1891 pro-

213 1915 556 1986 αἰσχύνεται.
587 1916 907 1969 Κινδυνεύει
942 1935 1032 1985 μοι
1066 1917 1221 1981 πόλις
1252 1917 1486 1987 μεγάλη,
1511 1917 1607 1971 καὶ
1637 1918 1800 1989 ἦπεις

214 2024 304 2077 ρος
328 2005 424 2076 ὅλη
458 2007 714 2077 πονηροῖς
741 2006 1074 2076 κυϐερνᾶται
1119 2008 1230 2069 τοῖς
1266 2007 1431 2071 οἴαξι.
1490 2006 1804 2078 Πέμψωμεν

212 2097 370 2150 αὑτὸν
398 2095 491 2149 τὸν
526 2096 701 2165 μέγαν
726 2096 824 2166 τῆς
852 2096 1009 2164 νίκης
1026 2096 1071 2126 ³¹
1119 2096 1353 2166 ἡνίοχον.
1402 2097 1586 2164 Ἔγνω
1629 2095 1805 2149 ταῦτα

214 2189 494 2260 βασιλεὺς,
528 2190 622 2241 καὶ
674 2190 876 2260 χρυσαῖ
911 2189 1258 2259 παραχρῆμα
1300 2189 1474 2242 δέλτοι
1505 2188 1603 2261 τὴν
1659 2187 1804 2258 γνώ-

214 2300 317 2352 μην
346 2281 603 2349 ἔφθανον.
647 2281 915 2334 Ἐνταῦθα
941 2280 1035 2334 τοῦ
1076 2280 1236 2350 λόγου
1271 2281 1585 2350 γενόμενος,

217 2371 276 2425 Τί
301 2369 562 2439 πρῶτον,
596 2370 725 2425 τίδ’
750 2371 1034 2437 Earum”,
1095 2372 1153 2425 τί
1204 2371 1258 2426 δ’
1307 2373 1600 2499 ὑστάὲἓὲρ
1623 2390 1803 2429 κατα-

1564 2460 1665 2499 ,ωε

1562 2460 1665 2509 Iw;

213 2533 505 2588 Κινοῦνται
540 2534 640 2605 μὲν
676 2535 787 2607 γὰρ
818 2536 1158 2608 πανταχόθεν
1196 2538 1253 2591 αί
1299 2536 1550 2609 πράξεις,
1594 2537 1684 2590 ῐσα
1742 2536 1801 2591 δὲ

212 2627 406 2691 πάντα,
448 2629 542 2680 καὶ
562 2627 642 2698 τῷ
666 2630 744 2700 μὴ
764 2629 959 2698 λέγειν·
1001 2631 1062 2683 τὸ
1097 2630 1281 2697 λέγειν
1308 2630 1507 2701 ὁμοίως
1567 2630 1796 2700 ἄπορον,

213 2719 288 2772 ὅτι
330 2718 392 2772 τὸ
419 2718 468 2751 ³⁸
516 2721 617 2791 μὲν
665 2722 861 2793 πλήθει
892 2722 954 2775 τὸ
981 2722 1041 2776 δὲ
1077 2722 1302 2792 μεγέθει
1347 2722 1640 2778 κωλύεται.
1698 2724 1802 2776 Λε-

213 2809 363 2863 κτέον
393 2807 494 2863 οὖν
516 2812 615 2881 οὐχ
632 2812 732 2865 ὅσα
759 2812 987 2877 ἔνεστιν,
1014 2813 1129 2867 ἀλλ’
1149 2816 1251 2868 ὅσα
1271 2814 1501 2882 ἔξεστιν.
1536 2813 1802 2884 Ὀρῶντες

211 2898 267 2951 δὲ
295 2899 463 2954 αὑτὸν
494 2902 637 2954 κατὰ
672 2902 768 2954 τοῦ
793 2904 1066 2973 χειμῶνος
1088 2904 1133 2936 ³⁵
1160 2904 1235 2968 ὠς
1275 2906 1419 2957 κατὰ
1444 2905 1688 2976 γαλήνης
1709 2905 1802 2958 τὸν

215 2989 390 3045 στόλον
469 2993 783 3063 πέμποντα,
850 2994 946 3048 καὶ
1008 2996 1151 3050 κατὰ
1213 2997 1477 3068 κυμάτων
1528 2998 1606 3061 ὡς
1658 2996 1801 3051 κατὰ

214 3083 448 3157 [615Η.]
477 3086 715 3156 λιμένων
744 3086 1035 3158 άθύροντα,
1076 3090 1125 3142 οἱ
1176 3090 1274 3159 μὲν
1310 3090 1386 3153 ὡς
1422 3090 1622 3160 δριμὺν
1666 3092 1798 3161 ὲρα-

215 3177 338 3245 στὴν
375 3176 633 3238 ἐπόθουν,
663 3180 711 3231 οἱ
737 3178 793 3231 δὲ
820 3177 1073 3249 ἔφριττον
1098 3181 1174 3243 ὼς
1211 3183 1347 3234 πᾶσι
1371 3182 1560 3251 φόϐοις
1599 3183 1802 3253 άῆττη-
1827 3163 1871 3222 (ἶ

212 3284 318 3323 τον.
354 3269 666 3341 Κρείττονα
691 3271 922 3343 πομπὴν
948 3273 1048 3343 τῆς
1093 3272 1393 3342 Ἡφαίστου
1449 3274 1795 3344 ἐπόμπευον.

224 3360 474 3432 Ἀντήχει
508 3361 568 3414 δὲ
595 3362 766 3432 δῆμος
810 3362 1020 3433 κύμασι
1044 3364 1112 3427 ³⁸,
1149 3366 1248 3417 καὶ
1301 3364 1468 3435 ῥοθίῳ
1490 3364 1688 3435 κρότος
1738 3366 1803 3417 ἐκ

212 3453 422 3519 πόλεως
450 3472 465 3486 ο
501 3455 600 3507 καὶ
632 3455 806 3525 ψόφον
854 3456 1135 3526 θαλάσσης
1182 3456 1281 3527 βοὴ
1324 3457 1673 3528 Καρχηδόνος
1714 3456 1804 3521 ἐξ-

210 3545 468 3615 ἐπληττε.
506 3547 848 3619 Συγγνώμην
881 3548 938 3601 δὲ
964 3550 1109 3611 ἄπας
1136 3548 1310 3620 ἐχέτω
1341 3550 1436 3602 καὶ
1480 3548 1663 3620 γέρων
1706 3551 1801 3602 καὶ

210 3639 341 3704 νέος,
376 3657 402 3692 ε
422 3640 436 3692 ί
458 3638 563 3710 ἔπη
602 3639 915 3711 φθέγγομαι
935 3640 981 3672 ³⁷
1002 3657 1015 3672 ·
1049 3636 1160 3694 οἶδε
1189 3641 1319 3712 γὰρ,
1370 3637 1510 3694 οἶδεν
1534 3640 1675 3711 ἔρως
1706 3641 1801 3694 καὶ

211 3729 361 3799 λόγον
396 3734 582 3785 ποιεῖν
639 3733 956 3803 αὐτόνομον.
1012 3725 1181 3797 Οὗτος
1216 3734 1371 3787 νόσον
1424 3734 1652 3804 ἐνόσησε
1700 3734 1800 3804 τῆς

222 3822 313 3889 μὲν
345 3821 551 3876 ἑαυτοῦ
598 3821 770 3893 τύχης
808 3824 1059 3893 μείζονα,
1114 3824 1215 3893 τῆς
1283 3825 1340 3878 δὲ
1376 3824 1645 3896 πονηρίας
1700 3826 1800 3895 οὐχ

214 3912 425 3980 ἥττονα.
465 3912 576 3966 Καὶ
603 3914 679 3984 μὴ
712 3914 975 3987 θαυμάσῃ
997 3931 1083 3977 τις
1104 3915 1155 3967 εἰ
1189 3914 1364 3969 ταῦτα
1415 3917 1623 3979 ἐκεῖνος
1659 3918 1802 3971 κατὰ

216 4004 414 4058 τοιοῦδε
450 4005 645 4075 ἀνδρὸς
674 4006 953 4076 ἐνόσησεν.
992 4006 1238 4060 ’Δνωθεν
1262 4009 1402 4062 κατὰ
1426 4008 1534 4061 τῶν
1559 4007 1800 4079 ἀρίστων

218 4097 492 4168 ἀρχόντων
519 4100 634 4162 τοῖς
652 4099 903 4154 ἐλάττοσι
935 4100 1130 4170 φθόνος
1151 4102 1369 4171 φύεται.
1412 4102 1801 4169 Ἐσυκοφάντει

221 4187 489 4257 Περικλέα
519 4188 730 4255 Κλέων,
772 4188 944 4259 ἔφυγε
984 4190 1182 4255 Νικίας
1218 4190 1570 4261 ⁹Υπέρ6ολον,
1610 4192 1801 4261 Δημά-

219 4276 309 4346 δης
359 4279 403 4331 δ’
456 4279 642 4353 ἔκρινε
698 4283 1075 4355 Δημοσθένην.
1119 4283 1382 4352 Κλεοφῶν
1452 4284 1801 4354 Ἀλκιϐιάδην

219 4373 510 4443 ἐγράφετο,
552 4374 693 4445 ἀνὴρ
730 4376 989 4447 ἐλοιδόρει
1025 4376 1409 4447 Θεμιστοκλέα
1464 4376 1716 4448 Σερίφιος
1731 4378 1797 4432 ³⁸.

1909 1922 2031 1979 pter
2057 1912 2200 1981 quod
2227 1909 2456 1964 Romam
2488 1918 2727 1965 veretur.
2757 1908 3106 1965 Periclitatur
3142 1912 3272 1965 mihi
3303 1928 3499 1981 magna

1909 2004 2059 2069 urbs,
2093 2011 2147 2058 et
2180 2013 2292 2058 tota
2327 2003 2619 2057 continens
2646 2002 2788 2057 male
2832 2003 3195 2072 gubernatur.
3231 2002 3508 2059 Mittamus

1910 2095 2082 2164 ipsum
2128 2111 2385 2165 maguum
2432 2095 2676 2149 victoriae
2712 2095 2982 2163 aurigam.
3028 2093 3193 2148 Novit
3241 2096 3355 2151 hate
3386 2113 3506 2161 rex,

1907 2194 1963 2240 et
1998 2202 2179 2241 aurcze
2212 2189 2399 2241 statim
2448 2186 2663 2241 tabellae
2718 2186 3044 2240 sententiam
3087 2200 3505 2256 praecesserunt.

1907 2279 2041 2333 Cum
2073 2279 2176 2333 httc
2207 2280 2261 2333 in
2291 2279 2542 2333 oratione
2582 2279 2885 2344 venissem,
3398 2286 3407 2294 '

1982 2369 2126 2435 Quid
2175 2371 2425 2439 primum,
2468 2371 2595 2440 quid
2634 2370 2823 2424 deinde
2859 2387 3085 2439 canam,
3127 2389 3230 2442 quo
3251 2374 3380 2517 [ηε
3411 2377 3504 2501 2si-

3295 2463 3320 2497 e
3360 2462 3389 2498 ο

3295 2462 3389 2498 €00

1905 2532 2201 2587 Monentur
2260 2534 2406 2587 enim
2454 2533 2696 2603 undique
2753 2536 3010 2605 negotia,
3056 2538 3265 2606 aequale
3322 2547 3409 2591 est
3451 2548 3508 2593 et

1907 2626 2131 2681 dubium
2162 2627 2363 2698 377a
2389 2641 2541 2696 aeque
2566 2636 2620 2681 et
2657 2642 2760 2680 non
2789 2627 2995 2694 dicere,
3029 2636 3084 2682 ct
3115 2628 3299 2683 dicere
3332 2646 3346 2682 :
3400 2629 3505 2685 hoc

1907 2719 2272 2783 multitudine,
2295 2720 2423 2774 illud
2465 2734 2596 2774 vero
2627 2719 3003 2790 magnitudine
3037 2722 3379 2791 prohibetur.
3410 2722 3503 2777 Di-

1905 2812 2137 2865 cendum
2166 2812 2330 2880 igitur
2358 2827 2465 2866 non
2493 2814 2636 2881 quod
2678 2828 2763 2867 res
2793 2822 2898 2876 est,
2922 2814 3015 2867 sed
3039 2816 3183 2883 quod
3226 2814 3374 2871 licet.
3404 2813 3500 2871 Vi-

1905 2904 2095 2959 dentes
2121 2914 2299 2959 autem
2327 2905 2578 2959 eumdem
2604 2919 2704 2976 per
2740 2914 2953 2972 pratum
2982 2916 3040 2958 ut
3067 2920 3166 2975 per
3189 2906 3501 2976 tranquilli-

1904 3003 2070 3049 tatem
2109 2995 2341 3050 classem
2379 2997 2672 3061 instruere,
2704 3006 2759 3051 et
2792 2996 2842 3049 in
2878 2995 3134 3052 ﬂuctibus
3167 3006 3425 3067 tanquam
3448 2999 3501 3054 in

1906 3096 2069 3158 portu
2102 3088 2399 3153 ludentem,
2440 3088 2495 3143 hi
2529 3089 2750 3158 quidem
2777 3098 3036 3158 tanquam
3064 3103 3247 3143 aerem
3285 3101 3499 3145 amato-

1910 3196 2022 3234 rem
2050 3180 2399 3245 fdesiderant,
2450 3180 2502 3233 hi
2553 3189 2802 3235 metuunt
2848 3190 3109 3250 tanquam
3152 3181 3300 3236 omni
3352 3191 3501 3239 metu

1905 3276 2276 3340 superiorem,
2327 3271 2767 3326 excellentiorem
2823 3288 3076 3343 pompam
3128 3274 3283 3327 duxit
3336 3290 3500 3345 quam

1905 3361 2202 3417 Vulcanus.
2239 3361 2441 3417 Contra
2484 3360 2680 3417 ﬂuctus
2717 3375 2877 3417 sonat
2921 3364 3172 3433 pepulus,
3218 3373 3274 3419 et
3304 3376 3498 3420 contra

1904 3455 2163 3523 impetum
2212 3452 2503 3522 applausus
2553 3468 2617 3507 ex
2672 3452 2842 3517 urbe,
2890 3463 2945 3509 et
3002 3455 3279 3508 fremitum
3330 3456 3500 3510 maris

1902 3545 2346 3613 Carthaginensis
2371 3545 2578 3598 clamor
2599 3544 2910 3613 complevit.
2946 3544 3172 3599 Veniam
3209 3545 3339 3598 dent
3380 3560 3501 3598 onu-

1904 3655 2023 3707 nes,
2054 3650 2109 3695 et
2155 3654 2318 3694 senex
2359 3650 2413 3693 et
2454 3636 2693 3706 juvenis,
2741 3642 2789 3693 si
2842 3638 3021 3693 adhuc
3066 3638 3279 3707 loquar.
3327 3637 3501 3693 Scivit

1901 3735 2047 3789 enim
2090 3733 2256 3789 scivit
2296 3746 2455 3786 amor
2488 3733 2798 3787 orationem
2836 3732 3113 3801 propriam
3160 3731 3365 3786 facere.
3399 3730 3502 3786 llic

1904 3827 2095 3881 morbo
2122 3824 2390 3880 laboravit
2417 3822 2627 3892 majore
2646 3838 2808 3892 quam
2837 3821 3056 3876 fortuna
3077 3837 3173 3876 sua
3193 3830 3499 3892 pateretur,

1899 3918 2190 3987 iniquitate
2222 3932 2329 3971 non
2366 3916 2601 3970 minore.
2644 3912 2709 3968 Et
2751 3928 2884 3969 vero
2934 3927 3098 3968 nemo
3148 3913 3383 3967 miretur
3425 3928 3499 3968 an

1901 4012 2017 4066 hare
2054 4011 2143 4065 ille
2174 4020 2366 4065 contra
2397 4009 2546 4062 hunc
2568 4008 2746 4061 virum
2776 4021 2940 4059 ausus
2971 4004 3159 4060 fuerit.
3194 4004 3309 4059 Viri
3338 4006 3496 4067 boni,

1900 4104 1992 4174 qui
2026 4112 2153 4157 ante
2184 4116 2282 4156 nos
2321 4104 2561 4166 fuerunt,
2599 4114 2631 4154 a
2686 4099 2850 4153 malis
2884 4097 3200 4152 hominibus
3249 4099 3495 4152 accusati

1902 4204 2050 4251 sunt.
2091 4193 2389 4247 Accusavit
2418 4190 2687 4247 Periclem
2716 4190 2904 4254 Cleon,
2943 4189 3082 4259 fugit
3128 4187 3497 4257 Hyperbolum

1904 4286 2108 4349 Nicias,
2143 4286 2198 4339 in
2247 4285 2460 4338 crimen
2499 4284 2716 4337 vocavit
2745 4281 3014 4336 Demades
3052 4277 3499 4343 Demosthenem,

1903 4378 2186 4449 Cleophon
2250 4376 2595 4430 Alcibiadem
2664 4371 3009 4442 proscripsit.
3068 4370 3166 4425 Vir
3212 4369 3499 4438 Seriphius

218 4463 305 4533 Τῷ
330 4467 436 4535 γὰρ
467 4466 865 4537 ὑπερϐάλλοντι
894 4469 993 4539 τῆς
1015 4469 1185 4540 τύχης
1203 4468 1549 4538 φθονοῦντες,
1573 4469 1637 4522 τὸ
1651 4468 1804 4522 ὲλατ-

1912 4470 2246 4525 conviciatus
2271 4476 2356 4521 cst
2402 4463 2782 4520 Themistocli.
2816 4460 2950 4515 Nam
2981 4460 3075 4528 qui
3118 4458 3496 4513 excellentiori

218 4555 475 4626 τούμενον
503 4559 602 4630 τῆς
632 4559 790 4624 ἀξίας
828 4561 1048 4614 ἀνισοῦν
1079 4560 1270 4632 θράσει
1301 4560 1600 4630 βιάζονται.
1630 4559 1800 4615 Ἔνθα

1912 4560 2142 4616 fortunae
2164 4558 2425 4623 invident,
2447 4563 2646 4624 cogunt
2674 4555 2913 4605 audacia:
2947 4551 3259 4618 adtequare.
3304 4545 3492 4616 Digni-

216 4642 277 4715 δὴ
312 4648 402 4699 καὶ
436 4648 675 4719 μάλιστα
703 4650 908 4717 ἔδειξεν
940 4650 1064 4704 ὅσον
1088 4651 1150 4705 τὸ
1180 4650 1345 4723 μέσον
1369 4651 1573 4724 ἀρετῆς
1607 4669 1668 4705 τε
1702 4653 1798 4707 καὶ

219 4738 521 4810 πανούργου
558 4740 765 4810 τρόπου
796 4741 1159 4813 καθέστηκεν.

932 4832 1103 4887 ΣΜΔ’.

401 4917 517 4988 Τῆς
549 4921 842 4991 Διοδώρου
885 4923 1289 4994 βιϐλιοθήκης
1322 4928 1589 4999 enioy-al.

304 5008 732 5084 Ανεγνώσθησαν
750 5014 849 5083 τῆς
872 5015 916 5046 ³’
939 5015 1207 5089 Διοδώρου
1226 4996 1629 5091 βιϐλιοθήκης
1649 4996 1815 5078 ἄλλοί

219 5110 277 5147 τε
305 5098 451 5169 λόγοι
481 5105 574 5156 καὶ
606 5104 635 5155 6
654 5101 732 5174 λβ’
763 5103 858 5157 καὶ
888 5102 981 5168 λδν,
1010 5104 1104 5159 καὶ
1131 5104 1160 5157 6
1192 5112 1242 5176 μ’
1255 5106 1303 5137 ⁴⁰
1330 5108 1426 5160 καὶ
1458 5110 1486 5161 6
1519 5109 1632 5179 μη’,
1658 5113 1751 5162 καὶ
1770 5112 1799 5164 6

1908 4658 2077 4706 tatem
2119 4648 2383 4703 minorem
2403 4643 2624 4708 virtutis
2650 4650 2707 4695 et
2732 4637 3049 4694 calliditatis
3082 4634 3387 4694 constituit.

2573 4818 2842 4877 CCXLIV.

2270 4916 2318 4971 E
2351 4914 2585 4970 Diodoro
2619 4913 2798 4969 Siculo
2838 4911 3126 4979 Excerpta.

1976 5012 2232 5068 Diversos
2276 5023 2308 5064 e
2358 5006 2581 5061 Diodori
2635 5004 2958 5059 Bibliotheca
2994 5002 3111 5074 (55)
3157 5002 3326 5057 libros
3357 5002 3497 5073 legi-

1907 5120 2052 5173 mus,
2090 5100 2427 5159 tricesimum
2466 5098 2770 5155 secundum
2800 5095 3164 5169 [tricesimum
3184 5093 3493 5166 quartum],

1503 5265 1739 5322 VARIAS
1781 5262 2188 5321 LECTIONES.

293 5354 544 5437 1613512“
572 5356 635 5414 c,
710 5359 754 5390 ﬂ
785 5355 987 5437 πάντα]
1014 5354 1235 5437 πάντων
1264 5356 1329 5437 C_.
1405 5357 1578 5437 "13:3
1613 5375 1722 5413 om.

1458 5430 1503 5459 ³³
1527 5425 1571 5480 δ’
1599 5439 1727 5485 ante
1753 5431 1946 5483 ἔπειτα
1967 5444 2077 5481 om.
2111 5425 2173 5481 C.

224 5421 655 5510 :‘nﬂouitstiégpat
678 5446 752 5510 ςτι
890 5421 1072 5510 νίὶης]
1099 5427 1256 5510 δίκης
1281 5428 1344 5510 εὶ..

1919 5358 1964 5391 ιο
1989 5356 2083 5411 ἐπὶ
2112 5332 2210 5425 ἒὴν
2240 5351 2433 5425 item):
2465 5350 2528 5407 c.
2593 5351 2652 5425 ἐξ
2684 5344 2764 5425 εἷς
2787 5376 2855 5389 —
2880 5345 3081 5425 agt-9;]
3105 5338 3198 5425 eis
3215 5343 3488 5425 neistgus,

2276 5368 2433 5434 ιουην
2465 5368 2528 5407 υ.
2607 5368 2652 5384 "'
2684 5368 2764 5413 εις
2787 5376 2855 5389 ·-
2880 5368 3079 5419 ουτως]
3105 5368 3189 5407 οις
3218 5368 3488 5426 ηιςιδιξιιις,

2270 5425 2317 5456 ⁸⁵
2346 5441 2424 5493 τῳ
2452 5451 2523 5462 -
2559 5419 2642 5493 εδ]
2665 5420 2727 5493 τὸ
2765 5448 2839 5493 ε
2866 5419 2946 5493 τῷ
2987 5416 3050 5472 C-
3136 5416 3199 5493 _"
3223 5430 3494 5493 χειμῳῖος

238 5485 624 5571 ἱνὲηιειιοιΐῇιε
653 5485 818 5571 :vlibri
840 5485 1126 5571 λειμῶνός..
1189 5485 1251 5571 ξε
1279 5498 1450 5571 δῆμος
1482 5501 1593 5571 τοῖς
1624 5499 1833 5571 κύμασι
1867 5518 1929 5565 ς.
2004 5499 2047 5528 ³⁷
2210 5485 2524 5571 φθέγγομαι
2552 5491 2592 5546 C
2612 5485 2641 5556 ,’
2667 5491 2749 5543 ἔτι
2780 5485 3089 5560 φθέγγομαι
3123 5485 3191 5555 Α,
3223 5485 3492 5553 ἐπιφθέγ-

224 5576 459 5632 γομαις.
534 5567 579 5598 ³⁸
602 5569 725 5625 libri
758 5567 1000 5639 σέριφος.
1076 5569 1120 5600 ³⁸
1154 5567 1253 5640 τῆς
1280 5567 1376 5624 ΑΕ
1406 5572 1470 5623 ὲκ
1499 5570 1600 5640 τῆς
1629 5588 1688 5635 ς.

1767 5570 1812 5602 ⁸ο
1842 5563 1939 5624 καὶ
1958 5572 1987 5623 6
2027 5566 2078 5637 μ’
2103 5563 2282 5633 Αζκαὶ
2314 5563 2366 5635 μ’

2401 5561 2474 5617 Βε
2511 5577 2622 5617 om.
2661 5576 2723 5626 ς.

1740 5707 1976 5766 NOTAE.

298 5786 406 5859 (55)
456 5794 659 5853 Inserta
708 5797 821 5854 haec
854 5795 915 5853 L.
966 5797 1341 5855 Rhodomanni
1387 5798 1636 5855 editioni.
