3924 6430
412 306 550 368 1383

1566 298 1833 361 PIIOTII
1872 294 2381 363 PATRIARCILE
2426 294 2536 354 (ΣΡ.

3570 290 3701 356 1384

400 417 885 488 quadragesimum
920 426 1197 477 octavum.
1233 416 1571 469 tricesimum
1616 413 1874 483 priumm,
1906 426 1991 465 se-

2119 405 2180 459 ια’
2214 408 2309 460 καὶ
2334 408 2363 459 ό
2394 406 2439 476 β’
2473 404 2565 458 καὶ
2608 403 2649 457 δ’
2669 402 2710 435 ⁶¹
2762 407 2857 458 καὶ
2890 410 2965 469 ς’,
2995 402 3089 457 καὶ
3113 401 3191 466 λζ’
3213 401 3259 433 δ’
3297 402 3395 455 καὶ
3426 403 3513 472 λη’
3534 396 3702 455 “Juv

402 510 663 572 cundum,
699 518 977 577 quartum,
1015 518 1255 575 sextum,
1295 508 1613 578 septinmm,
1654 516 1932 570 octavum,
1970 520 2001 561 ο

401 604 602 673 quibus
634 603 749 657 lucc
780 600 1194 671 descripsimus.

475 716 651 783 Multi,
698 718 845 787 iique
889 717 1093 772 diversi
1147 717 1442 780 tradidere,
1506 715 1711 771 multos
1749 731 1779 770 e
1820 717 2002 784 specie

402 828 505 882 qua
540 812 754 865 femina:
781 810 1138 879 putabantur,
1173 812 1226 864 in
1258 810 1473 866 virilem
1502 819 1557 863 et
1586 825 1781 865 sexnm
1817 820 1871 865 et
1898 825 1999 863 na-

403 916 579 958 turam
623 904 927 959 transiisse.
966 904 1235 958 Caeterum
1277 903 1544 959 Diodorus
1594 920 1683 960 res
1710 904 2002 959 Alexandri

402 998 780 1069 Caelo-Syria,
830 1006 885 1051 et
930 996 1238 1051 Antiochiae
1299 998 1442 1063 regis
1473 1012 1847 1066 prosequens,
1889 998 2005 1050 lucc

404 1090 471 1143 ad
499 1090 807 1158 prodigium
845 1089 1076 1143 addidit.
1100 1088 1236 1142 Cum
1286 1088 1616 1153 Alexander,
1651 1089 1853 1158 inquit,
1911 1102 1994 1139 vr-

402 1197 523 1237 cms
558 1199 588 1237 e
626 1198 800 1252 pugna
834 1182 885 1236 in
926 1183 1200 1236 civitatem
1233 1181 1448 1235 Arabia:
1481 1182 1628 1237 Abas
1674 1183 1739 1235 ad
1766 1180 2004 1235 Dioclem

404 1289 610 1340 regem,
647 1274 784 1342 apud
812 1288 972 1340 quem
1014 1284 1067 1327 et
1097 1274 1264 1327 filium
1312 1272 1643 1327 Antiochum
1693 1272 1876 1326 adhuc
1910 1272 2001 1325 in-

404 1366 608 1418 fantem
643 1367 989 1432 deposuerat,
1018 1381 1141 1420 cum
1162 1366 1472 1435 quingentis
1499 1365 1803 1435 aufugisset
1830 1406 1846 1431 ,
1876 1381 2006 1421 ecce

404 1460 570 1512 duces
624 1456 696 1509 illi
743 1455 1005 1522 Heliadis,
1051 1458 1140 1526 qui
1185 1472 1306 1512 sese
1340 1458 1653 1513 Alexandro
1704 1458 2005 1526 coniunxe-

404 1562 547 1613 rant,
575 1550 640 1603 de
671 1552 893 1619 proprio
929 1550 1217 1604 commodo
1249 1550 1570 1620 legationem
1602 1548 1803 1620 3771)
1863 1548 2005 1604 clam

402 1643 689 1705 adornant,
724 1650 778 1694 et
811 1640 934 1694 dolo
972 1656 1093 1695 sese
1116 1641 1487 1695 Alexandrum
1562 1653 1857 1695 necaturus
1878 1656 2007 1710 pro-

403 1733 651 1786 mittunt.
703 1733 999 1787 Annuente
1044 1747 1175 1786 vero
1213 1732 1502 1803 postulatis
1554 1732 1851 1799 Demetrio,
1900 1748 2005 1787 non

404 1826 564 1878 modo
587 1840 773 1895 regem
812 1840 969 1879 suum
1002 1826 1383 1895 prodiderunt,
1412 1841 1601 1880 verum
1636 1825 1802 1879 etiam
1834 1826 2002 1879 inter-

407 1916 679 1972 fecerunt.
729 1916 852 1971 Non
898 1928 981 1971 est
1020 1917 1462 1986 przetereundum
1502 1916 1808 1988 prodigium
1850 1916 2006 1981 illud,

403 2010 547 2078 quod
594 2020 827 2064 mortem
875 2010 1171 2063 Alexandri
1229 2008 1542 2075 praecessit;
1605 2009 1733 2062 licet
1776 2008 2011 2061 fortasse

406 2112 629 2170 propter
659 2102 955 2156 novitatem
994 2101 1157 2156 ﬁdem
1192 2104 1462 2158 excedere
1490 2102 1766 2156 videatur.

477 2393 676 2448 Paucis
722 2400 850 2447 ante
882 2391 1096 2455 diebus,
1134 2406 1257 2445 cmn
1300 2390 1452 2462 juxta
1488 2390 1735 2445 Ciliciam
1773 2392 2014 2446 Alexan-

404 2488 505 2540 der
539 2502 635 2540 rex
684 2485 968 2540 oraculum
1006 2484 1338 2547 consuleret,
1385 2487 1527 2553 quod
1570 2484 1842 2554 Apollinis
1880 2485 2016 2538 Sar-

407 2579 627 2648 pedouii
685 2576 945 2646 templum
1007 2575 1209 2631 ibidem
1271 2577 1599 2643 diceretur,
1667 2577 2016 2646 respondisse

406 2672 581 2725 lertur
614 2670 687 2724 illi
731 2671 867 2725 deus
893 2710 908 2731 ,
960 2683 1085 2722 cum
1137 2681 1197 2723 ut
1224 2668 1402 2723 locum
1446 2677 1687 2733 caveret,
1718 2669 1807 2736 qui
1839 2667 2015 2737 gemi-

410 2779 537 2816 mnn
587 2762 748 2817 deum
804 2759 1147 2830 protulisset.
1192 2759 1519 2827 Ambiguum
1555 2767 1683 2813 tunc
1730 2757 2014 2826 temporis,

408 2864 466 2907 et
497 2857 792 2909 obscurum
820 2853 996 2905 visum
1035 2860 1159 2917 est;
1189 2860 1311 2919 post
1363 2850 1509 2920 regis
1550 2859 1731 2903 autem
1762 2858 2015 2915 mortem,

409 2960 599 3000 verum
636 2943 916 2997 oraculum
950 2940 1119 2997 fuisse
1152 2952 1395 3011 emptum
1427 2951 1513 2996 est
1548 2940 1801 3010 intelligi,
1834 2941 1919 2995 his
1952 2942 2017 2997 de

411 3031 623 3086 causis.
660 3031 1000 3101 Diophantus
1034 3031 1254 3100 quidam
1298 3045 1328 3085 e
1360 3029 1674 3085 Macedonia
1700 3031 1753 3084 in
1794 3031 2017 3086 civitate

2103 500 2339 571 ἐκλογὴν
2376 501 2409 569 ἡ
2453 496 2708 569 παροῦσα
2744 498 2957 561 ἑκδοσις
2996 496 3266 567 περιέχει.

2175 702 2299 753 Ὀτι
2332 698 2515 754 πολλοὶ
2550 698 2648 769 μὲν
2671 698 2767 751 καὶ
2793 697 2941 751 ἄλλοι
2977 696 3269 766 ἱστόρησαν
3291 694 3401 749 ἀπὸ
3428 694 3710 764 σχήματος

2102 792 2419 863 γυναικείου
2455 792 2549 845 καὶ
2582 789 2905 860 ὑπολήψεως
2940 790 3021 851 είς
3051 788 3245 858 ἀνδρὸς
3270 788 3367 841 καὶ
3399 788 3595 855 σχῆμα
3623 785 3710 837 καὶ

2106 886 2267 957 φύσιν
2301 884 2648 954 ἀναφανῆναι
2668 900 2682 915 ο
2712 882 2853 952 ἀτὰρ
2886 880 2980 934 καὶ
3010 881 3280 950 Διόδωρος
3310 882 3368 933 ἐν
3401 883 3467 949 τῇ
3498 878 3583 947 λβ¹
3608 876 3714 929 τῶν

2107 978 2361 1051 ἱστοριῶν
2388 980 2613 1031 τοιαῦτα
2643 977 2775 1046 περὶ
2798 975 3004 1047 ταύτης
3032 974 3134 1044 τῆς
3167 973 3543 1043 περιπετείας
3578 974 3716 1024 ἱστο-

2110 1075 2193 1144 ρεῖ
2211 1072 2279 1136 “,
2310 1072 2381 1124 τὰ
2417 1070 2547 1140 περὶ
2580 1067 2929 1136 Ἀλέξανδρον
2975 1070 3065 1121 τὸν
3114 1066 3315 1135 Κοίλης
3364 1066 3574 1135 Συρίας
3627 1066 3715 1116 καὶ

2117 1160 2453 1231 Ἀντιοχείας
2484 1159 2879 1231 βασιλεύσαντα
2894 1156 2939 1190 ⁸⁸
2958 1153 3189 1222 διεξιών.
3216 1153 3353 1223 Φησὶ
3383 1153 3440 1205 δέ
3466 1153 3512 1183 ⁸⁸
3543 1168 3558 1181 ·
3578 1151 3639 1203 '0
3664 1150 3715 1203 ἃ

2120 1255 2471 1325 Ἀλέξανδρος
2503 1254 2609 1306 ἀπὸ
2645 1253 2744 1323 μὲν
2792 1252 2889 1321 τῆς
2925 1249 3105 1319 μάχης
3159 1246 3295 1317 μετὰ
3331 1244 3715 1298 πεντακοσίων

2106 1350 2205 1419 τὴν
2231 1348 2407 1417 φυγὴν
2431 1346 2727 1417 ἐποιήσατο
2751 1345 2847 1413 τῆς
2864 1344 2919 1395 ’Λ
2932 1340 3124 1413 ραδίας
3145 1340 3223 1401 είς
3247 1340 3344 1402 τὰς
3369 1337 3716 1405 καλουμένας

2114 1442 2286 1506 ’Ᾱὸας
2321 1442 2457 1513 πρὸς
2486 1441 2716 1495 Διοκλέα
2759 1440 2849 1493 τὸν
2878 1438 3164 1504 δυνάστην,
3201 1434 3337 1502 πρὸς
3365 1434 3423 1486 ὃν
3455 1429 3529 1503 ἦν
3549 1433 3595 1463 ⁸⁷
3627 1434 3717 1483 καὶ

2109 1537 2200 1589 τὸν
2234 1535 2347 1589 υίδν
2367 1534 2641 1604 ’Δντίοχον
2667 1530 3156 1603 προεκτεθειμένος
3183 1531 3312 1582 ὄντα
3340 1527 3563 1598 νήπιον.
3582 1521 3714 1578 Εἶτα

2110 1631 2159 1684 οἱ
2194 1630 2291 1699 μὲν
2316 1630 2445 1700 περὶ
2468 1629 2559 1681 τὸν
2598 1626 2856 1694 Ἧλιὰδην
2878 1624 3168 1695 ἡγεμόνες,
3192 1624 3240 1677 οἶ
3266 1626 3511 1693 συνῆσαν
3529 1621 3711 1685 Ἀλεξ-

2113 1724 2314 1793 άνδρῳ,
2352 1720 2517 1794 [ii-i5
2552 1719 2643 1793 R.]
2693 1719 2867 1787 λάθρα
2913 1716 3404 1787 διεπρεσϐεύσαντο
3437 1716 3572 1785 περὶ
3614 1713 3711 1781 τῆς

2114 1822 2250 1883 ἰδίας
2306 1818 2623 1888 ἡγεμονίας,
2672 1816 3135 1886 ἐπαγγελλόμενοι
3190 1814 3569 1883 δολοφονήσειν
3624 1811 3711 1863 τὸν

2124 1912 2477 1981 Ἀλέξανδρον
2498 1926 2511 1940 ·
2546 1912 2999 1979 συγχωρήσαντος
3033 1907 3089 1961 δὲ
3117 1906 3212 1960 τοῦ
3241 1904 3557 1975 Δημητρίου
3586 1903 3712 1971 περὶ

2111 1998 2186 2058 ὧν
2222 2003 2432 2073 ἠξίουν,
2461 2005 2523 2056 οὐ
2560 2003 2717 2072 μόνον
2748 2001 3002 2072 προδόται
3034 1999 3126 2053 τοῦ
3163 1998 3423 2069 βασιλέως
3457 1998 3595 2050 ἀλλὰ
3620 1997 3709 2049 καὶ

2114 2100 2295 2167 φονεῖς
2324 2096 2685 2166 ἐγενήθησαν.
2719 2096 2832 2147 Οὐκ
2867 2093 3015 2160 ἄξιον
3058 2092 3112 2145 δὲ
3147 2091 3437 2160 παρελθεῖν
3488 2089 3591 2161 τὴν
3624 2106 3710 2157 γε·

2112 2191 2343 2260 νομένην
2366 2188 2722 2260 περιπέτειαν
2744 2187 2848 2257 πρὸ
2864 2187 2906 2218 ⁸³⁸
2927 2186 3027 2255 τῆς
3054 2186 3404 2255 Ἀλεξάνδρου
3428 2183 3705 2253 τελευτῆς,

2111 2281 2202 2335 διὰ
2239 2280 2295 2333 δὲ
2337 2280 2398 2333 τὸ
2438 2277 2741 2350 παράδοξον
2783 2277 2914 2341 ἴσως
2953 2276 3497 2349 ἀπιστηθησομένην.

2188 2392 2540 2462 Ἀλεξάνδρου
2574 2391 2685 2461 γὰρ
2716 2390 2811 2443 τοῦ
2842 2389 3102 2460 βασιλέως
3133 2389 3306 2461 βραχὺ
3342 2387 3450 2459 πρὸ
3480 2388 3592 2439 τῶν
3623 2387 3708 2437 ἐν·

2120 2484 2374 2540 εστὼτων
2396 2486 2655 2556 χρόνωνχ
2662 2501 2727 2555 ρη
2736 2483 2996 2553 στηριαζο
3004 2482 3165 2553 μένου
3184 2481 3324 2535 κατὰ
3336 2481 3433 2551 τὴν
3450 2480 3702 2534 Κιλικίαν

2117 2577 2248 2633 ἔνθα
2285 2580 2449 2647 φασὶν
2472 2578 2808 2640 Ἀπόλλωνος
2834 2574 3206 2647 Σαρπηδονίου
3240 2574 3384 2645 ἱερὸν
3418 2568 3586 2636 εἶναι,
3620 2574 3709 2624 ἀν-

2116 2671 2257 2724 ελεῖν
2308 2669 2459 2741 αὺτῷ
2496 2669 2713 2737 λέγεται
2756 2669 2848 2722 τὸν
2895 2668 3019 2723 θεὸν
3059 2665 3396 2737 φυλάξασθαι
3428 2665 3521 2717 τὸν
3548 2663 3707 2717 τόπον

2116 2764 2208 2817 τὸν
2238 2764 2532 2831 ἐνεγκόντα
2562 2762 2653 2816 τὸν
2681 2762 2945 2833 δίμορφον
2965 2761 3031 2813 ⁸⁸.
3053 2760 3161 2814 Καὶ
3193 2759 3311 2811 τότε
3330 2758 3429 2828 μὲν
3451 2759 3708 2825 αἰνιγμα-

2116 2855 2260 2926 τώδη
2290 2856 2383 2908 τὸν
2412 2855 2659 2926 χρησμὸν
2703 2850 2842 2908 εἶναι
2873 2853 3045 2920 δόξαι,
3074 2851 3297 2921 ὕστερον
3347 2850 3533 2920 μέντοι
3574 2851 3706 2916 μετὰ

2115 2944 2214 3013 τὴν
2243 2943 2500 3015 τελευτὴν
2546 2943 2641 2997 τοῦ
2688 2943 2952 3014 βασιλέως
2983 2942 3386 3010 ἐπιγνωσθῆναι
3427 2940 3492 2992 τὸ
3532 2938 3706 3007 λόγιον

2118 3036 2205 3090 διὰ
2230 3036 2490 3099 τοιαύτας
2519 3037 2673 3100 τινας
2705 3037 2904 3098 αἰτίας
2940 3036 3052 3106 Τῆς
3086 3035 3344 3105 Ἀραϐίας
3372 3035 3430 3085 ὲν
3461 3034 3581 3095 ταῖς
3613 3049 3707 3084 κα-

409 3124 548 3180 Abis
575 3125 628 3180 in
662 3122 867 3176 Arabia
906 3124 1210 3188 habitabat,
1239 3122 1330 3191 qui
1365 3124 1525 3178 ducta
1553 3138 1726 3177 uxore
1755 3124 2011 3179 Arabissa

2120 3130 2408 3200 λουμέναις
2430 3129 2626 3193 Ἀϐαις
2669 3129 2804 3200 ᾤκει
2849 3147 2931 3193 τις
2977 3129 3270 3198 Διόφαντος
3319 3126 3515 3197 ὄνομα,
3553 3126 3616 3178 τὸ
3649 3125 3703 3177 δὲ

413 3217 584 3272 ﬁlium
627 3216 819 3287 genuit
864 3215 1107 3285 ejusdem
1159 3215 1399 3271 nominis
1446 3216 1834 3285 Diophantum,
1868 3226 1922 3271 et
1957 3218 2019 3270 [i-

411 3310 539 3365 liam
571 3311 794 3364 nomine
826 3308 1143 3364 Heraidcm.
1178 3307 1401 3374 Filium,
1459 3319 1751 3379 antequam
1793 3308 2019 3377 juvene-

411 3408 593 3457 sceret
623 3400 831 3465 amisit,
887 3401 983 3455 sed
1032 3400 1197 3454 ﬁliam
1250 3401 1488 3454 nubilem
1527 3401 1741 3455 cuidam
1773 3400 2015 3457 Samiadi

412 3499 659 3550 doratam
715 3492 1023 3561 deditzqui
1071 3505 1265 3548 exacto
1312 3510 1419 3548 uno
1457 3510 1581 3549 cum
1636 3510 1808 3550 uxore
1849 3510 2015 3559 anno,

415 3586 603 3657 procul
642 3600 672 3639 a
712 3586 875 3640 domo
913 3586 1294 3655 peregrinatus
1338 3596 1444 3641 est.
1493 3586 1690 3641 llerais
1725 3594 1930 3651 autem,
1961 3597 2019 3640 ut

415 3681 640 3744 dicitur,
678 3679 887 3734 interea
923 3678 977 3733 in
1022 3694 1221 3734 novum
1248 3679 1476 3734 omnino
1506 3680 1778 3745 morbum,
1808 3689 1863 3734 et
1886 3694 2019 3735 sane

415 3772 791 3828 incredibilem
824 3772 1039 3827 incidit.
1068 3771 1203 3826 Nam
1236 3774 1430 3843 ingens
1445 3774 1592 3828 circa
1623 3773 1803 3827 alvum
1828 3784 2015 3828 natum

415 3872 502 3917 est
526 3862 705 3928 tuber,
739 3864 882 3931 quod
900 3878 1023 3917 cum
1055 3863 1109 3917 iu
1136 3864 1252 3918 dies
1277 3874 1644 3927 excresceret,
1676 3874 1731 3919 et
1759 3865 1909 3919 locus
1931 3864 2017 3918 in-

428 3962 519 4009 tus
565 3956 1042 4021 coudensaretur,
1083 3956 1440 4011 consuluntur
1483 3958 1701 4013 medici.
1746 3957 1811 4010 Hi
1860 3956 2016 4013 ulcus

417 4048 568 4101 circa
597 4046 799 4101 ostium
823 4047 1000 4101 vulvae
1034 4062 1156 4102 esse
1176 4059 1452 4116 asserunt,
1473 4051 1728 4119 quocirca
1756 4050 2019 4105 adhibent

419 4138 842 4204 medicamenta,
877 4139 1072 4206 quibus
1103 4140 1259 4194 tuber
1284 4141 1385 4197 hoc
1413 4143 2012 4212 possintsupprimere.

421 4230 672 4300 Septimo
697 4241 883 4284 autem
909 4231 999 4285 die
1030 4233 1280 4301 disrupta
1308 4249 1521 4288 summa
1546 4245 1694 4297 cute,
1720 4236 2014 4291 exciditex

420 4322 672 4393 pudendo
716 4322 934 4391 inguem
964 4322 1237 4391 adjunctis
1287 4324 1547 4389 testibus,
1590 4334 1646 4379 et
1686 4326 1801 4380 [nec
1833 4326 2016 4395 ruptio

2121 3222 2277 3290 γένος
2318 3221 2606 3277 Μακεδών.
2642 3215 2813 3286 Οὗτος
2854 3223 3118 3293 ἐγχώριον
3157 3221 3419 3293 ’Δραὸἱαν
3479 3224 3707 3289 γυναῖκα

2120 3319 2307 3390 γήμας
2337 3317 2595 3387 ἐγέννησε
2630 3317 2747 3370 υίδν
2784 3316 2881 3387 μὲν
2908 3317 3199 3386 ὁμώνυμον
3240 3315 3436 3385 ἐαυτῷ,
3466 3314 3596 3387 [616
3619 3313 3706 3387 8.]

2122 3409 2398 3479 θυγατέρα
2423 3409 2481 3462 δὲ
2510 3409 2608 3479 τὴν
2639 3408 3173 3480 προσαγορευθεῖσαν
3210 3407 3460 3478 Ἦραῖδα.
3485 3408 3591 3459 Τὸν
3615 3407 3705 3475 μὲν

2120 3496 2213 3554 οὖν
2246 3500 2360 3553 υἱὸν
2376 3502 2422 3533 ⁵ο
2457 3501 2563 3571 πρὸ
2590 3500 2690 3570 τῆς
2723 3500 2908 3571 ἀκμῆς
2951 3499 3129 3553 ἐπεῖδε
3161 3500 3586 3569 τελευτήσαντα,
3615 3497 3706 3566 τὴν

2119 3591 2176 3645 δὲ
2203 3592 2475 3660 θυγατέρα
2507 3592 2687 3661 γάμου
2719 3589 2947 3661 ἔχουσαν
2971 3590 3122 3660 ὥραν
3152 3591 3443 3659 προικίσας
3469 3604 3707 3656 συγκατ-

2118 3684 2289 3754 ῴκισέ
2335 3700 2443 3735 τινι
2488 3682 2659 3752 ὄνομα
2696 3680 3056 3751 Σαμιάδης⁵¹.
3087 3673 3257 3743 Οὗτος
3298 3680 3395 3750 μὲν
3444 3675 3539 3733 οὖν
3570 3696 3705 3746 συμ-

2119 3774 2326 3838 ϐιώσας
2369 3776 2435 3844 τῇ
2472 3772 2785 3846 γαμηθείσῃ
2827 3773 3017 3843 χρόνον
3068 3772 3339 3824 ἐνιαύσιον
3385 3772 3705 3840 ἀπεδήμησε

2123 3868 2342 3939 μακρὰν
2390 3867 2726 3938 ἀποδημίαν.
2758 3865 2870 3936 Τὴν
2895 3864 2940 3917 δ’
2975 3863 3202 3934 Ἠραῖδα
3234 3865 3396 3934 φασὶν
3425 3864 3705 3935 ἀρρωστίᾳ

2118 3961 2443 4031 περιπεσεῖν
2487 3957 2777 4028 παραδόξῳ
2822 3957 2919 4011 καὶ
2968 3956 3247 4020 παντελῶς
3286 3958 3701 4027 ἀπιστουμένῃ’

2116 4052 2429 4124 φλεγμονὴν
2476 4052 2586 4122 γὰρ
2636 4050 2859 4122 ίσχυρὰν
2888 4049 3142 4119 γενέσθαι
3174 4052 3303 4121 περ)⁵
3332 4050 3390 4103 τὸ
3414 4045 3585 4121 ἦτρον
3614 4049 3706 4102 αὺ-

2116 4147 2379 4216 τῆςυιῐπ)⁸
2404 4145 2564 4198 πλέον
2597 4145 2655 4198 δὲ
2685 4145 2997 4215 οίδήσαντος
3024 4143 3120 4197 τοῦ
3161 4144 3350 4207 τόπου,
3385 4142 3577 4196 ἔπειτα
3602 4143 3705 4196 τῶν

2119 4238 2373 4309 πυρετῶν
2392 4238 2437 4269 ⁵⁸
2463 4238 2717 4307 μεγάλων
2746 4239 3243 4309 συνεπιγινομένων
3259 4237 3328 4304 ⁸³,
3347 4236 3705 4303 καταδοξάσαι

2118 4335 2243 4396 τοὺς
2296 4334 2511 4402 ἰατροὺς
2564 4332 2795 4385 ἕλκωσιν
2838 4332 3122 4401 γεγονέναι
3169 4331 3295 4403 περὶ
3322 4332 3412 4385 τὸν
3440 4330 3705 4401 τράχηλον

421 4414 624 4484 hicque
653 4412 882 4468 alfectus
918 4430 1017 4469 nec
1045 4414 1278 4480 medico,
1330 4432 1431 4472 nec
1471 4430 1747 4487 quoquam
1784 4426 2011 4472 externo

2119 4428 2216 4497 τῆς
2277 4427 2512 4497 μήτρας.
2552 4426 2865 4497 Χρωμένων
2915 4426 2973 4480 δὲ
3024 4426 3200 4479 αὐτῶν
3251 4426 3567 4497 θεραπείαις
3620 4419 3706 4488 αἷς

420 4514 617 4575 praeter
647 4518 877 4562 matrem
925 4516 1168 4579 duasque
1198 4510 1431 4565 ancillas
1480 4522 1749 4580 prasente
1789 4512 2011 4566 accidit.

2122 4492 2506 4588 ὑπελαμέανον
2530 4492 2921 4573 καταστέλλειν
2941 4522 3040 4582 τὰς
3065 4492 3394 4589 φλεγμονὰς,
3417 4518 3705 4587 ἐΰδομαίας

423 4597 608 4668 Itaque
635 4600 713 4654 rei
743 4602 985 4655 novitate
1007 4602 1301 4673 perculsae,
1340 4619 1562 4659 omnem
1595 4620 1785 4659 curam
1822 4603 2014 4660 Herai-

421 4692 505 4743 dis
535 4702 753 4760 gerunt,
802 4703 857 4748 et
890 4694 943 4748 id
972 4696 1115 4763 quod
1145 4697 1440 4751 accidisset
1478 4697 1775 4754 occultant.
1821 4697 2015 4753 Mulier

420 4792 552 4833 vero
595 4778 827 4835 liberata
873 4782 1088 4851 morbo,
1144 4794 1359 4853 sumpta
1404 4794 1560 4840 veste
1598 4786 1858 4849 feminea,
1913 4791 2013 4841 do-

426 4873 653 4926 mestica
702 4874 1007 4938 exercitia,
1074 4882 1129 4929 et
1178 4878 1365 4931 uxoria
1418 4880 1762 4948 exsequitur.
1809 4880 2014 4952 378a

418 4962 525 5031 Qui
557 4966 867 5037 prodigium
897 4968 1329 5037 cognoscebant,
1358 4972 1608 5041 iudicant
1638 4988 1759 5028 eam
1791 4974 2014 5029 benna-

421 5059 739 5126 phroditum
780 5074 925 5124 esse,
974 5068 1030 5113 et
1073 5060 1195 5114 ideo
1226 5062 1388 5118 virile
1430 5065 1703 5133 quoddam
1743 5076 2010 5137 gestasse,

424 5152 547 5216 quia
578 5152 764 5209 coiens
780 5168 905 5208 cum
936 5154 1055 5207 viro
1081 5156 1361 5211 contrario
1389 5167 1601 5213 natura:
1634 5160 1795 5214 modo
1823 5158 2012 5214 coivit.

424 5243 607 5302 Latuit
632 5247 735 5304 hoc
763 5254 1043 5304 externos.
1083 5246 1360 5305 Reversus
1386 5258 1565 5305 autem
1600 5249 1902 5320 Samiades,
1934 5265 2015 5307 ux

2120 4613 2226 4666 6""
2260 4612 2448 4686 οὔσης,
2487 4614 2639 4686 ῥῆξιν
2688 4614 3036 4683 ἐπιγενέσθαι
3087 4614 3189 4684 τῆς
3241 4613 3582 4682 ἐπιφανείας,
3618 4612 3705 4665 καὶ

2120 4708 2417 4775 προπεσεῖν
2434 4705 2478 4737 ⁸⁸
2506 4708 2572 4758 ὲκ
2608 4705 2717 4758 τῶν
2746 4706 2844 4775 τῆς
2880 4705 3131 4776 Ἠραῖδος
3161 4704 3485 4773 γυναικείων
3514 4704 3708 4757 αἰδοῖον

2119 4798 2387 4866 ἀνδρεῖον,
2422 4797 2545 4868 ἔχον
2573 4798 2832 4866 διδύμους
2866 4799 3318 4868 προσκειμένους.
3343 4797 3456 4866 Τὴν
3476 4797 3533 4850 δὲ
3559 4797 3705 4867 ῥῆξιν

2117 4888 2326 4942 τούτων
2356 4890 2452 4943 καὶ
2480 4890 2541 4942 τὸ
2575 4888 2748 4951 πάθος
2779 4889 3036 4958 γενέσθαι
3065 4890 3204 4961 μήτε
3239 4889 3425 4961 ίατροῡ
3462 4890 3592 4960 μήτ’
3624 4890 3700 4943 ἄλο

2119 4980 2229 5034 λων
2274 4980 2383 5035 τῶν
2440 4980 2641 5046 ἔξωθεν
2663 4982 2710 5013 “
2734 4981 3042 5052 παρόντων,
3076 4982 3214 5051 πλὴν
3246 4982 3451 5053 μητρὸς
3482 4983 3582 5036 καὶ
3620 4981 3704 5035 δύο

2121 5074 2543 5143 θεραπαινίδων.
2585 5074 2719 5128 Τότε
2764 5074 2863 5145 μὲν
2910 5071 3006 5128 οὖν
3024 5076 3068 5107 ⁵⁷
3098 5076 3317 5147 ἀχανεῖς
3350 5058 3704 5145 γενομένας⁸3

2121 5164 2211 5218 διὰ
2239 5166 2300 5218 τὸ
2332 5166 2655 5237 παράδοξον,
2692 5166 2790 5237 τὴν
2822 5168 3177 5239 ἐνδεχομένην
3202 5169 3519 5239 ἐπιμέλειαν
3550 5168 3701 5237 ποιή-

2127 5260 2323 5310 σασθαι
2357 5258 2458 5322 τῆς
2492 5258 2763 5330 Ἦραῖδος,
2796 5261 2890 5315 καὶ
2929 5262 3346 5333 κατασιωπῆσαι
3371 5264 3431 5316 τὸ
3466 5262 3695 5332 γεγονός.

1751 5392 1985 5447 VARUE
2023 5393 2437 5452 LEC'I'IONES.

494 5481 537 5564 ξ’
570 5481 664 5563 καὶ
691 5480 730 5533 δ’
754 5483 1002 5564 om.A._
1026 5482 1071 5516 ⁸⁸
1108 5483 1273 5564 λζ’ρ.
1351 5484 1397 5517 ⁸³
1423 5484 1530 5564 λη’]
1560 5486 1588 5539 ό
1620 5484 1704 5564 λη’
1741 5487 1845 5564 Λ..-
1880 5489 1927 5564 ξι
1953 5490 2474 5564 ἱστορεῖ-κοίλης]
2515 5493 2610 5547 καὶ
2666 5494 2775 5548 τῶν
2815 5493 2854 5547 Β
2903 5504 2955 5549 et
3014 5510 3088 5550 rc.
3127 5495 3171 5547 A
3208 5510 3331 5563 :pt'.
3394 5496 3536 5550 enim
3593 5509 3698 5548 om.

420 5552 466 5623 θ’
498 5552 931 5623 βασιλευσάντων
965 5555 1025 5609 Β.
1134 5556 1179 5586 ⁸⁸
1198 5556 1252 5608 δὲ
1278 5565 1402 5611 ante
1425 5558 1453 5609 ὁ
1481 5552 1590 5611 oin.
1628 5552 1686 5611 li.
1800 5559 1845 5589 "

422 5695 467 5723 ⁵³
494 5695 993 5761 συνεπιγενομὲνων
1027 5714 1086 5760 ς’.
1170 5695 1252 5729 “⁸³’
1270 5698 1311 5750 δ’
1342 5713 1451 5752 om.
1488 5697 1549 5752 Β.

427 5765 590 5824 υ.ἑνας
621 5763 689 5814 Β;
724 5769 1009 5832 γινομένας
1044 5784 1105 5833 ς.

1883 5554 1950 5614 ἦν
1987 5554 2097 5614 out".
2125 5561 2184 5614 B.

421 5576 465 5583 ν-
498 5576 931 5623 ρασιΛευσαντων
967 5576 1025 5609 υ.
1134 5576 1252 5608 "oe
1278 5576 1402 5611 ante
1425 5576 1453 5609 ο
1481 5576 1590 5611 0m.
1628 5576 1684 5611 υ.
1800 5576 1840 5589 ’-
1881 5576 1950 5629 ην
1987 5577 2052 5612 on

420 5622 682 5699 δίμορφον
714 5624 753 5674 Β
786 5641 798 5676 :
846 5626 936 5699 τὸν
958 5626 1079 5680 θεὸν
1110 5627 1374 5699 δίμορφον
1398 5644 1458 5690 ς.
1497 5627 1593 5699 ff.
1631 5644 1713 5698 pr.
1741 5628 1846 5691 578
1878 5647 1909 5681 ιι
1959 5631 2052 5684 40.

1652 5701 1698 5740 ⁸⁵
1720 5703 2015 5769 προπεσεῖν
2052 5718 2112 5765 ς.

2288 5562 2333 5636 θ’
2366 5562 2474 5636 πίρδ
2497 5568 2564 5628 Α,
2594 5565 2732 5636 πρὸς
2759 5582 2821 5629 τ.
2898 5564 2944 5599 ”
2969 5565 3058 5619 τὸν
3080 5562 3343 5635 δίμορφον
3377 5569 3542 5633 pr.A,
3565 5564 3702 5636 θέαν

2162 5634 2207 5664 ⁸ο
2231 5632 2348 5707 μὲν
2371 5632 2510 5707 Δυἱόν
2541 5653 2601 5699 ς.
2640 5632 2763 5707 '_“
2798 5637 2969 5707 σαμία
3000 5638 3077 5707 A._
3138 5632 3310 5704 "ea
3338 5706 3343 5707 γ
3368 5632 3573 5707 πυρετῷ

3162 5638 3216 5708 ἰγ
3230 5637 3310 5704 τῷ
3328 5706 3352 5708 Α
3368 5637 3583 5708 πυρετῷ
3636 5652 3696 5698 ς.

2228 5705 2273 5736 οι
2302 5704 2463 5760 ἄλλον
2495 5707 2604 5761 τῶν
2652 5702 2883 5770 {gms-ﬁ
2952 5702 3110 5761 ⁵⁷οὖν
3157 5702 3291 5764 ειᾱΛζ
3323 5706 3384 5762 Β.
3445 5702 3522 5739 ’⁸⁵
3552 5702 3699 5776 γενο-
