3924 6488
193 400 360 470 1385
1311 414 1839 475 BIBLIOTI-IECA.
1869 412 2104 472 —COD.
2140 412 2430 474 CCXLW.
3360 411 3499 476 1386

186 516 322 584 Τὴν
358 516 427 569 δὲ
462 516 826 572 ἀπολυθεῖσαι)
873 519 971 589 τῆς
1021 525 1176 574 νόσου
1223 523 1321 594 τὴν
1373 523 1576 595 ἐσθῆτα
1626 525 1810 595 φορεῖν

1922 538 2018 591 par
2048 531 2151 588 est,
2186 537 2351 591 super
2385 535 2553 576 uxore
2584 520 2802 589 rogitat,
2835 535 2955 591 qua:
3001 539 3110 591 pra}
3150 525 3358 592 pudore
3396 543 3503 584 non

187 609 566 674 γυναικείαν,
599 610 692 662 καὶ
721 610 821 680 τὴν
851 611 1020 682 ἀλλην
1045 615 1270 685 ἀγωγὴν
1306 616 1557 687 οίκουρον
1589 618 1683 670 καὶ
1713 617 1810 670 ὓπ-

1921 617 2023 669 !uit
2051 629 2184 669 ausa
2210 627 2548 682 comparere.
2573 612 2728 680 Quod
2756 613 2952 670 acerbe
2980 614 3165 671 ferens
3192 615 3500 685 Samiades,

186 700 422 769 ανδρων
443 700 826 768 διαφυλάττειν
841 704 887 738 ⁸³
904 721 916 734 ’
944 707 1463 771 κατοιδοτ,,’⁵οἱζεσθαι.⁶⁴⁵
1494 710 1551 762 δὲ
1578 709 1682 762 ὑπὸ
1706 710 1810 763 τῶν

1919 709 2119 763 institit
2148 708 2404 777 amplius,
2437 717 2495 761 et
2526 707 2863 762 consortium
2894 723 3016 762 cum
3047 723 3216 764 uxore
3241 725 3338 763 sua
3371 725 3498 779 pos-

191 787 546 845 συνειδότων
572 793 672 862 τὴν
702 797 1058 865 περιπέτειαν
1084 800 1486 870 ἐρμαφρόδιτον
1512 798 1654 854 εἶναι
1675 843 1688 867 ,
1722 805 1810 856 καὶ

1920 803 2112 857 tu-lavit
2156 821 2170 855 :
2211 812 2367 871 patre
2427 815 2556 855 vero
2602 811 2899 867 renuente,
2958 812 3013 856 et
3057 817 3280 857 causam
3319 804 3507 860 dicere

189 882 361 934 κατά
417 884 516 954 τὴν
569 888 946 958 γεγενημένην
980 892 1096 958 μετ’
1125 891 1319 962 ἀνδρὸς
1351 893 1673 963 συμϐίωσιν,
1715 895 1810 964 τῆς

1916 896 2304 958 erubescente,
2351 909 2543 955 magna
2579 902 2700 947 orta
2735 902 2821 948 est
2849 894 3156 948 contentio.
3188 893 3378 964 Itaque
3407 908 3505 962 pro

191 973 359 1028 κατὰ
395 976 560 1044 φύσιν
592 978 896 1050 ἐπιπλοκῆς
923 983 1413 1056 ἀντιπραττούσης,
1445 986 1623 1039 δοκεῖν
1645 988 1810 1058 αὐτὴν

1917 997 2091 1036 uxore
2117 997 2215 1038 sua
2239 997 2434 1037 socero
2469 983 2614 1037 diem
2644 983 2802 1046 dicit,
2837 994 2892 1038 et
2946 991 3004 1036 ut
3041 984 3097 1036 ﬁt
3131 985 3182 1037 in
3214 985 3500 1049 dramatis,

191 1068 334 1130 ταῖς
379 1069 704 1138 ἀρρενικαῖς
733 1079 1173 1144 συμπεριφοραῖς
1209 1077 1648 1148 καθωμιλῆσθαι.
1670 1081 1810 1132 Λαν-

1919 1076 2226 1146 prodigium
2268 1076 2487 1131 fortuna
2535 1076 2588 1130 in
2631 1075 2840 1131 crimen
2875 1079 3166 1132 convertit.
3215 1076 3354 1131 Cum
3384 1077 3500 1146 jam

191 1157 495 1229 θανούσης
529 1162 585 1213 δὲ
609 1163 737 1224 τοὺς
768 1164 924 1227 ἐκτὸς
955 1167 1053 1234 τῆς
1089 1167 1384 1231 διαθέσεως
1412 1171 1614 1241 ταύτης
1644 1174 1810 1226 ἐπαν-

1916 1169 2122 1236 iudices
2165 1169 2582 1234 consedissent,
2629 1177 2682 1222 et
2726 1183 2906 1223 causa:
2950 1181 3134 1224 essent
3182 1170 3380 1237 allatae,
3416 1172 3508 1225 ad-

190 1247 396 1301 ε).Θεῖν
423 1251 516 1304 τὸν
538 1252 818 1323 Σαμιάδην
853 1258 947 1308 καὶ
983 1257 1258 1328 (καθάπερ
1279 1255 1348 1330 ἦν
1379 1260 1691 1333 ἐπιϐάλλον)
1716 1263 1810 1333 τὴν

1918 1274 2040 1314 esse
2056 1259 2278 1326 jubetur
2309 1273 2546 1327 persona
2579 1259 2645 1314 de
2669 1275 2773 1329 qua
2801 1261 3184 1314 contendatur.
3217 1259 3338 1314 .lam
3372 1275 3506 1315 vero

190 1341 574 1410 γαμηθεῖσαν
617 1344 934 1413 ἐπιζητεῖν,
975 1348 1037 1399 ού
1073 1348 1360 1421 τολμώσης
1412 1352 1458 1405 δ’
1488 1353 1703 1423 ἐκείνης
1734 1356 1810 1417 είς

1919 1351 2173 1406 dubitant
2214 1351 2448 1420 iudices,
2481 1361 2666 1405 utrum
2704 1351 2818 1404 viro
2867 1351 3176 1420 conjugem,
3213 1360 3308 1404 aut
3337 1351 3504 1403 filiam

188 1433 331 1501 ὄψιν
389 1435 568 1489 ἐλθεῖν
598 1438 686 1490 διὰ
714 1439 813 1510 τὴν
845 1441 1108 1511 αἰσχύνην
1129 1485 1142 1506 ,
1170 1444 1261 1495 τὸν
1295 1446 1574 1518 Σαμιάδην
1607 1449 1741 1514 φασὶ
1767 1450 1810 1480 ⁶¹

1918 1445 2059 1512 patri
2089 1442 2434 1511 adjudicent;
2466 1453 2693 1497 censent
2723 1444 2940 1497 tandem
2997 1444 3048 1496 id
3089 1444 3375 1496 veritatem
3420 1442 3504 1495 in-

193 1522 438 1594 βαρέως
487 1527 1151 1603 ὲνεγκεῖν.Ἐπικειμένου
1198 1535 1255 1588 δὲ
1302 1538 1688 1610 συνεχέστερον
1722 1544 1810 1595 καὶ

1918 1535 2125 1602 dicare,
2170 1550 2396 1590 uxorem
2446 1536 2564 1587 viro
2588 1549 2710 1590 esse
2761 1533 3179 1604 adiungendam.
3210 1533 3334 1603 Ipsa
3377 1548 3500 1588 mox

192 1615 583 1679 ἀπαιτοῦντος
604 1617 702 1685 τὴν
732 1617 982 1689 σύμϐιον,
1016 1622 1112 1675 καὶ
1140 1622 1234 1674 τοῦ
1267 1625 1470 1693 πατρὸς
1495 1627 1571 1696 μὴ
1599 1644 1810 1697 συγχω-

1918 1630 2181 1683 audacter
2205 1637 2412 1682 vestem
2448 1626 2627 1681 ﬁctam
2659 1626 2898 1689 solvens,
2932 1626 3171 1680 ostendit
3204 1625 3381 1693 palam
3413 1626 3493 1677 vi-

196 1703 446 1774 ροῦντος
490 1708 611 1776 μὲν,
646 1711 1039 1780 αἰσχυνομένου
1070 1713 1248 1784 δὲτὴν
1279 1717 1459 1770 αἰτίαν
1503 1720 1700 1784 εἰπεῖν,
1735 1724 1810 1784 εἰς

1931 1736 2037 1774 ‘um
2070 1733 2194 1774 sese
2217 1733 2362 1783 esse,
2397 1718 2800 1773 lamentabilem
2830 1719 3022 1774 tollens
3047 1733 3258 1782 vocem,
3283 1722 3351 1773 ad
3371 1719 3501 1786 quid

199 1795 360 1863 μέγα
398 1795 598 1864 ηὔξετο
621 1801 653 1868 ἡ
680 1798 933 1870 διαφορά.
955 1803 1307 1872 Ἐπενεγκεῖν
1337 1824 1396 1859 τε
1419 1808 1508 1861 διά
1539 1809 1699 1863 τοῦτο
1728 1811 1808 1862 δί-

1918 1817 2178 1879 cogerent
2243 1808 2422 1862 virum
2493 1807 2818 1862 cohabitare
2886 1809 3047 1862 viro?
3101 1809 3504 1877 Obstupescere

197 1900 310 1953 κην
343 1885 435 1955 τῷ
467 1891 636 1958 πατρὶ
685 1891 818 1959 περὶ
865 1891 968 1960 τῆς
1017 1893 1155 1958 ἰδίας
1202 1897 1480 1963 γυναικὸς,
1515 1901 1612 1968 τῆς
1642 1900 1810 1970 τύχης

1916 1916 2142 1966 omnes,
2186 1911 2241 1956 et
2291 1899 2601 1956 admirabili
2651 1915 2786 1954 voce
2836 1915 2898 1956 se
2956 1901 3236 1969 perculsos
3287 1903 3500 1959 testari.

198 1974 408 2047 ὥσπερ
443 1979 502 2031 ἐν
529 1980 833 2050 δράμασιθί
864 1983 926 2036 τὸ
960 1986 1263 2056 παράδοξον
1313 1990 1410 2060 τῆς
1458 1995 1812 2062 περιπετείας

197 2069 462 2140 ἀγούσης
487 2075 568 2137 εἰς
588 2074 754 2146 ἐγκλη
765 2093 861 2146 μα.
881 2080 1359 2152 Συνεδρευσάντων
1387 2085 1443 2137 δὲ
1468 2087 1579 2138 τῶν
1609 2089 1811 2157 κριτῶν

201 2164 301 2216 καὶ
336 2163 522 2232 λόγων
555 2167 827 2236 ῥηθέντων
873 2177 1243 2243 συμπαρεῖναι
1291 2178 1391 2243 μὲν
1434 2181 1497 2247 τῇ
1540 2180 1720 2247 κρίσει
1753 2181 1813 2232 τὸ

198 2256 740 2330 ἀμφισϐητούμενον
773 2262 964 2332 σῶμα,
1000 2265 1282 2335 διαπορεῖν
1310 2266 1365 2320 δὲ
1397 2269 1522 2331 τοὺς
1550 2271 1813 2333 δικαστὰς

202 2347 448 2417 πότερον
465 2353 734 2422 προσήκει
756 2354 848 2406 τὸν
871 2356 1036 2425 ἄνδρα
1055 2359 1154 2426 τῆς
1177 2361 1477 2430 γυναικὸςῆ
1492 2361 1586 2414 τὸν
1600 2363 1812 2434 πατέρα

199 2441 305 2509 τῆς
343 2440 624 2513 θυγατρὸς
647 2447 947 2515 κυριεύειν.
982 2449 1164 2520 Πέρας
1187 2451 1298 2504 τῶν
1319 2453 1522 2522 κριτῶν
1551 2457 1813 2524 οἰομένων

201 2531 316 2584 δεῖν
341 2533 668 2588 ἀκολουθεῖν
694 2537 888 2608 τάνδρὶ
909 2540 1007 2610 τὴν
1031 2541 1398 2611 γαμηθεῖσαν,
1422 2543 1519 2612 τὴν
1551 2545 1811 2616 ἀλήθειαν

200 2626 551 2696 διασαφῆσαι
575 2629 637 2681 τὸ
661 2633 761 2700 τῆς
785 2631 1000 2700 φύσεως
1023 2632 1212 2704 ἄρρεν,
1244 2636 1336 2687 καὶ
1363 2635 1520 2706 θυμῴ
1541 2639 1808 2710 τετολμη-

203 2715 326 2769 κότι
381 2719 490 2789 τὴν
540 2721 1085 2794 καθυποκρινομένην
1135 2727 1338 2800 ἐσθῆτα
1369 2731 1610 2784 λύσασαν
1639 2734 1811 2798 δεῖξαι

202 2811 366 2874 πᾶσι,
403 2810 574 2880 ῥῆξαί
600 2830 659 2865 τε
686 2815 871 2886 φωνὴν
909 2817 1354 2888 δεινοπαθοῦσαν,
1389 2827 1442 2877 εῖ
1470 2845 1614 2889 τινες
1644 2830 1814 2894 ἀναγ-

203 2901 446 2964 κάζουσι
494 2909 762 2960 συνοικεῖν
792 2910 947 2981 ἀνδρὶ
983 2913 1074 2965 τὸν
1115 2914 1304 2986 ἄνδρα.
1341 2916 1505 2988 [1148
1538 2919 1628 2990 H.]
1668 2922 1811 2975 Πάν-

201 3009 314 3045 των
358 2996 419 3048 δὲ
464 2999 927 3069 καταπλαγέντων
987 3007 1084 3059 καὶ
1142 3013 1291 3079 φωνῇ
1340 3012 1699 3084 θαυμαζούσῃ
1755 3014 1812 3066 τὸ

202 3088 519 3157 παράδοξον
547 3094 1092 3167 ὲπισημαινομένων,
1121 3101 1219 3171 τὴν
1250 3103 1350 3170 μὲν
1386 3103 1613 3171 Ἠραῖδα
1645 3107 1812 3174 φασιν

203 3180 700 3254 ἁποκαλυφθείσης
745 3186 844 3257 τῆς
890 3189 1155 3260 αἰσχύνης
1199 3195 1691 3263 μεταμφιάσατθαι
1718 3198 1808 3252 τὸν

202 3275 526 3334 γυναικεῖον
580 3275 787 3345 κόσμον
840 3281 919 3340 εἰς
979 3282 1265 3334 νεανίσκου
1301 3285 1563 3350 διάθεσιν,
1599 3287 1724 3350 τοὺς
1753 3288 1809 3340 δὲ

206 3364 440 3433 ἰατροὺς
471 3367 884 3437 έπιδειχθέντων
908 3369 1033 3442 [617
1062 3372 1154 3445 Η.]
1182 3376 1365 3439 αὐτοῖς
1394 3377 1502 3431 τῶν
1529 3379 1809 3447 φανέντων

202 3455 411 3522 γνῶναι
457 3459 538 3512 ὅτι
589 3463 1007 3532 κατεκέκρυπτο
1027 3465 1071 3496 ⁵³
1109 3466 1270 3534 φύσις
1319 3471 1550 3539 ἄρρενος
1592 3474 1650 3524 ἐν
1683 3473 1807 3542 (fis:-

1920 1993 2072 2048 Tune
2122 1993 2318 2049 Herais
2347 1994 2578 2048 Tremoto
2614 1993 2839 2061 pudore,
2884 1992 3092 2048 virilem
3123 1994 3364 2048 habitum
3414 2011 3504 2048 re-

1911 2083 2059 2151 jecto
2091 2082 2327 2136 femineo
2342 2089 2681 2135 memoratur
2703 2081 3085 2148 assumpsisse.
3113 2082 3300 2137 Medici
3323 2093 3502 2137 autem

1918 2176 2006 2230 his
2039 2175 2172 2229 visis
2202 2175 2283 2230 sic
2315 2174 2573 2227 dixerunt
2607 2193 2619 2228 :
2656 2174 2861 2229 Eodem
2897 2175 3017 2229 loco
3049 2186 3104 2228 et
3133 2175 3426 2229 femineum
3450 2189 3504 2230 et

1914 2267 2130 2320 virilem
2161 2281 2350 2321 sexum
2393 2266 2520 2335 tegi,
2552 2277 2610 2320 ct
2646 2266 2962 2336 pelliculam
2992 2281 3112 2334 quae
3162 2276 3328 2321 testes
3355 2275 3506 2338 tege-

1919 2367 2021 2422 ret,
2074 2374 2216 2412 novo
2266 2374 2418 2412 more
2468 2360 2708 2426 perviam
2744 2357 2946 2412 factam
2989 2372 3145 2420 esse,
3193 2373 3302 2426 quo
3346 2360 3503 2413 retri—

1918 2459 2097 2505 menta
2133 2459 2340 2504 natura:
2372 2452 2708 2512 transirent;
2738 2464 2909 2517 quare
2938 2459 3212 2518 patentem
3245 2451 3396 2504 illum
3425 2451 3504 2504 lo-

1917 2557 2040 2596 cum
2081 2542 2385 2608 obducere,
2435 2552 2492 2595 et
2539 2540 2822 2605 claudere,
2876 2539 3195 2608 virilemque
3250 2551 3503 2594 naturam

1917 2644 2220 2703 promptam
2268 2634 2499 2689 reddere
2539 2634 2715 2688 coacti
2755 2641 2904 2698 sunt,
2943 2632 3199 2688 omnibus
3246 2633 3503 2687 adhibitis

1919 2724 2353 2778 medicamentis.
2389 2723 2584 2778 lierais
2604 2739 2734 2778 vero
2762 2723 2952 2778 induto
2976 2723 3193 2778 nomine
3216 2723 3502 2791 Diopliami

1915 2819 2225 2887 conscripta
2267 2827 2351 2872 est
2384 2819 2524 2872 inter
2565 2819 2801 2885 equites,
2838 2826 2892 2870 et
2939 2817 3195 2870 militaris
3230 2833 3334 2870 una
3379 2833 3502 2870 cum

1919 2926 2046 2981 rege
2080 2912 2230 2965 Abas
2274 2911 2522 2966 secessit.
2557 2911 2711 2965 Tunc
2744 2925 2873 2966 vero
2903 2909 3180 2965 oraculum
3226 2911 3369 2979 quod
3406 2926 3506 2964 an-

1917 3012 2000 3054 tea
2051 2983 2331 3055 occultum
2387 2999 2520 3064 fuit,
2575 3016 2764 3054 verum
2813 2999 2982 3055 fuisse
3034 3001 3308 3069 apparuit.
3371 2999 3505 3054 Nam

1913 3089 2060 3143 Abas
2097 3104 2221 3143 cum
2256 3104 2351 3143 rex
2386 3089 2744 3158 confugisset,
2795 3089 2998 3144 ibidem
3036 3091 3201 3145 etiam
3255 3090 3508 3145 biformis

1919 3184 2256 3252 Diopliantus
2280 3184 2398 3237 fuit.
2440 3186 2510 3236 At
2541 3181 2829 3238 Samiades
2843 3184 2986 3252 quod
3017 3185 3190 3238 amori
3220 3184 3509 3253 primoque

1921 3275 2268 3330 matrimonio
2317 3275 2617 3337 serviisset.
2669 3275 2892 3342 pudore,
2923 3285 2979 3328 et
3012 3285 3204 3332 contra
3250 3285 3505 3330 naturam

1915 3368 2112 3438 378!)
2147 3368 2352 3437 nuptiis
2404 3366 2553 3420 initis
2575 3365 2887 3429 alllictatus,
2943 3367 3507 3436 Diophantumhmre-

1914 3464 2036 3516 dem
2081 3462 2351 3516 bonorum
2397 3475 2620 3516 suorum
2663 3459 2908 3528 scripsit,
2958 3470 3013 3514 et
3051 3461 3154 3515 sibi
3187 3461 3284 3530 ipsi
3336 3461 3505 3516 vitam

202 3547 340 3598 δεῖσδ
367 3554 528 3620 τόπῳ
561 3551 776 3619 φύσεως
811 3555 1054 3626 θηλείας,
1087 3561 1179 3612 καὶ
1225 3563 1495 3631 δέρματος
1526 3565 1806 3635 περιειλη-

1916 3557 2132 3626 eripuit.
2181 3556 2313 3610 Vide
2341 3553 2616 3622 quomodo
2655 3552 2860 3606 femina
2915 3554 3126 3609 virilem
3181 3556 3424 3610 animum
3451 3569 3508 3610 et

204 3640 366 3707 φότος
396 3643 556 3714 παρά
587 3645 648 3697 τὸ
683 3647 912 3718 σύνηθες
941 3651 1039 3719 τὴν
1087 3651 1248 3719 φύσιν
1290 3653 1583 3726 σύντρησις
1615 3657 1804 3725 ἐγεγέ-

1916 3653 2189 3705 audaciam
2235 3661 2494 3713 assumat,
2528 3657 2585 3702 et
2642 3647 2720 3700 vir
2771 3646 2969 3702 femina
3019 3646 3114 3702 ﬁat
3165 3648 3502 3704 inlbecilliOr.

203 3753 332 3807 νητο
348 3741 420 3804 ⁵³,
463 3742 528 3794 δι’
552 3735 628 3796 ὧν
656 3745 979 3808 ἐξωδεύοντο
1003 3749 1072 3801 τὰ
1111 3750 1503 3821 περιττώματα
1526 3771 1540 3783 ο
1589 3754 1779 3825 διόπερ
1816 3755 1907 3808 τὸν
1943 3749 2533 3822 προσεσυριγγωμένυν
2586 3745 2748 3798 τόπον
2779 3744 3125 3808 ἑλκώσαντας
3201 3748 3311 3799 δεῖν
3373 3764 3508 3799 κατ-

203 3835 447 3890 ουλῶσαι
470 3878 484 3902 ,
515 3839 611 3909 τὴν
643 3841 696 3894 δὲ
736 3842 932 3912 ἀνδρὸς
970 3844 1133 3913 φύσιν
1162 3846 1432 3918 εὔκοσμον
1466 3852 1801 3920 ποιήσαντας
1843 3854 1940 3905 σὺν
1969 3846 2290 3917 ἐνδεχομένη
2343 3843 2490 3909 δόξαι
2527 3841 2830 3912 κεχρῆσθαι
2848 3844 2892 3874 ⁸⁸
2926 3842 3213 3914 θεραπειᾳ.
3284 3845 3395 3915 Τὴν
3459 3844 3504 3896 δ’

214 3931 449 4002 Ἠραῖδα
492 3940 988 4007 μετονομασθεῖσαν
1021 3943 1314 4011 Διόφαντον
1347 3946 1428 4007 είς
1487 3945 1616 4010 τοὺς
1685 3949 1867 4012 ἱππεῖς
1909 3943 2332 4014 καταλεχθῆναι,
2377 3941 2472 3992 καὶ
2513 3939 2611 3991 σὺν
2660 3939 2736 4007 τῷ
2787 3938 2998 4009 βασιλεῖ
3047 3942 3507 4012 παραταξάμενον

201 4026 280 4088 εἰς
308 4026 416 4090 τὰς
455 4028 624 4090 Ἀσας
659 4034 1134 4104 συναναχωρῆσαι.
1168 4036 1257 4088 Διὸ
1284 4037 1379 4091 καὶ
1405 4037 1497 4091 τὸν
1523 4039 1787 4109 πρότερον
1842 4038 2206 4109 ἀγνοούμενον
2247 4033 2496 4105 χρησμὸν
2544 4031 2664 4083 τότε
2735 4031 3041 4102 γνωσθῆναι
3087 4035 3345 4100 φανέντος
3409 4039 3505 4090 τοῦ

205 4121 475 4192 βασιλέως
507 4124 564 4174 ἐν
589 4124 710 4184 ταῖς
777 4124 998 4188 Ἄϐαις,
1067 4127 1191 4178 καθ’
1215 4129 1274 4179 ὃν
1322 4129 1486 4183 τόπον
1539 4130 1568 4181 ό
1609 4130 1872 4200 δίμορφος
1911 4127 2282 4198 ἐγεγένητοθ.
2316 4126 2423 4177 Τὸν
2465 4125 2523 4177 δὲ
2555 4124 2836 4194 Σαμιάδην
2883 4124 3156 4191 λέγουσιν,
3201 4126 3366 4197 ἔρωτι
3412 4137 3506 4183 καὶ

202 4222 267 4288 τῇ
320 4220 775 4290 προγεγενημένῃ
824 4221 1084 4291 συνηθείᾳ
1116 4223 1529 4292 δεδουλωμένον,
1558 4226 1788 4297 αἰσχύνῃ
1829 4244 1887 4279 τε
1916 4225 2009 4278 τοῦ
2045 4225 2198 4294 παρά
2248 4224 2407 4292 φύσιν
2437 4222 2617 4290 γάμου
2651 4222 3008 4291 συνεχόμενον
3030 4265 3043 4285 ,
3079 4221 3179 4289 τῆς
3250 4223 3351 4290 μὲν
3413 4227 3506 4277 οὑ-

207 4309 328 4374 σίας
373 4314 466 4366 τὸν
513 4315 807 4384 Διόφαντον
855 4315 1129 4380 ἀναδεῖξαι
1159 4316 1395 4390 διαθήκῃ
1424 4317 1778 4388 κληρονόμον,
1818 4319 2012 4372 ἑαυτὸν
2043 4320 2100 4371 δὲ
2131 4316 2223 4370 τοῦ
2247 4317 2345 4386 ζῇν
2398 4314 2760 4383 μεταστῆσαι,
2792 4313 2936 4366 ὥστε
2953 4314 3048 4383 τὴι
3115 4315 3217 4383 μὲν
3274 4319 3505 4380 γυναῖκα

204 4408 581 4478 γεγενημένην
628 4407 820 4478 ἀνδρὸς
869 4408 1159 4462 ἀναλαϐεῖν
1215 4409 1372 4474 δόξαν
1433 4411 1528 4463 καὶ
1595 4411 1799 4482 τόλμαν
1820 4413 1884 4475 ⁸⁸,
1926 4412 2016 4465 τὸν
2055 4413 2099 4463 δ’
2140 4409 2309 4479 ἄνδρα
2348 4407 2664 4476 γυναικείας
2703 4407 2881 4477 ψυχῆς
2918 4406 3307 4478 ἀσθενέστερον
3344 4413 3500 4476 γενέ-

208 4497 326 4554 06a:-
337 4545 353 4557 .

276 4592 648 4662 Παραπλησία
692 4594 748 4647 δὲ
808 4593 980 4666 ταύτῃ
1031 4597 1095 4664 τῇ
1149 4595 1386 4648 διαθέσει
1446 4597 1803 4666 συνετελέσθη

1956 4590 2174 4645 ‘Simile
2215 4587 2384 4656 priori
2444 4587 2659 4655 triginta
2702 4595 2823 4650 post
2865 4600 3041 4640 annos
3099 4587 3157 4641 in
3215 4587 3494 4658 Epidauro

205 4687 530 4755 περιπέτεια
559 4686 853 4756 τριάκοντα
876 4688 1053 4738 ἐτεσιν
1085 4686 1312 4756 ὕστερον
1341 4691 1397 4740 ὲν
1421 4690 1486 4757 τῇ
1516 4688 1665 4740 πόλει
1689 4688 1798 4740 τῶν

1916 4683 2216 4754 prodigium
2260 4680 2508 4748 conligit.
2548 4678 2711 4730 Kallo
2755 4676 3004 4744 (lunulam
3039 4678 3146 4734 fuit
3196 4678 3491 4750 Epidauria

219 4775 714 4850 Ἐπιδαυρίων.ἾΙν
740 4779 847 4847 γάρ
880 4797 964 4841 τις
999 4779 1342 4850 Ἐπιδαυρία,
1376 4781 1512 4850 κόρη
1539 4781 1635 4850 μὲν
1657 4775 1796 4834 εἶναι

1916 4775 2224 4842 parentibus
2252 4774 2462 4833 orbata,
2510 4786 2629 4837 qua:
2653 4770 2828 4835 puella
2867 4784 2990 4824 esse
3031 4770 3334 4827 videbatur.
3389 4776 3495 4830 lia-

205 4868 458 4933 δοκοῦσα,
495 4869 698 4936 γονέων
726 4869 782 4920 δὲ
813 4869 1046 4938 ὀρφανὴ,
1081 4869 1330 4921 Καλλὼ⁶⁹
1354 4871 1398 4922 δ’
1425 4873 1615 4941 ὄνομα.
1646 4871 1794 4940 Αὕτη

1916 4870 2066 4920 nelyat
2089 4865 2234 4918 enim
2260 4879 2323 4916 ea
2351 4878 2471 4930 quae
2503 4862 2719 4914 feminis
2746 4871 2939 4916 natura
2971 4867 3268 4928 concessit,
3299 4881 3490 4923 verum

204 4954 293 5008 τὸν
325 4958 419 5010 ἐπὶ
440 4956 539 5026 τῆς
574 4956 790 5026 φύσεως
826 4956 1280 5025 ἀποδεδειγμένον
1309 4960 1430 5020 ταῖς
1461 4956 1676 5024 γυναιξὶ
1699 4957 1796 5008 πό-

1916 4977 2010 5012 ηοιι
2039 4957 2221 5027 pervia
2251 4956 2408 5025 juxta
2463 4956 2610 5007 hunc
2651 4956 2852 5019 locum,
2880 4955 2981 5009 alia
3014 4956 3100 5010 via
3134 4972 3162 5010 a
3209 4959 3494 5014 nativitato

209 5064 297 5117 ρον
330 5049 564 5119 ἄτρητον
595 5045 743 5118 εἶχεν
766 5088 779 5109 ,
811 5048 963 5117 παρά
983 5047 1030 5078 "°
1062 5047 1121 5098 δὲ
1155 5048 1246 5099 τὸν
1278 5048 1610 5118 καλούμενον
1629 5049 1669 5078 ⁷⁸
1703 5064 1797 5099 συ-

1916 5060 2243 5107 :xcrementa
2278 5059 2486 5102 natura:
2528 5051 3000 5104 tr:msmitteb:mt.
3035 5051 3113 5104 Ad
3139 5059 3354 5106 aetatem
3393 5070 3491 5105 nu-

209 5140 570 5208 ριγγωθέντος
587 5141 630 5171 ⁷³
649 5143 712 5192 ἐκ
731 5141 960 5208 γενετῆς
979 5138 1080 5199 τὰς
1104 5157 1170 5192 πε
1181 5141 1460 5210 ριττώσεις
1484 5140 1591 5192 τῶν
1616 5140 1800 5210 ὑγρῶν

1916 5140 2064 5194 uilem
2091 5139 2179 5194 ubi
2216 5138 2580 5208 pervenisset,
2609 5140 2792 5206 nupsit
2818 5140 3036 5194 cuidam
3073 5141 3203 5204 civi,
3239 5141 3492 5210 duosque

208 5229 504 5300 ὲξέκρινεν.
535 5235 630 5296 Εἰς
659 5232 716 5285 δὲ
743 5233 842 5303 τὴν
885 5228 1074 5303 ἀκμὴν
1103 5233 1201 5302 τῆς
1235 5232 1453 5304 ἡλικίας
1488 5248 1798 5300 παραγενο-

1916 5246 2074 5284 mnos
2105 5232 2158 5284 in
2193 5231 2541 5285 matrimonio
2575 5247 2701 5284 cum
2739 5233 2858 5286 viro
2889 5234 3091 5302 exegit.
3122 5232 3229 5288 Sed
3256 5232 3489 5299 conjun-

212 5326 342 5396 μένη
395 5326 703 5397 συνῳκίσθη
754 5326 862 5379 τινὶ
907 5327 1016 5381 τῶν
1068 5323 1323 5378 πολιτῶν.
1363 5325 1524 5394 Διετῆ
1557 5324 1656 5394 μὲν
1706 5323 1801 5377 οὖν

1916 5326 2142 5380 stionem
2178 5323 2396 5379 feminis
2427 5323 2684 5378 usitatam
2709 5341 2816 5379 non
2844 5325 3157 5389 adn'iittens,
3190 5324 3488 5391 inversam,

210 5416 396 5484 χρόνον
422 5421 714 5475 συνεϐίωσε
737 5420 944 5492 τάνδρὶ,
973 5419 1073 5489 τὴν
1109 5419 1209 5489 μὲν
1233 5418 1551 5486 γυναικείαν
1573 5419 1797 5471 ἐπιπλο-

1916 5429 1960 5471 et
2010 5425 2202 5471 contra
2257 5429 2508 5471 naturam
2569 5417 2844 5472 sustinere
2885 5417 3090 5472 debuit.
3139 5415 3268 5471 Post
3305 5426 3488 5473 autem

1482 5551 1720 5607 VARIAE
1763 5551 2176 5608 LECTIONES.

213 5712 256 5742 “
280 5646 343 5742 :9
382 5647 472 5700 ὑπ’
502 5647 673 5742 alapa:
703 5647 1032 5742 ,φυλάττειν
1073 5648 1139 5702 Α.
1216 5649 1290 5742 ῡ⁶⁰
1332 5645 1791 5742 καραδεξοξόισθαι
1832 5645 1904 5742 Ρ,
1951 5646 2318 5742 ἕατξδόξαστο
2349 5661 2496 5742 εοέῐιι.
2534 5645 3110 5742 A,£3€11£505d601:§.
3210 5643 3254 5742 '1
3269 5643 3402 5713 φησὶ

314 5721 510 5742 λέ.....-.
680 5720 700 5742 ι
756 5720 1176 5742 --.._..--1-___._--
1446 5716 1535 5742 ι’.-.
1577 5720 1622 5742 ,ι’
1710 5733 1820 5742 ..Α,.
1864 5719 1911 5742 -ἳ
2081 5729 2272 5742 .-ιηηηη
2304 5715 2395 5742 .‘un.
2435 5717 2484 5742 ,ξ
2643 5720 2647 5724 ’
2700 5716 2989 5742 -.ἷη--..ρξρ
3018 5732 3102 5742 -.ρ
3128 5729 3228 5742 ιιι-υ
3263 5730 3390 5742 μαι-Α

215 5713 256 5742 ⁸²
279 5713 513 5785 δράματι
540 5713 617 5773 Β(
680 5719 724 5750 ⁸³
755 5713 1180 5788 κατακέκρυπτο
1213 5718 1273 5771 Β.
1373 5717 1417 5749 ⁸⁸
1444 5716 1644 5787 ᾠειδεῖ]
1672 5716 1911 5785 ὁμοειδεῖ
1943 5717 2006 5768 Α.
2041 5715 2274 5770 fﬁrtasse
2303 5715 2498 5768 ὼειδεῖ.
2604 5718 2648 5747 ⁸⁵
2697 5716 2989 5787 σύντρησίς
3017 5732 3102 5777 τις
3128 5713 3391 5782 γεγένητο
3426 5714 3487 5767 Β.

215 5781 260 5852 Ῡ⁶
276 5783 507 5852 χρῆσθαι
533 5787 682 5852 δόξαι
705 5806 765 5852 ς.
837 5788 881 5821 ⁸⁷
903 5790 1228 5852 ἐγεγέννητο
1245 5788 1306 5842 Β.
1383 5787 1428 5820 ³⁸
1455 5787 1662 5852 τόλμαν
1688 5787 1784 5840 καὶ
1809 5787 1968 5852 δόξαν
2000 5785 2063 5840 Β.
2141 5787 2186 5818 ⁸³
2217 5785 2368 5838 καλὼ
2389 5787 2448 5842 Β.
2519 5787 2562 5817 ⁷⁰
2595 5787 2744 5852 παρά
2773 5787 2830 5838 δὲ
2851 5789 2939 5840 AB
2963 5804 2974 5838 :
3005 5785 3133 5852 παρ’
3165 5783 3399 5839 αὑτὸνδὲ
3424 5801 3487 5852 ς’.

218 5801 260 5813 "’
276 5801 507 5853 χρησυαι
533 5801 682 5853 cogat
705 5806 765 5853 ς.
837 5801 878 5821 °"
903 5801 1228 5859 εγεγεννητο
1245 5801 1306 5842 l5.
1383 5801 1428 5820 °°
1455 5801 1662 5858 τόλμαν
1688 5801 1784 5840 και
1809 5801 1968 5852 οοζαν
2000 5801 2063 5840 15.
2141 5801 2186 5818 "
2217 5801 2368 5838 καλω
2390 5801 2448 5842 I5.
2524 5801 2562 5817 ’ν
2595 5803 2744 5856 παρα
2773 5801 2830 5838 οε
2851 5801 2939 5840 Ab
2963 5804 2974 5838 :
3005 5801 3130 5854 παρ
3165 5801 3327 5839 αυτον
3342 5801 3399 5838 οε
3424 5801 3488 5857 ς’.

218 5851 262 5883 ⁷⁸
285 5854 616 5913 καλούμενον
645 5861 710 5923 Α,
739 5858 1077 5929 καλούμενον
1099 5860 1266 5914 κτένα
1294 5859 1628 5932 Stephanus,
1669 5857 2010 5942 καλοῄιενον
2045 5857 2214 5912 τόπον
2248 5875 2308 5912 ‹-.
2399 5858 2443 5889 ⁷²
2481 5857 2892 5929 συριγγωθέντα
2924 5859 2985 5912 Β.

579 5950 853 6012 Ριτιιυι..
902 5954 1020 6013 GR.
1067 5951 1228 6018 Clll.
3013 5949 3090 6016 Ιώ
