3924 6446
433 326 569 391 1387

1637 336 1901 401 ΡΗΟΤΙΙ
1932 340 2440 406 PATRIARCILE
2476 348 2581 408 (ΣΡ.

3579 352 3709 415 1388

430 443 618 498 multis
650 442 934 499 doloribus
965 443 1110 500 circa
1145 454 1361 502 uterum
1394 448 1594 519 ingens
1622 451 1799 509 oritur
1834 454 1992 508 tuber

2118 456 2223 529 κήν
2274 458 2374 512 οὐκ
2425 458 2808 530 ὲπιδεχομένη,
2843 459 2943 531 τὴν
2994 459 3049 513 δὲ
3100 461 3249 533 παρά
3284 460 3451 529 φύσιν
3497 460 3707 530 ὁμιλίαν

430 535 574 600 quod
607 550 637 589 ο
669 536 857 591 multis
910 538 1160 603 medicis,
1196 540 1289 609 qui
1319 554 1385 596 eo
1415 540 1817 610 confluxerant,
1858 561 2019 601 nemo

433 641 629 680 sanare
660 628 858 696 potuit.
899 627 1334 701 Pharmacopola
1366 647 1495 688 vero
1518 635 1740 703 quidam
1772 651 1834 693 se
1860 653 2018 692 cura-

430 730 611 771 turum
660 721 925 787 promisit.
971 721 1071 776 llic
1117 732 1413 779 tumentem
1474 726 1623 780 illum
1665 727 1839 789 locum
1885 745 2016 798 ape-

431 812 598 873 riens,
653 812 831 865 virilia
870 815 1110 869 membra
1156 825 1211 870 et
1257 828 1459 884 testes,
1502 829 1558 873 et
1594 821 1860 890 virgulam
1905 839 2013 878 non

427 902 667 970 perviam
697 904 822 958 inde
847 905 1055 959 eduxit.
1096 906 1193 961 Rei
1227 911 1467 963 novitate
1494 926 1686 967 omnes
1718 915 2013 981 obstupes-

426 1004 575 1047 cunt.
606 994 1033 1067 Pharmacopola
1073 1008 1186 1053 tum
1215 1001 1440 1070 reliquis
1464 1003 1715 1071 partibus
1743 1004 1885 1059 laesis
1907 1021 1993 1059 me

423 1087 635 1142 dicatus
663 1099 766 1143 est.
793 1089 976 1145 Primo
994 1093 1211 1161 quidem
1246 1096 1613 1149 summitatem
1637 1096 2012 1165 pudendorum

422 1192 615 1245 parum
660 1193 876 1244 secans,
908 1182 1160 1249 perduxit
1209 1199 1381 1253 usque
1416 1186 1482 1239 ad
1537 1187 1754 1241 initium
1790 1189 2009 1253 vesica),

421 1280 477 1323 et
529 1270 764 1324 listulam
817 1272 1046 1326 inseruit
1104 1285 1448 1342 argenteam,
1497 1292 1602 1345 qua
1654 1290 2008 1333 excrementa

422 1366 841 1432 pertransirent,
900 1366 1075 1420 locum
1120 1383 1251 1420 vero
1278 1377 1408 1423 ante
1448 1377 1727 1439 patentem
1770 1372 2006 1436 sanavit,

420 1464 473 1509 et
495 1455 727 1523 clausit;
754 1472 926 1525 quare
960 1457 1063 1512 hoc
1102 1458 1223 1513 loco
1248 1471 1460 1523 sanato,
1485 1461 1755 1531 duplicem
1796 1479 2006 1518 merce—

419 1551 539 1601 dem
580 1551 865 1617 poposcit,
915 1550 1093 1619 primo
1133 1553 1260 1621 quia
1314 1553 1603 1607 mulierem
1650 1554 1938 1610 liberasset
1978 1570 2008 1609 a

422 1645 637 1705 morbo,
659 1655 713 1696 et
745 1645 925 1697 virum
958 1660 1025 1699 ex
1056 1660 1117 1698 ea
1143 1644 1442 1713 perfectum
1473 1646 1812 1715 perfecisset.
1847 1649 2007 1704 Kallo

414 1748 545 1789 vero
596 1736 738 1789 virili
779 1747 931 1791 veste
994 1747 1233 1807 sumpta,
1290 1746 1346 1792 et
1379 1738 1481 1792 viri
1512 1739 1756 1793 moribus
1789 1740 2008 1808 rejectis

2123 552 2416 622 ὑπομένειν
2439 552 2882 624 ἀναγκαζομένη.
2919 554 3073 608 Μετὰ
3109 554 3165 608 δὲ
3192 553 3369 610 ταῦτα
3396 554 3707 626 φλεγμονῆς

2122 640 2261 711 αὐτῇ
2286 641 2582 714 συμϐάσης
2606 644 2735 714 περὶ
2755 644 2848 697 τὸν
2874 644 3039 699 κτένα
3066 645 3160 698 καὶ
3187 646 3375 700 δεινῶν
3401 646 3707 717 ἀλγηδόνων

2119 735 2524 806 ἐπιγενομένων
2581 738 2888 811 συνεκλήθη
2936 739 3139 811 πλῆθος
3191 741 3413 812 ἰατρῶν.
3451 741 3564 794 Καὶ
3605 743 3708 796 τῶν

2121 826 2222 896 μὲν
2259 828 2435 882 ἄλλων
2463 830 2639 893 οὐδεὶς
2676 832 2989 901 ὑπισχνεῖτο
3023 832 3345 904 θεραπεύειν
3369 873 3387 899 ,
3420 850 3707 903 φαρμακο-

2117 917 2305 987 πώλης
2362 918 2420 970 δέ
2472 937 2557 981 τις
2609 920 3082 990 ἐπαγγελλόμενος
3123 923 3369 990 ύγιάσειν
3424 924 3588 992 ἔτεμε
3621 925 3707 978 τὸν

2117 1008 2428 1079 ἐπηρμένον
2459 1012 2625 1063 τόπον
2645 1051 2659 1075 ,
2692 1011 2752 1076 ἐξ
2782 1006 2956 1083 οὗπερ
2986 1013 3239 1077 ἐξέπεσεν
3272 1014 3464 1083 ἀνδρὸς
3509 1016 3705 1081 αἰδοῖα,

2114 1097 2325 1168 δίδυμοι
2358 1101 2455 1152 καὶ
2485 1101 2677 1165 καυλὸς
2706 1103 2960 1173 ἄτρητος.
2994 1104 3214 1157 Πάντων
3237 1105 3293 1158 δὲ
3315 1106 3377 1158 τὸ
3399 1107 3707 1175 παράδοξον

2114 1193 2600 1260 καταπλαγέντων,
2624 1198 2652 1248 ὁ
2686 1196 3365 1267 φαρμακοπώληςέῦοήθει
3393 1201 3504 1261 τοῖς
3534 1198 3709 1253 λειπο-

2117 1285 2298 1354 μένοις
2330 1288 2519 1357 μέρεσι
2548 1288 2649 1359 τῆς
2679 1288 3005 1359 πηρώσεως.
3042 1291 3116 1343 Τὸ
3150 1292 3247 1360 μὲν
3277 1286 3369 1344 οὖν
3403 1293 3622 1363 πρῶτον
3647 1293 3705 1345 τὸ

2113 1379 2311 1432 αἰδοῖον
2334 1379 2502 1449 ἄκρον
2527 1382 2806 1452 ἐπιτεμὼν
2828 1384 3159 1454 συνέτρησεν
3181 1384 3259 1445 εἰς
3283 1384 3373 1436 τὸν
3399 1385 3702 1455 οὐρητῆρα,

2113 1472 2209 1524 xai.
2244 1474 2432 1536 καθεὶς
2463 1475 2741 1545 ἀργυροῦν
2768 1476 3062 1529 καυλίσκον
3091 1476 3264 1547 ταύτῃ
3312 1476 3383 1528 τά
3430 1464 3703 1544 περιττώὲ

2115 1580 2262 1632 ματα
2299 1564 2409 1617 τῶν
2442 1566 2626 1635 ὑγρῶν
2666 1567 2984 1636 έξεκόμιζε,
3021 1567 3111 1620 τὸν
3142 1567 3196 1620 δὲ
3229 1570 3701 1638 σεσυριγγωμένον

2108 1655 2276 1709 τόπον
2310 1656 2557 1721 έλκώσας
2583 1659 2834 1729 ἐνέφυσε.
2852 1660 2962 1713 Καὶ
2990 1660 3177 1713 τοῦτον
3206 1661 3298 1713 τὸν
3330 1661 3533 1731 τρόπον
3560 1661 3698 1728 ὑγιο-

2111 1749 2345 1818 ποιήσας
2375 1750 2596 1804 διπλοῦν
2633 1752 2833 1822 ἀπῄτει
2874 1754 2964 1805 τὸν
3009 1752 3233 1823 μισθόν·
3264 1752 3367 1822 ἔφη
3401 1753 3511 1823 γὰρ
3539 1754 3696 1805 αὑτὸν

413 1828 568 1881 radio
599 1831 854 1894 textorio,
884 1840 938 1882 et
967 1829 1255 1883 mulierum
1287 1829 1526 1899 opilicio,
1559 1846 1662 1884 una
1690 1832 1868 1885 littera
1902 1848 1993 1887 no-

2109 1834 2510 1906 παρειληφέναι
2562 1842 2800 1906 γυναῖκα
2853 1839 3151 1906 νοσοῦσαν,
3184 1840 3578 1895 καθεστακέναι
3639 1841 3693 1893 δὲ

412 1915 543 1969 mini
614 1919 903 1985 adjuncta;
965 1919 1178 1973 scilicet
1238 1936 1305 1984 η,
1365 1918 1560 1973 Kailon
1623 1920 1860 1975 vocitata
1896 1931 1999 1976 est.

409 2006 651 2061 Narrant
677 2011 900 2079 quidam
935 2011 1085 2065 illaut
1121 2021 1414 2078 anteqnam
1448 2011 1503 2064 in
1530 2011 1739 2067 virilem
1768 2011 1999 2068 formam

410 2112 739 2167 mutaretur,
772 2102 992 2157 Cereris
1046 2118 1202 2157 saera
1229 2102 1361 2155 viris
1402 2103 1534 2172 ipsis
1558 2119 1663 2158 non
1724 2106 1999 2171 adeunda,

408 2194 634 2259 vidisse,
669 2210 724 2248 et
753 2196 877 2250 ideo
906 2197 1209 2265 impietatis
1244 2207 1558 2251 accusatam
1590 2196 1782 2263 fuisse.

2108 1928 2391 1981 νεανίσκον
2437 1930 2850 1997 ὑγιαίνοντα.Ἦ
2875 1933 2932 1986 δὲ
2965 1934 3164 1987 Καλλὼ
3190 1935 3288 1998 τὰς
3333 1936 3430 2005 μὲν
3479 1938 3544 1988 ὲκ
3586 1935 3693 1989 τῶν

2111 2018 2274 2071 ἱστῶν
2308 2022 2568 2091 κερκίδας
2618 2025 2713 2078 καὶ
2752 2026 2850 2096 τὴν
2895 2025 3062 2096 ἄλλην
3090 2028 3196 2079 τῶν
3229 2028 3505 2094 γυναικῶν
3532 2027 3690 2079 ταλα-

2108 2111 2392 2180 σιουργίαν
2439 2112 2696 2177 ἀπέθετο,
2730 2116 3109 2184 μεταλαϐοῦσα
3159 2117 3213 2168 δὲ
3273 2118 3464 2187 ἀνδρὸς
3496 2116 3687 2185 ἐσθῆτα

2109 2202 2203 2255 καὶ
2238 2203 2338 2273 τὴν
2384 2202 2553 2275 ἄλλην
2598 2204 2838 2258 διάθεσιν
2869 2206 3263 2275 μετωνομάσθη
3294 2205 3538 2272 Κάλλων,
3574 2207 3688 2271 ἐνὸς

409 2289 676 2357 στοιχείου
712 2289 804 2341 ἐπὶ
829 2288 907 2355 τῷ
933 2290 1075 2342 τέλει
1120 2289 1214 2342 τοῦ
1258 2303 1291 2342 ν
1326 2289 1740 2363 προστεθέντος.
1773 2290 2005 2360 Λέγεται
2042 2291 2085 2345 δ’
2116 2294 2222 2349 ὑπό
2250 2314 2412 2350 τινων
2439 2300 2521 2352 ὅτι
2553 2297 2659 2368 πρὸ
2683 2296 2777 2351 τοῦ
2801 2298 3122 2370 μεταλαϐεῖν
3158 2298 3395 2370 [618Η.]
3461 2298 3557 2371 τὴν
3614 2302 3688 2366 είς

406 2382 575 2450 ἄνδρα
612 2381 826 2452 μορφὴν
860 2382 1034 2450 ἱέρεια
1070 2385 1169 2453 τῆς
1216 2383 1506 2454 Δήμητρος
1560 2384 1876 2454 ἐγεγένητο,
1944 2385 2143 2440 καὶτὰ
2190 2391 2304 2452 τοῖς
2355 2390 2583 2462 ἄρρεσιν
2633 2392 2841 2464 ἀόρατα
2893 2391 3080 2446 ἰδοῦσα
3118 2392 3296 2463 κρίσιν
3335 2392 3495 2464 ἔσχεν
3567 2395 3687 2447 ἀσε.

404 2478 579 2541 ϐείας.

476 2571 688 2625 Similia
734 2569 993 2641 Neapoli,
1042 2579 1096 2626 et
1135 2570 1261 2625 aliis
1302 2570 1356 2624 in
1401 2571 1537 2625 locis
1576 2571 1810 2639 plurima
1856 2571 1997 2627 facta

405 2668 664 2719 dicuntur
694 2665 965 2734 prodigia,
1006 2680 1111 2717 non
1152 2666 1298 2733 quod
1330 2664 1670 2719 masculinus
1699 2675 1752 2718 et
1782 2664 1995 2719 femiui-

403 2774 505 2811 nus
535 2773 695 2811 sexus
717 2755 919 2826 379a
970 2757 1025 2810 in
1056 2758 1336 2826 geminum
1369 2754 1546 2809 locum
1573 2756 1873 2809 collocatus
1901 2757 1991 2824 sit,

401 2850 546 2917 quod
606 2848 723 2901 fteri
774 2862 879 2900 non
912 2856 1112 2914 potest,
1159 2861 1346 2899 verum
1393 2845 1523 2915 quia
1575 2855 1767 2899 natura
1804 2846 1983 2914 aliqua

401 2943 645 2995 membra
683 2940 953 3009 corporis,
986 2939 1039 2993 iu
1091 2939 1372 2992 hominum
1403 2947 1709 3007 stuporem,
1737 2947 1792 2993 et
1836 2938 1988 2991 frau-

400 3036 521 3087 dem
553 3031 693 3087 falso
739 3030 1036 3087 describat.
1067 3030 1251 3096 Quare
1282 3045 1380 3085 nos
1408 3031 1524 3084 htec
1559 3030 1721 3099 digna
1769 3033 1990 3086 censui-

400 3143 523 3180 mus
563 3142 681 3196 qttze
712 3125 909 3179 litteris
942 3139 1048 3179 non
1082 3123 1464 3178 oblectationis
1481 3136 1645 3177 causa
1666 3123 1986 3193 legentium,

398 3222 494 3275 sed
527 3220 781 3274 utilitatis
810 3218 1230 3273 mandarentur.
1252 3215 1405 3269 Multi
1428 3217 1572 3270 enim
1601 3218 1987 3286 superstitiose

2189 2574 2421 2644 Ὁμοίως
2450 2573 2494 2626 δ’
2526 2574 2584 2627 ὲν
2610 2576 2676 2644 τῇ
2712 2572 2985 2626 Νεαπόλει
3042 2573 3137 2626 καὶ
3190 2572 3310 2625 κατ’
3362 2573 3555 2638 ἄλλους
3598 2576 3684 2629 τό·

2102 2684 2239 2730 πους
2258 2666 2565 2729 πλείονας⁷³
2589 2666 2928 2735 ἱστοροῦνται
2956 2666 3236 2734 γεγονέναι
3254 2665 3504 2720 τοιαῦται
3536 2686 3684 2739 περι-

2098 2760 2334 2825 πέτειαι,
2357 2759 2457 2812 οὐκ
2486 2760 2715 2830 ἄρρενος
2737 2760 2834 2812 καὶ
2869 2758 3087 2829 θηλείας
3127 2757 3341 2825 φύσεως
3368 2761 3448 2822 εἰς
3491 2761 3677 2832 δίμορ-

2100 2867 2200 2918 φον
2234 2849 2408 2902 τύπον
2433 2850 2479 2882 ⁷⁸
2504 2849 3006 2921 δημιουργηθείσης
3040 2852 3321 2919 (ἀδύνατον
3348 2850 3459 2921 γὰρ
3485 2853 3681 2921 τοῦτο),

2097 2938 2236 2993 ἀλλὰ
2256 2942 2355 3010 τῆς
2381 2938 2595 3009 φύσεως
2619 2940 2707 2994 διὰ
2732 2940 2839 2994 τῶν
2854 2940 2948 2994 τοῦ
2973 2941 3219 3012 σώματος
3236 2944 3419 3012 μερῶν
3443 2943 3605 3015 [1149
3620 2925 3682 2999 lii

2099 3032 2594 3105 ψευδογραφούσης
2641 3036 2721 3097 είς
2768 3033 3033 3104 ἔκπληξιν
3076 3036 3167 3089 καὶ
3208 3038 3426 3107 ἀπάτην
3454 3037 3562 3090 τῶν
3590 3038 3683 3090 ἀν-

2096 3123 2353 3196 θρώπων.
2383 3126 2587 3196 Διόπερ
2619 3126 2715 3178 καὶ
2735 3126 2781 3159 ⁷⁸
2807 3127 2968 3198 ἡμεῖς
3001 3127 3099 3190 τὰς
3148 3129 3502 3199 περιπετείας
3551 3130 3680 3184 ταύ-

2092 3235 2191 3281 τας
2217 3219 2542 3288 ἀναγραφῆς
2572 3217 2909 3290 ἠξιώσαμεν,
2929 3221 2989 3273 οὐ
3021 3220 3380 3291 ψυχαγωγίας
3400 3223 3515 3276 ἀλλ’
3536 3223 3680 3291 ὠφε-

402 3323 594 3382 pntnnt
633 3313 746 3366 haec
809 3310 1054 3381 prodigia
1097 3324 1241 3371 esse,
1290 3323 1390 3363 nec
1429 3309 1606 3363 solum
1650 3309 1848 3375 rudes,
1891 3310 1986 3364 sed

2101 3310 2241 3375 λείας
2270 3312 2434 3366 ἕνεκα
2464 3311 2573 3365 τῶν
2599 3313 3107 3381 ἀναγινωσκόντων.
3167 3313 3362 3366 Πολλοὶ
3386 3316 3495 3385 γὰρ
3518 3314 3679 3385 τέρα-

397 3407 560 3457 ιεεὶειιιι
597 3404 825 3472 integrat-
857 3413 1046 3473 gentes
1067 3411 1120 3455 et
1150 3402 1335 3456 urbes.
1367 3400 1534 3455 Fama
1568 3410 1650 3456 est
1685 3402 1841 3457 initio
1862 3402 1990 3457 belli

396 3498 636 3563 Marsici,
658 3496 811 3564 juxta
828 3495 1055 3549 Romam
1072 3494 1267 3550 Italum
1290 3495 1581 3564 quemdam
1597 3494 1989 3566 Androgynum

398 3607 571 3646 uxore
600 3593 757 3645 ducta
783 3589 1060 3659 prioribus
1095 3603 1202 3643 non
1233 3588 1562 3653 absimilem,
1598 3602 1752 3643 reum
1782 3587 1985 3642 factum

397 3686 541 3755 apud
568 3694 813 3740 senatum
841 3682 1033 3749 fuisse,
1076 3681 1169 3751 qui
1197 3682 1614 3751 superstitiosus
1642 3680 1898 3746 nimium,
1931 3688 1988 3734 et

394 3801 423 3835 a
450 3780 753 3851 Tyrrhenis
786 3777 1133 3847 aruspicibus
1162 3790 1483 3846 persuasus,
1512 3774 1787 3831 hominem
1802 3775 1984 3829 vivum

389 3874 557 3941 jussit
581 3871 734 3924 exuri
799 3868 996 3922 Verum
1032 3877 1257 3923 senatus
1288 3867 1547 3937 ignorans
1583 3867 1855 3934 morbum,
1901 3867 1987 3920 in-

388 3968 537 4033 juste
580 3964 724 4016 lnmc
769 3960 966 4015 similis
1019 3959 1441 4028 participantem
1480 3958 1699 4028 quidem
1751 3969 1983 4025 naturae,

394 4074 502 4112 non
536 4071 722 4110 revera
760 4064 943 4107 autem
978 4061 1306 4118 monstrum,
1338 4053 1642 4108 damnavit.
1671 4051 1788 4107 Non
1815 4051 1985 4106 multo

395 4160 518 4220 post
554 4149 919 4202 Athenienses
952 4146 1143 4200 eadem
1170 4144 1237 4199 de
1262 4159 1426 4198 causa
1457 4144 1705 4199 morbum
1727 4147 1986 4215 ignoran-

392 4255 500 4305 tes,
528 4241 819 4309 quemdam
842 4240 1023 4293 vivunt
1060 4239 1135 4292 ait
1171 4237 1469 4291 exussisse.
1503 4235 1788 4307 Nugantur
1815 4236 1981 4292 etiam

392 4335 615 4403 quidam
645 4335 865 4405 hysenas
898 4331 1184 4401 utriusque
1208 4339 1418 4383 natura:
1440 4343 1565 4383 esse
1591 4327 1727 4396 (5(5),
1757 4338 1812 4383 et
1837 4330 1980 4383 intra

391 4445 592 4483 annum
631 4428 732 4481 sibi
760 4426 994 4480 invicem
1037 4425 1221 4487 coire;
1253 4421 1348 4476 sed
1381 4435 1469 4474 res
1505 4428 1617 4474 tota
1652 4419 1808 4473 falsa.
1840 4421 1979 4474 Nam

391 4534 684 4591 utramque
724 4531 976 4574 naturam
1025 4516 1362 4586 simplicem,
1410 4523 1465 4568 et
1507 4530 1613 4570 non
1663 4515 1979 4582 permistam

2092 3421 2161 3459 τα
2196 3405 2264 3459 τὰ
2321 3405 2549 3460 τοιαῦτα
2605 3405 2917 3478 νομίζοντες
2983 3403 3123 3461 εἶναι
3175 3407 3678 3478 δεισιδαιμονοῦσιν,

2092 3499 2195 3553 οὐκ
2247 3498 2458 3552 ἰδιῶται
2510 3502 2670 3569 μόνον
2714 3499 2853 3553 ἀλλὰ
2895 3499 2987 3552 καὶ
3021 3499 3145 3569 ἔθνη
3174 3500 3268 3553 καὶ
3288 3500 3495 3564 πόλεις.
3543 3503 3677 3556 Κατ’

2091 3591 2265 3662 ἀρχὰς
2301 3590 2429 3660 γοῦν
2455 3590 2549 3645 τοῦ
2572 3590 2858 3663 Μαρσικοῦ
2886 3590 3124 3662 πολέμου
3153 3592 3382 3663 πλησίον
3412 3593 3513 3663 τῆς
3548 3594 3677 3647 Ῥώ-

2096 3701 2206 3755 μης
2265 3682 2516 3738 οἰκοῦντό
2570 3701 2735 3754 φασιν
2786 3684 3071 3751 Ἰταλικὸν,
3124 3686 3482 3759 γεγαμηξιότα
3506 3704 3677 3757 παρα-

2090 3776 2322 3847 πλήσιον
2356 3778 2465 3832 τοῖς
2505 3777 2817 3847 εἰρημένοις
2872 3776 3218 3848 ἀνδρόγυνον,
3279 3779 3673 3848 προσαγγεῖλαι

2087 3870 2154 3937 τῇ
2214 3867 2524 3939 συγκλήτῳ,
2588 3868 2685 3938 τὴν
2742 3867 2798 3920 δὲ
2847 3867 3390 3937 δεισιδαιμονήσασαν
3432 3870 3676 3931 καὶτοῖς

2088 3957 2197 4013 ἀπὸ
2218 3958 2529 4031 Τυρρηνίας
2563 3960 2899 4030 ίεροσκόποις
2928 3959 3241 4012 πεισθεῖσαν
3294 3959 3473 4023 ζῶντα
3503 3977 3671 4030 προσ·

2087 4050 2247 4116 τάξαι
2308 4051 2531 4105 καῦσαι.
2567 4050 2768 4105 Τοῦτον
2818 4052 2918 4121 μὲν
2971 4051 3064 4105 οῦν
3111 4050 3303 4121 ὁμοίας
3350 4069 3646 4121 κεκοινωνη

2088 4143 2223 4196 κότα
2267 4140 2504 4210 φύσεως,
2542 4142 2657 4194 ἀλλ’
2684 4142 2744 4194 οὐ
2798 4142 2933 4213 πρὸς
2971 4141 3229 4211 ἀλήθειαν
3264 4142 3423 4212 τέρας
3446 4160 3668 4213 γεγενη-

2090 4238 2272 4307 μένον,
2304 4238 2467 4305 φασὶν
2502 4237 2696 4306 ἀγνοίᾳ.
2727 4236 2826 4306 τῆς
2876 4235 3032 4288 νόσου
3072 4235 3221 4303 παρά
3284 4236 3344 4287 τὸ
3396 4236 3667 4306 προσῆκον

2087 4331 2449 4386 ἀπολωλέναι.
2482 4330 2615 4383 Μετ’
2642 4330 2823 4397 ὀλίγον
2855 4328 2911 4381 δὲ
2943 4330 3038 4381 καὶ
3082 4330 3211 4398 παρ’
3243 4327 3546 4399 Ἀθηναίοις
3575 4327 3664 4380 τοῦ

2084 4422 2327 4476 τοιούτου
2350 4422 2646 4493 γενομένου
2668 4422 2753 4474 διὰ
2777 4421 2875 4491 την
2893 4420 3115 4488 ἄγνοιαν
3143 4418 3234 4472 τοῦ
3267 4420 3474 4483 πάθους
3494 4419 3665 4483 ζῶντά

2086 4532 2219 4584 φασι
2246 4516 2293 4547 ⁷⁸
2319 4514 2687 4584 κατακαῆναι.
2708 4514 2817 4567 Καὶ
2841 4513 2950 4583 γὰρ
2983 4514 3079 4576 τὰς
3103 4513 3148 4543 ⁷⁷
3191 4511 3490 4583 λεγομένας
3541 4513 3658 4565 ὑαί-

390 4616 613 4681 habeut,
656 4622 711 4666 et
744 4613 884 4667 male
920 4609 1265 4665 tradiderunt
1306 4608 1367 4672 ii,
1420 4608 1510 4676 qui
1547 4616 1753 4661 temere
1788 4608 1977 4661 obser-

2101 4627 2184 4672 νας
2238 4609 2381 4671 τινὲς
2438 4606 2829 4678 μυθολογοῦσιν
2889 4605 3127 4675 ἄρρενας
3188 4604 3303 4673 ἅμα
3329 4605 3418 4656 καὶ
3448 4603 3665 4674 θηλείας

391 4718 608 4761 varunt.
656 4705 905 4760 Muliebri
946 4704 1099 4758 sexui
1133 4700 1350 4769 adjacet
1392 4700 1651 4769 quiddam
1684 4699 1864 4755 simile
1890 4715 1979 4754 se-

390 4798 630 4853 cundum
675 4804 927 4847 naturam
971 4793 1111 4860 parti
1156 4791 1344 4854 virili,
1402 4800 1457 4844 ct
1504 4790 1646 4843 virili
1696 4789 1977 4845 contrario

391 4891 553 4944 modo
578 4888 723 4955 quod
759 4884 962 4939 referat
984 4886 1219 4949 speciem
1246 4884 1550 4938 muliebris.
1580 4882 1705 4938 il:cc
1755 4884 1973 4952 quidem

390 4984 456 5036 de
486 4980 741 5035 omnibus
773 4977 1097 5031 animalibus
1127 4993 1231 5031 non
1262 4977 1659 5039 crescentibus,
1684 4985 1734 5031 et
1764 4978 1829 5029 ad
1854 4992 1976 5045 pcr-

390 5076 590 5129 fectum
649 5073 1045 5125 incrementum
1098 5070 1407 5138 pertingere
1461 5086 1564 5122 non
1635 5070 1973 5135 valentibus,

388 5168 638 5237 quamvis
680 5165 847 5218 multa
906 5174 958 5217 et
985 5163 1134 5216 varia
1175 5176 1359 5215 revera
1417 5161 1671 5215 accidant
1703 5163 1972 5230 prodigia,

388 5262 533 5314 dicta
570 5268 697 5313 sunt
730 5259 796 5309 ad
825 5255 1268 5324 superstitionem
1308 5254 1620 5308 tollendam.

2089 4702 2380 4773 ὑπάρχειν,
2418 4702 2514 4756 καὶ
2557 4699 2689 4769 παρ’
2729 4698 2977 4752 ἐνιαυτὸν
3016 4699 3251 4771 ἀλλήλας
3304 4698 3538 4768 ὀχεύειν,
3573 4699 3666 4769 τῆς

2086 4779 2343 4864 ἀληθείας
2358 4793 2455 4863 οὐχ
2485 4790 2660 4854 οὕτως
2695 4789 2946 4861 ἐχούσης.
2979 4788 3270 4860 Ἐκατέρου
3298 4789 3403 4858 γὰρ
3437 4786 3533 4842 τοῦ
3581 4790 3667 4856 γέ-

2085 4903 2208 4949 νους
2256 4885 2435 4954 ἁπλῆν
2486 4884 2699 4955 ἔχοντος
2761 4882 2853 4935 καὶ
2910 4881 3267 4951 ἀνεπίμικτον
3320 4880 3417 4951 τὴν
3483 4880 3660 4948 φύσιν,

2086 4977 2459 5049 προσῶρισται
2495 4975 2555 5027 τὸ
2586 4973 3000 5044 ψευδογραφοῦν
3044 4973 3132 5025 καὶ
3186 4973 3662 5042 παρακρουόμενον

2084 5073 2213 5134 τοὺς
2246 5072 2366 5140 εἰκῇ
2404 5067 2747 5138 θεωροῦντας
2776 5085 2788 5097 ·
2822 5069 2886 5137 τῇ
2923 5066 3019 5136 μὲν
3062 5066 3232 5136 γάρ⁷⁸
3277 5065 3467 5135 θηλείᾳ
3504 5065 3663 5130 πρόπ-

2086 5154 2268 5212 κειταί
2295 5177 2345 5211 τι
2374 5159 2515 5210 κατά
2549 5159 2646 5229 τὴν
2673 5157 2834 5225 φύσιν
2871 5157 3226 5228 παρεμφερὲς
3256 5156 3443 5226 ἅῤῥενι
3471 5155 3655 5224 μορίῳ,

2082 5252 2160 5322 τῷ
2188 5252 2244 5304 δὲ
2284 5253 2475 5323 ἄρρενι
2517 5250 2659 5303 κατᾷ
2716 5250 2776 5303 τὸ
2824 5250 3064 5302 ἐναντίον
3110 5249 3406 5317 Erigere-ig"
3446 5247 3658 5316 θηλείας

388 5352 623 5423 φύσεως.
689 5350 746 5403 Ὀ
787 5349 830 5402 δ’
877 5348 1041 5409 αὐτὸς
1108 5347 1267 5415 λόγος
1320 5346 1413 5399 καὶ
1470 5347 1561 5398 ἐπὶ
1614 5364 1832 5400 παντων
1870 5346 1978 5399 τῶν
2021 5346 2197 5411 ζώων,
2230 5345 2542 5415 γενομένων
2575 5344 2620 5375 ⁸ο
2657 5345 2756 5415 μὲν
2820 5345 2957 5418 πρὸς
3013 5342 3274 5414 ἀλήθειαν
3308 5340 3515 5393 πολλῶν
3563 5340 3655 5393 καὶ

1687 5457 1919 5512 νΑΒΙιΕ
1964 5456 2372 5511 LECTIONES.

492 5563 535 5597 ⁷³
554 5564 793 5626 πλείονες
818 5561 880 5616 Β.
957 5561 1004 5593 ⁷⁸
1024 5558 1192 5612 τύπον
1225 5556 1265 5609 Β
1297 5573 1308 5607 :
1338 5554 1501 5607 τόπον
1532 5573 1590 5620 ς.

1671 5556 1718 5587 ⁷⁸
1734 5555 1827 5608 καὶ
1861 5556 1983 5609 add.
2022 5554 2100 5626 Β.
2162 5555 2207 5585 ⁷⁸
2239 5573 2371 5626 φησι
2401 5573 2461 5618 ς.

2569 5558 2613 5587 ⁷⁷
2640 5556 2733 5609 καὶ
2760 5555 2869 5627 γὰρ
2902 5556 2995 5609 καὶ
3018 5572 3069 5609 τ.
3094 5573 3154 5620 ς.
3231 5555 3275 5588 ⁷⁸
3307 5554 3410 5623 γὰρ
3436 5548 3554 5604 add.
3586 5552 3643 5606 Β.

388 5634 431 5665 ⁷⁸
472 5636 706 5706 ἔμφασις
740 5625 784 5687 Β
817 5643 871 5686 et
901 5647 1044 5687 corr.
1077 5632 1121 5682 Δ
1154 5646 1166 5681 :
1195 5626 1461 5697 ἐμφάσεις
1478 5644 1538 5691 ς’.
1617 5626 1661 5657 ⁸ο
1699 5627 1881 5680 malim
1913 5625 2234 5694 γινομένων.

1904 5717 2140 5773 ΝΟΤἉΕ.

460 5818 570 5887 (56)
596 5819 866 5873 Palladius
904 5818 965 5872 de
991 5817 1194 5887 hymnis
1226 5815 1276 5869 in
1311 5812 1430 5868 Vita
1466 5812 1712 5881 Macarii,
1740 5821 1792 5866 et
1825 5810 2055 5866 fortasse
2090 5809 2427 5867 liusbeurius
2458 5810 2508 5864 in
2541 5808 2820 5880 Legatione
2842 5807 3160 5879 Byzantina.

2030 5940 2168 5949 ,—.--.>v
