3924 6460
236 410 378 474 1389

232 522 598 580 παντοδαπῶν
624 522 891 595 τεράτων,
930 521 1006 592 μὴ
1057 521 1412 594 τρεφομένων
1472 519 1529 573 δὲ

229 616 475 689 εἰρήσθω
498 615 634 686 πρὸς
656 614 941 685 διόρθωσιν
969 614 1409 684 δεισιδαιμονίας.

1279 399 1804 465 BIBLIO’I‘HECA.
1847 421 1915 434 -
1943 394 2106 455 COD.
2146 394 2434 455 CCXLIV.

1614 517 1710 570 zeal.
1761 514 1840 577 είς
1910 513 2125 567 τελείαν
2172 512 2401 582 αὔξησιν
2448 509 2625 565 ἐλθεῖν
2666 510 2725 562 οὑ
2775 510 3110 580 δυναμένων.
3161 508 3349 565 Ταῦτα
3407 514 3508 583 μὲν

3375 393 3507 462 1390

314 712 380 766 '0
408 710 505 779 μὲν
528 708 622 763 οὖν
649 709 915 780 Διόδωρος
953 709 1090 780 πρὸς
1119 707 1198 778 τῷ
1230 706 1378 760 τέλει
1414 703 1510 760 τοῦ
1544 704 1623 775 λβ¹
1657 703 1819 771 λόγου

1995 696 2120 752 Haec
2160 695 2428 751 Diodorus
2453 695 2601 750 circa
2632 694 2790 749 linem
2822 693 2946 752 libri
2977 696 3237 753 tricesimi
3272 695 3505 765 secundi

228 803 334 873 τῆς
397 798 741 868 Ἵστορικῆς
790 799 957 854 αὑτοῦ
1007 801 1409 869 πραγματείας
1467 793 1707 850 τοσαῦτα
1740 794 1820 847 δι-

230 894 444 961 έξεισιο
486 892 584 945 καλ⁵
619 889 850 945 meust
894 891 1137 945 πλεῖστοι
1174 890 1430 953 τοιαύτας
1464 886 1820 960 περιπετείας

231 982 609 1054 ἱστορήκασιν.

844 1071 942 1126 Ἐκ
972 1070 1082 1126 τοῦ
1114 1070 1226 1126 λό’.

316 1164 407 1226 Ὧς
448 1162 723 1233 Ἀντίοχος
744 1163 774 1216 ό
806 1160 1085 1231 βασιλεὺς,
1116 1162 1285 1233 φησὶν
1310 1161 1383 1228 δι,
1412 1160 1723 1232 ἐπολιόρκει
1749 1159 1821 1213 τά

246 1254 629 1325 Ἰεροσόλυμα,
674 1255 724 1306 οῖ
758 1254 814 1306 δέ
856 1253 1102 1306 Ἰουδαῖοι
1160 1253 1324 1324 μέχρι
1366 1251 1469 1323 μέν
1508 1269 1656 1316 τινος
1691 1252 1821 1306 ἀντ-

232 1348 418 1417 έσχον,
469 1344 917 1410 ἐξαναλωθέντων
964 1344 1021 1397 δὲ
1066 1344 1176 1398 τῶν
1215 1344 1536 1414 ἐπιτηδείων
1564 1344 1821 1398 ἁπάντων

231 1437 663 1507 ἡναγκάσθησαν
687 1436 815 1506 περὶ
838 1434 1138 1499 διαλύσεως
1163 1434 1718 1507 διαπρεσϐεύσασθαι.
1750 1431 1818 1489 Οἱ

231 1532 293 1585 δὲ
322 1531 547 1592 πλείους
582 1527 733 1598 αὑτῷ
761 1528 868 1582 τῶν
896 1529 1066 1598 φίλων
1098 1527 1482 1581 συνεϐούλευον
1512 1528 1652 1583 κατά
1690 1528 1820 1599 κρά-

233 1639 327 1683 τος
359 1622 615 1691 αἱρήσειν
652 1618 752 1690 τὴν
789 1619 945 1672 πόλιν
979 1618 1075 1672 καὶ
1114 1617 1175 1670 τὸ
1214 1618 1370 1685 γένος
1406 1618 1575 1688 ἄρδην
1605 1618 1819 1672 ἀνελεῖν

233 1714 343 1768 τῶν
387 1712 656 1765 Ἰουδαίων
678 1728 691 1742 ·
734 1711 928 1781 μόνους
957 1711 1065 1780 γὰρ
1094 1710 1349 1764 ἁπάντων
1381 1710 1551 1762 ἐθνῶν
1584 1710 1817 1763 ἀκοινω-

235 1805 433 1874 νήτους
469 1800 611 1856 εἶναι
642 1803 740 1871 τῆς
768 1802 905 1872 πρὸς
934 1801 1061 1855 ἄλλο
1087 1802 1237 1863 ἔθνος
1273 1800 1553 1871 ἐπιμιξίας
1584 1800 1679 1852 καὶ
1723 1817 1821 1853 πο-

235 1891 461 1961 λεμίους
494 1890 898 1960 ὑπολαμϐάνειν
928 1891 1159 1952 πάντας.
1211 1890 1587 1943 ’Λπεδείκνυον
1624 1888 1681 1940 δὲ
1725 1888 1821 1941 καὶ

236 1983 361 2045 τοὺς
396 1982 697 2051 προγόνους
727 1980 908 2033 αὐτῶν
954 1980 1030 2044 ὡς
1077 1982 1294 2044 ἀσεϐεῖς
1329 1981 1424 2034 καὶ
1459 1978 1819 2050 μισουμένους

238 2072 342 2125 ὑπὸ
370 2072 482 2125 τῶν
515 2073 562 2105 θ’
596 2071 734 2125 θεῶν
768 2071 827 2137 ἐξ
861 2070 1081 2141 ἁπάσης
1120 2072 1219 2142 τῆς
1259 2071 1538 2140 Αἰγύπτου
1569 2087 1819 2141 πεφυγα-

236 2164 551 2235 δευμένους.
592 2165 731 2227 Τοὺς
761 2165 871 2235 γὰρ
912 2163 1119 2233 ἀλφοὺς
1163 2164 1195 2234 ἢ
1243 2164 1452 2234 λέπρας
1490 2163 1711 2233 ἔχοντας
1760 2165 1819 2217 ἐν

235 2261 346 2321 τοῖς
380 2256 619 2326 σώμασι,
650 2256 940 2326 καθαρμοῦ
973 2257 1136 2327 χάριν
1167 2256 1244 2321 ὡς
1280 2257 1495 2326 ἐναγεῖς
1531 2257 1820 2328 συναθροι-

240 2346 490 2412 σθέντας,
535 2344 661 2418 [619
706 2344 799 2419 Η.]
841 2346 1171 2417 ὑπερορίους
1217 2346 1583 2416 ἐκϐεϐλῆσθαι
1622 2365 1637 2378 ο
1693 2347 1820 2410 τοὺς

235 2439 294 2492 δὲ
349 2438 734 2509 ἐξορισθέντας
792 2438 1201 2492 καταλαϐέσθαι
1259 2440 1361 2509 μέν
1406 2439 1533 2502 τοὺς
1583 2437 1823 2511 περὶτὰ

252 2531 601 2600 Ἱεροσόλυμα
624 2532 841 2596 τόπους,
878 2529 1323 2600 συστησαμένους
1359 2529 1416 2583 δὲ
1448 2530 1509 2583 τὸ
1538 2530 1649 2585 τῶν
1688 2532 1822 2583 Ἰου-

235 2622 401 2676 δαίων
444 2621 599 2683 ἔθνος
643 2620 1020 2692 παραδόσιμον
1056 2622 1278 2692 ποιῆσαι
1316 2621 1378 2673 τὸ
1411 2622 1567 2691 μῖσος
1594 2620 1655 2674 τὸ
1686 2621 1822 2691 πρὸς

238 2716 359 2776 τοὺς
414 2713 746 2784 ἀνθρώπους
795 2713 878 2745 ⁸³⁸
919 2712 1008 2766 διὰ
1054 2711 1212 2765 τοῦτο
1268 2713 1325 2766 δέ
1373 2714 1420 2745 ⁸⁸
1466 2712 1561 2765 καὶ
1611 2711 1821 2781 νόμιμα

241 2806 521 2868 παντελῶς
554 2804 938 2875 ἐξηλλαγμένα
969 2804 1309 2870 καταδεῖξαι,
1339 2804 1401 2857 τὸ
1446 2804 1635 2873 μηδενὶ
1676 2801 1821 2873 ἄλλῳ

238 2897 372 2950 ἔθνει
400 2895 684 2968 τραπέζης
708 2898 984 2950 κοινωνεῖν
1009 2897 1134 2967 μηδ’
1164 2895 1366 2949 εὐνοεῖν
1388 2896 1449 2947 τὸ
1472 2895 1728 2966 παράπαν
1751 2894 1819 2949 ⁸⁸.

251 2989 605 3059 ’Υπέμνησαν
637 2987 694 3040 δὲ
720 2987 883 3041 αὑτὸν
921 2988 1015 3040 καὶ
1045 2988 1176 3057 περὶ
1202 2986 1297 3040 τοῦ
1334 2987 1734 3057 προγενομένου
1773 2985 1821 3018 ⁸⁸

243 3082 434 3153 μίσους
463 3083 577 3144 τοῖς
612 3081 905 3151 προγόνοις
937 3079 1073 3150 πρὸς
1101 3076 1261 3131 τοῦτο
1290 3077 1352 3130 τὺ
1396 3077 1567 3141 ἔθνος.
1620 3077 1823 3131 Ἀντίο-

238 3191 328 3243 χος
352 3174 467 3242 γὰρ
507 3174 535 3224 ό
566 3170 1029 3242 προσαγορευθεὶς
1068 3169 1395 3241 Ἐπιφανὴς,
1434 3169 1822 3240 καταπολεμή-

240 3281 336 3327 σας
350 3267 482 3327 τοὺς
516 3264 823 3326 Ἰουδαίους,
847 3262 1095 3332 εἰσῆλθεν
1114 3264 1195 3326 εἰς
1221 3262 1313 3317 τὸν
1337 3262 1528 3316 ἄδυτον
1559 3262 1653 3315 τοῦ
1683 3260 1818 3317 Θεοῦ

1920 789 2286 844 Historiarum
2316 788 2676 858 prosequitur,
2716 787 2843 846 licet
2867 788 3034 845 etiam
3058 789 3175 853 alii,
3209 799 3266 847 et
3289 791 3507 862 plurimi

1920 881 1986 935 de
2015 880 2275 950 prodigiis
2305 878 2626 947 scripserint
2655 878 2789 949 (57).

2307 1061 2395 1116 Ea;
2424 1063 2558 1117 libro
2597 1062 2862 1118 tricesimo
2904 1074 3112 1134 quarto.

1990 1155 2291 1222 Obsidenti,
2328 1156 2531 1226 inquit,
2561 1154 2831 1211 Antiocho
2856 1156 2970 1226 regi
3006 1156 3402 1230 Hierosolyma,
3436 1174 3505 1217 eo

1920 1263 2094 1319 usque
2119 1246 2291 1303 Judzel
2326 1249 2668 1311 restiterunt,
2699 1247 2875 1303 donec
2890 1249 3197 1304 necessaria
3215 1251 3395 1305 omnia
3418 1252 3505 1307 de-

1919 1339 2197 1396 fecissent.
2233 1338 2387 1395 Tunc
2416 1339 2482 1395 de
2507 1339 2880 1408 componenda
2904 1339 3185 1410 relegatos
3212 1341 3502 1406 miserunt,

1920 1443 1975 1488 et
2006 1445 2101 1487 eos
2128 1430 2417 1501 plerosque
2442 1431 2624 1503 regios
2642 1433 2867 1488 amicos.
2907 1432 3095 1503 itaque
3118 1449 3341 1490 suasere
3368 1436 3501 1505 regi,

1921 1532 1980 1577 ut
2012 1522 2276 1577 violenter
2313 1523 2500 1577 urbem
2539 1522 2799 1589 dirueret,
2839 1531 2895 1578 et
2928 1534 3143 1594 gentem
3192 1524 3503 1580 Judaaorum

1921 1613 2161 1669 funditus
2192 1621 2484 1669 everteret.
2517 1613 2674 1670 Solos
2702 1616 2847 1669 enim
2884 1630 2979 1671 eos
3032 1630 3155 1672 esse
3183 1618 3274 1687 qui
3304 1617 3501 1687 379a

1921 1721 2043 1761 cum
2076 1705 2197 1760 aliis
2225 1704 2475 1776 gentibus
2513 1705 2648 1760 nihil
2684 1706 2926 1762 habeant
2963 1722 3272 1773 commune,
3304 1718 3358 1761 et
3385 1724 3503 1762 om-

1921 1810 2018 1851 nes
2039 1796 2093 1850 in
2120 1797 2356 1851 hostium
2378 1812 2606 1852 numero
2640 1808 2869 1867 ponant,
2891 1808 2945 1855 et
2983 1800 3188 1855 clarum
3219 1816 3340 1857 esse
3370 1817 3505 1871 quo-

1920 1889 2080 1943 modo
2123 1888 2353 1955 majores
2394 1902 2582 1943 eorum
2619 1931 2634 1954 ,
2670 1899 2729 1944 ut
2766 1891 2918 1961 impii
2957 1900 3013 1947 et
3061 1894 3429 1949 cxsecrabiles
3470 1909 3499 1947 a

1922 1978 2024 2033 diis
2075 1993 2142 2033 ex
2178 1979 2323 2033 omni
2367 1979 2598 2051 JEgypto
2632 1982 2865 2049 expulsi,
2906 1990 2958 2038 et
2989 1985 3261 2052 quomodo
3302 1985 3501 2054 leprosi

1848 2044 1892 2100 Β
1921 2068 2206 2124 confertim
2236 2069 2355 2130 loco
2381 2044 2752 2126 mundationis
2775 2073 2921 2126 velut
2947 2044 3249 2130 detestandi
3288 2044 3499 2144 profugi

1919 2160 2073 2229 ejecti
2126 2160 2255 2226 sint,
2302 2169 2359 2215 et
2403 2176 2531 2215 mox
2563 2160 2957 2233 Hierosolymis
2999 2163 3117 2219 loca
3162 2169 3500 2222 contermina

1919 2250 2250 2321 abripientes
2268 2250 2408 2307 hanc
2430 2260 2644 2323 gentem
2666 2254 3054 2323 ordinaverint,
3082 2268 3135 2310 et
3160 2257 3342 2311 odium
3373 2272 3503 2328 erga

1918 2357 2110 2399 omnes
2143 2343 2391 2400 homines
2421 2344 2752 2400 induxerint.
2795 2346 2974 2412 Quare
3001 2357 3058 2403 et
3087 2347 3248 2402 aliam
3278 2350 3501 2403 omnino

1917 2432 2044 2487 vita:
2094 2433 2495 2489 institutionem
2539 2435 2845 2503 complecti,
2889 2452 2991 2493 nec
3021 2452 3148 2493 cum
3189 2437 3293 2493 alia
3341 2447 3501 2506 gente

1919 2524 2141 2579 omnino
2171 2526 2309 2580 velle
2334 2526 2644 2591 comedere,
2674 2544 2773 2583 nec
2787 2530 2952 2583 etiam
2981 2529 3115 2584 velle
3154 2528 3495 2585 benefacere.

1918 2616 1999 2671 Ad
2036 2618 2149 2672 haec
2182 2618 2231 2671 ei
2268 2616 2530 2684 majorum
2561 2619 2743 2673 odium
2791 2635 3013 2675 suorum
3057 2636 3183 2688 erga
3222 2622 3367 2676 hunc
3398 2636 3498 2691 po-

1921 2706 2100 2775 pulum
2162 2707 2215 2761 in
2246 2710 2561 2763 memoriam
2609 2721 2955 2767 revocarunt.
3006 2714 3305 2768 Antiochus
3351 2714 3495 2767 enim

1919 2798 2095 2853 dictus
2144 2798 2453 2869 Epiphanes
2498 2801 2725 2858 devictis
2772 2801 2973 2858 Judazis
3013 2806 3239 2859 intravit
3295 2804 3498 2860 Sancta

1919 2896 2251 2954 sanctorum,
2293 2891 2426 2945 adiit
2461 2892 2591 2947 solis
2618 2894 2992 2950 sacerdotibus
3036 2898 3300 2963 adeunda,
3336 2909 3392 2952 et
3418 2900 3501 2953 in-

1922 2980 2065 3035 venit
2091 2981 2286 3036 ibidem
2308 2981 2573 3052 lapideam
2604 2993 2841 3040 statuam
2885 2987 2985 3041 viri
3018 2989 3183 3043 barba
3209 2992 3495 3058 promissa,

1921 3073 2154 3127 tenentis
2183 3073 2433 3128 manibus
2463 3074 2657 3129 librum
2702 3076 3094 3147 insidentisque
3132 3082 3304 3146 asino,
3338 3097 3499 3149 quam

1918 3163 2146 3232 putabat
2190 3160 2354 3219 Mosis
2389 3178 2532 3229 esse,
2591 3168 2683 3235 qui
2730 3169 2917 3223 urbem
2965 3181 3021 3225 et
3063 3172 3393 3237 condiderit,
3447 3187 3502 3226 ct.

1919 3265 2132 3323 gentem
2172 3255 2435 3324 fundarit,
2467 3267 2521 3313 et
2558 3259 2782 3315 odiosas
2817 3261 2939 3317 illas
2967 3264 3219 3319 omnibus
3249 3267 3501 3334 gentibus

242 3359 425 3428 σηκὸν,
450 3348 513 3410 οὗ
526 3354 570 3387 ⁸⁷
590 3355 751 3427 [1150
766 3353 857 3422 IL]
872 3355 1101 3424 νόμιμον
1122 3353 1347 3408 εἰσιέναι
1368 3357 1526 3425 μόνον
1539 3354 1627 3406 τὸν
1646 3354 1817 3424 ἱερέα·

1924 3346 2067 3414 leges
2092 3346 2290 3402 tulerit.
2324 3348 2443 3417 Ipse
2467 3364 2593 3403 vero
2622 3351 2844 3417 cupiens
2866 3352 3136 3407 obducere
3172 3353 3353 3408 odium
3377 3368 3500 3407 om-

238 3447 409 3520 εὑρὼν
458 3448 515 3501 δέ
554 3448 612 3501 ἐν
644 3446 791 3517 αὑτῷ
820 3447 1019 3501 λίθινον
1057 3447 1281 3518 ἄγαλμα
1320 3447 1514 3519 ἀνδρὸς
1560 3447 1815 3518 βαθυπώ-

1924 3436 2069 3491 nium
2109 3437 2372 3506 gentium,
2404 3436 2550 3507 leges
2595 3438 2894 3494 dissolvere
2922 3449 3151 3495 conatus
3188 3450 3291 3495 est.
3322 3443 3501 3507 Quare

238 3557 431 3609 γωνος,
482 3538 791 3610 καθήμενον
826 3540 912 3591 ἐπ’
952 3538 1099 3603 όνου,
1142 3541 1280 3610 μετά
1312 3542 1503 3610 χεῖρας
1545 3538 1685 3611 ἔχων
1731 3540 1815 3611 βι-

240 3631 401 3697 ϐλίον,
428 3630 588 3685 τοῦτο
619 3631 718 3701 μὲν
746 3630 983 3685 ὑπέλαϐε
1015 3633 1295 3695 Μωῦσέως
1331 3630 1379 3664 ⁸⁸
1407 3629 1548 3686 εἶναι
1572 3633 1668 3687 τοῦ
1702 3636 1820 3688 κτί-

242 3737 433 3785 σαντος
468 3721 537 3775 τά
575 3721 919 3791 Ἰεροσόλυμα
948 3721 1041 3774 καὶ
1084 3722 1495 3791 συστησαμένου
1538 3724 1599 3776 τὸ
1643 3723 1813 3789 ἔθνος,

241 3812 371 3879 πρὸς
387 3813 451 3866 δὲ
470 3810 677 3876 τούτοις
695 3814 1161 3882 νομοθετήσαντος
1180 3810 1247 3864 τὰ
1269 3812 1629 3883 μισάνθρωπα
1647 3816 1742 3869 καὶ
1773 3815 1817 3845 ⁸³

241 3906 534 3976 παράνομα
577 3903 672 3977 ἔθη
705 3908 817 3967 τοῖς
860 3903 1159 3968 Ἰουδαίοις,
1188 3903 1350 3967 αὑτὸς
1380 3903 1437 3956 δέ
1469 3906 1741 3976 στυγήσας
1771 3906 1818 3938 ⁹⁰

241 3998 335 4067 τὴν
364 3998 786 4070 μισανθρωπίαν
818 4000 1036 4055 πάντων
1062 4000 1232 4053 ἐθνῶν
1259 4000 1617 4071 ἐφιλοτιμήθη
1646 4018 1819 4055 κατα-

241 4088 395 4144 λῦσαι
432 4096 500 4146 τὰ
532 4093 742 4163 νόμιμα
764 4109 778 4123 ·
818 4094 896 4146 διὸ
924 4092 1003 4164 τῷ
1034 4090 1310 4162 ἀγάλματι
1342 4092 1439 4147 τοῦ
1471 4094 1690 4147 κτίστου
1725 4094 1819 4147 καὶ

241 4180 317 4249 τῷ
348 4181 600 4253 ὑπαίθρῳ
632 4184 802 4254 βωμῷ
827 4183 921 4237 τοῦ
951 4184 1087 4237 Θεοῦ
1124 4186 1367 4256 μεγάλην
1390 4180 1455 4237 ὒν
1476 4184 1644 4248 θύσας
1676 4184 1736 4236 τό
1758 4202 1817 4237 τε

245 4266 382 4339 αἷμα
399 4273 695 4341 προσέχεεν
721 4275 925 4337 αὑτοῖς,
956 4275 1051 4328 καὶ
1071 4278 1137 4329 τὰ
1162 4277 1301 4346 κρέα
1326 4276 1598 4337 σκευάσας
1650 4291 1819 4344 προσ-

245 4360 395 4428 έταξε
413 4361 491 4431 τῷ
513 4362 661 4435 [μὲν]
687 4365 794 4418 ἀπὸ
820 4366 1027 4419 τούτων
1058 4366 1225 4438 ζωμῷ
1254 4368 1353 4431 τὰς
1382 4354 1535 4438 ίερέις
1564 4367 1745 4421 αὐτῶν
1772 4367 1816 4399 ⁹¹

246 4450 453 4519 βίϐλους
478 4457 569 4509 καὶ
591 4453 962 4527 περιεχούσας
990 4458 1060 4511 τὰ
1086 4459 1343 4527 μισόξενα
1376 4462 1583 4531 νόμιμα
1614 4460 1820 4531 καταρ-

244 4542 418 4613 ῥᾶναι,
461 4546 552 4598 τὸν
596 4546 653 4599 δὲ
692 4548 964 4602 ἀθάνατον
993 4548 1283 4618 λεγόμενον
1327 4551 1457 4623 παρ’
1495 4554 1680 4617 αὑτοῖς
1723 4553 1819 4606 λύ-

230 4628 363 4702 ’χνον
393 4641 487 4691 καὶ
518 4640 809 4710 καιόμενον
838 4643 883 4673 ⁹¹
913 4643 1277 4707 ἀδιαλείπτως
1312 4646 1370 4697 ἐν
1406 4644 1482 4715 τῷ
1507 4645 1623 4715 ναῷ
1648 4663 1818 4700 κατα-

1918 3538 2111 3583 statuaa
2135 3528 2456 3595 conditoris,
2487 3538 2541 3583 et
2577 3530 2733 3584 altari
2761 3530 2855 3585 Dei
2889 3531 3123 3585 subdiali
3164 3544 3381 3602 porcam
3422 3531 3501 3586 ἰι-

1919 3633 2131 3689 gentem
2192 3621 2553 3687 sacriﬁcavit,
2591 3633 2645 3677 et
2693 3623 2954 3695 sanguine
2989 3623 3112 3678 illos
3158 3623 3416 3693 perfudit,
3446 3634 3502 3677 et

1920 3731 2139 3771 carnem
2190 3730 2452 3784 coquens,
2494 3716 2660 3787 jussit
2699 3732 2887 3773 sacros
2934 3732 3124 3774 eorum
3154 3720 3323 3776 libros
3352 3762 3366 3786 ,
3407 3720 3499 3788 qui

1920 3807 2070 3877 leges
2098 3808 2467 3876 continerent,
2485 3809 2611 3877 jure
2635 3809 2727 3864 illo
2744 3812 3042 3880 corrumpi,
3068 3821 3121 3867 et
3147 3812 3451 3868 oblitterari
3480 3830 3496 3867 :

1922 3904 2096 3971 ignem
2145 3919 2419 3975 nunquam
2457 3905 2818 3971 deiicientem,
2847 3914 2904 3960 et
2954 3920 3189 3975 semper,
3228 3915 3289 3962 ut
3323 3907 3497 3970 aiunt,

1922 3996 2227 4060 ardentem,
2259 3998 2313 4051 in
2360 3998 2562 4067 templo
2600 3998 2896 4069 exstingui,
2929 4008 2984 4052 et
3025 4014 3242 4055 carnem
3283 3999 3495 4054 suillam

1921 4103 2189 4142 summum
2242 4091 2616 4155 sacerdotem,
2663 4090 2906 4160 aliosque
2948 4089 3163 4147 Judaeos
3213 4092 3500 4147 comedere

1922 4182 2117 4250 coegit.
2147 4180 2274 4237 llzec
2315 4191 2601 4236 narrantes
2642 4180 2716 4235 illi
2760 4183 2958 4250 amicir
2988 4183 3314 4239 Antiochum
3342 4185 3500 4239 vehe-

1922 4280 2132 4325 menter
2163 4271 2229 4325 ad
2267 4280 2433 4324 totam
2472 4278 2686 4339 gentem
2717 4270 3071 4340 perdendam,
3093 4281 3186 4326 aut
3214 4270 3408 4326 saltem
3432 4271 3499 4325 ad

1920 4363 2242 4418 evertendas
2272 4361 2441 4431 leges,
2477 4371 2533 4415 et
2566 4361 2690 4416 vitae
2744 4363 3132 4417 institutionem
3166 4372 3379 4419 mutare
3408 4378 3500 4418 co-

1922 4458 2153 4527 gendum
2189 4456 2503 4509 incitarunt.
2529 4452 2729 4508 Verum
2765 4471 2858 4510 rex
2889 4457 3290 4525 magnanimus,
3332 4455 3499 4510 mori-

1922 4549 2129 4619 busque
2162 4556 2501 4613 mansuetus,
2529 4546 2905 4616 impositisqne
2933 4547 3228 4601 tolerandis
3257 4548 3495 4611 tributis,

1921 4652 1977 4695 ct
2008 4658 2092 4693 llltl
2103 4655 2161 4693 ro
2181 4640 2400 4708 privans
2420 4637 2694 4691 civitatem
2719 4636 3240 4707 Hierosolymorum,
3259 4638 3498 4706 acceptis

231 4724 427 4798 ~o6écau.
460 4728 568 4781 τών
598 4747 655 4782 τε
695 4730 874 4800 κρεῶν
920 4732 1239 4801 ἀναγκάσας
1272 4733 1318 4766 ³⁸
1353 4734 1819 4805 προσενέγκασθαι

1926 4733 2232 4793 obsidibus,
2268 4728 2481 4783 Judaeos
2514 4729 2743 4782 crimine
2770 4728 3032 4783 liberavit.

242 4814 329 4868 τὸν
357 4819 617 4890 ἀρχιερέα
655 4822 749 4875 καὶ
777 4822 904 4885 τοὺς
928 4824 1120 4886 ἄλλους
1167 4824 1476 4888 Ἰουδαίους.
1529 4824 1716 4878 Ταῦτα
1746 4825 1810 4896 δὴ
1850 4824 2139 4890 διεξιόντες
2167 4820 2215 4873 oi
2249 4819 2392 4889 φίλοι
2414 4819 2503 4871 τὸν
2530 4818 2804 4889 Ἀντίοχον
2862 4818 3206 4888 παρεκάλουν
3267 4820 3500 4889 μάλιστα

247 4908 340 4975 μὲν
370 4912 536 4981 ἄρδην
563 4912 771 4968 ἀνελεῖν
799 4912 859 4965 τὸ
884 4913 1054 4978 ἔθνος,
1081 4914 1131 4966 εί
1168 4913 1224 4967 δὲ
1269 4915 1367 4983 μὴ,
1415 4915 1714 4969 καταλῦσαι
1789 4915 1859 4969 τὰ
1896 4915 2098 4983 νόμιμα
2158 4911 2253 4962 καὶ
2298 4908 2705 4976 συναναγκάσαι
2744 4910 2843 4971 τὰς
2879 4907 3101 4976 ἀγωγὰς
3147 4907 3496 4975 μεταθέσθαι.

230 4988 310 5079 l'O
346 5003 400 5055 δὲ
424 5006 676 5074 βασιλεὺς
710 5008 1087 5079 μεγαλόψυχος
1122 5007 1198 5063 ὢν
1232 5011 1327 5063 καὶ
1353 5011 1413 5063 τὸ
1441 5005 1572 5080 ἦθος
1635 5010 1860 5080 ἥμερος,
1934 5008 2114 5061 λαϐὼν
2144 5008 2389 5076 ὁμήρους
2410 5004 2649 5057 ἀπέλυσε
2682 5004 2790 5057 τῶν
2824 4992 3185 5075 ἐγκλημάτων
3215 5007 3335 5069 τοὺς
3370 5006 3500 5057 Ἰου-

232 5086 440 5160 δαίους,
494 5099 693 5167 φόρους
742 5116 801 5152 τε
849 5102 977 5164 τοὺς
1022 5101 1407 5170 ὀφειλομένους
1452 5102 1821 5173 πραξάμενος,
1858 5102 1951 5156 καὶ
1988 5103 2056 5155 τὰ
2086 5100 2241 5170 τείχη
2268 5098 2535 5170 περιελὼν
2568 5099 2676 5151 τῶν
2713 5097 3115 5171 Ἰεροσολύμων.

316 5189 497 5243 Ταῦτα
549 5192 811 5265 Διόδωρος
854 5195 985 5264 περὶ
1031 5194 1139 5247 τῶν
1177 5196 1490 5249 Μωσαῖκῶν
1542 5196 1683 5251 ἐθῶν
1731 5198 1823 5251 καὶ

2002 5195 2126 5249 Hice
2161 5195 2423 5250 Diodorus
2474 5197 2538 5250 de
2572 5194 2821 5249 Mosaicis
2866 5196 3127 5252 institutis
3180 5206 3234 5251 et
3267 5196 3499 5265 legibus,

1514 5335 1752 5391 VARUE
1796 5334 2201 5391 LECTIONES.

314 5426 355 5457 ⁸⁸
376 5430 541 5505 φησιν
568 5444 677 5505 om.
852 5430 893 5462 ⁸³
924 5430 1028 5505 ὑπο
1057 5430 1166 5483 τῶν
1195 5431 1275 5483 A:
1311 5433 1460 5502 παρὰ
1486 5451 1545 5497 ς.
1632 5436 1681 5466 ⁸³
1700 5436 1761 5488 τὸ
1785 5434 1918 5505 πρὸς
1944 5430 2423 5505 τοὺςίάνθρύλπους
2455 5433 2609 5505 μῖσος
2847 5430 2903 5484 δὲ
2932 5444 3037 5505 oin.
3062 5429 3121 5483 Β.
3154 5499 3163 5505 Δ
3198 5428 3242 5460 ⁸⁸
3268 5429 3496 5505 senap-

233 5495 384 5569 ’ᾀπαν
421 5495 541 5569 μηδ’
564 5501 770 5553 εὐνοεῖν
803 5519 863 5564 ς.

249 5564 284 5614 ll
314 5584 325 5617 :
356 5564 589 5633 Μωσέως
620 5588 681 5636 ς.

247 5636 397 5688 κάςαι
425 5638 486 5693 Β.

770 5572 815 5602 ⁸⁸
854 5572 947 5625 καὶ
966 5571 1087 5626 add.
1115 5572 1181 5625 A.

968 5494 1446 5574 “atpoyevouévou
1478 5494 1522 5556 Ᾱ
1553 5522 1565 5556 :
1600 5494 1991 5574 γενομένους.
2053 5494 2112 5535 ή⁸⁷
2142 5494 2227 5574 οὗ]

1288 5573 1334 5604 ⁹⁶
1377 5573 1676 5643 στυγήσας]
1716 5573 1835 5628 libri
1869 5574 2161 5643 συστήσας.

2772 5500 2819 5532 ⁸⁸
2849 5499 3110 5567 μωῦσέως
3138 5499 3201 5566 Α,
3249 5499 3494 5567 μωῦσέος

2710 5574 2755 5605 ν’
2776 5571 3039 5639 καόμενον
3082 5570 3137 5623 Β.
3253 5569 3299 5600 ’³
3322 5569 3508 5647 (Ξιναγερ⁴

2326 5503 2372 5554 Α
2414 5498 2596 5556 malim
2624 5498 2679 5555 οἶ

2256 5558 2301 5603 ⁸⁸
2344 5570 2509 5624 αὑτοῦ
2539 5573 2603 5627 Α.

1694 5732 1927 5789 NOT/E.

227 5904 232 5913 _
319 5820 415 5893 Γπ)
449 5827 620 5887 Julius
642 5830 978 5901 Obsequens,
997 5830 1070 5912 .T.
1110 5830 1314 5901 Livius,
1338 5829 1681 5897 Plutarchus,
1714 5828 1847 5886 Dion
1889 5840 1943 5888 et
1971 5830 2082 5884 alii.
