3924 6482
372 400 498 466 1391

1469 389 1732 451 PIIOTII
1772 390 2276 451 PATBIARCH/E
2306 390 2411 450 (ΣΡ.

3504 382 3643 448 1392

371 517 437 569 de
461 509 741 566 conditore
775 503 1298 575 Hierosolymorum,
1331 501 1397 555 dc
1439 501 1586 555 exitu
1619 518 1684 557 ex
1721 500 1955 570 [Egypto

2075 503 2324 574 mpii}.wa
2368 499 2504 554 ἀλλὰ
2545 501 2639 552 καὶ
2687 500 2782 553 τοῦ
2817 497 2925 552 τῶν
2983 495 3375 568 Ἱεροσολύμων
3424 497 3644 551 κτίστου

371 604 649 657 mentitur.
684 599 746 654 Et
777 599 829 652 in
858 596 1284 666 reprehensione
1315 591 1622 646 Jttdzeornnt
1656 592 1824 662 380
1844 610 1875 645 a
1897 594 1949 645 in

370 693 654 748 mendacio
679 704 1059 760 perseverans,
1092 701 1158 741 ne
1187 685 1289 740 sibi
1324 685 1422 754 ipsi
1461 685 1842 738 contradicere
1873 686 1954 738 vi-

369 787 596 847 deatur,
650 792 902 850 tanquam
961 780 1098 835 alios
1152 787 1435 832 narrantes
1482 776 1709 839 inducit,
1757 775 1955 844 quibus

370 874 626 930 Antiochi
649 872 941 927 amicitiam
973 869 1241 940 adjungit.
1270 868 1398 924 llaec
1425 881 1640 937 quoque
1669 868 1736 921 de
1753 866 1954 923 Judaais

371 967 508 1024 libro
533 984 601 1022 χι.
636 964 978 1030 Βίίιίίοιίιεσαι
1023 961 1202 1015 habet.

658 1237 742 1290 Ea:
782 1233 1190 1306 quadragesimo
1241 1232 1381 1286 circa
1424 1229 1671 1284 medium.

447 1329 759 1399 Scripturus
808 1325 1009 1380 bellum
1041 1333 1228 1378 contra
1265 1321 1481 1376 Iudaeos
1511 1336 1609 1390 par
1624 1335 1745 1375 esse
1769 1319 1960 1375 existi-

373 1422 518 1479 mavi
571 1419 896 1490 principium
952 1416 1102 1484 prius
1148 1425 1202 1468 et
1251 1425 1430 1468 ortum
1477 1413 1638 1484 hujus
1681 1415 1859 1482 gentis
1908 1423 1964 1467 et

374 1514 619 1569 instituta
641 1523 947 1565 recensere.
973 1506 1120 1560 Multi
1141 1507 1280 1574 apud
1295 1505 1582 1577 AEgyptios
1606 1505 1735 1568 olim
1775 1505 1958 1574 perni-

373 1606 534 1661 ciosa:
578 1603 739 1670 hujus
777 1599 1103 1655 calamitatis
1144 1613 1364 1653 causam
1399 1598 1463 1651 ad
1509 1598 1674 1651 Deum
1697 1596 1960 1652 referunt.

372 1699 504 1753 Cum
544 1695 698 1750 multi
732 1685 791 1747 et
830 1692 965 1746 varii
1008 1690 1278 1760 peregrini
1311 1688 1607 1760 Egyptum
1638 1689 1961 1753 incolerent,

373 1788 607 1843 diversis
646 1784 991 1840 sacriﬁcandi
1029 1792 1246 1837 utentes
1291 1782 1506 1846 ritibus,
1535 1779 1742 1834 factum
1796 1789 1966 1833 estut

2047 593 2544 662 ,καταψευσάμενος
2587 594 2680 645 καὶ
2748 591 2921 660 αὐτῆς
2952 591 3055 660 τῆς
3088 590 3146 656 ἐξ
3202 588 3488 656 Αἰγύπτου
3537 591 3648 643 τῶν

2061 685 2337 738 ’Ἰουδαίων
2362 683 2568 750 ἐξόδου,
2605 684 2701 737 καὶ
2735 682 2870 751 πρὸς
2895 681 2984 734 τὸν
3021 681 3246 750 ἔλεγχον
3282 680 3379 732 τοῦ
3417 679 3650 746 ψεύδους

2056 776 2245 846 ὥσπερ
2275 774 2456 845 ἐαυτῷ
2481 776 2543 828 τὸ
2578 774 2653 844 μὴ
2687 774 2851 836 αὐτὸς
2871 772 3080 827 ἁλῶναι
3114 773 3647 841 διοικονομούμενος,

2057 868 2272 937 ἑτέροις
2307 865 2622 936 περιτίθησι
2654 863 2970 934 προσώποις
3005 863 3104 934 τὴν
3135 865 3265 933 περὶ
3302 862 3414 916 τῶν
3437 861 3652 930 διεψευο

2061 960 2272 1028 σμένων
2293 959 2594 1029 ἀφήγησιν,
2609 957 2712 1028 τὴν
2740 957 3015 1026 Ἀντιόχου
3035 955 3216 1025 φιλίαν
3240 953 3454 1016 τούτοις
3478 969 3655 1024 προσο

2059 1047 2466 1101 επισυνάπτων.
2505 1047 2714 1118 Γράφει
2767 1046 2822 1099 δὲ
2862 1048 2956 1100 καὶ
2999 1049 3057 1099 ὲν
3081 1047 3128 1079 ⁸⁸
3157 1045 3234 1116 τῷ
3278 1044 3330 1115 μ’
3366 1045 3515 1114 λόγῳ
3555 1041 3655 1112 τῆς

2061 1140 2233 1209 αὐτῆς
2263 1139 2660 1206 Βιϐλιοθήκης
2693 1142 2824 1209 περὶ
2870 1138 3138 1193 Ἰουδαίων
3170 1140 3362 1193 ταῦτα.

2327 1233 2428 1285 Ἐκ
2457 1231 2564 1285 τοῦ
2598 1230 2656 1300 μ’
2683 1233 2891 1300 λόγου,
2927 1231 3061 1300 περὶ
3088 1231 3156 1285 τὸ
3180 1232 3399 1301 μέσον.

2147 1324 2340 1392 Ἡμεῖς
2378 1324 2436 1376 δὲ
2491 1324 2782 1394 μέλλοντες
2824 1325 3165 1394 ἀναγράφειν
3196 1325 3288 1377 τὸν
3337 1324 3477 1394 πρὸς
3532 1326 3662 1378 Ἰου-

2063 1419 2244 1481 δαίους
2266 1417 2525 1488 πόλεμον,
2545 1419 2748 1471 οἰκεῖον
2775 1415 2912 1471 εἷναι
2936 1418 3382 1488 διαλαμϐάνομεν
3406 1419 3659 1488 προδιελ·

2067 1507 2180 1560 θεῖν
2211 1509 2268 1559 ὲν
2297 1508 2617 1575 κεφαλαίοις
2651 1509 2750 1578 τήν
2771 1526 2831 1561 τε
2855 1509 2900 1539 9'
2924 1508 3017 1561 τοῦ
3045 1507 3231 1571 ἔθνους
3257 1508 3453 1562 τούτου
3481 1509 3542 1573 ἐξ
3566 1511 3658 1579 ἁρ-

2067 1601 2169 1670 χῆς
2209 1602 2387 1653 κτίσιν
2435 1602 2528 1653 καὶ
2558 1601 2628 1652 τὰ
2670 1601 2801 1669 παρ’
2846 1602 3030 1664 αὐτοῖς
3077 1601 3306 1672 νόμιμα.
3356 1602 3516 1654 Κατὰ
3557 1603 3656 1670 τὴν

2068 1692 2346 1760 Λίγυπτον
2373 1693 2435 1746 τὸ
2466 1692 2698 1747 παλαιὸν
2731 1692 2858 1764 [620
2883 1692 2974 1765 IL]
2997 1693 3254 1764 λοιμικῆς
3281 1694 3655 1764 περιστάσεως

2069 1785 2372 1856 γενομένης
2416 1786 2736 1856 ἀνέπεμπον
2765 1788 2814 1838 oi
2849 1786 3034 1839 πολλοὶ
3066 1787 3167 1856 τὴν
3205 1788 3384 1839 αἰτίαν
3417 1787 3528 1838 τῶν
3559 1805 3655 1839 κα-

374 1883 535 1953 patrii
583 1897 711 1950 erga
775 1885 906 1934 deus
954 1878 1133 1931 cultus
1187 1875 1502 1940 deﬁcerent,
1558 1875 1702 1942 quod
1755 1873 1965 1936 incolw,

2081 1877 2192 1931 κῶν
2226 1878 2317 1930 ἐπὶ
2343 1877 2405 1930 τὸ
2441 1877 2716 1947 δαιμόνιον
2739 1895 2754 1910 ο
2787 1879 2994 1931 πολλῶν
3029 1880 3136 1950 γὰρ
3165 1880 3260 1933 καὶ
3295 1881 3656 1934 παντοδαπῶν

377 1976 477 2030 nisi
508 1974 839 2043 alienigenas
866 1971 1228 2029 dimitterent,
1257 1968 1524 2021 malorum
1552 1965 1809 2019 indicium
1849 1964 1966 2017 fore

375 2065 634 2133 suspicati
695 2071 844 2117 sunt.
905 2059 1096 2113 Statim
1151 2058 1333 2126 itaque
1371 2073 1435 2111 ex
1480 2057 1668 2125 ejectis
1725 2055 1968 2124 profugis

376 2155 812 2228 prwstantissitni
838 2152 1308 2218 eliicacissimiquc
1330 2151 1408 2220 (ut
1426 2150 1644 2218 quidam
1673 2148 1966 2218 nugantur)

379 2252 431 2302 in
460 2249 748 2311 Graeciam,
786 2247 1012 2313 locaque
1047 2243 1220 2296 vicina
1256 2243 1424 2310 illapsi
1465 2251 1612 2307 sunt,
1649 2250 1968 2308 praestantes

377 2342 641 2395 trahentes
701 2339 975 2404 ductores,
1023 2349 1253 2404 quorum
1315 2334 1588 2403 principes
1649 2331 1862 2387 Danaus
1915 2342 1971 2387 et

374 2435 616 2488 Cadmus
644 2431 989 2485 exstiterunt.
1037 2427 1264 2496 Reliqua
1298 2440 1423 2480 vero
1451 2427 1603 2480 turba
1628 2441 1746 2480 eam
1789 2427 1970 2496 regio-

376 2540 523 2589 nem,
565 2539 685 2592 quae
706 2537 849 2578 nunc
871 2519 1053 2576 Judtea
1092 2520 1309 2583 dicitur,
1343 2534 1448 2573 non
1479 2520 1662 2587 procul
1692 2520 1758 2572 ab
1796 2519 1969 2589 Egy-

377 2629 470 2686 pto
503 2617 821 2678 distantem,
853 2623 909 2667 et
948 2613 1001 2666 in
1032 2611 1122 2665 illa
1155 2626 1326 2681 usque
1362 2622 1604 2678 tempora
1635 2611 1852 2678 penitus
1877 2613 1971 2664 de-

378 2721 581 2764 sertam
611 2705 916 2774 occupavit.
949 2703 1102 2760 Hanc
1134 2719 1295 2773 porro
1317 2703 1589 2758 coloniam
1624 2702 1800 2756 Moses
1841 2719 1970 2772 pru-

377 2802 558 2856 dentia
589 2811 643 2855 et
671 2803 867 2854 robore
897 2809 1128 2854 caateros
1168 2795 1436 2850 excellens
1472 2793 1693 2849 deduxit
1715 2794 1848 2864 (58),
1877 2794 1970 2862 qui

381 2895 521 2948 hanc
551 2893 825 2963 regionem
865 2892 1152 2952 invadens,
1189 2888 1386 2942 multas
1431 2889 1597 2942 urbes
1625 2886 1888 2949 condidit,
1918 2896 1974 2939 et

379 3001 572 3051 unam,
598 3001 716 3054 qua:
743 2999 883 3037 nunc
913 2983 1265 3038 celeberrima
1291 2989 1397 3044 est,
1427 2979 1750 3050 appellatam
1778 2978 1974 3032 Hiero-

381 3077 635 3147 solyma;
691 3075 926 3129 maxime
957 3083 1136 3126 autem
1182 3072 1499 3142 religionem
1545 3080 1601 3125 et
1647 3071 1850 3124 cultum
1894 3071 1974 3125 eis

2081 1969 2483 2023 κατοικούντων
2515 1969 2703 2034 ξένων,
2750 1971 2845 2024 καὶ
2881 1970 3291 2041 διηλλαγμένοις
3334 1972 3482 2025 ἔθεσι
3511 1990 3654 2042 xput—

2071 2059 2246 2128 μένων
2290 2062 2418 2130 περὶ
2465 2061 2526 2115 τὸ
2563 2062 2708 2130 ἱερὸν
2735 2063 2829 2115 καὶ
2859 2061 2956 2125 τὰς
2989 2063 3202 2130 θυσίας,
3259 2062 3656 2117 καταλελύσθαι

2071 2150 2350 2204 συνέϐαινε
2394 2151 2521 2221 παρ’
2558 2153 2740 2216 αὐτοῖς
2788 2156 2888 2216 τὰς
2932 2155 3194 2223 πατρίους
3231 2155 3339 2208 τῶν
3381 2154 3525 2207 θεῶν
3563 2173 3655 2207 τι-

2073 2241 2201 2308 μάς.
2238 2242 2417 2313 Ὅπερ
2444 2243 2494 2294 οἱ
2528 2245 2628 2311 τῆς
2658 2241 2843 2314 χώρας
2880 2244 3128 2312 ἐγγενεῖς
3157 2244 3203 2274 ⁸⁸
3233 2245 3527 2309 ὑπέλαϐον,
3565 2246 3656 2298 ἐὰν

2075 2333 2147 2402 μὴ
2198 2334 2325 2395 τοὺς
2394 2333 2728 2401 ἀλλοφύλους
2784 2336 3272 2406 μεταστήσωνται,
3322 2337 3504 2406 κρίσιν
3558 2336 3655 2389 οὐκ

2071 2425 2289 2478 ἔσεσθαι
2319 2426 2430 2480 τῶν
2453 2427 2660 2480 κακῶν.
2700 2426 2876 2489 Εὐθὺς
2914 2427 3007 2480 οὖν
3032 2427 3514 2498 ξενηλατουμένων
3551 2428 3655 2480 τῶν

2070 2519 2375 2572 ἀλλοεθνῶν
2421 2522 2470 2572 οἱ
2503 2519 2601 2589 μὲν
2634 2519 3060 2588 ἐπιφανέστατοι
3099 2522 3194 2573 καὶ
3231 2521 3652 2590 δραστικώτατοι

2075 2609 2475 2678 συστραφέντες
2511 2608 2882 2680 ὲξεῤῥίφησαν
2930 2609 3028 2677 (ὥς
3059 2611 3203 2672 τινές
3238 2614 3424 2680 φασιν)
3461 2614 3540 2675 είς
3563 2614 3655 2681 τὴν

2085 2698 2311 2751 Ἐλλάδα
2335 2700 2428 2752 καί
2455 2715 2612 2761 τινας
2645 2701 2866 2770 ἐτέρους
2893 2702 3113 2766 τόπους,
3143 2701 3356 2771 ἔχοντες
3378 2704 3424 2734 ⁸⁷
3447 2703 3656 2767 ἀξιολὸ-

2073 2809 2202 2858 γους
2238 2791 2533 2862 ἡγεμόνας,
2561 2787 2635 2846 ῶν
2667 2793 2896 2862 ἡγοῦντο
2929 2795 3136 2858 Δαναὸς
3171 2797 3265 2849 καὶ
3298 2795 3521 2864 Κάδμος
3553 2794 3655 2847 τῶν

2075 2883 2250 2936 ἄλλων
2281 2885 2722 2952 ἐπιφανέστατοι.
2768 2886 2826 2938 '0
2856 2887 2912 2938 δὲ
2935 2887 3102 2951 πολὺς
3133 2887 3269 2952 λεὼς
3300 2887 3556 2953 ἐξέπεσεν
3581 2892 3658 2953 είς

2076 2976 2176 3046 τὴν
2207 2976 2303 3031 νῦν
2326 2977 2672 3047 καλουμένην
2720 2980 2998 3044 Ἰουδαίαν,
3034 2982 3093 3033 οὐ
3121 2982 3308 3052 πόρῤω
3336 2985 3435 3053 μὲν
3475 2984 3659 3050 κειμέ-

2078 3085 2176 3137 νην
2203 3069 2304 3138 τῆς
2335 3069 2637 3137 Αίγύπτου,
2685 3070 2968 3134 παντελῶς
2999 3073 3056 3124 δὲ
3095 3071 3300 3142 ἔρημον
3343 3072 3505 3127 οὖσαν
3539 3076 3657 3127 κατ’

382 3169 668 3222 colendum
708 3167 878 3230 dedit,
917 3166 1293 3221 venerationes
1325 3173 1382 3218 et
1431 3164 1698 3218 sacriﬁcia
1735 3164 1968 3227 edocuit,

2078 3133 2320 3225 ἐκείνους
2364 3133 2492 3224 τοὺς
2531 3155 2779 3232 χρόνους.
2841 3162 3055 3230 Ἡγεῖτο
3098 3133 3156 3216 δὲ
3181 3133 3294 3232 ’τῆς
3346 3164 3604 3227 ἀποικίας
3629 3165 3658 3216 ὁ

381 3271 437 3312 et
470 3263 535 3312 de
580 3261 658 3312 eis
689 3250 795 3328 qua
831 3257 896 3310 ad
942 3257 1328 3324 rempublicam
1363 3254 1636 3322 pertinent
1675 3254 1819 3324 leges
1855 3255 1976 3310 tulit

381 3361 437 3405 et
479 3352 719 3405 decreta.
772 3349 832 3403 In
877 3349 1165 3404 duodecim
1227 3348 1400 3401 tribus
1447 3347 1698 3416 populum
1748 3348 1972 3412 divisit,

383 3441 705 3495 existimans
739 3441 883 3494 hunc
931 3453 1214 3492 numerum
1245 3452 1367 3492 esse
1399 3437 1879 3508 perfectissimum,
1922 3447 1977 3491 et

383 3549 527 3588 anno
580 3533 866 3586 duodecim
942 3531 1220 3585 mensibus
1277 3531 1545 3598 completo
1605 3531 1968 3599 persimilem.

382 3625 652 3694 Imagines
677 3624 904 3678 deorum
934 3622 1159 3676 omnino
1187 3636 1291 3676 non
1314 3621 1560 3691 sculpsit,
1586 3623 1730 3691 quod
1761 3633 1973 3690 putaret

385 3718 625 3772 humana
659 3717 822 3770 Deum
861 3730 967 3768 non
1000 3713 1168 3768 videri
1201 3713 1398 3777 forma,
1424 3714 1516 3768 sed
1539 3715 1734 3767 malum
1771 3723 1970 3768 terram

385 3809 633 3863 ambiens
676 3821 798 3862 esse
833 3807 1023 3872 Deum,
1060 3816 1111 3861 et
1150 3808 1332 3860 omnia
1387 3821 1487 3860 suo
1524 3805 1753 3876 imperio
1781 3808 1976 3875 guber-

381 3914 538 3955 nare.
589 3897 868 3953 Sacrilicia
919 3898 1152 3966 vitaeque
1202 3896 1398 3966 380b
1442 3897 1679 3952 rationes
1729 3899 1974 3955 diversas

383 4005 609 4061 prorsus
641 3993 709 4044 ab
735 3990 854 4043 aliis
879 3989 1131 4058 gentibus
1153 3988 1448 4042 ordinavit.
1473 3987 1606 4042 Nam
1638 3990 1764 4058 quia
1798 3999 1976 4043 exter-

383 4098 487 4137 nos
524 4083 659 4136 urbe
688 4097 785 4134 sua
821 4079 1234 4144 interdicerent,
1267 4081 1509 4134 odiosam
1546 4096 1676 4135 sane
1710 4082 1898 4146 vitam,
1923 4093 1976 4136 et

385 4175 510 4230 aliis
549 4175 780 4228 invisam
835 4173 1069 4248 induxit.
1111 4170 1282 4226 Jnssit
1334 4173 1557 4241 insuper
1602 4176 1778 4243 utqui
1829 4177 1974 4244 genti

382 4271 706 4334 prmesseut,
741 4262 881 4333 grati
929 4269 1113 4315 essent
1170 4260 1389 4329 populo,
1423 4271 1478 4314 et
1507 4262 1746 4314 maxime
1787 4275 1976 4315 aucto-

381 4358 548 4412 ritate
599 4355 959 4426 potentiores,
997 4369 1136 4422 quos
1181 4353 1496 4408 sacerdotes
1529 4368 1652 4409 esse
1691 4355 1880 4421 voluit,
1921 4365 1976 4409 et

2080 3255 2624 3325 προσαγορευόμενος
2658 3253 2888 3324 Μωσῆς,
2943 3254 3204 3324 φρονήσει
3245 3271 3305 3306 τε
3351 3253 3398 3286 θθ
3441 3255 3532 3307 καὶ
3572 3256 3660 3306 ἁν-

2079 3345 2234 3417 δρείᾳ
2285 3346 2420 3398 πολὺ
2466 3347 2510 3377 θ’
2570 3346 2867 3416 διαφέρων.
2910 3341 3078 3410 Οὗτος
3120 3347 3179 3400 δὲ
3221 3347 3660 3415 καταλαϐόμενος

2078 3438 2176 3509 τὴν
2209 3438 2394 3508 χώραν
2428 3437 2594 3502 ἄλλας
2629 3456 2688 3491 τε
2711 3440 2898 3502 πόλεις
2921 3439 3104 3492 ἔκτισε
3129 3440 3222 3492 καὶ
3250 3440 3350 3509 τὴν
3377 3439 3475 3493 νῦν
3499 3435 3658 3492 οὖσαν

2080 3531 2522 3601 ἐπιφανεστάτην
2551 3533 2594 3595 ¹,
2627 3531 3039 3602 ὀνομαζομένην
3084 3531 3449 3602 Ἰεροσόλυμα.
3492 3532 3658 3601 Ἱδρύ-

2081 3639 2210 3674 σατο
2237 3622 2293 3674 δὲ
2326 3622 2503 3674 καὶτὸ
2533 3622 2770 3690 μάλιστα
2801 3622 2930 3692 παρ’
2953 3623 3136 3686 αὐτοῖς
3157 3621 3468 3692 τιμώμενον
3499 3625 3655 3693 ἱερὸν,

2080 3714 2174 3765 καὶ
2203 3713 2301 3776 τὰς
2331 3713 2499 3783 τιμὰς
2536 3715 2632 3766 καὶ
2662 3714 2946 3781 ἁγιστείας
2991 3716 3011 3745 ¹
3052 3712 3148 3767 τοῦ
3181 3713 3327 3767 θείου
3361 3716 3655 3780 κατέδειξε,

2081 3805 2174 3857 καὶ⁵
2207 3803 2278 3857 τὰ
2319 3803 2460 3857 κατὰ
2496 3804 2594 3875 τὴν
2633 3805 2912 3858 πολιτείαν
2949 3807 3308 3879 ἐνομοθέτησε
3341 3825 3402 3860 τε
3439 3809 3533 3860 καὶ
3588 3809 3660 3860 δι-

2082 3896 2265 3963 έταξε.
2288 3897 2461 3950 Διεῖλε
2489 3898 2545 3950 δὲ
2575 3897 2638 3951 τὸ
2671 3898 2877 3967 πλῆθος
2906 3900 2987 3961 είς
3016 3899 3224 3952 δώδεκα
3253 3898 3448 3968 φυλὰς,
3483 3900 3570 3951 διὰ
3604 3899 3660 3950 τὸ

2078 3994 2169 4045 τὸν
2227 3990 2460 4060 ἀριθμὸν
2511 3991 2704 4046 τοῦτον
2749 3990 3086 4044 τελειότατον
3134 3991 3155 4021 ³
3197 3989 3516 4060 νομίζεσθαι
3573 3992 3658 4042 καὶ

2082 4081 2375 4153 σύμφωνον
2401 4079 2542 4136 εἶναι
2564 4082 2644 4153 τῷ
2673 4082 2873 4154 πλήθει
2911 4082 3018 4134 τῶν
3062 4082 3246 4152 μηνῶν
3283 4082 3390 4134 τῶν
3420 4081 3510 4133 τὸν
3555 4083 3657 4134 ἑνι-

2079 4177 2243 4229 αυτὸν
2273 4176 2759 4246 συμπληρούντων.
2792 4175 3047 4245 ’Λγαλμα
3080 4175 3136 4227 δὲ
3183 4174 3320 4227 θεῶν
3355 4174 3415 4227 τὸ
3451 4174 3656 4226 σύνολον

2077 4270 2138 4322 ού
2171 4270 2567 4333 κατεσκευάσε,
2605 4269 2692 4323 διὰ
2729 4271 2790 4323 τὸ
2823 4271 2897 4340 μὴ
2929 4269 3170 4339 νομίζειν
3202 4269 3655 4339 ἀνθρωπόμορφον

2078 4358 2217 4417 εἶναι
2245 4362 2337 4416 τὸν
2363 4363 2520 4426 Θεὸν,
2549 4362 2687 4415 ἀλλὰ
2711 4363 2803 4415 τὸν
2830 4361 3160 4431 περιέχοντα
3187 4361 3284 4431 τὴν
3310 4361 3416 4430 γῆν
3436 4361 3653 4430 οὐρανὸν

381 4461 476 4501 eos
495 4446 762 4516 praecepit
791 4445 935 4498 circa
959 4444 1153 4499 altaria
1187 4443 1394 4512 Deique
1430 4444 1636 4498 cultum
1667 4456 1723 4498 et
1756 4446 1968 4500 sacrili-

2083 4457 2248 4526 μόνον
2273 4451 2414 4508 εἶναι
2440 4454 2562 4507 θεὸν
2588 4454 2684 4507 καὶ
2715 4453 2821 4506 τῶν
2847 4453 2986 4506 ὅλων
3018 4452 3225 4522 κύριον.
3257 4453 3300 4503 Τ
3306 4454 3368 4514 ἀς
3389 4452 3448 4504 δὲ
3475 4451 3652 4512 θυσίας

381 4539 468 4593 cia
497 4538 764 4602 exerceri,
790 4544 845 4592 et.
872 4551 941 4592 ex
982 4536 1065 4590 his
1097 4537 1331 4605 optimos
1359 4536 1566 4606 judicio
1598 4537 1742 4592 viros
1761 4536 1973 4605 judiccs

384 4629 686 4694 constituit,
739 4629 937 4700 quibus
975 4641 1032 4683 et
1060 4630 1231 4697 legum
1280 4629 1624 4699 institutique
1666 4631 1970 4685 custodiam

385 4722 658 4776 attribuit.
684 4721 798 4776 Non
825 4722 1096 4777 ordinavit
1115 4721 1314 4776 Judaeis
1343 4737 1546 4792 regem,
1567 4722 1660 4776 sed
1683 4724 1971 4790 imperium

383 4813 566 4883 populi
595 4813 646 4866 ei
699 4814 910 4868 censuit
949 4815 1421 4880 committendum,
1461 4815 1552 4883 qui
1603 4815 1887 4884 prudentia
1919 4824 1973 4870 et

382 4907 589 4962 virtute
646 4906 786 4959 inter
827 4906 1140 4960 sacerdotes
1175 4906 1299 4958 aliis
1329 4917 1594 4974 praestare
1636 4907 1915 4960 videretur
1953 4925 1968 4972 ;

384 4998 528 5054 hunc
576 5011 845 5051 summum
901 4997 1209 5063 pontiﬁcem
1247 4997 1554 5065 appellant,
1621 5014 1780 5066 quem
1832 4999 1976 5052 velut

377 5091 632 5147 nuntium
669 5090 769 5144 sibi
819 5090 1123 5142 divinorum
1156 5098 1550 5155 prteceptorunt
1591 5105 1711 5145 esse
1744 5090 1972 5157 ducunt,

386 5185 531 5237 hunc
565 5183 739 5236 edicta
775 5181 826 5233 in
865 5179 1042 5248 populi
1077 5178 1590 5247 congt‘egalionibus
1610 5190 1664 5234 et
1702 5183 1970 5248 conciliis,

383 5275 461 5329 ait
507 5271 773 5344 proferre,
818 5272 901 5324 eui
938 5269 1103 5323 Judaei
1157 5271 1228 5321 ita
1266 5272 1664 5340 obtemperant,
1707 5285 1764 5326 ut
1791 5277 1974 5328 statim

2078 4547 2488 4618 ὲξηλλαγμένας
2523 4549 2894 4614 συνεστήσατο
2921 4544 3030 4597 τῶν
3056 4543 3205 4614 παρὰ
3229 4547 3342 4604 τοῖς
3369 4543 3549 4605 ἄλλοις
3572 4541 3654 4593 ἐθ-

2077 4656 2216 4704 νεσι,
2246 4637 2464 4700 καὶτὰς
2496 4636 2636 4691 κατὰ
2679 4637 2768 4689 τὸν
2798 4636 2910 4707 βίον
2933 4637 3158 4705 ἀγωγάς
3187 4653 3199 4665 ·
3237 4635 3402 4708 [1155
3442 4633 3532 4703 ιι]
3574 4633 3653 4686 διὰ

2077 4731 2188 4802 γὰρ
2213 4730 2311 4800 τὴν
2351 4730 2486 4783 ἰδίαν
2519 4729 2840 4800 ξενηλασίαν
2875 4729 3241 4798 ἀπάνθρωπον
3268 4745 3388 4779 τινα
3422 4727 3518 4779 καὶ
3571 4745 3655 4794 μι-

2079 4819 2296 4885 σόξενον
2334 4820 2446 4889 βίον
2477 4820 2833 4888 εἰσηγήσατο.
2885 4816 3171 4880 Ἐπιλέξας
3215 4815 3272 4867 δὲ
3316 4813 3425 4866 τῶν
3452 4813 3656 4883 ἀνδρῶν

2078 4915 2207 4975 τοὺς
2257 4913 2656 4982 χαριεστάτους
2708 4913 2803 4964 καὶ
2858 4911 3092 4978 μάλιστα
3133 4906 3530 4978 δυνησομένους
3569 4905 3656 4956 τοῦ

2081 5005 2399 5075 σύμπαντος
2432 5007 2455 5035 ⁸
2483 5003 2674 5066 ἔθνους
2710 5001 3094 5074 προΐστασθαι,
3125 4999 3348 5060 τούτους
3372 4999 3539 5068 ίερεῖς
3559 4998 3657 5050 ἀπ-

2079 5094 2251 5159 έδειξε
2279 5112 2292 5124 ·
2349 5094 2446 5165 τὴν
2497 5095 2553 5146 δὲ
2598 5093 2883 5164 διατριϐὴν
2911 5095 2931 5124 ³
2967 5091 3156 5156 ἔταξεν
3196 5089 3377 5143 αὐτῶν
3418 5087 3656 5156 γίνεσθαι

2081 5187 2213 5254 περὶ
2239 5185 2300 5242 τὸ
2331 5185 2472 5254 ἱερὸν
2500 5186 2594 5236 καὶ
2622 5183 2720 5247 τὰς
2754 5183 2846 5236 τοῦ
2875 5184 3009 5236 Θεοῦ
3032 5182 3287 5252 τιμάς-,τε
3328 5182 3423 5233 καὶ
3455 5179 3654 5242 θυσίας.

2083 5278 2224 5340 Τοὺς
2248 5279 2446 5339 αὐτοὺς
2479 5277 2534 5329 δὲ
2574 5277 2666 5330 καὶ
2686 5276 2946 5338 δικαστὰς
2977 5274 3226 5340 ἀπέδειξε
3257 5272 3366 5326 τῶν
3395 5272 3658 5342 μεγίστων

1709 5409 1790 5465 VA
1801 5412 1939 5466 [ll/E
1984 5417 2020 5467 L
2030 5413 2390 5471 ECTIONES.

455 5501 508 5536 “
545 5503 605 5556 ὲν
638 5502 765 5557 add.
799 5503 866 5555 A.
963 5501 1009 5532 ⁸⁵
1039 5517 1098 5552 τε
1133 5501 1257 5558 add.
1289 5502 1355 5554 A.
1407 5561 1418 5570 ,-
1475 5501 1778 5571 ⁹⁶εὑγενεῖς
1808 5505 1877 5559 Α.

373 5574 542 5628 omisi
577 5589 698 5627 cum
729 5573 796 5626 A.
873 5573 918 5602 9°
944 5571 1078 5624 πολὺ
1111 5571 1202 5628 Α,;
1233 5575 1486 5625 πλεῖστον
1505 5590 1566 5636 ς.

385 5641 409 5673 ⁸
437 5659 748 5710 συμπαντος
775 5641 815 5694 Β
844 5660 856 5696 :
888 5643 1270 5712 συμπαρόντος
1296 5661 1356 5707 ς.

1953 5508 1998 5539 ⁹⁷
2033 5508 2257 5578 ἔχοντας
2290 5526 2351 5573 ς.

1650 5573 1856 5650 ’,οὖσαν
1903 5573 2346 5650 ἐπιφανεστάτην
2380 5595 2490 5636 Ott).
2520 5579 2583 5633 Β.

1434 5644 1453 5674 ⁵
1480 5643 1766 5715 διατριϐὴν
1803 5647 1847 5701 Α
1881 5663 1894 5702 :
1930 5643 2125 5720 τριϐὴν
2155 5666 2216 5712 ς.

2448 5509 2494 5540 ⁸⁸
2519 5525 2581 5561 τε
2607 5523 2713 5578 mg.
2743 5507 2864 5562 libri
2886 5507 2943 5560 δὲ
2967 5509 3108 5574 quod
3137 5503 3438 5578 addebatur
3469 5501 3652 5570 πολλῇ.

2662 5572 2689 5610 θ’
2712 5572 3032 5649 ἁγιαστείοις
3066 5595 3125 5643 ς.
3203 5575 3223 5607 ³
3244 5572 3565 5628 τελεώτατον
3593 5587 3650 5637 ς.

1904 5755 2140 5813 ΝΟΤΑΞ..

457 5842 574 5918 (se)
607 5845 742 5905 Vide
793 5847 974 5902 Strab.
1018 5855 1073 5904 et
1109 5827 1306 5902 Justiti.
