3924 6422
245 391 375 457 1393

1275 403 1795 468 BIBLIOTHECA.
1828 435 1899 445 -—
1936 411 2102 474 COD.
2143 413 2424 475 CCXLIV.

3346 414 3484 480 1395

230 501 482 571 κρίσεων,
515 501 610 554 καὶ
645 502 743 574 τὴν
775 504 882 558 τῶν
911 505 1092 576 νόμων
1118 508 1214 562 καὶ
1247 507 1355 562 τῶν
1385 511 1524 564 ἐθῶν
1549 513 1798 585 φυλακὴν

1907 519 2156 587 pontiﬁce
2186 521 2442 591 loquente
2475 522 2729 579 cadentes
2763 524 2819 579 in
2863 533 3064 578 terram
3099 525 3346 579 adorent.
3375 529 3482 579 Ad-

225 594 432 656 τούτοις
452 593 718 664 ἐπέτρεψε
741 614 756 628 ο
781 597 862 648 διὸ
889 599 984 652 καὶ
1014 599 1242 667 βασιλέα
1271 602 1368 672 μὲν
1394 604 1660 672 μηδέποτε
1688 607 1798 660 τῶν

241 685 527 749 Ἰουδαίων,
559 686 654 755 τὴν
685 688 741 739 δέ
783 688 878 740 τοῦ
908 690 1144 758 πλήθους
1191 696 1527 762 προστασίαν
1563 695 1798 750 δίδοσθαι

225 777 310 831 διὰ
357 778 553 839 παντὸς
587 778 664 847 τῷ
715 779 961 833 δοκοῦντι
997 783 1104 833 τῶν
1155 785 1350 853 ἱερέων
1404 789 1662 857 φρονήσει
1705 790 1799 842 καὶ

224 868 386 934 ἀρετῇ
422 866 696 936 προέχειν.
746 869 946 922 Τοῦτον
986 872 1042 923 δὲ
1091 873 1110 901 ⁶
1154 875 1652 944 προσαγορεύουσιν
1695 880 1796 948 ἀρα

226 958 431 1026 χιερέα,
476 959 569 1010 καὶ
604 959 918 1029 νομίζουσιν
949 962 1130 1024 αὐτοῖς
1158 963 1388 1030 ἄγγελον
1417 967 1665 1034 γίνεσθαι
1691 970 1798 1024 τῶν

223 1047 314 1100 τοῦ
350 1047 484 1100 Θεοῦ
518 1051 976 1118 προσταγμάτων.
1017 1052 1221 1104 Τοῦτον
1261 1054 1318 1106 δὲ
1362 1058 1502 1109 κατά
1540 1060 1639 1121 τὰς
1677 1059 1799 1113 Ἐκ-

225 1141 450 1209 κλησῖας
482 1143 577 1196 καὶ
611 1143 707 1207 τὰς
751 1143 919 1206 ἄλλας
960 1145 1211 1209 συνόδους
1244 1149 1409 1218 φησὶν
1446 1151 1697 1221 ἐκφέρειν
1729 1153 1798 1206 τά

223 1233 745 1303 παραγγελλόμενα·
791 1239 887 1289 καὶ
932 1237 1067 1305 πρὸς
1104 1239 1264 1292 τοῦτο
1309 1239 1369 1291 τὸ
1411 1241 1573 1310 μέρος
1623 1241 1798 1305 οὕτως

222 1324 464 1388 εύπιθεῖς
482 1327 500 1355 ⁷
530 1326 777 1392 γίνεσθαι
805 1329 932 1390 τοὺς
972 1329 1259 1392 Ἰουδαίους
1286 1329 1426 1383 ὥστε
1456 1334 1798 1404 παραχρῆμα

224 1415 520 1477 πίπτοντας
553 1417 648 1468 ἐπὶ
677 1417 777 1488 τὴν
816 1421 920 1486 γῆν
953 1421 1280 1486 προσκυνεῖν
1319 1421 1410 1472 τὸν
1456 1421 1664 1486 τούτοις
1703 1425 1797 1493 ἐρ-

227 1508 526 1576 μηνεύοντα
548 1510 827 1580 ἀρχιερέα.
859 1511 1317 1579 Προσγέγραπται
1346 1510 1464 1582 [621
1497 1511 1590 1582 Π.]
1622 1514 1676 1564 δὲ
1704 1515 1798 1567 καὶ

224 1602 330 1662 τοῖς
362 1600 546 1667 νόμοις
577 1602 668 1653 ἐπὶ
693 1604 789 1670 τῆς
819 1604 840 1633 ⁸
870 1603 1129 1672 τελευτῆς
1162 1605 1242 1654 ὅτι
1269 1603 1494 1668 Μωσῆς
1527 1606 1798 1672 ἀκούσας

221 1694 322 1746 τοῦ
353 1695 502 1747 Θεοῦ
544 1696 682 1749 τάδε
711 1700 870 1766 λέγει
908 1698 1034 1762 τοῖς
1081 1698 1405 1765 Ἰουδαίοις.
1473 1701 1799 1771 Ἐποιήσατο

219 1784 262 1836 δ’
288 1787 315 1837 ό
347 1787 646 1857 νομοθέτης
675 1789 783 1842 τῶν
811 1808 868 1841 τε
893 1791 1208 1860 πολεμικῶν
1231 1791 1410 1862 ἔργων
1441 1794 1641 1864 πολλὴν
1667 1797 1799 1866 πρό-

219 1893 384 1940 νοιαν,
424 1881 517 1931 καὶ
563 1882 688 1943 τοὺς
721 1881 876 1943 νέους
903 1883 1216 1952 ἠνάγκαζεν
1250 1886 1437 1938 ἀσκεῖν
1460 1886 1714 1956 ἀνδρείαν
1735 1904 1795 1938 τε

219 1969 307 2020 καὶ
345 1972 644 2038 καρτερίαν
675 1973 696 2003 ⁰
727 1976 821 2024 καὶ
851 1973 910 2025 τὸ
935 1973 1152 2026 σύνολον
1180 1977 1460 2049 ὑπομονὴν
1489 1979 1670 2047 πάσης
1699 1997 1795 2032 κα-

216 2059 532 2123 κοπαθείας.
585 2063 854 2115 Ἐποιεῖτο
898 2063 955 2116 δὲ
991 2064 1085 2117 καὶ
1114 2068 1404 2134 στρατείας
1443 2071 1522 2131 εἰς
1554 2071 1624 2122 τὰ
1655 2070 1795 2139 πλη-

215 2152 452 2220 σιῦχωρα
495 2154 603 2204 τῶν
655 2154 857 2219 ἐθνῶν,
915 2161 1007 2210 καὶ
1064 2159 1264 2228 πολλὴν
1304 2162 1792 2229 κατακτησάμενος

211 2239 396 2309 χώραν
419 2246 918 2316 κατεκληρούχησε,
943 2253 1054 2312 τοῖς
1079 2251 1180 2320 μέν
1205 2251 1441 2315 ἰδιώταις
1463 2252 1611 2314 ἴσους
1637 2255 1793 2322 ποιήο

213 2349 305 2394 σας
348 2336 613 2404 semper);
645 2343 757 2402 τοῖς
791 2341 847 2392 δὲ
887 2342 1093 2412 ἱερεῦσι
1133 2343 1407 2412 μείζονας,
1449 2344 1536 2396 ἵνα
1578 2345 1791 2412 λαμϐά-

1825 1852 1872 1910 Β

1899 607 2066 664 ditum
2097 619 2183 664 est
2205 611 2256 663 in
2281 611 2385 664 line
2415 609 2550 681 legis
2578 629 2592 665 :
2629 611 2757 667 Hart:
2791 611 2963 668 Moses
2984 612 3218 684 loquitur
3248 613 3480 676 Judwis,

1899 700 2139 752 obediem
2184 700 2316 756 Deo.
2354 701 2602 773 Magnam
2635 704 2800 758 etiam
2845 704 3156 758 bellicarum
3187 704 3482 757 institutio-

1899 805 2025 843 num
2055 805 2240 845 curam
2280 793 2549 857 adhibuit,
2589 793 2921 862 iuvenesque
2954 795 3020 846 ad
3052 795 3392 850 tolerantiam
3427 805 3482 848 et

1897 878 2291 948 fortitudinem,
2330 892 2384 938 et
2433 885 2499 939 ad
2551 899 2770 939 omnem
2824 887 3086 939 malorum
3161 888 3476 956 patientiam

1900 973 2140 1025 exerceri
2175 973 2364 1027 voluit.
2399 974 2560 1028 Multa
2586 991 2802 1044 quoque
2829 986 3018 1029 contra
3047 979 3225 1033 varios
3253 979 3478 1047 pOpqus

1900 1059 2038 1113 bella
2069 1062 2262 1128 gessit,
2305 1079 2666 1134 magnamque
2698 1067 2952 1135 subigens
2990 1076 3138 1120 sorte
3185 1083 3304 1121 eam
3335 1069 3475 1122 divi-

1899 1150 1972 1204 sit
1998 1169 2013 1218 ;
2045 1153 2277 1221 aequales
2301 1156 2494 1223 popqu
2519 1157 2816 1224 portiones,
2843 1160 3221 1214 sacerdotibus
3243 1160 3478 1225 majores

1899 1243 2234 1312 assignavit:
2268 1255 2326 1298 ut
2358 1247 2572 1300 latiores
2611 1248 2868 1302 terminos
2904 1250 3266 1318 possidentes,
3301 1252 3478 1303 conti-

1902 1343 2092 1388 nenter
2117 1337 2234 1390 sine
2275 1337 2382 1390 ulla
2420 1337 2664 1392 molestia
2701 1339 2793 1393 Dei
2829 1340 3115 1393 sacriﬁciis
3143 1355 3477 1407 occuparen-

1901 1437 2008 1480 tur.
2059 1425 2170 1482 Nec
2218 1429 2378 1482 etiam
2415 1430 2622 1484 licitum
2659 1441 2776 1486 erat
2823 1431 3151 1500 pauperibus
3202 1431 3480 1498 portiones

1901 1521 2148 1588 proprias
2179 1522 2485 1587 diveudere,
2512 1538 2578 1576 ne
2603 1523 2768 1592 aliqui
2798 1538 2890 1590 per
2917 1523 3201 1576 avaritiam
3224 1537 3478 1576 coemen-

1904 1623 1984 1665 tes
2019 1613 2204 1682 inopes
2250 1614 2570 1678 excludant,
2612 1625 2668 1667 et
2709 1615 2760 1667 in
2793 1629 2960 1667 causa
3006 1615 3115 1667 sint
3143 1623 3200 1665 nt
3247 1600 3478 1681 populus

1902 1702 2197 1754 minuatur.
2234 1700 2294 1753 In
2335 1702 2552 1766 regione
2593 1717 2790 1768 pueros
2835 1702 2901 1754 ali
2940 1702 3128 1765 voluit,
3162 1703 3250 1768 qui
3284 1703 3478 1771 exiguo

1901 1799 2117 1856 sumptu
2149 1789 2448 1851 alebantur,
2485 1801 2538 1843 et
2586 1790 2705 1843 ideo
2734 1791 2951 1858 copiosa
2993 1801 3046 1846 et
3072 1791 3300 1845 fecunda
3331 1806 3478 1845 sem-

1903 1896 1997 1948 per
2033 1879 2340 1934 Judzeorum
2395 1881 2540 1934 natio
2589 1881 2816 1934 exstitit.
2883 1881 3086 1934 Diversi
3137 1895 3355 1949 quoque
3408 1880 3479 1934 ab

1903 1973 2021 2026 aliis
2060 1974 2112 2026 in
2153 1972 2358 2041 nuptiis
2401 1981 2456 2026 et
2508 1971 2800 2040 sepulturis
2839 1971 3078 2025 fuerunt.
3122 1972 3226 2026 Sed
3258 1978 3480 2041 propter

1902 2065 2244 2119 accessiones
2268 2077 2386 2132 quae
2409 2073 2594 2131 postea
2623 2077 2653 2115 e
2675 2063 2856 2118 multis
2878 2063 3120 2117 victoriis
3141 2064 3478 2127 acciderunt,

1903 2155 2222 2210 monarchia
2254 2161 2445 2221 quarta
2481 2152 2696 2208 scilicet
2727 2151 3041 2218 Persarum,
3065 2162 3120 2208 et
3148 2153 3341 2207 deinde
3364 2155 3482 2206 Ma-

1903 2248 2192 2312 cedonum,
2229 2245 2398 2298 multa
2440 2244 2631 2314 patriis
2659 2242 2966 2299 Judceorum
3000 2244 3262 2300 institutis
3299 2245 3484 2299 deces-

1901 2351 2108 2397 SCI’lllll.

213 2444 389 2488 νοντες
443 2428 873 2499 ἀξιολογωτέρας
907 2434 1203 2503 προσόδους
1270 2435 1673 2506 ἀπερίσπαστον.
1746 2438 1981 2507 συνεχῶς
2030 2432 2432 2505 προσεδρεύωσι
2479 2433 2523 2464 ¹⁰
2571 2433 2693 2494 ταῖς
2759 2429 2854 2482 τοῦ
2905 2429 3040 2482 Θεοῦ
3119 2430 3325 2499 τιμαῖς.
3371 2429 3484 2482 Οὐκ

211 2517 330 2586 ἐξῆν
360 2518 420 2569 δὲ
455 2521 494 2550 ¹¹
523 2523 628 2582 τοῖς
656 2520 892 2586 ἰδιώταις
923 2525 1048 2586 τοὺς
1091 2524 1251 2588 ἰδίους
1296 2526 1528 2596 κλήρους
1556 2526 1782 2591 πωλεῖν,
1819 2528 1965 2589 ὅπως
2001 2526 2074 2596 μή
2101 2542 2245 2587 τινες
2275 2523 2367 2576 διὰ
2415 2520 2727 2586 πλεονεξίαν
2750 2521 3111 2590 ἀγοράζοντες
3166 2519 3293 2581 τοὺς
3350 2521 3482 2591 κλή..

215 2628 333 2681 ρους
384 2612 676 2666 ἐκθλίεωσι
724 2617 850 2676 τοὺς
885 2617 1275 2686 ἀπορωτέρους
1330 2619 1426 2671 καὶ
1501 2619 1986 2682 κατασκευάζωσιν
2027 2616 2390 2684 ὀλιγανδρίαν.
2442 2616 2832 2684 Τεκνοτροφεῖν
2890 2631 2950 2667 τε
3015 2613 3289 2683 ἠνάγκαζε
3356 2615 3484 2677 τοὺς

212 2707 299 2761 ἐπὶ
351 2709 453 2777 τῆς
517 2707 735 2778 χώρας·
800 2713 895 2763 καὶ
961 2712 1028 2764 δι’
1097 2713 1282 2782 ὀλίγης
1355 2714 1602 2783 δαπάνης
1648 2714 2092 2783 ,ἐκτρεφομένων
2141 2714 2253 2766 τῶν
2317 2711 2528 2782 βρεφῶν
2588 2711 2782 2764 ἀεὶτὸ
2835 2710 2987 2778 γένος
3059 2711 3169 2762 τῶν
3211 2711 3483 2764 Ἰουδαίων

212 2800 421 2869 ὑπῆρχε
469 2801 912 2870 πολυάνθρωπον.
963 2803 1074 2856 Καὶ
1112 2806 1178 2857 τὰ
1221 2805 1352 2872 περὶ
1391 2807 1516 2866 τοὺς
1571 2805 1782 2873 γάμους
1821 2805 1876 2857 δὲ
1908 2806 2000 2857 καὶ
2036 2805 2133 2867 τὰς
2167 2803 2276 2856 τῶν
2326 2802 2701 2856 τελευτώντων
2732 2802 2909 2870 ταφὰς
2975 2802 3111 2854 πολὺ
3174 2801 3234 2852 τὸ
3274 2804 3484 2873 παρηλ-

209 2893 476 2963 λαγμένον
516 2894 660 2964 ἔχειν
701 2899 744 2927 ¹¹
777 2897 999 2965 ἐποίησε
1037 2897 1245 2966 νόμιμα
1285 2899 1419 2966 πρὸς
1451 2900 1521 2950 τὰ
1576 2898 1684 2950 τῶν
1715 2897 1890 2951 ἄλλων
1934 2897 2254 2966 ἀνθρώπων.
2323 2898 2479 2950 Κατὰ
2544 2896 2600 2949 δέ
2641 2897 2738 2960 τὰς
2805 2897 3030 2966 ὕστερον
3107 2895 3404 2963 γενομένας
3442 2899 3484 2929 ¹³

209 2988 564 3056 ἐπικρατείας
611 2989 673 3040 ἐκ
709 2987 809 3055 τῆς
851 2987 960 3040 τῶν
991 2988 1303 3056 ἀλλοφύλων
1347 2989 1654 3058 ἐπιμιξίας,
1700 2992 1793 3042 ἐπὶ
1832 2991 2100 3059 τετάρτης
2131 2991 2174 3020 ¹⁸
2203 2989 2312 3042 τῶν
2337 2989 2564 3060 Περσῶν
2601 2989 2903 3058 ἡγεμονίας
2938 2988 3036 3042 καὶ
3102 2990 3210 3043 τῶν
3278 2991 3482 3060 ταύτην

211 3079 629 3132 καταλυσάντων
659 3081 1004 3147 Μακεδόνων,
1039 3081 1209 3133 πολλά
1257 3083 1366 3135 τῶν
1403 3084 1650 3153 πατρίων
1677 3087 1788 3144 τοῖς
1839 3083 2113 3146 Ἰουδαίοις
2141 3084 2389 3152 νομίμων
2416 3082 2664 3153 ἐκινήθη.

274 3170 433 3223 Οὕτω
493 3172 589 3240 μὲν
645 3172 924 3225 κάνταῦθά
979 3190 1112 3242 φησι
1165 3176 1294 3244 περὶ
1325 3175 1432 3226 τῶν
1460 3176 1611 3245 παρά
1655 3175 1789 3228 Ἰου-

1970 3175 2129 3244 381
2169 3191 2200 3228 a
2249 3175 2322 3228 Ita
2360 3175 2447 3228 hic
2471 3173 2538 3227 de
2573 3172 2815 3227 moribus
2855 3181 2908 3226 et
2943 3173 3153 3243 legibus
3188 3175 3480 3242 majorum,

209 3262 372 3327 δαίοις
428 3266 626 3317 eam”
653 3283 712 3318 τε
746 3268 839 3318 καὶ
869 3268 1138 3336 νομίμων,
1169 3271 1263 3320 καὶ
1287 3268 1464 3320 αὐτῶν
1487 3270 1529 3300 ¹⁶
1563 3271 1790 3324 ἐκείνων

1907 3278 1950 3319 3t
1993 3268 2236 3321 discessu
2283 3281 2471 3319 eorum
2508 3280 2575 3318 ex
2608 3263 2864 3334 Egypto,
2909 3266 3082 3332 deque
3117 3280 3276 3318 sacro
3306 3265 3470 3329 Moss,

209 3355 302 3423 τῆς
325 3356 384 3419 ἐξ
414 3355 694 3422 Αἰγύπτου
748 3357 1094 3426 ἀπαλλαγῆς,
1146 3359 1240 3409 καὶ
1295 3359 1389 3410 τοῦ
1445 3359 1594 3410 Θείου
1628 3360 1796 3411 arma-

212 3445 364 3509 σέως,
397 3447 738 3515 ψευδολογῶν
767 3449 834 3500 τὰ
868 3448 1120 3510 πλεῖστα,
1152 3450 1246 3501 καὶ
1273 3449 1622 3519 διερχόμενος
1659 3451 1794 3520 πρὸς

211 3539 330 3599 τοὺς
379 3537 637 3607 ἐλέγχους
703 3539 867 3591 πάλιν
890 3532 964 3591 ὧν
988 3540 1364 3608 κατεψεύσατο
1391 3541 1488 3609 τῆς
1515 3541 1795 3610 ἀληθείας,

213 3629 559 3698 ἀναχώρησιν
610 3629 789 3700 ἐαυτῷ
835 3630 1321 3702 μεθοδευσάμενος,
1353 3632 1434 3695 είς
1484 3631 1672 3700 ἕτερον
1700 3633 1795 3684 καὶ

215 3719 306 3772 νῦν
325 3720 592 3791 ἀναφέρει
621 3721 731 3773 τῶν
771 3723 1079 3792 εἰρημένων
1125 3723 1227 3793 τὴν
1279 3724 1640 3794 παριστορίαν
1668 3739 1680 3750 ·
1710 3725 1799 3776 ἐπ-

215 3808 333 3876 άγει
367 3810 480 3879 γὰρ
505 3811 682 3878 ’Περὶ
724 3811 843 3881 μὲν
895 3811 1014 3866 τῶν
1061 3815 1368 3869 Ἰουδαίων
1428 3815 1735 3879 Ἑκαταῖος
1764 3819 1798 3870 ό

215 3901 516 3970 Μιλήσιος
554 3903 741 3958 ταῦτα
766 3908 1106 3976 ἱστόρηκεν.

797 3999 897 4051 Ἐκ
927 3999 1035 4052 τοῦ
1063 3999 1162 4069 μη¹
1180 4002 1240 4052 ¹⁷.

285 4085 410 4137 Ὅτι
449 4086 715 4154 ὃλέγεται
751 4089 1135 4158 συνενεχθῆναι
1167 4089 1337 4142 αἴτιον
1368 4090 1599 4145 θανάτου
1649 4093 1803 4162 παρά

214 4191 370 4227 τινων
417 4176 655 4247 Ίοϐιανῷ
705 4177 782 4247 τῷ
836 4177 1082 4246 βασιλεῖ,
1129 4180 1191 4230 τὸ
1241 4180 1716 4251 κατακοιμηθῆναι
1743 4182 1802 4232 ἐν

214 4264 346 4330 οἴκῳ
385 4269 582 4321 νεωστὶ
607 4269 1004 4340 κεκονιαμένῳ,
1073 4272 1210 4340 πυρὶ
1243 4271 1298 4322 δὲ
1331 4271 1420 4323 διὰ
1470 4273 1570 4342 τὴν
1641 4271 1802 4340 ψύξιν

216 4356 740 4430 ὑποθερμαινομένῳ
780 4362 872 4414 καὶ
921 4362 1129 4431 ἀτμοὺς
1185 4363 1402 4430 ἀφιέντι
1443 4365 1570 4428 τοὺς
1606 4367 1670 4416 ἐκ
1703 4365 1805 4435 τῆς

216 4453 601 4522 νενοτισμένης
631 4454 836 4518 κονίας,
871 4454 1031 4506 τοῦτο
1094 4455 1289 4507 ἑκόντα
1320 4456 1572 4509 ὑπελθεῖν
1601 4459 1807 4528 ἱστορεῖ

215 4541 476 4612 Διόδωρος
527 4544 737 4596 Κάτλον
761 4546 803 4575 ³⁸
835 4545 975 4598 κατά
1026 4546 1151 4608 τοὺς
1208 4545 1386 4614 πολλῷ
1415 4546 1806 4616 παλαιοτέρους

1902 3361 1953 3411 in
1993 3358 2173 3411 multis
2223 3358 2514 3420 mentitur,
2555 3357 2786 3426 plurima
2832 3357 2996 3411 etiam
3037 3374 3140 3410 non
3181 3360 3478 3423 attingens.

1899 3451 1956 3503 In
2009 3449 2452 3504 accusationibus
2509 3463 2644 3516 quas
2685 3457 2877 3502 contra
2919 3449 3200 3501 veritatem
3255 3447 3482 3516 profert,

1900 3543 2152 3606 deﬂectit,
2187 3541 2254 3595 ad
2287 3541 2454 3595 alium
2499 3542 2768 3596 dictorum
2804 3541 3170 3595 narrationem
3216 3541 3481 3596 referens.

1903 3630 2098 3686 Subdit
2129 3631 2273 3684 enim
2302 3633 2484 3684 statim
2519 3649 2532 3684 :
2574 3629 2703 3684 Haec
2729 3631 2792 3683 de
2821 3629 3028 3684 Juda'is
3062 3629 3341 3686 Hecatam
3371 3629 3482 3686 Mi-

1904 3724 2060 3777 lesius
2088 3724 2309 3776 tradidit
2334 3721 2464 3794 (59).

2252 3989 2295 4041 Ε
2328 3988 2463 4044 libro
2501 3989 2905 4058 quadragesimo
2946 3999 3146 4041 octavo.

1977 4082 2108 4148 Qua:
2126 4079 2354 4136 Joviano
2379 4081 2692 4149 imperatori
2718 4080 2786 4134 ab
2809 4079 3081 4149 aliquibus
3109 4079 3300 4134 mortis
3321 4095 3483 4135 causa

1907 4174 2078 4229 fuisse
2115 4174 2374 4238 traditur,
2413 4181 2472 4227 ut
2528 4173 2734 4228 scilicet
2791 4171 3066 4226 dormiens
3104 4173 3155 4226 in
3208 4174 3369 4226 dorno
3400 4188 3484 4226 re-

1907 4269 2034 4324 cens
2075 4269 2335 4334 inalbata,
2381 4279 2436 4323 et
2479 4269 2602 4336 igne
2649 4275 2867 4337 propter
2909 4267 3188 4320 humorem
3225 4266 3481 4327 excitato,

1911 4361 2200 4430 vaporibus
2244 4375 2276 4414 ο
2313 4359 2527 4415 madida
2561 4357 2707 4412 calce
2755 4355 3149 4426 prodeuntibus
3185 4355 3487 4410 exstinctus

1908 4452 1981 4506 sit
2005 4452 2140 4522 (60),
2184 4453 2326 4506 hanc
2366 4463 2560 4520 sponte
2604 4451 2855 4506 Catulum
2898 4449 3131 4504 subiisse
3173 4448 3332 4518 longo
3363 4457 3489 4502 ante

1912 4553 2153 4613 tempore
2189 4553 2376 4597 narrat
2414 4543 2715 4605 Diodorus;
2763 4557 2886 4595 nam
2927 4543 2978 4595 iu
3018 4542 3157 4596 libro
3185 4541 3488 4610 quadrage-

215 4633 460 4700 χρόνους.
503 4636 644 4701 Φησὶ
687 4636 796 4705 γὰρ
827 4638 883 4688 ἐν
911 4642 999 4706 μη¹
1043 4636 1190 4706 λόγῳ
1214 4636 1349 4705 πρὸς
1378 4638 1443 4706 τῇ
1475 4639 1618 4707 ἀρχῇ
1642 4638 1726 4689 ὅτι
1749 4637 1797 4689 οἱ

1907 4637 2044 4690 simo
2081 4644 2295 4697 octavo,
2330 4635 2506 4695 initio,
2547 4636 2658 4686 hrcc
2693 4634 2874 4686 habet.
2910 4631 3138 4684 Cimtani
3167 4642 3223 4686 et
3258 4631 3485 4686 Mariani

217 4725 344 4791 περὶ
379 4726 470 4777 τὸν
516 4728 716 4779 Κίνναν
771 4729 866 4780 καὶ
911 4727 1118 4797 Μάριον
1179 4727 1632 4796 συνεδρεύσαντες
1666 4729 1804 4796 μετά

215 4816 324 4868 τῶν
377 4819 824 4886 ἐπιφανεστάτων
890 4821 1170 4890 ἡγεμόνων
1242 4819 1590 4872 ἐϐουλεύοντο
1653 4820 1802 4884 ὅπως

219 4907 453 4977 βεϐαίοις
522 4915 907 4982 καταστήσωσι
955 4913 1053 4984 τὴν
1113 4913 1372 4982 εἰρήνηνο
1429 4913 1584 4975 τέλος
1621 4911 1801 4978 ἔδοξεν

217 4999 404 5065 αὐτοῖς
449 5004 576 5066 τοὺς
620 5005 1086 5072 ἐπιφανεστάτους
1144 5004 1254 5056 τῶν
1280 5003 1493 5074 ἐχθρῶν
1519 5003 1616 5055 καὶ
1639 5003 1800 5056 δυνα-

1915 4727 2196 4780 consilium
2227 4726 2464 4780 inierunt
2491 4740 2614 4778 cum
2650 4724 3116 4793 praestantissimis
3157 4724 3404 4788 ducibus,
3432 4734 3490 4776 ut

1913 4821 2064 4872 ﬁrma
2099 4819 2149 4870 in
2179 4831 2310 4884 pace
2335 4817 2598 4880 viverent,
2629 4826 2685 4868 et
2722 4816 2938 4870 tandem
2971 4815 3044 4867 ita
3069 4815 3474 4876 concluserunt,

1912 4920 1971 4962 ut
2005 4909 2344 4962 inimicorum
2381 4908 2715 4961 clarissimos
2758 4921 3034 4976 quosque,
3063 4916 3119 4961 et
3157 4908 3224 4961 de
3259 4907 3487 4973 imperio

1908 4998 2234 5052 contendere
2281 4996 2520 5050 valentes
2555 4995 2956 5061 interﬁcerent,
3006 5004 3066 5050 ut
3101 4996 3309 5052 scilicet
3352 5009 3485 5062 pura

1502 5139 1589 5194 VA
1599 5139 1735 5194 RLE
1779 5138 2188 5195 LECTIONES.

305 5273 394 5330 ⁸δέ
426 5280 550 5336 add.
581 5283 644 5335 Δ.
723 5280 1027 5344 τεύπειθεῖς
1067 5299 1127 5345 ς.

1229 5280 1251 5310 ⁸
1282 5281 1380 5335 τῆς
1409 5295 1517 5335 om.
1554 5280 1621 5335 A.

307 5295 394 5330 ὀε
426 5295 550 5336 auit.
581 5295 644 5335 Α.
724 5295 738 5312 ⁷⁸
758 5295 1027 5344 ευπειυεῑς
1067 5299 1127 5345 ς.
1229 5295 1251 5310 "
1282 5297 1380 5350 της
1409 5295 1442 5336 0

224 5347 270 5422 ff
298 5350 701 5422 προσεδρεύωσι
728 5350 770 5403 Β
795 5369 806 5402 :
836 5351 1274 5422 «possapst'aswst
1307 5369 1384 5422 ς.

1449 5351 1570 5402 "at
1605 5365 1715 5404 om.

1697 5283 1718 5313 ’
1747 5279 2044 5350 καρτερίαν
2068 5297 2130 5332 τε
2147 5279 2508 5350 καὶάνδρείαν
2547 5281 2740 5334 ἀσκεῖν
2763 5300 2823 5345 ς.

1702 5389 1715 5402 .
1746 5367 1830 5402 nr.
1864 5353 1924 5402 A.
2060 5351 2102 5382 "
2141 5351 2284 5402 ἔχειν
2315 5366 2424 5402 om.
2459 5349 2516 5402 Β.
2629 5353 2671 5382 ³³
2694 5369 2818 5402 γενο

1746 5367 1840 5420 pr.
1864 5367 1924 5402 Α.

2902 5284 3084 5349 πάσης
3111 5282 3394 5350 ὑπομονὴν
3419 5301 3484 5346 ς.

2060 5351 2102 5382 ¹¹
2141 5351 2284 5423 ἔχειν
2315 5349 2424 5423 om.
2459 5349 2516 5404 Β.
2602 5353 2671 5423 ,ίὲ
2694 5351 3016 5423 γενομένας]
3051 5349 3399 5423 ἐγνωσμένοις
3429 5352 3492 5406 Β.

225 5416 586 5501 ίζτετάρτης]
609 5416 1023 5501 ιιιςῴιῃςέτῇς.
1044 5416 1071 5501 ⁷.
1103 5420 1331 5501 linat);
1353 5420 1629 5501 Ἰουδαίοις
1828 5419 1867 5472 Β
1889 5429 1943 5472 et
1969 5434 2111 5473 corr.
2144 5416 2211 5483 Α,
2241 5420 2454 5501 qui'pr.‘
2473 5419 2626 5490 παρά
2655 5416 2840 5501 ἐθῶνὶ
2874 5416 3129 5501 παρέθῶν
3161 5416 3244 5485 ς.’
3303 5421 3349 5454 ⁸⁸
3389 5423 3494 5478 αὑ-

224 5486 359 5557 τῶνΙ
385 5486 471 5546 an.
502 5486 721 5560 ἀὺτῆςῖ
775 5491 815 5523 ¹⁷
851 5486 968 5564 μη’]
992 5490 1071 5562 λη’
1103 5486 1498 5561 Wessclingius
1535 5500 1656 5559 post
1687 5490 2166 5544 Rhodomannum.

2247 5491 2292 5525 ⁸⁸
2318 5490 2529 5543 Κάτλον
2556 5502 2680 5558 post
2705 5490 2930 5560 χρόνους
2955 5490 3104 5559 ponit
3136 5509 3198 5556 ς.

1751 5601 1982 5657 NOTAE.

327 5720 412 5791 59)
444 5721 581 5777 Vide
601 5720 899 5791 Joscphum
927 5721 1022 5775 lib.
1056 5721 1313 5791 Adversus
1336 5720 1649 5791 Appionent.

327 5722 412 5789 59)
444 5722 581 5777 Vide
601 5722 899 5791 Joscphum
927 5722 1022 5775 lib.
1056 5722 1313 5775 Adversus
1336 5722 1649 5789 Appionem.

296 5722 420 5914 $60)
446 5792 501 5846 ln
536 5791 782 5862 Epiroma
809 5791 953 5846 Sexti
981 5791 1181 5845 Aurelii
1212 5790 1465 5845 Victoris.
1496 5807 1514 5839 ι
1554 5788 1656 5868 llic
1679 5786 1806 5868 dum

342 5863 517 5914 erside
539 5864 717 5914 hieme
766 5876 956 5914 asnera
984 5863 1268 5914 medianae
1285 5857 1806 5914 Constantinonohm

233 5875 266 5915 a
296 5857 517 5917 Perside
539 5857 717 5919 hieme
766 5876 956 5931 aspera
984 5863 1268 5932 mediaque
1285 5857 1810 5928 Constantinopolim

1922 5721 2222 5786 accelerat,
2264 5718 2534 5774 cruditate
2571 5716 3107 5798 stomachitectorio
3144 5717 3269 5774 novi
3310 5714 3496 5788 operta

1919 5798 2176 5860 gravatus
2214 5799 2382 5856 esset,
2418 5797 2640 5858 repente
2665 5795 2894 5844 interiit.
2930 5805 2949 5837 ι
