3924 6430
431 399 451 463 1
463 400 567 465 395

1562 402 1824 465 ΡΗΟΤΙΙ
1864 400 2376 465 PATRIARCH/E
2420 402 2531 462 CP.

3565 397 3696 463 1396

432 518 669 573 factione
697 530 885 571 eorum
912 513 1140 583 reddita,
1171 515 1385 586 reliquo
1412 523 1678 586 tempore,
1705 525 1765 570 ut
1788 514 2003 581 vellem,

2121 512 2320 583 μένους
2378 509 2794 581 ἀμφισϐητῆσαι
2843 511 3185 582 πραγμάτων
3224 513 3268 546 ¹⁹
3302 514 3511 577 πάντας
3560 514 3694 567 ἀπο.

430 611 550 666 sine
587 610 784 665 timore
810 623 934 664 cum
969 608 1162 664 amicis
1199 609 1311 665 suis
1352 609 1741 678 rempublicam
1778 606 2012 662 admini-

430 709 688 758 strarent.
723 700 904 767 Quare
942 702 1131 755 statim
1157 710 1345 770 pactas
1383 700 1730 756 conditiones
1759 708 1813 753 et
1854 698 2012 753 ﬁdem

432 791 818 859 neglexerunt,
867 798 923 845 et
962 791 1139 845 caedes
1180 791 1665 846 condemnatorum
1698 791 1919 858 impune
1958 798 2015 843 et

429 884 631 951 ubique
663 883 817 938 factae
853 897 1001 940 sunt.
1040 882 1273 949 Quintus
1312 898 1444 938 vero
1474 882 1724 937 Lutatius
1763 881 2010 947 Catulus,

429 976 521 1046 qui
543 975 909 1031 clarissimum
937 977 1004 1032 de
1031 977 1274 1033 Cimbris
1303 976 1638 1046 triumphum
1670 987 1877 1045 egerat,
1921 990 2015 1043 po-

429 1067 555 1134 pulo
603 1069 756 1138 prius
810 1069 1169 1124 cbarissimus
1215 1085 1245 1123 a
1288 1069 1522 1139 quodam
1575 1070 1793 1125 tribuno
1842 1066 2013 1137 plebis

427 1160 570 1228 apud
615 1161 874 1230 populum
920 1176 1046 1216 reus
1078 1162 1271 1217 mortis
1316 1162 1492 1217 factus
1532 1170 1617 1217 est
1644 1177 1658 1216 :
1690 1175 1861 1229 quare
1896 1174 2013 1213 me-

427 1257 590 1304 tuens
624 1251 919 1319 periculum
959 1266 1026 1306 ex
1068 1252 1441 1316 accusatione,
1481 1264 1824 1320 speransque
1863 1249 2014 1302 auxi-

425 1338 555 1394 lium
599 1341 814 1409 aliquod
859 1342 927 1397 ad
967 1342 1194 1398 Marium
1242 1358 1303 1399 se
1354 1342 1620 1398 contulit:
1666 1342 1786 1411 ipse
1828 1350 2010 1395 autem

426 1442 585 1488 antea
636 1436 846 1490 amicus
898 1435 1047 1505 ejus,
1094 1447 1222 1492 tunc
1272 1439 1449 1491 elatus
1487 1435 1778 1504 superbia,
1829 1433 2011 1488 secius

422 1538 549 1593 erga
590 1540 711 1579 eum
746 1524 970 1581 allectus
1004 1537 1107 1593 est,
1150 1528 1467 1598 nullumque
1494 1527 1640 1581 aliud
1688 1539 2008 1595 responsum

422 1612 569 1666 dedit
608 1614 742 1678 nisi,
786 1609 1126 1671 Moriendum
1162 1628 1259 1674 est.
1305 1618 1524 1671 Catulus
1568 1631 1695 1671 vero
1726 1617 2005 1683 desperata

420 1704 594 1760 salute
615 1721 913 1776 properans
943 1710 1062 1763 sine
1094 1709 1289 1779 injuria
1317 1709 1480 1763 vitam
1548 1709 1865 1767 terminare,
1920 1718 2008 1759 se-

420 1793 599 1861 ipsum
638 1795 749 1849 vita
792 1797 1045 1866 privavit,
1079 1798 1241 1867 idque
1289 1814 1428 1853 novo
1457 1808 1511 1852 et
1541 1798 1801 1852 inusitato
1829 1809 2002 1858 more,

2116 602 2341 668 κτεῖναι,
2361 600 2526 673 [H56
2546 597 2641 672 [1.]
2665 600 2812 664 ὅπως
2835 599 3081 671 καθαρᾶς
3101 601 3401 671 γενομένης
3428 602 3532 672 τῆς
3561 603 3694 667 ιδίας

2114 693 2382 762 αίρέσεως
2431 691 2530 746 καὶ
2586 691 2804 761 μερίδος
2858 692 3033 755 ἀδεῶς
3063 691 3124 745 τὸ
3148 691 3359 757 λοιπὸν,
3387 693 3486 747 καὶ
3512 692 3591 757 ὡς
3628 693 3695 747 ἀν

2124 783 2448 854 βούλωνται,
2472 783 2611 854 μετά
2634 783 2743 837 τῶν
2772 782 2942 853 φίλων
2982 782 3224 836 διοικῶσι
3257 784 3305 816 ’⁸
3325 784 3394 837 τὰ
3417 784 3564 839 κατὰ
3598 786 3694 857 τὴν

2113 876 2437 947 ἡγεμονίαν.
2494 875 2671 938 Εὐθὺς
2700 870 2795 928 οὖν
2844 873 2957 929 τῶν
2984 876 3081 946 μὲν
3102 876 3486 947 γεγενημένων
3512 876 3695 930 συνθέ-

2115 985 2256 1022 σεων
2292 968 2387 1021 καί⁵
2437 967 2672 1021 πίστεων
2734 966 3041 1036 ἠμέλησαν,
3095 968 3502 1037 σφαγαὶδὲτῶν
3524 986 3695 1022 κατα-

2112 1060 2498 1135 ψηφισθέντων
2527 1060 2712 1121 αὐτοῖς
2744 1058 2960 1129 ἄκριτοι
2984 1060 3080 1113 καὶ
3108 1061 3386 1130 πανταχοῦ
3430 1060 3695 1128 ἐγίνοντο,

2112 1156 2341 1217 Κόϊντος
2397 1150 2523 1224 [62⁸2
2554 1151 2649 1221 Η.1
2693 1151 2750 1205 δὲ
2782 1152 3125 1216 Λουτάτιοςό
3154 1153 3385 1218 Κάτλος,
3425 1153 3696 1224 τεθριαμ-

2113 1246 2327 1307 ϐευκὼς
2386 1244 2483 1315 μὲν
2522 1243 2812 1311 ἐπισήμως
2850 1243 2957 1296 ἀπὸ
3001 1244 3289 1315 Κίμϐρων,
3327 1243 3697 1314 ἀγαπώμενος

2110 1337 2168 1391 δὲ
2185 1336 2291 1390 ὑπὸ
2312 1336 2421 1389 τῶν
2468 1333 2707 1387 πολιτῶν
2730 1336 3134 1406 περιττότερον,
3168 1335 3275 1390 ὑπό
3302 1353 3448 1400 τινος
3475 1336 3694 1407 δημάρ-

2111 1447 2207 1502 χου
2265 1427 2601 1499 κατηγορίας
2648 1426 2949 1497 ἐτύγχανεν
3006 1429 3065 1481 ἐν
3113 1427 3192 1498 τῷ
3235 1429 3394 1500 δήμῳ
3436 1428 3692 1483 θανάτου.

2109 1521 2447 1593 Φοϐούμενος
2482 1520 2540 1573 δὲ
2565 1520 2657 1574 τὸν
2684 1520 2749 1573 ὲκ
2766 1520 2867 1588 τῆς
2893 1520 3268 1589 συκοφαντίας
3288 1520 3532 1574 κίνδυνον
3556 1513 3694 1591 ἧκεν

2110 1618 2192 1679 είς
2238 1614 2330 1668 τὸν
2356 1612 2592 1684 Μάριον,
2648 1612 2903 1681 δεόμενος
2936 1616 3119 1682 τυχεῖν
3147 1612 3421 1683 βοηθείας.
3468 1613 3605 1666 Ὀδὲ
3630 1612 3691 1665 τὸ

2114 1706 2212 1775 μὲν
2258 1703 2569 1776 ἔμπροσθεν
2596 1703 2838 1771 ἐγεγόνει
2872 1701 3045 1770 φίλος,
3073 1702 3193 1754 τότε
3224 1701 3270 1754 δ’
3298 1701 3362 1755 ἐκ
3384 1718 3530 1765 τινος
3558 1702 3692 1754 ὑπο-

2109 1794 2239 1864 ψίας
2262 1792 2560 1863 ἀλλοτρίως
2583 1791 2722 1862 ἔχων
2751 1792 2886 1862 πρὸς
2914 1792 3078 1847 αὐτὸν
3093 1791 3254 1845 τοῦτο
3274 1793 3435 1864 μόνον
3454 1792 3689 1862 ἀπεκρί-

418 1898 540 1937 nam
568 1885 853 1942 includens
884 1889 1122 1959 seipsum
1149 1890 1201 1943 in
1225 1890 1385 1945 domo
1418 1904 1607 1944 recens
1637 1888 1906 1953 dealbata,
1945 1894 2000 1940 et

2110 1888 2169 1958 θη
2198 1926 2214 1951 ,
2252 1885 2467 1941 Θανεῖν
2516 1883 2625 1938 δεῖ.
2678 1882 2787 1936 Καὶ
2813 1885 2841 1937 ό
2864 1882 3076 1947 Κάτλος
3132 1884 3405 1953 ἀπογνοὺς
3454 1885 3552 1954 μὲν
3592 1884 3691 1948 τάς

414 1991 668 2046 vaporem
704 1994 735 2034 e
765 1981 911 2035 calce
954 1982 1077 2050 igne
1115 1992 1170 2037 et
1202 1982 1348 2037 fumo
1379 1982 1658 2047 excitans,
1692 1979 1997 2050 respirandi

417 2070 673 2126 facultate
705 2073 995 2143 impeditus
1030 2075 1334 2130 exstinctus
1364 2085 1472 2129 est.

2105 1978 2205 2047 τῆς
2230 1976 2275 2007 ἰ
2303 1974 2578 2044 σωτηρίας
2613 1972 2857 2036 ἐλπίδας.
2913 1972 3160 2027 σπεύδων
3190 1974 3249 2028 δὲ
3271 1975 3439 2046 χωρὶς
3480 1974 3690 2047 ὕϐρεως

2108 2066 2487 2140 καταστρέψαι
2530 2067 2624 2118 τὸν
2659 2065 2797 2136 βίον,
2840 2066 3035 2120 ἑαυτὸν
3081 2065 3177 2119 τοῦ
3210 2066 3311 2138 ζῇν
3362 2067 3690 2137 μετέστησεν

415 2163 534 2235 ίδίῳ
582 2167 693 2219 τινὶ
752 2169 847 2221 καὶ
897 2168 1342 2241 παρηλλαγμένῳ
1403 2171 1614 2242 τρόπῳ.
1667 2174 2002 2243 Συγκλείσας
2042 2175 2237 2228 ἑαυτὸν
2280 2174 2358 2235 είς
2415 2166 2563 2224 δίκον
2592 2169 2928 2240 νεόχριστον,
2974 2170 3069 2222 καὶ⁵
3095 2170 3195 2239 τὴν
3221 2171 3284 2221 ὲκ
3340 2170 3441 2239 τῆς
3509 2171 3688 2232 κονίας

410 2256 693 2328 ἀναφορὰν
730 2260 866 2330 πυρί
901 2261 997 2313 καὶ
1028 2261 1223 2332 καπνῷ
1261 2264 1627 2336 συναυξήσας,
1653 2268 1721 2338 τῇ
1753 2268 1852 2336 τῆς
1879 2267 2157 2338 ἀναπνοῆς
2182 2265 2361 2335 φθορᾷ
2385 2261 2717 2333 περιπνιγὴς
2734 2263 2781 2293 ¹²
2812 2260 3104 2330 γενόμενος
3140 2260 3472 2332 ἀπήλλαξεν.

901 2349 984 2404 Ea:
1016 2353 1281 2407 tricesimo
1312 2356 1503 2423 primo.
2704 2354 2806 2407 Ἐκ
2835 2370 2943 2406 του
2972 2352 3087 2407 .ta'.

481 2436 611 2496 Haec
634 2440 760 2495 dum
791 2450 1073 2510 geruntur,
1106 2442 1334 2500 Romam
1376 2446 1575 2517 3311;
1607 2463 1805 2505 venere
1834 2449 1997 2522 legati

2175 2447 2329 2517 ’Ἅμα
2363 2446 2421 2501 δὲ
2443 2442 2654 2508 τούτοις
2704 2442 3107 2513 πραττομένοις
3151 2444 3235 2507 είς
3274 2442 3498 2515 Ῥώμην
3551 2461 3688 2515 παρ.

409 2533 786 2600 Rhodiorum,
827 2535 895 2590 ad
934 2535 1188 2591 diluenda
1247 2539 1443 2608 quibus
1489 2541 1736 2610 impediti
1782 2541 2000 2600 fuerant

2110 2539 2356 2610 εγένοντο
2408 2537 2745 2610 πρεσϐευταὶ
2781 2534 3022 2601 Ῥοδίων,
3042 2537 3142 2601 τὰς
3179 2538 3555 2607 γεγενημένας
3577 2538 3689 2590 δια-

408 2625 667 2680 crimina.
700 2624 1035 2681 Videbantur
1068 2629 1212 2683 enim
1260 2629 1312 2684 in
1355 2630 1517 2695 bello,
1562 2635 1705 2702 quod
1735 2635 2000 2691 adversus

2110 2632 2272 2695 ϐολὰς
2322 2633 2447 2685 κατ’
2475 2629 2658 2685 αὐτῶν
2680 2626 3061 2683 ἀπολύσασθαι
3084 2644 3099 2659 ο
3134 2628 3352 2682 ἐδόκουν
3387 2627 3498 2699 γὰρ
3520 2629 3580 2680 ὲν
3613 2627 3689 2695 τῷ

409 2716 669 2773 Perseum
693 2728 907 2788 gestum
931 2731 1035 2786 est,
1064 2722 1264 2776 animis
1285 2724 1350 2778 ad
1388 2739 1571 2795 regem
1604 2726 1918 2793 inclinasse,
1944 2736 2000 2782 et

2110 2724 2246 2792 πρὸς
2302 2722 2520 2793 Περσέα
2564 2720 2785 2791 πολέμῳ
2833 2722 2949 2781 ταῖς
2997 2719 3231 2783 εὐνοίαις
3272 2718 3689 2772 ἀποκεκλικέναι

410 2825 573 2879 quam
604 2827 726 2865 cum
751 2812 1012 2868 Romanis
1046 2814 1321 2869 habebant
1347 2817 1669 2883 amicitiam,
1708 2820 1995 2889 prodiisse.

409 2902 657 2971 Cumque
694 2904 828 2957 nihil
864 2905 1136 2973 legatione
1169 2921 1268 2960 sua
1305 2909 1652 2976 proﬁcerent,
1687 2910 1989 2979 desponsa-

410 2995 545 3049 bant
569 2996 780 3048 animos
807 3036 821 3061 ,
854 3006 909 3049 et
937 3012 1058 3050 cum
1101 2998 1355 3070 lacrymis
1392 2999 1663 3070 colloquia
1702 3003 2000 3061 habebant.

412 3088 547 3140 Cum
583 3096 765 3140 autem
797 3102 889 3141 eos
922 3087 973 3144 in
1010 3100 1260 3144 senatum
1296 3091 1683 3148 introduxisset
1723 3109 1863 3149 unus
1903 3096 2001 3149 tri-

412 3179 715 3243 bunorum,
761 3181 980 3234 nomine
1016 3180 1320 3252 Antonius,
1353 3186 1562 3254 primus
1600 3187 1906 3243 orationem
1937 3188 2003 3242 de

412 3273 681 3343 legatione
712 3273 901 3328 habuit
930 3271 1289 3343 Philophron,
1310 3286 1365 3330 et
1388 3277 1685 3332 secundum
1712 3288 1999 3347 posteum,

2103 2815 2243 2887 πρὸς
2263 2814 2354 2867 τὸν
2386 2812 2610 2883 βασιλέα
2633 2812 2728 2865 καὶ
2777 2810 3176 2882 προδεδωκέναι
3212 2811 3313 2879 τὴν
3377 2809 3513 2878 πρὸς
3558 2809 3688 2863 Ῥωο

2103 2908 2301 2979 μαίους
2346 2905 2552 2974 φιλίαν.
2611 2903 2793 2974 Μηδὲν
2840 2903 2897 2956 δὲ
2930 2902 3190 2966 ἀνύοντες
3240 2894 3316 2955 ὧν
3351 2901 3683 2971 ἐπρέσϐευον

2101 2999 2183 3058 εἰς
2213 2997 2455 3067 ἀθυμίαν
2478 2994 2793 3058 ἐνέπιπτον,
2826 2995 2921 3048 καὶ
2970 2996 3109 3064 μετά
3129 2994 3381 3065 δακρύων
3408 2994 3689 3047 ἐποιοῦντο

2101 3090 2201 3155 τὰς
2225 3089 2521 3157 ἐντεύξεις.
2564 3089 2971 3157 Εἰσαγαγόντος
2999 3089 3055 3141 δὲ
3084 3088 3284 3150 αὐτοὺς
3320 3090 3400 3151 είς
3424 3087 3526 3157 τὴν
3558 3087 3687 3153 σύγ-

2103 3183 2301 3254 κλητον
2346 3181 2465 3244 ἐνὸς
2497 3180 2606 3232 τῶν
2653 3180 2952 3250 δημάρχων
3001 3178 3286 3231 Ἀντωνίου
3341 3177 3560 3248 πρῶτος
3595 3179 3690 3248 μὲν

2101 3276 2340 3329 ἐποιεῖτο
2392 3275 2482 3325 τὸν
2524 3270 2666 3342 ὑπὲρ
2696 3270 2797 3339 τῆς
2847 3269 3149 3340 πρεσϐείας
3199 3269 3358 3337 λόγον
3382 3268 3686 3339 Φιλόφρων,

409 3364 756 3434 Astymedes.
799 3364 863 3420 Hi
925 3380 1049 3419 cum
1091 3366 1259 3422 multa
1292 3368 1607 3437 suppliciter
1635 3377 1689 3423 et
1732 3370 1999 3439 depreca-

2110 3367 2246 3439 μετᾶ
2266 3366 2323 3419 δὲ
2350 3365 2541 3418 τοῦτον
2608 3361 2970 3432 Ἀστυμήδης.
3033 3362 3213 3415 Πολλά
3236 3362 3294 3415 δὲ
3336 3363 3475 3432 πρὸς
3498 3363 3684 3431 δέησιν

413 3455 551 3509 torie
576 3455 863 3523 dixissent,
894 3467 949 3511 et
975 3457 1044 3512 ad
1076 3467 1378 3513 extremum
1408 3459 1490 3529 (ut
1512 3470 1593 3515 est
1620 3462 1671 3514 in
1694 3462 2003 3534 proverbio)

412 3559 671 3615 cygneam
700 3547 1012 3602 cantionem
1035 3548 1396 3615 cecinissent,
1446 3566 1590 3620 aegre
1626 3565 1883 3619 responsa
1914 3566 2006 3608 ac-

412 3645 693 3702 ceperunt,
721 3650 817 3705 per
844 3651 963 3707 qua:
1013 3640 1082 3694 ab
1102 3649 1348 3694 extremo
1376 3642 1598 3709 quidem
1620 3654 1765 3697 metu
1790 3643 2000 3698 liberati

410 3735 540 3779 sunt
570 3727 685 3781 .sed
722 3729 788 3783 de
810 3729 1133 3787 criminibus
1164 3734 1360 3788 acerbe
1391 3733 1684 3805 objurgati.

487 3895 667 3962 Quare
693 3896 820 3953 licet
840 3900 979 3967 apud
1005 3898 1280 3957 Romanos
1304 3904 1487 3961 videre
1510 3908 1997 3975 praestantissimos

414 4002 659 4058 quosque
703 3990 771 4045 de
809 3991 979 4061 gloria
1026 3995 1452 4061 contendentes,
1503 4012 1600 4063 per
1638 4014 1776 4068 quos
1814 4001 2000 4056 omnia

411 4093 552 4146 pene
589 4081 828 4134 maxima
862 4096 892 4134 a
925 4083 1119 4151 populo
1144 4085 1520 4153 perﬁciuntur.
1549 4087 1656 4143 Sed
1684 4091 1735 4142 in
1762 4091 1884 4145 aliis
1909 4106 1998 4145 ur-

412 4169 574 4225 hibus
602 4171 701 4226 sibi
734 4172 866 4241 ipsis
898 4188 1090 4229 omnes
1120 4175 1392 4241 invident,
1432 4177 1658 4234 Romani
1700 4196 1827 4237 vero
1859 4183 1998 4237 invi-

413 4277 533 4316 cem
568 4261 811 4330 laudant,
841 4268 983 4321 unde
1010 4268 1192 4322 evenit
1228 4270 1434 4338 optime
1461 4281 1517 4325 et
1542 4271 1841 4329 fortissime
1884 4290 1998 4329 rem

412 4362 473 4408 ut
516 4366 743 4425 gerant,
786 4358 1174 4427 rempublicam
1223 4362 1560 4429 ampliﬁcare
1608 4365 1890 4421 studentes
1945 4376 2002 4422 ct

411 4447 504 4501 alii
536 4448 736 4518 injuste
777 4452 1102 4519 sentientes,
1151 4462 1209 4508 et
1250 4455 1459 4525 seipsos
1502 4458 2001 4517 circumvenientes

414 4541 645 4608 patriam
684 4545 931 4611 perdant.

2109 3463 2204 3514 καὶ
2246 3460 2580 3530 παραίτησιν
2621 3456 2893 3519 εἰπόντες.
2946 3456 3040 3509 καὶ
3087 3456 3149 3510 τὸ
3201 3457 3515 3509 τελευταῖον
3550 3456 3689 3509 κατά

2106 3554 2206 3626 τὴν
2252 3552 2557 3625 παροιμίαν
2580 3550 2645 3604 τὸ
2667 3549 2918 3602 κύκνειον
2972 3547 3227 3619 ᾄσαντες,
3284 3549 3444 3619 μόλις
3503 3548 3689 3601 ἔλαϐον

2104 3646 2447 3716 ἀποκρίσεις,
2503 3645 2570 3697 δι’
2614 3634 2690 3695 ὧν
2721 3640 2814 3693 τοῦ
2850 3639 2947 3709 μὲν
2976 3639 3301 3711 ὁλοσχεροῦς
3349 3639 3518 3709 φόϐου
3553 3657 3690 3708 παρ-

2107 3736 2401 3806 ελύθησαν,
2429 3751 2497 3787 πε
2507 3735 2563 3805 pl.
2589 3734 2647 3787 δὲ
2677 3730 2787 3785 τῶν
2838 3729 3204 3801 ἐγκλημάτων
3241 3731 3459 3803 πικρῶς
3486 3730 3691 3784 ὠνειδί-

2106 3829 2336 3901 σθησαν.

2174 3920 2373 3992 Διόπερ
2402 3921 2533 3974 ἰδεῖν
2563 3920 2677 3975 ἔστι
2733 3922 2882 3990 παρα
2925 3917 3219 3989 Ῥωμαίοις
3266 3917 3397 3979 τοὺς
3420 3918 3687 3982 ἐπιφανε-

2106 4013 2335 4076 στάτους
2387 4012 2587 4082 ἄνδρας
2639 4013 2781 4083 ὑπὲρ
2828 4012 2984 4083 δόξης
3035 4010 3469 4080 ἁμιλλωμένους,
3511 4008 3580 4060 δι’
3608 4004 3682 4061 ὧν

2104 4104 2325 4160 ᾶπαντα
2385 4103 2574 4176 σχεδὸν
2595 4105 2665 4157 τά
2714 4106 2947 4174 μέγιστα
2971 4104 3049 4174 τῷ
3086 4105 3243 4173 δήμῳ
3274 4101 3682 4172 κατορθοῦνται.

2119 4200 2208 4253 Ἐν
2245 4199 2345 4268 μὲν
2378 4199 2487 4269 γὰρ
2523 4201 2639 4261 τοῖς
2682 4198 2862 4261 ἄλλοις
2910 4197 3268 4265 πολιτεύμασι
3299 4191 3691 4264 ζηλοτυποῦσιν

2104 4290 2387 4360 ἀλλήλους,
2437 4289 2695 4359 Ῥωμαῖοι
2730 4289 2786 4342 δὲ
2816 4288 3149 4343 ἐπαινοῦσιν.
3168 4338 3177 4341 -
3196 4286 3289 4350 Ἐξ
3314 4279 3375 4338 οῦ
3405 4284 3693 4354 συμϐαίνει

2110 4383 2347 4454 μάλιστα
2392 4385 2519 4446 τοὺς
2553 4383 2651 4452 μὲν
2675 4382 2941 4453 πράσσειν
2963 4381 3032 4433 τὰ
3064 4380 3326 4435 κάλλιστα
3356 4378 3463 4431 τῶν
3488 4376 3690 4447 ἔργων,

2107 4474 2520 4546 ἁμιλλωμένους
2582 4473 2767 4539 αὔξειν
2800 4476 2859 4527 τὸ
2888 4476 3038 4543 κοινῇ
3061 4473 3108 4504 ’³
3137 4471 3436 4543 συμφέρον,
3481 4471 3605 4531 τοὺς
3644 4468 3693 4519 δ’

2107 4563 2300 4627 ἄλλους
2320 4562 2763 4628 ἁδικοδοξοῦντας
2784 4562 2876 4614 καὶ
2908 4561 3006 4625 τὰς
3032 4562 3275 4630 ἀλλήλων
3293 4562 3337 4592 ’⁸
3371 4558 3626 4621 ἐπιϐολὰς
3645 4558 3693 4589 ’⁵

2107 4656 2538 4727 λυμαινομένους
2568 4655 2825 4727 βλάπτειν
2856 4654 2956 4724 τὴν
2990 4653 3244 4724 πατρίδα.

482 4722 745 4781 Perseum
779 4727 1028 4784 ultimum
1058 4746 1237 4802 regem
1260 4733 1614 4805 Macedoniae,
1645 4747 1931 4808 postquam
1956 4741 2002 4796 is

2178 4722 2308 4802 ἒὍτι
2343 4722 2580 4818 -Περσέα
2615 4749 2677 4802 τὸ
2724 4722 3033 4802 τελευταῖον
3068 4722 3408 4808 Μακεδονίας
3442 4743 3689 4815 βασιλέα,

412 4829 553 4884 stepe
591 4832 715 4872 cum
750 4817 1010 4875 Romanis
1046 4825 1342 4879 amicitiam
1378 4827 1521 4893 iniit,
1552 4844 1694 4901 saepe
1728 4830 1858 4886 item
1894 4848 1999 4888 non

2111 4817 2676 4910 πολλάκιςῬωμαίοις
2700 4839 2787 4893 διὰ
2812 4838 2993 4908 φιλίας
3026 4838 3192 4903 ἰόντα,
3228 4837 3488 4899 πολλάκις
3520 4836 3575 4889 δὲ
3593 4839 3689 4890 καὶ

413 4911 811 4963 contemnendo
839 4913 1082 4967 exercitu
1116 4915 1316 4971 bellum
1345 4921 1534 4989 gessit,
1569 4925 1787 4980 tandem
1820 4925 2000 4981 Emi-

409 4998 513 5053 lius
538 5001 868 5058 debellatum
909 5007 1083 5075 cepit,
1116 5018 1171 5063 et
1205 5012 1528 5078 praeclarum
1557 5017 1628 5071 ob
1656 5033 1779 5074 eam
1818 5019 1994 5075 victo-

406 5092 544 5147 riam
586 5094 919 5165 triumphum
957 5100 1087 5168 egit.
1127 5101 1360 5160 Perseus
1400 5121 1531 5163 vero
1565 5111 1732 5166 tantis
1760 5113 1998 5184 agitatus

408 5184 814 5243 calamitatibus
850 5201 907 5245 ut
951 5191 1157 5249 similes
1200 5210 1323 5252 esse
1362 5199 1647 5257 videantur
1687 5203 1807 5272 ejus
1840 5220 2000 5261 casus

2114 4931 2342 5002 στρατιᾷ
2366 4931 2467 4984 οὐκ
2504 4930 2838 5001 ἀναξιολόγῳ
2862 4930 3243 5000 πολεμήσαντα
3263 4928 3418 4991 τέλος
3440 4926 3685 4994 Δίμίλιος

2113 5022 2582 5093 καταπολεμήσας
2604 5018 2740 5087 εἷλε,
2782 5022 2877 5075 καὶ
2926 5021 3178 5093 λαμπρὸν
3220 5020 3490 5090 θρίαμϐον
3510 5021 3597 5072 ἐπὶ
3624 5022 3688 5090 τῇ

2114 5110 2241 5182 νίκῃ
2268 5112 2576 5182 κατήγαγε.
2604 5112 2851 5182 Περσεὺς
2879 5110 2937 5164 δὲ
2965 5111 3314 5181 τηλικαύταις
3370 5108 3690 5182 περιπεσὼν

2112 5220 2177 5255 συ
2187 5205 2421 5272 μφοραῖς
2442 5202 2582 5256 ὥστε
2595 5202 2771 5256 δοκεῖν
2783 5203 2943 5273 ὅμοια
2966 5202 3152 5273 μύθοις
3162 5203 3449 5271 ἀγενήτοις
3465 5199 3602 5255 εἶναι
3617 5202 3689 5254 τὰ

408 5273 609 5330 fabulis
649 5291 830 5332 rerum
884 5296 1163 5350 nunquam
1232 5296 1538 5358 gestarum,
1605 5306 1675 5346 nc
1722 5293 2003 5351 discedere

2110 5293 2261 5363 πάθη
2284 5296 2352 5348 τά
2378 5294 2509 5364 περὶ
2540 5293 2724 5360 αὑτὸν,
2751 5294 2860 5348 οὐδ’
2889 5292 3333 5364 ἀπολυθῆναιτοῦ
3366 5293 3466 5363 ζῇν
3499 5292 3687 5363 ήθελε.

411 5366 629 5432 quidem
666 5383 696 5423 e
731 5370 836 5425 vita
887 5373 1117 5430 volebat.
1157 5375 1479 5449 Priusquam
1514 5383 1657 5437 enim
1690 5396 1914 5441 senatus
1936 5388 2003 5441 de

2110 5387 2246 5456 Πρὶν
2263 5387 2372 5457 γὰρ
2401 5386 2433 5456 ἢ
2470 5386 2567 5456 τὴν
2584 5385 2890 5457 σύγκλητον
2901 5387 3039 5456 ὑπὲρ
3063 5383 3226 5438 αὑτοῦ
3244 5384 3520 5438 διαλαϐεῖν
3536 5382 3562 5435 δ
3573 5383 3689 5454 χρὴ

409 5475 472 5513 eo
518 5465 963 5531 pronuntiasset,
1014 5468 1141 5538 quid
1204 5470 1512 5527 faciendum
1565 5485 1713 5530 esset
1778 5476 1989 5534 urbano

2110 5476 2316 5542 παθεῖν,
2364 5476 2475 5529 τῶν
2505 5476 2648 5531 κατά
2677 5477 2831 5531 πόλιν
2855 5475 3175 5547 στρατηγῶν
3194 5477 3238 5508 ’⁸
3262 5470 3343 5540 εἷς
3373 5474 3627 5528 ἐνέϐαλεν
3639 5477 3687 5508 ⁸⁷

1731 5609 1967 5666 VARI/lt}
2016 5610 2427 5668 LECTIONES.

488 5689 529 5722 ³³
554 5691 702 5775 flii“?-
726 5696 1201 5775 Eeempa‘rttfi‘twv
1227 5696 1268 5751 Β
1290 5716 1352 5775 ς.
1384 5700 1740 5775 Δ-ξθδοικοῦσι
1776 5720 1838 5767 ς.
1915 5706 1959 5736 ³³
1986 5703 2087 5775 τῆς
2112 5704 2243 5775 add.
2267 5705 2332 5757 Α.
2413 5705 2460 5736 ²¹
2493 5704 2827 5774 etapium-hc
2855 5704 2896 5775 Β
2924 5714 2978 5759 et
3012 5719 3155 5775 corr.
3185 5702 3230 5755 ll
3266 5720 3281 5757 :
3325 5703 3677 5775 περιπνιγεὶς

416 5774 475 5846 εξ
554 5762 599 5790 ²³
623 5762 842 5846 κρινῇιΒ
884 5762 1105 5846 ίκοινον
1219 5839 1232 5846 Β
1296 5762 1342 5799 ’³
1356 5769 1619 5846 αλλήλων
1639 5773 1688 5846 ,Β
1712 5784 1765 5827 et
1785 5762 1937 5828 corr.
1976 5774 2017 5827 A
2042 5762 2359 5846 Ϊὰλλήλους
2392 5793 2453 5843 ς,
2550 5762 2595 5807 ²’¹⁵
2623 5762 2915 5839 ἐπιέοῖίλὰς
2945 5804 3012 5817 --
3037 5773 3261 5846 βλάπτει
3283 5793 3343 5842 ς.
3397 5762 3464 5804 ’⁸⁸
3497 5762 3687 5825 τὸνέ-

418 5830 721 5898 στρατηγὸν
758 5830 815 5885 Β.
942 5837 983 5866 ²⁷
1028 5837 1313 5895 εἰσέϐαλον
1356 5841 1412 5907 Β,
1444 5830 1729 5895 ἐνέϐαλλεν
1786 5861 1842 5905 ς.
