3924 6460
218 448 360 512 1397
1244 443 1770 505 BIBLIOTHECA.
1805 469 1873 478 —
1902 445 2066 505 COD.
2096 445 2395 508 CCXLIV.
3350 448 3487 512 1398

211 558 376 612 αὑτὸν
430 555 513 617 είς
548 554 641 607 τὸν
663 554 721 606 ἐν
754 551 979 615 Ἀλϐαις
1022 551 1304 623 κάρκαρον
1364 550 1492 621 [625
1525 550 1618 622 1L]
1664 551 1802 621 μετὰ

1921 554 2159 621 )raetori,
2204 556 2437 624 coniecit
2466 571 2588 611 eum
2622 556 2675 609 iu
2707 568 2985 612 carcerem
3007 596 3023 621 ,
3056 557 3147 626 qui
3185 569 3273 613 est
3316 559 3485 615 Albae.

209 650 323 704 τῶν
350 649 579 702 τέκνων.
617 645 775 697 Ἔστι
802 644 861 696 δέ
885 644 914 696 ό
946 643 1226 715 κάρχαρος
1259 644 1478 714 ὄρυγμα
1502 642 1798 709 κατάγειον

1921 660 2030 698 :um
2060 647 2225 703 natis.
2258 647 2355 703 Est
2383 658 2561 703 autem
2597 663 2787 703 carcer
2815 650 2925 713 ille,
2958 658 3173 703 antrum
3208 650 3487 705 subterra-

213 740 373 809 βαθὺ,
395 737 457 791 τὸ
496 735 596 804 μὲν
630 732 859 803 μέγεθος
884 732 1007 802 ἔχον
1030 732 1075 764 ⁸⁸
1107 732 1256 787 οῐκου
1291 732 1526 801 μάλιστά
1563 750 1679 795 πως
1709 732 1799 785 ὲν-

213 831 496 884 νεακλίνου
515 829 583 893 ³³,
659 827 852 881 σκότου
875 825 919 857 ³⁰
947 824 1004 877 δέ
1031 824 1234 893 πλῆρες
1256 824 1299 854 ³³
1346 825 1440 877 καὶ
1501 823 1798 891 δυσοσμίας

214 926 302 977 διὰ
329 924 391 976 τὸ
426 922 630 991 πλῆθος
674 920 784 973 τῶν
836 916 1287 987 παραδεδομένων
1338 916 1415 975 είς
1471 914 1659 967 τοῦτον
1708 913 1799 965 τὸν

216 1016 382 1067 τόπον
413 1012 642 1083 ἀνδρῶν,
674 1010 785 1063 τῶν
820 1011 912 1063 ἐπὶ
949 1010 1256 1071 θανατικυῖς
1288 1008 1596 1077 ἐγκλήμασι
1628 1022 1801 1060 κατα-

216 1104 587 1173 δικαζομένων
619 1102 781 1175 [1157
810 1101 901 1173 8.]
950 1095 1024 1154 ὧν
1050 1105 1107 1155 ἐν
1143 1101 1373 1179 ἐκείνοις
1430 1103 1543 1162 τοῖς
1588 1098 1802 1169 χρόνοις

215 1200 264 1252 οἱ
311 1198 533 1261 πλείους
594 1196 827 1251 ἐνταῦθα
882 1195 1315 1265 καθείργνυντο·
1377 1195 1434 1246 ἐν
1487 1193 1631 1247 οὕτω
1691 1193 1802 1265 γὰρ

218 1290 479 1359 στενωπῷ
517 1289 1023 1358 συγκεκλεισμένων
1072 1287 1284 1340 πολλῶν
1341 1286 1553 1357 ἀνδρῶν
1591 1287 1804 1356 ἀπεθη-

219 1381 399 1449 ριοῦτο
421 1383 489 1434 τὰ
512 1382 622 1433 τῶν
653 1380 867 1449 ἀτυχῶν
899 1380 1149 1449 σώματα,
1181 1378 1292 1432 τῶν
1327 1394 1388 1430 τε
1417 1378 1556 1448 πρὸς
1593 1378 1803 1455 τροφὴν

216 1475 309 1526 καὶ
372 1474 473 1543 τὴν
505 1474 669 1543 ἀλλην
716 1474 897 1526 πᾶσαν
944 1471 1129 1540 χρείαν
1157 1470 1471 1539 ἀνηκόντων
1502 1472 1721 1523 πάντων
1747 1473 1804 1523 ἐν

216 1563 400 1633 ταύτῷ
432 1563 798 1634 πεφυρμένων
830 1565 1097 1631 τοσαύτην
1131 1561 1503 1631 προσπίπτειν
1536 1560 1806 1613 δυσωδίαν

220 1658 558 1719 συνέϐαινεν,
611 1656 751 1709 ὥστε
806 1655 1010 1725 μηδένα
1068 1653 1178 1705 τῶν
1231 1653 1567 1721 προσιόντων
1611 1654 1807 1723 ῥᾳδίως

218 1749 481 1801 δύνασθαι
539 1748 905 1818 καρτερῆσαι.
944 1745 1301 1817 Ἐφ’ήμέρας
1370 1745 1466 1815 μὲν
1527 1740 1621 1797 οὖν
1669 1743 1809 1797 ἐπτά

219 1841 518 1894 διετέλεσεν
580 1839 815 1894 ἐνταῦθα
844 1837 1308 1908 κακουχούμενος,
1350 1836 1491 1891 ὥστε
1520 1837 1615 1889 καὶ
1654 1834 1808 1905 παρά

1907 751 2071 791 neum
2104 737 2467 805 profundum,
2510 740 2880 808 magnitudine
2931 741 3186 804 maxime,
3224 751 3485 808 quantum

1905 835 1989 879 est
2019 828 2358 881 ctnuaculum
2398 844 2586 882 novem
2631 829 3125 895 lectorum.Estque
3144 830 3488 883 tenebrarum

1909 916 2121 984 plenum
2153 934 2217 973 ac
2258 920 2481 984 letoris,
2525 932 2742 989 proliter
2773 922 3173 975 multitudinem
3209 922 3487 976 hominum

1908 1009 1985 1061 rei
2017 1010 2263 1077 capitalis
2285 1012 2683 1076 damnatorum,
2710 1012 2801 1081 qui
2830 1013 2882 1066 in
2916 1028 3036 1067 eum
3063 1012 3237 1065 locum
3265 1014 3490 1067 tradun-

1911 1109 2018 1163 tur,
2051 1117 2279 1168 quorum
2316 1103 2548 1156 maxima
2580 1119 2705 1172 pars
2738 1104 2845 1159 illis
2876 1105 3211 1173 temporibus
3232 1107 3321 1159 hic
3346 1106 3491 1159 clau-

1910 1193 2159 1248 debatur.
2198 1192 2482 1248 Conclttsis
2525 1194 2669 1249 enim
2719 1195 2771 1249 in
2828 1205 2934 1249 tam
2974 1205 3206 1267 angusto
3252 1201 3369 1251 loco
3415 1208 3493 1252 tot

1911 1284 2243 1353 hominibus,
2264 1284 2625 1341 eli‘erebautur
2652 1288 2972 1341 miserorum
2998 1302 3254 1357 corpora,
3280 1299 3335 1343 et
3360 1304 3491 1343 con-

1914 1373 2048 1430 fusis
2069 1375 2210 1430 inter
2238 1390 2358 1431 sese
2390 1379 2666 1441 omnibus,
2690 1395 2811 1448 quae
2846 1380 2927 1433 vel
2958 1382 3023 1434 ad
3060 1381 3289 1444 victum,
3317 1382 3404 1436 vel
3427 1383 3493 1436 ad

1913 1465 2051 1520 alios
2102 1481 2234 1521 usus
2253 1467 2524 1535 pertinent
2550 1467 2773 1537 382a,
2804 1479 2982 1522 tantus
3015 1470 3152 1524 l'etor
3172 1472 3494 1535 exsistebat,

1914 1565 1972 1608 ut
2011 1556 2191 1609 nullus
2236 1560 2606 1612 accedentium
2652 1560 2812 1615 facile
2849 1562 3045 1615 durare
3084 1572 3287 1630 posset.
3333 1563 3499 1632 igitur

1917 1646 2005 1700 ille
2035 1662 2127 1716 per
2152 1648 2266 1703 dies
2297 1658 2503 1713 septem
2548 1649 2664 1702 loco
2702 1649 2803 1702 hoc
2832 1650 3107 1704 miseriam
3144 1653 3396 1719 pertulit,
3440 1662 3499 1705 ut

1915 1739 2079 1792 etiam
2106 1749 2363 1793 extrema:
2393 1740 2721 1794 conditionis
2755 1743 3031 1795 hominum
3055 1752 3110 1796 et
3151 1751 3389 1797 statuunt
3415 1741 3499 1795 ci-

1916 1829 2045 1882 bum
2096 1830 2477 1900 accipientium
2532 1847 2633 1899 ope
2692 1832 2977 1901 indigeret.
3032 1834 3133 1888 Hic
3188 1836 3329 1889 enim
3382 1835 3501 1903 ejus

220 1933 323 1985 τῶν
380 1934 627 2002 ἐσχάτων
671 1931 768 1984 καὶ
795 1929 973 1983 τακτά
994 1931 1039 1961 ³⁸
1094 1928 1430 1998 σιτουμένων
1483 1927 1808 2000 ἐπικουρίας

1921 1920 2084 1974 vicem
2121 1930 2341 1988 propter
2374 1922 2793 1976 infortuniorum
2850 1923 3274 1992 magnitudinem
3310 1922 3501 1978 dolen-

222 2023 513 2093 δεηθῆναι·
577 2022 883 2091 συμπαθεῖς
930 2022 1039 2090 γὰρ
1087 2013 1235 2073 οὗτοι
1283 2018 1615 2085 γινόμενοι⁸³
1639 2018 1812 2071 διὰτὸ

226 2114 453 2185 μέγεθος
512 2114 622 2166 τῶν
669 2111 1116 2183 ἀκληρωμάτων,
1174 2102 1251 2163 ὧν
1311 2108 1808 2177 μεταλάμόανον³⁸,

224 2206 622 2276 φιλανθρώπως
675 2205 880 2259 τούτων
935 2204 1131 2273 ἐκείνῳ
1165 2201 1507 2272 μετεδίδοσαν
1547 2199 1812 2268 δακρύον-

222 2316 328 2362 τες.
365 2299 638 2370 Ἐρῤιπτο
656 2298 701 2331 ⁸⁵
727 2297 770 2350 δ’
785 2296 935 2367 αὑτῷ
963 2295 1058 2348 καὶ
1088 2295 1238 2363 ξίφος
1262 2293 1399 2363 πρὸς
1422 2292 1705 2363 ἀναίρεσιν
1723 2292 1815 2343 καὶ

224 2390 402 2451 κάλως
464 2388 601 2460 πρὸς
662 2388 921 2458 ἀγχόνην,
966 2386 1217 2453 ἐξουσίας
1263 2382 1546 2453 διδομένης
1578 2383 1651 2446 ὡς
1695 2381 1815 2452 βού-

223 2481 364 2533 λοιτο
386 2481 433 2512 ³⁸
462 2479 796 2551 χρήσασθαι.
844 2478 984 2531 Ἀλλ’
1010 2478 1161 2531 οὐδὲν
1191 2475 1335 2530 οὕτω
1362 2476 1533 2544 γλυκὺ
1566 2474 1815 2542 φαίνεται

223 2576 329 2635 τοῖς
377 2571 716 2642 ἠτυχηκόσιν
755 2570 831 2633 ὡς
858 2568 920 2621 τὸ
946 2568 1067 2639 ζῇν,
1119 2566 1321 2637 καίπερ
1382 2564 1560 2619 αὐτῶν
1581 2564 1623 2596 ³⁷
1688 2563 1815 2628 ἄξια

226 2663 458 2718 θανάτου
523 2664 861 2733 πασχόντων.
916 2661 1027 2714 Καὶ
1062 2660 1237 2731 πέρας
1261 2662 1319 2713 ἐν
1347 2658 1574 2720 ταύταις
1604 2655 1671 2710 ἂν
1696 2657 1817 2720 ταῖς

226 2755 495 2824 ἀνάγκαις
526 2754 865 2824 κατέστρεψε
906 2752 998 2806 τδν
1031 2751 1167 2822 βίον,
1196 2753 1244 2804 εί
1280 2750 1354 2819 μὴ
1380 2750 1607 2820 Μάρκος
1656 2747 1818 2817 Αἰμί-

224 2846 330 2909 λιος
370 2846 797 2917 προκαθήμενος
840 2843 933 2898 τοῦ
995 2842 1403 2912 βουλευτηρίου,
1461 2840 1647 2911 τηρῶν
1673 2840 1735 2893 τό
1754 2855 1815 2891 τε

226 2937 348 3007 περὶ
390 2937 559 2991 αὐτὸν
606 2937 824 3006 ἀξίωμα
884 2936 980 2989 καὶ
1014 2934 1076 2988 τὸ
1102 2933 1202 3002 τῆς
1234 2933 1491 3003 πατρίδος
1551 2930 1815 2993 ἐπιεικὲς,

226 3026 503 3095 παρῄνεσε
532 3028 597 3095 τῇ
622 3024 912 3093 συγκλήτῳ
966 3021 1324 3093 σχετλιάζων,
1352 3024 1400 3074 εί
1448 3020 1522 3091 μὴ
1574 3020 1664 3073 τὸν
1720 3020 1817 3071 ἀν-

225 3118 497 3189 θρώπινον
572 3117 737 3185 φόϐον
795 3115 1174 3179 εὐλαϐοῦνται,
1205 3114 1308 3184 τήν
1362 3131 1427 3181 γε
1475 3113 1599 3176 τοὺς
1647 3113 1818 3181 ὑπερ-

224 3212 452 3282 ηφάνως
474 3213 595 3274 ταῖς
624 3209 894 3273 ἐξουσίαις
948 3208 1268 3280 χρωμένους
1294 3206 1701 3277 μετερχομένην
1732 3204 1819 3257 νέ-

226 3320 375 3373 μεσιν
450 3301 738 3356 αἰδεῖσθαι.
801 3301 1004 3370 Διόπερ
1063 3302 1144 3362 είς
1177 3299 1596 3367 ἐπιεικεστέραν
1638 3296 1819 3360 δοθεὶς

223 3396 495 3465 φυλακὴν,
552 3395 647 3447 καὶ
676 3395 863 3455 κεναῖς
882 3393 927 3424 ³⁸
967 3391 1150 3445 ἐλπίσι
1202 3390 1580 3461 προσανέχων,
1624 3389 1820 3459 ὁμοίαν

220 3492 328 3552 τοῖς
357 3487 844 3558 προητυχημένοις
866 3486 990 3555 ἕσχε
1016 3486 1110 3539 τοῦ
1144 3485 1257 3554 βίου
1288 3485 1387 3555 τὴν
1414 3485 1822 3554 καταστροφήν.

222 3582 373 3647 Διετῆ
414 3580 535 3649 γὰρ
570 3579 763 3649 χρόνον
796 3577 1193 3648 φιλοψυχήσας,
1227 3577 1321 3629 καὶ
1364 3576 1681 3646 προσκόψας
1709 3577 1824 3638 τοῖς

222 3672 612 3743 φυλάττουσιη
657 3672 985 3742 βαρὸἀροις,
1037 3669 1389 3739 κωλυόμενος
1446 3668 1540 3721 ὑπ’
1598 3670 1824 3721 ἐκείνων

225 3767 386 3819 ὓπνου
435 3768 620 3835 τυχεῖν
641 3763 1010 3832 ἐτελεύτησεν.

295 3859 420 3912 Ὅτι
468 3858 721 3928 λέγουσιν
737 3857 783 3888 ⁸⁸
819 3858 1052 3918 ἑαυτοὺς
1100 3856 1150 3908 οἱ
1173 3855 1273 3924 τῆς
1309 3853 1708 3916 Καππαδοκίας
1732 3852 1827 3922 βα-

232 3951 393 4013 σιλεῖς
419 3952 503 4013 εἰς
537 3950 720 4018 Κῦρον
747 3948 1039 4018 ἀναφέρειν
1062 3947 1122 4000 τὸ
1148 3947 1306 4015 γένος
1339 3947 1430 3998 τὴν
1469 3948 1527 3998 ἐν
1564 3946 1824 4017 Πέρσαις,

230 4038 662 4093 διαϐεϐαιοῦνται
688 4039 745 4091 δὲ
777 4040 871 4091 καὶ
921 4038 1031 4090 τῶν
1093 4037 1234 4090 ἐπτά
1296 4036 1524 4106 Περσῶν
1572 4036 1681 4087 τῶν
1733 4034 1826 4087 τὸν

234 4134 402 4201 μάγον
464 4130 876 4198 ἐπανελομένων
916 4129 1037 4191 ἐνὸς
1085 4129 1363 4198 ὑπάρχειν
1392 4128 1675 4195 ἀπόγονοι.
1714 4127 1828 4180 Καὶ

228 4222 323 4291 τὴν
370 4223 468 4290 μέν
504 4222 613 4275 ἀπὸ
645 4220 829 4291 Κύρου
874 4219 1200 4288 συγγένειαν
1230 4218 1374 4272 οὕτω
1412 4217 1825 4289 καταριθμοῦν-

229 4331 333 4366 ται.
362 4313 665 4382 Καμῆύσου
696 4314 788 4365 τοῦ
821 4313 1002 4385 Κύρου
1032 4315 1240 4381 πατρὸς
1285 4310 1523 4380 ἀδελφὴν
1578 4310 1824 4380 ὑπάρξαι

231 4406 451 4474 γνησίαν
471 4408 515 4438 ⁸³
549 4407 817 4458 ’Ἄτοσσαν
837 4406 905 4437 θ’·
963 4405 1169 4474 ταύτης
1206 4404 1261 4456 δὲ
1285 4404 1378 4455 καὶ
1400 4402 1691 4471 Ψαράνκου
1714 4401 1809 4455 τοῦ

232 4496 627 4559 Καππαδοκίας
650 4497 915 4565 βασιλέως
952 4496 1209 4563 γενέσθαι
1242 4494 1411 4547 παῖδα
1470 4493 1694 4552 Γάλλον.
1728 4494 1823 4547 καὶ

1918 2019 2018 2072 tes,
2051 2026 2171 2078 qua:
2197 2011 2297 2079 ipsi
2326 2012 2690 2077 accipiebant,
2723 2014 2837 2069 haec
2864 2015 2912 2068 ei
2941 2015 3169 2085 benigne
3194 2015 3500 2082 Iacryman-

1916 2109 1996 2154 tes
2030 2101 2413 2168 impertiebant
2480 2102 2648 2169 Igitur
2686 2104 2734 2158 ei
2785 2105 2994 2172 gladius
3027 2106 3094 2160 ad
3149 2106 3500 2171 occisionem,

1915 2203 1970 2247 et
2018 2195 2177 2247 restis
2229 2194 2296 2249 ad
2346 2197 2835 2264 strangulationem
2888 2198 3163 2268 proiectus
3210 2207 3329 2259 est.
3376 2199 3502 2252 data

1917 2283 2183 2337 utriusvis
2228 2285 2470 2353 optione.
2514 2286 2717 2341 Verum
2759 2287 2892 2341 nihil
2940 2297 3047 2342 tam
3093 2288 3251 2343 dulce
3291 2289 3506 2343 miseris

1919 2373 2135 2429 videtur
2167 2390 2329 2443 quam
2361 2378 2564 2442 vivere,
2609 2380 2823 2434 etiamsi
2875 2388 3047 2435 morte
3081 2381 3297 2451 dignam
3337 2386 3504 2436 mise-

1919 2466 2055 2520 riam
2106 2468 2402 2537 patiantur.
2450 2470 2530 2525 Ae
2578 2472 2795 2526 tandem
2842 2474 2894 2526 in
2954 2473 3038 2528 his
3088 2473 3507 2529 necessitatibus

1916 2557 2087 2611 vitam
2120 2556 2408 2625 linivisset,
2443 2561 2545 2615 nisi
2584 2562 2797 2618 Marcus
2833 2563 3090 2621 (Emilius
3124 2567 3288 2621 curia:
3320 2568 3505 2635 praesi-

1918 2647 2072 2714 dens,
2094 2657 2150 2703 et
2185 2665 2340 2704 suam
2374 2652 2695 2722 dignitatem
2724 2665 2779 2708 et
2812 2655 3004 2724 patriae
3030 2657 3339 2724 aequitatem
3377 2658 3507 2711 reti-

1919 2753 2076 2803 nens,
2103 2750 2351 2794 senatum
2386 2756 2510 2796 cum
2552 2744 2701 2812 gravi
2743 2746 3163 2815 reprehensione
3192 2762 3507 2802 commone-

1919 2828 2157 2897 fecisset,
2189 2840 2247 2885 ttt
2280 2834 2323 2886 si
2358 2833 2599 2888 humano
2632 2844 2774 2890 metu
2809 2853 2915 2892 non
2956 2848 3273 2905 terreretur,
3305 2848 3361 2895 at
3386 2839 3501 2896 Ne-

1919 2920 2108 2974 mesim
2141 2921 2391 2976 ultricem
2435 2934 2586 2979 certe
2626 2937 2970 2994 vererentur,
3018 2945 3137 2998 qua:
3170 2930 3223 2983 in
3265 2944 3361 2986 eos
3385 2932 3509 2987 ani-

1920 3015 2263 3070 madvertere
2299 3018 2459 3083 solet,
2505 3020 2596 3088 qui
2628 3021 2988 3090 potestatibus
3009 3025 3240 3093 superbe
3263 3036 3508 3079 utuntur.

1920 3102 2107 3173 Itaque
2144 3105 2234 3160 ille
2273 3107 2325 3160 in
2363 3108 2634 3163 mitiorem
2672 3112 2832 3164 datus
2857 3112 3198 3177 custodiam,
3236 3122 3293 3166 et
3341 3128 3511 3167 vanas

1922 3212 2047 3266 spes
2079 3196 2300 3265 fovens,
2344 3199 2578 3255 similem
2622 3203 2999 3271 superioribus
3041 3202 3260 3258 casibus
3303 3204 3509 3258 exitum

1927 3286 2048 3340 vita:
2098 3290 2323 3342 sortitus
2361 3298 2464 3346 est.
2510 3290 2808 3362 Postquam
2857 3296 3002 3348 enim
3055 3293 3333 3348 biennium
3390 3296 3513 3351 vita:

1923 3381 2152 3449 Cupidus
2177 3382 2416 3447 duravit,
2442 3399 2566 3438 cum
2597 3385 2853 3441 custodes
2886 3387 3150 3442 barbaros
3171 3387 3510 3453 oﬂ'endisset,

1925 3474 2230 3542 prohibitus
2272 3487 2355 3531 est
2400 3478 2469 3532 ab
2509 3476 2615 3533 illis
2643 3494 2837 3535 somno
2862 3478 2988 3543 frui,
3037 3487 3203 3551 atque
3235 3482 3309 3535 ita
3344 3483 3509 3537 vitam

1926 3564 2120 3620 ﬁnivit.

2000 3848 2192 3904 Dicunt
2218 3864 2337 3905 sese
2361 3851 2580 3921 (inquit)
2629 3852 2985 3923 Cappadocia:
3035 3870 3191 3925 reges
3222 3857 3289 3911 ad
3312 3856 3511 3929 Cyrum

1926 3940 2151 3995 Persam
2199 3942 2405 4000 referre
2451 3959 2621 4013 genus
2667 3960 2849 4015 suum,
2901 3948 3345 4019 contenduntque
3390 3966 3516 4017 pro-

1925 4043 2116 4101 gnatos
2156 4048 2274 4087 esse
2316 4049 2375 4088 se
2417 4051 2524 4091 uno
2572 4046 2778 4105 septem
2818 4035 3132 4105 Persarum,
3178 4041 3269 4108 qui
3300 4056 3513 4111 magum

1926 4125 2264 4190 occiderunt,
2298 4137 2353 4181 et
2386 4128 2604 4181 ductam
2641 4130 2859 4198 quidem
2892 4146 2920 4183 a
2955 4129 3098 4200 Cyro
3132 4135 3513 4202 cognationem

1927 4217 2007 4270 sic
2042 4226 2391 4272 enumerant.
2422 4218 2687 4289 Cambyse
2716 4218 2842 4290 Cyri
2876 4223 3049 4291 patris
3072 4238 3316 4277 sororem
3351 4224 3515 4278 fuisse

1924 4324 2237 4377 germanam
2281 4311 2555 4368 Atossam.
2600 4310 2679 4365 Ex
2711 4312 2815 4369 hac
2837 4326 2890 4369 et
2918 4314 3203 4370 Pharnace
3228 4317 3511 4385 Cappado‘

1926 4405 2024 4458 ciae
2062 4420 2188 4475 rege
2241 4416 2428 4461 natum
2478 4407 2646 4463 fuisse
2688 4406 3050 4477 Pedagamum
3081 4408 3215 4479 (6i),
3261 4418 3317 4463 et
3358 4408 3517 4475 hujus

1930 4498 2095 4551 lilium
2137 4498 2306 4554 fuisse
2340 4499 2613 4554 Stucrdim
2648 4518 2663 4555 :
2700 4501 2857 4571 cujus
2892 4516 3055 4569 porro
3088 4504 3432 4565 Artamnam,
3464 4514 3519 4557 et

230 4588 415 4641 τούτου
462 4589 717 4657 γενέσθαι
772 4589 1006 4659 Σμέρδιν
1026 4589 1091 4651 ⁸³,
1149 4582 1209 4641 οὗ
1260 4587 1562 4657 Ἀρτάμην’
1626 4586 1721 4639 τοῦ
1766 4587 1814 4640 δὲ

1931 4591 2091 4659 hujus
2140 4593 2437 4659 Auaphan,
2489 4594 2579 4660 qui
2612 4592 2930 4647 fortitudine
2976 4604 3031 4647 et
3080 4594 3306 4648 audacia
3335 4594 3519 4650 excel-

244 4682 503 4751 Ἀναφᾶν,
535 4683 594 4735 ὃν
620 4683 713 4735 καὶ
771 4682 1072 4750 διενεγκεῖν
1107 4681 1207 4751 μὲν
1251 4680 1476 4751 ἀνδρείᾳ
1506 4681 1598 4732 καὶ
1624 4679 1821 4753 τόλμῃ,

231 4776 484 4840 γενέσθαι
512 4775 556 4827 δ’
596 4775 691 4828 ἕνα
724 4774 831 4827 τῶν
880 4774 1023 4827 ἑπτὰ
1051 4774 1296 4844 Περσῶν.
1329 4771 1440 4841 Τὴν
1484 4772 1582 4840 μὲν
1618 4770 1712 4823 οὖν
1742 4771 1822 4834 είς

232 4867 410 4937 Κῦρον
424 4869 470 4899 ⁸⁵
496 4869 821 4936 συγγένειαν
860 4867 1004 4920 οὕτω
1058 4864 1448 4935 γενεαλογοῦσι
1480 4864 1576 4917 καὶ
1608 4863 1710 4933 τὴν
1741 4864 1820 4925 εἰς

244 4958 501 5028 Ἀναφᾶν,
546 4962 605 5013 ὂν
645 4978 777 5030 φασι
818 4960 885 5013 δι’
924 4958 1178 5029 ἀνδρείαν
1238 4956 1667 5028 συγχωρηθῆναι
1722 4956 1823 5023 τὴν

233 5049 637 5115 Καππαδοκίας
688 5052 1016 5105 δυναστείαν
1066 5051 1206 5104 ὥστε
1286 5049 1359 5121 μὴ
1402 5048 1579 5100 τελεῖν
1626 5046 1825 5115 φόρους

234 5139 495 5208 Πέρσαις.
552 5138 626 5198 Οὗ
658 5144 1089 5215 τελευτήσαντος
1140 5142 1430 5214 ὁμώνυμος
1475 5141 1589 5204 υίὸς
1642 5140 1823 5211 ἄρχει.

1930 4685 2111 4746 luerit,
2139 4694 2193 4739 et
2219 4700 2359 4739 unus
2382 4696 2588 4754 septem
2629 4687 2913 4741 Persarum
2946 4686 3128 4742 fuerit.
3162 4687 3329 4759 Igitur
3358 4706 3517 4745 suam

1928 4777 1993 4828 ad
2033 4774 2233 4845 Cyrum
2274 4779 2648 4845 cognationem
2683 4779 2762 4833 sic
2806 4792 3161 4845 enumerant,
3198 4792 3254 4836 et
3275 4782 3341 4837 ad
3371 4783 3519 4836 Ana-

1928 4867 2068 4935 phan
2099 4909 2112 4929 ,
2145 4868 2227 4921 cui
2254 4870 2541 4937 perhibent
2564 4884 2783 4940 propter
2812 4874 3065 4927 virtutem
3092 4876 3169 4929 sic
3197 4890 3516 4929 concessum

1929 4956 2095 5011 fuisse
2118 4956 2469 5027 Cappadocia:
2492 4962 2879 5030 principatum,
2902 4972 2957 5016 ut
2982 4964 3162 5019 Persis
3183 4965 3385 5019 tributa
3412 4979 3516 5017 non

1928 5051 2208 5115 penderet.
2254 5054 2329 5105 Eo
2372 5053 2481 5106 vita
2526 5054 2782 5109 defuncto
2824 5057 3111 5125 imperavit
3144 5058 3386 5125 ejusdem
3417 5073 3517 5111 no-

1931 5144 2091 5197 minis
2121 5143 2282 5197 lilius.
2324 5143 2451 5199 Post
2474 5150 2628 5217 eujns
2655 5149 2862 5203 obitum
2890 5150 3278 5217 superstitibus
3307 5150 3517 5204 duobus

1471 5277 1711 5333 VARI/IS
1747 5278 2039 5334 LECTION
2050 5281 2153 5336 ES.

330 5399 376 5430 ’³
408 5397 530 5469 ἔχον
560 5400 603 5453 Β
631 5409 685 5454 et
714 5414 860 5454 corr.
889 5402 955 5453 Δ.

236 5536 325 5611 ΑΒ
353 5557 368 5591 :
400 5536 691 5611 ἐρρίπτουν
732 5559 793 5605 ς.
871 5541 914 5572 ³⁵
1046 5540 1113 5593 ἂν

238 5609 353 5679 ναῖς
378 5609 441 5679 ς.
471 5609 479 5611 ’
541 5610 587 5642 ³⁹
625 5612 961 5679 φυλάσσουσι
994 5610 1055 5664 Β.

238 5674 493 5734 Ἀττόσαν
524 5699 566 5746 ς

1184 5538 1394 5591 ού).οιτο
1419 5555 1479 5601 ς.

1522 5676 1707 5742 Κύρου
1732 5691 1802 5737 ς.

663 5680 710 5713 ⁸³
736 5681 978 5751 σμέρδην
1012 5680 1069 5735 Β.
1147 5678 1193 5710 δ”
1220 5678 1385 5749 κῦρον
1417 5677 1488 5730 A:

1055 5401 1100 5433 ”
1139 5397 1481 5453 ἐννεακλίνου
1512 5410 1660 5449 corr.
1688 5395 1731 5447 A
1767 5410 1781 5446 :
1810 5397 2176 5451 ἐννεακλιτίου
2210 5415 2271 5462 ς.

234 5466 281 5520 Α
313 5486 325 5521 :
362 5464 572 5540 πλῆρης
605 5488 665 5535 ς.
743 5471 786 5501 ³³
810 5468 1008 5540 τακτάι
1036 5470 1109 5523 τά
1140 5470 1281 5522 κατά
1310 5470 1376 5530 Α,
1405 5468 1475 5520 τὰ
1500 5466 1707 5534 ἐγκανα
1753 5464 1813 5519 Β.
1889 5467 1933 5498 ³³
1964 5468 2264 5549 γινόμενοι.
2343 5469 2390 5500 ³⁸
2415 5470 2825 5551 μετελάμϐανον
2885 5464 3112 5549 add.-A'.
3137 5534 3150 5543 .
3219 5469 3264 5500 ³⁸
3290 5466 3483 5570 ἐρριπτ

236 5536 322 5589 ΑΒ
353 5557 368 5591 :
400 5541 691 5591 ἐὸόίπτουν
732 5559 793 5591 c.
871 5541 914 5572 ³⁵
940 5541 1015 5591 ὼε
1046 5540 1113 5591 ἂν
1150 5538 1394 5591 Βούλοιτο
1419 5555 1479 5591 ς.
1558 5536 1601 5566 ³⁷
1630 5535 1835 5591 καίπερ
1854 5536 2059 5591 αὐτων]
2084 5540 2179 5591 καὶ
2200 5540 2331 5591 παρ’
2358 5540 2538 5591 αὐτων
2568 5541 2633 5591 Δ.
2662 5540 2757 5591 καὶ
2788 5538 2944 5591 παοά
2980 5555 3091 5591 των
3132 5537 3193 5589 Β.
3390 5538 3483 5590 καί

1174 5538 1394 5591 ἱούλοιτο
1419 5555 1479 5601 ς.
1558 5536 1601 5566 ³⁷
1630 5536 1835 5604 καίπερ
1854 5536 2060 5609 αὐτῶν]
2084 5540 2179 5591 καὶ
2200 5540 2331 5607 παρ’
2358 5536 2538 5593 αὑτῶν
2568 5536 2633 5603 Δ,
2662 5540 2757 5593 καὶ
2788 5538 2944 5609 παρά
2980 5537 3091 5591 τῶν
3132 5536 3193 5589 Β.
3294 5536 3367 5570 ³³⁷
3390 5555 3461 5590 κα

1174 5609 1195 5688 ξ’
1226 5608 1479 5688 λέγουσίν
1506 5602 1716 5688 (ξρησιν)
1739 5606 1968 5671 ἑαυτοὺς
1997 5625 2060 5672 ς.
2140 5608 2185 5641 ⁴¹
2215 5609 2461 5681 ὑπάρξαι
2488 5611 2597 5681 γὰρ
2635 5610 2866 5681 γνησίαν
2896 5626 2958 5673 ς.
3051 5609 3097 5640 ⁸⁸
3121 5610 3358 5663 ἀτοσσαν
3383 5606 3461 5661 All

2371 5404 2414 5430 “’
2441 5409 2664 5462 σκότους
2712 5402 2771 5454 Β.
2869 5400 2911 5431 ³¹
2971 5398 3179 5467 πλῆρες
3208 5398 3248 5447 Β
3278 5407 3332 5451 et
3363 5412 3511 5452 corr.

3395 5484 3519 5521 ιπτο

3051 5609 3097 5640 ⁸³
3121 5610 3358 5663 ᾶτοσσαν
3383 5606 3473 5661 ΑΒ
3494 5621 3515 5661 ι

1762 5789 1988 5846 NOTAE.

303 5878 410 5949 (6|)
462 5884 544 5939 Al.
572 5885 735 5941 παῖδα
756 5886 982 5952 Γάλλον,
1023 5886 1193 5955 filium
1228 5884 1460 5941 Gallum.
