3924 6470
419 418 553 483 1399

1589 431 1854 494 ΡΗΟΤΙΙ
1892 429 2396 494 PATRIABCH/E
2433 434 2543 494 CP.

3541 432 3679 498 14.οθ

415 535 568 600 ﬁliis,
609 534 855 599 Datama,
892 535 1090 607 3820
1112 545 1164 592 et
1200 537 1496 606 Arimnaeo,
1527 545 1860 600 successisse
1895 545 1994 598 im-

2105 542 2242 596 Μετά
2289 542 2344 595 δὲ
2382 541 2484 611 τὴν
2523 539 2714 593 τούτου
2761 538 3021 611 τελευτὴν
3068 537 3510 608 ἀπολειφθέντων
3531 541 3682 594 δυεῖν

414 627 564 694 perio
598 627 897 693 Datamam,
941 631 1116 684 virum
1167 641 1221 685 et
1263 631 1405 688 bello
1449 643 1505 690 et
1535 636 1654 690 aliis
1699 638 1848 704 regni
1874 651 1994 705 par-

413 719 560 773 tibus
593 718 886 785 laudatum,
909 724 1000 790 qui
1025 737 1146 777 cum
1172 722 1356 780 Persis
1392 727 1577 794 praelia
1598 743 1921 796 congressus
1941 737 1997 782 et

413 821 633 863 strenue
669 813 962 878 prteliatus,
1005 815 1058 867 in
1100 830 1165 869 co
1194 814 1533 871 occubuerit.
1563 818 1807 887 Regnum
1839 831 1995 871 acce-

413 903 492 968 pit
528 902 668 956 ﬁlius
713 905 1026 972 Ariamnes,
1057 907 1212 975 cujus
1255 909 1403 964 fuere
1445 909 1518 962 ﬁli
1560 909 1878 966 Ariarathes
1941 921 1997 964 et

414 990 767 1058 Olophernes.
819 994 864 1048 is
909 997 1196 1052 Ariamnes
1240 1015 1360 1054 cum
1397 1017 1572 1057 annos
1601 1003 1992 1072 quinquaginta

415 1084 757 1151 imperasset,
787 1103 882 1141 nec
925 1088 1088 1142 ullum
1118 1106 1252 1158 opus
1278 1093 1497 1161 dignum
1540 1095 1800 1148 memoria
1833 1095 1994 1150 fecis-

413 1187 517 1240 set,
551 1179 704 1232 obiit.
739 1179 864 1248 Ejus
900 1180 955 1232 in
982 1182 1265 1248 imperium
1295 1185 1558 1238 successit
1585 1194 1712 1238 natu
1740 1185 1995 1253 grandior

417 1266 559 1321 ﬁlius
595 1270 930 1334 Ariarathes,
953 1271 1042 1338 qui
1075 1287 1235 1339 supra
1267 1274 1484 1326 modum
1519 1288 1736 1328 amasse
1763 1274 1991 1330 fratrem

414 1360 640 1422 dicitur,
675 1371 727 1415 et
773 1365 838 1416 ad
888 1363 1218 1420 clarissimos
1257 1367 1480 1419 ordines
1513 1367 1795 1428 evexisse,
1830 1377 1994 1435 utque

415 1449 555 1504 idem
595 1466 715 1504 cum
759 1452 937 1506 Persis
980 1454 1240 1508 adversus
1281 1455 1566 1525 AEgyptios
1613 1456 1834 1522 missus,
1868 1457 1993 1512 belli

413 1543 592 1594 socius
626 1543 821 1606 fuisse,
859 1554 913 1597 et
952 1559 1075 1598 cum
1115 1547 1326 1614 magnis
1361 1547 1664 1602 honoribus
1697 1549 1988 1612 revertisse,

412 1648 549 1700 quos
571 1632 858 1686 Persarum
894 1650 987 1688 rex
1015 1634 1195 1690 Ochus
1226 1648 1449 1705 propter
1479 1640 1738 1694 virtutem
1776 1642 1826 1693 in
1867 1658 1990 1694 eum

412 1723 744 1789 conferebat,
781 1725 1052 1794 vitamque
1092 1727 1143 1779 in
1186 1729 1358 1796 patria
1396 1730 1703 1798 reliquisse,
1737 1734 1982 1800 supersti-

413 1815 556 1869 tibus
579 1817 704 1871 ﬁliis
734 1817 1022 1871 Ariaratha
1049 1829 1103 1872 et
1135 1820 1340 1889 Arysa;
1373 1822 1541 1875 frater
1567 1833 1744 1876 autem
1775 1833 1828 1876 et
1852 1823 1993 1891 (Iap-

2097 635 2252 696 υίοῑν,
2311 632 2564 702 Δατάμου
2617 632 2711 684 καὶ
2769 631 3084 701 Ἀριμναίου
3117 672 3132 696 ,
3176 630 3523 697 διαδέξασθαι
3576 629 3680 701 τὴν

2096 725 2274 796 ἀρχὴν
2307 719 2586 793 Δατάμην,
2617 723 2788 792 ἄνδρα
2816 722 2972 774 uoti.“
3004 721 3146 776 κατὰ
3171 722 3407 793 πόλεμον
3431 725 3528 776 καὶ
3555 724 3675 775 κατ’

2095 816 2233 870 ἄλλα
2267 820 2407 886 μέρη
2447 815 2545 882 τῆς
2576 813 2850 884 βασιλείας
2888 813 3017 885 [624
3049 813 3140 885 [-1.]
3170 815 3590 884 ἐπαινούμενον,
3619 814 3674 877 ὃς

2096 907 2334 978 Πέρσαις
2369 907 2457 959 διά
2504 907 2684 976 μάχης
2723 904 2896 958 ἐλθὼν
2957 905 3053 959 καὶ
3095 905 3361 976 λαμπρῶς
3398 906 3549 959 κατὰ
3577 905 3674 973 τὴν

2100 999 2279 1068 μάχην
2341 998 2753 1067 ἀγωνισάμενος
2781 1000 2838 1050 ἐν
2880 999 3016 1068 αύτῇ
3081 998 3326 1069 τελευτᾷ.
3389 997 3682 1062 Διεδέξατο

2094 1092 2151 1144 δὲ
2179 1091 2278 1160 τὴν
2309 1089 2585 1158 βασιλείαν
2614 1091 2642 1142 ὀ
2671 1090 2784 1152 υίὸς
2826 1089 3144 1160 Ἀριάμνης.
3177 1085 3238 1143 οὗ
3267 1089 3510 1156 γίνονται
3547 1089 3673 1139 παῖς

2094 1183 2184 1244 ὃες
2255 1178 2589 1249 Ἀριαράθης
2652 1179 2747 1232 καὶ
2815 1179 3181 1248 Ὀλοφέρνης·
3240 1173 3394 1240 οὗτος
3449 1177 3508 1229 δὲ
3575 1175 3672 1243 ἔτη

2094 1273 2434 1341 πεντήκοντα
2454 1270 2821 1333 δυναστεύσας
2849 1271 2944 1323 καὶ
2974 1270 3138 1338 μηδὲν
3163 1269 3324 1341 ἔργον
3354 1271 3507 1335 ἄξιον
3525 1268 3672 1338 μνή-

2098 1385 2205 1438 μης
2225 1365 2436 1436 πράξας
2455 1364 2706 1434 τελευτᾷ.
2733 1365 2776 1415 Τ
2779 1363 2844 1432 ὴν
2871 1364 2928 1416 δέ
2941 1364 3114 1434 ἀρχὴν
3136 1362 3405 1426 διεδέξατο
3448 1363 3478 1414 ὁ
3499 1377 3671 1431 πρεσο

2094 1460 2322 1530 ϐύτερος
2372 1458 2480 1511 τῶν
2537 1457 2670 1511 υἱῶν
2745 1456 3096 1526 Ἀριαράθης,
3153 1455 3212 1518 ὃς
3245 1454 3676 1522 φιλοστοργῆσαι

2093 1551 2459 1620 διαφερόντως
2487 1549 2704 1618 λέγεται
2743 1547 2834 1600 τὸν
2865 1546 3120 1614 ἀδελφὸν,
3143 1545 3240 1598 καί¹
3267 1546 3536 1615 προάγειν
3577 1544 3674 1596 αὑ-

2092 1644 2183 1698 τὸν
2236 1645 2315 1706 είς
2339 1641 2438 1706 τὰς
2492 1639 2934 1709 ἐπιφανεστάτας
2962 1637 3177 1702 τάξειςο
3215 1637 3275 1690 ὃν
3313 1636 3410 1688 καὶ
3439 1636 3674 1705 Πέρσαις

2093 1736 2215 1791 κατ’
2277 1734 2590 1803 Αἰγυπτίων
2652 1731 3028 1785 ἀποσταλέντα
3077 1728 3443 1798 συμμαχῆσαι
3477 1725 3672 1795 μετάιθ

2099 1828 2352 1898 μεγάλων
2411 1825 2586 1895 τιμῶν
2612 1824 2949 1885 ἐπανελθεῖν,
2983 1822 3050 1885 ἃς
3069 1817 3235 1890 Ὦχος
3265 1823 3294 1873 ὁ
3323 1818 3552 1888 Περσῶν
3578 1817 3672 1887 βα-

411 1907 650 1972 padociae
670 1908 955 1976 imperium
986 1909 1190 1964 habens
1215 1912 1337 1980 (nec
1359 1912 1505 1966 enim
1533 1929 1846 1981 germanam
1874 1931 1992 1982 pro-

2105 1893 2276 1982 σιλεὺς
2311 1919 2449 1989 ὑπὲρ
2469 1893 2721 1986 ἀνδρείας
2752 1915 2945 1976 ἐδίδου,
2977 1913 3070 1966 καὶ
3103 1913 3194 1965 τὸν
3221 1912 3334 1981 βίον
3368 1911 3428 1962 ἐν
3450 1912 3518 1978 τῇ
3571 1925 3676 1960 πα-

409 1996 516 2053 lem
545 1997 822 2064 habebat),
852 1996 1197 2066 grandiorem
1233 1998 1418 2053 fratris
1447 1999 1613 2052 ﬁlium
1651 2001 1989 2053 Ariarathem

411 2090 710 2156 adoptavit.
745 2089 844 2142 Per
867 2104 928 2144 ca
955 2101 1194 2158 tempora
1224 2091 1531 2145 Alexander
1556 2091 1777 2146 Macedo
1803 2091 1993 2147 Persas

413 2182 720 2244 debellavit,
745 2182 938 2236 deinde
967 2182 1120 2236 ohiit.
1160 2184 1228 2236 At
1266 2183 1551 2238 Perdiccas
1586 2187 1826 2238 omnium
1865 2194 1994 2240 tunc

415 2290 596 2326 rerum
637 2275 986 2341 gubernator,
1033 2275 1326 2328 Eumenem
1374 2278 1520 2329 tuisit
1553 2278 1742 2331 ducem
1784 2277 1995 2347 Cappa-

411 2366 610 2429 dociae,
651 2381 714 2420 ac
754 2366 1020 2421 debellato
1057 2368 1344 2421 Ariaratha
1389 2379 1443 2422 et
1490 2369 1542 2420 in
1586 2384 1764 2436 pugna
1809 2369 1993 2422 inter-

410 2456 574 2518 fecto,
601 2465 710 2512 tam
736 2458 849 2528 ipsa
882 2459 1221 2527 Cappadocia
1245 2475 1405 2530 quam
1443 2461 1683 2514 ﬁnitima:
1720 2462 1992 2532 regiones,

411 2551 468 2603 in
531 2549 882 2604 Macedonum
950 2559 1274 2619 potestatem
1329 2563 1615 2607 venerunt.
1674 2553 1996 2608 Ariarathes

411 2654 544 2694 vero
584 2641 840 2708 postremi
889 2642 1030 2710 regis
1068 2641 1209 2695 ﬁlius
1249 2641 1302 2696 in
1343 2643 1628 2710 praesentia
1671 2644 1992 2712 desperans,

413 2735 685 2789 concessit
733 2749 855 2788 cum
907 2735 1094 2801 paucis
1137 2736 1188 2787 in
1235 2734 1572 2789 Armeniam.
1627 2734 1781 2789 Haud
1828 2736 1996 2790 multo

413 2837 536 2896 post
566 2837 828 2894 tempore,
865 2827 1103 2881 Eumene
1132 2836 1183 2881 et
1221 2827 1474 2884 Perdicca
1511 2830 1760 2892 mortuis,
1796 2839 1851 2884 et
1879 2830 1995 2883 An-

415 2921 598 2988 tigono
619 2934 685 2972 ac
713 2920 943 2972 Seleuco
968 2921 1299 2985 subsecutis,
1327 2921 1415 2973 ille
1441 2924 1678 2990 acceptis
1707 2924 1774 2977 ab
1807 2923 1998 2976 Arme-

415 3011 628 3063 niorum
660 3025 785 3078 rege
817 3012 1055 3064 Ardoata
1089 3013 1290 3078 copiis,
1334 3023 1389 3064 et
1421 3011 1770 3066 Macedonum
1803 3015 1994 3066 ducem

415 3105 724 3172 Amyntam.
755 3102 1048 3164 interfecit,
1096 3113 1150 3156 et
1179 3102 1500 3158 Macedones
1527 3105 1774 3159 celeriter
1803 3121 1834 3159 e
1874 3106 1996 3158 ﬁni.

2094 2011 2235 2082 τρίδι
2269 2010 2466 2071 λιπεῖν,
2530 2008 2679 2069 υἱοὺς
2705 2004 3138 2073 ἐγκαταλιπόντα
3183 2000 3519 2073 Ἀριαράθην
3584 1999 3672 2051 καὶ

2104 2104 2363 2174 Ἀρύσην.
2415 2103 2474 2155 '0
2494 2101 2550 2152 δὲ
2579 2099 2805 2167 ἀδελφὸς
2834 2099 2930 2150 καὶ
2963 2096 3062 2164 τῆς
3089 2093 3486 2154 Καππαδοκίας
3539 2090 3673 2158 έχων

2094 2195 2192 2264 τὴν
2221 2194 2393 2264 ἀρχὴν
2417 2193 2499 2261 (οὐ
2525 2190 2632 2260 γὰρ
2655 2185 2722 2260 ἦν
2747 2187 2894 2258 αὐτῷ
2918 2185 3055 2256 γυνὴ
3074 2186 3117 2217 ’⁵⁷
3141 2184 3361 2253 γνησία)
3386 2180 3554 2254 [1160
3580 2179 3670 2247 IL]

2095 2287 2185 2339 τὺν
2212 2283 2581 2354 πρεσϐύτερον
2627 2281 2734 2334 τῶν
2788 2278 2992 2330 παίδων
3015 2275 3279 2343 τάδελφοῦ
3326 2271 3662 2344 Ἀριαράθην

2096 2375 2436 2429 υίοποιεῖται.
2467 2371 2626 2424 Κατά
2659 2370 2715 2422 δὲ
2734 2370 2957 2431 τούτους
2995 2368 3122 2428 τοὺς
3152 2366 3380 2436 χρόνους
3427 2362 3673 2425 Ἀλέξαν-

2094 2467 2218 2536 δρος
2241 2468 2267 2518 ὁ
2291 2463 2557 2518 Μακεδὼν
2605 2461 2975 2529 καταπολεμεῖ
3015 2461 3109 2528 μὲν
3140 2457 3376 2528 Πέρσας,
3426 2452 3548 2507 εἶτα
3580 2454 3669 2506 καὶ

2095 2559 2341 2627 τελευτᾷ.
2379 2557 2474 2608 καὶ
2505 2552 2808 2624 Περδίκκας
2828 2551 2874 2584 ⁸⁸
2907 2553 2936 2604 ὁ
2965 2551 3072 2604 τῶν
3100 2551 3235 2604 ὅλων
3263 2549 3388 2602 τότε
3434 2546 3672 2617 ἡγούμεο

2097 2667 2186 2714 νος
2225 2651 2442 2720 Εύμένη
2483 2648 2692 2717 πέμπει
2748 2645 3144 2706 Καππαδοκίας
3202 2640 3532 2713 στρατηγόν.
3569 2639 3674 2691 Καὶ

2097 2739 2641 2810 καταπολεμηθέντος
2683 2736 3037 2809 Ἀριαράθου,
3062 2738 3319 2796 πεσόντος
3342 2749 3402 2785 τε
3426 2732 3472 2764 ⁸³
3514 2734 3572 2784 ἐν
3599 2733 3665 2799 τῇ

2101 2839 2268 2907 μάχῃ,
2337 2836 2473 2902 αὐτή
2505 2851 2563 2885 τε
2595 2835 2627 2902 ἡ
2668 2829 3036 2884 Καππαδοκία
3089 2829 3183 2881 καὶ
3215 2831 3282 2880 τά
3317 2827 3670 2895 πλησιόχωρα

2097 2930 2265 2997 αὐτῆς
2295 2929 2487 2979 ἔπεσεν
2536 2924 2640 2978 ὑπὸ
2694 2918 3032 2986 Μακεδόνας.
3074 2920 3405 2992 Ἀριαράθης
3443 2919 3501 2971 δὲ
3527 2920 3555 2986 ό
3584 2915 3674 2968 τοῦ

2097 3019 2656 3091 προϐεϐασιλευκότος
2688 3017 2823 3079 υίὸς,
2868 3015 3174 3077 ἀπελπίσας
3209 3013 3351 3066 κατά
3379 3012 3444 3064 τὸ
3478 3007 3669 3076 παρὸν,

2097 3114 2376 3182 ἀποχωρεῖ
2440 3110 2554 3181 μετ’
2609 3110 2806 3178 ὀλίγων
2845 3107 2980 3177 πρὸς
3044 3106 3141 3176 τὴν
3184 3104 3504 3175 Ἀρμενίαν.
3539 3104 3668 3155 Μετ’

413 3197 517 3249 hus
547 3193 736 3261 ejecit,
785 3195 1253 3265 domesticnmque
1302 3196 1589 3264 imperium
1639 3199 1994 3267 recuperavit.

2105 3207 2161 3259 οὐ
2198 3205 2363 3258 πολὺν
2388 3204 2444 3256 δέ
2472 3204 2661 3274 χρόνον
2703 3203 2812 3255 τῶν
2863 3202 2987 3271 περὶ
3039 3200 3130 3252 τδν
3158 3198 3377 3267 Εὐμένη
3412 3198 3510 3248 καὶ
3540 3198 3676 3264 Περι

413 3285 614 3340 llabuit
642 3285 731 3340 hic
764 3297 874 3340 tres
894 3286 1054 3351 ﬁlios,
1074 3302 1302 3354 quorum
1335 3297 1465 3342 natu
1491 3289 1759 3344 maximus
1779 3290 1996 3343 Ariam-

416 3391 516 3432 nes
549 3392 771 3447 regnum
807 3377 1040 3445 accepit,
1075 3379 1165 3446 qui
1211 3377 1528 3434 aﬂinitatem
1570 3381 1841 3435 contraxit
1875 3395 1996 3436 cum

415 3472 682 3525 Antiocho
725 3472 1047 3542 cognomine
1085 3471 1224 3535 Deo,
1263 3471 1381 3540 ejus
1421 3473 1584 3526 ﬁliam
1633 3473 1997 3528 Stratonicmn

416 3563 721 3616 Ariaratha:
749 3563 983 3616 ﬁliorum
1015 3579 1235 3618 suorum
1265 3574 1392 3618 natu
1425 3566 1662 3619 maxime
1691 3565 1997 3620 collocavit.

416 3649 662 3718 Cumque
700 3659 845 3706 esset
873 3651 1103 3706 ﬁliorum
1137 3668 1297 3722 supra
1339 3654 1555 3708 modum
1589 3671 1800 3717 amans,
1835 3670 2002 3724 puero

418 3742 666 3796 diadema
715 3743 1011 3812 imposuit,
1063 3759 1186 3798 eum
1249 3746 1416 3799 totius
1470 3747 1522 3798 in
1573 3760 1738 3815 regno
1793 3747 2002 3814 imperii

420 3845 588 3904 atque
625 3834 765 3902 juris
816 3851 882 3888 ex
915 3851 1070 3904 :equo
1116 3852 1302 3892 secum
1355 3838 1560 3892 socium
1607 3837 1754 3891 fecit.
1795 3837 2007 3892 Mortuo

421 3937 579 3998 patre
608 3928 928 3984 Ariarathes
957 3929 1103 3983 solus
1136 3931 1405 3999 regnavit,
1439 3940 1492 3985 et
1523 3945 1554 3984 e
1581 3932 1692 3996 vija
1723 3931 2006 3986 discedens

422 4035 653 4089 regnum
681 4020 790 4072 ﬁlio
812 4035 911 4073 suo
933 4009 1222 4073 admodum
1251 4035 1418 4086 puero
1452 4019 1692 4089 reliquit.
1730 4018 1829 4072 Hic
1855 4020 2010 4073 duxit

423 4112 480 4166 in
513 4128 736 4166 uxorem
763 4111 928 4164 ﬁliam
962 4111 1214 4164 Antiochi
1243 4111 1444 4178 Magni,
1476 4115 1692 4168 nomine
1719 4113 2010 4167 Antiochi-

425 4205 548 4260 dem
575 4243 590 4267 ,
639 4213 910 4257 versutam
975 4202 1285 4257 admodum.
1321 4203 1521 4273 383a
1552 4203 1735 4266 Hanc,
1778 4219 1904 4257 cum
1951 4204 2012 4256 li-

424 4296 587 4350 beros
631 4311 735 4349 non
779 4295 1060 4363 gigneret,
1107 4296 1458 4364 supposuisse
1501 4295 1682 4350 ferunt
1727 4296 1830 4350 sibi
1875 4294 2012 4348 duos

427 4390 572 4445 ﬁlios
606 4390 888 4460 ignorante
921 4389 1068 4452 viro,
1118 4389 1369 4442 videlicet
1411 4388 1756 4442 Ariaralbem
1798 4399 1852 4442 et
1880 4387 2012 4443 Oloa

425 4486 715 4552 phernem.
757 4483 1052 4551 Aliquanto
1097 4493 1217 4552 post
1250 4493 1494 4551 tempore
1539 4497 1660 4535 cttm
1685 4497 1868 4536 semen
1892 4497 2016 4536 sus-

2099 3297 2294 3352 δίκκαν
2347 3295 2807 3365 τελευτησάντων.
2854 3291 3156 3358 Ἀντιγόνου
3188 3289 3244 3341 δὲ
3281 3288 3376 3340 καὶ
3415 3285 3676 3338 Σελεύκου

2105 3387 2562 3459 περισπωμένων,
2592 3383 2775 3438 λαϐὼν
2801 3383 3030 3451 δύναμιν
3082 3381 3233 3451 παρὰ
3270 3378 3366 3432 τοῦ
3409 3378 3673 3446 βασιλέως

2102 3486 2210 3538 τῶν
2259 3481 2562 3552 Ἀρμενίων
2601 3476 2884 3547 Ἀρδοάτου
2934 3473 3023 3524 τὸν
3078 3473 3174 3541 μέν
3199 3471 3306 3524 τῶν
3356 3469 3679 3523 Μακεδόνων

2106 3571 2413 3644 στρατηγὸν
2492 3565 2764 3636 Ἀμύνταν
2818 3563 3162 3624 ἀπέκτεινεν,
3213 3560 3433 3626 ἐξέϐαλε
3490 3558 3549 3610 δέ
3590 3560 3680 3609 καὶ

2105 3659 2486 3723 Μακεδόναςδο
2549 3657 2758 3725 ταχέως
2804 3654 2902 3722 τῆς
2954 3651 3158 3721 χώρας,
3224 3652 3320 3703 καὶ
3357 3649 3454 3717 τὴν
3481 3648 3682 3701 οἰκείαν

2106 3753 2280 3823 ἀρχὴν
2338 3751 2692 3817 ἀνεκτήσατο.
2729 3742 2974 3812 Τούτῳδι
3007 3743 3063 3792 δὲ
3083 3741 3250 3810 τριῶν
3282 3740 3484 3792 παίδων
3531 3755 3681 3804 γεγε-

2113 3847 2287 3916 μένων
2305 3840 2579 3910 παρέλαὸε
2605 3840 2703 3908 τὴν
2735 3835 3008 3905 βασιλείαν
3031 3837 3058 3886 ὁ
3079 3831 3447 3902 πρεσϐύτατος
3463 3831 3686 3901 Ἀριάμ⁶

2109 3954 2238 4006 νης·
2273 3936 2330 3998 ὃς
2366 3932 2667 4001 ἐπιγαμίαν
2729 3929 2863 3998 πρὸς
2905 3927 3174 3995 Ἀντίοχον
3203 3925 3569 3994 ποιησάμενος
3598 3924 3686 3974 τὸν

2111 4025 2551 4095 ἐπονομασθέντα
2608 4023 2762 4086 Θεὸν,
2795 4021 2893 4089 τὴν
2924 4018 3113 4071 τούτου
3141 4017 3414 4086 θυγατέρα
3454 4017 3688 4084 Στρατο-

2113 4122 2270 4186 νίκην
2298 4115 2564 4185 συνῴκισε
2582 4113 2662 4184 τῷ
2687 4110 3045 4182 πρεσϐυτέρῳ
3073 4109 3181 4162 τῶν
3210 4108 3341 4161 υἱῶν
3366 4106 3685 4177 Ἀριαράθῃ.

2127 4211 2420 4280 ’Υπάρχων
2450 4209 2508 4260 δὲ
2538 4207 2846 4275 φιλότεκνος
2894 4204 3259 4274 διαφερόντως
3305 4198 3586 4269 περιέθετο
3607 4195 3690 4265 τῷ

2118 4303 2269 4356 παιδὶ
2299 4300 2554 4367 διάδημα,
2585 4299 2676 4350 καὶ
2709 4299 2996 4366 συνάρχειν
3037 4294 3254 4346 πάντων
3273 4292 3382 4344 τῶν
3417 4289 3568 4359 τῆς³¹
3597 4287 3692 4356 βα-

2119 4393 2381 4454 σιλείας⁸³
2425 4387 2860 4459 προτερημάτων
2916 4385 3002 4439 ἐπ’
3044 4386 3163 4455 ἴσης
3200 4383 3540 4454 μεταδίδωσι.
3579 4377 3688 4430 Τοῦ

2117 4488 2174 4539 δὲ
2209 4484 2412 4553 πατρὸς
2434 4481 2857 4550 τελευτήσαντος
2895 4476 3225 4546 Ἀριαράθης
3271 4472 3538 4544 βασιλεύει
3565 4469 3690 4522 καθ’

426 4574 697 4644 cepisset,
751 4575 921 4642 ipsam
960 4583 1156 4641 praeter
1190 4588 1340 4641 spem
1374 4571 1649 4640 peperisse
1679 4572 1815 4625 duas
1849 4572 1999 4636 ﬁlias,

2119 4578 2312 4632 ἑαυτὸν
2334 4575 2428 4628 καὶ
2453 4572 2835 4644 μεταλλάσσων
2866 4573 2955 4624 τὸν
2978 4571 3091 4639 βίον
3141 4568 3398 4620 κατέλιπε
3419 4566 3462 4598 ⁵⁸
3489 4566 3583 4632 τὴν
3605 4563 3698 4632 βα-

429 4679 484 4722 et
508 4683 669 4721 unum
700 4667 888 4734 ﬁlium,
924 4667 1140 4720 nomine
1164 4665 1552 4738 Mithridatem.
1583 4665 1654 4718 At
1688 4675 1814 4718 tunc
1841 4667 2013 4718 virum

433 4761 500 4812 de
527 4758 755 4812 subditis
789 4758 1161 4823 consuluisse,
1197 4767 1255 4811 et
1289 4757 1484 4812 fecisse
1516 4767 1573 4810 ut
1607 4757 1862 4826 grandior
1891 4773 2014 4809 cum

433 4851 802 4906 mediocribus
834 4850 1180 4904 facultatibus
1211 4849 1441 4903 Romam
1474 4850 1779 4903 mitteretur
1800 4889 1814 4910 ,
1853 4849 1991 4916 eLju

431 4945 555 4996 nior
581 4944 633 4995 in
670 4940 898 5004 Ioniam,
931 4957 998 4995 ne
1034 4941 1100 4995 de
1126 4956 1292 5012 regno
1321 4959 1442 4996 cum
1470 4957 1728 5012 germano
1753 4941 1866 4994 ﬁlio
1888 4956 2020 4994 con-

437 5034 741 5089 tenderent.
785 5033 939 5087 lluuc
970 5034 1590 5087 adultumAriarathem
1627 5033 1780 5086 aiunt
1813 5046 1986 5101 cogno

433 5127 732 5188 minatum,
783 5134 838 5180 et
889 5127 1084 5181 litteris
1137 5125 1342 5180 Graecis
1394 5127 1701 5190 imbutum,
1746 5136 1912 5194 atque
1951 5126 2021 5180 ob

432 5230 666 5274 czeteras
701 5219 930 5274 virtutes
975 5217 1252 5271 laudatum
1303 5216 1488 5271 fuisse.
1529 5217 1594 5270 Et
1624 5229 1779 5285 pater
1804 5217 2020 5287 quidem

336 5317 347 5327 ‘
435 5314 547 5367 ﬁlio
586 5313 757 5382 patris
801 5311 1004 5366 amanti
1047 5310 1298 5364 studebat
1351 5325 1410 5363 se
1456 5307 1694 5362 vicissim
1745 5319 2020 5361 amantetn

437 5405 529 5457 ti-lii
563 5405 864 5459 exhibere:
899 5411 1062 5470 atque
1097 5413 1338 5468 eousque
1369 5401 1637 5469 processit
1672 5414 1859 5453 eorum
1896 5415 2018 5452 mu-

438 5509 525 5554 tua
561 5501 957 5565 benevolentia,
1003 5507 1062 5551 ut
1100 5506 1253 5550 pater
1283 5506 1394 5551 toto
1428 5497 1654 5566 imperio
1689 5498 1884 5550 cedere
1915 5495 2023 5551 ﬁlio

2116 4669 2321 4723 σιλείαν
2359 4664 2660 4736 Ἀριαράθῃ
2683 4662 2758 4732 τῷ
2782 4662 2903 4732 υἱῷ,
2936 4660 3114 4730 νηπίῳ
3143 4657 3425 4720 παντελῶς
3452 4656 3565 4708 ὄντι
3595 4655 3697 4723 τὴν

2115 4761 2354 4832 ἡλικίαν.
2408 4751 2579 4820 Οὗτος
2617 4757 2673 4808 δέ
2733 4755 2908 4824 ἔγημε
2970 4753 3246 4822 θυγατέρα
3305 4750 3398 4802 τοῦ
3462 4747 3696 4818 μεγάλου

2118 4854 2412 4923 κληθέντος
2486 4850 2761 4918 Ἀντιόχου
2794 4888 2810 4914 ,
2879 4845 3286 4915 ὀνομαζομένην
3355 4841 3693 4908 Ἀντιοχίδα,

2120 4944 2430 5013 πανοῦργον
2493 4941 2750 5010 μάλιστα.
2813 4936 3030 5006 Ταύτην
3081 4935 3137 4987 δὲ
3188 4935 3264 5004 μὴ
3317 4931 3619 5001 γινομένων

2120 5036 2329 5089 τέκνων
2389 5031 2825 5085 ὑποϐαλέσθαι⁸⁸
2879 5029 2973 5081 δύο
3003 5027 3194 5089 παῖδας
3235 5023 3560 5091 ἀγνοοῦντος
3605 5020 3696 5072 τοῦ

2125 5127 2338 5198 ἀνδρὸς,
2395 5124 2726 5195 Ἀριαράθην
2778 5121 2873 5174 καὶ
2922 5120 3275 5188 Ὀλοφέρνην.
3308 5115 3465 5169 Μετὰ
3496 5115 3554 5166 δέ
3582 5129 3700 5164 τινα

2128 5221 2317 5291 χρόνον
2349 5220 2446 5287 τῆς
2469 5216 2682 5285 φύσεως
2716 5213 3106 5283 ἐπιδεξαμένης
3141 5207 3478 5269 ἀνελπίστως
3518 5209 3694 5257 τεκεῖν

2130 5311 2305 5381 αὐτὴν
2325 5309 2417 5362 δύο
2451 5308 2547 5378 μὲν
2579 5305 2907 5374 θυγατέρας,
2932 5303 3046 5355 υἱὸν
3076 5301 3130 5353 δὲ
3147 5301 3242 5353 ἕνα
3257 5300 3348 5352 τὸν
3380 5297 3706 5367 ὀνομασθέν-

2132 5421 2200 5457 τα
2232 5400 2566 5469 Μιθριδάτην
2588 5397 2654 5449 ⁸⁷.
2691 5394 2783 5459 Ἐξ
2827 5387 2888 5447 οὗ
2927 5393 3054 5456 τοὺς
3110 5389 3532 5458 ὑποϐολιμαίους
3573 5386 3704 5437 ἁνα-

2134 5494 2498 5564 διδαξαμένην·
2567 5489 2754 5555 τάνδρὶ
2811 5488 2903 5540 τὸν
2961 5485 3064 5558 μὲν
3135 5480 3503 5554 πρεσϐύτερον
3566 5478 3707 5547 μετὰ

1726 5631 1959 5686 VARIE
1997 5629 2397 5685 LECTIONES.

546 5741 587 5770 ³⁵
624 5737 717 5790 καὶ
777 5747 900 5805 post
953 5735 1123 5804 ἄνδρα
1171 5733 1294 5805 add.
1338 5732 1401 5784 A.

444 5811 538 5859 καὶ
569 5807 825 5868 πεσόντος
856 5808 916 5858 Β.
997 5806 1042 5836 ⁵ο

450 5881 624 5940 μένων
656 5895 715 5939 ς.
807 5879 849 5908 ³⁵⁸
885 5877 1004 5929 libri
1045 5871 1460 5926 ἐπιϐάλλεσθαι.
1539 5873 1580 5901 ⁸⁷
1604 5871 1938 5940 Μιθριδάτης
1969 5889 2026 5933 ς.

1586 5729 1747 5812 μετά]
1804 5732 1898 5812 καὶ
1934 5729 2073 5812 μετά
2118 5718 2190 5781 Βί

1077 5804 1425 5874 μακεόόνας.
1505 5802 1548 5831 ⁵¹
1579 5799 1769 5874 τούτου
1804 5799 1863 5852 Β.
1942 5803 1987 5831 δ’
2015 5801 2113 5861 τῖες
2153 5815 2242 5853 out
2293 5801 2354 5851 A.

2284 5727 2490 5797 γυνὴ
2544 5725 2599 5781 B.
2702 5719 3170 5797 περιεῖναι-η
3259 5707 3698 5797 "

2435 5779 2490 5829 Μ.
2515 5779 2776 5867 βαάίλέως
2807 5779 2867 5846 BZ
2947 5793 2990 5824 ‘”
3019 5779 3311 5844 κατέλειπε
3343 5785 3405 5834 A.
3481 5779 3527 5811 ⁸³
3551 5794 3706 5848 τεν-ο.
