3924 6426
189 414 316 482 1401

1239 421 1766 485 BIBLIOTHECA.
1811 447 1879 460 -·
1915 423 2080 486 COD.
2107 424 2399 487 CCXLIV.

3294 413 3434 480 1402

183 530 487 602 συμμέτρου
547 546 736 600 χρειας
786 533 866 595 είς
899 531 1122 604 Ῥώμην
1155 534 1528 604 ἀποσταλῆναι
1560 552 1742 606 παρα-

1870 543 2107 598 :ertaret,
2152 534 2243 590 ille
2284 542 2476 590 contra
2509 537 2912 591 demonstraret
2944 531 3057 588 fleri
3108 546 3216 586 non
3250 543 3432 600 posse,

183 623 454 681 σκευάσαι,
497 622 590 674 τὸν
638 623 696 675 δὲ
750 623 1014 695 νεώτερον
1057 628 1139 688 εἰς
1191 626 1292 694 τὴν
1333 624 1538 678 Ἰωνίαν
1588 627 1750 696 χάριν

181 715 268 767 τοῦ
297 712 368 781 μὴ
416 711 838 783 διαμφισϐητεῖν
897 715 1032 784 ὑπὲρ
1067 716 1167 782 τῆς
1197 715 1472 784 βασιλείας
1507 714 1585 785 τῷ
1616 727 1752 786 γνη-

185 807 298 875 σίῳ.
338 804 535 856 Τοῦτον
570 805 628 858 δὲ
675 808 1015 876 ἀνδρωθέντα
1073 807 1169 859 καὶ
1215 807 1547 876 Ἀριαράθην
1593 808 1756 873 φασὶν

187 896 666 967 μετονομασθῆναι,
735 899 988 960 παιδείας
1010 915 1068 950 τε
1109 897 1431 967 Ἑλληνικῆς
1496 895 1623 967 [6'25
1656 893 1755 966 [1.]

189 991 488 1058 μετασχεῖν,
523 989 617 1042 καὶ
656 991 794 1043 κατὰ
816 991 913 1061 τὴν
959 992 1127 1060 ἄλλην
1153 989 1496 1044 ἐπαινεῖσθαι
1529 988 1752 1058 ἀρετήν.

187 1079 336 1132 Καὶὸ
367 1078 465 1147 μὲν
496 1080 675 1150 πατὴρ
728 1081 1048 1151 φιλοπάτορι
1097 1081 1210 1134 ὄντι
1246 1081 1322 1150 τῷ
1349 1079 1450 1150 υίῷ
1495 1079 1755 1131 ἔσπευδεν

185 1169 464 1224 ἀποδοῦναι
494 1171 590 1240 τὴν
607 1173 701 1224 τοῦ
725 1173 1035 1241 φιλοτέκνου
1063 1173 1320 1241 σπουδὴν,
1343 1173 1435 1225 καὶ
1460 1171 1552 1224 ἐπὶ
1569 1171 1757 1224 τοσοῦ-

184 1278 270 1314 τον
300 1261 483 1324 αὐτοῖς
543 1264 749 1333 προέϐη
783 1264 852 1317 τὰ
875 1265 975 1332 τῆς
1020 1265 1156 1332 πρὸς
1205 1263 1469 1333 ἀλλήλους
1516 1261 1750 1323 εὐνοίας,

183 1353 315 1406 ὥστε
336 1355 364 1405 ὁ
395 1354 493 1421 μὲν
516 1355 696 1425 πατὴρ
723 1355 1046 1420 ἐξίστασθαι
1072 1357 1170 1425 τῆς
1196 1355 1322 1425 ὅλης
1343 1354 1517 1422 ἀρχῆς
1551 1351 1754 1422 ἠγωνί-

1853 635 1912 680 ut
1949 639 1977 676 a
2011 626 2325 692 parentibus
2364 623 2542 680 adlme
2578 625 2885 681 viventibus
2918 621 3182 693 ejusmodi
3227 618 3436 674 beuell-
3507 683 3516 694 ε

1853 717 1996 770 cium
2022 716 2353 770 admitteret.
2380 715 2499 782 Hic,
2521 726 2808 787 postquam
2835 724 3113 785 parentem
3140 713 3249 766 fata
3272 724 3434 765 voca-

1855 818 2003 870 runt,
2030 822 2255 875 regnum
2287 793 2517 876 accepit,
2549 819 2661 864 tum
2694 811 2746 864 in
2784 809 3008 876 reliquis
3037 806 3162 860 vitae
3194 803 3437 858 moribus

1854 898 2112 952 eximium
2177 913 2236 953 se
2281 901 2564 966 praebens,
2621 910 2734 954 tum
2795 897 3152 968 philosophia:
3212 904 3434 961 operam

1861 1003 2088 1042 navans.
2118 989 2236 1056 Quo
2266 987 2472 1041 factum
2508 996 2594 1042 est
2620 995 2681 1040 ut
2708 986 3050 1055 Cappadocia
3081 985 3209 1037 olim
3230 980 3436 1036 Graecis

1859 1079 2061 1148 ignota,
2091 1089 2215 1133 tunc
2245 1079 2470 1133 eruditis
2498 1077 2668 1133 fuerit
2688 1076 3111 1146 receptaculum.
3139 1071 3284 1126 Idem
3312 1082 3436 1122 cum

1860 1171 2122 1224 Romanis
2156 1171 2450 1224 amicitiam
2487 1171 2916 1236 societatemque
2945 1162 3250 1219 renovavit.
3288 1158 3437 1210 Alia-

1858 1279 1962 1332 que
2001 1262 2232 1331 plurima
2276 1264 2344 1316 de
2389 1263 2647 1316 relatione
2680 1275 2868 1328 regum
2911 1251 3265 1326 Cappadocia).
3297 1262 3437 1319 pra:-

1859 1355 2092 1407 sentium
2127 1369 2298 1421 usque
2326 1353 2390 1406 ad
2412 1351 2612 1423 Cyrum
2643 1351 2779 1421 (62).
2853 1389 2864 1398 .

183 1445 300 1508 ζετο
351 1446 430 1516 τῷ
479 1447 654 1510 παιδὶ,
688 1450 716 1500 ὀ
747 1447 802 1500 δὲ
841 1447 1102 1500 ἀδύνατον
1157 1446 1366 1499 ἐδείκνυ
1387 1445 1434 1476 ³⁸
1493 1443 1748 1508 δέξασθαι
1789 1445 1952 1498 αὑτὸν
2010 1447 2163 1517 παρὰ
2213 1436 2416 1514 γόνέων
2467 1445 2546 1498 ἔτι
2609 1445 2825 1509 ζώντων
2895 1440 3150 1506 τοιαύτην
3213 1434 3433 1517 χάριτα,

182 1529 343 1600 Οὗτος
395 1537 488 1590 τὸν
543 1539 754 1608 πατέρα
805 1537 900 1592 τοῦ
961 1539 1324 1608 πεπρωμένου
1387 1538 1782 1601 καταλαϐόντος
1823 1516 2101 1604 διεδέξατο
2140 1538 2238 1609 τὴν
2293 1536 2587 1602 βασιλείαν,
2633 1539 2732 1606 τήν
2763 1554 2822 1587 τε
2855 1533 3021 1601 ἄλλην
3057 1528 3280 1597 ἀγωγὴν
3339 1516 3434 1577 τοῦ

184 1626 292 1695 βίου
340 1625 774 1698 ἀξιολογωτάτην
842 1629 1252 1698 ἐνδεικνύμενος
1313 1630 1406 1681 καὶ
1454 1629 1742 1699 φιλοσοφίᾳ
1781 1631 2151 1701 προσανέχων,
2183 1630 2242 1694 ἐξ
2273 1626 2334 1684 οὗ
2366 1629 2460 1682 καὶ
2491 1630 2526 1698 ή
2553 1627 2700 1697 παρὰ
2717 1630 2830 1688 τοῖς
2887 1625 3147 1692 Ἕλλησιν
3211 1620 3438 1685 ἀγνοου-

185 1720 310 1790 μένη
352 1719 520 1772 πάλαι
576 1721 943 1774 Καππαδοκία
991 1721 1111 1772 τότε
1145 1723 1257 1783 τοῖς
1293 1719 1745 1789 πεπαιδευμένοις
1785 1721 2180 1790 ὲμϐιώτερονπ
2209 1721 2471 1790 ὑπῆρχεν.
2513 1717 2875 1771 ’Λνενεώσατο
2895 1716 2941 1768 δ’
2970 1709 3130 1776 ὀὗτος
3185 1711 3282 1763 καὶ
3337 1707 3438 1776 τὴν

182 1812 310 1882 πρὸς
375 1810 678 1880 Ῥωμαίους
747 1811 928 1879 φιλίαν
962 1828 1021 1863 τε
1051 1813 1146 1865 καὶ
1203 1811 1539 1880 συμμαχίαν.
1584 1810 1744 1864 Ἀλλὰ
1782 1810 1852 1863 τὰ
1905 1811 2004 1881 μὲν
2079 1812 2210 1885 περὶ
2269 1811 2368 1880 τῆς
2413 1810 2494 1871 είς
2549 1806 2732 1878 Κῦρον
2781 1805 3066 1874 ἀναφορᾶς
3113 1801 3224 1853 τῶν
3273 1796 3438 1868 μέχρι

180 1903 322 1958 τοῦδε
383 1904 487 1973 τῆς
550 1903 946 1966 Καππαδοκίας
1014 1903 1446 1973 βασιλευσάντων
1507 1903 1564 1954 ὲν
1617 1903 1849 1964 τούτοις.

733 1995 831 2048 Ἐκ
858 1993 965 2047 τοῦ
995 1994 1202 2048 αὑτοῦ.

251 2087 370 2140 Ὅτι
404 2085 536 2154 περὶ
565 2086 797 2139 Λευκίου
853 2085 1126 2154 Αἰμιλίου,
1174 2083 1269 2136 τοῦ
1314 2083 1530 2153 Περσέα
1586 2099 1758 2134 κατα-

187 2178 611 2248 πολεμήσαντος,
647 2175 748 2246 τῆς
777 2176 952 2246 ταφῆς
975 2174 1342 2244 διερχόμενος,
1373 2173 1467 2226 καὶ
1499 2172 1758 2243 λαμπρὰν

186 2270 345 2340 αὐτὴν
373 2270 433 2332 ἐς
472 2269 541 2322 τὰ
585 2269 822 2339 μάλιστα
855 2267 1112 2334 γενέσθαι
1135 2265 1332 2333 λέγων,
1367 2265 1563 2330 ἐπάγει
1587 2280 1600 2294 ·
1639 2264 1761 2315 Τῶν

184 2365 288 2434 γαρ
307 2363 608 2432 Ῥωμαίων
633 2363 682 2414 οί
720 2362 841 2423 ταῖς
871 2359 1170 2426 εὐγενείαις
1205 2359 1299 2410 καὶ
1327 2359 1608 2428 προγόνων
1635 2355 1758 2425 δόξῃ

185 2455 532 2526 διαφέροντες
599 2452 736 2523 μετὰ
808 2453 907 2520 τὴν
985 2451 1240 2520 τελευτὴν
1296 2447 1761 2502 είδωλοποιοῦνται

187 2547 321 2600 κατά
353 2563 412 2599 τε
435 2547 536 2616 τὴν
561 2544 652 2598 τοῦ
673 2544 1020 2613 χαρακτῆρος
1055 2542 1345 2612 ὁμοιότητα
1367 2537 1518 2611 [1161
1545 2537 1634 2608 Β.]
1669 2539 1763 2590 καὶ

185 2637 322 2691 κατὰ
355 2636 456 2707 τὴν
495 2635 623 2703 ὅλην
669 2635 762 2686 τοῦ
797 2633 1048 2703 σώματος
1111 2633 1482 2703 περιγραφὴν,
1519 2631 1762 2700 μιμητὰς

184 2731 390 2799 ἔχοντες
426 2730 492 2780 ὲκ
520 2727 723 2790 παντὸς
747 2725 843 2778 τοῦ
877 2725 990 2795 βίου
1028 2723 1553 2795 παρατετηρηκότας
1580 2721 1625 2753 ⁸ο
1660 2722 1762 2790 τήν

184 2839 239 2873 τε
273 2819 503 2891 πορείαν
540 2819 634 2872 καὶ
662 2818 759 2880 τὰς
793 2819 935 2870 κατὰ
963 2816 1130 2885 μέρος
1161 2815 1424 2882 ἰδιότητας
1454 2814 1552 2881 τῆς
1581 2812 1762 2882 ἐμφά-

187 2930 335 2974 σεως.
369 2909 780 2982 Παραπλησίως
821 2908 877 2960 δὲ
917 2909 1012 2960 καὶ
1057 2906 1164 2958 τῶν
1213 2905 1494 2975 προγόνων
1531 2904 1760 2966 ἕκαστος

186 3005 508 3073 προηγεῖται
566 2999 826 3067 τοιαύτην
862 2998 1002 3068 ἔχων
1063 2997 1355 3065 διασκευὴν
1407 3000 1498 3048 καὶ
1537 2995 1760 3064 κόσμον,

185 3096 319 3148 ὥστε
355 3097 487 3157 τοὺς
528 3093 835 3163 θεωμένους
874 3091 962 3144 διὰ
989 3089 1089 3158 τῆς
1130 3092 1194 3142 ὲκ
1236 3088 1440 3141 τούτων
1476 3088 1765 3156 ἐμφάσεως

184 3191 472 3258 γινώσκειν
507 3189 591 3256 ἐφ’
617 3189 740 3241 ὅσον
773 3187 995 3241 ἕκαστοι
1017 3187 1060 3218 ⁶¹
1093 3185 1260 3255 τιμῆς
1289 3183 1641 3254 προήχθησαν
1672 3183 1766 3235 καὶ

188 3288 453 3356 μετέσχον
483 3285 591 3337 τῶν
631 3284 688 3335 ὲν
721 3286 784 3353 τῇ
815 3281 1059 3350 πολιτείᾳ
1086 3279 1283 3333 καλῶν.

2479 1991 2564 2048 Ea:
2603 1991 2806 2047 eodem.

1933 2086 2008 2140 De
2041 2087 2187 2140 Lucii
2236 2085 2440 2140 Emilii
2480 2126 2495 2152 ,
2529 2087 2619 2156 qui
2651 2085 2866 2140 Persem
2903 2085 3226 2149 debellavit,
3261 2083 3442 2152 sepul-

1862 2187 1982 2230 tura
2030 2178 2142 2231 ha-c
2182 2177 2377 2243 habet,
2425 2193 2586 2247 quam
2634 2186 2856 2246 propter
2899 2176 2999 2229 ista
3044 2176 3282 2228 maxime
3310 2174 3444 2228 dicit

1863 2270 2149 2324 illustrem.
2217 2268 2402 2322 Solent
2448 2269 2592 2322 enim
2645 2267 2874 2320 Romani
2928 2268 3016 2336 qui
3063 2268 3344 2320 nobilitate
3391 2275 3446 2322 ct

1862 2361 2125 2428 majorum
2183 2377 2403 2415 suorum
2462 2361 2628 2429 gloria
2693 2369 3056 2429 prmstarent,
3109 2369 3443 2413 mortuorum

1864 2452 2124 2519 imagines
2150 2452 2214 2505 ad
2249 2451 2658 2505 similitudinem
2713 2450 2857 2512 vitae,
2895 2450 3165 2518 totiusque
3200 2447 3446 2516 corporis

1865 2542 2277 2596 delineatiouem
2321 2542 2604 2610 eliingere,
2646 2550 2705 2594 ιιι
2755 2542 2876 2595 vitae
2903 2542 3099 2596 seriem
3143 2549 3443 2601 servantes,

1863 2644 1914 2688 et
1943 2635 2094 2701 juxta
2146 2634 2397 2703 imaginis
2439 2635 2700 2702 cujusque
2740 2635 3014 2702 propriam
3051 2632 3304 2685 virtutem
3345 2631 3442 2684 ha-

1865 2726 2054 2779 berent
2099 2741 2235 2794 quo.-
2286 2727 2632 2778 imitarentur
2667 2724 2800 2795 (65).
2831 2725 3033 2778 Eodem
3081 2723 3238 2777 modo
3272 2737 3444 2775 unus-

1865 2820 2098 2887 quisque
2141 2833 2172 2871 e
2221 2817 2539 2884 parentibus
2587 2815 2851 2883 ejusmodi
2902 2826 3143 2876 statuas,
3192 2823 3246 2865 et
3284 2827 3448 2865 orna-

1867 2916 2044 2962 menta
2081 2909 2268 2961 habuit
2310 2917 2364 2962 et
2412 2909 2718 2974 praecessit,
2769 2917 2826 2958 ut
2873 2923 2937 2958 ex
2984 2920 3172 2960 eormn
3220 2902 3448 2973 picturis

1865 3001 2092 3069 quisque
2120 3000 2399 3067 intelligat,
2432 3009 2661 3068 quantas
2677 2999 2872 3070 383b
2907 2999 2960 3052 in
2985 2997 3254 3066 republica
3279 2995 3451 3064 digni-

1869 3102 2007 3148 tates
2036 3095 2226 3164 singuli
2255 3104 2308 3147 et
2349 3094 2582 3148 honores
2616 3093 2904 3164 gesserint.

249 3377 368 3429 ’Ὁτι
407 3377 538 3438 τοὺς
570 3374 796 3445 Ἴϐηρας
833 3374 926 3425 καὶ
952 3372 1283 3433 Λυσιτανοὺς
1315 3368 1596 3438 ὀνομάζει.
1622 3368 1758 3437 Φησὶ⁸

1933 3357 2186 3412 Nominat
2216 3357 2475 3425 Hispanos
2493 3365 2548 3409 et
2576 3355 2880 3409 Lusitanos.
2944 3353 3100 3406 Addit
3127 3350 3268 3404 enim
3318 3363 3452 3417 quo-

183 3469 285 3538 γὰρ
311 3469 384 3530 ὠς
433 3466 690 3534 Μέμμιος
740 3463 1073 3528 έξαπέλεκυς
1105 3463 1149 3493 ⁶¹
1198 3461 1504 3533 στρατηγὸς
1541 3462 1620 3522 εἰς
1661 3459 1761 3528 τὴν

195 3559 439 3627 Ἰϐηρίαν
489 3555 862 3618 ἐξαπέσταλτο
896 3553 1036 3623 μετὰ
1070 3552 1373 3620 δυνάμεως,
1413 3551 1462 3603 οἱ
1499 3550 1556 3602 δὲ
1594 3552 1762 3602 Λυσι-

181 3651 328 3703 τανοὶ
368 3647 781 3718 συστραφέντες
812 3647 947 3717 πρὸς
987 3647 1169 3710 αὑτὸν,
1201 3646 1296 3697 καὶ
1325 3642 1581 3706 λαϐόντες
1618 3643 1761 3696 ἀπα-

185 3745 454 3812 ράσκευον
479 3744 625 3795 ⁸³’ἑκ
655 3740 955 3803 κατάπλου,
996 3739 1145 3808 μάχῃ
1175 3753 1234 3788 τε
1275 3736 1535 3805 ἐνίκησαν
1565 3735 1658 3786 καὶ
1701 3734 1762 3784 τὸ

181 3837 436 3889 πλεῖστον
498 3833 595 3887 τοῦ
667 3832 897 3904 στρατοῦ
955 3830 1286 3898 διέφθειραν.
1327 3827 1659 3898 Περιϐοήτου
1705 3827 1759 3878 δὲ

178 3929 484 3998 γενομένης
499 3928 599 3996 τῆς
626 3925 734 3979 τῶν
764 3924 990 3994 Ἰϐήρων
1016 3921 1315 3990 εὐημερίας
1343 3922 1390 3970 οἱ
1418 3919 1515 3988 μὲν
1544 3920 1763 3987 ’Λρουαο

179 4023 283 4082 κοὶ,
313 4021 640 4090 νομίσαντες
683 4017 815 4072 πολὺ
855 4015 1136 4083 κρείττους
1189 4007 1324 4063 εἶναι
1357 4010 1466 4063 τῶν
1515 4010 1758 4081 Ἰϐήρων,

180 4113 599 4182 κατεφρόνησαν
632 4109 740 4162 τῶν
770 4107 1066 4176 πολεμίων,
1099 4104 1192 4156 καὶ
1221 4103 1281 4154 τὸ
1310 4100 1512 4170 πλῆθος
1535 4101 1594 4152 τὸ
1621 4103 1762 4153 κατὰ

179 4205 276 4272 τὴν
305 4203 606 4272 ἐκκλησίαν
640 4201 728 4253 διὰ
757 4199 961 4267 ταύτην
1005 4197 1238 4266 μάλιστα
1287 4194 1489 4261 ταύτην
1527 4193 1760 4262 μάλιστα

178 4294 276 4365 τὴν
305 4295 486 4349 αἰτίαν
519 4293 696 4345 εἵλετο
733 4291 822 4344 τὸν
848 4289 985 4360 πρὸς
1029 4285 1335 4356 Ῥωμαίους
1360 4284 1616 4352 πόλεμον.

792 4381 888 4433 Ἐκ
914 4379 1019 4434 τοῦ
1041 4379 1159 4441 λβ.

251 4476 373 4530 Ὅτι
407 4475 468 4529 τδ
507 4475 688 4544 τεῖχος
713 4474 822 4526 τῶν
856 4469 1244 4540 Καρχηδονίων
1281 4472 1380 4539 τῆς
1414 4466 1622 4529 πόλεώς
1655 4484 1761 4535 φη“

178 4582 260 4618 σιν
291 4566 430 4638 ὕψος
476 4566 573 4635 μὲν
619 4561 758 4616 εἶναι
788 4561 980 4630 πηχῶν
1020 4558 1448 4624 τεσσαράκοντα,
1479 4555 1681 4614 πλάτος
1706 4553 1762 4605 δὲ

1867 3451 2026 3503 modo
2061 3448 2342 3501 Memmius
2369 3457 2568 3515 prtetor
2602 3446 2665 3498 ad
2688 3445 2876 3496 urbem
2909 3442 2962 3495 in
2997 3440 3136 3494 bello
3166 3439 3218 3492 in
3259 3437 3452 3504 llispa-

1866 3543 2009 3593 niam
2055 3555 2177 3593 cum
2213 3539 2383 3606 copiis
2412 3539 2480 3590 sit
2519 3539 2742 3597 missus,
2781 3544 2836 3586 et
2869 3544 2924 3586 ιιι
2959 3531 3201 3585 Lusitani
3231 3544 3354 3582 eum
3386 3543 3452 3580 eo

1863 3630 2295 3700 congredientes,
2333 3629 2748 3682 exscendentcm
2805 3625 3124 3693 imparatum
3163 3623 3450 3687 occupant,

1865 3738 2151 3792 pugnaque
2181 3736 2302 3774 eum
2326 3729 2604 3788 superant,
2634 3730 2990 3784 magnamque
3032 3713 3302 3767 exercitus
3327 3725 3454 3779 par-

1868 3831 1971 3877 tem
2017 3815 2250 3880 caedunt,
2289 3814 2426 3866 facta
2457 3821 2634 3864 autem
2670 3809 3026 3874 Hispanorum
3083 3804 3304 3856 victoria
3341 3801 3453 3868 jam

1864 3904 2084 3968 celt'hri,
2143 3903 2366 3956 Arevaci
2425 3902 2800 3954 existimantes
2853 3914 2910 3952 se
2973 3896 3135 3949 lberis
3205 3893 3457 3946 fortiores

1865 3997 2041 4049 adhuc
2088 4010 2206 4048 esse
2227 4035 2241 4061 ,
2271 3995 2477 4046 hostem
2532 3997 2990 4057 centetnpserunt,
3024 3997 3079 4040 et
3123 3987 3173 4039 in
3198 3985 3458 4038 concione

1865 4088 2110 4157 populus,
2141 4089 2241 4141 hac
2275 4085 2572 4154 prtescrtim
2608 4085 2673 4139 de
2716 4097 2902 4146 causa,
2950 4090 3138 4136 contra
3186 4078 3459 4131 Romanos

1867 4198 2057 4253 bellum
2101 4200 2266 4253 tnovit
2292 4199 2424 4270 (64).

2325 4373 2412 4426 Ex
2443 4375 2707 4428 tricesimo
2737 4372 2992 4425 secundo.

1940 4469 2090 4524 Licet
2121 4468 2610 4536 Carthagiuensutu
2659 4464 2854 4518 mmnia
2910 4458 3264 4530 quadraginta
3304 4453 3449 4506 cubi-

1870 4576 1950 4617 tos
1975 4561 2279 4623 altitudine,
2305 4571 2357 4612 et
2383 4559 2662 4612 latitudine
2733 4557 2922 4625 viginti
2951 4555 3083 4604 duos
3114 4550 3458 4611 excederent,

175 4659 479 4712 εἰκοσιδύοο
513 4659 662 4727 ὅμως
695 4655 792 4706 καὶ
814 4656 859 4686 ⁸⁵
889 4651 1145 4705 τοιούτων
1180 4649 1348 4702 ὄντων
1388 4649 1444 4701 αἱ
1477 4647 1759 4716 Ῥωμαίων

1872 4658 2237 4708 Romanorum
2265 4662 2440 4705 tamen
2475 4650 2757 4712 machinze,
2782 4658 2835 4702 et
2865 4649 3036 4699 virtus
3060 4643 3246 4696 fortior
3297 4655 3458 4710 quam

178 4753 424 4821 μηχαναὶ
442 4750 538 4803 καὶ
571 4748 640 4802 τὰ
662 4746 803 4800 κατὰ
824 4745 1060 4813 πόλεμον
1081 4741 1551 4811 ἀνδραγαθήματα
1580 4737 1764 4808 κρείτ-

171 4855 295 4900 τους
336 4836 604 4906 ἄκρθησαν
641 4836 741 4904 τῆς
773 4833 999 4886 ἐκείνων
1049 4830 1389 4899 dispalatam
1409 4829 1504 4882 καὶ
1549 4829 1691 4882 ἑάλω
1728 4829 1760 4895 ὴ

173 4930 329 4992 πόλις
361 4929 460 4982 καὶ
485 4925 866 4997 κατερειπώθη
895 4925 960 4976 ⁸⁸.

245 5022 373 5073 Ὅτι
417 5021 791 5087 Μασανάσσης
817 5018 861 5049 ⁸⁸
890 5019 917 5070 ὀ
949 5014 1164 5070 Λιϐύων
1221 5013 1623 5082 βεϐασιλευκὼς
1668 5015 1764 5067 καὶ

171 5114 270 5186 τὴν
305 5114 450 5185 πρὸς
485 5112 791 5182 Ῥωμαίους
815 5110 995 5179 φιλίαν
1024 5105 1347 5176 τετηρηκὼς
1378 5105 1698 5175 ἐνενήκοντα
1717 5105 1760 5135 ⁸⁷

1875 4761 2061 4801 murus
2096 4744 2215 4807 fuit,
2254 4744 2332 4797 sic
2361 4751 2419 4796 ut
2451 4742 2636 4795 urbem
2679 4741 2942 4810 ceperint,
2971 4746 3022 4790 et
3057 4735 3174 4789 solo
3214 4745 3462 4802 mquave-

1875 4839 1983 4892 rint
2008 4837 2144 4907 (65).

1944 5011 2224 5066 Masinissa
2271 5024 2363 5063 rex
2399 5007 2804 5072 Africanorum,
2851 5005 2940 5073 qui
2992 5002 3284 5058 amicitiam
3335 5013 3457 5052 cum

1872 5102 2132 5158 Romanis
2161 5101 2347 5166 tenuit,
2375 5115 2545 5154 annos
2591 5097 2879 5166 nonaginta
2935 5096 2989 5150 in
3030 5095 3214 5162 vigore
3268 5088 3402 5144 vixit
3437 5127 3453 5142 .

1498 5262 1727 5318 (ΛίὶιίΕ
1781 5260 2187 5318 LECTIONES.

260 5387 310 5418 ⁸⁸
336 5383 583 5440 ἐδείκνυε
606 5386 669 5439 Β.
760 5385 816 5453 f’
851 5382 1216 5452 ἐμϐιωτήριον
1280 5383 1614 5453 Stephanus.

171 5457 216 5527 τ’
239 5455 605 5527 ὲξαπέλεκυς]
629 5456 686 5522 ἐξ
725 5449 786 5509 οὗ
817 5449 1053 5513 πέλεκυς

171 5525 218 5556 ⁸⁸
249 5526 371 5597 καὶ]
410 5522 669 5580 καίτοι-Α.
747 5527 792 5558 ⁸³
824 5522 1175 5593 κατεριπώθη
1203 5524 1269 5579 Α.

1711 5383 1756 5413 ⁸⁸³
1791 5380 1904 5450 βίον
1967 5380 2093 5441 τοὺς
2125 5391 2467 5450 παρατετηρ.
2504 5373 2564 5425 Β.

1253 5455 1298 5486 ⁸³
1325 5443 1712 5522 ἀπαράσκευον
1770 5443 2218 5522 lihodmnaututs,
2267 5448 2348 5522 §_x_
2395 5443 2764 5522 παρασκευῶν
2814 5444 2884 5507 Λ,

1375 5524 1420 5556 ⁸⁵
1439 5516 1689 5593 μανασῆς
1715 5522 1781 5588 Λ,
1807 5520 2091 5590 μανασσῆς
2117 5518 2178 5570 Β.
2262 5517 2307 5548 ⁸⁷
2333 5516 2692 5584 ἐννενήκοντα
2719 5529 2782 5574 ς.

2667 5372 2953 5425 ⁶¹ἒκαστοι
3001 5367 3044 5420 Λ
3087 5387 3102 5422 ι
3143 5367 3372 5424 ἕκαστος
3398 5378 3461 5426 ς.

2951 5439 3366 5507 ἐκπαρὰσκευον
3397 5447 3460 5494 ς.

1732 5661 1962 5719 NOTAE.

413 5785 552 5843 Vide
583 5786 868 5842 Ciceronis
904 5787 1190 5856 Epistolas.

246 5785 367 5927 (62;
413 5785 552 5843 Vide
583 5786 868 5842 Ciceronis
904 5787 1190 5856 Epistolas.

246 5857 342 5927 (63
398 5856 534 5914 Vide
571 5857 816 5914 Tacitum
846 5867 897 5913 et
925 5857 1259 5915 iuvenalem.

245 5857 342 5930 (οδ

1944 5775 2058 5842 (tit)
2088 5772 2398 5839 Eutropius,
2424 5771 2528 5842 lib.
2549 5785 2648 5823 tv..

1942 5833 2052 5914 (65‘
2087 5845 2215 5900 Vide
2246 5833 2432 5898 Ortclii
2465 5839 2749 5893 Theatrum
2783 5836 2840 5892 in
2876 5833 3124 5902 Parergo.
