3924 6430
548 388 683 454 1403

1678 396 1946 457 ΡΗΟΤΙΙ
1986 398 2494 466 PATRIARCHIE
2525 406 2633 468 (ΣΡ.

3628 410 3732 476 ιωι

544 502 685 557 ﬁlius
718 500 911 559 decem
934 516 1173 560 monens
1205 496 1442 576 reliquit,
1469 521 1604 576 quos
1630 507 1892 565 Romanis
1914 526 1965 564 In
1994 520 2134 567 tute-

2241 515 2341 583 μὲν
2379 518 2512 570 ἐϐίω
2543 517 2638 587 ἐτη
2668 517 2729 571 ὲν
2770 516 3020 587 δυνάμει,
3051 516 3248 580 παῖδας
3272 516 3402 571 δέκα
3433 519 3485 572 ἐν
3510 520 3578 590 τῷ
3597 523 3735 578 ἀπαλ-

541 588 649 644 lam
674 592 969 647 commisit.
1002 593 1131 647 Erat
1157 605 1209 649 et
1248 595 1491 664 corporis
1526 596 1781 653 ﬁrmitate
1836 611 2120 667 prmstans,

541 689 599 735 et
628 682 839 736 duritiei
865 696 929 736 ac
970 682 1242 738 laboribus
1275 698 1305 737 a
1348 686 1576 753 pueritia
1601 699 1868 743 assuetus.
1908 689 2121 743 Etenim

2229 604 2524 659 λάττεσθαι
2570 606 2925 670 καταλιπὼν,
2964 606 3061 671 οὓς
3111 609 3206 662 καὶ
3251 609 3528 680 Ῥωμαίοις
3566 615 3737 686 ἐπιτρο-

2229 697 2493 751 πεύεσθαι
2544 698 2953 767 παρεκατέθετο
2978 699 3023 731 ⁸⁸
3068 699 3195 771 [626
3222 698 3333 771 Η.],
3362 697 3427 771 ἦν
3453 704 3504 757 δὲ
3528 706 3609 758 καὶ
3635 712 3738 763 κατὰ

541 782 693 827 stans
741 773 793 826 in
824 773 1064 843 veStigiis
1093 783 1264 828 totum
1294 776 1434 830 diem
1470 779 1724 833 manebat
1747 779 2021 844 immotus,
2067 788 2125 835 et

2241 790 2330 859 τὴν
2402 789 2496 843 τοῦ
2568 788 2821 859 σώματος
2884 791 3132 844 εὐτονίαν
3196 792 3458 864 διαφέρων
3519 797 3602 850 καὶ
3638 816 3737 870 καρ-

541 862 736 916 sedens
757 877 861 916 non
896 864 1149 932 surgebat
1198 881 1370 935 usque
1402 868 1468 921 ad
1500 877 1734 934 noctem,
1786 880 1898 924 toto
1930 870 2017 924 die
2048 872 2126 923 la-

541 951 699 1005 bores
730 952 1018 1017 meditans,
1069 963 1123 1007 et
1178 955 1230 1008 in
1296 971 1435 1024 equo
1483 959 1828 1014 continenter
1876 967 1991 1013 toto
2044 960 2133 1014 die

538 1050 771 1095 etnocte
798 1045 1012 1109 sedens,
1038 1047 1540 1113 ctequitationihus
1580 1060 1736 1105 utens
1775 1067 1878 1107 non
1928 1054 2129 1110 defati-

541 1131 793 1200 gabatur.
830 1133 922 1190 Est
954 1136 1069 1204 ejus
1094 1139 1419 1195 valetudinis
1448 1143 1755 1213 vigorisque
1783 1146 1998 1214 signum
2023 1149 2127 1203 hoc

544 1225 861 1292 maximum,
905 1230 1044 1294 quod
1079 1229 1189 1284 fere
1221 1229 1330 1297 jam
1358 1236 1775 1301 nonagenarius,
1809 1237 1976 1293 ﬁlium
2034 1239 2132 1293 ha-

544 1313 696 1367 heret
750 1316 1176 1384 quadrimulum,
1217 1321 1459 1391 corporis
1506 1324 1699 1380 robore
1758 1338 2128 1397 prmstantem.

2230 877 2391 948 τερία
2429 880 2524 932 καὶ
2576 880 2767 941 πόνοις
2818 880 3056 949 συνήθης
3113 883 3176 933 ὲκ
3203 883 3415 945 παιδός·
3462 885 3517 947 ὃς
3547 902 3604 954 γε
3647 890 3738 952 στὰς

2230 970 2286 1019 ὲν
2319 970 2432 1030 τοῖς
2482 969 2686 1037 ἴχνεσιν
2723 969 2853 1040 ὅλην
2903 971 3001 1041 τὴν
3058 974 3269 1041 ήμέραν
3316 975 3552 1043 ἀκίνητος
3599 977 3737 1046 ἔμενε,

2237 1059 2602 1129 καθεξόμενος
2639 1060 2696 1113 δὲ
2750 1064 2853 1113 οὐκ
2894 1063 3148 1133 ἠγείρετο
3188 1064 3349 1133 μέχρι
3387 1066 3564 1129 νυκτὸς
3590 1069 3737 1138 ἐνήμε-

2237 1149 2414 1218 ρεύων
2453 1152 2576 1213 ταῖς
2623 1149 2733 1202 τῶν
2780 1150 2960 1204 πόνων
2994 1152 3269 1220 μελέταις,
3299 1154 3390 1205 ἐπὶ
3419 1154 3473 1206 δὲ
3503 1156 3585 1207 τὸν
3621 1157 3738 1211 ἵππον

2234 1241 2528 1294 ἐπιϐαίνων
2568 1242 2612 1273 θ’
2662 1242 2907 1311 συνεχῶς
2942 1242 3156 1313 ἡμέραν
3218 1246 3312 1295 καὶ
3370 1245 3530 1297 νύκτα
3554 1248 3634 1298 καὶ
3659 1254 3739 1312 mi;

2245 1332 2533 1392 ίππασίαις
2571 1332 2855 1401 χρώμενος
2881 1333 2981 1386 οὐκ
3010 1332 3253 1396 ἐξελύετο
3278 1334 3343 1387 7°.
3378 1335 3591 1403 Σημεῐον
3614 1337 3661 1389 δὲ
3674 1339 3742 1407 τῆς

543 1403 598 1457 In
621 1419 871 1474 agrorum
901 1409 1109 1464 cultura
1172 1428 1343 1483 usque
1374 1414 1510 1471 adeo
1538 1418 1811 1483 excelluit,
1842 1429 1899 1473 ut
1918 1421 2134 1490 singulis

2245 1423 2376 1494 περὶ
2403 1424 2565 1477 αὐτὸν
2595 1424 2810 1488 εὐεξίας
2840 1443 2898 1477 τε
2937 1427 3032 1478 καὶ
3068 1425 3350 1494 δυνάμεως
3376 1428 3634 1493 μέγιστον·
3660 1403 3743 1480 ivs-

544 1494 669 1549 ﬁliis
695 1497 977 1567 reliquerit
1000 1517 1187 1571 agrum
1219 1505 1406 1557 decem
1442 1507 1663 1561 millium
1688 1511 1941 1579 jugerum
1970 1514 2119 1565 omni

542 1588 901 1644 instrumento
931 1602 1199 1647 ornatum.
1234 1594 1499 1666 Regnavit
1517 1599 1774 1668 praeclare
1800 1617 1970 1658 annos
1992 1618 2145 1657 sexa-

541 1682 715 1749 ginta.

2246 1514 2482 1582 νήκοντα
2515 1513 2625 1583 γὰρ
2658 1514 2843 1582 σχεδὸν
2887 1515 3029 1584 ἔχων
3076 1515 3169 1584 ἐτη
3214 1517 3328 1567 υἱὸν
3373 1512 3481 1584 εἶχε
3521 1521 3743 1589 τετραετῆ,

2245 1605 2566 1672 διαφέροντα
2594 1609 2659 1676 τῇ
2688 1606 2783 1659 τοῦ
2812 1607 3064 1675 σώματος
3107 1608 3286 1677 ῥώμῃ.
3329 1609 3417 1659 Ἐν
3444 1609 3499 1660 δὲ
3535 1612 3635 1672 ταῖς
3668 1613 3745 1665 τῶν

2247 1696 2433 1764 ἀγρῶν
2477 1697 2820 1765 ἐπιμελείαις
2869 1698 3122 1751 τοσοῦτον
3150 1700 3452 1768 διήνεγκεν,
3496 1701 3745 1773 ὼςὲκάστῳ

538 1775 647 1826 τῶν
691 1775 822 1828 υἱῶν
858 1776 1140 1831 ἀπολιπεῖν
1168 1779 1337 1850 ἀγρὸν
1373 1782 1791 1854 μυριόπλεθρον,
1838 1786 2257 1858 κεκοσμημένον
2285 1788 2489 1850 πάσαις
2521 1790 2643 1852 ταῖς
2722 1793 3112 1853 κατασκευαῖς.
3180 1791 3516 1843 Ἐϐασίλευσε
3575 1793 3612 1845 δ’
3660 1796 3745 1846 ἑπι-

540 1864 725 1934 φανῶς
758 1865 849 1935 έτη
886 1868 1166 1939 ἐξήκοντα.

612 1954 931 2011 Nicomedes
966 1970 1170 2027 patrem
1204 1960 1451 2017 Prusiam
1506 1979 1857 2037 persequens,
1883 1970 1950 2025 ad
1978 1986 2127 2025 aram
2164 1975 2207 2033 Β

541 2044 692 2101 Jovis
754 2047 1156 2117 contugientem
1225 2053 1520 2121 interfecit,
1572 2067 1626 2112 et
1689 2059 1922 2116 nefanda
1981 2067 2127 2120 crede

543 2139 829 2206 impertum
883 2141 1187 2212 invadens,
1248 2146 1518 2216 Bithynia;
1597 2164 1825 2221 regnum
1899 2154 2127 2226 adeptus

541 2240 646 2283 63!.
1621 2298 1630 2305 .

616 2320 858 2379 Lusitani
885 2327 1060 2394 primo
1086 2344 1270 2396 parem
1293 2331 1481 2387 ducem
1521 2350 1626 2390 non
1658 2337 1938 2404 habentes,
1973 2339 2131 2396 facile

543 2414 961 2481 superabantur.
993 2418 1185 2474 bellum
1212 2438 1335 2477 cum
1355 2423 1611 2481 Romanis
1633 2440 1906 2499 gerentes.
1940 2431 2130 2487 Postea

542 2502 846 2559 Viriathum
900 2510 1078 2577 adepti
1145 2513 1372 2567 multum
1436 2514 1696 2571 Romanis
1762 2520 2127 2577 incommoda-

546 2605 690 2652 runt.
755 2598 885 2653 Erat
928 2600 976 2656 is
1031 2618 1092 2657 ea
1143 2616 1300 2674 gente
1323 2607 1526 2679 384a
1587 2609 1989 2680 Lusitanorum,
2040 2616 2131 2685 qui

542 2688 818 2745 Oceanum
845 2694 1111 2751 accolunt.
1176 2695 1370 2752 Pastor
1421 2699 1575 2755 fuita
1609 2704 1807 2758 teneris
1864 2715 2133 2761 montanae

543 2781 666 2834 vita:
714 2792 982 2849 assuetus,
1045 2770 1335 2853 adiuvante
1381 2790 1545 2843 etiam
1616 2796 1861 2862 corporis
1915 2806 2130 2852 natura.

543 2872 677 2927 Nam
713 2886 765 2927 et
803 2876 997 2932 robore
1032 2891 1087 2933 et
1111 2880 1387 2937 celeritate
1420 2882 1856 2957 reliquarumque
1895 2891 2131 2958 partium

543 2964 781 3031 agilitate
840 2966 1110 3030 Hispanos
1160 2972 1320 3041 longe
1387 2975 1764 3044 antecellebat,
1831 2994 1951 3034 cum
2008 2982 2132 3035 cibo

544 3056 762 3124 exiguo,
792 3067 846 3112 et
873 3059 1064 3114 multis
1115 3064 1601 3118 exercitationibus
1656 3068 1731 3120 uti
1762 3069 2131 3124 consuefecis-

543 3156 643 3208 sct,
676 3158 729 3200 et
760 3164 952 3204 somno
997 3154 1257 3209 duntaxat
1282 3167 1539 3226 quantum
1591 3166 1736 3213 esset
1786 3176 2028 3216 necesse.
2078 3163 2131 3217 In

543 3253 750 3291 summa
783 3238 984 3296 ferrum
1013 3246 1354 3302 continenter
1383 3262 1624 3317 gestans,
1665 3261 1720 3305 et
1770 3266 1892 3307 eum
1944 3252 2136 3310 bellnis

2306 1968 2430 2021 Ὀτι
2490 1967 2813 2038 Νικομήδης
2871 1967 3151 2039 Προυσίαν
3200 1967 3292 2020 τὸν
3352 1967 3537 2022 ἑαυτοῦ
3590 1973 3745 2041 πατέρα

2239 2060 2729 2130 καταπολεμήσας,
2776 2060 2873 2111 καὶ
2927 2059 3311 2127 καταφυγόντα
3362 2062 3441 2120 είς
3468 2060 3524 2111 τὸ
3558 2061 3635 2113 τοῦ
3660 2062 3743 2125 Διὸς

2240 2149 2384 2216 ἱερὸν
2422 2146 2652 2212 ἀνελὼν,
2686 2147 2966 2218 παρέλαϐε
2998 2148 3096 2217 τὴν
3121 2146 3404 2216 βασιλείαν
3432 2148 3523 2218 τῆς
3540 2150 3741 2217 Βιθυνίας,

2237 2239 2585 2310 ἀσεϐεστάτῳ
2612 2240 2759 2311 φόνῳ
2781 2240 3129 2311 κτησάμενος
3152 2239 3253 2309 τὴν
3277 2239 3476 2309 ἀρχήν.

2310 2332 2434 2386 Ὀτι
2469 2333 2784 2397 Λυσιτανοὶ,
2816 2334 2974 2402 φησὶ,
3002 2333 3065 2384 τὸ
3095 2332 3194 2403 μὲν
3228 2331 3448 2403 πρῶτον
3480 2332 3569 2386 οὐκ
3589 2332 3743 2403 ἔχοντες

2237 2423 2534 2493 ἀξιόχρεων
2554 2423 2799 2494 ἡγεμόνα
2820 2424 3085 2477 εὐάλωτοι
3109 2424 3151 2454 ⁷¹
3180 2423 3503 2476 καθίσταντο
3524 2424 3744 2493 Ῥωμαίοις

2237 2514 2626 2583 πολεμοῦντες,
2666 2514 2893 2585 ὕστερον
2924 2515 2982 2568 δὲ
3018 2514 3303 2584 Ὑριάτθου
3354 2515 3654 2586 κυρήσαντες
3682 2535 3747 2586 με-

2239 2609 2381 2677 γάλα
2422 2610 2726 2679 Ῥωμαίους
2787 2609 3047 2679 ἔϐλαψαν.
3070 2606 3180 2662 Ἦν
3231 2608 3333 2677 μὲν
3385 2607 3476 2662 οὖν
3524 2603 3651 2672 οὗτος
3670 2611 3747 2665 τῶν

2238 2702 2390 2773 παρά
2417 2702 2510 2755 τὸν
2536 2701 2777 2757 ὠκεανὸν
2798 2702 3091 2756 οἰκούντων
3125 2701 3467 2766 Λυσιτανῶν,
3503 2702 3743 2772 πημαίνων

2238 2794 2305 2846 ὲκ
2337 2793 2527 2856 παιδὸς
2548 2835 2563 2858 ,
2587 2793 2749 2864 όρείῳ
2775 2793 2875 2865 βίῳ
2903 2793 3189 2867 [κατέστη]
3212 2796 3255 2827 ⁷¹
3276 2793 3534 2864 συνήθης,
3554 2795 3748 2861 συνεργὸν

2239 2886 2380 2955 ἔχων
2404 2886 2450 2917 ⁷³
2482 2887 2576 2938 καὶ
2627 2888 2726 2955 τὴν
2756 2886 2853 2941 τοῦ
2896 2885 3150 2957 σώματος
3179 2886 3376 2956 φύσιν·
3406 2887 3495 2939 καὶ
3521 2885 3613 2955 γὰρ
3637 2886 3748 2956 ῥώμῃ

2240 2978 2334 3030 καὶ
2368 2978 2525 3047 τάχει
2558 2979 2653 3032 καὶ
2678 2982 2742 3048 τῇ
2774 2980 2885 3034 τῶν
2921 2980 3124 3033 λοιπῶν
3152 2978 3339 3049 μερῶν
3367 2978 3626 3049 εὐκινησία
3654 2979 3748 3030 πολὺ

2240 3069 2497 3141 διήνεγκε
2545 3072 2652 3124 τῶν
2695 3070 2939 3142 Ἰϐήρων.
2979 3071 3269 3133 Συνεθίσας
3316 3071 3367 3107 ⁷⁵
3406 3070 3464 3123 δὲ
3501 3070 3543 3101 ⁷⁵
3576 3070 3750 3122 nothi“

2240 3166 2418 3234 τροφῇ
2457 3166 2556 3233 μὲν
2580 3164 2739 3236 ὀλίγῃ
2770 3164 3088 3233 γυμνασίοις
3116 3164 3174 3217 δὲ
3200 3164 3421 3229 πολλοῖς
3453 3165 3668 3237 χρῆσθαι,
3686 3164 3751 3215 καὶ

2245 3253 2399 3325 ὕπνῳ
2450 3256 2494 3288 ⁷⁷
2533 3256 2695 3326 μέχρι
2746 3257 2908 3324 μόνου
2950 3256 3045 3309 τοῦ
3097 3258 3441 3325 ἀναγκαίου,
3495 3257 3682 3311 καθόλου
3714 3256 3752 3309 ἃ

541 3338 599 3381 et
632 3328 931 3385 latronibus
985 3349 1179 3388 manus
1211 3338 1523 3402 conferens,
1559 3342 1715 3411 vulgo
1744 3344 1979 3398 celebris
2007 3359 2134 3399 eva-

2248 3343 2622 3414 σιδηροφορῶν
2654 3343 2894 3413 συνεχῶς
2934 3346 3027 3397 καὶ
3069 3345 3281 3414 θηρίοις
3336 3347 3432 3401 καὶ
3477 3348 3664 3416 λῃσταῖς
3696 3346 3751 3405 εἰς

542 3420 637 3483 sit,
671 3432 724 3474 et
752 3421 948 3478 abillis
980 3427 1085 3480 dux
1112 3429 1340 3494 electus,
1393 3433 1539 3487 brevi
1608 3435 1881 3490 latronum
1944 3447 2132 3493 cater-

544 3527 663 3564 vam
704 3527 763 3566 se
795 3515 996 3569 circum
1030 3524 1397 3591 congregavit.
1428 3527 1604 3595 Atque
1668 3527 1719 3581 in
1753 3528 1911 3583 bellis
1965 3531 2132 3599 proli-

545 3603 716 3666 ciens,
749 3621 852 3659 non
899 3608 1073 3662 solum
1124 3614 1469 3668 admirationi
1524 3616 1621 3671 fuit
1682 3630 1906 3690 propter
1970 3623 2136 3676 robur

547 3697 815 3764 corporis,
843 3716 1026 3753 verum
1058 3704 1223 3756 etiam
1255 3708 1359 3760 dux
1387 3710 1657 3765 excellens
1686 3713 1833 3768 visus
1862 3722 1968 3768 est.
2005 3715 2137 3769 Erat

546 3793 726 3837 autem
784 3788 834 3839 in
884 3789 1251 3858 dispertienda
1320 3799 1498 3864 praeda
1549 3800 1751 3868 justus,
1801 3815 1855 3857 et
1911 3818 2005 3859 eos
2043 3805 2135 3873 qui

544 3875 761 3942 egregie
792 3892 1182 3946 pugnaverant,
1240 3900 1338 3953 pro
1395 3887 1657 3956 dignitate
1706 3890 1862 3945 donis
1902 3893 2136 3947 extolle-

546 3960 636 4014 bat
667 3963 906 4035 (66-67).
954 3966 1193 4025 Tandem
1240 3968 1497 4043 cutujam
1559 3995 1661 4032 non
1716 3979 1979 4034 latronem
2042 3984 2137 4038 sed

550 4053 847 4122 principem
871 4073 990 4112 sese
1005 4063 1362 4131 exhibuisset,
1383 4067 1576 4123 bellum
1598 4072 1762 4141 gessit
1786 4089 1906 4129 cum
1935 4074 2136 4128 Rouia-

551 4144 654 4207 nis,
688 4148 985 4218 multisque
1010 4154 1216 4220 pra-liis
1249 4161 1498 4226 superior
1522 4165 1715 4229 evasit,
1740 4167 1874 4219 adeo
1894 4176 1951 4219 ut
1971 4167 2133 4223 etiam

549 4236 741 4289 ducem
810 4238 1178 4297 Romanorum
1224 4245 1490 4304 Vitellium
1540 4269 1660 4307 cum
1721 4256 1838 4323 ipso
1891 4262 2134 4313 exercitu

548 4325 930 4397 proﬂigavcrit,
961 4336 1343 4407 captivumque
1375 4344 1602 4410 ceperit,
1652 4354 1707 4398 et
1746 4347 1925 4414 gladio
1970 4365 2137 4403 neca-

548 4420 707 4483 verit,
739 4432 794 4476 et
832 4423 933 4477 alia
973 4428 1138 4481 multa
1174 4429 1223 4483 in
1258 4431 1399 4487 bello
1436 4434 1662 4490 feliciter
1690 4439 1940 4506 gesserit,
1968 4441 2138 4497 donec

547 4509 744 4569 Fabius
775 4516 897 4571 belli
928 4521 1186 4576 adversus
1234 4526 1380 4578 illum
1431 4528 1536 4581 dux
1573 4542 1786 4585 creatus
1838 4544 1941 4587 est.
2000 4534 2137 4589 lude

553 4620 658 4657 non
694 4610 851 4674 paulo
886 4610 1112 4668 inferior
1137 4630 1259 4671 esse
1289 4621 1476 4687 ccepit.
1529 4621 1729 4677 Deinde
1792 4636 2025 4691 creatus,
2077 4637 2132 4681 et

552 4694 715 4749 Fabio
746 4705 993 4767 superior
1018 4706 1215 4774 factus,
1250 4727 1373 4763 eum
1410 4713 1459 4765 iu
1490 4725 1647 4782 pacta
1685 4717 2013 4774 descendere
2041 4722 2121 4773 in-

554 4786 711 4855 digna
770 4789 1029 4849 Romanis
1059 4800 1251 4866 coegit.
1289 4800 1483 4856 Verum
1534 4806 1717 4874 Scipio
1744 4809 2012 4879 adversus
2051 4810 2142 4866 Vi-

557 4877 790 4933 riathum
821 4884 926 4937 dux
958 4887 1205 4952 electus,
1233 4908 1354 4959 qua:
1393 4906 1510 4949 acta
1536 4896 1663 4953 fecit
1694 4877 1866 4966 irrita,
1899 4913 1951 4954 et
1980 4918 2142 4971 supe-

562 4979 739 5022 ratum
770 4988 913 5042 sa‘pe
948 4975 1270 5046 \‘iriathum,
1299 4988 1364 5038 ad
1395 4996 1690 5043 extremam
1716 4992 1909 5047 deinde
1937 4994 2141 5048 cladem

554 5063 914 5131 compulsum,
945 5069 1081 5123 adeo
1106 5079 1162 5123 ut
1190 5089 1372 5142 pacem
1409 5090 1702 5147 spectaret,
1748 5099 1843 5152 per
1879 5085 2143 5140 domesti-

555 5166 650 5205 cos
680 5153 807 5208 dolo
857 5158 1148 5227 interiecit,
1217 5175 1273 5220 et
1326 5167 1444 5237 ejus
1501 5171 1713 5238 imperii
1766 5189 2137 5231 successorem

558 5242 880 5304 Tautamum
934 5253 1162 5324 eiusque
1183 5260 1363 5317 socios
1393 5264 1639 5319 oercullt.
1680 5276 1736 5322 et
1764 5277 1822 5321 ut
1856 5284 1959 5335 pax
1992 5269 2143 5322 arhi-

2239 3432 2459 3501 ἀγῶνας
2517 3434 2935 3503 καθιστάμενος,
2980 3434 3304 3507 περιϐόητος
3343 3436 3552 3503 ἐγένετο
3573 3436 3612 3499 7⁸
3646 3432 3753 3499 παρὰ

2240 3529 2356 3589 τοῖς
2392 3525 2646 3595 πλήθεσι,
2693 3527 2790 3579 καὶ
2830 3524 3054 3595 ἡγεμὼν
3101 3527 3283 3589 αὐτοῖς
3323 3527 3516 3597 ᾑρέθη,
3551 3527 3628 3579 καὶ
3656 3524 3750 3592 ταχὺ

2247 3616 2503 3686 σύστημα
2528 3616 2658 3686 περὶ
2681 3617 2870 3669 ἑαυτὸν
2894 3616 3106 3688 λῃστῶν
3130 3617 3376 3687 ήθροισε.
3410 3617 3562 3688 [1164
3590 3614 3752 3687 iulia!

2241 3711 2568 3782 προκόπτων
2596 3710 2654 3761 ὲν
2686 3710 2798 3772 τοῖς
2840 3707 3097 3778 πολέμοις
3119 3709 3179 3761 οὐ
3218 3710 3380 3778 μόνον
3428 3706 3748 3779 ἐθαυμαστώθη

2238 3804 2308 3856 δι’
2341 3801 2533 3873 ἀλκὴν,
2565 3800 2704 3853 ἀλλὰ
2739 3800 2832 3853 καὶ¹
2886 3801 3213 3869 στρατηγεῖν
3246 3800 3394 3864 ἔδοξε
3443 3798 3747 3867 διαφερόντως.

2242 3890 2353 3949 Ἦν
2391 3895 2449 3947 δὲ
2478 3894 2572 3948 καὶ
2599 3893 2805 3955 δίκαιος
2833 3894 2892 3945 ὲν
2939 3894 3058 3952 ταῖς
3092 3892 3379 3961 διανομαῖς
3411 3892 3515 3944 τῶν
3540 3890 3747 3959 λαφύρωλ.

2242 3985 2337 4037 καὶ
2374 3986 2493 4037 κατ’
2544 3983 2704 4050 ἀξίαν
2754 3984 2880 4046 τοὺς
2938 3982 3460 4053 ἀνδραγαθήσαντας
3496 3980 3637 4051 ἐξῆρε
3678 3979 3749 4037 τάς

2238 4076 2453 4146 δώροις.
2506 4074 2717 4145 Προϊὼν
2780 4074 2836 4127 δὲ
2923 4074 3104 4127 οὐκέτι
3195 4074 3399 4144 λῃστὴν
3459 4074 3584 4126 ἀλλὰ
3641 4068 3753 4122 δυνά-

2243 4185 2378 4239 στην
2421 4166 2581 4221 αὐτὸν
2633 4167 2676 4196 ⁷⁹
2763 4165 3047 4230 ἀναδείξας
3116 4164 3425 4234 ἐπολέμησε
3496 4158 3753 4230 Ῥωμαίοις,

2242 4261 2341 4312 καὶ
2396 4259 2618 4320 πολλαῖς
2657 4255 2928 4325 ἐκράτησε
2990 4254 3213 4325 μάχαις,
3252 4254 3329 4317 ὡς
3380 4254 3474 4307 καὶ
3522 4254 3756 4346 στρατηγὸν

2255 4352 2545 4422 Ῥωμαίων
2568 4350 2876 4403 Οὐϊτέλλιον
2898 4350 2942 4380 ⁸ο
2968 4348 3115 4418 αὐτῷ
3141 4348 3576 4417 καταπολεμῆσαι
3596 4355 3756 4412 στρατῳ

2247 4446 2343 4499 καὶ
2377 4444 2724 4513 αἰχμάλωτον
2751 4441 2935 4497 λαϐεῖν
2971 4442 3067 4494 καὶ
3095 4442 3238 4509 ξίφει
3266 4440 3497 4501 ἀνελεῖν,
3526 4438 3609 4490 καὶ
3635 4433 3757 4485 ποὶᾶιᾶ

2241 4535 2407 4603 ἔτερα
2435 4534 2775 4604 εὐημερῆσαι
2816 4534 2958 4586 κατὰ
3002 4533 3262 4602 πόλεμον,
3294 4532 3398 4594 ἕως
3445 4530 3619 4588 Φάϐιος
3640 4542 3758 4593 στρα·

2242 4627 2413 4696 τηγὸς
2436 4624 2530 4678 τοῦ
2563 4627 2696 4695 πρὸς
2722 4626 2885 4677 αὐτὸν
2912 4624 3152 4694 πολέμου
3183 4624 3600 4694 κεχειροτόνητο.
3630 4617 3756 4670 Ἐκεῖ·

2250 4717 2342 4769 θεν
2364 4717 2407 4768 δ’
2440 4716 2797 4768 ἐλαττοῦσθαι
2822 4714 3023 4786 ἦρξατο
3043 4715 3129 4767 ἐπ’
3161 4716 3260 4767 οὐκ
3289 4715 3490 4781 ὀλίγον.
3526 4708 3639 4764 Εἶτα
3665 4708 3754 4759 ἀνε-

2246 4807 2426 4861 λαϐὼν
2463 4807 2554 4859 καὶ
2583 4807 3057 4878 κατευδοκιμήσας
3086 4808 3285 4859 Φαϐίου
3318 4809 3399 4866 εἰς
3424 4805 3670 4873 συνθήκας
3690 4797 3750 4850 αὖ·

2249 4901 2342 4953 τὸν
2370 4899 2546 4953 ἐλθεῖν
2571 4899 2825 4965 ἀναξίους
2863 4898 3146 4968 Ῥωμαίων
3167 4899 3499 4967 ἠνάγκασεν.
3539 4894 3658 4947 Ἀλλ’
3678 4891 3743 4952 ὅγε

2249 4990 2512 5061 Σκηπίων
2554 4990 2879 5057 στρατηγεῖν
2910 4988 3029 5041 καθ’
3064 4988 3348 5059 Ὑριάτθου
3380 4988 3424 5018 ³¹
3462 4983 3675 5055 αἱρεθεὶς
3692 4980 3750 5036 τίς

2249 5099 2308 5136 τε
2339 5081 2613 5149 συνθήκας
2640 5080 2745 5150 ὴκύ
2758 5097 2919 5150 ρωσε,
2953 5079 3045 5133 καὶ
3076 5080 3328 5142 πολλάκις
3361 5077 3633 5148 ’Υρίατθον
3651 5072 3755 5172 ἐλίτῖ

2250 5174 2457 5236 τώσας.
2498 5168 2619 5224 εἶτα
2658 5173 2737 5235 εἰς
2785 5173 3008 5243 ἔσχατον
3036 5175 3204 5244 ἣττης
3236 5172 3531 5232 συνελάσας
3558 5166 3675 5220 ὥστε
3693 5166 3756 5214 καὶ

2252 5264 2389 5336 πρὸς
2439 5261 2671 5325 σπονδὰς
2720 5263 2876 5333 όρᾷν,
2907 5262 2995 5317 διὰ
3038 5264 3147 5318 τῶν
3181 5264 3396 5319 οἰκείων
3447 5256 3755 5325 ἐδολοφόνησε.

1838 5356 2077 5412 VARUE
2110 5349 2513 5411 LEC'I‘IONES.

638 5424 688 5502 “_
705 5434 1116 5502 παρακατέθετο
1142 5456 1201 5502 ς.

560 5496 606 5525 ⁷⁸
638 5497 999 5580 εὐαλωτον-ς.
1047 5496 1380 5580 ,τ’-κατέστη
1403 5526 1515 5565 om.
1548 5514 1609 5569 B.

562 5579 669 5637 olnt.
695 5568 761 5619 A.
837 5572 881 5603 "
911 5573 1102 5629 ἑαυτὸν
1126 5578 1186 5631 Β.
1263 5581 1305 5613 ⁷⁷
1327 5568 1495 5634 ὕπνου
1523 5585 1586 5637 Α.

568 5632 699 5703 θρου
735 5652 793 5698 ς.

1280 5441 1324 5473 ⁸³
1357 5441 1449 5493 τὸν
1474 5443 1638 5497 ἵππον
1664 5447 1958 5501 ἐπιϐαίνων
1986 5449 2025 5501 Β
2053 5458 2107 5503 et
2130 5463 2276 5503 corr.
2308 5445 2349 5497 A
2375 5462 2390 5497 :
2424 5440 2531 5495 τῶν
2581 5440 2769 5493 ἵππων
2814 5440 3090 5510 ἐπιμένων
3114 5457 3175 5504 ς’.

1701 5518 1746 5548 ⁷³
1772 5517 1910 5586 ἔχων
1938 5535 2051 5573 om.
2084 5536 2166 5586 pr.
2200 5519 2268 5573 A.

1691 5586 1734 5617 ⁷⁸
1764 5588 1980 5656 ἐγένετο
2012 5589 2138 5644 add.
2166 5589 2232 5641 A.

3250 5441 3296 5471 ὀ
3330 5440 3544 5502 ὲξελυτο
3564 5448 3684 5490 corr.
3706 5432 3753 5502 Α,

2346 5514 2393 5545 ’³⁵
2425 5510 2737 5574 συνειθίσας
2765 5511 2825 5575 Β,
2861 5500 3098 5579 σύνήθης
3120 5500 3165 5563 Ᾱ
3200 5530 3213 5564 :
3247 5500 3510 5564 συνείθισε
3540 5502 3695 5579 gn"

2342 5583 2387 5615 ⁷⁸
2422 5581 2616 5635 ἑαυτὸν
2672 5572 2736 5636 B.
2813 5572 2883 5627 ’⁸ο
2918 5572 3189 5634 Οὐϊτέλιον
3219 5597 3278 5645 ς.
3373 5580 3419 5612 ⁸³
3449 5584 3559 5631 κατ’
3603 5572 3758 5644 Οὐριά-

2019 5718 2246 5775 ΝΟΤᾸΕ.

638 5797 845 5871 (66-67)
872 5802 1052 5859 Cicer.
1074 5804 1168 5861 lib.
1195 5823 1211 5861 ι
1240 5808 1310 5866 De
1332 5812 1529 5879 o/Iicit's.
