3924 6444
227 430 370 496 1405

1305 432 1832 496 BIBIJOTHECA.
1857 456 1923 467 -
1962 431 2127 494 COD.
2157 433 2446 497 CCXLIV.

3354 442 3489 508 1406

225 545 340 598 Καὶ
373 546 469 600 τὸν
505 547 891 621 διαδεξάμενον
930 549 1096 603 αὑτοῦ
1143 550 1243 620 τὴν
1287 549 1623 620 στρατηγίαν
1676 545 1801 599 Γαύ-

1920 545 2023 599 trio
2050 562 2148 601 suo
2187 550 2364 613 ﬁeret,
2399 548 2599 621 effecit,
2632 563 2796 623 atque
2827 556 2933 614 illis
2977 573 3171 631 agrum
3199 567 3253 615 et
3300 560 3488 614 urbem

218 654 399 708 τάμον
444 641 699 703 καὶτοὺς
747 643 867 712 μετ’
904 642 1072 695 αὑτοῦ
1131 641 1647 710 καταπληξάμενος,
1712 636 1808 689 καὶ

1916 636 2065 692 dedit
2094 639 2159 693 ad
2192 640 2565 698 habitandum.

219 730 459 794 σπονδὰς
492 730 617 792 [627
648 730 742 803 ﬂ.]
802 732 922 794 οἵας
992 730 1246 784 ἐϐούλετο
1312 731 1503 785 θέσθαι
1557 725 2157 798 παρασκευασάμενος,
2214 730 2382 785 ἔδωκε
2434 731 2621 805 χώραν
2702 736 2799 790 καὶ
2858 740 3015 795 πόλιν
3080 742 3164 807 εἰς
3230 742 3497 816 κατοίκη-

220 835 312 872 σιν
337 819 408 875 ⁸¹.

839 914 935 967 Ἐκ
964 913 1070 967 τοῦ
1096 912 1208 967 16'.

298 1002 422 1055 Ὅτι
449 1002 588 1071 μετὰ
616 1001 713 1071 τὴν
732 1004 1120 1073 Καρχηδονίων
1150 1003 1443 1056 κατάλυσιν
1476 1003 1570 1055 ἐπὶ
1601 1002 1641 1067 ξ’
1664 1001 1809 1055 ἔτεσι
1860 1008 1864 1010 ‘

215 1093 335 1147 τῶν
362 1093 601 1145 Σικελῶν
631 1095 967 1161 εὑροούντων
993 1095 1038 1126 ⁸³
1064 1098 1121 1146 ἐν
1166 1098 1352 1162 πᾶσιν,
1381 1097 1409 1147 ὁ
1440 1095 1683 1157 δουλικὸς
1712 1096 1811 1148 αὑ-

216 1190 339 1250 τοῖς
362 1187 640 1255 ἐπανέστη
667 1187 903 1257 πόλεμος
923 1189 981 1252 ἐξ
1011 1187 1187 1250 αἰτίας
1209 1188 1485 1253 τοιαύτης.
1521 1187 1643 1239 Ἐπὶ
1671 1186 1804 1239 πολὺ

214 1281 337 1341 τοῖς
365 1277 502 1347 βίοις
525 1277 929 1346 ἀναδραμόντες
962 1280 1055 1331 καὶ
1083 1279 1349 1347 μεγάλους
1374 1278 1808 1347 περιποιησάμε-

215 1386 306 1424 νοι
330 1369 593 1431 πλούτους
615 1369 979 1440 συνηγόραζον
1003 1370 1232 1423 οἰκετῶν
1267 1370 1491 1439 πλῆθος·
1511 1365 1591 1433 οἷς
1610 1371 1674 1422 ἐκ
1699 1367 1806 1421 τῶν

216 1462 721 1532 σωματοτροφείων
766 1461 1030 1532 ἀγεληδὸν
1068 1463 1394 1532 ἀπαχθεῖσιν
1438 1462 1601 1524 εὐθὺς
1637 1478 1809 1531 χαρα-

216 1556 402 1622 κτῆρα
423 1553 721 1606 ἐπέϐαλλον
740 1554 835 1605 καὶ
868 1554 1104 1622 στιγμὰς
1119 1556 1231 1617 τοῖς
1256 1553 1521 1624 σώμασιν.
1539 1554 1809 1623 Ἐχρῶντο

214 1644 282 1697 δὲ
297 1643 475 1696 αὐτῶν
503 1647 614 1705 τοῖς
641 1644 740 1712 μὲν
773 1644 914 1705 νέοις
939 1644 1186 1713 νομεῦσι,
1207 1647 1316 1707 τοῖς
1339 1644 1383 1697 δ’
1404 1643 1605 1706 ἄλλοις,
1627 1643 1697 1705 ὣς
1729 1660 1804 1713 πῃ

216 1735 438 1804 ἑκάστῳ
465 1737 496 1805 ἡ
537 1737 696 1805 χρεία
733 1735 1024 1788 ἐπέϐαλλε.
1057 1736 1276 1805 Βαρέως
1292 1736 1337 1787 δ’
1367 1736 1548 1798 αὑτοῖς
1582 1735 1721 1787 κατά
1745 1751 1806 1786 τε

2303 907 2390 964 Ea:
2420 910 2556 966 libro
2600 915 2861 971 tricesimo
2890 928 3099 979 quarto.

1981 996 2117 1051 Cum
2149 1007 2270 1067 post
2308 1001 2510 1055 deletos
2548 1003 3028 1075 Carthaginienses,
3064 1008 3368 1066 Siculorum
3403 1026 3491 1068 res

1909 1088 2067 1144 annis
2096 1092 2377 1161 sexaginta
2407 1094 2458 1147 in
2493 1094 2876 1152 florentissima
2903 1099 3115 1154 fortuna
3153 1107 3489 1171 permansis-

1910 1190 2052 1244 sent,
2090 1186 2302 1237 tandem
2338 1186 2538 1241 servile
2589 1188 2782 1243 bellum
2813 1195 2953 1261 apud
2978 1208 3070 1248 eos
3109 1195 3208 1249 hac
3238 1197 3303 1249 de
3328 1213 3490 1252 causa

1908 1283 2156 1328 exortum
2191 1285 2294 1330 est.
2335 1275 2472 1331 Vita:
2511 1281 2986 1337 commoditatibus
3016 1300 3339 1355 magnopere
3388 1303 3487 1341 au-

1910 1367 2004 1431 cti,
2046 1382 2111 1421 ac
2146 1368 2362 1424 divitias
2392 1370 2639 1440 ingentes
2678 1374 2878 1443 adepti,
2914 1392 3162 1446 magnam
3205 1393 3486 1433 servorum

1912 1457 2310 1513 multitudinem
2367 1474 2551 1515 emere
2597 1462 2740 1515 soliti
2788 1472 2943 1517 erant
2978 1481 2992 1519 :
3030 1480 3260 1534 quorum
3323 1470 3488 1524 veluti

1911 1562 2102 1617 greges
2134 1551 2418 1616 quosdam,
2451 1552 2779 1621 simulatque
2803 1568 2834 1607 e
2869 1556 3001 1610 locis
3048 1556 3101 1609 in
3139 1558 3337 1626 quibus
3384 1576 3487 1613 nu-

1917 1638 2218 1691 Iriebantur
2243 1639 2561 1705 eduxeram,
2598 1642 2760 1696 certis
2804 1642 2923 1698 illos
2977 1644 3118 1698 notis
3160 1661 3489 1718 compunge-

1913 1728 2044 1780 bant
2080 1746 2092 1780 :
2125 1738 2181 1782 et
2204 1745 2298 1783 eos
2326 1732 2543 1799 quidem
2578 1734 2669 1801 qui
2722 1734 2965 1801 juniores
3004 1747 3183 1802 erant,
3238 1750 3485 1806 pastores

213 1826 321 1886 τὰς
355 1825 660 1893 ὑπηρεσίας
714 1823 987 1892 ἐχρῶντο,
1029 1824 1124 1875 καὶ
1158 1822 1476 1890 ἐπιμελείας
1526 1820 1801 1882 παντελῶς

1911 1821 2309 1875 constituebant
2344 1840 2358 1875 :
2400 1824 2628 1877 aliorum
2671 1836 2850 1879 autem
2881 1842 3041 1895 opera
3076 1831 3143 1883 ad
3174 1830 3276 1883 alia
3326 1832 3486 1886 mini-

214 1916 409 1987 ὀλίγης
428 1916 632 1985 ἠξίουν,
650 1917 749 1968 ὅσα
768 1932 829 1966 τε
847 1914 1206 1985 ἐντρέφεσθαι
1228 1916 1320 1966 καὶ
1338 1915 1438 1966 ὅσα
1461 1914 1802 1966 ἐνδύσασθαι.

230 2009 324 2075 Ἐξ
355 2003 430 2061 ῶν
465 2010 515 2060 ol.
552 2009 769 2068 πλείους
798 2008 906 2061 ἀπὸ
956 2007 1211 2080 λῃστείας
1239 2007 1299 2058 τὸ
1340 2006 1445 2076 ζῇν
1468 2006 1803 2076 ἐπορίζοντο,

214 2105 319 2155 καὶ
348 2101 521 2171 μεστὰ
541 2100 588 2131 ⁸⁸
611 2102 787 2169 φόνων
827 2096 897 2170 ἦν
957 2101 1195 2163 ἅπαντα,
1232 2099 1485 2168 καθάπερ
1539 2115 1803 2169 στρατευ-

222 2190 415 2261 μάτων
444 2191 862 2259 διεσπαρμένων
891 2190 1000 2242 τῶν
1033 2189 1265 2260 λῃστῶν.
1308 2191 1371 2242 Οἱ
1414 2190 1471 2241 δὲ
1506 2190 1806 2259 στρατηγοὶ

216 2281 452 2335 κωλύειν
483 2282 580 2350 μὲν
628 2282 970 2351 ἐπεχείρουν,
1004 2282 1251 2345 κολάζειν
1287 2280 1344 2332 δὲ
1384 2280 1446 2332 οὑ
1494 2279 1805 2347 τολμῶντες

210 2375 307 2427 διὰ
340 2372 439 2442 τὴν
475 2373 628 2440 ἰσχὺν
656 2373 747 2423 καὶ
790 2372 852 2424 τὸ
888 2372 1050 2441 βάρος
1084 2372 1193 2424 τῶν
1234 2372 1460 2441 κυρίων,
1496 2372 1546 2423 οἳ
1580 2370 1803 2423 ἐδέσπο-

213 2466 313 2529 ζον
351 2464 459 2517 τῶν
485 2464 532 2496 ⁸⁸
560 2464 796 2534 λῃστῶν,
827 2465 1203 2533 ἠναγκάζοντο
1244 2465 1507 2536 περιορᾷν
1542 2463 1803 2535 λῃστευο-

218 2557 394 2628 μένην
420 2555 519 2626 τὴν
551 2555 826 2627 ἐπαρχίαν
852 2573 866 2587 ·
903 2556 953 2607 oi
980 2555 1227 2609 πλεῖστοι
1256 2555 1364 2627 γὰρ
1392 2556 1500 2609 τῶν
1521 2553 1803 2624 κτητόρων

215 2652 409 2715 ἱππεῖς
434 2651 587 2713 ὄντες
607 2649 716 2701 τῶν
746 2648 1060 2718 Ῥωμαίων,
1084 2648 1181 2701 καὶ
1212 2649 1400 2719 κριταὶ
1428 2649 1542 2710 τοῖς
1563 2646 1671 2699 ἀπὸ
1692 2644 1803 2699 τῶν

211 2741 500 2814 ἐπαρχιῶν
536 2741 1039 2811 κατηγορουμένοις
1071 2741 1399 2809 στρατηγοῖς
1425 2739 1472 2770 ⁸⁸
1501 2738 1800 2806 γινόμενοι,

213 2836 443 2906 φοϐεροὶ
470 2837 581 2898 τοῖς
610 2833 871 2905 ἄρχουσιν
897 2835 1161 2902 ὑπῆρχον.
1183 2831 1500 2901 Πιεζόμενοι
1524 2829 1581 2882 δὲ
1608 2830 1656 2882 οἱ
1684 2828 1803 2882 δοῦ-

210 2931 301 2981 λοι
326 2932 445 2992 ταῖς
478 2926 902 2997 ταλαιπωρίαις,
924 2926 1019 2977 καὶ
1053 2924 1287 2995 πληγαῖς
1312 2923 1380 2975 τὰ
1406 2921 1578 2975 πολλὰ
1615 2939 1800 2993 παραυ

211 3022 391 3089 λόγως
420 3020 468 3051 ⁸⁷
493 3019 864 3091 ὑϐριζόμενοι,
897 3018 994 3087 οὑχ
1039 3017 1330 3086 ὑπέμενον.
1380 3016 1658 3077 Συνιόντες
1707 3012 1801 3066 οῦν

1906 1914 2073 1966 steria
2106 1925 2266 1981 prout
2300 1916 2563 1985 cujusque
2618 1933 2749 1972 usus
2789 1922 3115 1986 postulabat,
3171 1925 3480 1979 utebantur.

1906 2004 2103 2057 Verum
2139 2018 2495 2075 praeterquam
2535 2010 2679 2077 quod
2733 2026 2861 2078 erga
2900 2026 2992 2065 eos
3026 2028 3247 2080 asperos
3283 2030 3346 2069 ac
3396 2017 3486 2068 ri-

1905 2087 2061 2155 gidos
2087 2088 2140 2140 in
2183 2088 2519 2157 imperandis
2562 2092 2884 2146 ministeriis
2914 2094 3260 2162 exhibebant,
3284 2097 3481 2170 384!)

1905 2178 2070 2231 etiam
2094 2194 2282 2231 eorum
2338 2180 2511 2235 victus
2542 2197 2605 2235 ac
2663 2182 2890 2236 vestitus
2947 2199 3035 2237 Vix
3093 2185 3254 2239 ullam
3294 2204 3485 2255 gerere

1905 2284 2092 2324 curam
2125 2270 2508 2340 dignabautur.
2564 2272 2715 2327 Unde
2762 2272 2947 2339 fiebat,
2985 2285 3044 2329 ut
3101 2291 3291 2332 eorum
3340 2281 3482 2336 bona

1900 2375 2029 2429 pars
2057 2363 2220 2415 vitam
2268 2372 2423 2432 rapto
2464 2372 2816 2429 sustentaret,
2870 2367 3163 2437 omniaque
3218 2372 3483 2441 sanguine

1902 2451 2273 2507 redundarent
2298 2469 2312 2505 :
2354 2460 2537 2522 utpote
2560 2453 2926 2521 praedonibus,
2957 2467 3212 2525 tanquam
3243 2460 3475 2514 militum

1899 2541 2253 2607 exercitibus,
2294 2542 2452 2612 longe
2478 2544 2694 2616 lateque
2721 2548 3119 2617 grassantibus.
3163 2548 3481 2605 Provincia-

1901 2645 2020 2685 rum
2055 2642 2231 2687 autem
2267 2632 2505 2703 praefecti
2555 2638 2841 2704 prohibere
2866 2642 3084 2709 quidem
3119 2648 3478 2706 conabantur,

1900 2725 1996 2778 sed
2023 2738 2144 2778 cum
2192 2725 2512 2794 supplicium
2540 2728 2608 2780 de
2654 2729 2721 2784 iis
2776 2746 2992 2785 sumere
3050 2748 3158 2788 non
3219 2734 3481 2791 auderent

1899 2827 2120 2884 propter
2151 2832 2399 2887 magnam
2433 2821 2774 2875 dominorum
2833 2825 3128 2889 potentiam
3182 2835 3346 2896 atque
3373 2842 3477 2881 au-

1900 2910 2231 2972 ctoritatem,
2258 2926 2410 2964 suam
2441 2913 2672 2982 quisque
2690 2914 3025 2981 provinciam
3047 2918 3230 2973 sinere
3261 2920 3481 2988 impune

1900 2998 2059 3068 diripi
2098 3001 2413 3067 cogebatur.
2443 2998 2578 3054 Nam
2602 3018 2725 3056 cum
2750 3002 2988 3072 plerique
3009 3019 3040 3058 e
3064 3007 3299 3062 dominis
3326 3010 3481 3079 equi-

211 3086 471 3182 ἀλλήλοις
513 3086 654 3165 κατὰ
682 3086 780 3173 τὰς
807 3086 1097 3178 εὐκαιρίας
1130 3106 1456 3159 συνελάλουν
1492 3106 1620 3176 περὶ
1663 3106 1800 3160 ἀπο-

1903 3097 1982 3141 tes
2014 3086 2244 3141 Romani
2275 3098 2481 3155 essent,
2508 3091 2788 3159 etjudices
2822 3094 3281 3151 constituerentur
3311 3113 3478 3154 accu-

215 3179 487 3269 στάσεως,
519 3205 625 3266 ἕως
650 3205 729 3265 είς
767 3201 926 3273 ἔργον
959 3201 1057 3267 τὴν
1104 3200 1296 3268 βουλὴν
1343 3199 1570 3268 ἤγαγον.
1604 3193 1711 3250 Ἦν
1741 3196 1798 3249 δέ

1903 3180 2173 3234 sationum
2209 3198 2329 3251 quze
2361 3184 2621 3238 adversus
2658 3185 2942 3254 praefectos
2971 3203 3002 3242 e
3026 3190 3322 3257 provinciis
3349 3192 3483 3249 affe-

211 3316 304 3360 τις
334 3298 552 3365 οἰκέτης
615 3295 784 3365 Σύρος
837 3293 1179 3360 Ἀντιγένους
1226 3291 1471 3343 Ἐνναίου
1505 3290 1564 3342 τὸ
1619 3291 1797 3358 γένος,

207 3391 280 3442 ἐκ
312 3388 412 3457 τῆς
441 3385 771 3456 Ἀπαμείας,
806 3384 1091 3454 ἄνθρωπος
1122 3383 1295 3452 μάγος
1323 3382 1418 3433 καὶ
1438 3379 1803 3450 τερατουργὸς

116 3536 121 3539 ,
202 3481 309 3533 τὸν
341 3479 567 3549 τρόπον.
604 3472 774 3540 Οὗτος
799 3477 845 3507 ⁸⁸
877 3475 1263 3545 προσεποιεῖτο
1298 3472 1436 3526 θεῶν
1462 3473 1801 3540 ἐπιτάγμασι

204 3566 346 3622 καθ’
377 3566 546 3618 ὕπνον
577 3566 864 3636 προλέγειν
889 3566 959 3616 τὰ
1001 3562 1283 3634 μέλλοντα,
1314 3563 1408 3613 καὶ
1453 3560 1681 3623 πολλοὺς
1712 3559 1800 3613 διὰ

202 3660 318 3731 τὴν
340 3662 419 3723 είς
440 3659 597 3711 τοῦτο
622 3658 685 3711 τὸ
715 3657 880 3728 μέρος
897 3654 943 3687 ⁸³
969 3656 1196 3724 εὐφυΐαν
1222 3653 1489 3723 ἐξηπάτα.
1520 3651 1801 3706 Ἐντεῦθεν

205 3751 425 3823 προῖὼν
458 3752 517 3803 οὑ
553 3751 710 3820 μόνον
758 3750 816 3815 ἐξ
848 3747 1075 3817 ὀνείρων
1118 3744 1445 3815 ἐμαντεύετο
1485 3742 1648 3815 [Ηϐἒὶ
1680 3742 1797 3815 IL],

202 3843 357 3896 ἀλλὰ
396 3844 489 3895 καὶ
544 3841 924 3912 ἐγρηγορότως
961 3837 1121 3899 θεοὺς
1159 3837 1290 3906 ὁρᾷν
1337 3835 1664 3906 ὑπεκρίνετο
1705 3836 1800 3887 καὶ

202 3940 276 4004 ἐξ
318 3938 495 3991 αὐτῶν
521 3935 741 3987 ἀκούειν
767 3931 837 3984 τὰ
865 3930 1149 4001 μέλλοντα.
1184 3929 1403 3981 Πολλῶν
1438 3929 1481 3980 δ’
1510 3928 1602 3980 ὑπ’
1633 3926 1798 3981 αὑτοῦ

206 4026 676 4101 σχεδιαζομένων,
709 4024 816 4077 ἀπὸ
861 4021 1033 4093 τύχης
1081 4021 1197 4074 ἔνια
1231 4023 1368 4091 πρὸς
1419 4020 1677 4090 ἀλήθειαν
1709 4018 1798 4083 ἐξ-

204 4124 439 4177 έϐαινε·
494 4119 591 4172 καὶ
644 4118 752 4170 τῶν
802 4118 899 4187 μὲν
958 4116 1032 4186 μὴ
1084 4116 1383 4186 γινομένων
1433 4115 1523 4167 ὑπ’
1583 4114 1797 4174 οὐδενὸς

204 4212 617 4282 ἐλεγχομένων,
653 4209 762 4261 τῶν
817 4208 875 4260 δὲ
925 4207 1368 4276 συντελουμένων
1421 4204 1798 4275 ἐπισημασίας

202 4305 616 4373 τυγχανόντων,
650 4298 935 4369 προκοπὴν
969 4297 1277 4368 ἐλάμϐανεν
1316 4298 1347 4366 ἡ
1382 4298 1509 4366 περὶ
1560 4296 1723 4349 αὑτὸν
1750 4297 1797 4327 ⁹⁰

204 4396 367 4460 δόξα.
403 4394 729 4445 Τελευταῖον
759 4391 847 4444 διά
880 4407 1024 4451 τινος
1062 4391 1310 4459 μηχανῆς
1342 4389 1453 4459 πῦρ
1486 4389 1624 4458 μετά
1653 4405 1797 4451 τινος

201 4485 611 4554 ἐνθουσιασμοῦ
644 4483 736 4535 καὶ
764 4483 937 4552 φλόγα
965 4483 1053 4535 διὰ
1073 4482 1169 4534 τοῦ
1201 4482 1467 4551 στόματος
1501 4480 1672 4550 ἠφίει,
1702 4481 1795 4533 καὶ

200 4582 361 4636 οὕτω
388 4580 457 4631 τὰ
505 4579 766 4649 μέλλοντα
797 4576 1187 4643 ἀπεφοίϐαξεν.
1236 4577 1329 4638 Εἰς
1366 4578 1474 4645 γὰρ
1521 4576 1721 4643 κάρυον
1746 4575 1791 4606 ⁹¹

203 4677 245 4746 ἦ
283 4692 335 4726 τι
356 4672 567 4725 τοιοῦτο
591 4672 923 4742 τετρημένον
950 4670 1007 4733 ἐξ
1038 4668 1301 4737 ἑκατέρου
1336 4667 1537 4738 μέρους
1568 4665 1794 4719 ἐνετίθει

205 4766 315 4821 καὶ
342 4766 441 4836 τὴν
470 4764 717 4833 συνέχειν
746 4764 875 4816 αὑτὸ
898 4762 1203 4831 δυναμένην
1229 4761 1361 4831 ῦλην
1379 4777 1391 4789 ·
1424 4756 1543 4812 εἶτα
1568 4757 1796 4819 ἐντιθεὶς

200 4858 297 4927 τῷ
320 4858 551 4927 στόματι
580 4858 673 4909 καὶ
699 4855 1024 4925 προσπνέων
1051 4854 1181 4906 ποτὲ
1209 4854 1309 4923 μὲν
1335 4851 1637 4921 σπινθῆρας
1664 4849 1795 4901 ποτέ

197 4954 269 5007 δὲ
302 4951 477 5020 φλόγα
508 4951 750 5017 ἐξέκαεν.
792 4941 962 5010 Οὗτος
994 4946 1101 5017 πρὸ
1128 4946 1225 5015 τῆς
1257 4945 1613 5005 ἀποστάσεως
1640 4942 1791 5008 ἔλεγε

196 5042 313 5114 τὴν
342 5042 544 5112 Συρίαν
567 5043 687 5094 θεὸν
714 5039 1148 5109 ἐπιφαινομένην
1183 5036 1334 5107 αὑτῷ
1361 5036 1542 5104 λέγειν
1569 5035 1652 5087 ὅτι
1693 5032 1791 5102 βα-

202 5134 459 5188 σιλεύσει
477 5148 493 5163 ο
522 5134 619 5185 καὶ
645 5132 806 5185 τοῦτο
834 5133 897 5184 οὑ
922 5130 1059 5199 πρὸς
1095 5128 1290 5187 ἄλλους
1325 5127 1483 5197 μόνον
1517 5124 1655 5179 ἀλλὰ
1696 5124 1791 5177 καὶ

200 5228 353 5297 πρὸς
377 5224 540 5278 αὑτὸν
572 5225 664 5277 τὸν
691 5223 883 5295 κὺριον
908 5220 1073 5277 αὑτοῦ
1107 5220 1333 5273 διετέλει
1372 5219 1567 5285 λέγων.
1612 5218 1704 5279 Et;
1732 5215 1793 5269 δὲ

198 5317 435 5388 γέλωτα
476 5315 816 5387 τρεπομένου
846 5314 938 5366 τοῦ
972 5311 1319 5382 πράγματος,
1353 5309 1381 5362 ό
1422 5302 1519 5379 μὲν
1539 5308 1584 5340 ⁸³
1614 5308 1791 5359 Ἀντι-

199 5416 378 5486 γένης
421 5407 924 5480 ψυχαγωγούμενος
970 5405 1065 5458 ἐπὶ
1121 5405 1188 5475 τῇ
1234 5401 1491 5474 τερατείᾳ
1516 5399 1643 5471 [628
1697 5396 1789 5469 H.]

1902 3272 2186 3336 rebantur,
2237 3273 2569 3328 formidolosi
2622 3275 2755 3343 ipsis
2805 3276 3073 3345 praefectis
3126 3290 3300 3334 erant.
3356 3280 3482 3336 Jam

1902 3380 2030 3419 vero
2070 3382 2191 3420 cum
2232 3368 2491 3421 aerumnis
2520 3379 2898 3436 premerentur
2924 3372 3093 3435 servi,
3126 3383 3180 3426 et
3208 3379 3328 3427 cuiu
3355 3376 3481 3431 aliis

1902 3455 2076 3509 modis
2106 3455 2340 3524 pessime
2367 3456 2762 3523 acciperentur,
2800 3468 2910 3510 tum
2965 3473 3094 3513 vero
3131 3461 3302 3531 plagis
3353 3465 3483 3519 sub-

1903 3545 2027 3599 inde
2056 3554 2255 3614 praeter
2288 3546 2552 3599 rationem
2582 3556 2636 3600 et
2689 3547 2949 3615 iujuriuse
2995 3555 3479 3618 contunderentur,

1901 3637 2214 3704 patientiam
2255 3638 2580 3707 abrumpere
2609 3651 2909 3707 cmperunt.
2968 3641 3159 3710 Itaque
3221 3654 3482 3713 opportu-

1901 3744 2030 3782 num
2105 3738 2319 3797 tempus
2375 3731 2542 3793 nacti,
2598 3733 2652 3784 in
2711 3746 2878 3783 unum
2940 3734 3345 3800 convenientes,
3414 3737 3483 3792 de

1900 3818 2205 3891 defectione
2250 3834 2531 3874 sermones
2584 3819 2725 3872 inter
2805 3834 2866 3873 se
2915 3824 3162 3874 conferre
3212 3822 3477 3891 solebant,

1898 3915 2071 3966 donec
2095 3912 2310 3966 tandem
2340 3912 2502 3965 verba
2536 3914 2601 3964 ad
2634 3928 2746 3965 rem
2779 3916 3149 3966 contulerunt.
3183 3914 3309 3969 Erat
3332 3916 3479 3970 enim

1899 4021 2089 4060 servus
2119 4006 2336 4074 quidam
2392 4003 2563 4075 Syrus
2612 4005 2745 4058 urbe
2801 4007 3039 4074 Apamea
3083 4017 3241 4061 natus
3293 4008 3482 4077 (cujus

1900 4096 2149 4149 dominus
2180 4097 2474 4165 Antigenes
2503 4096 2816 4161 vocabatur,
2844 4107 3069 4165 eratque
3107 4098 3255 4151 Enna
3284 4101 3478 4169 ortus)

1900 4188 1984 4241 vir
2014 4188 2242 4258 magicis
2266 4188 2728 4242 incantationibus
2757 4197 2813 4241 et
2854 4190 3221 4245 circulatoriis
3267 4192 3479 4260 captio-

1899 4283 2057 4336 nibus
2077 4297 2142 4335 ac
2175 4283 2462 4351 praestigiis
2487 4283 2722 4337 deditus.
2763 4282 2901 4337 Hinc
2933 4298 2993 4337 se
3043 4282 3223 4337 futura
3282 4286 3481 4353 praedi-

1898 4387 2023 4426 cere
2059 4373 2315 4426 instinctu
2349 4372 2637 4440 afﬂatuque
2669 4374 2853 4427 divino
2898 4375 2995 4443 ipsi
3035 4375 3087 4427 in
3144 4378 3348 4429 somnis
3379 4392 3479 4444 ap-

1898 4468 2198 4536 parentium
2228 4466 2519 4520 simulabat
2547 4482 2563 4519 :
2599 4466 2889 4535 multisque
2916 4482 3010 4535 per
3034 4482 3153 4520 eam
3204 4482 3309 4536 qua
3351 4478 3473 4522 ute-

1898 4562 2055 4614 batur
2092 4558 2194 4612 ltac
2224 4558 2276 4610 in
2309 4567 2461 4626 parte
2484 4558 2759 4611 solertiam
2818 4558 2883 4610 ad
2931 4559 3308 4612 dexteritatem
3371 4560 3473 4613 itu-

1895 4651 2143 4719 pouebat.
2163 4649 2347 4702 Ab-his
2370 4657 2548 4701 autem
2570 4647 2876 4715 primordiis
2900 4647 3106 4717 longius
3131 4666 3472 4721 progressus,

1893 4756 1999 4794 non
2034 4739 2207 4793 solum
2236 4754 2304 4792 ex
2332 4737 2662 4791 somniorum
2688 4736 2821 4791 visis
2850 4737 3029 4791 futura
3064 4742 3469 4807 pronuntiabat.

1893 4834 1987 4889 sed
2018 4840 2071 4886 et
2096 4830 2219 4899 vigil
2251 4842 2477 4883 cernere
2508 4843 2567 4882 se
2599 4830 2751 4890 deos,
2783 4838 2840 4882 et
2872 4844 2935 4882 ev
2996 4828 3065 4883 iis
3124 4845 3211 4884 res
3260 4830 3471 4887 futuras

1896 4925 2083 4979 audire
2114 4922 2369 4992 tingebat.
2424 4920 2558 4975 Cum
2589 4930 2767 4974 autem
2825 4920 2880 4974 in
2917 4921 3097 4977 multis
3132 4924 3471 4979 vaticinatio-

1898 5018 2056 5073 nibus
2079 5015 2308 5070 mendax
2359 5014 2770 5080 comperiretur,
2830 5012 3046 5067 interim
3116 5024 3293 5070 tamen
3342 5031 3470 5071 casu

1894 5119 2125 5166 eventus
2182 5106 2534 5176 quarumdam
2595 5119 2776 5160 rerum
2826 5119 2957 5160 vere
3022 5106 3468 5175 praedictionibus

1896 5204 2011 5272 ejus
2044 5200 2451 5271 responderent,
2480 5206 2538 5252 et
2592 5195 2727 5253 falsa
2760 5198 2975 5269 quidem
3037 5199 3158 5267 ejus
3214 5198 3469 5252 vaticinia

1898 5311 2058 5352 nemo
2095 5299 2434 5362 coargueret,
2471 5305 2598 5345 vera
2645 5300 2825 5344 autem
2866 5306 2987 5344 cum
3031 5292 3288 5360 applausu
3342 5291 3468 5346 dili-

1897 5395 2086 5459 genter
2120 5392 2458 5448 uotarentur,
2509 5382 2787 5436 hominum
2842 5383 3023 5449 opinio
3052 5384 3119 5437 de
3170 5397 3236 5438 eo
3268 5384 3320 5438 in
3355 5384 3471 5439 dies

1484 5576 1720 5632 VARIE
1762 5571 2163 5631 LECTIONES.

282 5707 331 5737 ⁸³
364 5704 664 5756 κατοίκισιν
684 5700 744 5753 Β.
844 5698 892 5733 ⁸³
917 5701 1051 5770 εὑρρ

1054 5699 1290 5752 οοὺντων
1322 5700 1381 5753 Β.
1459 5699 1505 5729 ⁸³
1531 5697 1701 5767 μεστὰ
1725 5698 1804 5767 Βι
1849 5694 1988 5767 μετά
2010 5710 2071 5757 ς.

2160 5691 2207 5723 ⁸⁸
2231 5690 2339 5742 τῶν
2378 5688 2497 5741 add.
2522 5687 2586 5742 Α.
2661 5686 2708 5718 ⁸⁸
2734 5685 3075 5755 στρατηγοῖς
3099 5684 3136 5735 Β
3176 5703 3188 5737 :
3234 5700 3468 5750 στρατη-

202 5781 301 5845 γοὶ
453 5773 513 5845 λ⁸⁷
540 5754 863 5845 παραλόγως
960 5754 1342 5845 ε’παρὰλλόγρυ
1358 5787 1418 5833 ς.
1492 5754 1541 5801 δέ
1563 5764 1715 5831 οὗτος
1741 5766 1779 5817 Β
1820 5754 2035 5827 εάὑτὸς
2066 5779 2126 5827 ς.
2200 5759 2246 5831 9³
2276 5759 2439 5831 μέρος
2467 5758 2508 5810 Λ
2532 5773 2544 5809 :
2566 5756 2720 5825 γένος
2745 5754 2815 5821 ςί
2876 5757 2921 5789 ⁹⁰
2944 5754 3124 5808 αὐτῶν
3163 5756 3228 5810 Α.
3304 5756 3346 5785 ⁹¹
3368 5756 3470 5807 κά-

208 5836 371 5919 ρυον]
400 5836 634 5913 κάρανον
652 5842 713 5896 Β.
766 5836 835 5873 ή⁹²
879 5843 978 5911 μὲν
1004 5846 1044 5894 A
1066 5836 1098 5895 τ’
1125 5840 1223 5911 μὲν
1249 5836 1341 5894 οὖν
1374 5857 1434 5904 ς.
