3924 6430
503 386 639 454 1407

1666 393 1926 454 ΡΗΟΤΠ
1958 395 2464 460 ΡΑΤΒΙΑΗΟΗΑΞ
2500 401 2608 461 CP.

3653 400 3772 465 150$

502 497 822 567 augebatur.
876 497 1159 554 Postremo
1221 500 1511 556 artificium
1577 506 1925 573 excogitavit,
1985 523 2090 577 quo

2200 516 2421 582 παρῆγε
2457 513 2551 566 τὸν
2594 509 2799 564 Εὔνουν
2847 512 2926 574 εἰς
2974 512 3040 565 τὰ
3067 511 3358 565 σύνδειπνα
3424 510 3632 581 (τοῦτο
3679 516 3776 584 γὰρ

502 586 771 641 ﬂammam
803 603 869 644 ex
899 605 993 645 ore
1025 607 1146 644 cum
1183 593 1414 659 quodam
1449 592 1684 650 fanatico
1721 597 1904 653 furore
1925 600 2086 654 emit.-

505 680 671 744 tebat,
701 688 754 734 et
789 697 908 734 eum
943 681 1156 734 ﬂamma
1178 683 1340 738 simul
1380 685 1618 740 vaticina
1648 688 1807 743 verba
1863 691 2096 747 Phoeba-

501 771 624 822 dum
682 774 731 823 in
779 789 982 826 morem
1030 774 1316 828 fundebat.
1355 779 1535 845 lgnem
1591 780 1731 834 enim
1803 783 1853 835 in
1902 800 2091 840 nucem

455 841 596 913 .aut
655 863 861 930 aliquid
919 864 1224 934 hujusmodi
1280 841 1532 935 utrinque
1586 869 1918 938 perforatum
1957 874 2089 945 (68),

507 954 784 1021 simulque
821 958 1102 1011 materiam
1135 976 1253 1027 qua:
1291 961 1434 1013 illum
1473 961 1617 1016 alere
1647 976 1853 1032 posset,
1917 967 2092 1034 impn-

501 1043 682 1105 nebat,
720 1045 913 1100 deinde
947 1049 1027 1102 ori
1071 1051 1262 1105 ludens
1309 1061 1361 1105 et
1389 1053 1597 1119 efﬂans,
1623 1056 1784 1109 modo
1815 1057 2094 1121 scintillas,

501 1134 660 1185 modo
682 1134 1331 1195 ﬂammamaccendebat.
1395 1142 1492 1197 llic
1549 1158 1675 1199 ante
1737 1147 2093 1202 defectionem

496 1221 703 1292 jactare
730 1240 1105 1294 consueverat,
1150 1244 1495 1299 apparentem
1529 1237 1630 1289 sibi
1664 1237 1714 1290 in
1755 1241 1962 1293 somnis
1998 1242 2100 1304 Sy-

501 1317 637 1370 riam
660 1317 810 1373 deam
833 1322 1146 1389 dignitatem
1170 1328 1367 1394 regiam
1387 1329 1623 1397 polliceri
1645 1331 1852 1401 (69).Et
1877 1334 1980 1387 hoc
2001 1353 2100 1388 non

498 1408 618 1461 aliis
651 1412 845 1475 so'um,
880 1414 972 1467 sed
1007 1427 1058 1468 et
1086 1432 1185 1471 suo
1235 1418 1402 1486 ipsius
1433 1421 1652 1474 domino
1678 1426 1891 1478 assidue
1943 1427 2102 1477 dicti-

499 1499 671 1554 tabat.
703 1502 837 1557 Cum
866 1517 1048 1560 autem
1084 1509 1191 1562 risu
1230 1525 1314 1565 res
1340 1512 1453 1567 haec
1481 1518 1846 1582 exciperetur,
1872 1517 2094 1585 Antige-

495 1605 592 1643 nes
623 1608 689 1646 ex
721 1595 868 1650 hisce
896 1601 1216 1669 prodigiosis
1272 1605 1576 1660 mendaciis
1625 1606 1952 1674 voluptatem
2004 1625 2097 1661 ca-

2199 603 2370 672 6νομα
2395 602 2474 672 τῷ
2509 600 2756 671 τερατία)
2800 600 2895 651 καὶ
2921 598 3160 670 διηρώτα
3195 601 3322 672 περὶ
3351 601 3450 670 τῆς
3484 601 3773 668 βασιλείας,

2199 697 2293 748 καὶ
2335 695 2452 757 πῶς
2487 695 2702 764 ἑκάστῳ
2751 695 3016 762 χρήσεται
3063 691 3169 744 τῶν
3222 692 3547 759 παρόντων·
3597 692 3695 744 τοῦ
3729 693 3773 745 δὲ

2201 787 2493 856 ἀτρέπτως
2549 786 2730 840 πάντα
2778 786 2826 818 9³
2873 784 3250 853 διηγουμένου,
3295 783 3389 836 καὶ
3435 783 3512 844 ὡς
3551 782 3775 852 μετρίως

2204 880 2469 948 χρήσεται
2501 879 2614 938 τοῖς
2640 877 2872 946 κυρίοις,
2894 876 2987 927 καὶ
3013 875 3073 926 τὸ
3102 874 3321 926 σύνολον
3343 873 3611 934 ποικίλως
3633 889 3775 941 τερα-

2201 968 2518 1037 τευομένου,
2556 967 2793 1036 γέλωτες
2825 966 3066 1033 ἐγίνοντο
3105 967 3218 1026 τοῖς
3248 962 3774 1032 παρακεκλημένοις,

2203 1062 2298 1114 καί
2327 1078 2470 1122 τινες
2509 1060 2688 1114 αὐτῶν
2719 1059 2827 1112 ἀπὸ
2859 1061 2961 1130 τῆς
2988 1055 3270 1129 τραπέζης
3289 1055 3609 1122 ἀξιολόγους
3635 1056 3773 1123 μερί-

2203 1154 2300 1214 δας
2348 1155 2596 1222 αἴροντες
2647 1152 2977 1222 ἐδωροῦντο,
3027 1151 3374 1217 ἐπιλέγοντες
3421 1151 3610 1211 ὅπως,
3666 1148 3774 1200 ὅταν

2205 1245 2431 1314 γένηται
2460 1246 2732 1314 βασιλεὺς,
2768 1246 2867 1312 τῆς
2911 1245 3132 1314 χάριτος
3167 1240 3522 1312 μνημονεύοι.
3569 1240 3648 1292 Οὐ
3687 1240 3774 1307 μὴν

2213 1336 2330 1388 ἀλλ’
2357 1338 2389 1404 ἡ
2423 1337 2681 1406 τερατεία
2720 1335 2991 1406 προῆλθεν
3021 1337 3098 1396 είς
3153 1332 3405 1401 ἀληθινὸν
3435 1331 3775 1396 ἀποτέλεσμα

2207 1424 2508 1493 βασιλείας.
2577 1427 2672 1477 κει)⁹
2720 1425 2817 1493 τὴν
2873 1424 3222 1478 ἀνταπόδοσιν
3273 1423 3382 1482 τοῖς
3441 1419 3598 1487 παρὰ
3635 1418 3684 1447 9⁸
3723 1417 3776 1468 τὰ

2202 1519 2397 1570 δεῖπνα
2443 1516 2869 1586 δεξιωσαμένοις
2917 1517 2974 1569 ἐν
3006 1515 3202 1583 γέλωτι
3234 1513 3293 1565 οὐ
3335 1513 3508 1582 χωρὶς
3553 1510 3775 1577 σπουδῆς

2202 1610 2496 1678 ἐποιήσατο
2523 1610 2623 1676 τῆς
2655 1609 2890 1678 χάριτος.

495 1681 671 1748 piens,
704 1685 755 1737 in
791 1690 1055 1746 conviviis
1132 1695 1199 1748 ad
1244 1711 1363 1763 quae
1450 1697 1710 1751 invitatus
1767 1707 1905 1764 erat,
1956 1699 2169 1754 Eunum
2211 1701 2321 1767 (ita
2372 1700 2516 1754 enim
2579 1700 2667 1753 hic
2719 1699 3078 1768 praestigiator
3127 1694 3458 1760 vocabatur)
3523 1691 3772 1746 asseclam

496 1775 750 1846 habebat,
781 1797 1012 1854 emitque
1036 1805 1198 1857 super
1231 1808 1396 1862 regno
1428 1794 1827 1863 interrogabat,
1896 1807 1951 1850 et
2006 1797 2273 1866 quomodo
2309 1812 2436 1865 erga
2489 1809 2927 1862 unumquemque
2996 1807 3207 1851 eorum,
3267 1792 3357 1859 qui
3407 1792 3458 1842 in
3496 1798 3643 1839 cnam
3700 1788 3775 1843 illo

493 1879 670 1948 erant,
695 1888 883 1940 gerere
914 1893 972 1932 se
1005 1881 1357 1939 decrevisset.
1395 1887 1527 1941 Cum
1558 1899 1734 1942 autem
1763 1888 1853 1942 ille
1887 1890 1957 1942 ita
2007 1890 2072 1942 iis
2095 1889 2468 1957 responderet,
2500 1897 2558 1939 ut
2590 1887 2642 1939 in
2705 1886 2819 1939 suis
2884 1884 3225 1938 sermonibus
3287 1881 3512 1934 minime
3559 1880 3770 1932 vacilla.

493 1973 596 2031 τάδε,
636 1968 1088 2043 pollicereturque
1133 1979 1268 2043 fore,
1323 1989 1382 2034 ιιι
1413 1982 1663 2038 dominos
1714 1999 1841 2038 suos
1891 1985 2085 2038 leniter
2123 1984 2531 2052 clementerque
2566 1981 2856 2050 acciperet,
2888 1993 3032 2032 mera
3057 1977 3289 2044 denique
3363 1985 3607 2026 monstra
3679 1972 3772 2025 illis

493 2073 660 2127 ευΡθι·
688 2062 806 2124 aliis
835 2068 1000 2122 variis
1027 2073 1188 2126 rebus
1217 2091 1440 2129 narrare
1471 2092 1697 2144 pergere
1721 2078 1918 2149 335a
1965 2081 2218 2133 onmilms
2283 2078 2528 2133 convivis
2577 2077 2744 2130 risum
2785 2076 3055 2128 movebat.
3092 2073 3167 2125 Ex
3235 2071 3430 2138 quibus
3538 2065 3764 2120 nonnulli

494 2146 828 2208 ferculorum
890 2174 994 2211 non
1042 2163 1383 2227 ptBuiteudas
1453 2169 1727 2237 portiones
1780 2146 1986 2224 ablatas
2036 2185 2066 2223 e
2144 2185 2330 2224 mensa
2399 2169 2447 2222 ei
2503 2167 2868 2236 porrigebaut,
2959 2175 3120 2230 atque
3191 2163 3331 2214 inter
3393 2157 3768 2228 porrigendum

497 2238 873 2309 hortabantur,
912 2259 1214 2312 utregnum
1237 2256 1464 2325 adeptus
1487 2260 1695 2326 accepti
1727 2261 1793 2313 ab
1821 2261 1952 2328 ipsis
1977 2260 2220 2313 benelicii
2261 2273 2467 2313 memor
2493 2266 2656 2312 esset.
2731 2255 2835 2309 Sed
2903 2255 3045 2308 enim
3113 2268 3232 2322 quae
3282 2249 3594 2320 prodigiosa
3665 2264 3769 2305 esse

499 2335 788 2391 videbatur
822 2341 1246 2411 vaniloquentia,
1290 2349 1511 2402 minime
1552 2365 1752 2403 vanum
1804 2363 1958 2406 nacta
1997 2361 2080 2405 est
2119 2353 2334 2406 tandem
2365 2351 2590 2412 exitum,
2614 2349 2762 2415 regni
2797 2347 3162 2414 adoptionem.

569 2428 905 2498 Principium
963 2447 1144 2489 autem
1196 2441 1359 2494 totius
1398 2441 1718 2496 defectionis
1755 2443 1853 2496 luit
1901 2445 2088 2513 hujus-
2115 2447 2163 2506 B

496 2521 664 2577 modi.
716 2523 983 2580 Ennensis
1032 2530 1249 2595 quidam
1305 2533 1524 2586 nomine
1584 2534 1951 2604 Daumpbilus,
2003 2539 2087 2591 vir

495 2613 640 2668 elato
679 2615 897 2685 ingenio
932 2622 1209 2687 przeditus,
1241 2624 1477 2693 indignis
1511 2627 1686 2679 modis
1729 2643 1890 2695 supra
1923 2645 2083 2697 quam

495 2705 649 2760 credi
692 2710 864 2774 possit
904 2727 1092 2765 servos
1118 2728 1246 2767 suos
1285 2728 1572 2784 acceperat
1608 2735 1621 2770 :
1656 2719 1885 2788 ejusque
1918 2737 2087 2775 uxore

497 2795 781 2865 Megallide
817 2802 1066 2855 certatim
1106 2818 1201 2857 eos
1255 2806 1538 2873 suppliciis
1587 2809 1755 2863 variis
1801 2810 2084 2876 aﬂicieute,

497 2896 553 2940 et
580 2902 797 2941 omnem
841 2905 968 2960 erga
1016 2908 1112 2946 eos
1159 2909 1376 2949 sensum
1428 2899 1780 2953 humanitatis
1831 2911 2083 2963 exuente,

495 2982 844 3035 exactionem
879 2994 934 3036 et
975 2986 1322 3040 dominorum
1375 2992 1576 3044 cmdem
1613 2993 1756 3045 inter
1799 3008 1858 3046 se
1899 2995 2089 3062 cenju-

499 3083 645 3137 rant,
698 3074 1020 3144 Eunun'tque
1077 3080 1340 3133 adeuntes
1394 3082 1755 3151 interrogant,
1811 3099 1876 3136 an
1932 3099 2083 3138 suum

501 3164 744 3232 ipsorum
775 3179 1094 3236 conceptum
1130 3186 1159 3223 a
1191 3171 1296 3225 diis
1323 3175 1739 3229 concederetur.
1779 3175 1877 3229 llic
1906 3186 2084 3228 autem

500 3258 606 3311 illis
637 3260 946 3314 assentiens
971 3276 999 3312 a
1027 3261 1132 3314 diis
1159 3265 1383 3318 concedi
1418 3266 1730 3332 respondet,
1764 3268 1926 3320 verba
1959 3283 2082 3322 eum

498 3351 677 3406 solitis
709 3354 1001 3420 praestigiis
1034 3353 1264 3409 fundens
1293 3375 1305 3410 :
1349 3357 1624 3426 simulque
1656 3359 1784 3422 illis,
1817 3370 1871 3413 ut
1909 3361 2084 3428 primo

499 3458 718 3509 quoque
797 3455 1041 3512 tempore
1103 3447 1231 3501 illud
1306 3449 1714 3518 aggrediantur,
1773 3453 2084 3518 persuadet.

501 3535 696 3588 Statim
731 3537 893 3604 igitur
925 3549 1111 3592 coacta
1141 3539 1665 3609 quadringentorum
1697 3558 2084 3596 conservorum

501 3641 689 3690 manu,
724 3636 778 3680 et
827 3628 877 3680 in
907 3643 1028 3681 eum
1083 3645 1242 3698 quem
1299 3647 1396 3698 pro
1443 3639 1687 3700 tempore
1722 3645 1972 3699 poterant
2001 3651 2089 3687 ar-

499 3719 632 3772 mati
668 3721 910 3782 modum,
946 3721 998 3774 in
1048 3724 1238 3775 urbem
1279 3723 1482 3776 Ennam
1525 3723 1856 3792 irrumpunt,
1890 3725 2083 3778 ducem

501 3811 765 3864 habentes
797 3813 1029 3874 Eunmu,
1080 3814 1192 3867 suis
1223 3815 1274 3866 in
1315 3816 1615 3869 emittenda
1648 3831 1713 3870 ex
1741 3831 1836 3870 ore
1867 3816 2083 3872 ﬂamma
2115 3795 2156 3850 (ἶ

502 3902 790 3969 praestigiis
821 3914 1084 3958 utentem.
1118 3905 1316 3959 Demos
1345 3915 1526 3959 autem
1565 3908 1818 3975 ingressi,
1851 3919 2087 3977 stragem

489 4009 756 4062 .magnam
809 3997 997 4059 edunt,
1043 4012 1110 4050 ne
1145 3997 1471 4052 lactentibus
1516 4001 1731 4068 quidem
1791 4001 2091 4058 infantibus

504 4097 844 4153 parcentes:
898 4089 991 4142 sed
1038 4105 1134 4144 eos
1176 4091 1244 4143 ab
1286 4091 1450 4146 ubere
1499 4094 1690 4147 matris
1747 4105 1931 4163 raptos
1971 4098 2089 4151 solo

505 4176 826 4246 atﬂigentes.
867 4179 922 4232 In
958 4180 1211 4236 mulieres
1256 4193 1436 4236 autem
1481 4199 1602 4253 quae
1643 4188 1988 4242 contumelia:
2036 4199 2090 4243 et

504 4267 816 4335 petulantiae
868 4285 1066 4339 genera
1114 4274 1460 4327 exercueriut
1499 4275 1700 4345 (idque
1748 4279 1798 4330 in
1847 4280 2086 4347 ipsorum

505 4362 824 4414 maritormn
876 4364 1230 4434 conspectu),
1288 4367 1470 4421 verbis
1513 4371 1742 4437 exprimi
1781 4373 1941 4427 nullis
1991 4390 2089 4442 pro

503 4455 768 4524 dignitate
799 4468 993 4524 potest.
1045 4457 1154 4513 Illis
1182 4461 1326 4513 enim
1370 4476 1429 4516 se
1458 4477 1651 4530 magna
1686 4478 1968 4518 servorum
2002 4483 2091 4520 ur-

503 4547 588 4602 bis
625 4550 910 4605 multitudo
954 4552 1292 4619 adjunxerat.
1314 4552 1581 4607 Caeterum
1606 4571 1726 4609 cum
1755 4557 1804 4609 in
1837 4557 2089 4614 dominos

502 4641 685 4692 omnia
716 4645 959 4712 exempla
1004 4646 1392 4715 cruciatusque
1419 4649 1740 4712 edidissent,
1778 4649 1843 4703 ad
1880 4653 2087 4706 eaedem

503 4730 728 4784 aliorum
761 4748 818 4787 se
865 4747 1276 4792 converterunt.
1311 4738 1496 4794 Eunus
1526 4751 1706 4795 autem
1740 4758 1861 4796 cum
1892 4742 2090 4798 Damo-

503 4821 710 4887 pbilum
744 4824 795 4875 in
832 4827 1159 4881 suburbanis
1207 4829 1383 4884 hortis
1430 4847 1533 4884 una
1567 4847 1689 4887 cum
1722 4848 1891 4887 uxore
1925 4834 2092 4887 rusti-

502 4912 616 4964 cari
648 4914 911 4980 audisset,
959 4918 1086 4972 illuc
1125 4922 1388 4988 quosdam
1416 4937 1448 4976 e
1483 4925 1597 4978 suis
1639 4926 1808 4988 misit,
1843 4927 1933 4994 qui
1975 4942 2091 4980 am-

503 5007 602 5058 bos
634 5005 758 5059 inde
809 5007 859 5060 in
898 5010 1086 5062 urbem
1132 5015 1345 5067 vinctos
1392 5026 1801 5082 protraxerunt,
1838 5018 2006 5072 variis
2036 5018 2088 5070 in

2276 2442 2443 2514 Ἀρχὴ
2475 2442 2534 2495 δὲ
2563 2442 2662 2510 τῆς
2689 2441 2818 2506 ὅλης
2871 2437 3224 2497 ἀποστάσεως
3261 2434 3480 2502 ἐγένετο
3525 2433 3763 2500 τοιαύτη.

2190 2535 2496 2606 Δαμόφιλός
2528 2550 2611 2596 τις
2640 2528 2706 2601 ἦν
2738 2531 3000 2592 Ἐνναῖος,
3028 2529 3126 2596 τὴν
3156 2528 3201 2580 δ’
3241 2527 3430 2580 οὐσίαν
3465 2525 3765 2596 μεγαλόψυ-

2188 2649 2280 2702 χος
2314 2631 2380 2692 ⁵⁵,
2412 2628 2760 2696 ὑπερήφανος
2787 2623 2844 2676 δὲ
2899 2622 2992 2675 τὸν
3021 2621 3239 2690 τρόπον.
3286 2613 3458 2681 Οὗτος
3491 2618 3680 2679 κακῶς
3698 2618 3766 2680 είς

2189 2691 2496 2792 ύπερϐολὴν
2521 2691 2795 2786 ἐκέχρητο
2823 2715 2935 2775 τοῖς
2963 2713 3192 2774 δούλοις,
3223 2712 3318 2764 καὶ
3340 2713 3374 2779 ὴ
3401 2711 3541 2778 γυνὴ
3575 2710 3636 2762 δὲ
3661 2710 3765 2762 Με-

2189 2815 2379 2884 γαλλὶς
2410 2809 2840 2880 ἀντεφιλονείκει
2863 2806 3050 2876 τάνδρὶ
3082 2806 3218 2875 πρὸς
3244 2803 3342 2874 τὴν
3372 2803 3657 2871 τιμωρίαν
3686 2801 3765 2852 καί

2185 2911 2285 2979 τὴν
2307 2908 2472 2975 ἄλλην
2489 2901 2886 2972 ἀπανθρωπίαν
2907 2900 3003 2965 τὴν
3017 2898 3140 2967 περί
3160 2897 3286 2956 τοὺς
3314 2895 3558 2956 δούλους.
3578 2893 3672 2954 Ἐξ
3695 2885 3761 2943 ὧν

2189 2997 2664 3068 ἀποθηριωθέντες
2687 2995 2735 3048 οί
2770 2990 3300 3062 προπηλακιζόμενοι
3329 2987 3619 3040 συνέθεντο
3643 2985 3765 3054 πρὸς

2189 3091 2453 3160 ἀλλήλους
2481 3085 2622 3156 ὑπὲρ
2657 3084 3009 3144 ἀποστάσεως
3054 3082 3150 3135 καὶ
3207 3080 3371 3146 φόνου
3401 3077 3513 3129 τῶν
3546 3076 3762 3146 κυρίων.

2189 3185 2300 3236 Καὶ
2329 3183 2465 3253 πρὸς
2498 3182 2590 3234 τὸν
2619 3177 2826 3232 Εὔνουν
2851 3175 3097 3236 ἐλθόντες
3125 3172 3354 3242 ἠρώτων
3386 3170 3432 3202 9‘
3474 3170 3525 3222 εί
3561 3185 3766 3236 συγχω-

2192 3279 2363 3344 ρεῖται
2391 3273 2541 3341 παρὰ
2572 3271 2680 3323 τῶν
2727 3268 2866 3321 θεῶν
2909 3267 3091 3326 αὐτοῖς
3122 3264 3182 3315 τὸ
3220 3259 3672 3329 βεϐουλευμένον.
3715 3259 3764 3310 ’0

2187 3370 2244 3420 δὲ
2276 3366 2413 3436 μετὰ
2464 3361 2772 3432 τερατείας,
2803 3361 2877 3421 ὡς
2928 3354 3133 3414 εἰώθει,
3178 3351 3508 3418 συνθέμενος
3540 3351 3626 3401 ὅτι
3649 3365 3767 3415 συγ-

2189 3454 2448 3521 χωροῦσι,
2463 3447 2808 3517 παραχρῆμα
2828 3443 3003 3497 πείθει
3017 3441 3232 3510 ἔχεσθαι
3251 3440 3349 3508 τῆς
3380 3439 3762 3508 ἐγχειρήσεως.

2192 3543 2366 3603 Εὐθὺς
2402 3537 2496 3593 οὖν
2524 3537 2912 3610 τετρακοσίους
2934 3533 3040 3586 τῶν
3070 3531 3373 3601 ὁμοδούλων
3389 3529 3759 3597 συνήθῳισαν,

2188 3636 2284 3687 καὶ
2309 3633 2384 3695 ὡς
2415 3631 2480 3685 ἂν
2506 3634 2533 3684 ὁ
2553 3629 2742 3700 καιρὸς
2797 3627 2996 3689 ἐδίδου,
3055 3620 3516 3682 καθοπλισθέντες
3567 3622 3648 3681 εἰς
3677 3619 3763 3687 τὴν

2193 3729 2390 3778 Ἔνναν
2414 3725 2514 3794 τὴν
2542 3722 2699 3776 πόλιν
2727 3718 3126 3779 εἰσπίπτουσιν,
3175 3713 3565 3783 ἀφηγουμένου
3599 3711 3764 3764 αὐτῶν

2193 3822 2288 3873 καὶ
2335 3819 2431 3870 τοῦ
2482 3816 2652 3886 πυρὸς
2702 3813 2800 3875 τὰς
2855 3813 3058 3880 φλόγας
3109 3807 3538 3880 τερατευομένου
3571 3804 3762 3865 τούτοις

2192 3912 2283 3964 τοῦ
2309 3909 2504 3963 Εὖνου.
2535 3909 2667 3969 Ταῖς
2697 3907 2740 3959 δ’
2774 3905 2970 3967 οἰκίαις
3017 3901 3426 3960 ἐπεισελθόντες
3455 3899 3500 3930 ⁸⁷
3528 3897 3760 3950 πλεῖστον

2193 4003 2353 4071 φόνον
2383 4000 2724 4069 εἰργάζοντο,
2765 3997 2886 4066 μηδ’
2915 3993 3095 4047 αὐτῶν
3125 3991 3233 4044 τῶν
3256 3988 3576 4058 ύπομαζίων
3599 3986 3760 4056 φειδό-

2197 4111 2369 4165 μενοι.
2438 4091 2599 4144 Ἀλλὰ
2675 4088 2878 4141 ταῦτα
2909 4086 3006 4156 μὲν
3058 4085 3158 4152 τῆς
3205 4081 3374 4150 θηλῆς
3419 4079 3764 4137 ἀποσπῶντες

2195 4187 2579 4257 προσήρασσον
2612 4185 2677 4252 τῇ
2710 4184 2780 4250 γῇ
2808 4198 2821 4210 ’
2854 4181 2933 4240 εἰς
2961 4177 3019 4230 δὲ
3064 4176 3161 4240 τὰς
3207 4176 3473 4242 γυναῖκας
3497 4171 3604 4224 οὐδ’
3626 4171 3766 4222 ἔστιν

2192 4281 2365 4332 εἰπεῖν
2421 4276 2539 4347 (καὶ
2587 4274 2709 4327 τότε
2767 4272 2812 4304 ⁸⁸
2877 4268 3180 4339 βλεπόντων
3233 4266 3339 4319 τῶν
3384 4263 3614 4333 ἀνδρῶν)
3668 4263 3766 4313 ὅσα

2191 4369 2473 4441 ἐνύϐριζόν
2499 4387 2558 4420 τε
2608 4368 2702 4420 καὶ
2749 4364 3157 4432 ἐνησέλγαινον,
3192 4357 3389 4412 πολλοῦ
3419 4358 3601 4418 αὐτοῖς
3633 4354 3767 4423 πλήν

2193 4466 2319 4529 θους
2359 4465 2469 4517 τῶν
2496 4461 2607 4515 ἀπὸ
2647 4461 2746 4527 τῆς
2796 4459 3005 4518 πόλεως
3039 4454 3238 4508 δούλων
3277 4450 3662 4520 προστεθέντος
3696 4448 3761 4508 ⁹⁹,

2191 4559 2241 4611 οἳ
2269 4557 2367 4611 καὶ
2397 4553 2540 4608 κατὰ
2585 4551 2694 4604 τῶν
2745 4549 2951 4617 κυρίων
2986 4545 3250 4616 πρότερον
3275 4542 3345 4596 τὰ
3375 4540 3578 4609 ἔσχατα
3609 4537 3766 4590 ἐνδει·

2193 4648 2451 4716 κνύμενοι
2472 4645 2614 4697 οὕτω
2643 4642 2778 4712 πρὸς
2824 4639 2915 4692 τὸν
2937 4637 3044 4690 τῶν
3071 4636 3244 4688 ἄλλων
3271 4634 3430 4702 φόνον
3460 4631 3761 4701 ἐτρέποντο.

2193 4740 2258 4792 Oi.
2283 4738 2339 4790 δὲ
2365 4735 2496 4806 περὶ
2526 4734 2617 4786 τὸν
2653 4731 2854 4783 Εΰνουν
2900 4728 3195 4796 πυθόμενοι
3238 4724 3329 4777 τὸν
3362 4722 3666 4792 Δαμόξιλον
3688 4722 3761 4771 ὅτι

2193 4831 2336 4887 κατὰ
2371 4831 2464 4883 τὸν
2521 4826 2747 4898 πλησίον
2793 4823 2896 4892 τῆς
2925 4821 3131 4882 πόλεως
3172 4817 3482 4885 περίκηπον
3506 4811 3756 4882 διατρίεει

2197 4927 2335 4997 μετὰ
2391 4923 2490 4991 τῆς
2535 4917 2813 4988 γυναικὸς,
2844 4915 3009 4988 [1168
3042 4912 3138 4982 Β.)
3194 4905 3375 4962 εἷλκον
3433 4906 3641 4960 ἐκεῖθεν
3682 4903 3750 4956 citi

2191 5034 2357 5070 τινων
2389 5016 2448 5080 ἐξ
2469 5011 2660 5066 αὐτῶν
2701 5009 3001 5062 σταλέντων
3024 5006 3183 5059 αὐτόν
3197 5021 3256 5056 τε
3288 5001 3382 5056 καὶ
3411 5002 3512 5071 τὴν
3543 5000 3759 5066 γυναῖκα

502 5098 590 5152 via
623 5100 966 5155 contumeliis
1003 5101 1245 5159 affectos.
1285 5105 1392 5158 Soli
1420 5116 1596 5161 autem
1621 5109 1742 5175 ejus
1781 5109 1905 5163 ﬁliae
1941 5109 2082 5163 servi

2196 5109 2517 5179 δεδεμένους
2567 5101 3052 5172 ἐξαγκωνίσαντες,
3101 5095 3300 5157 πολλὰς
3352 5093 3494 5147 κατὰ
3516 5089 3761 5196 ⁵ιιιὴνίδῗν

501 5205 725 5261 prorsus
778 5205 1135 5264 pepercerunt
1212 5207 1267 5252 et
1312 5213 1380 5254 ne
1422 5200 1643 5254 minima
1691 5204 1909 5257 quidem
1962 5217 2080 5257 eam

2194 5205 2384 5274 ’ύὸρεις
2406 5200 2766 5271 ὑποσχόντας.
2827 5195 3012 5263 Μόνης
3063 5193 3119 5244 δέ
3171 5191 3267 5258 τῆς
3299 5187 3570 5256 θυγατρὸς
3596 5181 3762 5237 aiaan

1796 5344 2029 5402 VARle
2064 5339 2479 5400 LECTIONES.

571 5476 619 5508 ’³
637 5475 852 5552 animo:
883 5495 942 5534 «τι
1003 5477 1237 5552 εδλταράί
1265 5480 1345 5534 Αε
1381 5480 1512 5551 περ)ι
1539 5499 1598 5545 ς·
1670 5483 1716 5552 ί⁹⁵
1752 5479 2150 5552 μεγαλόψυχος]
2186 5472 2554 5552 actius-115m“
2591 5480 2752 5552 εξερι
2777 5468 2929 5522 536"
2958 5468 3124 5552 57;.“
3155 5464 3305 5552 5.37?
3333 5464 3422 5552 29:
3447 5475 3496 5518 ’δι
3520 5462 3682 5552 53,9,“
3714 5463 3768 5552 Ϊ·

505 5545 960 5646 ἓεγαλόπλρυτος.
1021 5547 1106 5646 n“
1134 5545 1363 5622 ἠρώτων
1413 5545 1530 5621 post

583 5625 810 5646 manna-el
846 5634 985 5646 un-Lsu

531 5616 550 5646 9
582 5619 985 5687 προστεθέντων
1021 5615 1081 5672 Β.

1583 5549 2007 5622 βεϐουλευ;.·.ένον
2039 5549 2188 5621 ponit
2223 5549 2282 5602 Β.

2370 5535 2848 5603 ’τ’ὑπεισελθόντες
2875 5557 2936 5603 ς.
3039 5539 3082 5570 ’⁸
3115 5539 3206 5590 καὶ
3232 5537 3351 5588 τότε
3386 5539 3464 5588 A:
3497 5535 3666 5587 καίτοι
3705 5549 3766 5594 ς.

2017 5730 2245 5788 ΝΟΤιΕ.

586 5823 697 5894 (68)
738 5823 874 5882 Vide
896 5825 1042 5878 Flori
1075 5824 1368 5881 Euilomen.

2261 5823 2372 5896 (69)
2410 5824 2537 5879 Vide
2563 5822 2860 5880 Luetanum
2886 5830 2940 5878 et
2967 5821 3366 5890 Athenagorum
3395 5836 3448 5874 in
3492 5817 3766 5886 Apologia.
