3924 6436
153 409 287 472 1409

1237 395 1764 456 BIBLIOTIIECA.
1803 417 1871 428 ν-
1903 391 2066 451 COD.
2109 389 2400 449 CCXLIV.

3291 381 3426 449 N10

150 519 198 568 oi
241 513 420 567 δοῦλοι
463 509 724 580 ὤφθησαν
792 508 871 570 είς
917 523 1093 578 πάντα
1145 507 1490 574 φεισάμενοι,
1545 503 1632 555 διὰ
1677 501 1737 552 τὸ

1852 499 2036 567 injuria
2067 498 2151 553 vel
2187 495 2515 551 contumelia
2551 493 2866 558 affecerunt,
2900 495 2968 548 ob
3001 494 3267 549 lmmanos
3307 495 3423 564 ejus

119 634 130 638 -
149 604 536 674 φιλάνθρωπον
570 601 740 670 αὐτῆς
768 594 898 669 ἦθος
926 598 1021 651 καὶ
1055 599 1182 663 περὶ
1203 599 1325 659 τοὺς
1356 595 1570 656 δούλους
1600 610 1737 663 συμ-

151 696 328 758 παθὲς
343 695 436 747 καὶ
462 693 787 763 βοηθητικὸν
816 690 958 743 κατά
979 690 1229 757 δύναμιν.
1247 688 1336 752 Ἐξ
1359 682 1432 740 ὧν
1465 685 1740 738 ἐδείκνυτο

150 788 263 842 τῶν
292 786 496 838 δούλων
519 786 640 854 οὐχὶ
673 785 688 814 ¹
711 783 932 852 ὠμότης
963 779 1104 834 εἶναι
1131 781 1347 848 φύσεως
1381 777 1449 830 τά
1481 778 1739 845 γινόμενα

150 881 235 941 είς
263 879 389 939 τοὺς
411 875 626 938 ἄλλους,
661 873 796 926 ἀλλὰ
812 872 919 924 τῶν
944 871 1426 941 προϋπηργμένων
1449 871 1527 933 εἰς
1544 868 1741 931 αὐτοὺς

149 969 506 1038 ἀδικημάτων
557 965 934 1028 ἁνταπόδοσις.
964 965 1068 1016 ἰ’δν
1094 965 1152 1016 δέ
1180 963 1486 1032 Δαμόφιλον
1507 963 1603 1014 καὶ
1633 961 1732 1030 τὴν

149 1057 471 1124 Μεγαλλίδα
494 1058 574 1117 εἰς
597 1054 694 1124 τὴν
725 1057 879 1107 πόλιν
901 1056 948 1107 οἱ
969 1052 1371 1122 ἀπεσταλμένοι
1391 1049 1737 1110 ἑλκύσαντες,

150 1151 344 1220 ὥσπερ
370 1149 601 1218 ἔφημεν,
635 1150 716 1209 είς
751 1147 812 1198 τὸ
834 1147 1063 1216 θέατρον
1100 1147 1418 1216 εἰσήγαγον,
1445 1143 1740 1214 συνεληλυ-

151 1244 308 1304 θότος
340 1245 360 1272 ⁸
394 1239 629 1292 ἐνταῦθα
683 1239 778 1292 τοῦ
837 1237 1078 1308 πλήθους
1104 1239 1212 1290 τῶν
1256 1238 1599 1291 ἀποστατῶν.
1629 1238 1741 1290 Καὶ

148 1332 251 1385 τοῦ
300 1331 610 1400 Δαμοφίλου
670 1329 1033 1417 τεχνάσασθαί
1089 1328 1214 1400 [6‘29
1241 1327 1331 1400 IL]
1373 1347 1423 1380 τι
1468 1329 1604 1393 πρὸς
1645 1328 1742 1398 τήν

153 1423 438 1493 σωτηρίαν
492 1423 933 1490 ἐγχειρήσαντος,
986 1423 1080 1473 καὶ
1111 1420 1337 1483 πολλοὺς
1383 1419 1477 1472 τοῦ
1507 1419 1744 1488 πλήθους

147 1516 269 1575 τοῖς
287 1513 463 1580 λόγοις
493 1512 856 1579 ἐπαγομένου,
900 1511 1157 1580 Ἑρμείας
1187 1512 1279 1563 καὶ
1312 1511 1500 1576 Ζεῦξις
1530 1510 1746 1580 πικρῶς

150 1606 298 1674 πρὸς
322 1605 485 1656 αὑτὸν
513 1605 533 1636 ³
563 1605 898 1671 διακείμενοι
948 1603 1148 1655 πλάνον
1185 1620 1243 1654 τε
1270 1602 1602 1662 ἀπεκάλουν,
1653 1603 1746 1653 καὶ

151 1700 260 1750 οὐκ
286 1697 676 1765 ἀναμείναντες
724 1697 821 1763 τὴν
873 1695 1072 1765 ἀκριϐῆ
1131 1695 1226 1747 τοῦ
1276 1695 1448 1764 δήμου
1496 1695 1679 1764 κρίσιν
1720 1694 1747 1744 ὁ

155 1789 264 1859 μὲν
293 1789 380 1840 διὰ
413 1787 520 1839 τῶν
553 1787 802 1856 πλευρῶν
864 1786 924 1838 τὸ
969 1787 1121 1854 ξίφος
1148 1785 1301 1848 ὠθεῖ,
1355 1788 1382 1837 ὁ
1439 1785 1494 1837 δέ
1525 1784 1745 1836 πελέκει

151 1881 254 1933 τὸν
289 1879 562 1948 τράχηλον
633 1878 847 1946 ἔκοψεν.
883 1878 1124 1930 Ἐκεῖθεν
1156 1880 1390 1948 αἱρεῖται
1431 1877 1685 1946 βασιλεὺς
1717 1879 1744 1928 ὁ

156 1970 385 2032 Εὔνους,
448 1970 571 2022 οὔτε
619 1971 687 2023 δι’
719 1970 972 2040 ἀνδρείαν
1003 1969 1125 2022 οὔτε
1157 1969 1242 2021 διὰ
1274 1969 1626 2038 στρατηγίαν,
1656 1968 1745 2020 διὰ

153 2063 217 2113 δὲ
258 2063 425 2130 μόνην
454 2061 740 2131 τερατείαν
789 2061 976 2113 καὶτὸ
1023 2061 1124 2130 τῆς
1171 2061 1526 2122 ἀποστάσεως
1564 2059 1742 2130 ἄρξαι,

153 2153 278 2221 ἅμα
324 2155 381 2206 δὲ
439 2156 532 2207 καὶ
601 2153 700 2222 τῆς
748 2157 768 2184 δ
810 2154 1184 2224 προσηγορίας
1230 2153 1390 2204 οἱονεί
1432 2169 1552 2203 τινα
1583 2152 1745 2203 καλὸν

152 2246 348 2298 οἰωνὸν
378 2245 607 2314 ἐχούσης
629 2246 764 2314 πρὸς
784 2244 881 2315 τὴν
908 2245 1016 2296 τῶν
1035 2243 1481 2312 ὑποταττομένων
1512 2241 1743 2294 εῠνοιαν.

154 2338 200 2389 Τ
201 2338 282 2389 ῶν
307 2339 446 2390 ὅλων
477 2338 532 2390 δέ
563 2340 674 2398 τοῖς
706 2337 1043 2399 ἀποστάταις
1074 2335 1349 2398 καταστάς
1384 2335 1606 2404 Κύριος,
1654 2337 1747 2386 καὶ

156 2427 490 2495 συναγαγὼν
511 2428 826 2498 ἐκκλησίαν,
854 2430 1030 2482 ἀνεῖλε
1071 2428 1168 2498 μὲν
1201 2431 1220 2460 δ
1265 2429 1392 2490 τοὺς
1427 2427 1747 2497 ἐζωγρημέ-

154 2537 286 2582 νους
315 2520 424 2571 τῶν
441 2520 873 2583 Ἐνναίων,ὅσοις
903 2521 1002 2572 οὐκ
1026 2516 1092 2589 ἦν
1116 2519 1327 2588 ήτέχνη
1347 2519 1486 2570 ὅπλα
1514 2518 1745 2588 ἐργάζε-

157 2611 314 2672 σθαι,
335 2611 578 2671 ἐκείνους
605 2610 659 2662 δέ
679 2612 698 2639 ⁸
721 2610 1036 2679 δεδεμένους
1065 2612 1177 2671 τοῖς
1203 2610 1383 2678 ἔργοις
1418 2609 1683 2660 ὑπέϐαλεν
1705 2609 1743 2659 ⁷.

160 2701 379 2753 Ἔδωκε
411 2701 465 2752 δέ
498 2701 590 2752 καὶ
614 2702 730 2760 ταῖς
763 2698 1118 2768 θεραπαίναις
1147 2697 1245 2765 τὴν
1269 2697 1584 2764 Μεγαλλίδα
1610 2698 1748 2765 χρή-

159 2791 363 2843 σασθαι
391 2791 466 2852 ὡς
499 2790 563 2842 ἂν
597 2789 867 2857 βούλοιντο
897 2807 911 2819 ·
971 2789 1065 2841 καὶ
1113 2783 1269 2841 αὗται
1303 2789 1748 2858 κατεκρήμνισαν

159 2883 538 2951 αἰκισάμενοιι.
569 2883 676 2935 Καὶ
707 2883 868 2944 αὐτὸς
898 2883 954 2935 δὲ
981 2884 1106 2943 τοὺς
1133 2883 1296 2942 ἰδίους
1327 2883 1501 2935 ἀνεῖλε
1525 2881 1748 2952 κυρίους

173 2974 460 3042 Ἀντιγένη
485 2975 576 3024 καὶ
605 2974 852 3026 Πύθωνα.
911 2974 1276 3043 Περιθέμενος
1301 2975 1358 3026 δὲ
1381 2974 1622 3043 διάδημα
1654 2975 1748 3026 καὶ

157 3068 346 3119 πάντα
368 3067 438 3117 τά
459 3066 672 3119 ἄλλατά
697 3067 826 3135 περὶ
851 3067 1011 3118 αὑτὸν
1033 3065 1324 3133 βασιλικῶς
1346 3066 1742 3136 διακοσμήσας,

155 3160 261 3228 τήν
297 3175 355 3210 τε
394 3157 724 3226 συμϐιοῦσαν
755 3158 922 3226 αὐτῷ,
971 3157 1149 3224 Σύραν
1182 3158 1275 3209 καὶ
1303 3157 1624 3227 συμπολῖτιν
1653 3157 1744 3208 οὖα·
1776 3189 1820 3247 C

159 3268 284 3311 σαν,
323 3249 641 3318 βασίλισσαν
673 3249 981 3314 ἀποδείξας,
1053 3249 1341 3318 συνέδρους
1379 3267 1438 3301 τε
1481 3251 1609 3311 τοὺς
1633 3266 1751 3301 συν-

157 3342 274 3394 έσει
296 3342 584 3403 δοκοῦντας
597 3342 874 3410 διαφέρειν
891 3342 1282 3410 ποιησάμενος,
1305 3336 1379 3394 ὧν
1404 3336 1472 3411 ἦν
1496 3341 1748 3409 Ἀχαιὸς⁸

157 3437 258 3487 καὶ
299 3433 538 3504 τοῦνομα
567 3436 660 3488 καὶ
690 3436 752 3486 τὸ
781 3435 956 3501 γένος,
983 3435 1124 3502 ἀνὴρ
1160 3434 1254 3486 καὶ
1287 3433 1449 3503 βουλῇ
1487 3434 1580 3487 καὶ
1607 3435 1752 3503 χειρὶ

154 3526 459 3594 διαφέρων,
511 3526 604 3577 καὶ
657 3529 714 3578 ἐν
760 3528 936 3596 τρισὶν
986 3525 1219 3594 ἡμέραις
1258 3525 1475 3586 πλείους
1511 3525 1619 3577 τῶν
1662 3524 1752 3586 ἐξ·

156 3617 486 3686 ακισχιλίων
512 3620 604 3670 τὸν
632 3619 856 3671 δυνατὸν
894 3617 1232 3678 καθοπλίσας
1254 3617 1474 3685 τρόπον,
1507 3616 1602 3667 καὶ
1638 3617 1755 3666 ἐτέ-

159 3725 298 3778 ρους
325 3709 764 3778 συνεπαγόμενος
795 3707 1005 3770 ἀξίναις
1026 3707 1119 3758 καὶ
1152 3704 1410 3757 πελέκεσι
1439 3703 1754 3772 χρωμένους

153 3801 190 3868 ῆ
232 3799 551 3865 σφενδόναις
576 3802 605 3866 ἦ
626 3800 913 3868 δρεπάνοις
941 3798 973 3867 ἢ
1010 3798 1188 3862 ξύλοις
1223 3795 1753 3866 πεπυρακτωμένοις

150 3893 188 3960 ἢ
233 3893 335 3943 καὶ
365 3892 639 3962 μαγείρων
667 3892 892 3956 ὀϐελοῖς,
925 3891 1083 3961 ἐπῄει
1135 3891 1313 3941 πᾶσαν
1359 3887 1636 3957 λεηλατῶν
1658 3889 1758 3956 τὴν

153 3983 377 4053 χώραν,
425 3985 517 4036 καὶ
584 3983 788 4053 πλῆθος
833 3983 1059 4052 ἄπειρον
1122 3982 1349 4035 οἰκετῶν
1398 3979 1756 4050 προσλαμὸά-

153 4093 274 4128 νων
309 4075 580 4146 ἐθάρρησε
615 4077 711 4127 καὶ
744 4077 1070 4145 στρατηγοῖς
1097 4072 1392 4141 Ῥωμαίων
1423 4071 1754 4140 πολεμῆσαι,

154 4168 264 4220 καὶ
333 4168 677 4236 συμπλακεὶς
725 4167 802 4236 τῷ
865 4167 1062 4234 πλήθει
1130 4164 1389 4226 πολλάκις
1430 4164 1753 4233 ἐκράτησεν,

155 4259 314 4329 ἔχων
347 4259 445 4328 ήδη
481 4259 816 4327 στρατιώτας
845 4259 984 4328 ὑπὲρ
1011 4257 1135 4317 τοὺς
1172 4256 1419 4326 μυρίους.

151 4356 476 4418 securibus,
518 4363 613 4407 aut
669 4353 872 4418 fundis,

1841 606 2042 654 mores,
2073 599 2128 644 et
2158 589 2399 642 animant
2425 587 2488 640 ad
2513 585 3040 640 commiseratiouem
3066 601 3194 655 erga
3231 601 3426 642 servos

1840 701 2191 757 propensum,
2249 694 2410 753 atque
2463 685 2600 736 adeo
2662 682 2729 737 iis
2791 682 3088 737 auxiliandi
3143 685 3420 751 cupidum.

1842 780 1994 847 Quod
2025 780 2240 848 quidem
2272 786 2590 846 argumento
2614 783 2730 829 erat
2752 789 2942 830 servos
2969 791 3072 829 non
3103 775 3426 828 crudelitate

1845 882 2053 926 naturae
2100 871 2226 926 talla
2277 879 2587 938 perpetrare
2643 869 2696 922 iu
2749 866 2903 932 alios,
2947 867 3041 921 sed
3091 867 3266 921 illatas
3322 869 3422 920 sibi

1844 965 2069 1035 injurias
2106 964 2449 1018 ulciscentes.
2480 961 2681 1031 285!)
2725 961 2998 1016 Caeterum
3047 960 3422 1029 Damopbilum

1844 1072 1964 1112 cum
1991 1071 2086 1110 sua
2123 1054 2405 1124 Megallide
2443 1069 2564 1107 cum
2609 1055 2661 1106 in
2694 1053 2880 1106 urbem
2909 1053 3314 1120 protraxissent
3363 1051 3424 1113 ii,

1845 1150 2041 1219 quibus
2078 1149 2260 1203 datum
2303 1158 2421 1202 erat
2451 1148 2748 1216 negotium,
2787 1157 2846 1200 ut
2879 1147 3140 1212 diximus,
3177 1145 3228 1197 iu
3273 1147 3426 1198 thea—

1848 1254 1988 1297 trum
2040 1259 2133 1297 eos
2187 1245 2576 1312 produxerunt,
2649 1241 2740 1294 ubi
2785 1239 3117 1294 defectorum
3171 1238 3426 1290 universa

1846 1345 2171 1405 Congrcgata
2224 1346 2340 1388 erat
2394 1333 2701 1386 multitudo.
2777 1331 3020 1398 Cumque
3077 1329 3429 1398 Damopbilus

1846 1441 1961 1485 arte
1997 1431 2177 1497 aliqua
2211 1428 2365 1483 saluti
2418 1441 2527 1480 sua:
2560 1425 2848 1480 consulere
2877 1440 3100 1487 eouans,
3136 1423 3426 1474 multorum

1847 1539 1910 1575 ex
1962 1522 2068 1576 illis
2104 1521 2412 1573 voluntates
2459 1519 2524 1571 ad
2565 1534 2625 1572 se
2667 1518 2913 1570 oratione
2968 1529 3063 1566 sua
3121 1515 3426 1575 inclinaret,

1848 1611 2107 1665 llermeas
2143 1619 2198 1664 et
2233 1610 2430 1663 Zeuxis
2465 1608 2663 1662 acerbo
2697 1623 2818 1660 eum
2853 1607 2978 1660 odio
3009 1614 3424 1675 prosequentes,

1849 1705 2198 1773 impostorcm
2252 1701 2614 1756 vocitabant:
2661 1700 2993 1767 minimeque
3050 1707 3428 1766 exspectantes

1851 1795 1976 1847 dum
2012 1793 2237 1864 pupulus
2265 1802 2470 1846 certum
2504 1791 2570 1843 de
2611 1804 2677 1842 eo
2703 1788 2963 1854 judicium
2997 1785 3426 1855 pronuntiasset,

1849 1881 1986 1934 alter
2044 1896 2227 1935 ensem
2285 1896 2380 1948 per
2438 1879 2603 1931 latera
2648 1877 2764 1945 ejus
2819 1877 3005 1945 adigit,
3057 1877 3193 1931 alter
3252 1876 3428 1930 securi

1849 1973 2117 2026 cervicem
2155 1972 2271 2040 ejus
2313 1971 2600 2024 abscindit.
2634 1967 2735 2022 Hic
2757 1983 2889 2022 vero
2924 1969 3104 2021 Eunus
3136 1984 3228 2021 rex
3273 1984 3428 2020 crea-

1852 2078 1936 2120 tur
1971 2085 1983 2120 :
2020 2082 2123 2118 non
2155 2065 2296 2131 quod
2325 2064 2408 2116 vir
2449 2065 2602 2116 furtis
2643 2074 2788 2116 esset
2822 2061 2911 2114 ille
2940 2063 3177 2129 quidem,
3220 2063 3302 2113 vel
3340 2062 3430 2114 ιω-

1851 2175 1948 2212 nus
1977 2159 2286 2227 imperator,
2323 2157 2414 2209 sed
2442 2156 2510 2208 οι)
2541 2170 2692 2207 suam
2723 2152 3193 2222 [)I'LIBSligitllOI‘iulll
3231 2163 3427 2216 artem,

1849 2252 2102 2318 quodque
2157 2248 2479 2302 defectionis
2544 2260 2733 2299 auctor
2795 2247 3006 2299 fuisset.
3065 2245 3204 2311 Quin
3265 2248 3429 2299 etiam

1851 2344 2083 2395 nominis
2124 2342 2239 2408 ejus
2276 2341 2375 2394 fuit
2418 2341 2627 2401 habitu,
2668 2339 2844 2407 aliqua
2884 2338 3044 2404 ratio,
3077 2348 3260 2405 utpote
3284 2339 3429 2406 quod

1848 2435 1996 2486 velut
2048 2433 2332 2501 augurium
2384 2443 2530 2484 esset
2571 2433 2768 2484 futura:
2814 2431 2954 2483 illius
3001 2444 3128 2499 erga
3183 2430 3430 2482 subditos

1851 2526 2258 2579 benevolentiae.
2307 2525 2487 2592 Itaque
2534 2522 2843 2576 defectores
2891 2537 3012 2575 cum
3069 2537 3248 2574 rerum
3286 2537 3434 2574 sum-

1850 2629 1989 2665 mam
2028 2615 2094 2666 ad
2139 2630 2260 2665 cum
2321 2612 2665 2674 detulissent,
2719 2611 2982 2663 advocata
3027 2608 3309 2672 concione,
3365 2623 3430 2660 ex

1863 2706 2200 2767 Enucusibps
2240 2706 2326 2769 qui
2377 2705 2482 2755 vivi
2521 2703 2660 2769 capti
2713 2711 2889 2765 erant,
2923 2717 3109 2754 omnes
3137 2715 3228 2753 eos
3263 2701 3430 2752 inter-

1852 2793 1997 2857 fecit,
2028 2793 2118 2860 qtti
2142 2793 2512 2846 fabricationis
2544 2809 2816 2844 armorum
2842 2790 3075 2860 imperiti
3109 2801 3262 2844 erant
3293 2807 3304 2842 :
3344 2805 3434 2857 pc-

1853 2885 1984 2937 rilos
2017 2896 2197 2937 autem
2247 2886 2455 2937 vinctos
2501 2884 2651 2950 operi
2697 2883 2942 2936 faciendo
2980 2882 3207 2935 addixit.
3243 2880 3436 2951 Megal-

1852 2977 2008 3028 lidem
2067 2987 2324 3044 prtcterca
2364 2977 2412 3028 in
2465 2991 2742 3028 servarqu
2799 2985 3128 3042 potestatem
3191 2975 3436 3038 tradidit,

1852 3079 1907 3120 ut.
1941 3083 2038 3135 pro
2081 3082 2180 3120 suo
2227 3067 2454 3119 arbitrio
2491 3066 2542 3118 iu
2591 3081 2708 3118 eam
2754 3066 3270 3118 animadverterent.
3330 3065 3438 3118 Illa:

1853 3171 2032 3212 autem
2066 3176 2183 3212 eam
2236 3160 2468 3226 primurn
2518 3158 2850 3211 cruciatibus
2891 3156 3211 3222 affecerunt,
3245 3158 3440 3211 deimle

1858 3253 2186 3321 praecipitem
2237 3254 2520 3304 dederunt.
2555 3250 2672 3320 Ipse
2703 3266 2921 3319 quoque
2957 3253 3206 3318 prOprios
3239 3250 3440 3303 occidit

1859 3345 2127 3405 dominus,
2183 3345 2506 3411 Antigencm
2555 3353 2606 3395 et
2647 3341 2970 3408 Pythonem.
3009 3341 3248 3394 Tandem
3309 3355 3438 3393 vero

1861 3435 2110 3502 imposito
2153 3436 2312 3502 capiti
2364 3436 2688 3498 diademate,
2727 3433 2996 3501 rebusque
3043 3433 3154 3487 suis
3187 3433 3440 3485 omnibus

1861 3527 2023 3595 regali
2082 3526 2366 3594 splendore
2415 3527 2714 3590 adornatis,
2764 3540 2863 3579 sua
2908 3526 3032 3578 item
3084 3525 3441 3593 nxore(qu:n

1857 3629 1909 3672 ct
1959 3621 2067 3686 ipsa
2115 3618 2247 3690 Syra
2297 3629 2420 3671 crat
2459 3618 2682 3687 ejusque
2714 3615 2882 3685 civis)
2920 3613 3190 3669 declarata
3233 3613 3436 3682 regina,

1856 3727 1920 3764 ex
1953 3727 2140 3764 eorum
2173 3727 2400 3764 numero
2430 3713 2518 3779 qui
2555 3710 2838 3778 prudentia
2867 3709 3078 3760 caeteris
3111 3705 3438 3760 antecellere

1857 3803 2201 3866 videbantur,
2257 3801 2461 3867 aliquot
2515 3801 2616 3854 sibi
2689 3798 3031 3852 consiliarios
3080 3797 3299 3865 delegit.
3363 3795 3441 3848 Ex

1859 3892 2054 3962 quibus
2100 3902 2218 3946 erat
2266 3893 2515 3957 Acincus,
2570 3906 2675 3944 non
2735 3899 2944 3942 tantum
2985 3891 3226 3955 nomine,
3261 3889 3352 3943 sed
3387 3899 3442 3942 et

1861 3985 2078 4037 natione
2130 3985 2378 4048 Acincus,
2427 3984 2508 4035 vit”
2548 3995 2600 4036 et
2631 3982 2863 4036 consilio
2895 3992 3160 4050 praestans
3192 3991 3248 4035 et
3280 3997 3464 4040 ill:tltll_

1860 4075 2053 4127 mirum
2115 4076 2166 4128 iu
2219 4077 2434 4128 modum
2483 4085 2786 4143 promptus.
2858 4072 2958 4127 llic
3011 4074 3174 4126 trium
3234 4073 3442 4126 dierum

1857 4169 2033 4235 Spatio
2059 4183 2179 4219 cum
2213 4183 2303 4219 sex
2358 4167 2638 4219 hominum
2689 4175 2958 4220 armasset
2997 4167 3186 4230 tnillia,
3221 4175 3276 4217 ιιι
3306 4176 3444 4218 tem--

1866 4274 1964 4325 pus
2007 4257 2190 4319 dabat,
2227 4274 2346 4311 cum
2391 4259 2476 4312 bis
2509 4275 2638 4312 vero
2673 4269 2727 4312 et
2767 4259 2903 4314 alios
2933 4259 3161 4313 haberet
3189 4261 3353 4314 asciis
3381 4272 3436 4313 et

964 4362 1058 4405 aut
1119 4351 1370 4415 falcibus,
1429 4363 1520 4403 aut
1572 4351 1797 4404 sudibus
1870 4355 2140 4422 praeustis,
2197 4366 2289 4408 aut
2337 4371 2633 4423 coquorutu
2679 4357 2914 4409 verubus
2965 4359 3279 4418 instructos,
3332 4366 3441 4409 tota

153 4451 394 4518 regione
427 4451 638 4517 praedas
673 4465 838 4519 agens
907 4447 1250 4517 peragrabat.
1299 4445 1470 4500 Simul
1535 4462 1664 4501 vero
1725 4449 2121 4503 multitmliuem
2171 4451 2435 4504 inﬁnitam
2489 4467 2768 4504 servorum
2815 4450 3089 4502 asciscens
3173 4449 3443 4504 Romanos

152 4549 331 4604 etiam
376 4547 733 4615 imperatores
773 4545 912 4598 bello
951 4559 1117 4598 ausus
1153 4553 1238 4599 est
1292 4542 1584 4606 lacessere,
1659 4546 2034 4613 consertisque
2086 4548 2334 4600 manibus
2410 4563 2532 4600 cum
2619 4547 2720 4609 eis,
2803 4533 3051 4598 militqu
3083 4560 3308 4598 nmuero
3353 4562 3446 4615 pu-

154 4639 390 4700 tentiur,
427 4640 652 4691 victoria
706 4654 846 4705 saepe
881 4637 1084 4704 potitus
1115 4645 1219 4700 est,
1252 4646 1438 4704 tttpote
1469 4636 1752 4704 plusquam
1793 4640 1982 4692 decem
2014 4641 2292 4694 hominum
2326 4639 2492 4692 millia
2527 4641 2750 4693 ducens.
3019 4703 3029 4714 ι

248 4729 343 4779 Ἐν
367 4729 540 4797 τούτῳ
564 4728 617 4780 δὲ
655 4729 842 4782 Κλέων
866 4747 948 4791 τις
974 4729 1131 4792 Κίλιξ
1161 4729 1335 4783 ἄλλων
1376 4729 1578 4782 δούλων
1613 4731 1746 4784 ἀπο‹

1932 4735 2065 4788 Dum
2119 4736 2229 4789 lucc
2273 4746 2527 4805 aguntur,
2578 4734 2720 4788 Cilix
2768 4733 2986 4802 quidam
3020 4735 3106 4788 cui
3147 4735 3314 4789 Cleon
3347 4752 3444 4788 no—

154 4821 412 4882 στάσεως
454 4817 758 4892 ἦρξε.ξΚαὶ
808 4822 1025 4873 πάντων
1073 4825 1195 4884 ταῖς
1256 4821 1439 4874 ἐλπίσι
1485 4840 1751 4894 μετεωρι-

152 4913 425 4977 σθέντων,
456 4912 531 4976 ὡς
586 4913 1008 4984 ἁντιπολεμήσει
1058 4915 1128 4966 τὰ
1179 4914 1556 4966 στασιάσαντα
1612 4916 1749 4984 πρὸς

145 5009 429 5078 ἀλλήλους
469 5010 561 5061 καὶ
592 5010 750 5062 αὑτοὶ
808 5011 1037 5072 ἑαυτοὺς
1072 5010 1119 5061 οί
1161 5009 1467 5062 ἀποστάται
1501 5008 1748 5078 διαφθεί-

147 5117 354 5172 ροντες
395 5101 822 5171 ἐλευθερώσουσι
846 5101 944 5171 τὴν
997 5099 1248 5153 Σικελίαν
1300 5103 1398 5170 τῆς
1433 5101 1673 5162 στάσεως
1705 5102 1750 5168 ³,

146 5195 316 5263 παρά
349 5193 506 5257 δόξαν
540 5194 791 5264 ἀλλήλοις
818 5193 1143 5262 συνέϐησαν,
1175 5191 1268 5244 τοῦ
1326 5192 1576 5254 Κλέωνος
1611 5193 1744 5245 ὑπο·

143 5285 422 5352 ’παγέντος
453 5285 592 5354 ψιλῷ
624 5285 716 5337 τοῦ
757 5284 926 5337 Εὖνου
981 5285 1366 5355 προστάγματι
1392 5285 1486 5338 καὶ
1522 5284 1619 5354 τὴν
1650 5285 1744 5338 τοῦ

146 5376 474 5447 στρατηγοῦ
506 5371 614 5446 (οἷα
647 5377 709 5446 δὴ
737 5377 776 5408 ‘°
803 5376 1029 5446 βασιλεῖ)
1064 5376 1250 5447 χρείαν
1273 5375 1743 5445 ἀποπληροῦντος,

143 5468 382 5537 ἔχοντος
419 5467 620 5522 οἰκεῖον
649 5467 854 5538 πλῆθος
877 5467 1226 5539 στρατιωτῶν
1251 5468 1706 5537 πεντακισχιλίων
1730 5485 1744 5499 ο

1858 4846 1978 4882 men
2037 4839 2177 4893 erat,
2238 4841 2428 4883 auctor
2495 4827 2821 4883 defectionis
2873 4827 3103 4881 aliorqu
3155 4845 3441 4883 servorum

1857 4922 1976 4987 fuit,
2027 4932 2086 4977 et
2139 4938 2262 4975 cmn
2312 4922 2377 4974 ad
2409 4936 2527 4974 eam
2566 4937 2716 4989 spem
2762 4924 2932 4975 erecti
2983 4923 3228 4977 omnium
3276 4925 3440 4977 animi

1856 5025 2058 5081 essent,
2116 5014 2232 5068 fore
2285 5024 2343 5068 ut
2397 5025 2514 5068 orta
2573 5015 2839 5070 seditione
2898 5016 2949 5068 Ιιί
2999 5015 3263 5069 adversus
3322 5016 3442 5069 illos

1858 5121 2003 5160 artua
2031 5114 2308 5173 caperent,
2338 5115 2500 5174 atque
2528 5105 2602 5158 ita
2639 5106 2741 5159 sibi
2770 5115 3015 5160 mutuum
3047 5108 3273 5162 exitium
3307 5107 3440 5160 aﬂ'e-

1857 5210 2062 5265 rentcs,
2097 5199 2334 5252 Siciliam
2366 5199 2600 5252 tumultu
2631 5198 2944 5262 liberarent,
2978 5209 3175 5266 praeter
3199 5199 3440 5252 omnium

1859 5288 2318 5355 exspectationem
2350 5287 2643 5340 coitionem
2675 5288 2816 5340 inter
2855 5302 2913 5340 se
2941 5286 3216 5349 fecerunt;
3246 5287 3443 5354 quippe

1859 5393 1978 5429 cum
2012 5377 2175 5428 (ileon
2212 5376 2355 5428 nudo
2390 5374 2525 5428 Euni
2572 5377 2827 5436 mandato
2875 5391 2931 5428 se
2968 5375 3336 5436 submitteret,
3386 5385 3443 5428 ut

1856 5469 1956 5522 sub
1983 5467 2092 5533 illo,
2129 5475 2185 5520 ut
2220 5482 2363 5536 rege,
2395 5468 2736 5536 imperatoris
2771 5469 2952 5522 munia
2988 5466 3187 5537 3860
3241 5467 3438 5531 obiret,

1480 5621 1713 5677 VARIAS
1762 5619 2169 5676 LECTIOI‘ES.

271 5737 288 5767 ¹
318 5737 419 5790 οὐκ
452 5737 510 5792 Β.
581 5740 601 5770 ¹
637 5738 1072 5807 συνεληλυθότων
1097 5735 1156 5788 Β.
1231 5735 1252 5766 ³
1273 5734 1460 5801 αὑτὸν]
1487 5735 1648 5787 αὐτὸν
1680 5735 1745 5787 αὐ

271 5808 339 5860 πὶ
370 5808 670 5860 ὐπὲοαλλεν
760 5811 782 5842 ⁸
817 5809 1049 5860 ’Δναιὺει
1086 5808 1308 5860 aonio;
1333 5805 1392 5858 Β.
1471 5807 1492 5838 ³
1521 5806 1746 5860 στάσεως

1857 5733 1915 5788 Β.
1990 5735 2012 5764 ⁴
2043 5733 2162 5804 τῆς]
2205 5734 2265 5787 τὸ
2297 5733 2397 5802 τῆς
2426 5733 2488 5788 Α.
2567 5736 2588 5766 ⁸
2626 5734 2724 5803 μὲν
2750 5731 2872 5787 add.
2906 5733 2970 5788 A.

1854 5820 1867 5856 :
1904 5807 2255 5860 ἀποστάσεως
2289 5822 2346 5860 ς.
2426 5807 2468 5837 ¹⁰
2514 5805 2578 5860 δὴ
2619 5806 2697 5859 A:
2732 5803 2814 5858 δεῖ
2857 5821 2917 5860 ς’.

1521 5822 1759 5870 στάσεως
1789 5820 1867 5860 ΛΞ
1904 5820 2255 5868 αποστασεως
2289 5822 2346 5867 ς.

139 5809 168 5843 '
207 5807 339 5863 ιλιιτι
370 5808 670 5864 ὐπὲοαλλεν
760 5811 782 5842 ⁸
817 5805 1050 5879 Ἀχαιὸς]
1086 5808 1308 5877 ἀρχαῖος
1333 5805 1392 5858 Β.

3073 5736 3095 5768 ⁸
3126 5734 3180 5787 δὲ
3223 5735 3340 5790 add.
3375 5733 3436 5790 Β.

2426 5807 2468 5837 ¹⁰
2514 5805 2580 5874 δὴ
2619 5806 2697 5859 A:
2732 5803 2814 5858 δεῖ
2857 5821 2917 5868 ς.
