3924 6458
449 399 579 466 1411

1625 394 1884 456 ΡΗΟΤΙΙ
1909 387 2413 453 PATBIARCHJE
2452 388 2559 448 CP.

3551 376 3687 440 1412

447 512 679 570 militum
733 509 1045 579 propiorum
1099 507 1343 577 quinque
1395 506 1561 561 millia
1615 506 1845 562 habens.
1905 503 2047 559 Hoc.

2150 500 2330 569 ,μέραι
2380 496 2426 550 δ’
2468 496 2635 565 ἐγγὺς
2692 488 2833 565 ἦσαν
2875 490 2983 545 ἀπὸ
3018 491 3116 560 τῆς
3148 489 3502 551 ἀποστάσεως
3530 489 3690 556 τριά-

449 610 631 656 autem
663 598 767 652 fuit
812 596 1030 668 triginta
1081 597 1193 651 fere
1246 615 1274 649 a
1311 594 1617 650 defectione
1658 595 1869 650 diebus.
1902 592 2021 648 Non

450 692 620 747 multo
647 698 765 759 post
793 688 1083 743 commissa
1120 700 1292 757 pugna
1317 700 1438 739 cum
1470 684 1797 755 imperatore
1828 683 1891 739 L.
1914 682 2025 754 Hy-

453 798 638 855 posaso
694 780 863 835 Roma
916 779 1168 833 veniente
1208 792 1330 832 cum
1360 786 1483 831 octo
1527 776 1762 831 millibus
1812 775 2024 829 Siculo-

457 891 574 929 rum
611 873 866 937 militum,
917 870 1143 925 victoria
1191 869 1342 939 potiti
1395 875 1543 932 sunt,
1579 877 1766 938 utpote
1808 868 1900 938 qui
1949 867 2027 922 vi-

455 965 587 1034 ginti
625 963 788 1017 millia
846 973 1051 1016 essent.
1092 962 1398 1031 Aliquando
1440 970 1566 1030 post
1620 970 1798 1015 autem
1835 975 2025 1017 eorum

458 1069 719 1107 numerus
762 1067 933 1121 usque
977 1053 1043 1106 ad
1086 1063 1301 1107 centum
1336 1052 1501 1106 millia
1544 1052 1737 1107 crevit.
1786 1052 2031 1121 Cumque

460 1141 721 1193 adversus
757 1138 1033 1194 Romanos
1085 1140 1268 1207 praelia
1316 1140 1545 1194 subinde
1581 1150 1854 1209 gererent,
1888 1154 2032 1209 saepe

460 1247 526 1283 ex
583 1232 647 1283 iis
684 1231 907 1299 gloriam
954 1234 1320 1299 reportabant,
1374 1246 1498 1284 raro
1534 1241 1713 1285 autem
1748 1230 1900 1285 clade
1937 1246 2029 1283 ac-

462 1330 615 1388 cepta
656 1321 921 1373 redibant.
952 1319 1119 1389 Cujus
1157 1322 1234 1373 rei
1276 1337 1396 1374 cum
1432 1321 1726 1389 dissipatus
1757 1331 1908 1375 esset
1940 1336 2031 1372 ru-

465 1428 600 1473 mor,
644 1412 751 1479 jant
806 1411 947 1465 servi
995 1422 1209 1465 centum
1261 1412 1652 1481 quinquaginta
1701 1412 1885 1465 Roma:
1911 1427 2035 1466 cott-

464 1503 761 1570 Spiratione
806 1503 947 1555 inter
989 1518 1047 1557 se
1098 1502 1239 1556 facta
1290 1504 1355 1556 ad
1425 1503 1783 1557 defectionem
1830 1503 2031 1556 incensi

465 1604 639 1657 erant,
696 1596 746 1647 in
802 1596 981 1648 Attica
1032 1606 1210 1649 autem
1262 1596 1544 1665 plusquam
1609 1595 1789 1655 mille;
1849 1596 2033 1648 itidem

468 1702 593 1739 vero
622 1687 755 1751 Deli,
789 1687 1077 1757 multisque
1127 1688 1247 1741 aliis
1279 1688 1329 1740 in
1369 1689 1523 1741 locis.
1567 1688 1675 1741 Sed
1713 1700 2037 1755 unoquoque

467 1779 518 1832 in
547 1778 661 1832 loco
693 1779 725 1832 ii
756 1795 986 1847 quorum
1018 1796 1162 1834 cura:
1208 1780 1419 1849 negotia
1462 1780 1668 1850 publica
1715 1782 2033 1835 demandata

465 1878 643 1929 erant,
674 1867 851 1919 subito
881 1870 1037 1921 rebus
1067 1868 1117 1921 in
1158 1870 1447 1922 discrimen
1480 1870 1727 1924 adductis
1760 1870 2035 1939 opitulati,

467 1973 590 2011 cum
625 1959 804 2025 gravia
849 1959 915 2013 de
962 1960 1067 2013 illis
1094 1960 1353 2029 supplicia
1393 1963 1778 2031 sumpsissent,
1810 1972 2037 2016 cmteros

467 2051 665 2116 quibus
697 2049 806 2116 jam
857 2060 909 2104 et
944 2052 1071 2119 ipsis
1100 2068 1223 2121 spes
1270 2069 1496 2107 accensa
1542 2055 1861 2109 defectionis
1901 2063 2040 2119 erat,

470 2151 616 2195 tuelu
651 2153 1049 2211 represserunt,
1098 2155 1151 2197 et
1196 2145 1260 2197 ad
1306 2147 1573 2198 saniorem
1613 2156 1847 2199 mentem
1888 2162 2042 2200 revo-

469 2242 685 2286 carunt.
736 2233 804 2285 At
834 2248 960 2286 vero
989 2234 1039 2286 in
1092 2234 1274 2288 Sicilia
1306 2238 1502 2288 malum
1542 2237 1593 2289 itt
1636 2240 1750 2293 dies
1799 2238 2046 2308 ingrave-

470 2324 678 2386 scebat,
708 2337 827 2376 cum
861 2334 917 2377 et
959 2324 1121 2377 urbes
1172 2342 1275 2377 una
1308 2341 1429 2379 cum
1466 2328 1597 2394 ipsis
1634 2328 1846 2382 civibus
1886 2342 2047 2397 cape-

473 2424 683 2478 rentur,
732 2426 786 2468 et
825 2414 975 2468 multi
1013 2417 1286 2471 exercitus
1342 2434 1369 2469 a
1420 2420 1786 2474 defectoribus
1832 2420 2048 2474 desere-

472 2515 682 2561 rentur.
738 2504 841 2559 Sed
885 2508 1098 2560 tandem
1150 2508 1383 2561 Rutilius
1441 2526 1697 2564 romanus
1750 2512 2048 2581 imperator

470 2594 888 2649 Tauromenium
937 2597 1069 2666 ipsis
1117 2600 1475 2666 recuperavit,
1539 2610 1821 2670 postquam
1882 2605 2046 2659 velte-

472 2684 807 2738 mentissime
840 2685 967 2738 illud
997 2698 1365 2756 Oppugnasset
1397 2729 1412 2755 ,
1442 2698 1495 2741 ct
1529 2690 1829 2746 defectores
1863 2695 1951 2761 qui
1994 2694 2045 2748 in

470 2789 536 2828 eo
561 2784 716 2829 erant
742 2778 807 2828 ad
838 2790 1078 2829 suunnas
1108 2780 1385 2847 angustias
1432 2780 1753 2849 redegisset,
1792 2790 1953 2851 atque
1979 2784 2046 2836 ad

477 2877 584 2919 tam
646 2882 827 2921 acrem
883 2867 1080 2922 famem
1133 2872 1506 2939 compulisset,
1542 2882 1598 2925 ut
1627 2889 1745 2925 cum
1779 2876 1952 2942 primo
1985 2875 2049 2927 li-

474 2959 727 3012 berorum
756 2974 977 3012 suorum
1013 2964 1335 3028 corporibus
1368 2964 1510 3018 vesci
1548 2966 1862 3033 C(Ppissettl,
1901 2982 2044 3029 mox,

2125 611 2309 648 κοντα.
2348 592 2511 664 [1169
2538 588 2631 661 IL]
2668 588 2781 642 Καὶ
2799 587 2935 657 μετά
2970 584 3139 656 βραχὺ
3166 586 3231 638 ἐκ
3259 582 3480 652 Ῥώμης
3506 582 3696 650 ⁴ῐιιιοντι

2126 683 2416 756 στρατηγῷ
2470 681 2685 747 Λευκίῳ
2733 678 2962 748 Ὑψαίῳ,
3021 677 3197 746 ἔχοντι
3253 672 3595 744 στρατιώτας
3632 672 3699 723 ἐκ

2126 777 2373 840 Σικελίας
2397 772 2856 842 ὀκτακισχιλίους,
2906 770 2985 832 εἰς
3035 768 3271 838 πόλεμον
3319 765 3702 826 καταστάντες

2126 872 2177 925 oi.
2227 867 2531 923 ἀποστάται
2596 865 2887 933 ἐνίκησαν,
2942 860 3146 930 πλῆθος
3197 859 3347 922 ὅντες
3394 854 3700 926 δισμύριοι.

2128 961 2262 1019 Μετ’
2288 961 2350 1015 οὐ
2372 959 2506 1013 πολὺ
2538 957 2595 1011 δέ
2628 954 2945 1026 ἀθροίζεται
2993 952 3057 1006 τδ
3101 951 3357 1022 σύστημα
3400 949 3583 1002 αὐτῶν
3620 948 3703 1011 είς

2132 1051 2398 1125 μυριάδας
2447 1048 2642 1111 εἰκοσι,
2691 1046 2787 1098 καὶ
2808 1044 3025 1106 πολλοῖς
3061 1045 3175 1104 τοῖς
3210 1042 3349 1112 πρὸς
3391 1040 3707 1109 Ῥωμαίους

2132 1145 2391 1214 πολέμοις
2412 1138 2929 1207 ἐνευδοκιμήσαντος
2985 1136 3204 1188 ἔλαττον
3247 1134 3402 1187 αὐτοὶ
3456 1131 3707 1183 Emam.

2132 1230 2207 1290 Οὗ
2236 1233 2612 1303 διαϐοηθέντος
2642 1228 2784 1281 κατά
2813 1244 2873 1280 τε
2917 1225 3134 1295 Ῥώμην
3171 1223 3371 1277 δούλων
3399 1223 3710 1281 ἀπόστασις

2133 1324 2327 1378 ἑκατὸν
2382 1323 2720 1389 πεντήκοντα
2785 1317 3195 1387 συνομοσάντων
3241 1316 3518 1382 ἀνήπτετο
3544 1352 3561 1375 ,
3616 1311 3710 1363 καὶ

2135 1417 2275 1470 κατά
2291 1416 2387 1485 τὴν
2426 1413 2680 1480 Ἀττικὴν
2732 1410 2871 1479 ὑπὲρ
2898 1410 3104 1478 χιλίων,
3161 1408 3217 1459 ἐν
3251 1424 3312 1459 τε
3346 1407 3388 1437 ⁸³
3422 1406 3584 1473 Δήλῳ
3620 1404 3712 1455 καὶ

2136 1510 2257 1563 κατ’
2294 1506 2486 1568 ἀλλους
2524 1504 2751 1565 πολλοὺς
2775 1503 2972 1563 τόπους
2993 1518 3004 1529 ·
3039 1499 3133 1562 οὓς
3161 1500 3313 1568 τάχει
3344 1516 3404 1550 τε
3441 1498 3545 1565 τῆς
3580 1495 3711 1565 βοη·

2138 1600 2286 1663 θείας
2312 1600 2405 1651 καὶ
2436 1596 2562 1669 [650
2714 1597 2780 1664 τῇ
2809 1593 3015 1663 σφοδρᾷ
3064 1592 3280 1645 κολάσει
3307 1591 3406 1655 τῆς
3436 1588 3711 1656 τιμωρίας

2138 1696 2186 1747 οἱ
2228 1693 2347 1747 καθ’
2371 1693 2597 1744 ἕκαστον
2626 1687 2952 1756 ἐπιμεληταὶ
2971 1686 3077 1737 τῶν
3104 1683 3297 1737 κοινῶν
3342 1683 3541 1735 θᾶττον
3569 1682 3712 1751 ἠφά-

2140 1803 2314 1850 νισαν,
2350 1782 2780 1852 σωφρονίσαντες
2808 1779 2903 1831 καὶ
2924 1778 2985 1830 τὸ
3010 1777 3158 1837 ἄλλο,
3192 1777 3315 1828 ὅσον
3346 1770 3417 1843 ἦν
3451 1774 3547 1826 ἐπὶ
3574 1775 3711 1825 ἀπο-

2145 1878 2330 1930 στάσει
2360 1875 2651 1945 μετέωρον.
2679 1871 2834 1924 Κατὰ
2851 1870 2907 1923 δὲ
2930 1869 3179 1922 Σικελίαν
3207 1868 3401 1937 ηὔξετο
3428 1866 3487 1918 τ’)
3518 1866 3711 1931 κακὸν,

2142 1970 2237 2023 καὶ
2275 1968 2456 2029 πόλεις
2492 1965 2773 2033 ἡλίσκοντο
2804 1960 3111 2029 αὔτανδροι,
3150 1961 3242 2012 καὶ
3280 1958 3451 2013 πολλὰ
3488 1958 3714 2025 στρατό-

2143 2060 2280 2113 πεδα
2318 2057 2421 2110 ὑπὸ
2446 2056 2553 2109 τῶν
2580 2053 2899 2108 ἀποστατῶν
2948 2052 3351 2115 κατεκόπησαν,
3408 2050 3518 2111 ἕως
3565 2048 3715 2100 Ῥου-

2144 2151 2311 2213 τίλιος
2348 2149 2446 2201 ¹³ὁ
2471 2149 2513 2180 ¹⁵
2552 2147 2835 2217 Ῥωμαίων
2888 2144 3187 2216 στρατηγὸς
3240 2143 3299 2194 τὸ
3342 2138 3713 2210 Ταυρομένιον

2145 2240 2456 2297 ἀνεσώσατο
2488 2238 2777 2309 Ῥωμαίοις
2802 2237 2869 2302 ¹⁶,
2896 2234 3176 2307 καρτερῶς
3209 2235 3305 2304 μὲν
3333 2233 3468 2286 αὐτὸ
3503 2231 3713 2301 πολιορ-

2145 2335 2340 2405 κήσας,
2366 2335 2462 2387 καὶ
2491 2334 2571 2395 εἰς
2599 2333 2804 2400 ἄφατον
2854 2331 3099 2396 ἀνάγκην
3136 2328 3228 2380 καὶ
3254 2326 3410 2395 λιμὸν
3432 2326 3562 2387 τοὺς
3590 2324 3716 2376 ἀπο-

2148 2427 2347 2487 στάτας
2369 2423 2716 2493 συγκλείσας,
2745 2421 2883 2475 ὥστε
2929 2419 3267 2490 ἀρξαμένους
3300 2420 3365 2470 ἐκ
3394 2417 3608 2469 παίδων
3638 2415 3717 2483 βο-

2150 2519 2249 2590 ρᾶς
2312 2517 2409 2570 καὶ
2455 2516 2762 2578 διελθόντας
2813 2514 2901 2566 διὰ
2929 2511 3203 2579 γυναικῶν
3235 2511 3369 2579 μηδὲ
3410 2510 3511 2577 τῆς
3539 2505 3717 2559 αὐτῶν

2148 2609 2543 2679 ἀλληλοφογίας
2575 2607 2695 2676 μηδ’
2744 2606 2879 2667 ὅλως
2927 2602 3247 2671 φείσασθαι·
3294 2603 3383 2653 ὅτε
3420 2601 3464 2632 ’⁸
3498 2601 3591 2651 καὶ
3618 2600 3718 2651 Ko-

2152 2700 2319 2771 μανδν
2351 2701 2394 2732 ¹⁶
2422 2700 2514 2751 τὸν
2545 2698 2773 2766 ἀδελφὸν
2810 2696 3056 2757 Κλέωνος
3088 2693 3353 2762 φεύγοντα
3381 2692 3482 2760 τῆς
3507 2691 3720 2758 πολιορ-

2148 2792 2420 2862 κουμένης
2451 2790 2656 2853 πόλεως
2677 2784 2811 2842 εἷλε.
2848 2788 2957 2841 Kal.
2994 2789 3054 2840 τὺ
3073 2786 3398 2848 τελευταῖον,
3432 2781 3720 2851 Σαραπίω-

2149 2900 2238 2945 νος
2258 2882 2431 2953 Σὺρου
2491 2882 2589 2950 τὴν
2614 2882 2790 2949 ἄκραν
2825 2878 3131 2949 προδόντος,
3166 2876 3497 2944 συμπάντων
3530 2872 3642 2924 τῶν
3669 2873 3721 2923 ἐν

2148 2978 2215 3044 τῇ
2244 2975 2395 3026 πόλει
2416 2971 2703 3042 δραπετῶν
2729 2973 2757 3022 ό
2803 2969 3108 3039 στρατηγὸς
3131 2965 3448 3035 ἐκυρίευσεν
3472 2980 3489 2993 ο
3519 2962 3617 3024 οὒς
3638 2962 3725 3015 καὶ

474 3049 542 3101 ad
578 3064 810 3102 uxorum
868 3065 1095 3117 corpora
1128 3066 1188 3105 se
1222 3056 1640 3119 convertissem,
1674 3067 1949 3124 postremo
1984 3072 2047 3110 nc

2157 3066 2392 3134 αίκισάμ
2407 3080 2523 3126 ενος
2555 3061 3012 3131 κατεκρήμνισεν.
3032 3056 3266 3111 Ἐκεῖθεν
3292 3055 3384 3107 ἐπὶ
3412 3056 3513 3125 τὴν
3533 3055 3725 3107 Ἔνναν

475 3140 577 3194 sibi
606 3142 822 3209 quidem
852 3142 1083 3198 invicem
1136 3155 1440 3213 parcerent,
1474 3148 1569 3200 sed
1604 3148 1692 3199 alii
1722 3148 1856 3201 alios
1887 3163 2046 3203 vora—

2150 3155 2319 3209 ἐλθὼν
2344 3152 2738 3224 παραπλησίως
2758 3151 3089 3221 ἐπολιόρκει,
3119 3149 3197 3209 εἰς
3213 3146 3451 3214 ἐσχάτην
3484 3145 3725 3211 ἀνάγκην

477 3242 617 3285 rent.
676 3232 876 3286 Eodem
935 3244 1175 3302 tempore
1224 3237 1520 3292 Comanum
1559 3239 1775 3295 Cleonis
1828 3241 2047 3296 fratrem

2155 3245 2454 3315 συγιὸείων
2488 3244 2585 3307 τὰς
2614 3241 2721 3295 τῶν
2750 3237 3074 3295 ἀποστατῶν
3104 3234 3345 3297 ἐλπίδας.
3376 3232 3492 3286 Kal.
3506 3232 3725 3285 Κλέωνα

476 3340 541 3378 ex
573 3326 705 3380 urbe
738 3329 861 3379 dum
916 3328 1281 3395 obsideretur,
1340 3329 1633 3401 fugientem
1672 3334 1833 3402 cepit,
1887 3344 1941 3388 et
1986 3335 2047 3389 ad

2152 3340 2242 3393 τὸν
2267 3337 2592 3407 στρατηγὸν,
2649 3334 2933 3401 ἐξελθόντα
2967 3332 3067 3400 τῆς
3096 3329 3299 3389 πόλεως
3330 3326 3429 3378 καὶ
3478 3324 3726 3395 ήρωῐκῶς

476 3424 779 3471 extremum
817 3434 943 3473 arce
990 3436 1019 3475 a
1066 3420 1367 3491 Sarapione
1408 3423 1547 3494 Syro
1591 3425 1831 3494 prodita,
1887 3437 2047 3495 quot-

2154 3430 2569 3499 ἀγωνισάμενον
2629 3425 2744 3496 μετ’
2787 3423 2983 3491 ὀλίγων
3017 3421 3061 3452 ”
3090 3422 3193 3473 ὑπὸ
3240 3420 3347 3473 τῶν
3398 3416 3726 3489 τραυμάτων

478 3522 611 3580 quot
639 3512 691 3566 in
737 3513 874 3567 urbe
901 3512 1115 3583 fugitivi
1151 3526 1331 3581 erant,
1376 3518 1429 3571 in
1463 3527 1786 3587 potestatem
1823 3519 2047 3588 impera-

2153 3521 2333 3588 δείξας
2360 3518 2573 3590 νεκρὸν,
2611 3512 2725 3570 εἷλε
2760 3516 2857 3569 καὶ
2899 3512 3105 3582 ταύτην
3132 3510 3394 3581 προδοσίᾳ
3420 3508 3522 3579 τὴν
3551 3508 3721 3567 πῇλιν,

482 3603 617 3657 toris
686 3616 982 3669 venerunt,
1018 3621 1157 3675 quos
1216 3608 1381 3662 etiam
1439 3610 1779 3665 cruciatibus
1828 3610 2047 3665 affectos

2155 3615 2279 3668 ἐπεὶ
2315 3613 2423 3666 οὐδ’
2471 3611 2514 3643 ⁸⁸
2560 3605 2628 3681 ἦν
2676 3606 2950 3677 ἁλώσιμος
3009 3605 3099 3658 διά
3156 3603 3255 3673 τὴν
3301 3603 3611 3671 ὀχυρότητα
3643 3596 3727 3666 βία

480 3698 858 3765 praecipitavit.
912 3699 1039 3752 lnde
1095 3701 1303 3754 Euuam
1340 3703 1612 3770 profectus
1662 3704 1892 3757 similem
1940 3705 2058 3774 ejus

480 3789 814 3843 obsidionem
892 3790 1223 3860 aggreditur,
1291 3792 1598 3848 defectores
1659 3796 1724 3847 ad
1784 3810 2051 3849 summam

484 3882 920 3949 desperationem
979 3884 1219 3952 adigeus.
1266 3883 1512 3953 Cumque
1536 3884 1792 3940 Cleonem
1828 3887 2061 3955 impera-

487 3982 656 4027 torem
705 3974 836 4027 ttrbe
887 3990 1189 4044 egressura,
1254 3990 1317 4030 ac
1364 3977 1581 4031 beroica
1643 3977 1871 4045 quadam
1910 3978 2063 4030 furti-

486 4065 669 4120 tudinc
691 4066 994 4135 praeliatum
1024 4068 1337 4124 vulneribus
1379 4084 1506 4123 mox
1535 4069 1887 4134 confodisset,
1923 4071 2061 4124 hanc

488 4172 700 4226 quoque
756 4160 943 4212 urbem
992 4160 1156 4228 cepit,
1222 4152 1385 4229 idque
1426 4162 1755 4231 proditione.
1814 4163 1884 4215 Ita
1918 4162 2062 4214 enim

489 4261 609 4300 eam
651 4248 784 4301 situs
814 4249 931 4316 ipse
982 4250 1243 4303 munitam
1278 4252 1555 4314 reddebat,
1587 4261 1643 4304 ιιι
1674 4252 1721 4305 vi
1765 4251 2062 4324 expugnari

491 4339 638 4393 nullo
667 4340 824 4393 modo
859 4349 1057 4407 posset.
1092 4340 1276 4395 Ettnus
1302 4354 1479 4396 autem
1507 4343 1800 4410 assumptis
1838 4359 2065 4398 sexcen-

488 4430 581 4494 tis,
630 4430 695 4483 ad
736 4431 847 4483 loca
902 4433 1148 4501 quietiam
1203 4446 1494 4505 prmrupta,
1550 4446 1605 4488 ut
1641 4446 1756 4489 erat
1813 4437 2060 4504 ignavus,

2158 3705 2363 3778 χειρός.
2412 3704 2470 3756 Ὀ
2494 3703 2552 3755 δὲ
2587 3703 2629 3734 "
2666 3699 2872 3761 Εὕνους
2916 3695 3198 3751 ἀναλαϐὼν
3252 3694 3376 3755 τοὺς
3410 3689 3726 3761 σωματοςύ-

2158 3797 2351 3859 λακας,
2373 3794 2534 3855 ὄντας
2570 3791 2776 3862 χιλίους
2798 3790 2868 3853 ὀ,
2896 3787 3093 3857 ἔφυγεν
3119 3788 3163 3816 ἰ
3182 3783 3458 3852 ἀνάνδρως
3487 3780 3568 3842 είς
3588 3795 3725 3839 τινας

2163 3884 2600 3957 παρακρήμνους
2647 3881 2869 3943 τόπους.
2911 3877 3049 3931 Ἀλλ’
3082 3877 3130 3929 oi
3166 3876 3263 3945 μὲν
3295 3876 3390 3926 σὺν
3420 3871 3574 3941 αὐτῷ
3598 3870 3725 3936 de»-

2163 3994 2290 4030 κτον
2315 3974 2377 4028 τὸ
2396 3974 2526 4044 περὶ
2558 3973 2752 4035 αὐτοὺς
2777 3969 2946 4023 δεινὸν
2975 3968 3323 4036 ἐπιστάμενοι
3352 3963 3476 4033 (ἤδη
3502 3965 3614 4031 γάρ
3642 3961 3726 4013 καὶ

2162 4069 2191 4121 ό
2226 4065 2528 4137 στρατηγὸς
2564 4062 2857 4125 Ῥουτίλιος
2917 4060 3002 4113 ἐπ’
3049 4058 3245 4120 αὐτοὺς
3276 4053 3528 4125 ἤλαυνεν)
3572 4052 3726 4120 ἀλλή-

2163 4159 2289 4221 λους
2310 4160 2423 4221 τοῖς
2468 4156 2677 4223 ξίφεσιν
2712 4151 2941 4221 ἔσφαζον
2970 4152 3014 4184 ⁸³
3036 4149 3502 4218 ἀπαυχενίσαντας
3525 4145 3573 4176 ’³
3592 4161 3605 4173 ·
3634 4146 3661 4196 ό
3677 4144 3728 4195 δέ

2164 4249 2419 4321 τερατίας
2451 4247 2655 4310 Εὔνους
2676 4248 2771 4299 καὶ
2799 4243 3075 4314 βασιλεὺς,
3129 4237 3461 4307 καταφυγὼν
3490 4235 3578 4288 διὰ
3624 4235 3727 4287 δει-

2165 4341 2288 4394 λίαν
2345 4339 2400 4391 ἒν
2457 4355 2566 4391 τισι
2623 4337 2891 4397 κοιλάσιν,
2945 4331 3263 4401 ἐξειλκύσθη
3307 4330 3421 4399 ἅμα
3442 4329 3727 4398 τεττάρων,

2172 4431 2439 4504 μαγείρου
2476 4430 2572 4483 καὶ
2598 4426 2890 4498 ἀρτοποιοῦ
2921 4426 3015 4479 καὶ
3043 4423 3136 4477 τοῦ
3181 4421 3460 4492 τρίϐοντος
3491 4418 3650 4472 αὑτὸν
3678 4419 3731 4468 ἐν

490 4517 612 4587 fuga
667 4533 724 4573 se
775 4521 1001 4589 recepit.
1052 4521 1158 4576 Sed
1207 4523 1299 4591 qui
1355 4539 1475 4576 cum
1518 4539 1583 4577 eo
1624 4534 1802 4590 erant,
1836 4526 2047 4579 exitium

2166 4527 2245 4597 τῷ
2272 4524 2484 4594 λουτρῷ
2530 4523 2577 4554 ³⁵
2630 4522 2724 4576 καὶ
2774 4520 3036 4587 τετάρτου
3080 4516 3171 4569 τοῦ
3213 4514 3364 4585 παρά
3394 4512 3517 4574 τοὺς
3543 4511 3731 4571 πότους

491 4610 592 4665 sibi
638 4612 951 4667 inevitabile
997 4614 1304 4683 impendere
1347 4616 1583 4669 scientes
1614 4615 1741 4687 (jam
1781 4618 1925 4671 enim
1955 4617 2068 4670 Ru-

494 4700 643 4755 tilius
681 4701 976 4770 imperator
1000 4705 1064 4755 ad
1096 4718 1191 4758 eos
1223 4718 1387 4757 cursu
1421 4706 1831 4775 contendebat),
1865 4716 1922 4759 ιιι
1956 4721 2071 4759 ma-

492 4808 596 4847 nus
632 4795 864 4849 hosﬁum
916 4798 1297 4863 prmvenireut,
1332 4798 1433 4851 sibi
1482 4809 1670 4853 mutuo
1698 4799 1942 4852 cervices
1972 4799 2069 4851 ab-

494 4886 830 4940 scindebant.
886 4889 955 4941 At
980 4889 1181 4952 Eunus,
1226 4890 1585 4959 praestigiator
1619 4891 1824 4959 pariter
1865 4899 1919 4943 et
1951 4906 2065 4957 rex,

494 4993 617 5031 cum
647 4994 759 5047 prze
790 4980 1079 5033 timiditate
1114 4982 1164 5033 in
1191 4982 1450 5048 quasdam
1478 4983 1763 5049 speluncas
1792 4983 2069 5052 confugis-

495 5078 598 5132 set,
641 5083 745 5121 una
790 5084 912 5121 cum
949 5080 1181 5137 quatuor
1220 5084 1283 5123 ex
1338 5071 1450 5124 suis
1484 5072 1606 5125 inde
1654 5081 1929 5125 extractus
1965 5082 2069 5136 est,

496 5174 697 5226 coquo,
732 5159 959 5226 pistore,
1015 5158 1211 5229 386!)
1245 5169 1301 5213 et
1331 5175 1396 5213 eo
1425 5162 1579 5230 cuius
1610 5177 1766 5213 manu
1796 5162 1845 5214 in
1880 5162 2070 5215 balneo

496 5250 819 5314 fricabatur,
854 5262 1049 5319 quarto
1084 5261 1262 5327 autem
1299 5267 1383 5311 eo,
1410 5253 1499 5320 qtti
1529 5253 1672 5305 inter
1706 5255 1894 5320 epulas
1918 5252 2068 5308 oblc-

498 5353 773 5395 ctameuta
807 5342 856 5395 ei
896 5342 1174 5397 afferebat.
1215 5341 1263 5396 Is
1293 5352 1569 5396 extractus
1596 5343 1743 5407 inde,
1764 5353 1820 5397 et
1854 5345 1906 5397 iu
1938 5359 2061 5396 car—

2167 4616 2422 4679 είωθότος
2465 4614 2818 4684 ψυχαγωγεῖν
2874 4608 3056 4663 αὐτόν.
3109 4606 3220 4659 Kal.
3276 4602 3604 4673 παραδοθεὶς
3659 4601 3731 4660 είς

2168 4708 2438 4778 φυλακὴν,
2478 4706 2575 4759 καὶ
2624 4703 2718 4757 τοῦ
2787 4702 3037 4770 σώματος
3091 4695 3254 4751 αὐτοῦ
3293 4693 3631 4751 διαλυθέντος
3660 4690 3729 4750 εἰς

2168 4799 2408 4870 φθειρῶν
2441 4796 2666 4867 πλῆθος,
2693 4793 2910 4855 οἰκείως
2926 4791 3024 4860 τῆς
3047 4791 3172 4860 περὶ
3200 4786 3360 4840 αὐτὸν
3392 4782 3727 4855 ῥᾳδιουργὶας

2171 4888 2504 4959 κατέστρεψε
2559 4888 2651 4941 τὸν
2702 4886 2815 4957 βίον
2855 4886 2912 4937 ἐν
2944 4887 3008 4953 τῇ
3046 4878 3410 4951 Μοργαντίνῃ.
3466 4873 3724 4927 Ἐντεῦθεν

2185 4981 2477 5042 Ῥουτίλιος
2508 4981 2814 5048 ἐπιτρέχων
2835 4975 2961 5045 ὃλην
2985 4974 3081 5042 τὴν
3111 4971 3355 5024 Σικελίαν
3383 4970 3501 5038 ἃμα
3524 4967 3726 5031 λογάσιν

2171 5073 2391 5140 ὀλίγοις,
2430 5070 2623 5124 θᾶττον
2645 5070 2789 5141 ἤπερ
2818 5083 2902 5129 τις
2939 5065 3133 5117 ἤλπισε
3166 5062 3368 5123 παντὸς
3392 5059 3563 5127 αὐτὴν
3585 5057 3727 5124 ἠλευ-

2176 5166 2383 5237 θέρωσε
2449 5161 2770 5233 λῃστηρίου.
2814 5158 2940 5210 ’Ότι
3003 5158 3031 5209 ό
3077 5154 3183 5207 τῶν
3240 5149 3563 5206 ἀποστατῶν
3589 5147 3730 5237 βασ-ι-

2174 5234 2298 5318 λεῖος
2321 5253 2525 5315 Εὔνους
2576 5249 2768 5303 ἑαυτὸν
2805 5248 2902 5317 μὲν
2956 5245 3241 5315 Ἀντίοχον,
3272 5242 3477 5310 Σύρους
3523 5238 3577 5289 δὲ
3635 5234 3733 5286 τῶν

2170 5342 2491 5400 ἀποστατῶν
2514 5343 2575 5395 τὸ
2606 5341 2809 5410 πλῆθος
2830 5338 3196 5408 ἐπωνόμασεν.

497 5449 675 5491 cerem
753 5432 1043 5502 coniectus,
1097 5432 1148 5486 in
1195 5446 1440 5501 magnam
1493 5432 1862 5502 pediculormn
1936 5435 2042 5489 vim
2106 5435 2339 5489 resoluto
2383 5445 2656 5502 corpore,
2701 5430 2843 5499 apud
2895 5426 3286 5496 Morgantiuam
3342 5421 3557 5490 dignum
3630 5413 3735 5470 suis

1781 5553 2014 5609 νΑΙῖΙᾹΞ
2051 5550 2450 5608 LECTIONES.

570 5678 611 5709 “
644 5693 701 5729 τε
750 5676 866 5731 add.
908 5678 975 5735 Α.
1050 5677 1091 5708 ¹²
1122 5674 1352 5746 ροτίλιος
1377 5677 1443 5735 Α,
1475 5673 1901 5746 thodnmannus
1946 5671 2269 5746 ’Βουπίλιοᾳ

505 5746 751 5801 Amstcl.:
784 5748 865 5799 ὅτι
903 5732 973 5813 ςξ
1044 5748 1088 5778 ⁸⁸
1122 5732 1379 5815 ’κωμανδν
1423 5732 1487 5799 Λ.
1564 5746 1604 5775 ¹⁷
1634 5743 1829 5815 ὀλίγων
1854 5744 2143 5815 Αιόλίγον
2168 5732 2240 5807 ς.
2308 5741 2352 5815 ’ξ
2375 5736 2749 5815 οὐδ’]ῄμήδξᾼ.
2797 5732 2870 5815 ,η
2899 5734 2955 5786 δὲ
2984 5732 3108 5815 add.
3143 5732 3210 5784 A.

2349 5671 2394 5701 "
2423 5669 2451 5720 ὁ
2479 5683 2588 5721 om.
2621 5669 2686 5719 A.
2759 5666 2803 5698 “
2839 5663 3099 5733 ρωμαίοις
3131 5659 3522 5733 ἀνεσώσατολῇ
3582 5658 3732 5733 “7635

3319 5731 3365 5761 ²⁶
3393 5729 3587 5800 χιλίους
3615 5732 3655 5800 ᾖ

508 5795 963 5880 ἱξᾶὲᾶςὲἱὸυῖέε
1050 5818 1093 5849 ιι
1127 5795 1369 5886 assist
1571 5815 1614 5844 ²²
1646 5795 1906 5881 ἒςῷαζον]
1933 5795 2278 5884 ἕφθοίζονίγρ.
2318 5810 2382 5866 Β.
2471 5795 2549 5890 ,³⁸⁵
2574 5795 2755 5864 malim
2786 5801 3269 5875 ἀπαυγενίσαντες.
3369 5795 3425 5833 ’δ’
3454 5796 3648 5866 λοετρῷ
3678 5795 3731 5846 Β.

2448 5889 2479 5903 ..ε
3313 5892 3371 5906 ψ

2454 5911 2517 5929 .“⁴
3052 5910 3095 5922 0‘
