3924 6412
164 344 300 417 1413

167 453 454 527 temerariis
501 454 647 511 ausis
729 465 916 511 nactus
960 465 1041 510 est
1093 454 1217 509 vitae
1263 456 1490 512 exitum.

1226 340 1750 411 BIBLIOTHECA.
1772 375 1839 386 —
1868 353 2033 415 COD.
2057 354 2339 416 CCXLIV-

3275 361 3414 433 14M

1577 460 1763 515 Postea
1820 478 1950 518 vero
2012 465 2266 530 Rutilius,
2305 475 2414 520 tota
2448 465 2629 523 Sicilia
2668 485 2790 526 cum
2819 487 2981 541 parva
3013 489 3182 543 eaque
3214 479 3412 536 selecta

165 565 316 609 manu
345 547 570 603 celerius
595 548 833 602 omnium
859 564 952 616 spe
979 559 1278 618 peragrata,
1344 567 1373 603 a
1435 551 1776 620 praedonibus
1805 570 1925 610 eam
1947 557 2170 612 omnino
2205 556 2470 613 liberavit.

756 641 860 696 Ἐκ
883 641 990 695 τοῦ
1025 643 1146 704 λς’.

231 737 348 789 Ὀτι
378 732 486 787 ὑπὸ
503 733 629 797 τοὺς
655 735 853 798 αὐτοὺς
881 733 1107 806 χρόνους
1157 736 1215 789 ἐν
1253 733 1460 808 Ῥώμῃ,
1489 736 1616 794 καθ’
1634 737 1732 804 οὖς

160 829 367 898 Μάριος
396 825 496 894 μὲν
521 825 649 887 τοὺς
674 824 817 879 κατὰ
851 825 1062 896 Λιϐύην
1109 825 1347 894 βασιλεῖς
1404 827 1609 899 Βόκχον
1635 829 1730 884 καὶ

172 914 501 984 Ἰουγούρθαν
548 915 965 984 κατεπολέμησε
1016 915 1229 988 μεγάλῃ
1279 919 1604 986 παρατάξει,
1629 920 1728 974 καὶ⁵

160 1003 354 1065 πολλάς
425 1002 524 1072 μὲν
570 1003 679 1055 τῶν
738 1002 952 1056 Λιϐύων
1000 1004 1263 1073 μυριάδας
1309 1006 1541 1072 ἀνεῖλεν,
1575 1005 1731 1060 ὕστε-

159 1113 246 1166 ρον
283 1095 338 1147 δὲ
403 1095 565 1147 αὐτὸν
602 1095 913 1165 Ἰογούρθαν
943 1098 987 1130 ³⁵
1030 1096 1405 1166 συλληφθέντα
1437 1097 1602 1169 [11Ἱὲ
1632 1097 1727 1170 IL]

159 1185 256 1239 ὑπὸ
285 1183 512 1253 Βόκχου,
541 1183 681 1236 ὥστε
704 1187 886 1254 τυχεῖν
909 1185 1235 1256 συγγνώμης,
1262 1189 1412 1258 παρά
1439 1189 1728 1258 Ῥωμαίων

158 1276 289 1344 ὑπὲρ
319 1268 395 1327 ὦν
425 1276 604 1338 αὐτοῖς
640 1277 875 1348 κατέστη
912 1278 1047 1346 πρὸς
1082 1278 1340 1348 πόλεμον,
1371 1278 1549 1333 λαϐὼν
1582 1283 1724 1334 ἐκεῖ-

155 1371 242 1422 θεν
264 1368 609 1436 αἰχμάλωτον
660 1363 794 1438 εἶχε,
856 1369 1132 1437 μεγίστοις
1166 1371 1223 1421 δὲ
1275 1371 1578 1440 πταίσμασι
1617 1376 1728 1436 τοῖς

153 1461 292 1514 κατὰ
347 1460 614 1512 Γαλατίαν
663 1462 771 1513 τῶν
826 1462 1092 1528 Κίμϐρων
1161 1461 1542 1530 πολεμούντων
1594 1464 1728 1518 Ῥω·

157 1555 299 1622 μαῖοι
367 1551 484 1622 [651
543 1551 632 1622 ll.]
681 1553 1069 1622 περιπεσόντες
1127 1552 1564 1622 ἡθύμουν,κατὰ
1599 1557 1728 1618 τοὺς

154 1644 341 1706 αὐτοὺς
365 1644 588 1712 χρόνους
650 1639 784 1714 ἧκόν
807 1661 952 1706 τινες
985 1643 1091 1696 ἀπὸ
1123 1644 1370 1707 Σικελίας
1411 1647 1709 1698 ἀπόστασιν

132 1733 508 1802 ’ἀγγέλλοντες
559 1733 788 1788 οἰκετῶν
843 1735 922 1796 εἰς
957 1733 1156 1797 πολλὰς
1188 1732 1604 1804 ἀριθμουμένων
1635 1752 1730 1803 μυ-

153 1826 354 1894 ριάδας.
401 1819 476 1878 Οὖ
507 1823 1005 1896 προσαγγελθέντος
1032 1825 1089 1875 ἐν
1123 1824 1288 1895 πολλῇ
1314 1825 1634 1894 περιστάσει
1665 1825 1725 1879 τὸ

160 1917 462 1986 Ῥωμαϊκὸν
495 1919 637 1969 ἅπαν
672 1915 1025 1982 συνεχόμενον
1082 1915 1330 1982 διετέλει,
1361 1916 1435 1978 ὡς
1480 1916 1546 1968 ἂν
1573 1933 1727 1986 στρα-

1752 650 1802 709 Δ

2361 648 2447 704 Ea:
2488 650 2625 706 libro
2657 667 2868 710 xxxvn.

1904 740 2106 799 Eodem
2161 751 2406 813 tempore
2451 760 2562 816 quo
2597 746 2798 804 Marius
2850 749 3050 807 Africa:
3083 767 3240 823 reges
3271 753 3411 810 Boe-

1833 835 1995 890 cltum
2023 845 2079 891 et
2111 833 2428 906 Iugurtham
2460 853 2658 909 magno
2697 841 2884 910 praelio
2929 845 3316 910 debellaverat,
3356 857 3413 903 et

1832 925 2088 980 Afrorum
2156 926 2368 980 intinita
2425 943 2591 998 prope
2648 932 2814 986 millia
2876 935 3172 1000 occiderat,
3232 939 3407 1005 ipsum

1835 1016 2030 1071 deinde
2065 1015 2383 1087 Jugurtliam
2421 1019 2490 1089 (ει
2521 1019 2732 1079 Boccho
2779 1027 3251 1092 comprehensum,
3301 1030 3406 1084 sibi

1835 1117 2147 1175 susceptura
2211 1110 2469 1166 adversus
2513 1115 2707 1168 bellum
2761 1117 3059 1170 condonari
3115 1121 3406 1192 cupiente)

1835 1197 2104 1267 Captivum
2132 1200 2451 1267 abduxerat,
2483 1219 2590 1274 quo
2619 1207 2744 1258 item
2783 1206 3009 1261 Romani
3037 1225 3231 1278 graves
3265 1213 3406 1278 apud

1835 1287 2060 1342 Galliam
2100 1290 2150 1344 in
2195 1292 2468 1346 Cimbrico
2505 1295 2644 1348 bello
2685 1297 2867 1350 clades
2917 1315 3019 1350 non
3066 1302 3183 1354 sine
3213 1317 3408 1371 magno

1836 1379 2022 1434 dolore
2053 1396 2374 1450 acceperant
2419 1401 2434 1438 :
2478 1390 2692 1451 eodem,
2737 1391 2980 1458 inquam,
3015 1402 3255 1458 tempore
3291 1391 3400 1448 Ro-

1838 1482 1978 1520 mam
2027 1469 2359 1526 advenerunt
2391 1475 2608 1543 quidam
2657 1491 2689 1529 e
2718 1477 2922 1539 Sicilia,
2961 1478 3188 1545 plurima
3231 1493 3408 1534 servo-

1837 1574 1954 1615 rum
2001 1563 2167 1616 millia
2196 1565 2466 1622 defecisse
2500 1570 2826 1623 nuntiantes.
2873 1571 2988 1636 Quo
3015 1582 3236 1638 accepto
3265 1587 3406 1625 nun-

1834 1651 1931 1715 tio,
1979 1656 2204 1709 summis
2246 1658 2298 1709 in
2356 1660 2621 1727 angustiis
2667 1671 2809 1715 totus
2855 1662 3084 1728 populus
3130 1663 3404 1716 Ennianus

1835 1745 2041 1797 versari
2061 1747 2244 1815 cmpit,
2281 1758 2470 1816 utpote
2498 1751 2582 1802 cui
2608 1752 2834 1804 militum
2858 1753 3185 1806 delectorum
3205 1752 3404 1817 60,000

1836 1832 1888 1886 in
1919 1835 2060 1888 bello
2090 1838 2352 1891 adversus
2379 1839 2629 1894 Cimbros
2672 1844 2809 1911 apud
2843 1842 3071 1898 Galliam
3100 1845 3403 1898 occubuis--

1835 1932 1976 1986 sent,
2015 1939 2111 1978 nec
2156 1927 2222 1979 de
2268 1929 2478 1996 integro
2517 1945 2699 1998 parem
2743 1933 3041 1986 exercitum
3091 1935 3145 1987 in
3186 1934 3402 2002 expedi-

150 2010 350 2062 τιωτῶν
383 2009 687 2062 ἐπιλέκτων
725 2009 910 2077 σχεδον
942 2007 1349 2078 ἑξακισμυρίων
1381 2010 1438 2060 ἐν
1475 2007 1556 2076 τῷ
1589 2008 1724 2076 πρὸς

1833 2011 2028 2066 tionem
2061 2015 2291 2069 educere
2318 2029 2522 2086 posset.

151 2101 425 2170 Κίμϐρους
504 2100 644 2153 κατὰ
723 2099 989 2153 Γαλατίαν
1060 2099 1278 2169 πολέμῳ
1353 2097 1718 2166 διολωλότων,
1760 2103 1853 2154 καὶ
1880 2103 2103 2173 ἀπόρων
2143 2105 2311 2160 όντων
2375 2112 2456 2172 εἰς
2532 2111 2839 2183 ἀποστολὴν
2899 2113 3248 2184 στρατιωτῶν
3315 2114 3404 2168 λο-

148 2197 320 2265 γάδων
330 2234 342 2247 .

216 2315 329 2383 Πρὸ
353 2312 411 2365 δὲ
458 2311 556 2380 τῆς
612 2309 758 2364 κατά
781 2307 879 2378 τὴν
911 2307 958 2339 ’⁸
993 2307 1244 2361 Σικελίαν
1270 2305 1377 2359 τῶν
1397 2305 1602 2360 δούλων
1623 2306 1722 2359 ἐπ-

146 2405 496 2465 αναστάσεως
541 2402 793 2468 ἐγένοντο
844 2397 988 2452 κατά
1061 2399 1166 2466 τὴν
1229 2396 1456 2450 Ἰταλίαν
1508 2397 1725 2460 πλείους

145 2496 476 2555 ἀποστάσεις
525 2492 884 2562 ὀλιγοχρόνιοι
936 2489 1032 2542 καὶ
1073 2489 1286 2558 μικραὶ,
1332 2488 1585 2558 καθάπερ
1631 2487 1724 2542 τοῦ

144 2586 419 2655 δαιμονίου
481 2583 950 2655 προσημαίνοντος
997 2579 1058 2631 τὸ
1109 2578 1336 2648 μέγεθος
1387 2574 1486 2648 τ’ἧς
1530 2579 1726 2648 ἐσομέ-

145 2697 237 2747 νης
265 2679 313 2710 ³⁷
338 2677 484 2730 κατὰ
518 2675 617 2747 τὴν
639 2674 892 2728 Σικελίαν
926 2671 1370 2736 ἐπαναστάσεως,
1406 2671 1597 2743 πρώτη
1632 2671 1732 2741 μὲν

1896 2307 2164 2364 Caeterum
2206 2320 2329 2364 ante
2381 2310 2524 2366 hunc
2573 2311 2624 2365 in
2655 2312 2839 2366 Sicilia
2883 2312 3258 2366 rebellantium
3286 2328 3404 2368 ser-

1826 2413 2016 2454 vorum
2067 2402 2351 2455 tumultum
2384 2403 2519 2457 tales
2560 2413 2614 2456 et
2639 2403 2690 2456 in
2723 2403 2875 2456 Italia
2917 2404 3139 2459 excitati
3167 2405 3400 2472 fuerant,

1827 2494 1920 2546 sed
1949 2493 2098 2559 parvi
2123 2508 2186 2548 ac
2217 2494 2435 2548 minime
2462 2494 2702 2549 diuturni
2730 2511 2745 2549 :
2777 2496 2914 2548 velut
2948 2497 3201 2561 numine,
3236 2512 3399 2565 quam

1829 2593 1982 2636 atrox
2029 2582 2205 2637 futura
2256 2594 2401 2638 esset
2451 2585 2504 2638 in
2551 2585 2734 2640 Sicilia
2779 2587 3024 2653 rebellio,
3078 2587 3402 2656 praesigniﬁ-

1822 2683 2001 2725 cante.
2051 2673 2264 2727 Primus
2320 2683 2499 2728 autem
2553 2678 2692 2744 apud
2742 2675 3027 2730 Nuceriam
3086 2663 3398 2743 exs'titerat,

144 2772 176 2840 ὴ
233 2772 362 2840 περὶ
421 2767 750 2836 Νουκερίαν,
801 2765 1092 2836 τριάκοντα
1127 2763 1352 2817 οἰκετῶν
1387 2763 1724 2831 συνωμοσίαν

1832 2780 1942 2819 :um
2009 2765 2227 2836 triginta
2281 2766 2422 2820 servi
2498 2767 2929 2837 c0njnrationem
2999 2767 3282 2832 fecissent,
3345 2779 3400 2822 et

145 2861 535 2930 ποιησαμένων
570 2861 664 2911 καὶ
691 2858 828 2927 ταχὺ
845 2854 1240 2919 κολασθέντων,
1273 2854 1502 2922 δευτέρα
1534 2855 1567 2921 ἡ
1599 2853 1724 2922 περὶ

1832 2861 2214 2927 ιιιιιηψιυίιιιιιιιι
2251 2873 2443 2927 pinnas
2495 2861 2794 2916 dedissent.
2847 2858 3129 2914 Secundus
3175 2857 3395 2928 Capuae,

141 2953 238 3022 τὴν
269 2951 531 3019 Καπύην,
565 2950 852 3002 διακοσίων
886 2948 1112 3002 οἰκετῶν
1163 2947 1582 3000 ἐπαναστάντων
1628 2949 1724 2998 καὶ

1832 2960 1934 2999 :um
1967 2948 2180 3001 ducenti
2213 2951 2355 3002 servi
2392 2951 2768 3016 rebellassent,
2794 2965 2858 3006 ac
2891 2949 3008 3005 sine
3063 2965 3209 3006 mora
3244 2950 3403 3008 deleti

119 3045 274 3112 κταχὺ
311 3041 749 3095 καταλυθέντων.
779 3040 948 3111 Τρίτη
977 3041 1034 3093 δὲ
1065 3038 1370 3108 παράδοξος
1406 3038 1595 3106 γέγονέ
1615 3054 1720 3101 τις.

140 3130 246 3188 Ἦν
273 3135 439 3196 Τίτος
473 3131 810 3195 Μενουῒτιος,
841 3133 1036 3194 ἱππεὺς
1078 3131 1174 3199 μὲν
1213 3130 1520 3200 Ῥωμαίων,
1555 3146 1724 3200 μεγα-

141 3227 447 3280 λοπλούτου
486 3225 542 3278 δέ
581 3225 788 3295 πατρὸς
811 3228 962 3289 παῖς.
1015 3220 1183 3287 Οὗτος
1216 3223 1429 3296 ἠράσθη
1461 3223 1722 3294 θεραπαι-

1825 3036 2077 3090 fuissent.
2137 3035 2353 3092 Tertius
2391 3049 2574 3093 autem
2618 3041 2756 3093 miro
2797 3041 3030 3108 quodam
3070 3051 3294 3095 exortus
3322 3047 3405 3095 cst

1824 3119 2006 3179 modo.
2051 3123 2180 3179 Erat
2204 3127 2422 3196 quidam
2454 3127 2608 3183 Titus
2639 3129 2894 3184 Minutius
2923 3145 3089 3200 eques
3109 3133 3402 3197 Romanus,

1824 3227 1879 3270 et
1910 3219 2190 3286 praedivite
2235 3231 2394 3276 natus
2439 3232 2618 3292 patre,
2650 3223 2740 3290 qui
2791 3223 2980 3276 aliena:
3027 3222 3238 3275 famulae
3287 3222 3403 3276 for-

140 3316 284 3378 νίδος
335 3313 655 3383 ἀλλοτρίας,
707 3313 890 3367 κάλλει
934 3312 1318 3384 διαφερούσης.
1379 3312 1724 3383 Συμπλακεὶς

1834 3307 2155 3362 ωοείεείηιεε
2179 3324 2367 3364 amore
2386 3321 2595 3380 captus,
2625 3321 2684 3365 ut
2713 3311 2766 3365 in
2788 3312 2906 3380 ejus
2922 3310 3222 3380 amplexum
3246 3311 3400 3364 veni-

139 3408 180 3461 δ’
211 3408 350 3478 αὐτῇ
384 3406 486 3460 καὶ
515 3406 560 3437 ³³
583 3407 658 3464 είς
707 3405 885 3476 ἔρωτα
939 3402 1242 3476 παράδοξον
1272 3405 1444 3474 αὐτῆς
1469 3403 1727 3475 ἐμπεσὼν

139 3498 481 3568 ἐξηγόρασεν
503 3495 694 3566 αὐτὴν,
727 3496 870 3548 οὕτω
895 3494 988 3548 τοῦ
1016 3496 1060 3528 ⁸³
1092 3513 1150 3548 τε
1181 3493 1484 3566 μανιώδους
1523 3495 1726 3564 ἔρωτος

141 3589 470 3659 βιαζομένου
549 3587 645 3640 καὶ
691 3585 785 3639 τοῦ
834 3586 1028 3656 κυρίου
1059 3585 1160 3656 τῆς
1198 3586 1367 3658 κόρης
1387 3585 1488 3656 τὴν
1523 3588 1726 3656 πρᾶσιν

140 3681 296 3749 μόλις
333 3678 801 3741 κατανεύσαντος,
830 3677 1107 3730 ταλάντων
1145 3676 1412 3730 Ἀττικῶν
1445 3677 1608 3744 ἐπτὰ,
1631 3675 1727 3730 καὶ

136 3773 329 3842 χρόνον
357 3770 536 3839 ὥρισε
559 3768 680 3823 καθ’
699 3769 759 3821 ὂν
798 3767 1048 3821 ἀποτίσει
1093 3765 1155 3819 τὸ
1189 3766 1348 3836 χρέος
1369 3780 1384 3795 ο
1410 3765 1725 3818 ἐπιστεύετο

134 3860 191 3912 δὲ
231 3859 322 3912 διὰ
370 3857 478 3928 τὴν
505 3855 766 3927 πατρῴαν
824 3856 1165 3925 περιουσίαν.
1206 3855 1518 3917 Ἐνστάντος
1541 3854 1598 3906 δέ
1629 3853 1724 3907 τοῦ

131 3953 487 4023 ὁρισθέντος,
517 3951 610 4003 καὶ
659 3951 733 4019 μὴ
764 3949 900 4020 ἔχων
947 3947 1257 4012 ἀποδοῦναι,
1290 3948 1390 4001 πάλ
1404 3965 1450 4000 ιν
1494 3946 1649 4012 ἔταξε
1682 3947 1724 3998 λ’

129 4043 366 4113 ἡμερῶν
390 4041 756 4111 προθεσμίαν.
793 4039 881 4101 Ὦς
909 4039 965 4090 δὲ
995 4040 1090 4091 καὶ
1111 4037 1316 4108 ταύτης
1349 4037 1650 4104 ἐπιστάσης
1674 4037 1724 4089 οἱ

137 4133 235 4200 μὲν
259 4130 533 4201 ἀπῄτουν,
557 4131 585 4182 ὁ
604 4127 661 4180 δὲ
683 4128 832 4180 οὐδὲν
865 4127 1025 4178 πλέον
1051 4121 1196 4195 εἶχεν
1232 4127 1438 4189 ἀνύειν,
1465 4127 1492 4177 ὁ
1522 4125 1565 4176 δ’
1583 4124 1725 4195 ἔρως

131 4222 414 4293 ηκμαζεν,
460 4219 787 4288 ἐπεχείρησε
852 4217 1050 4288 πράξει
1095 4217 1550 4286 παραλογωτάτῃ.
1580 4214 1728 4266 Ἐπι-

133 4312 388 4364 ϐουλεύει
429 4309 528 4378 μὲν
552 4308 660 4377 γάρ
719 4307 846 4368 τοὺς
889 4306 1270 4370 ἀπαιτοῦντας,
1304 4305 1481 4374 ἐαυτῷ
1510 4305 1566 4358 δὲ
1594 4321 1720 4373 μον-

131 4401 372 4472 αρχικὴν
433 4398 680 4462 ἐξουσίαν
748 4397 1063 4467 περιέθηκε.
1133 4397 1518 4465 Συναγοράσας
1614 4395 1726 4465 γὰρ

129 4490 508 4551 πεντακοσίας
551 4487 873 4550 πανοπλίας,
912 4489 1005 4538 καὶ
1046 4486 1235 4555 χρόνον
1259 4486 1356 4554 τῆς
1389 4486 1556 4555 τιμῆς
1584 4502 1718 4537 συν-

127 4585 321 4649 τάξας,
357 4582 457 4635 καὶ
487 4579 822 4642 πιστευθεὶς,
853 4576 1036 4645 λάθρα
1058 4575 1190 4646 πρὸς
1217 4576 1382 4644 ἀγρόν
1400 4591 1519 4628 τινα
1549 4593 1724 4645 παρα-

1827 3407 1910 3452 ret
1957 3398 2155 3455 ell‘ecit.
2209 3400 2448 3456 Tandem
2486 3416 2615 3456 vero
2645 3403 2714 3456 ita
2762 3417 2884 3455 eam
2928 3402 3178 3470 deperire
3211 3402 3399 3470 coepit,

1827 3500 1934 3543 uta
1967 3492 2185 3545 domino
2231 3492 2372 3548 illius
2419 3503 2624 3560 septem
2672 3494 2888 3548 talentis
2923 3493 3120 3546 Atticis
3169 3501 3398 3558 emeret,

1825 3595 1946 3634 cum
1981 3584 2044 3634 ad
2074 3584 2215 3637 hanc
2254 3585 2586 3652 emptionem
2619 3599 2742 3638 eum
2770 3586 2972 3639 amoris
3003 3585 3213 3638 insania
3245 3600 3402 3638 com-

1827 3671 2069 3738 pelleret,
2094 3688 2256 3742 qnam
2297 3689 2442 3744 aegre
2466 3675 2668 3745 alioqui
2700 3691 2728 3728 a
2761 3677 2981 3729 domino
3025 3675 3224 3746 387a
3258 3675 3402 3730 illius

1829 3763 2168 3831 impetrabat.
2219 3766 2325 3819 Sed
2382 3767 2470 3821 illa
2523 3769 2610 3821 ubi
2665 3767 2903 3831 advenit,
2942 3769 3097 3835 isque
3145 3767 3403 3821 solvendo

1826 3865 1933 3904 non
1966 3861 2128 3916 esset,
2158 3863 2216 3907 ut
2243 3855 2345 3908 sibi
2387 3839 2505 3910 dies
2541 3856 2758 3925 triginta
2799 3865 3224 3924 prorogarentnr
3253 3857 3401 3909 obti-

1827 3942 1960 3996 nuit.
1995 3941 2228 3998 Rursum
2263 3955 2316 3998 et
2341 3947 2442 4000 hoc
2469 3947 2646 4014 spatio
2672 3958 2883 4010 exacto,
2917 3961 3038 4000 cum
3077 3946 3166 4000 ille
3187 3957 3400 4014 paetum

1825 4033 2056 4101 pretium
2103 4037 2367 4102 exigeret,
2409 4037 2498 4090 hic
2543 4037 2742 4089 nullam
2775 4037 3014 4091 solvendi
3045 4038 3279 4090 nominis
3307 4053 3400 4090 ra-

1828 4124 2026 4176 tionem
2064 4124 2203 4178 inire
2238 4134 2443 4194 posset,
2477 4127 2682 4181 interea
2738 4141 2868 4181 vero
2905 4142 3062 4181 amor
3102 4128 3405 4181 invalesce-

1826 4224 1931 4280 ret,
1967 4231 2165 4270 novum
2204 4227 2260 4272 et
2293 4218 2593 4272 inauditum
2628 4218 2842 4274 facinus
2878 4235 3164 4290 aggressus
3195 4229 3298 4273 est.
3333 4219 3401 4272 lis

1824 4308 1968 4360 etaim
2022 4307 2113 4377 qui
2163 4309 2404 4363 debitum
2445 4311 2749 4379 exigebant,
2798 4311 3020 4365 insidias
3064 4322 3298 4370 struere,
3344 4319 3402 4361 ct

1825 4398 2227 4453 monarcbicam
2279 4401 2566 4468 quamdam
2623 4403 2918 4468 potentiam
2966 4400 3068 4452 sibi
3121 4413 3398 4452 assumere

1827 4486 2082 4541 instituit.
2123 4487 2270 4542 Nam.
2290 4491 2552 4556 coemptis
2575 4490 2888 4559 quingentis
2927 4491 3219 4558 panOpliis,
3260 4499 3396 4542 tem-

1826 4589 1926 4643 pus
1975 4577 2130 4644 pretii
2169 4579 2520 4646 persolutioni
2561 4580 2808 4647 praeﬁxit,
2843 4578 3054 4648 fideque
3083 4581 3391 4646 impetrata,

127 4674 372 4743 κομίσας
402 4671 530 4731 τοὺς
566 4668 727 4730 ἰδίους
757 4667 1007 4721 ἀνέσεισε
1036 4667 1080 4698 ³ο
1121 4666 1258 4735 πρὸς
1306 4667 1609 4718 ἀπόστασιν
1641 4667 1720 4718 ol-

1832 4679 1917 4718 eos
1952 4666 2252 4720 clanculum
2295 4670 2346 4722 in
2395 4685 2585 4737 agrum
2631 4673 2921 4740 quemdam
2955 4670 3274 4725 defetezitlas
3303 4687 3399 4725 (‘It-

128 4767 323 4827 κέτας,
363 4760 752 4833 τετρακοσίους
783 4758 962 4821 ὄντας.
997 4752 1129 4810 Εἶτα
1168 4756 1451 4809 ἀναλαϐὼν
1484 4757 1720 4826 διάδημα

126 4859 222 4910 καὶ
255 4855 616 4925 περιϐόλαιον
668 4850 984 4922 πορφυροῦν
1027 4850 1122 4902 καὶ
1165 4848 1496 4918 ῥαϐδούχους
1525 4846 1620 4899 καὶ
1649 4847 1718 4900 τά

124 4947 265 5000 ἄλλα
309 4944 535 5013 εὔσημα
567 4943 609 4975 ³³
645 4943 743 5012 τῆς
791 4941 989 5011 ἀρχῆς,
1036 4941 1130 4992 καὶ
1183 4939 1408 5008 βασιλέα
1453 4939 1646 4991 ἐαυτὸν
1671 4938 1716 4970 ³⁸

126 5058 254 5094 συνε
267 5040 440 5110 ργεία
466 5039 574 5090 τῶν
603 5035 804 5090 δούλων
834 5032 1137 5097 ἀναδείξας,
1161 5031 1284 5092 τοὺς
1316 5030 1411 5100 μὲν
1435 5028 1723 5082 ἀπαιτοῦν-

123 5147 225 5192 τας
251 5129 358 5200 τὴν
397 5127 567 5198 τιμὴν
595 5127 696 5193 τῆς
736 5125 905 5192 κόρης
947 5121 1204 5192 ῥαϐδίσας
1258 5118 1600 5200 ἐπελέκισεν,
1636 5117 1722 5182 ἐξ·

121 5220 364 5280 οπλίσας
416 5216 472 5268 δὲ
531 5217 654 5279 τοὺς
680 5216 895 5275 οἰκέτας
927 5211 1084 5281 ἐπῄει
1120 5209 1219 5272 τὰς
1251 5196 1513 5276 σύνεγγυς
1551 5209 1722 5259 ἐπαύ-

119 5311 280 5376 λεις,
341 5308 450 5362 καὶ
514 5307 641 5368 τοὺς
702 5307 798 5375 μὲν
863 5303 1160 5374 προθύμως
1220 5298 1722 5368 συναφισταμένους

120 5398 481 5464 καθώπλιζε,
515 5398 641 5461 τοὺς
691 5397 733 5450 δ’
785 5394 1249 5465 ἀντιπράττοντας
1297 5389 1508 5461 ἀνῄρει.
1568 5390 1717 5459 Ταχὺ

1834 4756 1991 4809 ravil.
2026 4755 2228 4811 Deinde
2259 4773 2376 4811 cum
2425 4774 2550 4813 suos
2589 4775 2776 4814 servos
2811 4763 2876 4815 ad
2907 4761 3260 4815 defectionem
3289 4763 3400 4814 sol-

1823 4845 2106 4912 licitasscl,
2167 4865 2392 4902 numero
2419 4852 2864 4919 quadringentos,
2913 4854 3125 4922 sibique
3154 4855 3395 4907 diadema

1828 4937 2202 5006 imposuisset,
2233 4955 2522 5007 purpuram
2557 4959 2664 5012 quo
2684 4958 2774 5010 lue
2796 4958 2916 4997 cum
2950 4945 3071 4996 aliis
3101 4944 3396 5012 insignibus

1829 5027 1990 5096 regiis
2041 5031 2450 5099 assumpsisset,
2491 5033 2814 5099 tandemque
2868 5049 3145 5087 servorum
3196 5034 3397 5085 auxilio

1827 5133 2008 5186 regem
2062 5135 2120 5173 se
2164 5121 2556 5186 constituisset,
2616 5123 2849 5190 primum
2898 5122 3113 5190 quidem
3155 5136 3248 5174 eos
3305 5119 3393 5186 qui

1826 5219 2040 5276 pactum
2099 5210 2332 5280 pretium
2393 5212 2702 5280 exigebant,
2776 5213 2942 5281 virgis
2997 5227 3167 5266 caesos
3218 5211 3394 5264 securi

1829 5313 2144 5371 percussu:
2197 5314 2385 5372 posma
2425 5319 2553 5356 vero
2607 5320 2728 5357 cum
2761 5317 2855 5356 sua
2908 5303 2992 5356 illa
3047 5303 3263 5355 servitia
3305 5316 3398 5352 ar-

1827 5401 2048 5460 masset,
2099 5394 2306 5448 vicinas
2353 5394 2509 5448 villas
2543 5409 2835 5464 peragrare
2863 5391 3081 5462 placuit,
3123 5392 3173 5446 in
3201 5391 3396 5460 quibus

1417 5524 1654 5579 VARUE
1702 5525 2112 5586 LECTlONES.

192 5652 243 5684 "
297 5647 680 5720 Ἰουγούρθαν]
709 5643 932 5714 ίουργὰν
959 5644 1023 5697 Α.
1102 5642 1146 5672 ’⁸
1176 5639 1274 5709 τὴν
1303 5639 1426 5694 add.
1456 5639 1520 5693 Α,
1594 5639 1639 5669 ’⁷
1671 5639 1941 5713 ἑπομένης
1966 5645 2026 5699 Β.
2103 5644 2150 5679 ³⁸
2179 5662 2252 5701 κα
2307 5652 2362 5702 et
2433 5646 2480 5680 ”
2511 5641 2606 5699 τοῦ
2635 5643 2754 5702 add.
2791 5643 2856 5699 A.

192 5722 408 5764 ἐσττισε
439 5736 502 5764 c-
600 5719 639 5749 ³³
672 5717 740 5764 τὰ
789 5715 922 5764 ἄλλα
965 5713 1032 5764 τὰ
1063 5709 1178 5764 εῠσ.
1223 5710 1288 5764 Α.
1397 5710 1441 5741 ³⁸
1489 5708 1652 5764 αὑτὸν
1709 5708 1765 5763 Β.
2445 5728 2460 5732 λ’

117 5722 408 5788 ἀνέστησε
429 5709 502 5782 ἲς.
528 5709 539 5720 ’
600 5709 740 5770 ³¹”τά
789 5709 922 5770 ἄλλα
965 5713 1032 5767 τὰ
1063 5709 1178 5765 εῠσ.
1223 5710 1288 5765 A.

2959 5641 3008 5674 "
3034 5639 3276 5695 ἀνέσεισε
3309 5635 3352 5690 Α
3375 5653 3391 5692 :
