3924 6430
472 351 609 417 1415

1644 360 1906 421 ΡΗΟΤΙΙ
1956 360 2458 421 ΡΛΤΒΙᾹΠΕΙΙΕ
2501 361 2606 422 CP.

3611 365 3737 431 1416

466 483 562 524 eos
591 466 683 536 qui
716 482 773 519 se
804 477 1052 536 prompto
1080 477 1135 524 et
1158 469 1323 523 alacri
1370 470 1551 523 animo
1577 473 1755 526 socios
1786 472 2047 528 defectio-

2164 474 2207 526 se
2240 475 2563 543 συναγαγὼν
2603 476 2946 544 στρατιώτας
2999 477 3217 545 πλείους
3232 480 3343 534 τῶν
3369 482 3735 547 ἑπτακοσίων,

466 561 554 614 nis
603 558 987 628 adiungebant,
1036 561 1285 614 armabat
1335 579 1349 613 :
1383 573 1650 631 quotquot
1685 574 1864 617 autem
1893 580 2052 635 repu-

465 652 727 723 gnabant,
767 666 857 706 eos
899 652 1282 707 interficiebat.
1330 652 1465 707 Cum
1526 654 1689 723 igitur
1728 656 1911 724 plures
1962 672 2051 712 se-

466 744 767 814 ptingentis
829 744 1028 798 milites
1084 746 1369 813 coegisset,
1418 761 1620 815 eosque
1668 748 1719 802 in
1777 750 2052 805 centurias

467 837 861 899 distribuisset,
893 853 959 891 ac
1004 838 1180 893 locum
1213 838 1266 891 in
1301 855 1408 908 quo
1433 849 1554 894 erat
1582 840 1724 894 vallo
1755 843 2051 910 circumje-

466 938 554 982 cto
608 928 920 993 clausisset,
967 928 1031 980 ad
1075 945 1134 983 se
1181 944 1276 984 eos
1312 932 1401 999 qui
1444 932 1789 994 deficiebant,
1820 934 2054 1001 recipie-

466 1022 581 1075 bat.
624 1019 738 1086 Qua
788 1021 1091 1075 defectione
1136 1022 1360 1076 Romam
1410 1025 1677 1088 nuntiata,
1721 1038 1943 1079 senatus
1985 1026 2053 1081 tle

465 1127 529 1167 ea
571 1113 861 1166 consilium
892 1118 1128 1181 prudens
1166 1116 1304 1179 iniit,
1342 1114 1663 1183 felicemque
1696 1117 1815 1183 ejus
1844 1118 2052 1171 exitum

468 1205 678 1259 habuit.
708 1205 984 1273 Siquidem
1018 1223 1080 1259 ex
1119 1208 1184 1260 iis
1210 1208 1301 1275 qui
1337 1208 1389 1260 in
1432 1207 1578 1263 Urbe
1635 1220 1790 1262 erant
1830 1210 2055 1277 impera-

470 1298 681 1351 toribus
724 1298 811 1351 uni
848 1298 909 1351 L.
958 1298 1180 1352 Lucullo
1225 1300 1649 1369 subigendorum
1696 1301 2050 1372 fugitivorum

468 1391 742 1458 negotium
781 1390 949 1442 dedit.
987 1389 1083 1443 llic
1123 1400 1305 1445 autem
1337 1406 1403 1445 eo
1430 1392 1549 1460 ipso
1577 1394 1666 1448 die
1695 1410 1817 1448 cum
1866 1394 2054 1447 Roma:

468 1491 753 1535 sexcentos
816 1481 1013 1536 milites
1073 1482 1242 1537 lectos
1298 1485 1751 1554 conscripsisset,
1811 1486 2052 1557 Capuam

469 1573 765 1636 contendit,
805 1574 1041 1641 peditum
1080 1576 1244 1629 millia
1269 1586 1520 1644 quatuor,
1541 1580 1752 1645 equites
1795 1578 2056 1647 quadrin-

469 1676 674 1733 gentos
703 1665 1046 1720 collecturus.
1108 1665 1367 1721 Minutius
1398 1668 1488 1722 ubi
1539 1667 1816 1723 Lucullum
1864 1670 2051 1723 conci-

474 1765 586 1810 tato
612 1771 773 1811 cursu
824 1757 1117 1812 adventare
1155 1758 1445 1824 intellexit,
1480 1759 1675 1813 collem
1713 1770 1905 1813 natura
1950 1761 2050 1814 loci

471 1848 739 1901 munitum
777 1852 1066 1918 occupavit
1095 1866 1217 1906 cum
1260 1851 1532 1905 universis
1571 1853 1684 1906 suis
1714 1854 1906 1922 copiis,
1937 1869 2056 1922 qua:

471 1938 578 1993 tria
614 1939 890 1992 lt0minnnt
926 1940 1091 1993 millia
1121 1950 1175 1994 et
1228 1941 1557 2010 quingentos
1602 1940 1929 2003 efﬁciebant,
1966 1952 2055 1994 at—

470 2044 575 2097 que
602 2031 854 2098 amplius.
905 2028 969 2081 Et
1024 2032 1199 2100 primo
1231 2032 1449 2099 quidem
1510 2030 1766 2084 conflictu
1815 2033 1969 2084 stetit
2027 2047 2055 2085 a

470 2121 713 2191 fugitivis
747 2122 968 2175 victoria
990 2123 1185 2191 quippe
1202 2123 1294 2191 qui
1318 2139 1346 2175 e
1367 2124 1645 2190 superiore
1668 2123 1787 2177 loco
1815 2123 2057 2191 pra-lium

470 2215 705 2281 inirent;
737 2227 919 2282 postea
938 2232 1057 2269 cum
1082 2216 1421 2284 Apollonium
1443 2216 1828 2283 imperatorem
1853 2218 2062 2270 exerci-

474 2316 561 2359 tus
583 2306 739 2360 Vettii
763 2304 1019 2378 [Minutii]
1037 2304 1290 2360 Lucullus
1306 2307 1684 2376 largitionibus
1700 2310 2055 2376 corrupisset,

475 2398 745 2466 fidemque
787 2399 1056 2465 publicam
1094 2399 1335 2453 dedisset
1367 2414 1581 2468 ptenam
1635 2402 1710 2454 illi
1764 2402 2055 2456 remissum

470 2488 561 2551 iri,
610 2504 733 2542 cum
780 2492 847 2543 ad
901 2490 1209 2558 prodendos
1254 2492 1433 2545 socios
1475 2493 1709 2563 impulit.
1753 2494 1934 2558 Quare
1964 2493 2055 2547 illo

470 2579 730 2637 Romanis
773 2598 991 2649 cperam
1044 2599 1196 2637 suam
1259 2594 1511 2648 navante,
1570 2597 1733 2654 atque
1782 2587 1919 2639 adeo
1954 2587 2055 2654 ipsi

474 2670 657 2726 Vettio
704 2672 971 2744 [Illinutio]
1013 2690 1207 2727 manus
1257 2675 1544 2740 inferente,
1594 2676 1680 2730 hic
1728 2676 2053 2745 supplicium

476 2763 579 2817 sibi
617 2777 776 2831 capto
800 2764 1119 2832 impendens
1153 2767 1379 2832 veritus,
1402 2777 1629 2821 mortem
1650 2767 1749 2820 sibi
1769 2767 2052 2822 conscivit.

477 2854 649 2908 Sitqu
708 2870 834 2908 vero
900 2855 1219 2911 defectionis
1290 2859 1579 2927 participes
1641 2861 1766 2913 caesi
1814 2859 2058 2923 fuerunt,

2086 1822 2133 1880 B

2155 566 2248 618 καὶ
2276 565 2500 628 τούτους
2546 570 2627 629 εἰς
2684 568 3115 640 ἑκατονταρχίας
3170 573 3497 639 καταλέξας,
3555 575 3737 629 ἐνεϐα-

2152 656 2274 709 λετο
2336 657 2381 688 ³⁸
2431 659 2648 728 χάρακα
2690 660 2785 712 καὶ
2820 661 2947 723 τοὺς
2984 663 3393 733 ἀφισταμένους
3423 665 3732 737 ὑπεδέχετο.

2153 748 2265 817 Τῆς
2321 750 2367 802 δ’
2410 752 2769 815 ἀποστάσεως
2827 755 2906 815 είς
2943 753 3161 824 Ῥώμην
3208 758 3737 831 ἀπαγγελθείσης,ή

2155 842 2459 911 σύγκλητος
2517 844 2805 914 ἐμφρόνως
2852 848 2981 915 περὶ
3026 848 3199 916 αὐτῆς
3245 850 3614 903 ἐϐουλεύσατο
3652 852 3737 903 καὶ

2153 934 2504 1005 κατώρθωσε.
2548 934 2669 989 Τῶν
2690 937 2797 1007 γὰρ
2826 939 2963 991 κατά
2984 938 3141 991 πόλιν
3174 942 3501 1012 στρατηγῶν
3524 945 3740 997 ἀπέδει-

2155 1024 2241 1089 ξεν
2266 1026 2361 1078 ἕνα
2400 1028 2535 1094 πρὸς
2574 1030 2673 1097 τὴν
2702 1029 2811 1082 τῶν
2865 1029 3151 1100 δραπετῶν
3186 1031 3471 1102 σύλληψιν,
3508 1035 3739 1087 Λεύκιον

2154 1118 2509 1172 Λούκουλλον.
2571 1112 2737 1182 Οὗτος
2793 1120 2849 1171 δὲ
2914 1122 3229 1192 αὐθημερὸν
3270 1126 3335 1178 ἐκ
3378 1125 3482 1194 τῆς
3526 1126 3739 1196 Ῥώμης

2153 1210 2407 1274 ἐπιλέξας
2468 1213 2807 1281 στρατιώτας
2857 1213 3198 1279 ἑξακοσίους,
3253 1217 3333 1279 είς
3372 1217 3477 1286 τὴν
3508 1218 3740 1287 Καπὴν

2152 1299 2282 1374 ἦλθε
2334 1305 2697 1375 συναθροίσας
2729 1306 2927 1368 πεζοὺς
2978 1308 3077 1377 μὲν
3121 1311 3624 1379 τετρακισχιλίους,
3654 1314 3739 1364 ἱπ-

2153 1397 2277 1456 πεῖς
2308 1393 2364 1446 δὲ
2403 1394 2813 1465 τετρακοσίους.
2854 1394 2912 1447 Ὀ
2968 1395 3025 1448 δέ
3086 1397 3339 1461 Οὐέττιος
3408 1399 3508 1468 τὴν
3566 1401 3738 1469 ὁρμὴν

2155 1485 2285 1556 [652
2310 1484 2402 1556 [1.]
2425 1485 2518 1538 τοῦ
2546 1484 2883 1538 Λουκούλλου
2920 1485 3223 1555 πυθόμενος
3270 1488 3604 1542 κατελάϐετο
3658 1490 3737 1543 λό-

2156 1595 2255 1647 φον
2311 1579 2602 1648 καρτερὸν,
2636 1578 2774 1647 ἔχων
2805 1579 2931 1641 τοὺς
2977 1580 3185 1643 πάντας
3217 1581 3378 1633 πλέον
3414 1583 3525 1635 τῶν
3551 1589 3622 1649 γ’,
3648 1586 3738 1637 καὶ

2158 1660 2234 1728 φ’.
2271 1660 2436 1731 [H75
2461 1661 2552 1732 IL]
2586 1662 2693 1714 Kal.
2722 1662 2781 1714 τὸ
2811 1662 2908 1731 μὲν
2959 1664 3174 1732 πρῶτον
3220 1666 3493 1736 συμϐολῆς
3528 1668 3575 1699 ³⁵
3597 1686 3739 1737 γενο-

2166 1752 2332 1821 μένης
2356 1751 2791 1821 ἐπλεονέκτησαν
2844 1754 2891 1804 οἱ
2949 1752 3235 1822 δραπέται,
3262 1754 3327 1805 ἐκ
3350 1755 3534 1807 τόπων
3572 1757 3735 1825 ὑπερο

2160 1844 2349 1908 δεξίων
2387 1843 2684 1913 μαχόμενοι
2704 1860 2717 1873 ’
2756 1843 2965 1913 μετάδέ
2994 1845 3165 1897 ταῦτα
3191 1846 3282 1898 τὸν
3312 1846 3409 1916 μέν
3439 1849 3737 1917 στρατηγὸν

2158 1938 2253 1991 τοῦ
2288 1938 2546 1990 Οὐεττίου
2576 1935 2933 1990 ’Λπολλώνιον
2981 1938 3300 2008 διαφθείρας
3327 1940 3354 1991 ὁ
3382 1940 3733 2005 Λούκουλλος,

2161 2032 2255 2083 καί
2275 2033 2338 2100 τῇ
2364 2028 2600 2099 δημοσίᾳ
2628 2029 2809 2081 πίστει
2854 2028 2951 2099 τὴν
2988 2030 3184 2098 ἄφεσιν
3229 2030 3329 2099 τῆς
3358 2032 3627 2102 τιμωρίας
3656 2035 3736 2101 βε-

2165 2121 2427 2187 ϐαιώσας,
2494 2120 2715 2173 ἔπεισεν
2776 2120 2941 2173 αὑτὸν
3008 2122 3275 2192 προδότην
3329 2126 3589 2192 γενέσθαι
3637 2126 3735 2176 τῶν

2168 2213 2614 2267 συναποστατῶν.
2669 2212 2761 2265 Διὸ
2808 2213 2903 2265 καὶ
2954 2214 3147 2265 τούτου
3206 2215 3601 2284 συνεργοῦντος
3634 2220 3736 2280 τοῖς

2176 2308 2470 2375 Ῥωμαίοις
2494 2307 2588 2357 καὶ
2611 2306 2711 2365 τὰς
2735 2307 2921 2374 χεῖρας
2948 2305 3350 2375 προσφέροντος
3384 2305 3461 2374 τῷ
3488 2307 3731 2376 Οὐεττίῳ,

2166 2400 2427 2469 φοϐηθεὶς
2458 2400 2556 2467 τὴν
2592 2400 2655 2450 ἐκ
2678 2397 2777 2465 τῆς
2817 2397 3075 2457 ἁλώσεως
3108 2400 3385 2467 τιμωρίαν
3416 2399 3614 2451 ἑαυτὸν
3644 2400 3735 2451 ἀπ-

2165 2490 2423 2559 έσφαξεν,
2454 2490 2655 2541 αὐτίκα
2693 2488 3153 2542 συναπολωλότων
3209 2494 3305 2542 καὶ
3356 2490 3466 2541 τῶν
3492 2491 3593 2558 τῆς
3618 2493 3736 2544 ἁπο-

2167 2584 2408 2644 στάσεως
2433 2582 2930 2649 κεκοινωνηκότων,
2964 2581 3104 2652 πλὴν
3121 2582 3213 2634 τοῦ
3246 2580 3531 2650 προδόντος
3552 2582 3733 2634 ’Δεινολ-

2163 2672 2380 2726 λωνίου.
2404 2672 2511 2723 Καὶ
2549 2670 2722 2723 ταῦτα
2745 2670 2844 2739 μὲν
2865 2670 2970 2740 πρὸ
2988 2671 3084 2739 τῆς
3107 2672 3248 2723 κατὰ
3268 2671 3540 2731 Σικελίαν,
3562 2670 3736 2739 ὥσπερ

2164 2764 2639 2837 προοιμιαζόμενα
2699 2762 2875 2833 ταύτῃ
2905 2762 2975 2827 ³³,
3042 2762 3307 2832 μεγίστης
3346 2763 3731 2825 ἀποστάσεως·

2169 2860 2292 2929 ἥτις
2325 2857 2498 2928 ἀρχὴν
2529 2855 2690 2910 ἔλαϐε
2718 2854 2996 2925 τοιαύτην.

472 2958 671 3015 ιιι-αξιοι·
711 2964 830 3000 eum
868 2946 955 3013 qui
982 2947 1098 3001 illos
1132 2950 1442 3017 prodiderat
1467 2952 1831 3018 Apollonium.
1878 2950 1944 3005 Et
1971 2951 2085 3004 haec
2113 2952 2328 3020 quidem
2359 2959 2767 3004 anteverterunt
2795 2949 3083 3002 maximam
3112 2948 3200 3015 qui
3228 2949 3281 3000 in
3307 2947 3494 3001 Sicilia
3517 2946 3730 3017 contigit

473 3038 830 3093 defectionem
865 3039 1059 3107 387i)
1086 3042 1241 3108 quasi
1278 3057 1397 3109 qua:
1430 3043 1547 3109 ejus
1576 3042 1845 3108 quoddam
1878 3041 2194 3110 praeludium
2224 3051 2424 3097 essent.
2460 3040 2534 3093 Ea
2560 3051 2741 3094 autem
2768 3040 2892 3093 hinc
2918 3048 3037 3091 orta
3063 3047 3164 3091 est.

545 3133 600 3186 lu
640 3133 789 3187 Marii
840 3134 1101 3188 adversus
1148 3134 1395 3189 Cimbros
1452 3135 1800 3204 expeditione
1843 3146 2060 3190 senatus

2237 3133 2396 3186 Κατὰ
2425 3133 2524 3201 τὴν
2549 3133 2645 3185 ἐπὶ
2665 3133 2793 3194 τους
2831 3130 3113 3200 Κίμϐρους
3174 3127 3265 3180 τοῦ
3318 3129 3530 3199 Μαρίου
3584 3146 3737 3197 στρα-

476 3225 675 3278 auxilia
709 3240 771 3277 ex
824 3224 1207 3279 transmarinis
1256 3227 1569 3281 nationibus
1610 3227 1923 3281 accersendi
1962 3243 2059 3293 po—

476 3322 728 3368 testatem
753 3314 927 3367 Mario
952 3317 1165 3369 dederat
1181 3355 1193 3367 .
1213 3315 1413 3370 Marius
1444 3317 1609 3385 igitur
1624 3318 1691 3370 ad
1712 3316 2060 3372 Nicomedem

474 3404 740 3476 Bithyniae
776 3423 952 3475 regem
982 3406 1050 3461 de
1079 3407 1361 3460 tnittendis
1397 3410 1463 3460 ad
1496 3426 1555 3461 se
1585 3409 1946 3463 auxiliaribus
1973 3423 2065 3462 co-

476 3498 584 3568 piis
626 3498 837 3553 scribit.
889 3500 934 3552 ls
966 3515 1289 3568 responsum
1319 3500 1428 3565 dat,
1468 3501 1660 3554 b0nam
1703 3501 2062 3572 Bithynorum

476 3602 688 3663 partem
740 3612 768 3646 a
822 3594 1170 3664 teetigalium
1231 3595 1569 3662 publicorum
1622 3596 2065 3664 redemptoribus

478 3688 745 3754 direptam
780 3688 989 3741 servire
1029 3686 1352 3740 servitutem
1405 3703 1502 3756 per
1554 3687 1889 3757 provincias.
1928 3686 2062 3741 Cum

477 3790 661 3834 autem
682 3788 902 3833 senatus
925 3778 1232 3833 consultum
1251 3791 1413 3843 esset,
1430 3795 1498 3833 ne
1523 3780 1647 3848 quis
1670 3796 1733 3832 ex
1750 3780 1935 3849 populi
1956 3779 2065 3831 Ro-

480 3873 625 3924 tnani
658 3872 844 3934 soeiis,
862 3874 955 3941 qui
981 3872 1200 3939 quidem
1223 3872 1359 3924 liber
1384 3880 1548 3934 esset,
1570 3872 1624 3924 in
1649 3872 1932 3940 provincia
1956 3871 2064 3923 ulla

477 3964 729 4027 serviret,
760 3972 815 4017 et
849 3971 907 4016 ut
938 3965 1300 4033 imperatores
1328 3978 1513 4018 curam
1545 3978 1735 4015 eorum
1770 3961 2065 4015 manumit-

483 4056 769 4109 tendornm
824 4067 1099 4124 gererent,
1142 4057 1341 4109 accidit
1386 4066 1443 4108 ttt
1483 4058 1779 4124 imperator
1822 4055 2067 4109 Licinius

481 4147 679 4211 Nerva,
713 4149 807 4217 qui
835 4159 947 4200 tum
968 4148 1109 4201 forte
1135 4149 1187 4201 in
1220 4149 1405 4202 Sicilia
1430 4161 1569 4215 erat,
1598 4153 1871 4205 decretum
1904 4166 2065 4203 sena-

481 4252 570 4294 tus
596 4241 917 4303 obscrvans,
967 4240 1168 4293 multos
1194 4256 1261 4294 ex
1301 4242 1471 4295 servis
1496 4243 1714 4311 jndiciis
1754 4243 2067 4296 constitutis

481 4330 913 4394 manmnittcret,
961 4332 1097 4383 adeo
1159 4339 1215 4382 ut
1268 4331 1405 4381 intra
1458 4345 1661 4398 paucos
1707 4332 1824 4385 dies
1886 4332 2068 4399 plures

479 4422 806 4491 octingentis
830 4421 884 4473 in
910 4421 1214 4474 libertatem
1245 4432 1640 4474 assererentur.
1663 4420 1893 4488 Jamque
1913 4431 2067 4475 erant

2160 3229 2310 3280 τείαν
2336 3228 2537 3281 ἔδωκεν
2568 3230 2599 3295 ὴ
2627 3225 2926 3294 σύγκλητος
2952 3222 3199 3286 ἐξουσίαν
3224 3222 3300 3289 τῷ
3322 3224 3516 3292 Μαρίῳ
3545 3225 3611 3275 ἐκ
3639 3224 3737 3274 τῶν

2165 3322 2340 3393 πέραν
2360 3320 2629 3388 θαλάττης
2655 3320 2698 3351 ³⁶
2712 3318 2882 3371 ἐθνῶν
2917 3314 3375 3386 μεταπέμπεσθαι
3400 3317 3731 3385 συμμαχίαν,

2161 3414 2189 3465 ὁ
2220 3413 2317 3481 μὲν
2340 3411 2433 3464 οὖν
2458 3412 2501 3441 ³⁷
2529 3411 2740 3481 Μάριος
2756 3408 3031 3478 ἐξέπεμψε
3060 3407 3193 3477 πρὸς
3220 3406 3631 3478 Νικομήδηντὺν
3646 3412 3734 3477 τῆς

2166 3503 2421 3565 Βιθυνίας
2446 3501 2702 3571 ..βασιλέα
2770 3499 2898 3567 περὶ
2950 3497 3219 3566 βοηθείαςο
3266 3498 3294 3548 ὁ
3346 3497 3402 3548 δὲ
3457 3498 3734 3566 ἀπόκρισιν

2164 3596 2333 3648 ἔδωκε
2356 3594 2483 3656 τοὺς
2512 3593 2733 3656 πλείους
2764 3591 2877 3644 τῶν
2900 3588 3139 3642 Βιθυνῶν
3194 3588 3298 3641 ὑπὸ
3340 3588 3451 3640 τῶν
3477 3588 3734 3657 δημοσιω-

2165 3688 2271 3740 νῶν
2288 3686 2751 3755 ³⁸ξδιαρπαγέντας
2773 3684 3042 3736 δουλεύειν
3072 3683 3130 3734 ἐν
3168 3683 3286 3742 ταῖς
3304 3680 3615 3749 ἐπαρχίαις,
3642 3680 3732 3748 τῆς

2164 3778 2221 3830 δὲ
2248 3778 2553 3847 συγκλήτου
2586 3774 2977 3844 ψηφισαμένης
3025 3774 3173 3834 ὅπως
3226 3772 3413 3840 μηδεὶς
3465 3770 3734 3839 σύμμαχος

2166 3868 2453 3937 ἐλεύθερος
2511 3869 2570 3919 ἐν
2605 3867 2845 3938 ἐπαρχίᾳ
2876 3866 3101 3937 δουλεύῃ
3144 3867 3187 3899 ⁸⁸
3242 3868 3335 3919 καὶ
3383 3867 3482 3936 τῆς
3544 3867 3733 3919 τούτων

2167 3960 2581 4029 ἐλευθερώσεως
2617 3962 2665 4012 oi.
2703 3960 3003 4028 στρατηγοὶ
3053 3959 3307 4028 πρόνοιαν
3338 3959 3731 4021 ποιιῖινται,τότε

2169 4054 2309 4107 κατὰ
2349 4054 2447 4123 τὴν
2471 4052 2719 4105 Σικελίαν
2756 4050 2832 4103 ὢν
2873 4052 3179 4121 στρατηγὸς
3220 4051 3461 4113 Λικίνιος
3496 4052 3732 4120 Negotia;

2170 4144 2481 4206 ἀκολούθως
2504 4142 2581 4213 τῷ
2610 4143 2841 4212 δόγματι
2872 4144 3099 4211 συχνοὺς
3144 4142 3252 4195 τῶν
3284 4143 3485 4195 δούλων
3521 4142 3734 4211 ἠλευθέο

2174 4254 2335 4309 ρωσε,
2364 4236 2569 4304 κρίσεις
2589 4234 2833 4306 προθεὶς,
2855 4235 2929 4297 ὡς
2951 4237 3009 4287 ἐν
3036 4235 3240 4303 ὀλίγαις
3265 4236 3499 4305 ἡμέραις
3526 4235 3733 4297 πλείους

2170 4332 2279 4382 τῶν
2304 4329 2641 4382 ὀκτακοσίων
2677 4330 2859 4396 τυχεῖν
2913 4327 3015 4396 τῆς
3059 4328 3387 4397 ἐλευθερίας.
3454 4328 3559 4379 Καὶ
3605 4322 3735 4396 ἦσαν

2175 4422 2377 4484 πάντες
2424 4421 2473 4473 οί
2535 4420 2675 4472 κατά
2731 4420 2829 4488 τὴν
2879 4419 3041 4489 νῆσον
3084 4419 3420 4481 δουλεύοντες
3484 4419 3737 4487 μετέωροι

479 4514 648 4569 animi
679 4513 921 4568 omnium
957 4513 1101 4566 illius
1126 4512 1318 4567 insula:
1341 4529 1621 4567 servorqu
1646 4515 1698 4568 in
1729 4532 1879 4585 spem
1905 4515 2060 4569 liber-

2175 4515 2310 4583 πρὸς
2335 4515 2433 4584 τὴν
2466 4513 2801 4584 ἐλευθερίαν.
2836 4513 2897 4564 Ol
2952 4511 2997 4563 δ’
3030 4512 3087 4562 ἐν
3129 4510 3405 4579 ἀξιώμασι
3448 4512 3494 4541 ⁸⁸
3526 4510 3734 4578 συνδρα-

481 4605 611 4660 tatis
646 4605 843 4668 erecti,
875 4621 997 4657 cum
1035 4620 1229 4672 graves
1264 4606 1587 4658 auctoritate
1624 4607 1725 4660 viri
1764 4608 1935 4675 ipsmn
1970 4610 2072 4661 im-

481 4701 792 4763 peratorem
826 4691 1182 4758 conveniunt,
1223 4708 1460 4762 eumque
1487 4709 1594 4747 uno
1642 4710 1831 4749 omnes
1858 4711 1973 4761 ore,
2013 4706 2073 4750 ut

480 4791 548 4839 ab
576 4788 786 4853 incepto
834 4785 1083 4848 desistat,
1122 4796 1337 4853 rogant.
1375 4788 1552 4857 Atque
1605 4790 1694 4843 hic
1742 4791 1855 4845 sive
1909 4808 2075 4862 pecu-

481 4877 590 4933 niis
621 4886 980 4946 expugnatus,
1016 4878 1128 4929 sive
1156 4880 1386 4945 gratiam
1424 4891 1748 4949 attcnpatus,
1795 4884 2062 4952 juditinm

481 4971 587 5024 hac
614 4970 681 5023 de
718 4984 774 5022 re
812 4966 1123 5020 accuratius
1169 4983 1424 5022 exercere
1464 4972 1623 5025 desiit
1654 4990 1666 5027 :
1698 4984 1751 5027 et
1780 4977 1845 5028 ad
1878 4992 1936 5029 se
1968 4993 2061 5031 ve—

480 5066 759 5116 nientibus
790 5069 851 5113 ut
881 5060 1135 5112 libertate
1162 5058 1521 5128 donarentur,
1553 5075 1609 5116 ιιι
1637 5066 1701 5117 ad
1734 5082 1888 5120 suum
1918 5070 2069 5136 quis-

480 5168 587 5221 que
615 5151 891 5205 dominum
943 5158 1367 5213 reverterentur,
1408 5153 1674 5222 imperare
1702 5158 1886 5225 coepit.
1934 5158 2071 5212 Tum

479 5260 609 5298 vero
636 5243 780 5296 servi
838 5240 1075 5295 coitione
1131 5240 1269 5295 facta
1319 5239 1619 5313 Syracusas
1651 5247 1976 5316 relinquere,
2022 5260 2076 5303 et

481 5340 547 5390 ad
589 5336 892 5390 Palicorum
946 5332 1227 5387 delubrum
1260 5335 1573 5402 confugere,
1612 5338 1797 5405 ibique
1842 5342 1984 5395 inter
2017 5356 2075 5395 se

482 5428 548 5481 de
576 5425 882 5480 defectione
912 5438 1191 5478 sermones
1238 5423 1511 5478 conferre.
1560 5425 1724 5481 Fama
1758 5440 1936 5482 autem
1970 5429 2074 5482 hn—

2178 4607 2369 4676 μόντες
2401 4604 2747 4676 παρεκάλουν
2772 4603 2861 4656 τὸν
2882 4603 3185 4672 στρατηγὸν
3214 4604 3515 4671 ἀποστῆναι
3547 4600 3737 4667 ταύτης

2170 4700 2270 4768 τῆς
2296 4698 2578 4764 ἐπιϐολῆς.
2620 4699 2679 4750 '0
2718 4699 2889 4750 δἐίτε
2928 4698 3171 4768 χρήμασι
3213 4694 3459 4755 πεισθεὶς
3514 4696 3621 4747 εἴτε
3652 4694 3736 4762 χά-

2176 4808 2287 4862 ρισι
2316 4790 2613 4851 δουλεύσας
2640 4791 2738 4858 τῆς
2761 4790 2860 4859 μὲν
2893 4790 3001 4841 τῶν
3025 4787 3323 4858 κριτηρίων
3348 4786 3559 4838 τούτων
3590 4802 3728 4836 om».

2173 4885 2267 4953 ὃῆς
2290 4884 2524 4951 ἀπέστη,
2548 4884 2640 4935 καιι
2665 4884 2791 4945 τοὺς
2822 4882 3147 4951 προσιόντας
3169 4881 3261 4931 ἐπὶ
3277 4879 3353 4949 τῷ
3376 4882 3417 4909 ιι
3448 4882 3631 4947 τυχεῖν
3654 4879 3729 4944 τῆς

2172 4974 2481 5042 ἐλευθερίας
2514 4973 2861 5043 ἐπιπλήττων
2882 4974 2960 5034 είς
2982 4972 3107 5033 τοὺς
3144 4971 3304 5032 ἰδίους
3334 4969 3559 5039 κυρίους
3586 4985 3732 5036 7:95:-

2172 5067 2392 5119 έταττεν
2444 5066 2896 5136 ἐπαναστρέφειν.
2932 5065 2994 5117 Οἱ
3036 5063 3092 5116 δέ
3125 5062 3301 5115 δοῦλοι
3329 5062 3732 5131 συστραφέντες,

2174 5160 2269 5212 καὶ
2308 5159 2415 5211 τῶν
2463 5158 2828 5229 Συρακουσῶν
2890 5157 3317 5224 ἀπαλλαγέντες,
3371 5156 3465 5206 καὶ
3511 5172 3735 5221 καταφυ-

2178 5254 2364 5318 γόντες
2396 5253 2474 5314 εἰς
2500 5251 2560 5303 τὸ
2593 5251 2702 5302 τῶν
2741 5251 2991 5303 Παλίκων
3016 5249 3260 5316 τέμενος,
3294 5246 3574 5299 διελάλουν
3617 5247 3740 5312 πρὸς

2178 5340 2443 5409 ἀλλήλους
2471 5338 2611 5408 ὑπὲρ
2637 5339 3012 5399 ἀποστάσεως.
3053 5335 3294 5388 Ἐκεῖθεν
3319 5338 3376 5387 ἐν
3411 5334 3620 5395 πολλοῖς
3659 5336 3735 5384 τό·

2188 5449 2310 5494 ποις
2342 5432 2441 5500 τῆς
2471 5432 2582 5484 τῶν
2606 5430 2831 5484 οἰκετῶν
2870 5430 3074 5500 τόλμης
3110 5428 3335 5498 ἐκδήλου
3385 5426 3671 5494 γινομένης
3698 5424 3738 5453 ’⁸

1770 5563 2008 5619 VARL-E
2039 5564 2450 5619 LECTIONES.

588 5650 631 5684 ³³
676 5650 957 5724 ἐνεϐάλετο
1125 5650 1445 5724 ἐνεϐάλλετο
1475 5672 1535 5718 ς.
1569 5656 1809 5724 Scaliger
1837 5659 2114 5711 ἐϐάλλετο.

2105 5731 2209 5780 δτὸ

1412 5796 1455 5828 ⁸ο
1480 5797 1537 5852 ἐν
1567 5795 1839 5865 ἀξιώμασι
1870 5801 1912 5853 Λ
1943 5817 1955 5853 :
1987 5795 2259 5870 ἀξιώματι
2291 5816 2351 5863 ς.
2423 5800 2466 5832 ¹⁴¹
2501 5799 2579 5869 τῷ
2611 5795 2686 5854 ιιι
2712 5800 2773 5853 τὸ
2803 5817 2863 5863 ς’.

857 5722 902 5753 ³⁸
926 5721 1194 5793 θαλάττης
1226 5721 1503 5793 Scaliger:
1542 5727 1661 5779 libri
1700 5721 2000 5782 θαλαττῶν.

934 5791 977 5823 ³9
1002 5790 1240 5843 δουλεύοι
1264 5794 1327 5847 Α.

487 5723 687 5787 ταύτην
717 5739 775 5783 ς.

491 5790 765 5859 δημοσίων
794 5808 856 5855 ς’.

2230 5659 2275 5690 ³⁵
2302 5656 2611 5731 συμϐουλῆς
2645 5675 2711 5731 ς.
2806 5658 2853 5731 ἐι
2903 5656 3074 5731 ταύτῃ
3105 5653 3423 5731 ηιμ-’ταυτὶ
3452 5666 3587 5731 corr.
3715 5667 3730 5704 :

2243 5729 2340 5798 μὲν
2370 5724 2461 5780 οὖν
2498 5724 2576 5789 Β,
2600 5731 2627 5779 ὁ
2663 5730 2761 5798 μὲν
2789 5730 2828 5780 A
2859 5748 2871 5783 :
2899 5729 3018 5781 ὅθεν
3172 5724 3253 5798 7A”
3281 5724 3619 5791 δημοσιωνῶν
3640 5725 3683 5777 Α
3715 5736 3729 5775 :

2949 5800 2993 5829 "
3017 5796 3312 5867 γενομένης
3336 5810 3393 5857 ς.
