3924 6458
254 384 389 447 1417

1355 390 1882 451 BIBLIOTHECA.
1920 417 1985 428 -
2019 390 2181 452 COD.
2216 392 2506 454 CCXLIV.

3358 395 3497 461 1l18

243 499 457 568 πρῶτοι
514 498 615 570 τῆς
676 501 990 574 ἐλευθερίας
1055 503 1480 573 ἀντεποιήσαντο
1524 500 1668 556 κατά
1718 503 1814 572 τὴν

1918 503 2071 572 jusce
2105 511 2214 557 tam
2246 503 2470 559 audacis
2504 516 2789 560 servorum
2825 505 3082 562 facinoris
3113 518 3212 574 per
3235 504 3495 576 Ancylio-

256 588 561 657 Ἀγκυλίων
617 589 802 662 χώραν
859 594 1105 663 ἀδελφῶν
1156 597 1301 648 δυεῖν
1364 592 1819 662 μεγαλοπλούτων

242 679 455 731 οἰκέται
475 681 792 750 τριάκοντα,
812 674 887 735 ὧν
911 684 1099 753 ἡγεῖτο
1126 683 1341 753 Ὀάριος
1377 681 1570 750 ὄνομα·
1595 679 1645 732 οἳ
1669 679 1821 748 πρῶ-

240 784 331 819 τον
358 766 458 836 μὲν
511 756 706 833 νυκτὸς
741 770 1122 842 κοιμωμένους
1169 773 1294 833 τοὺς
1345 769 1508 833 ἰδίους
1555 770 1820 831 δεσπότας

239 857 584 927 ἀπέσφαξαν,
608 855 729 914 εἶτα
758 863 850 915 ἐπὶ
887 863 987 925 τάς
1027 862 1349 931 γειτνιώσας
1376 860 1634 923 ἐπαύλεις
1668 876 1818 929 παρ-

239 948 486 1014 ελθόντες
546 953 892 1022 παρεκάλουν
945 956 1037 1007 ἐπὶ
1068 954 1166 1025 τὴν
1201 953 1513 1024 ἐλευθερίαν
1538 953 1665 1013 τοὺς
1708 950 1820 1003 δούο

239 1038 387 1106 λουςο
423 1044 518 1097 καὶ
545 1044 604 1096 ἐν
625 1046 763 1115 αὐτῇ
798 1048 864 1116 τῇ
891 1046 1048 1100 νυκτὶ
1076 1047 1414 1117 συνέδραμον
1467 1044 1686 1107 πλείους
1707 1045 1818 1096 τῶν

240 1140 346 1205 ρκ’.
380 1136 490 1189 Καὶ
519 1136 951 1206 καταλαϐόμενοι
995 1139 1193 1210 χωρίον
1225 1139 1386 1206 φύσει
1411 1137 1629 1207 ὀχυρὸν,
1660 1134 1819 1188 τοῦτο

240 1220 441 1293 μᾶλλον
499 1226 898 1296 ὲπωχύρωσαν,
924 1228 1350 1297 προσδεξάμενοι
1430 1227 1525 1281 καὶ
1598 1225 1818 1295 ἑτέρους

236 1320 459 1382 δούλους
486 1320 866 1390 ὡπλισμένους
889 1327 966 1376 π’.
1012 1322 1070 1375 Ὁ
1096 1322 1152 1375 δὲ
1184 1321 1491 1392 στρατηγὸς
1510 1319 1612 1388 τῆς
1642 1320 1817 1391 ἐπαρ-

236 1409 363 1480 χίας
388 1408 629 1472 Λικίνιος
658 1408 704 1440 ⁸³
732 1410 979 1481 Νερούας
1013 1410 1155 1465 κατά
1197 1412 1361 1480 τάχος
1420 1410 1603 1471 αὐτοῖς
1651 1406 1817 1461 ἔπελο

237 1500 348 1553 θὼν
382 1501 477 1553 καὶ
535 1500 841 1570 πολιορκῶν
889 1503 1171 1576 ἄπρακτον
1213 1501 1341 1573 ἔσχε
1397 1502 1497 1570 τὴν
1549 1485 1815 1567 σπουδήν.

250 1591 404 1643 Ἐπεὶ
430 1591 487 1643 δέ
515 1590 605 1663 βίᾳ
641 1592 913 1645 ἀνάλωτον
934 1593 993 1646 τὸ
1020 1591 1063 1624 ⁸³
1086 1592 1346 1663 φρούριον
1385 1591 1554 1662 ἐώρα.
1609 1590 1701 1645 ἐπὶ
1715 1588 1817 1659 τὴν

238 1678 526 1750 προδοσίαν
551 1682 672 1751 ὁρᾷ,
711 1682 803 1734 καὶ
839 1683 1113 1752 σωτηρίας
1168 1681 1497 1751 ὑποσχέσεσι
1526 1681 1685 1734 Γάϊον
1716 1681 1814 1733 Τι-

239 1771 403 1822 τίνιον
431 1770 561 1841 [655
600 1770 691 1842 [1.]
724 1772 1151 1842 ἐπικαλούμενον
1185 1772 1413 1825 Γαδαῖον
1434 1772 1479 1803 ’⁵⁵
1510 1769 1814 1833 ἀναπείσας

1926 612 2039 651 rum
2063 596 2177 652 loca
2200 596 2313 666 jam
2343 598 2581 668 vulgata,
2618 599 2776 669 primi
2812 613 2872 653 se
2898 599 2950 653 in
2976 597 3282 652 libertatem
3312 594 3496 650 vindi-

1922 699 2116 743 carunt
2145 689 2365 758 triginta
2389 688 2616 745 duorum
2644 690 3033 744 ditissimorum
3060 686 3285 740 fratrum
3313 685 3453 739 servi
3477 700 3493 736 :

1920 793 2150 848 quorum
2181 780 2289 834 dux
2325 788 2443 835 erat
2475 780 2694 850 quidam
2736 780 2952 835 nomine
3004 778 3221 832 (Darius.
3271 775 3337 829 Hi
3391 778 3499 845 pri-

1921 883 2067 922 mum
2126 883 2258 923 suos
2322 869 2485 923 heros
2542 875 2701 921 noctu
2770 867 3105 921 dormientes
3160 864 3497 935 jugularum,

1919 958 2117 1013 deinde
2150 959 2217 1013 ad
2249 960 2457 1014 vicinas
2505 959 2676 1013 etiam
2706 959 2977 1027 progressi
3014 956 3167 1012 villas
3215 971 3497 1011 servorum

1921 1049 2134 1104 animos
2168 1050 2233 1104 ad
2272 1051 2539 1105 libertatis
2578 1051 2813 1104 studium
2847 1049 3235 1113 accenderunt,
3266 1046 3403 1103 adeo
3438 1054 3498 1101 ut

1920 1140 2008 1198 illa
2044 1142 2158 1209 ipsa
2189 1151 2348 1195 nocte
2388 1155 2686 1197 concursus
2730 1140 2796 1194 ad
2838 1154 2933 1196 eos
2965 1138 3139 1195 factus
3168 1140 3241 1193 sit
3269 1138 3499 1192 aliorum

1921 1244 2139 1290 centum
2170 1243 2223 1289 et
2252 1234 2441 1304 viginti
2492 1243 2655 1302 atque
2696 1232 2948 1302 amplius.
2984 1232 3046 1286 lli
3079 1240 3342 1300 occupato
3376 1230 3495 1286 loco

1920 1335 2111 1379 natura
2151 1326 2380 1389 munito,
2415 1335 2532 1379 arte
2566 1326 2703 1378 haud
2752 1324 2914 1392 paulo
2942 1323 3289 1376 munitiorem
3322 1321 3500 1377 reddi-

1919 1416 2135 1481 derunt,
2167 1416 2461 1484 assumptis
2491 1425 2545 1469 et
2576 1415 2696 1471 aliis
2726 1417 2996 1485 octoginta
3027 1415 3231 1479 servis,
3283 1412 3372 1480 qui
3407 1426 3499 1463 ar-

1921 1507 2048 1561 mati
2102 1515 2305 1562 essent.
2354 1506 2659 1561 Provinciae
2682 1518 2862 1563 autem
2918 1508 3214 1575 imperator
3260 1501 3501 1558 Licinius

1916 1596 2117 1663 Nerva,
2150 1611 2273 1652 cum
2304 1608 2525 1667 repente
2568 1598 2957 1665 superveniens
2982 1610 3076 1650 eos
3106 1594 3358 1650 obsidere
3384 1607 3498 1648 caa-

1919 1690 2111 1758 pisset,
2162 1688 2298 1742 nihil
2358 1687 2480 1743 ullis
2538 1692 2828 1744 conatibus
2885 1701 3209 1758 promovere
3260 1694 3496 1756 poterat.

1923 1779 2286 1846 Quatnobrem
2311 1781 2473 1835 nullis
2500 1781 2709 1835 viribus
2766 1779 3126 1850 expugnabile
3186 1762 3498 1847 praesidium

240 1859 327 1934 (ἦν
354 1865 399 1918 δ’
423 1858 579 1928 οὗτος
612 1864 721 1935 πρὸ
768 1866 912 1919 δυεῖν
952 1867 1090 1920 ἐτῶν
1137 1864 1558 1926 καταδικασθεὶς
1590 1863 1690 1933 μὲν
1724 1861 1814 1915 θα-

1923 1872 2053 1927 illnd
2075 1887 2196 1928 esse
2234 1886 2485 1939 cernens,
2519 1872 2585 1927 ad
2614 1873 2973 1941 proditionem
3004 1870 3241 1924 animum
3267 1882 3498 1921 conver-

237 1957 403 2023 νάτῳ,
442 1956 542 2024 τὴν
573 1957 846 2027 τιμωρίαν
898 1957 942 2010 δ’
971 1956 1229 2025 ἐκφυγὼν
1276 1957 1371 2009 καὶ
1423 1954 1653 2017 πολλοὺς
1708 1953 1817 2006 τῶν

237 2046 374 2100 κατά
401 2047 503 2117 τὴν
533 2047 717 2118 χώραν
749 2048 1051 2120 ἐλευθέρων
1100 2048 1245 2102 κατά
1264 2047 1523 2119 λῃστείαν
1548 2044 1813 2113 ἀναιρῶν,

236 2136 423 2190 οὐδένα
463 2138 520 2192 δὲ
550 2139 658 2192 τῶν
684 2140 909 2193 οἰκετῶν
939 2140 1321 2211 παραλυπῶν),
1351 2134 1501 2208 εἶχεν
1535 2137 1817 2208 ὑπηρέτην

234 2229 323 2282 τοῦ
363 2230 594 2284 σκοποῦ.
624 2231 787 2303 [H76
810 2232 901 2305 ἢ]
934 2226 1103 2297 Οὗτος
1157 2232 1297 2304 έχων
1329 2232 1479 2303 αὐτῷ
1511 2230 1558 2263 ⁸⁸
1588 2232 1813 2295 πιστοὺς

233 2321 451 2386 οἰκέτας
472 2323 712 2388 ἱκανοὺς,
740 2325 989 2393 πρόσεισι
1009 2324 1088 2395 τῷ
1107 2324 1350 2396 φρουρίῳ
1374 2322 1482 2377 τῶν
1496 2322 1539 2355 ⁸⁷
1569 2323 1810 2377 ἀποστα-

231 2411 356 2475 τῶν,
404 2411 484 2475 ώς
545 2412 609 2484 δὴ
649 2414 695 2445 ⁸⁸
752 2413 1113 2483 συμμεθέξων
1149 2412 1244 2466 τοῦ
1313 2413 1455 2466 κατά
1516 2412 1811 2481 Ῥωμαίων

234 2502 495 2573 πολέμου·
524 2505 771 2576 εὐμενῶς
805 2506 861 2559 δὲ
911 2506 1004 2559 καὶ
1058 2504 1397 2577 φιλοφρόνως
1453 2505 1812 2576 προσδεχθεὶς

234 2597 399 2666 ᾑρέθη
420 2596 510 2649 διά
538 2597 637 2667 τὴν
665 2598 917 2667 ἀνδρείαν
945 2598 1037 2649 καὶ
1055 2597 1384 2667 στρατηγὸς,
1414 2598 1505 2650 καὶ
1527 2595 1809 2668 προῠδωκε

232 2684 293 2736 τὺ
318 2685 600 2757 φρούριον.
644 2686 766 2738 Τῶν
822 2685 866 2738 δ’
885 2686 1206 2739 ἀποστατῶν
1235 2686 1280 2719 δ’
1313 2687 1361 2738 οί
1421 2686 1520 2756 μὲν
1571 2685 1813 2756 μαχόμε-

231 2791 309 2828 νοι
341 2774 383 2806 ⁸⁰
416 2776 827 2855 κατεκόπησαν,
860 2777 909 2830 οἱ
941 2777 997 2829 δέ
1030 2778 1130 2846 τὴν
1158 2776 1269 2830 ἀπὸ
1292 2777 1390 2848 τῆς
1427 2775 1684 2839 ἁλώσεως
1720 2777 1809 2829 δε-

203 2870 396 2935 ’δ.ότες
430 2875 705 2945 τιμωρίαν
725 2874 951 2937 ἐαυτοὺς
994 2875 1463 2946 κατεκρήμνισαν.
1496 2876 1564 2929 Ἦ
1594 2874 1695 2945 μὲν
1719 2869 1813 2928 οὖν

232 2964 416 3035 πρώτη
446 2965 556 3020 τῶν
571 2966 856 3039 δραπετῶν
892 2966 1083 3031 στάσις
1108 2965 1382 3037 κατελύθη
1405 2966 1496 3020 τὸν
1521 2965 1812 3039 εἰρημένον

230 3057 452 3126 τρόπον.

1919 1962 2000 2017 tit.
2034 1962 2161 2032 Ejus
2183 1971 2363 2017 autem
2389 1963 2692 2017 ministrum
2716 1961 2903 2015 habuit
2926 1960 3213 2031 quemdam
3236 1958 3498 2013 Titinium

1917 2064 2277 2124 cognomento
2303 2054 2579 2120 Gadaaum,
2612 2069 2706 2122 spe
2741 2054 2933 2108 salutis
2963 2052 3289 2106 adductum:
3324 2051 3501 2104 fuerat

1916 2144 2061 2198 enim
2097 2144 2188 2199 hic
2237 2144 2472 2199 Titinius
2502 2154 2630 2199 ante
2657 2145 2793 2199 duos
2842 2157 3014 2196 annos
3043 2139 3274 2213 [Romae]
3304 2139 3500 2208 capitis

1916 2235 2330 2301 condemnatus,
2367 2237 2460 2289 sed
2499 2251 2712 2305 poenam
2754 2232 3036 2303 effugerat,
3085 2233 3390 2302 multosque
3430 2245 3501 2286 ex

1920 2326 2231 2381 hominibus
2274 2326 2475 2397 388a
2503 2328 2690 2382 liberis
2712 2325 2831 2393 ejus
2847 2324 3084 2397 regionis
3100 2321 3499 2394 praedabundus

1918 2415 2227 2472 interficere
2266 2419 2495 2481 solebat.
2528 2419 2700 2473 servis
2733 2428 2923 2473 contra
2968 2432 3034 2473 ne
3066 2416 3349 2470 minimum
3379 2414 3502 2482 qni-

1918 2508 2038 2565 dem
2071 2510 2269 2578 negorii
2305 2508 2602 2565 lacessens.
2633 2508 2783 2564 Unde
2812 2525 2934 2561 cum
2971 2506 3170 2562 multos
3207 2505 3278 2559 ibi
3308 2518 3500 2560 servos

1916 2600 2019 2656 sibi
2056 2600 2191 2655 fidos
2237 2600 2485 2665 haberet,
2526 2598 2944 2666 adgcastellnm,
2981 2608 3236 2666 tanquam
3283 2604 3339 2649 et
3384 2595 3500 2663 ipse

1919 2703 2018 2761 pro
2050 2692 2191 2746 virili
2223 2702 2375 2761 parte
2410 2693 2674 2746 adversus
2715 2690 2987 2746 Romanos
3012 2690 3374 2759 praeliaturus,
3401 2702 3497 2741 ac-

1918 2784 2083 2839 cedit.
2113 2782 2378 2838 Benevole
2399 2793 2579 2837 autem
2621 2784 2960 2851 comiterque
3003 2789 3275 2850 receptus,
3332 2778 3498 2833 etiam

1920 2872 2215 2941 imperator
2273 2871 2614 2928 fortitudinis
2675 2888 2804 2942 ergo
2864 2883 3079 2927 creatus
3137 2871 3259 2925 fuit.
3321 2869 3499 2935 Quam

1920 2964 2238 3035 dignitatem
2274 2965 2523 3034 adeptus.
2556 2964 2834 3019 castellum
2884 2964 3138 3033 prodidit.
3183 2962 3319 3017 Tum
3367 2974 3502 3015 vero

1915 3070 1983 3111 ex
2014 3056 2381 3112 defectoribus
2414 3056 2506 3111 alii
2545 3057 2769 3127 quidem
2819 3057 2874 3111 in
2915 3056 3101 3125 praelia
3130 3054 3336 3110 concisi
3376 3054 3499 3108 fue-

231 3158 370 3213 runt,
401 3150 496 3203 alii
527 3163 655 3204 vero
683 3164 857 3217 poenae
882 3157 1052 3227 metu,
1093 3164 1255 3219 quam
1280 3163 1339 3204 se
1364 3155 1552 3216 captos
1590 3162 1815 3205 manere
1850 3148 2120 3216 sciebant,
2144 3163 2205 3204 se
2230 3149 2536 3219 praecipites
2565 3149 2850 3204 dederunt.
2883 3148 3065 3205 Prima
3133 3152 3298 3221 igitur
3359 3152 3503 3224 fugi-

230 3242 462 3294 tivorum
493 3239 690 3313 seditio
733 3254 980 3308 repressa
1013 3241 1116 3295 hoc
1147 3241 1307 3295 modo
1337 3240 1459 3295 fuit.

294 3330 414 3386 Τῶν
449 3330 505 3385 δέ
532 3331 881 3402 στρατιωτῶν
926 3330 1065 3402 πρὸς
1106 3332 1177 3385 τὰ
1223 3333 1401 3389 οίκεῖα
1437 3330 1548 3402 ἢθη
1604 3332 1812 3386 ἀπολυ-

1988 3328 2476 3386 Vernmenimvero
2542 3329 2806 3389 militibus
2842 3329 2907 3385 ad
2954 3331 3113 3405 sedes
3150 3346 3279 3387 suas
3309 3332 3502 3390 dimis-

228 3423 451 3488 θέντων,
486 3418 621 3494 ἧκόν
654 3439 799 3485 τινες
823 3422 1264 3492 ἀπαγγέλλοντες
1286 3424 1368 3477 ὅτι
1400 3424 1632 3476 Πόπλιον
1672 3422 1813 3476 Κλό-

227 3534 354 3580 νιον,
393 3514 695 3585 γενόμενον
750 3513 923 3567 ἱππέα
968 3514 1283 3585 Ῥωμαίων,
1314 3516 1722 3580 ἐπαναστάντες
1764 3515 1814 3568 οἱ

227 3607 396 3660 δοῦλοι
444 3605 794 3675 κατέσφαξαν
817 3605 1151 3676 ὀγδοήκοντα
1175 3606 1352 3671 ὅντες,
1379 3607 1472 3659 καὶ
1498 3608 1578 3661 ὅτι
1610 3606 1814 3676 πλῆθος

228 3699 534 3770 ἀγείρουσι.
623 3696 788 3750 Καὶό
827 3696 925 3768 μὲν
969 3699 1278 3767 στρατηγὸς
1328 3697 1532 3767 ἐτέρων
1595 3696 1814 3768 βουλαῖς

232 3789 691 3862 παρακρουσθεὶς,
723 3790 823 3860 ἤδη
885 3789 979 3843 καὶ
1018 3789 1127 3842 τῶν
1157 3789 1429 3843 πλείστων
1459 3789 1813 3861 στρατιωτῶν

234 3881 653 3950 ἀπολελυμένων
686 3880 754 3947 ⁸¹,
783 3880 977 3951 καιρὸν
1003 3883 1229 3952 παρεῖχε
1265 3880 1355 3934 διά
1398 3880 1497 3949 τῆς
1544 3880 1815 3950 ἀναϐολῆς

232 3977 338 4037 τοῖς
355 3974 691 4036 ἀποστάταις
709 3972 915 4042 βέλτιον
932 3971 1131 4035 αὐτοὺς
1148 3972 1576 4041 ἀσφαλίσασθαι.
1599 3973 1814 4043 Προῆγε

234 4066 289 4118 δέ
323 4065 461 4135 μετά
522 4065 632 4118 τῶν
681 4064 912 4118 ἐνόντων
961 4062 1330 4135 στρατιωτῶν,
1366 4064 1464 4117 καὶ
1497 4062 1688 4126 διαϐὰς
1723 4062 1815 4116 τὸν

239 4158 440 4211 ’Ἄλϐαν
463 4156 729 4227 ποταμὸν,
748 4154 994 4227 παρῆλθε
1018 4156 1144 4220 τοὺς
1177 4156 1487 4218 ἀποστάτας
1510 4153 1816 4225 διατρίϐον-

235 4264 330 4312 τας
362 4249 421 4300 ἐν
446 4247 566 4317 ὄρει
615 4245 936 4316 καλουμένῳ
973 4244 1303 4316 Καπριανῷ,
1338 4248 1435 4298 καὶ
1477 4245 1816 4315 κατήντησεν

237 4340 314 4402 είς
342 4339 501 4392 πόλιν
541 4336 896 4409 Ἡράκλειαν.
942 4336 1037 4390 Ἐκ
1061 4336 1171 4407 γὰρ
1191 4336 1237 4368 δ’
1264 4334 1358 4388 τοῦ
1389 4336 1465 4405 μὴ
1489 4334 1817 4405 προσϐαλεῖν

238 4431 416 4494 αὐτοῖς
462 4430 556 4482 τὸν
610 4429 919 4501 στρατηγὸν
951 4427 1213 4499 ἀτολμίαν
1245 4426 1412 4482 αὑτοῦ
1446 4426 1817 4497 διαφημίσαν-

235 4536 340 4585 τες,
375 4518 606 4591 συχνοὺς
625 4519 871 4573 ἀνέσειον
898 4520 1007 4574 τῶν
1037 4518 1284 4573 οἰκετῶν.
1313 4517 1423 4573 Καὶ
1443 4518 1654 4570 πολλῶν
1682 4520 1816 4589 συῤ-

236 4613 467 4681 ῥεόντων
493 4611 701 4666 καὶτὸν
738 4610 963 4665 δυνατὸν
1007 4611 1208 4683 τρόπον
1261 4609 1340 4672 είς
1405 4609 1586 4679 μάχην
1636 4624 1815 4678 παρα-

1918 3420 2015 3485 sis,
2045 3418 2273 3475 affertur
2302 3435 2331 3473 a
2355 3418 2680 3489 quibusdam
2718 3420 2961 3485 nuntius,
2994 3435 3181 3476 servos
3204 3421 3274 3477 80
3298 3424 3498 3492 conju-

1921 3513 2130 3568 ratione
2161 3511 2303 3567 facta
2333 3510 2398 3565 P.
2428 3511 2677 3568 Clonium
2708 3512 2796 3581 qui
2822 3513 3094 3581 equestris
3125 3514 3336 3569 ordinis
3365 3515 3493 3579 fuit,

1920 3602 2277 3667 interfecisse,
2338 3616 2699 3673 magnamque
2750 3602 2851 3657 sibi
2898 3619 3119 3659 manum
3179 3606 3494 3677 adiungere.

1916 3694 2224 3761 Quinetiam
2291 3694 2408 3765 ipse
2454 3694 2753 3764 imperator
2789 3697 3034 3752 consiliis
3064 3697 3294 3751 aliorum
3333 3698 3498 3754 dece-

1918 3799 2064 3855 ptus,
2090 3786 2202 3854 jam
2228 3786 2368 3842 bona
2395 3801 2617 3842 suorum
2642 3786 2877 3842 militum
2902 3796 3054 3857 parte
3073 3788 3295 3843 dimissa
3312 3829 3328 3850 .
3356 3789 3500 3844 defe-

1915 3878 2158 3934 ctoribus
2186 3878 2253 3933 ad
2282 3894 2342 3934 se
2365 3878 2904 3935 meliusmnniendos
2929 3888 3141 3946 tempus
3163 3880 3501 3936 dabat.Tan-

1915 3970 2041 4026 dem
2096 3982 2277 4026 tamen
2299 3985 2423 4024 cum
2463 3970 2828 4040 qualicunque
2876 3973 3051 4039 potuit
3100 3987 3263 4026 manu
3298 3974 3364 4026 ad
3400 3989 3500 4029 eos

1916 4060 2221 4123 contendit,
2276 4061 2609 4132 trajectoque
2664 4058 2830 4114 ﬂuvio
2883 4060 3043 4124 Alba,
3093 4060 3399 4116 defectores
3445 4063 3497 4116 in

1917 4164 2100 4207 monte
2146 4151 2421 4221 Capriano
2471 4151 2762 4206 stationem
2812 4162 3039 4219 agentes
3081 4161 3502 4219 praetergressus

1915 4252 2023 4309 est,
2048 4254 2105 4298 et
2127 4246 2193 4298 ad
2227 4244 2418 4300 urbem
2447 4236 2763 4299 Heracleam
2788 4245 3051 4316 perrexit.
3080 4244 3216 4299 Cum
3247 4245 3409 4314 igitur
3431 4245 3499 4301 de

1916 4337 2135 4409 ignavia
2152 4337 2497 4407 imperatoris
2517 4352 2791 4392 rumorem
2803 4336 3153 4405 sparsissent,
3176 4345 3362 4405 utpote
3376 4336 3500 4391 illos

1917 4430 2107 4499 praelio
2142 4428 2414 4485 lacessere
2439 4442 2546 4483 non
2576 4428 2719 4491 ausi,
2748 4427 2951 4481 multos
2988 4442 3053 4481 ex
3092 4426 3267 4485 servis
3296 4427 3364 4480 ad
3397 4426 3495 4480 de-

1917 4521 2209 4575 fectionem
2232 4519 2571 4584 animabant,
2604 4517 2740 4572 adeo
2768 4515 2954 4571 multis
2994 4516 3233 4584 undique
3258 4516 3500 4571 circum-

1915 4609 2231 4675 fluentibus,
2277 4622 2445 4677 seque
2494 4609 2580 4671 iis,
2633 4621 2864 4676 quorum
2921 4604 3233 4659 facultatem
3285 4614 3500 4675 tempus

235 4704 674 4773 σκευαζομένων,
752 4703 811 4755 ἐν
892 4701 1035 4755 ἑπτὰ
1097 4702 1219 4765 ταῖς
1281 4699 1527 4773 πρώταις
1580 4699 1814 4770 ἡμέραις

1920 4702 2182 4769 locusque
2220 4699 2444 4763 dabant,
2482 4696 2649 4750 armis
2685 4696 3096 4760 instruentibus,
3124 4706 3180 4749 ut
3210 4695 3350 4773 intra
3384 4696 3499 4763 pri-

232 4793 693 4863 καθωπλίσθησαν
751 4792 971 4855 πλείους
1028 4790 1136 4843 τῶν
1203 4789 1558 4855 ὀκτακοσίων,
1614 4788 1811 4858 ἐφεξῆς

233 4883 275 4934 δ’
300 4886 546 4951 ἐγένοντο
577 4885 686 4937 τῶν
725 4882 1000 4954 δισχιλίων
1038 4883 1139 4936 οὐκ
1168 4882 1447 4946 ἐλάττους.
1500 4881 1811 4951 Πυθόμενος

234 4976 275 5027 δ’
306 4979 361 5029 ἐν
406 4977 703 5048 Ἡρακλεία
764 4979 863 5047 τὴν
910 4976 1138 5046 αὔξησιν
1182 4976 1360 5028 αὐτῶν
1425 4977 1453 5028 ὁ
1510 4973 1815 5043 στρατηγὸς

235 5068 474 5139 ἡγεμόνα
504 5069 922 5138 προεχειρίσατο
946 5069 1172 5137 Μάρκον
1213 5067 1469 5129 Τιτίνιον,
1502 5066 1626 5128 δοὺς
1664 5063 1813 5134 αὐτῷ

237 5161 569 5231 στρατιώτας
597 5163 724 5225 τοὺς
743 5163 806 5213 ἐκ
828 5161 925 5230 τῆς
950 5161 1146 5229 Ἕννης
1177 5160 1448 5230 φρουροὺς
1471 5156 1807 5221 ἑξακοσίους.

237 5246 401 5316 Οὗτος
422 5255 477 5307 δέ
515 5254 663 5326 μάχῃ
719 5251 1043 5324 προσϐαλὼν
1094 5254 1207 5315 τοῖς
1269 5250 1626 5312 ἀποστάταις,
1686 5247 1810 5300 ἐπεὶ

238 5346 327 5397 καὶ
348 5345 425 5415 τῷ
473 5347 669 5416 πλήθει
701 5347 797 5398 καὶ
849 5347 968 5408 ταῖς
985 5343 1313 5415 δυσχωρίαις
1343 5342 1389 5376 ⁸³
1419 5340 1808 5394 ἐπλεονέκτουν

1918 4804 2037 4844 mos
2072 4797 2279 4857 septem
2309 4788 2426 4841 dies
2455 4784 2784 4853 octingentis
2815 4785 2997 4854 plures
3032 4786 3228 4838 armati
3271 4784 3496 4851 fuerint,

1918 4896 2104 4950 posuea
2152 4893 2281 4932 vero
2329 4892 2501 4945 usque
2534 4878 2600 4930 ad
2647 4878 2877 4930 duorum
2931 4876 3159 4930 millium
3209 4892 3498 4931 uulnerum

1917 4976 2209 5031 creverint.
2252 4974 2549 5042 Postquam
2592 4983 2773 5027 autem
2816 4972 3113 5040 imperator
3143 4973 3282 5041 apud
3327 4971 3497 5026 llera-

1915 5067 2088 5121 cleam
2118 5066 2185 5121 de
2218 5065 2391 5119 auctis
2434 5080 2622 5120 eorum
2660 5064 2866 5117 viribus
2897 5063 3105 5117 certior
3146 5062 3343 5117 factus
3372 5061 3494 5125 fuit,

1914 5158 2109 5213 ducem
2168 5158 2429 5212 adversus
2490 5172 2586 5210 eos
2640 5154 2879 5209 Marcum
2944 5153 3205 5207 Titinium
3261 5152 3493 5214 creavit.

1914 5265 2148 5320 eumque
2173 5266 2296 5305 cum
2337 5249 2613 5304 sexcentis
2639 5263 2706 5303 ex
2736 5248 2890 5303 Enna
2925 5245 3278 5316 praesidiariis
3309 5244 3494 5309 militi-

1916 5343 2018 5396 bus
2036 5342 2206 5397 misit.
2237 5342 2333 5395 llic
2369 5356 2499 5395 vero
2527 5340 2831 5395 defectores
2861 5338 3084 5392 adortus
3127 5337 3312 5407 praelia
3347 5334 3491 5404 (cum

238 5437 451 5503 ἐκεῖνοι,
476 5438 687 5509 ἐτράπη
723 5438 820 5489 σὺν
863 5438 974 5499 τοῖς
1032 5435 1164 5505 περὶ
1216 5434 1398 5498 αὑτὸν,
1426 5431 1638 5485 πολλῶν
1699 5430 1799 5501 μὲν

1918 5432 1982 5483 illi
2031 5441 2085 5484 et
2122 5445 2347 5485 numero
2390 5431 2695 5500 superiores
2735 5437 2938 5492 essent,
2963 5436 3018 5482 et
3061 5426 3113 5481 in
3156 5440 3224 5480 eo
3280 5441 3495 5495 quoque

1523 5573 1758 5629 VARI/El
1800 5568 2201 5626 LECTIONES.

308 5668 669 5734 “Atxxiwm;
688 5658 753 5726 Α.
828 5671 874 5704 ’⁸⁵
890 5671 949 5725 τὸ
978 5687 1091 5728 om.
1123 5672 1187 5725 A.
1265 5673 1309 5704 ⁸³
1339 5670 1587 5725 Γαδδαῐον
1618 5669 1677 5723 Β.
1747 5668 1792 5699 ⁸⁸
1814 5665 1980 5738 αὑτοῦ
2014 5665 2093 5738 Βε
2114 5664 2159 5697 ⁸⁷
2176 5664 2308 5738 τῶν]
2335 5666 2554 5718 καὶτῶν
2710 5664 2755 5738 ξε
2874 5663 3030 5738 δίη-ωΔ
3087 5661 3132 5693 δ’
3169 5659 3494 5738 ἀποστατῶν

244 5740 404 5811 091.8
431 5752 481 5795 et
505 5758 585 5809 pr.
619 5744 683 5796 A.
738 5744 783 5773 ⁸ο
810 5742 1144 5811 μαχούμενοι
1168 5760 1227 5809 ς.

245 5806 353 5865 οὖν.
440 5813 483 5843 ⁸³
507 5806 861 5882 ’δυσχερείαις
891 5806 954 5875 ξ.

478 5905 746 5963 Ρηιιοι..
780 5906 896 5963 (in.
934 5903 1093 5965 CI”.

1332 5743 1374 5776 ⁸⁸
1403 5739 1748 5812 στρατιωτῶν
1785 5736 2209 5807 ἀπολελυμένων
2257 5736 2368 5790 oin.
2408 5738 2471 5789 A.

2577 5737 2621 5769 υ·
2669 5734 2800 5805 γάρ]
2829 5729 2957 5801 γοῦν
3005 5734 3071 5797 Α,
3104 5731 3414 5801 praestiterit
3443 5729 3491 5781 δ’

3039 5891 3115 5951 [ιὸ
