3924 6462
399 406 537 471 1419
682 466 683 469 η
1570 400 1831 464 ΡΗΟΤΙῙ
1869 396 2375 459 ΡᾹΤῙΠΛΗΕΗᾹΞ
2407 396 2515 457 CP.
3538 391 3665 459 1420

398 520 609 577 meliori
642 519 954 576 conditione
982 518 1179 586 forent,
1211 519 1352 589 quod
1383 518 1516 575 locis
1549 517 1823 573 diliicilem
1867 515 1987 569 adi-

2120 512 2509 583 ιναιρεθέντων.
2540 509 2649 564 τῶν
2672 509 2730 563 δέ
2752 508 2959 564 λοιπῶν
2993 508 3270 583 ῥιψάντων
3294 507 3364 562 τὰ
3388 506 3535 563 ὅπλα
3578 512 3670 563 καὶ

398 619 511 665 tum
543 608 914 678 praebentibus
960 606 1407 676 defenderentur)
1439 646 1455 671 ,
1493 621 1596 659 una
1628 619 1751 658 cum
1798 604 1866 658 iis
1892 600 1983 669 qui

2120 605 2235 673 ›υγῇ
2266 602 2421 673 μόλις
2466 601 2871 656 διασωθέντων.
2928 600 3037 653 Καὶ
3064 601 3112 653 oi
3156 598 3460 652 ἀποστάται
3500 596 3672 651 ὅπλων

400 700 477 753 illi
504 699 753 752 astabant
782 708 929 768 terga
955 698 1124 764 dedit,
1164 698 1457 767 multisque
1488 693 1808 759 interfectis,
1857 692 1988 747 reli-

2120 708 2150 744 ηε
2176 692 2578 763 εὐπορήσαντες
2592 692 2862 744 τοσούτων
2886 689 3079 759 άθρόον
3109 689 3203 741 καὶ⁸
3228 688 3405 757 νίκης,
3429 687 3677 756 θρασύτε·

398 787 490 856 qui
516 786 739 855 abjectis
764 786 931 840 armis
951 787 1038 840 vix
1066 786 1171 841 sibi
1200 785 1321 855 fuga
1348 784 1578 840 salutem
1602 782 1987 852 quaesiverunt.

2120 800 2189 836 ιον
2219 782 2432 853 εἴχοντο
2460 782 2571 836 τῶν
2602 782 2802 854 ἐργων,
2833 782 2928 834 καὶ
2960 780 3161 842 πάντες
3177 780 3283 833 τῶν
3318 778 3526 832 δούλων
3556 782 3679 848 ἐμε-

404 883 713 937 Defectores
743 882 908 953 igitur
938 890 1019 937 tot
1041 881 1358 948 armaturis,
1384 879 1544 937 simul
1572 879 1738 935 etiam
1762 876 1991 933 victoria

2120 876 2422 945 τεωρίζοντο
2451 874 2587 944 πρὸς
2614 874 2937 928 ἀπόστασιν.
2968 873 3080 927 Καὶ
3099 872 3308 924 πολλῶν
3326 872 3451 925 καθ’
3474 872 3680 941 ἡμέραν

402 974 583 1030 subito
608 974 788 1043 potiti,
828 975 881 1029 in
911 989 1010 1029 suo
1040 974 1255 1043 incepto
1292 972 1552 1028 audacius
1576 969 1899 1039 pergebant,
1937 975 1994 1022 et

2120 965 2495 1035 ἱφισταμένων
2554 964 2821 1033 σύντομον
2874 962 2970 1017 καὶ
3025 960 3325 1031 παράδοξον
3379 958 3681 1028 ἐλάμϐανον

402 1062 643 1115 omnium
675 1076 958 1116 servorum
991 1061 1159 1115 animi
1208 1061 1273 1115 ad
1316 1076 1464 1130 spem
1519 1058 1785 1115 libertatis
1816 1056 1991 1127 erige-

2120 1054 2365 1125 αὔξησιν,
2398 1056 2474 1119 ὡς
2502 1057 2560 1108 ἐν
2612 1055 2824 1123 ὀλίγαις
2874 1053 3111 1125 ἡμέραις
3159 1052 3376 1115 πλείους
3440 1050 3683 1118 γενέσθαι

407 1156 628 1207 bantur.
659 1153 905 1223 Cumque
934 1153 1086 1207 multi
1114 1154 1163 1207 in
1186 1153 1301 1207 dies
1325 1152 1641 1216 deficerent,
1672 1152 1825 1207 brevi
1856 1159 1997 1206 tem-

2120 1142 2210 1195 τῶν
2249 1140 2655 1213 ἑξακισχιλίων,
2689 1143 2779 1197 ὅτε
2802 1142 2865 1212 δὴ
2906 1144 3003 1195 καὶ
3053 1143 3134 1205 είς
3151 1141 3477 1211 ’ἐκκλησίαν
3506 1140 3684 1193 συνελο

404 1260 537 1317 pore
576 1259 737 1315 supra
767 1259 928 1314 quam
962 1244 1106 1299 credi
1133 1244 1299 1317 possit
1347 1254 1536 1297 auctus
1566 1258 1752 1297 eorum
1808 1257 2000 1297 nume-

2120 1237 2288 1299 ldvrec
2322 1236 2419 1291 καὶ
2446 1236 2643 1307 βουλῆς
2670 1234 3030 1306 προτεθείσης
3049 1234 3265 1305 πρῶτον
3287 1233 3386 1303 μὲν
3409 1233 3625 1285 εἵλαντο
3643 1234 3682 1265 ⁸⁸

406 1310 500 1391 rus
547 1337 665 1391 fuit.
717 1334 997 1402 Siquidem
1073 1310 1465 1403 intra.patI‘COs
1510 1335 1628 1389 dies
1676 1335 1859 1403 plures
1907 1349 2002 1389 sex

2120 1326 2334 1381 Βασιλέα
2364 1327 2459 1380 τὸν
2515 1327 2915 1397 ὀνομαζόμενον
2971 1324 3247 1388 Σαλούῖον,
3278 1323 3552 1379 δοκοῦντα
3598 1327 3684 1395 τῆς

408 1427 647 1481 miilibus
675 1427 942 1479 numerati
979 1424 1214 1479 fuerunt.
1262 1423 1399 1478 Tum
1430 1438 1563 1480 vero
1594 1433 1785 1480 coacto
1815 1424 2003 1479 conci-

2120 1418 2463 1489 ἱεροσκοπίας
2512 1418 2775 1489 ἔμπειρον
2822 1412 2963 1471 εἶναι
3020 1418 3114 1471 καὶ
3138 1418 3321 1479 ταῖς⁵⁸
3355 1417 3685 1485 γυναικείαις

411 1516 503 1578 lio,
545 1523 599 1569 et
651 1513 1045 1571 deliberatione
1098 1517 1167 1569 de
1216 1530 1429 1570 summa
1479 1531 1663 1571 rerum
1705 1516 2001 1585 proposita,

2120 1508 2259 1572 5έαις
2309 1506 2743 1578 αύλομανοῢντα.
2800 1501 2969 1571 Οὗτος
3041 1506 3367 1577 βασιλεύσας
3447 1505 3546 1567 τάς
3597 1505 3687 1576 μὲν

411 1617 537 1660 ante
590 1607 771 1660 omnia
840 1614 1099 1660 crearunt
1150 1621 1334 1677 regem
1395 1605 1636 1661 Salvium
1691 1607 2004 1678 quemdam,

2120 1600 2299 1663 πόλεις
2340 1600 2543 1671 ἀργίας
2598 1602 2694 1654 καὶ
2733 1600 2945 1671 τρυφῆς
2978 1598 3214 1670 νομίζων
3262 1598 3564 1665 ἐξέκλινεν,
3615 1600 3684 1662 εις

408 1694 608 1764 3881)
643 1694 733 1762 qui
782 1695 1108 1763 aruspicinae
1140 1697 1343 1764 peritus
1371 1698 1691 1763 habebatur,
1724 1706 1778 1752 et
1808 1697 1860 1751 in
1892 1714 2007 1752 mu-

2120 1693 2238 1764 τρία
2265 1692 2322 1746 δὲ
2354 1693 2585 1763 μερίσας
2604 1693 2729 1756 τοὺς
2763 1691 3098 1755 ἀποστάτας,
3140 1692 3235 1745 καὶ
3286 1692 3441 1754 ῐσους
3492 1690 3684 1761 ήγεμό-

411 1786 597 1840 licrem
647 1801 847 1842 corona
892 1797 1055 1841 cantu
1087 1788 1364 1853 tibiarum,
1416 1788 1487 1843 ad
1534 1788 1799 1844 insaniam
1842 1803 2011 1859 usque

2120 1801 2212 1849 νας
2240 1784 2657 1855 ἐγκαταστήσας
2686 1786 2803 1847 ταῖς
2848 1784 3054 1854 μερίσι,
3092 1782 3433 1854 προσέταξεν
3480 1783 3682 1835 ἐπιέναι

412 1885 753 1945 perstrepere
777 1878 969 1933 solitus
997 1887 1134 1933 erat.
1179 1877 1275 1933 Hic
1310 1894 1531 1950 regnum
1587 1880 1837 1948 adeptus,
1883 1894 2008 1935 cum

2120 1876 2212 1946 τὴν
2240 1852 2427 1947 χώραν
2456 1852 2552 1929 καῖ
2576 1874 2712 1945 πρὸς
2745 1852 3039 1930 ἐναντόπον
3075 1852 3166 1931 καὶ
3215 1876 3411 1946 καιρὸν
3458 1875 3685 1940 ἅπαντας

420 1967 583 2021 urbes
622 1967 829 2021 desidia
866 1967 1147 2024 mollitiem
1182 1966 1366 2023 fovere
1395 1968 1755 2032 existimaret,
1786 1983 1880 2025 eas
1906 1968 2009 2025 sibi

2120 1967 2383 2033 άπαντᾷν.
2438 1966 2530 2019 Διὸ
2580 1967 2791 2020 πολλῶν
2844 1968 2908 2020 ἐκ
2951 1968 3052 2037 τῆς
3086 1967 3383 2029 ἐπελασίας
3418 1966 3591 2020 ἄλλων
3634 1985 3685 2020 τε

411 2061 661 2117 vitandas
685 2061 970 2131 judicavit.
997 2063 1176 2129 Quare
1207 2062 1568 2119 defectoribus
1596 2071 1707 2119 tres
1745 2064 1797 2118 in
1829 2072 2012 2133 partes

2120 2055 2271 2123 ζώων
2316 2059 2411 2111 καὶ
2471 2058 2660 2112 ἵππων
2701 2058 3238 2130 εύπορήσαντες,·ἐν
3292 2058 3469 2128 ὀλίγῳ
3525 2059 3685 2129 χρόνῳ

410 2154 622 2218 divisis,
643 2154 975 2224 totidemque
994 2155 1224 2210 ducibus
1251 2154 1540 2223 unicuique
1554 2156 1693 2222 parti
1715 2156 2011 2212 attributis’

2120 2150 2638 2222 κατεσκευάσθησαν
2692 2151 2882 2215 ίππεῖς
2912 2153 3011 2219 μὲν
3038 2150 3167 2223 [654
3202 2150 3298 2223 it]
3336 2151 3565 2213 πλείους
3585 2151 3681 2204 τῶν

411 2244 604 2300 effusis
638 2244 1074 2314 populationibus
1098 2259 1385 2315 peragrare
1408 2246 1677 2315 regionem
1703 2254 2012 2314 totam,om-

2120 2240 2410 2312 δισχιλίων,
2442 2242 2599 2307 πεζοὶ
2621 2242 2677 2296 δὲ
2733 2244 2835 2297 οὐκ
2896 2242 3155 2307 ἐλάττους
3207 2244 3314 2298 τῶν
3376 2244 3683 2312 δισμυρίων,

413 2348 511 2389 nes
525 2350 630 2405 que
664 2343 874 2389 certum
908 2336 972 2389 ad
1009 2336 1484 2404 locum,certoque
1508 2345 1747 2405 tempore
1767 2353 2012 2393 remeare

2120 2333 2215 2405 ἤδη
2273 2335 2367 2386 καὶ
2428 2335 2762 2404 γυμνασίαις
2834 2335 3160 2406 πολεμικαῖς
3218 2337 3682 2407 ἐνδιαπρέποντες.

411 2421 721 2491 imperavit.
740 2422 818 2476 Illi
835 2438 957 2476 cum
973 2423 1200 2478 aliorum
1216 2423 1555 2487 animalium,
1570 2432 1681 2477 tum
1701 2438 1829 2479 vero
1844 2439 2012 2495 equo-

2120 2425 2525 2495 Προσπεσόντες
2564 2425 2658 2482 οὖν
2703 2427 2856 2497 ἄφνω
2892 2428 3047 2482 πόλει
3109 2430 3280 2501 ὀχυρᾷ
3309 2429 3684 2500 Μοργαντίνῃ,

413 2524 532 2562 rum
559 2510 771 2579 capiam
792 2509 904 2565 suis
932 2510 1346 2566 excursionibus
1368 2511 1567 2580 adepti,
1594 2511 1742 2566 brevi
1768 2512 2007 2582 peditum

2120 2515 2425 2585 προσϐολὰς
2460 2518 2706 2587 ἐνεργεῖς
2762 2518 2857 2573 καὶ
2917 2522 3159 2590 συνεχεῖς
3211 2520 3519 2586 ἐποιοῦντο.
3560 2520 3613 2573 Ὀ
3635 2520 3685 2574 δὲ

412 2596 603 2663 viginti
649 2596 837 2662 millia,
874 2598 1115 2666 equitum
1155 2598 1263 2653 duo
1308 2596 1604 2653 effecerunt
1638 2615 1651 2652 :
1686 2599 1848 2668 idque
1900 2599 2006 2653 ho-

2120 2609 2423 2678 στρατηγὸς
2453 2610 2530 2673 ὡς
2559 2610 2840 2682 βοηθήσων
2867 2611 2912 2643 ³⁸
2931 2612 2996 2681 τῇ
3030 2611 3181 2665 πόλει
3217 2612 3490 2673 ἐπελθὼν,
3518 2630 3688 2667 νυκτο-

410 2683 619 2737 minum
656 2684 746 2753 qui
776 2685 890 2753 jam
945 2685 1256 2740 tirocinium
1288 2700 1392 2740 non
1429 2686 1550 2741 sine
1594 2701 1807 2741 summa
1852 2686 2012 2743 laude

2120 2700 2281 2771 πορίᾳ
2313 2700 2359 2732 ⁸⁷
2394 2702 2761 2773 χρησάμενος,
2832 2702 2971 2773 ἔχων
3030 2704 3147 2774 μεθ’
3176 2704 3374 2758 ἐαυτοῦ
3428 2702 3587 2777 [H77
3610 2704 3687 2777 8.]

410 2782 727 2840 posuerant.
762 2770 1005 2840 Repente
1031 2773 1195 2841 igitur
1227 2772 1293 2827 ad
1329 2772 1517 2827 urbem
1570 2774 1832 2828 munitam
1866 2774 2010 2828 Mor-

412 2861 690 2931 gantinam
718 2878 913 2931 magno
948 2863 1153 2932 impetu
1203 2863 1539 2918 contendunt
1591 2880 1606 2918 :
1635 2878 1867 2933 eamque
1896 2874 2008 2918 tum

412 2952 627 3017 validis,
654 2962 765 3004 tum
800 2952 1033 3006 assiduis
1072 2951 1523 3022 impressionibus
1570 2968 1884 3023 oppugnare
1914 2968 2009 3008 oc-

413 3045 643 3113 cipiunt.
672 3041 974 3113 lmperator
1008 3054 1188 3098 autem
1216 3058 1341 3098 cum
1371 3044 1563 3100 eodem
1609 3047 1889 3100 nocturnis
1916 3047 2009 3101 iti-

417 3140 642 3195 net-ibus
705 3140 1069 3209 pervenisset,
1131 3149 1389 3209 tanquam
1447 3139 1514 3195 ad
1571 3139 1826 3196 ferendas
1887 3140 2005 3195 urbi

415 3231 716 3301 suppetias,
754 3231 959 3288 ducens
1012 3232 1243 3287 militum
1292 3232 1513 3288 circiter
1564 3233 1753 3287 decem
1814 3232 2007 3296 millia,
2039 3224 2083 3282 C

416 3328 613 3398 partim
679 3324 1022 3391 Italicorum,
1076 3328 1275 3397 partim
1335 3343 1403 3383 ex
1462 3327 1677 3392 Sicilia,
1709 3326 2017 3386 defectores

415 3422 562 3475 circa
604 3420 945 3476 obsidionem
996 3431 1288 3491 occupatos
1332 3421 1562 3476 invenit.
1610 3421 1746 3477 Cum
1799 3438 1933 3495 ergo
1962 3424 2014 3479 in

416 3522 606 3563 eorum
635 3516 814 3563 castra
851 3508 1210 3578 irruptionem
1252 3510 1493 3575 fecisset,
1530 3518 1585 3565 et
1624 3510 1877 3579 exiguum
1907 3510 2019 3566 illic

418 3604 728 3674 praesidium
778 3604 1093 3673 reperisset,
1148 3619 1399 3674 magnam
1454 3614 1639 3661 autem
1677 3605 2014 3672 captivarum

420 3694 844 3759 multitudinem,
885 3710 1133 3765 magnam
1162 3695 1290 3750 item
1320 3694 1459 3751 alius
1493 3694 1688 3767 praedae
1709 3697 1889 3750 omnis
1920 3710 2016 3764 ge-

420 3786 591 3850 neris,
624 3785 769 3842 nullo
799 3785 1015 3855 negotio
1048 3796 1227 3841 castra
1259 3786 1473 3841 illorum
1507 3787 1807 3853 submovit,
1834 3787 2018 3856 iisque

419 3879 648 3946 direptis
678 3880 746 3934 ad
778 3880 966 3935 urbem
1020 3879 1416 3951 Morgantinam
1463 3881 1569 3936 iter
1610 3882 1904 3937 convertit.
1948 3883 2012 3938 At

2123 3899 2363 3952 κτείνειν
2390 3899 2498 3953 τῶν
2538 3900 2608 3954 τὰ
2651 3901 2792 3954 ὅπλα
2825 3902 3189 3974 ῥιπτούντων,
3220 3908 3269 3959 οἱ
3316 3907 3559 3961 πλεῖστοι
3619 3912 3689 3979 ῥι-

422 3973 727 4029 defectores
754 3982 977 4051 repente
1004 3975 1059 4029 in
1102 3975 1255 4030 illum
1292 3976 1565 4032 irruentes
1589 3978 1857 4042 vicissim,
1890 3993 2012 4033 cum

2121 3990 2385 4054 πτοῦντες
2415 3992 2461 4024 ⁸⁵
2490 3973 2862 4062 ἐφευγον.Καὶ
2890 3995 3065 4068 τούτῳ
3084 3997 3162 4067 τῷ
3185 3998 3376 4070 τρόπῳ
3408 3973 3691 4073 καταστρα-

423 4068 591 4120 eloco
608 4067 889 4136 superiore
910 4076 1235 4136 pugnarent,
1259 4068 1492 4122 violenta
1515 4069 1816 4139 irruptione
1847 4069 2012 4137 facta,

2121 4084 2373 4151 τηγήσας
2401 4083 2528 4147 τοὺς
2558 4083 2854 4155 πολεμίους
2882 4087 2910 4139 ὁ
2939 4087 3195 4163 Σαλούῐος
3216 4067 3316 4161 τήν
3339 4067 3401 4145 τε
3426 4067 3685 4165 παρεμόο-

424 4162 717 4217 secundam
774 4161 1046 4215 fortunam
1092 4163 1349 4232 eXperiri,
1392 4162 1621 4218 Romani
1675 4165 2012 4235 imperatoris

2123 4174 2221 4246 λὴν
2246 4176 2605 4247 ἀνεκτήσατο,
2628 4179 2722 4231 καὶ
2740 4161 3067 4252 περιϐόητον
3087 4183 3246 4256 νίκην
3266 4161 3689 4259 ἀπενεγκάμενος

425 4253 595 4323 copiae
627 4261 777 4323 terga
822 4261 1035 4307 vertere
1075 4263 1376 4324 cmperuut.
1424 4255 1693 4310 Czeterum
1747 4257 1872 4325 quia
1912 4271 2006 4311 rex

2122 4265 2337 4318 πολλῶν
2375 4265 2557 4320 ὃπλων
2588 4267 2928 4338 ἐκυρίευσεν.
2977 4253 3276 4326 Ἀπέθανον
3303 4274 3361 4327 δὲ
3390 4253 3688 4347 ἐν’τῇτμάχῃ

424 4341 765 4397 defectorum
795 4342 1161 4411 imperaverat
1204 4344 1404 4408 edicto,
1452 4353 1513 4398 ut
1554 4344 1812 4399 omnibus
1862 4360 2012 4401 arma

2123 4356 2232 4409 τῶν
2262 4356 2581 4411 Ἰταλιωτῶν
2615 4374 2674 4411 τε
2701 4360 2794 4413 καὶ
2826 4361 3064 4416 Σικελῶν
3080 4363 3141 4416 οὐ
3167 4365 3388 4431 πλείους
3412 4341 3685 4433 ἑξακοσίων

424 4433 806 4503 abjicientibns
861 4446 1196 4503 parceretur,
1238 4435 1375 4491 bona
1432 4450 1563 4506 pars
1594 4438 1661 4491 lis
1689 4437 1915 4506 abiectis
1962 4441 2012 4494 in

2123 4447 2212 4501 διὰ
2239 4447 2338 4519 τὴν
2364 4448 2460 4502 τοῦ
2510 4452 2869 4522 κηρύγματος
2900 4453 3336 4527 φιλανθρωπίαν,
3380 4460 3615 4513 ἑάλωσαν
3640 4460 3687 4513 δὲ

422 4525 604 4595 fugam
633 4541 693 4582 se
722 4527 906 4583 dabat.
950 4526 1070 4595 Quo
1102 4529 1323 4597 quidem
1369 4537 1760 4598 stratagemate
1793 4530 2011 4590 Salvius

2126 4540 2256 4612 περὶ
2300 4544 2798 4614 τετρακισχιλίους.
2848 4545 2910 4599 'U
2938 4547 2995 4600 δὲ
3025 4525 3304 4613 Σαλούῖος,
3331 4551 3543 4605 πολλῶν
3570 4553 3688 4622 πρὸς

429 4623 690 4679 adversus
721 4625 906 4679 hostes
938 4641 1093 4691 usus,
1120 4635 1301 4681 castra
1326 4642 1423 4683 sua
1456 4629 1816 4699 recuperavit,
1846 4632 2012 4689 victor

2125 4633 2291 4686 αὐτὸν
2324 4634 2437 4687 ἀπὸ
2466 4633 2571 4688 τοῦ
2604 4636 3031 4708 κατορθώματος
3058 4639 3104 4671 ⁸⁸
3126 4642 3490 4711 συρρεὀντων,
3518 4644 3689 4697 διπλα-

432 4716 621 4784 riaque
639 4715 800 4769 simul
826 4725 879 4770 et
907 4732 1102 4787 magna
1134 4718 1479 4775 multitudine
1511 4734 1786 4775 armorum
1819 4723 2012 4790 potitus

2123 4726 2321 4789 σιάσας
2349 4726 2447 4797 τὴν
2473 4728 2611 4782 ίδίαν
2652 4720 2905 4800 δύναμιν,
2964 4732 3189 4803 ἐκράτει
3245 4735 3356 4789 τῶν
3408 4737 3688 4807 ὑπαίθρων,

426 4814 530 4860 est.
563 4807 906 4869 Caesiautem
943 4810 997 4863 in
1047 4810 1151 4868 hoc
1174 4814 1358 4881 pra-lio
1408 4813 1625 4869 fuerunt
1668 4830 1732 4868 ex
1790 4812 1941 4871 italis
1968 4827 2012 4872 et

2124 4815 2219 4869 καὶ
2268 4816 2585 4887 πολιορκεῖν
2631 4818 2798 4873 πάλιν
2840 4820 3116 4893 ἐπεχείρει
3177 4822 3275 4895 τὴν
3305 4826 3687 4896 Μοργαντῖναν,

429 4894 628 4952 Siculis
673 4912 777 4952 non
818 4898 1001 4968 plures
1023 4903 1320 4966 sexcentis,
1379 4914 1604 4973 propter
1650 4906 1812 4960 edicti
1868 4906 2012 4963 illius

2125 4907 2390 4979 κήρυγμα
2415 4908 2538 4973 δοὺς
2563 4913 2675 4973 τοῖς
2704 4912 2763 4964 ἐν
2789 4912 2927 4984 αὐτῇ
2959 4914 3164 4979 δούλοις
3226 4918 3326 4987 τὴν
3372 4894 3689 4989 ἐλευθερίαν.

428 4985 812 5051 clementiam,
878 4989 974 5045 sed
997 5000 1154 5059 capta
1212 4990 1428 5047 fuerunt
1492 4994 1713 5049 circiter
1782 5006 2012 5065 quatuor

2128 4998 2251 5052 Τῶν
2283 5000 2342 5053 δὲ
2403 5002 2609 5071 κυρίων
2655 5006 3178 5076 άντιπροτεινόντων
3205 5010 3250 5040 ⁸⁸
3271 5010 3455 5073 αὐτοῖς
3482 5014 3688 5081 ταύτην,

430 5076 617 5133 millia.
655 5077 828 5134 Porro
868 5094 992 5134 cum
1017 5081 1082 5135 ad
1126 5080 1391 5145 Salvium,
1439 5084 1604 5139 rebus
1650 5086 1719 5140 ab
1756 5086 1847 5141 illo
1882 5085 2012 5142 bene

2126 5092 2177 5145 εί
2233 5093 2387 5162 σφίσι
2442 5096 2926 5163 συναγωνίσαιντο,
2980 5100 3187 5154 εἴλοντο
3230 5103 3431 5172 μᾶλλον
3464 5107 3562 5174 τὴν
3597 5076 3688 5158 ἀπὸ

429 5169 621 5236 gestis,
652 5170 808 5225 multi
849 5169 1210 5236 c0nﬂuerent,
1236 5171 1506 5240 duplicato
1540 5175 1808 5242 exercitu,
1854 5187 2012 5245 atque

2127 5182 2236 5235 τῶν
2262 5182 2493 5253 κυρίων,
2526 5186 2622 5238 καὶ
2679 5185 2978 5256 προθύμως
3031 5169 3432 5258 ἀγωνισάμενοι
3481 5169 3688 5261 ἀπετρίο

430 5271 616 5329 aperto
638 5261 815 5330 potius
841 5276 1055 5332 campo,
1082 5261 1435 5332 Morgantinze
1464 5263 1805 5321 obsidionem
1838 5268 2012 5321 redin-

2126 5272 2301 5343 ψαντο
2326 5272 2424 5345 τὴν
2456 5275 2796 5343 πολιορκίαν.
2844 5276 2903 5330 '0
2936 5279 2994 5332 δὲ
3042 5282 3346 5352 στρατηγὸς
3376 5286 3510 5354 μελιά
3536 5282 3687 5335 ταῦτα

2132 2791 2443 2857 Ἰταλιώτας
2470 2810 2531 2846 τε
2569 2795 2664 2847 καὶ
2713 2795 2779 2847 ἐκ
2825 2795 3074 2859 Σικελίας
3132 2796 3317 2867 σχεδον
3363 2797 3689 2868 στρατιώτας

2119 2884 2369 2954 μυρίους,
2404 2886 2671 2940 κατέλαϐε
2703 2887 2750 2919 ⁸⁸
2778 2888 2904 2952 τοὺς
2932 2888 3240 2953 ἀποστάτας
3269 2890 3687 2961 ἀσχολουμένους

2115 2974 2246 3046 περὶ
2278 2976 2379 3047 τὴν
2415 2978 2734 3047 πολιορκίαν
2773 2980 2843 3045 ⁵³,
2897 2982 2993 3035 καὶ
3045 2980 3365 3051 ἐπιθέμενος
3404 2982 3582 3036 αὐτῶν
3630 2986 3686 3052 τῇ

2115 3066 2458 3139 παρεμϐολῇ,
2489 3068 2583 3122 καὶ
2603 3070 2781 3141 εὑρὼν
2796 3070 3011 3140 ὀλίγους
3039 3074 3135 3143 μὲν
3160 3074 3288 3137 τοὺς
3312 3074 3688 3142 φυλάττοντας,

2116 3157 2319 3228 πλῆθος
2348 3159 2405 3212 δὲ
2454 3161 2731 3228 γυναικῶν
2764 3163 3129 3233 αἰχμαλώτων
3184 3166 3281 3219 καὶ
3342 3164 3501 3228 λείας
3544 3166 3689 3236 ἄλλης

2119 3253 2494 3317 παντοδαπαῖς
2528 3255 2598 3322 ⁸⁸,
2636 3255 2837 3326 ῥᾳδίως
2888 3256 3056 3321 ἐξεῖλε
3106 3258 3206 3328 τὴν
3261 3257 3687 3328 στρατοπεδείαν.

2120 3351 2228 3403 Καὶ
2264 3348 2470 3418 ταύτην
2501 3346 2601 3419 μὲν
2623 3348 2949 3419 διήρπασεν,
2980 3349 3075 3403 ἐπὶ
3104 3350 3159 3402 δὲ
3196 3330 3294 3422 τὴν
3321 3351 3691 3423 Μοργαντίνην

2117 3441 2274 3515 ἦγεν.
2327 3446 2389 3497 Oi
2423 3443 2467 3496 δ’
2491 3443 2804 3498 ἀποστάται
2830 3443 3090 3515 ἐξαίφνης
3139 3445 3585 3515 ἀντεπιθέμενοι,
3612 3448 3691 3498 καὶ

2122 3534 2439 3607 ὑπερδέξιον
2485 3534 2584 3606 τὴν
2607 3534 2762 3599 τάξιν
2798 3536 2841 3566 ⁶¹
2870 3534 3101 3606 ἔχοντες,
3135 3536 3325 3606 βιαίως
3380 3555 3443 3590 τε
3483 3538 3690 3610 empsi-

2120 3625 2309 3692 ξαντες
2340 3628 2409 3688 θ’,
2434 3625 2596 3689 εὐθὺς
2630 3628 2721 3679 ἐπὶ
2747 3627 2791 3658 ⁸³
2824 3629 3237 3699 προτερήματος
3267 3623 3429 3700 ἦσαν.
3454 3630 3518 3684 Oi
3540 3630 3593 3683 δὲ
3610 3629 3689 3684 τοῦ

2122 3715 2430 3789 στρατηγοῦ
2457 3716 2781 3787 ἐτράπησαν
2816 3716 2951 3788 πρὸς
2978 3719 3181 3788 φυγήν.
3212 3720 3316 3773 Τοῦ
3351 3720 3412 3773 δὲ
3448 3720 3688 3791 βασιλέως

2125 3807 2237 3860 τῶν
2298 3806 2627 3862 ἀποστατῶν
2706 3809 2970 3879 κήρυγμα
3057 3813 3433 3883 ποιησαμένου
3507 3814 3689 3887 μηδένα

1734 5489 1965 5546 νΑιιιΑε
1996 5491 2403 5552 LECTIONES.

494 5672 544 5708 ⁸⁸
569 5675 774 5760 εἴλοντο
809 5694 869 5760 ς.
945 5749 962 5760 “
982 5680 1029 5711 ⁸⁸
1052 5682 1174 5760 ταῖς
1202 5690 1257 5735 et
1285 5682 1318 5734 5
1349 5680 1480 5760 τὰς.
1514 5684 1612 5760 μὲν
1640 5682 1757 5760 add.
1791 5683 1855 5736 A.
1938 5684 2011 5760 ⁸⁵⁸
2045 5684 2257 5760 βοηθῶν
2279 5703 2351 5760 Δς.
2391 5688 2517 5760 __"_
2544 5690 2910 5760 νυκτοπορείᾳ
2969 5691 3028 5743 Α.
3132 5690 3179 5722 ⁸⁸
3209 5688 3468 5744 κατέλαϐε
3489 5683 3679 5760 anno.

437 5745 481 5832 ’ἐξ
508 5746 1190 5832 πρλιορκίαγλπρλιρρκίαν
1213 5745 1531 5832 καταλαϐὼν
1554 5754 1614 5804 Β.
1650 5754 1736 5832 __°°
1759 5745 2109 5832 παντοδαπῆς
2274 5745 2317 5788 ’ἶ
2333 5757 2520 5832 τάξιν]
2540 5762 2731 5812 στάσιν
2768 5745 2833 5815 Ᾱ;
2885 5745 3383 5832 Ἦέπαρὀάξαντες
3416 5760 3473 5813 Β,
3537 5754 3579 5789 ⁸³
3601 5754 3684 5810 ἐπὶ

441 5813 719 5881 Scaliger:
756 5817 877 5870 libri
906 5813 1044 5874 ύπό.’
1074 5882 1083 5889 ,
1125 5824 1168 5853 ⁸³
1202 5823 1479 5892 ῥίπτοντες
1504 5825 1567 5878 Δ.
1646 5826 1689 5857 ⁸⁵
1716 5825 1823 5879 τῶν
1854 5813 2298 5896 κατορθωμάτων
2332 5829 2391 5883 Β.
2423 5813 2439 5823 ’
2471 5813 2518 5861 ⁶δ
2548 5813 3199 5886 ἀντιπαρατεινόντωνἨ.
