  <div class='ocr_page' id='page_1' title='image "/cluster/home/n/w/nwhite01/storage/ocr_20150623/103:no.3/coo.31924054870070/726.png"; bbox 0 0 3924 6422; ppageno 0'>
   <div class='ocr_carea' id='block_1_1' title="bbox 261 394 383 459">
    <p class='ocr_par' dir='ltr' id='par_1_1' title="bbox 261 394 383 459">
     <span class='ocr_line' id='line_1_1' title="bbox 261 394 383 459; baseline 0.033 -4"><span class='ocrx_word' id='word_1_1' title='bbox 261 394 383 459; x_wconf 61' lang='lat' dir='ltr'><strong>liii</strong></span> 
     </span>
    </p>
   </div>
   <div class='ocr_carea' id='block_1_2' title="bbox 1348 374 2472 438">
    <p class='ocr_par' dir='ltr' id='par_1_2' title="bbox 1348 374 2472 438">
     <span class='ocr_line' id='line_1_2' title="bbox 1348 374 2472 438; baseline -0.004 -1"><span class='ocrx_word' id='word_1_2' title='bbox 1348 375 1870 438; x_wconf 82' lang='lat' dir='ltr'><strong>BlBLlOTHECA.</strong></span> <span class='ocrx_word' id='word_1_3' title='bbox 1890 400 1957 409; x_wconf 91' lang='grc'><strong><em>-</em></strong></span> <span class='ocrx_word' id='word_1_4' title='bbox 1985 375 2148 435; x_wconf 88' lang='lat' dir='ltr'><strong>COD.</strong></span> <span class='ocrx_word' id='word_1_5' title='bbox 2183 374 2472 435; x_wconf 79' lang='lat' dir='ltr'><strong>CCXL&#39;lV.</strong></span> 
     </span>
    </p>
   </div>
   <div class='ocr_carea' id='block_1_3' title="bbox 3367 360 3501 423">
    <p class='ocr_par' dir='ltr' id='par_1_3' title="bbox 3367 360 3501 423">
     <span class='ocr_line' id='line_1_3' title="bbox 3367 360 3501 423; baseline -0.022 0"><span class='ocrx_word' id='word_1_6' title='bbox 3367 360 3501 423; x_wconf 74' lang='lat'><strong>1422</strong></span> 
     </span>
    </p>
   </div>
   <div class='ocr_carea' id='block_1_4' title="bbox 260 476 1843 577">
    <p class='ocr_par' dir='ltr' id='par_1_4' title="bbox 260 490 1822 577">
     <span class='ocr_line' id='line_1_4' title="bbox 260 490 1822 577; baseline -0.015 -15"><span class='ocrx_word' id='word_1_7' title='bbox 260 510 351 577; x_wconf 88' lang='grc' dir='ltr'>τὴν</span> <span class='ocrx_word' id='word_1_8' title='bbox 381 500 688 572; x_wconf 80' lang='grc' dir='ltr'>ἐλευθερίαν</span> <span class='ocrx_word' id='word_1_9' title='bbox 725 498 1055 569; x_wconf 79' lang='grc' dir='ltr'><strong>ἀνατρέψας,</strong></span> <span class='ocrx_word' id='word_1_10' title='bbox 1086 492 1459 563; x_wconf 82' lang='grc' dir='ltr'>αὐτομολῆσαι</span> <span class='ocrx_word' id='word_1_11' title='bbox 1489 492 1613 552; x_wconf 78' lang='grc' dir='ltr'>τοὺς</span> <span class='ocrx_word' id='word_1_12' title='bbox 1665 490 1822 541; x_wconf 90' lang='grc' dir='ltr'>πλεί-</span> 
     </span>
    </p>
   </div>
   <div class='ocr_carea' id='block_1_5' title="bbox 1950 476 3498 577">
    <p class='ocr_par' dir='ltr' id='par_1_5' title="bbox 1953 476 3498 555">
     <span class='ocr_line' id='line_1_5' title="bbox 1953 476 3498 555; baseline -0.006 -14"><span class='ocrx_word' id='word_1_13' title='bbox 1953 488 2180 555; x_wconf 85' lang='lat' dir='ltr'><strong>egravit,</strong></span> <span class='ocrx_word' id='word_1_14' title='bbox 2204 486 2472 555; x_wconf 75' lang='lat' dir='ltr'><strong>iussitque</strong></span> <span class='ocrx_word' id='word_1_15' title='bbox 2504 482 2825 553; x_wconf 90' lang='lat' dir='ltr'><strong>proclamari</strong></span> <span class='ocrx_word' id='word_1_16' title='bbox 2861 494 2921 535; x_wconf 89' lang='lat' dir='ltr'><strong>se</strong></span> <span class='ocrx_word' id='word_1_17' title='bbox 2948 479 3015 533; x_wconf 91' lang='lat' dir='ltr'><strong>iis</strong></span> <span class='ocrx_word' id='word_1_18' title='bbox 3042 476 3369 540; x_wconf 85' lang='lat' dir='ltr'><strong>libertatem,</strong></span> <span class='ocrx_word' id='word_1_19' title='bbox 3399 482 3498 543; x_wconf 83' lang='lat' dir='ltr'><strong>qui</strong></span> 
     </span>
    </p>
   </div>
   <div class='ocr_carea' id='block_1_6' title="bbox 264 586 1350 661">
    <p class='ocr_par' dir='ltr' id='par_1_6' title="bbox 264 586 1350 661">
     <span class='ocr_line' id='line_1_6' title="bbox 264 586 1350 661; baseline -0.012 -9"><span class='ocrx_word' id='word_1_20' title='bbox 264 613 417 658; x_wconf 87' lang='grc' dir='ltr'>στους</span> <span class='ocrx_word' id='word_1_21' title='bbox 442 591 828 661; x_wconf 83' lang='grc' dir='ltr'>παρεσκεύασε</span> <span class='ocrx_word' id='word_1_22' title='bbox 856 592 970 651; x_wconf 83' lang='grc' dir='ltr'>τοῖς</span> <span class='ocrx_word' id='word_1_23' title='bbox 993 586 1350 647; x_wconf 88' lang='grc' dir='ltr'>ἀποστάταις.</span> 
     </span>
    </p>
   </div>
   <div class='ocr_carea' id='block_1_7' title="bbox 1933 568 3502 641">
    <p class='ocr_par' dir='ltr' id='par_1_7' title="bbox 1933 568 3502 641">
     <span class='ocr_line' id='line_1_7' title="bbox 1933 568 3502 641; baseline -0.008 -8"><span class='ocrx_word' id='word_1_24' title='bbox 1933 580 2005 633; x_wconf 88' lang='lat' dir='ltr'><strong>ibi</strong></span> <span class='ocrx_word' id='word_1_25' title='bbox 2035 587 2238 641; x_wconf 88' lang='lat' dir='ltr'><strong>essent,</strong></span> <span class='ocrx_word' id='word_1_26' title='bbox 2272 578 2443 633; x_wconf 81' lang='lat' dir='ltr'><strong>servis</strong></span> <span class='ocrx_word' id='word_1_27' title='bbox 2481 575 2827 630; x_wconf 86' lang='lat' dir='ltr'><strong>donaturum.</strong></span> <span class='ocrx_word' id='word_1_28' title='bbox 2858 571 2965 627; x_wconf 86' lang='lat' dir='ltr'><strong>Sed</strong></span> <span class='ocrx_word' id='word_1_29' title='bbox 2998 572 3142 625; x_wconf 92' lang='lat' dir='ltr'><strong>enim</strong></span> <span class='ocrx_word' id='word_1_30' title='bbox 3171 582 3358 623; x_wconf 88' lang='lat' dir='ltr'><strong>eorum</strong></span> <span class='ocrx_word' id='word_1_31' title='bbox 3402 568 3502 622; x_wconf 86' lang='lat' dir='ltr'><strong>do-</strong></span> 
     </span>
    </p>
   </div>
   <div class='ocr_carea' id='block_1_8' title="bbox 260 657 3503 746">
    <p class='ocr_par' dir='ltr' id='par_1_8' title="bbox 260 657 3503 746">
     <span class='ocr_line' id='line_1_8' title="bbox 260 657 3503 746; baseline -0.01 -5"><span class='ocrx_word' id='word_1_32' title='bbox 260 657 412 741; x_wconf 85' lang='lat' dir='ltr'><strong>minis</strong></span> <span class='ocrx_word' id='word_1_33' title='bbox 455 657 691 738; x_wconf 77' lang='lat' dir='ltr'><strong>vicissim</strong></span> <span class='ocrx_word' id='word_1_34' title='bbox 747 697 865 736; x_wconf 89' lang='lat' dir='ltr'><strong>eam</strong></span> <span class='ocrx_word' id='word_1_35' title='bbox 919 680 1021 733; x_wconf 83' lang='lat' dir='ltr'><strong>illis</strong></span> <span class='ocrx_word' id='word_1_36' title='bbox 1052 674 1498 746; x_wconf 87' lang='lat' dir='ltr'><strong>proponentibus,</strong></span> <span class='ocrx_word' id='word_1_37' title='bbox 1532 671 1823 725; x_wconf 85' lang='lat' dir='ltr'><strong>dummodo</strong></span> <span class='ocrx_word' id='word_1_38' title='bbox 1862 682 2050 723; x_wconf 83' lang='lat' dir='ltr'><strong>secum</strong></span> <span class='ocrx_word' id='word_1_39' title='bbox 2093 670 2355 724; x_wconf 87' lang='lat' dir='ltr'><strong>adversus</strong></span> <span class='ocrx_word' id='word_1_40' title='bbox 2398 669 2580 722; x_wconf 85' lang='lat' dir='ltr'><strong>hostes</strong></span> <span class='ocrx_word' id='word_1_41' title='bbox 2629 665 2974 726; x_wconf 90' lang='lat' dir='ltr'><strong>dimicarent,</strong></span> <span class='ocrx_word' id='word_1_42' title='bbox 3027 675 3146 715; x_wconf 91' lang='lat' dir='ltr'><strong>eam</strong></span> <span class='ocrx_word' id='word_1_43' title='bbox 3226 658 3293 711; x_wconf 90' lang='lat' dir='ltr'><strong>ab</strong></span> <span class='ocrx_word' id='word_1_44' title='bbox 3367 657 3503 726; x_wconf 79' lang='lat' dir='ltr'><strong>ipsis</strong></span> 
     </span>
    </p>
   </div>
   <div class='ocr_carea' id='block_1_9' title="bbox 266 746 3498 845">
    <p class='ocr_par' dir='ltr' id='par_1_9' title="bbox 266 746 3498 845">
     <span class='ocr_line' id='line_1_9' title="bbox 266 746 3498 845; baseline -0.011 -12"><span class='ocrx_word' id='word_1_45' title='bbox 266 780 504 845; x_wconf 87' lang='lat' dir='ltr'><strong>accipere</strong></span> <span class='ocrx_word' id='word_1_46' title='bbox 552 776 885 836; x_wconf 89' lang='lat' dir='ltr'><strong>maluerunt,</strong></span> <span class='ocrx_word' id='word_1_47' title='bbox 931 780 1190 836; x_wconf 83' lang='lat' dir='ltr'><strong>tantaque</strong></span> <span class='ocrx_word' id='word_1_48' title='bbox 1238 767 1405 821; x_wconf 85' lang='lat' dir='ltr'><strong>animi</strong></span> <span class='ocrx_word' id='word_1_49' title='bbox 1460 769 1837 833; x_wconf 81' lang='lat' dir='ltr'><strong>pugnaverunt</strong></span> <span class='ocrx_word' id='word_1_50' title='bbox 1874 759 2173 825; x_wconf 87' lang='lat' dir='ltr'><strong>alacritate,</strong></span> <span class='ocrx_word' id='word_1_51' title='bbox 2201 767 2262 815; x_wconf 91' lang='lat' dir='ltr'><strong>ut</strong></span> <span class='ocrx_word' id='word_1_52' title='bbox 2315 758 2653 815; x_wconf 83' lang='lat' dir='ltr'><strong>obsidionem</strong></span> <span class='ocrx_word' id='word_1_53' title='bbox 2708 758 3111 809; x_wconf 81' lang='lat' dir='ltr'><strong>submoverent.</strong></span> <span class='ocrx_word' id='word_1_54' title='bbox 3147 746 3498 805; x_wconf 78' lang='lat' dir='ltr'><strong>Verumenim</strong></span> 
     </span>
    </p>
   </div>
   <div class='ocr_carea' id='block_1_10' title="bbox 261 836 3503 936">
    <p class='ocr_par' dir='ltr' id='par_1_10' title="bbox 261 836 3503 936">
     <span class='ocr_line' id='line_1_10' title="bbox 261 836 3503 936; baseline -0.01 -13"><span class='ocrx_word' id='word_1_55' title='bbox 261 836 392 923; x_wconf 49' lang='lat' dir='ltr'><strong>vero.</strong></span> <span class='ocrx_word' id='word_1_56' title='bbox 417 869 706 936; x_wconf 84' lang='lat' dir='ltr'><strong>imperator</strong></span> <span class='ocrx_word' id='word_1_57' title='bbox 734 873 920 934; x_wconf 85' lang='lat' dir='ltr'><strong>postea</strong></span> <span class='ocrx_word' id='word_1_58' title='bbox 955 859 1153 931; x_wconf 82' lang='lat' dir='ltr'><strong>389a</strong></span> <span class='ocrx_word' id='word_1_59' title='bbox 1188 858 1457 926; x_wconf 81' lang='lat' dir='ltr'><strong>denegans</strong></span> <span class='ocrx_word' id='word_1_60' title='bbox 1497 850 1818 923; x_wconf 86' lang='lat' dir='ltr'><strong>promissam</strong></span> <span class='ocrx_word' id='word_1_61' title='bbox 1857 846 1963 902; x_wconf 83' lang='lat' dir='ltr'><strong>illis</strong></span> <span class='ocrx_word' id='word_1_62' title='bbox 1987 847 2318 913; x_wconf 89' lang='lat' dir='ltr'><strong>libertatem,</strong></span> <span class='ocrx_word' id='word_1_63' title='bbox 2345 847 2403 903; x_wconf 89' lang='lat' dir='ltr'><strong>in</strong></span> <span class='ocrx_word' id='word_1_64' title='bbox 2437 860 2598 902; x_wconf 87' lang='lat' dir='ltr'><strong>causa</strong></span> <span class='ocrx_word' id='word_1_65' title='bbox 2622 843 2723 899; x_wconf 84' lang='lat' dir='ltr'><strong>fuit</strong></span> <span class='ocrx_word' id='word_1_66' title='bbox 2749 859 2848 899; x_wconf 89' lang='lat' dir='ltr'><strong>cur</strong></span> <span class='ocrx_word' id='word_1_67' title='bbox 2880 845 2946 897; x_wconf 86' lang='lat' dir='ltr'><strong>ad</strong></span> <span class='ocrx_word' id='word_1_68' title='bbox 3006 841 3306 896; x_wconf 75' lang='lat' dir='ltr'><strong>defectores</strong></span> <span class='ocrx_word' id='word_1_69' title='bbox 3375 836 3503 906; x_wconf 83' lang='lat' dir='ltr'><strong>plu-</strong></span> 
     </span>
    </p>
   </div>
   <div class='ocr_carea' id='block_1_11' title="bbox 258 954 981 1027">
    <p class='ocr_par' dir='ltr' id='par_1_11' title="bbox 258 954 981 1027">
     <span class='ocr_line' id='line_1_11' title="bbox 258 954 981 1027; baseline -0.022 -6"><span class='ocrx_word' id='word_1_70' title='bbox 258 965 373 1023; x_wconf 85' lang='lat' dir='ltr'><strong>rimi</strong></span> <span class='ocrx_word' id='word_1_71' title='bbox 409 960 807 1027; x_wconf 80' lang='lat' dir='ltr'><strong>transfugerent</strong></span> <span class='ocrx_word' id='word_1_72' title='bbox 843 954 981 1025; x_wconf 83' lang='lat'><strong>(70).</strong></span> 
     </span>
    </p>
   </div>
   <div class='ocr_carea' id='block_1_12' title="bbox 324 1058 1819 1145">
    <p class='ocr_par' dir='ltr' id='par_1_12' title="bbox 324 1058 1819 1145">
     <span class='ocr_line' id='line_1_12' title="bbox 324 1058 1819 1145; baseline -0.013 -17"><span class='ocrx_word' id='word_1_73' title='bbox 324 1068 453 1145; x_wconf 72' lang='grc' dir='ltr'>Περὶ</span> <span class='ocrx_word' id='word_1_74' title='bbox 486 1073 542 1125; x_wconf 85' lang='grc' dir='ltr'><strong>δέ</strong></span> <span class='ocrx_word' id='word_1_75' title='bbox 570 1071 666 1139; x_wconf 86' lang='grc' dir='ltr'>τὴν</span> <span class='ocrx_word' id='word_1_76' title='bbox 697 1066 1032 1135; x_wconf 79' lang='grc' dir='ltr'>Αἰγεσταίων</span> <span class='ocrx_word' id='word_1_77' title='bbox 1068 1062 1163 1117; x_wconf 70' lang='grc' dir='ltr'><strong>καὶ</strong></span> <span class='ocrx_word' id='word_1_78' title='bbox 1220 1059 1560 1116; x_wconf 80' lang='grc' dir='ltr'>Λιλυϐαῖτῶν</span> <span class='ocrx_word' id='word_1_79' title='bbox 1610 1058 1819 1129; x_wconf 84' lang='grc' dir='ltr'>χώραν,</span> 
     </span>
    </p>
   </div>
   <div class='ocr_carea' id='block_1_13' title="bbox 256 1140 2192 1225">
    <p class='ocr_par' dir='ltr' id='par_1_13' title="bbox 256 1140 2192 1225">
     <span class='ocr_line' id='line_1_13' title="bbox 256 1140 2192 1225; baseline -0.019 -2"><span class='ocrx_word' id='word_1_80' title='bbox 256 1140 415 1223; x_wconf 31' lang='grc' dir='ltr'>ἔτιδὲ,</span> <span class='ocrx_word' id='word_1_81' title='bbox 462 1164 570 1217; x_wconf 89' lang='grc' dir='ltr'><strong>τῶν</strong></span> <span class='ocrx_word' id='word_1_82' title='bbox 617 1160 792 1212; x_wconf 82' lang='grc' dir='ltr'>ἄλλων</span> <span class='ocrx_word' id='word_1_83' title='bbox 841 1157 949 1210; x_wconf 89' lang='grc' dir='ltr'><strong>τῶν</strong></span> <span class='ocrx_word' id='word_1_84' title='bbox 988 1151 1415 1225; x_wconf 70' lang='grc' dir='ltr'>πλησιοχώρων,</span> <span class='ocrx_word' id='word_1_85' title='bbox 1471 1150 1647 1204; x_wconf 77' lang='grc' dir='ltr'>ἐνόσει</span> <span class='ocrx_word' id='word_1_86' title='bbox 1689 1148 1825 1216; x_wconf 70' lang='grc' dir='ltr'>πρὸς</span> <span class='ocrx_word' id='word_1_87' title='bbox 1928 1140 2192 1225; x_wconf 68' lang='grc' dir='ltr'>ὺωθιιεθε,</span> 
     </span>
    </p>
   </div>
   <div class='ocr_carea' id='block_1_14' title="bbox 256 1236 1828 1320">
    <p class='ocr_par' dir='ltr' id='par_1_14' title="bbox 256 1236 1828 1320">
     <span class='ocr_line' id='line_1_14' title="bbox 256 1236 1828 1320; baseline -0.017 -7"><span class='ocrx_word' id='word_1_88' title='bbox 256 1259 551 1315; x_wconf 86' lang='grc' dir='ltr'>ἀπόστασιν</span> <span class='ocrx_word' id='word_1_89' title='bbox 584 1252 653 1304; x_wconf 86' lang='grc' dir='ltr'><strong>τὰ</strong></span> <span class='ocrx_word' id='word_1_90' title='bbox 685 1249 863 1320; x_wconf 80' lang='grc' dir='ltr'>πλήθη</span> <span class='ocrx_word' id='word_1_91' title='bbox 912 1248 1017 1301; x_wconf 87' lang='grc' dir='ltr'><strong>τῶν</strong></span> <span class='ocrx_word' id='word_1_92' title='bbox 1055 1244 1298 1298; x_wconf 78' lang='grc' dir='ltr'>οἰκετῶν.</span> <span class='ocrx_word' id='word_1_93' title='bbox 1340 1240 1552 1293; x_wconf 84' lang='grc' dir='ltr'>Γίνεται</span> <span class='ocrx_word' id='word_1_94' title='bbox 1590 1238 1647 1291; x_wconf 87' lang='grc' dir='ltr'><strong>δέ</strong></span> <span class='ocrx_word' id='word_1_95' title='bbox 1700 1236 1828 1289; x_wconf 87' lang='grc' dir='ltr'>τού-</span> 
     </span>
    </p>
   </div>
   <div class='ocr_carea' id='block_1_15' title="bbox 256 1328 1828 1417">
    <p class='ocr_par' dir='ltr' id='par_1_15' title="bbox 256 1328 1828 1417">
     <span class='ocr_line' id='line_1_15' title="bbox 256 1328 1828 1417; baseline -0.016 -13"><span class='ocrx_word' id='word_1_96' title='bbox 256 1367 360 1404; x_wconf 90' lang='grc' dir='ltr'><strong>των</strong></span> <span class='ocrx_word' id='word_1_97' title='bbox 388 1346 630 1417; x_wconf 83' lang='grc' dir='ltr'>ἀρχηγὸς</span> <span class='ocrx_word' id='word_1_98' title='bbox 663 1340 927 1408; x_wconf 83' lang='grc' dir='ltr'>Ἀθηνίων</span> <span class='ocrx_word' id='word_1_99' title='bbox 952 1338 1145 1406; x_wconf 77' lang='grc' dir='ltr'>ὄνομα,</span> <span class='ocrx_word' id='word_1_100' title='bbox 1178 1334 1317 1403; x_wconf 86' lang='grc' dir='ltr'>ἀνὴρ</span> <span class='ocrx_word' id='word_1_101' title='bbox 1367 1329 1588 1402; x_wconf 77' lang='grc' dir='ltr'>ἀνδρείᾳ</span> <span class='ocrx_word' id='word_1_102' title='bbox 1639 1328 1828 1396; x_wconf 84' lang='grc' dir='ltr'>διαφέ-</span> 
     </span>
    </p>
   </div>
   <div class='ocr_carea' id='block_1_16' title="bbox 258 1420 1828 1513">
    <p class='ocr_par' dir='ltr' id='par_1_16' title="bbox 258 1420 1828 1513">
     <span class='ocr_line' id='line_1_16' title="bbox 258 1420 1828 1513; baseline -0.015 -19"><span class='ocrx_word' id='word_1_103' title='bbox 258 1459 383 1513; x_wconf 85' lang='grc' dir='ltr'>ρων,</span> <span class='ocrx_word' id='word_1_104' title='bbox 435 1437 591 1500; x_wconf 83' lang='grc' dir='ltr'>Κίλιξ</span> <span class='ocrx_word' id='word_1_105' title='bbox 645 1434 707 1488; x_wconf 86' lang='grc' dir='ltr'><strong>τδ</strong></span> <span class='ocrx_word' id='word_1_106' title='bbox 756 1431 928 1501; x_wconf 83' lang='grc' dir='ltr'>γένος.</span> <span class='ocrx_word' id='word_1_107' title='bbox 977 1424 1142 1488; x_wconf 77' lang='grc' dir='ltr'>Οὗτος</span> <span class='ocrx_word' id='word_1_108' title='bbox 1173 1424 1452 1495; x_wconf 79' lang='grc' dir='ltr'>οἰκονόμος</span> <span class='ocrx_word' id='word_1_109' title='bbox 1496 1423 1573 1475; x_wconf 85' lang='grc' dir='ltr'>ὢν</span> <span class='ocrx_word' id='word_1_110' title='bbox 1610 1423 1755 1475; x_wconf 83' lang='grc' dir='ltr'>δυοῖν</span> <span class='ocrx_word' id='word_1_111' title='bbox 1785 1420 1828 1452; x_wconf 78' lang='grc'><strong>⁸⁷</strong></span> 
     </span>
    </p>
   </div>
   <div class='ocr_carea' id='block_1_17' title="bbox 257 1513 1831 1599">
    <p class='ocr_par' dir='ltr' id='par_1_17' title="bbox 257 1513 1831 1599">
     <span class='ocr_line' id='line_1_17' title="bbox 257 1513 1831 1599; baseline -0.015 -13"><span class='ocrx_word' id='word_1_112' title='bbox 257 1531 500 1599; x_wconf 82' lang='grc' dir='ltr'>ἀδελφῶν</span> <span class='ocrx_word' id='word_1_113' title='bbox 556 1522 1025 1597; x_wconf 85' lang='grc' dir='ltr'>μεγαλοπλούτων,</span> <span class='ocrx_word' id='word_1_114' title='bbox 1092 1521 1186 1573; x_wconf 76' lang='grc' dir='ltr'>καὶ</span> <span class='ocrx_word' id='word_1_115' title='bbox 1241 1518 1339 1587; x_wconf 87' lang='grc' dir='ltr'><strong>τῆς</strong></span> <span class='ocrx_word' id='word_1_116' title='bbox 1390 1513 1831 1585; x_wconf 86' lang='grc' dir='ltr'>ἀστρομαντικῆς</span> 
     </span>
    </p>
   </div>
   <div class='ocr_carea' id='block_1_18' title="bbox 260 1605 1826 1693">
    <p class='ocr_par' dir='ltr' id='par_1_18' title="bbox 260 1605 1826 1693">
     <span class='ocr_line' id='line_1_18' title="bbox 260 1605 1826 1693; baseline -0.015 -15"><span class='ocrx_word' id='word_1_117' title='bbox 260 1624 455 1693; x_wconf 82' lang='grc' dir='ltr'>πολλὴν</span> <span class='ocrx_word' id='word_1_118' title='bbox 487 1621 623 1691; x_wconf 80' lang='grc' dir='ltr'>ἔχων</span> <span class='ocrx_word' id='word_1_119' title='bbox 659 1614 976 1687; x_wconf 88' lang='grc' dir='ltr'>ἐμπειρίαν,</span> <span class='ocrx_word' id='word_1_120' title='bbox 1008 1613 1191 1665; x_wconf 78' lang='grc' dir='ltr'>ἔπεισε</span> <span class='ocrx_word' id='word_1_121' title='bbox 1219 1610 1328 1662; x_wconf 90' lang='grc' dir='ltr'><strong>τῶν</strong></span> <span class='ocrx_word' id='word_1_122' title='bbox 1355 1607 1581 1661; x_wconf 79' lang='grc' dir='ltr'>οἰκετῶν</span> <span class='ocrx_word' id='word_1_123' title='bbox 1612 1605 1826 1675; x_wconf 89' lang='grc' dir='ltr'>πρῶτον</span> 
     </span>
    </p>
   </div>
   <div class='ocr_carea' id='block_1_19' title="bbox 262 1695 1829 1786">
    <p class='ocr_par' dir='ltr' id='par_1_19' title="bbox 262 1695 1829 1786">
     <span class='ocr_line' id='line_1_19' title="bbox 262 1695 1829 1786; baseline -0.015 -18"><span class='ocrx_word' id='word_1_124' title='bbox 262 1717 355 1786; x_wconf 81' lang='grc' dir='ltr'><strong>μὲν</strong></span> <span class='ocrx_word' id='word_1_125' title='bbox 382 1714 509 1774; x_wconf 81' lang='grc' dir='ltr'>τοὺς</span> <span class='ocrx_word' id='word_1_126' title='bbox 541 1710 628 1779; x_wconf 82' lang='grc' dir='ltr'><strong>ὑφ’</strong></span> <span class='ocrx_word' id='word_1_127' title='bbox 660 1708 850 1763; x_wconf 80' lang='grc' dir='ltr'>ἑαυτὸν</span> <span class='ocrx_word' id='word_1_128' title='bbox 875 1704 1263 1772; x_wconf 80' lang='grc' dir='ltr'>τεταγμένους,</span> <span class='ocrx_word' id='word_1_129' title='bbox 1291 1701 1419 1769; x_wconf 77' lang='grc' dir='ltr'>περὶ</span> <span class='ocrx_word' id='word_1_130' title='bbox 1450 1698 1494 1730; x_wconf 76' lang='grc'><strong>⁸⁸</strong></span> <span class='ocrx_word' id='word_1_131' title='bbox 1524 1695 1829 1755; x_wconf 82' lang='grc' dir='ltr'>διακοσίους</span> 
     </span>
    </p>
   </div>
   <div class='ocr_carea' id='block_1_20' title="bbox 258 1786 1833 1871">
    <p class='ocr_par' dir='ltr' id='par_1_20' title="bbox 258 1786 1833 1871">
     <span class='ocr_line' id='line_1_20' title="bbox 258 1786 1833 1871; baseline -0.017 -9"><span class='ocrx_word' id='word_1_132' title='bbox 258 1809 432 1871; x_wconf 71' lang='grc' dir='ltr'>ὄντας,</span> <span class='ocrx_word' id='word_1_133' title='bbox 470 1805 660 1857; x_wconf 75' lang='grc' dir='ltr'>ἔπειτα</span> <span class='ocrx_word' id='word_1_134' title='bbox 692 1801 816 1865; x_wconf 79' lang='grc' dir='ltr'>τοὺς</span> <span class='ocrx_word' id='word_1_135' title='bbox 844 1796 1213 1868; x_wconf 82' lang='grc' dir='ltr'>γειτνιῶντας,</span> <span class='ocrx_word' id='word_1_136' title='bbox 1242 1792 1382 1845; x_wconf 84' lang='grc' dir='ltr'>ὥστε</span> <span class='ocrx_word' id='word_1_137' title='bbox 1403 1791 1461 1844; x_wconf 91' lang='grc' dir='ltr'><strong>ἐν</strong></span> <span class='ocrx_word' id='word_1_138' title='bbox 1487 1787 1649 1841; x_wconf 83' lang='grc' dir='ltr'>πέντε</span> <span class='ocrx_word' id='word_1_139' title='bbox 1694 1786 1833 1857; x_wconf 84' lang='grc' dir='ltr'>ἠμέ-</span> 
     </span>
    </p>
   </div>
   <div class='ocr_carea' id='block_1_21' title="bbox 262 1874 1831 1968">
    <p class='ocr_par' dir='ltr' id='par_1_21' title="bbox 262 1874 1831 1968">
     <span class='ocr_line' id='line_1_21' title="bbox 262 1874 1831 1968; baseline -0.015 -18"><span class='ocrx_word' id='word_1_140' title='bbox 262 1915 379 1968; x_wconf 88' lang='grc' dir='ltr'>ραις</span> <span class='ocrx_word' id='word_1_141' title='bbox 414 1893 747 1963; x_wconf 82' lang='grc' dir='ltr'>συναχθῆναι</span> <span class='ocrx_word' id='word_1_142' title='bbox 777 1888 994 1948; x_wconf 85' lang='grc' dir='ltr'>πλείους</span> <span class='ocrx_word' id='word_1_143' title='bbox 1020 1886 1129 1938; x_wconf 86' lang='grc' dir='ltr'><strong>τῶν</strong></span> <span class='ocrx_word' id='word_1_144' title='bbox 1162 1882 1367 1953; x_wconf 85' lang='grc' dir='ltr'>χιλίων.</span> <span class='ocrx_word' id='word_1_145' title='bbox 1416 1878 1552 1930; x_wconf 83' lang='grc' dir='ltr'>Ὑπὸ</span> <span class='ocrx_word' id='word_1_146' title='bbox 1610 1876 1669 1929; x_wconf 84' lang='grc' dir='ltr'><strong>δέ</strong></span> <span class='ocrx_word' id='word_1_147' title='bbox 1706 1874 1831 1927; x_wconf 90' lang='grc' dir='ltr'>τού-</span> 
     </span>
    </p>
   </div>
   <div class='ocr_carea' id='block_1_22' title="bbox 260 1972 1832 2056">
    <p class='ocr_par' dir='ltr' id='par_1_22' title="bbox 260 1972 1832 2056">
     <span class='ocr_line' id='line_1_22' title="bbox 260 1972 1832 2056; baseline -0.013 -14"><span class='ocrx_word' id='word_1_148' title='bbox 260 2008 362 2042; x_wconf 86' lang='grc' dir='ltr'><strong>των</strong></span> <span class='ocrx_word' id='word_1_149' title='bbox 396 1985 639 2056; x_wconf 75' lang='grc' dir='ltr'>αἱρεθεὶς</span> <span class='ocrx_word' id='word_1_150' title='bbox 675 1982 924 2053; x_wconf 85' lang='grc' dir='ltr'>βασιλεὺς</span> <span class='ocrx_word' id='word_1_151' title='bbox 957 1980 1052 2033; x_wconf 79' lang='grc' dir='ltr'>καὶ</span> <span class='ocrx_word' id='word_1_152' title='bbox 1077 1977 1314 2046; x_wconf 86' lang='grc' dir='ltr'>διάδημα</span> <span class='ocrx_word' id='word_1_153' title='bbox 1341 1972 1717 2043; x_wconf 81' lang='grc' dir='ltr'>περιθέμενος,</span> <span class='ocrx_word' id='word_1_154' title='bbox 1743 1972 1832 2023; x_wconf 80' lang='grc' dir='ltr'>ἐν·</span> 
     </span>
    </p>
   </div>
   <div class='ocr_carea' id='block_1_23' title="bbox 260 2061 1836 2139">
    <p class='ocr_par' dir='ltr' id='par_1_23' title="bbox 260 2061 1836 2139">
     <span class='ocr_line' id='line_1_23' title="bbox 260 2061 1836 2139; baseline -0.013 -5"><span class='ocrx_word' id='word_1_155' title='bbox 260 2080 441 2134; x_wconf 90' lang='grc' dir='ltr'>αντίαν</span> <span class='ocrx_word' id='word_1_156' title='bbox 470 2082 582 2139; x_wconf 78' lang='grc' dir='ltr'>τοῖς</span> <span class='ocrx_word' id='word_1_157' title='bbox 609 2076 787 2137; x_wconf 78' lang='grc' dir='ltr'>ἄλλοις</span> <span class='ocrx_word' id='word_1_158' title='bbox 824 2072 1027 2127; x_wconf 75' lang='grc' dir='ltr'>ἅπασιν</span> <span class='ocrx_word' id='word_1_159' title='bbox 1058 2066 1397 2128; x_wconf 84' lang='grc' dir='ltr'>ἀποστάταις</span> <span class='ocrx_word' id='word_1_160' title='bbox 1442 2065 1543 2131; x_wconf 80' lang='grc' dir='ltr'>τὴν</span> <span class='ocrx_word' id='word_1_161' title='bbox 1595 2061 1836 2115; x_wconf 86' lang='grc' dir='ltr'>διάθεσιν</span> 
     </span>
    </p>
   </div>
   <div class='ocr_carea' id='block_1_24' title="bbox 260 2156 1835 2239">
    <p class='ocr_par' dir='ltr' id='par_1_24' title="bbox 260 2156 1835 2239">
     <span class='ocr_line' id='line_1_24' title="bbox 260 2156 1835 2239; baseline -0.013 -15"><span class='ocrx_word' id='word_1_162' title='bbox 260 2173 519 2225; x_wconf 80' lang='grc' dir='ltr'>ἐποιεῖτο.</span> <span class='ocrx_word' id='word_1_163' title='bbox 544 2169 617 2223; x_wconf 71' lang='lat' dir='ltr'><strong>oo</strong></span> <span class='ocrx_word' id='word_1_164' title='bbox 641 2170 750 2238; x_wconf 85' lang='grc' dir='ltr'><strong>γάρ</strong></span> <span class='ocrx_word' id='word_1_165' title='bbox 782 2165 1140 2239; x_wconf 82' lang='grc' dir='ltr'>προσεδέχετο</span> <span class='ocrx_word' id='word_1_166' title='bbox 1174 2162 1385 2221; x_wconf 86' lang='grc' dir='ltr'>πάντας</span> <span class='ocrx_word' id='word_1_167' title='bbox 1426 2156 1551 2218; x_wconf 76' lang='grc' dir='ltr'>τοὺς</span> <span class='ocrx_word' id='word_1_168' title='bbox 1598 2158 1835 2221; x_wconf 79' lang='grc' dir='ltr'>ἀφιστα-</span> 
     </span>
    </p>
   </div>
   <div class='ocr_carea' id='block_1_25' title="bbox 264 2246 1833 2335">
    <p class='ocr_par' dir='ltr' id='par_1_25' title="bbox 264 2246 1833 2335">
     <span class='ocr_line' id='line_1_25' title="bbox 264 2246 1833 2335; baseline -0.013 -18"><span class='ocrx_word' id='word_1_169' title='bbox 264 2265 479 2335; x_wconf 82' lang='grc' dir='ltr'>μένους,</span> <span class='ocrx_word' id='word_1_170' title='bbox 505 2262 641 2315; x_wconf 86' lang='grc' dir='ltr'>ἀλλὰ</span> <span class='ocrx_word' id='word_1_171' title='bbox 668 2261 793 2323; x_wconf 80' lang='grc' dir='ltr'>τοὺς</span> <span class='ocrx_word' id='word_1_172' title='bbox 837 2257 1092 2328; x_wconf 86' lang='grc' dir='ltr'>ἀρίστους</span> <span class='ocrx_word' id='word_1_173' title='bbox 1122 2253 1442 2323; x_wconf 87' lang='grc' dir='ltr'>ποιούμενος</span> <span class='ocrx_word' id='word_1_174' title='bbox 1472 2246 1833 2318; x_wconf 88' lang='grc' dir='ltr'>στρατιώτας,</span> 
     </span>
    </p>
   </div>
   <div class='ocr_carea' id='block_1_26' title="bbox 260 2342 1840 2419">
    <p class='ocr_par' dir='ltr' id='par_1_26' title="bbox 260 2342 1840 2419">
     <span class='ocr_line' id='line_1_26' title="bbox 260 2342 1840 2419; baseline -0.011 -13"><span class='ocrx_word' id='word_1_175' title='bbox 260 2358 379 2417; x_wconf 74' lang='grc' dir='ltr'>τσὺς</span> <span class='ocrx_word' id='word_1_176' title='bbox 406 2353 604 2415; x_wconf 77' lang='grc' dir='ltr'>ἄλλους</span> <span class='ocrx_word' id='word_1_177' title='bbox 654 2348 931 2419; x_wconf 70' lang='grc' dir='ltr'>ἠνάγκαζε</span> <span class='ocrx_word' id='word_1_178' title='bbox 952 2347 1212 2417; x_wconf 84' lang='grc' dir='ltr'>μένοντας</span> <span class='ocrx_word' id='word_1_179' title='bbox 1235 2343 1329 2398; x_wconf 74' lang='grc' dir='ltr'><strong>ἐπὶ</strong></span> <span class='ocrx_word' id='word_1_180' title='bbox 1354 2342 1462 2394; x_wconf 91' lang='grc' dir='ltr'><strong>τῶν</strong></span> <span class='ocrx_word' id='word_1_181' title='bbox 1505 2355 1840 2411; x_wconf 88' lang='grc' dir='ltr'>προγεγενη-</span> 
     </span>
    </p>
   </div>
   <div class='ocr_carea' id='block_1_27' title="bbox 264 2430 1837 2517">
    <p class='ocr_par' dir='ltr' id='par_1_27' title="bbox 264 2430 1837 2517">
     <span class='ocr_line' id='line_1_27' title="bbox 264 2430 1837 2517; baseline -0.011 -19"><span class='ocrx_word' id='word_1_182' title='bbox 264 2447 439 2517; x_wconf 74' lang='grc' dir='ltr'>μένων</span> <span class='ocrx_word' id='word_1_183' title='bbox 475 2441 749 2513; x_wconf 77' lang='grc' dir='ltr'>ἐργασιῶν</span> <span class='ocrx_word' id='word_1_184' title='bbox 784 2437 1163 2509; x_wconf 83' lang='grc' dir='ltr'>ἐπιμελεῖσθαι</span> <span class='ocrx_word' id='word_1_185' title='bbox 1187 2436 1286 2504; x_wconf 78' lang='grc' dir='ltr'>τῆς</span> <span class='ocrx_word' id='word_1_186' title='bbox 1332 2433 1470 2495; x_wconf 79' lang='grc' dir='ltr'>ἰδίας</span> <span class='ocrx_word' id='word_1_187' title='bbox 1498 2432 1729 2485; x_wconf 74' lang='grc' dir='ltr'>ἕκαστον</span> <span class='ocrx_word' id='word_1_188' title='bbox 1759 2430 1837 2482; x_wconf 73' lang='lat' dir='ltr'><strong>ot-</strong></span> 
     </span>
    </p>
   </div>
   <div class='ocr_carea' id='block_1_28' title="bbox 261 2521 1840 2605">
    <p class='ocr_par' dir='ltr' id='par_1_28' title="bbox 261 2521 1840 2605">
     <span class='ocr_line' id='line_1_28' title="bbox 261 2521 1840 2605; baseline -0.012 -14"><span class='ocrx_word' id='word_1_189' title='bbox 261 2534 522 2605; x_wconf 86' lang='grc' dir='ltr'>κονομίας</span> <span class='ocrx_word' id='word_1_190' title='bbox 576 2534 668 2587; x_wconf 75' lang='grc' dir='ltr'><strong>καὶ</strong></span> <span class='ocrx_word' id='word_1_191' title='bbox 718 2531 942 2596; x_wconf 81' lang='grc' dir='ltr'>τάξεως,</span> <span class='ocrx_word' id='word_1_192' title='bbox 998 2529 1055 2595; x_wconf 84' lang='grc' dir='ltr'><strong>ἐξ</strong></span> <span class='ocrx_word' id='word_1_193' title='bbox 1096 2522 1170 2581; x_wconf 86' lang='grc' dir='ltr'><strong>ῶν</strong></span> <span class='ocrx_word' id='word_1_194' title='bbox 1218 2526 1315 2579; x_wconf 73' lang='grc' dir='ltr'><strong>καὶ</strong></span> <span class='ocrx_word' id='word_1_195' title='bbox 1344 2524 1555 2594; x_wconf 82' lang='grc' dir='ltr'>τροφὰς</span> <span class='ocrx_word' id='word_1_196' title='bbox 1575 2521 1840 2590; x_wconf 83' lang='grc' dir='ltr'>ἀφθόνους</span> 
     </span>
    </p>
   </div>
   <div class='ocr_carea' id='block_1_29' title="bbox 259 2614 1840 2698">
    <p class='ocr_par' dir='ltr' id='par_1_29' title="bbox 259 2614 1840 2698">
     <span class='ocr_line' id='line_1_29' title="bbox 259 2614 1840 2698; baseline -0.011 -17"><span class='ocrx_word' id='word_1_197' title='bbox 259 2628 364 2682; x_wconf 83' lang='grc' dir='ltr'><strong>τῶν</strong></span> <span class='ocrx_word' id='word_1_198' title='bbox 398 2624 751 2698; x_wconf 81' lang='grc' dir='ltr'>στρατιωτῶν</span> <span class='ocrx_word' id='word_1_199' title='bbox 781 2624 1112 2693; x_wconf 77' lang='grc' dir='ltr'>ἐχορηγεῖτο.</span> <span class='ocrx_word' id='word_1_200' title='bbox 1167 2619 1555 2689; x_wconf 84' lang='grc' dir='ltr'>Προσεποιεῖτο</span> <span class='ocrx_word' id='word_1_201' title='bbox 1609 2614 1667 2667; x_wconf 85' lang='grc' dir='ltr'><strong>δέ</strong></span> <span class='ocrx_word' id='word_1_202' title='bbox 1715 2614 1840 2675; x_wconf 81' lang='grc' dir='ltr'>τοὺς</span> 
     </span>
    </p>
   </div>
   <div class='ocr_carea' id='block_1_30' title="bbox 261 2705 1840 2788">
    <p class='ocr_par' dir='ltr' id='par_1_30' title="bbox 261 2705 1840 2788">
     <span class='ocr_line' id='line_1_30' title="bbox 261 2705 1840 2788; baseline -0.01 -15"><span class='ocrx_word' id='word_1_203' title='bbox 261 2719 413 2782; x_wconf 80' lang='grc' dir='ltr'>θεοὺς</span> <span class='ocrx_word' id='word_1_204' title='bbox 450 2717 601 2788; x_wconf 65' lang='grc' dir='ltr'>αύτῷ</span> <span class='ocrx_word' id='word_1_205' title='bbox 626 2717 712 2770; x_wconf 83' lang='grc' dir='ltr'>διὰ</span> <span class='ocrx_word' id='word_1_206' title='bbox 765 2715 871 2767; x_wconf 87' lang='grc' dir='ltr'><strong>τῶν</strong></span> <span class='ocrx_word' id='word_1_207' title='bbox 901 2714 1117 2784; x_wconf 82' lang='grc' dir='ltr'>ἄστρων</span> <span class='ocrx_word' id='word_1_208' title='bbox 1147 2710 1541 2780; x_wconf 84' lang='grc' dir='ltr'>προσημαίνειν</span> <span class='ocrx_word' id='word_1_209' title='bbox 1561 2707 1637 2770; x_wconf 88' lang='grc' dir='ltr'><strong>ὡς</strong></span> <span class='ocrx_word' id='word_1_210' title='bbox 1663 2705 1840 2760; x_wconf 75' lang='grc' dir='ltr'>ἔσοιτο</span> 
     </span>
    </p>
   </div>
   <div class='ocr_carea' id='block_1_31' title="bbox 258 2797 1842 2881">
    <p class='ocr_par' dir='ltr' id='par_1_31' title="bbox 258 2797 1842 2881">
     <span class='ocr_line' id='line_1_31' title="bbox 258 2797 1842 2881; baseline -0.01 -17"><span class='ocrx_word' id='word_1_211' title='bbox 258 2812 353 2881; x_wconf 84' lang='grc' dir='ltr'>τῆς</span> <span class='ocrx_word' id='word_1_212' title='bbox 401 2810 542 2880; x_wconf 81' lang='grc'><strong>[655</strong></span> <span class='ocrx_word' id='word_1_213' title='bbox 574 2806 669 2880; x_wconf 84' lang='grc' dir='ltr'><strong>Η.]</strong></span> <span class='ocrx_word' id='word_1_214' title='bbox 715 2806 963 2868; x_wconf 82' lang='grc' dir='ltr'>Σικελίας</span> <span class='ocrx_word' id='word_1_215' title='bbox 995 2804 1043 2835; x_wconf 73' lang='grc'>⁸³</span> <span class='ocrx_word' id='word_1_216' title='bbox 1076 2802 1373 2872; x_wconf 85' lang='grc' dir='ltr'>συμπάσης</span> <span class='ocrx_word' id='word_1_217' title='bbox 1402 2797 1655 2869; x_wconf 86' lang='grc' dir='ltr'>βασιλεύς</span> <span class='ocrx_word' id='word_1_218' title='bbox 1685 2813 1701 2828; x_wconf 76' lang='grc' dir='ltr'><strong>ο</strong></span> <span class='ocrx_word' id='word_1_219' title='bbox 1759 2797 1842 2849; x_wconf 87' lang='grc' dir='ltr'><strong>διο</strong></span> 
     </span>
    </p>
   </div>
   <div class='ocr_carea' id='block_1_32' title="bbox 258 2890 1842 2972">
    <p class='ocr_par' dir='ltr' id='par_1_32' title="bbox 258 2890 1842 2972">
     <span class='ocr_line' id='line_1_32' title="bbox 258 2890 1842 2972; baseline -0.009 -16"><span class='ocrx_word' id='word_1_220' title='bbox 258 2903 364 2956; x_wconf 84' lang='grc' dir='ltr'>δεῖν</span> <span class='ocrx_word' id='word_1_221' title='bbox 395 2904 575 2972; x_wconf 82' lang='grc' dir='ltr'>αὐτῆς</span> <span class='ocrx_word' id='word_1_222' title='bbox 603 2919 662 2953; x_wconf 89' lang='grc' dir='ltr'><strong>τε</strong></span> <span class='ocrx_word' id='word_1_223' title='bbox 691 2902 789 2969; x_wconf 84' lang='grc' dir='ltr'>τῆς</span> <span class='ocrx_word' id='word_1_224' title='bbox 819 2896 1000 2969; x_wconf 86' lang='grc' dir='ltr'>χώρας</span> <span class='ocrx_word' id='word_1_225' title='bbox 1032 2898 1125 2950; x_wconf 75' lang='grc' dir='ltr'><strong>καὶ</strong></span> <span class='ocrx_word' id='word_1_226' title='bbox 1154 2895 1262 2947; x_wconf 89' lang='grc' dir='ltr'><strong>τῶν</strong></span> <span class='ocrx_word' id='word_1_227' title='bbox 1299 2895 1356 2946; x_wconf 90' lang='grc' dir='ltr'><strong>ἐν</strong></span> <span class='ocrx_word' id='word_1_228' title='bbox 1406 2893 1542 2962; x_wconf 82' lang='grc' dir='ltr'>αὐτῇ</span> <span class='ocrx_word' id='word_1_229' title='bbox 1585 2890 1742 2953; x_wconf 84' lang='grc' dir='ltr'>ζώων</span> <span class='ocrx_word' id='word_1_230' title='bbox 1781 2905 1842 2941; x_wconf 88' lang='grc' dir='ltr'><strong>τε</strong></span> 
     </span>
    </p>
   </div>
   <div class='ocr_carea' id='block_1_33' title="bbox 263 2980 1842 3064">
    <p class='ocr_par' dir='ltr' id='par_1_33' title="bbox 263 2980 1842 3064">
     <span class='ocr_line' id='line_1_33' title="bbox 263 2980 1842 3064; baseline -0.009 -17"><span class='ocrx_word' id='word_1_231' title='bbox 263 2995 357 3047; x_wconf 73' lang='grc' dir='ltr'>καὶ</span> <span class='ocrx_word' id='word_1_232' title='bbox 412 2993 649 3064; x_wconf 81' lang='grc' dir='ltr'>καρπῶν</span> <span class='ocrx_word' id='word_1_233' title='bbox 682 2992 757 3054; x_wconf 88' lang='grc' dir='ltr'>ὡς</span> <span class='ocrx_word' id='word_1_234' title='bbox 806 2990 950 3043; x_wconf 81' lang='grc' dir='ltr'>ἰδίων</span> <span class='ocrx_word' id='word_1_235' title='bbox 993 2987 1293 3057; x_wconf 77' lang='grc' dir='ltr'>φείδεσθαι.</span> <span class='ocrx_word' id='word_1_236' title='bbox 1356 2984 1520 3047; x_wconf 84' lang='grc' dir='ltr'>Τέλος</span> <span class='ocrx_word' id='word_1_237' title='bbox 1581 2980 1842 3051; x_wconf 84' lang='grc' dir='ltr'>ἁθροίσας</span> 
     </span>
    </p>
   </div>
   <div class='ocr_carea' id='block_1_34' title="bbox 266 3071 1844 3157">
    <p class='ocr_par' dir='ltr' id='par_1_34' title="bbox 266 3071 1844 3157">
     <span class='ocr_line' id='line_1_34' title="bbox 266 3071 1844 3157; baseline -0.01 -18"><span class='ocrx_word' id='word_1_238' title='bbox 266 3085 404 3157; x_wconf 81' lang='grc' dir='ltr'>ὑπὲρ</span> <span class='ocrx_word' id='word_1_239' title='bbox 456 3086 589 3146; x_wconf 78' lang='grc' dir='ltr'>τοὺς</span> <span class='ocrx_word' id='word_1_240' title='bbox 649 3082 875 3152; x_wconf 88' lang='grc' dir='ltr'>μυρίους</span> <span class='ocrx_word' id='word_1_241' title='bbox 917 3080 1183 3148; x_wconf 84' lang='grc' dir='ltr'>ἐτόλμησε</span> <span class='ocrx_word' id='word_1_242' title='bbox 1233 3077 1388 3130; x_wconf 89' lang='grc' dir='ltr'>πόλιν</span> <span class='ocrx_word' id='word_1_243' title='bbox 1442 3074 1752 3143; x_wconf 86' lang='grc' dir='ltr'>ἀπόρθητον</span> <span class='ocrx_word' id='word_1_244' title='bbox 1783 3071 1844 3124; x_wconf 78' lang='grc' dir='ltr'><strong>τὸ</strong></span> 
     </span>
    </p>
   </div>
   <div class='ocr_carea' id='block_1_35' title="bbox 263 3153 1915 3243">
    <p class='ocr_par' dir='ltr' id='par_1_35' title="bbox 263 3153 1915 3243">
     <span class='ocr_line' id='line_1_35' title="bbox 263 3153 1915 3243; baseline -0.009 -13"><span class='ocrx_word' id='word_1_245' title='bbox 263 3153 560 3229; x_wconf 77' lang='grc' dir='ltr'>Λιλυϐαἰον</span> <span class='ocrx_word' id='word_1_246' title='bbox 574 3174 903 3243; x_wconf 73' lang='grc' dir='ltr'>πολιορκεῖν.</span> <span class='ocrx_word' id='word_1_247' title='bbox 930 3168 1111 3240; x_wconf 84' lang='grc' dir='ltr'>Μηδὲν</span> <span class='ocrx_word' id='word_1_248' title='bbox 1128 3170 1185 3221; x_wconf 79' lang='grc' dir='ltr'>δὲ</span> <span class='ocrx_word' id='word_1_249' title='bbox 1210 3167 1389 3222; x_wconf 84' lang='grc' dir='ltr'>ἀνύων</span> <span class='ocrx_word' id='word_1_250' title='bbox 1425 3165 1783 3235; x_wconf 89' lang='grc' dir='ltr'>μετανίστατο</span> <span class='ocrx_word' id='word_1_251' title='bbox 1798 3163 1845 3195; x_wconf 88' lang='grc'><strong>¹¹⁰</strong></span> <span class='ocrx_word' id='word_1_252' title='bbox 1870 3153 1915 3215; x_wconf 88' lang='lat' dir='ltr'>C</span> 
     </span>
    </p>
   </div>
   <div class='ocr_carea' id='block_1_36' title="bbox 266 3258 1843 3337">
    <p class='ocr_par' dir='ltr' id='par_1_36' title="bbox 266 3258 1843 3337">
     <span class='ocr_line' id='line_1_36' title="bbox 266 3258 1843 3337; baseline -0.009 -16"><span class='ocrx_word' id='word_1_253' title='bbox 266 3269 463 3337; x_wconf 79' lang='grc' dir='ltr'>αὐτῆς,</span> <span class='ocrx_word' id='word_1_254' title='bbox 514 3266 683 3318; x_wconf 71' lang='grc' dir='ltr'>εἰπὼν</span> <span class='ocrx_word' id='word_1_255' title='bbox 726 3262 876 3332; x_wconf 82' lang='grc' dir='ltr'>αὐτῷ</span> <span class='ocrx_word' id='word_1_256' title='bbox 925 3260 1052 3324; x_wconf 78' lang='grc' dir='ltr'>τοὺς</span> <span class='ocrx_word' id='word_1_257' title='bbox 1078 3260 1252 3325; x_wconf 72' lang='grc' dir='ltr'>θεοὺς</span> <span class='ocrx_word' id='word_1_258' title='bbox 1306 3258 1462 3311; x_wconf 80' lang='grc' dir='ltr'>τοῦτο</span> <span class='ocrx_word' id='word_1_259' title='bbox 1492 3259 1801 3311; x_wconf 80' lang='grc' dir='ltr'>ἐπιτάττειν</span> <span class='ocrx_word' id='word_1_260' title='bbox 1828 3273 1843 3288; x_wconf 89' lang='grc'><strong>·</strong></span> 
     </span>
    </p>
   </div>
   <div class='ocr_carea' id='block_1_37' title="bbox 266 3354 1848 3431">
    <p class='ocr_par' dir='ltr' id='par_1_37' title="bbox 266 3354 1848 3431">
     <span class='ocr_line' id='line_1_37' title="bbox 266 3354 1848 3431; baseline -0.006 -18"><span class='ocrx_word' id='word_1_261' title='bbox 266 3362 628 3431; x_wconf 82' lang='grc' dir='ltr'>ἐπιμένοντας</span> <span class='ocrx_word' id='word_1_262' title='bbox 662 3359 768 3428; x_wconf 84' lang='grc' dir='ltr'>γὰρ</span> <span class='ocrx_word' id='word_1_263' title='bbox 794 3361 861 3428; x_wconf 78' lang='grc' dir='ltr'>τῇ</span> <span class='ocrx_word' id='word_1_264' title='bbox 893 3355 1180 3426; x_wconf 79' lang='grc' dir='ltr'>πολιορκίᾳ</span> <span class='ocrx_word' id='word_1_265' title='bbox 1215 3354 1627 3424; x_wconf 85' lang='grc' dir='ltr'>δυστυχήματος</span> <span class='ocrx_word' id='word_1_266' title='bbox 1658 3368 1848 3423; x_wconf 85' lang='grc' dir='ltr'>πειρα-</span> 
     </span>
    </p>
   </div>
   <div class='ocr_carea' id='block_1_38' title="bbox 268 3442 1849 3525">
    <p class='ocr_par' dir='ltr' id='par_1_38' title="bbox 268 3442 1849 3525">
     <span class='ocr_line' id='line_1_38' title="bbox 268 3442 1849 3525; baseline -0.008 -18"><span class='ocrx_word' id='word_1_267' title='bbox 268 3448 1033 3525; x_wconf 79' lang='grc' dir='ltr'>θῆναι.Παρασκευαζομένου</span> <span class='ocrx_word' id='word_1_268' title='bbox 1062 3448 1105 3479; x_wconf 66' lang='grc' dir='ltr'>τί</span> <span class='ocrx_word' id='word_1_269' title='bbox 1143 3446 1201 3500; x_wconf 88' lang='grc' dir='ltr'><strong>δέ</strong></span> <span class='ocrx_word' id='word_1_270' title='bbox 1222 3445 1388 3499; x_wconf 83' lang='grc' dir='ltr'>αὐτοῦ</span> <span class='ocrx_word' id='word_1_271' title='bbox 1446 3444 1545 3514; x_wconf 82' lang='grc' dir='ltr'><strong>τὴν</strong></span> <span class='ocrx_word' id='word_1_272' title='bbox 1594 3442 1702 3496; x_wconf 85' lang='grc' dir='ltr'><strong>ἀπὸ</strong></span> <span class='ocrx_word' id='word_1_273' title='bbox 1748 3443 1849 3511; x_wconf 85' lang='grc' dir='ltr'>τῆς</span> 
     </span>
    </p>
   </div>
   <div class='ocr_carea' id='block_1_39' title="bbox 267 3534 1850 3616">
    <p class='ocr_par' dir='ltr' id='par_1_39' title="bbox 267 3534 1850 3616">
     <span class='ocr_line' id='line_1_39' title="bbox 267 3534 1850 3616; baseline -0.009 -17"><span class='ocrx_word' id='word_1_274' title='bbox 267 3548 475 3609; x_wconf 84' lang='grc' dir='ltr'>πόλεως</span> <span class='ocrx_word' id='word_1_275' title='bbox 502 3543 869 3616; x_wconf 81' lang='grc' dir='ltr'>ἀναχώρησιν,</span> <span class='ocrx_word' id='word_1_276' title='bbox 904 3540 1278 3595; x_wconf 85' lang='grc' dir='ltr'>κατέπλευσάν</span> <span class='ocrx_word' id='word_1_277' title='bbox 1299 3555 1442 3599; x_wconf 90' lang='grc' dir='ltr'>τινες</span> <span class='ocrx_word' id='word_1_278' title='bbox 1475 3540 1531 3589; x_wconf 81' lang='grc' dir='ltr'><strong>ἐν</strong></span> <span class='ocrx_word' id='word_1_279' title='bbox 1546 3538 1666 3598; x_wconf 86' lang='grc' dir='ltr'>ταῖς</span> <span class='ocrx_word' id='word_1_280' title='bbox 1693 3534 1850 3585; x_wconf 80' lang='grc' dir='ltr'>ναυσὶ</span> 
     </span>
    </p>
   </div>
   <div class='ocr_carea' id='block_1_40' title="bbox 268 3628 1848 3710">
    <p class='ocr_par' dir='ltr' id='par_1_40' title="bbox 268 3628 1848 3710">
     <span class='ocr_line' id='line_1_40' title="bbox 268 3628 1848 3710; baseline -0.008 -18"><span class='ocrx_word' id='word_1_281' title='bbox 268 3641 589 3710; x_wconf 74' lang='grc' dir='ltr'>κομίζοντες</span> <span class='ocrx_word' id='word_1_282' title='bbox 617 3638 931 3697; x_wconf 81' lang='grc' dir='ltr'>ἐπιλέκτους</span> <span class='ocrx_word' id='word_1_283' title='bbox 959 3630 1362 3704; x_wconf 82' lang='grc' dir='ltr'>Μαυρουσίους,</span> <span class='ocrx_word' id='word_1_284' title='bbox 1402 3630 1451 3683; x_wconf 83' lang='grc' dir='ltr'>οἳ</span> <span class='ocrx_word' id='word_1_285' title='bbox 1474 3632 1567 3683; x_wconf 85' lang='grc' dir='ltr'><strong>ἐπὶ</strong></span> <span class='ocrx_word' id='word_1_286' title='bbox 1595 3628 1848 3700; x_wconf 85' lang='grc' dir='ltr'>βοήθειαν</span> 
     </span>
    </p>
   </div>
   <div class='ocr_carea' id='block_1_41' title="bbox 266 3718 1849 3804">
    <p class='ocr_par' dir='ltr' id='par_1_41' title="bbox 266 3718 1849 3804">
     <span class='ocr_line' id='line_1_41' title="bbox 266 3718 1849 3804; baseline -0.009 -19"><span class='ocrx_word' id='word_1_287' title='bbox 266 3729 407 3804; x_wconf 88' lang='grc' dir='ltr'>ἦσαν</span> <span class='ocrx_word' id='word_1_288' title='bbox 438 3728 844 3798; x_wconf 85' lang='grc' dir='ltr'>ἀπεσταλμένοι</span> <span class='ocrx_word' id='word_1_289' title='bbox 868 3725 1032 3796; x_wconf 84' lang='lat' dir='ltr'><strong>[H80</strong></span> <span class='ocrx_word' id='word_1_290' title='bbox 1050 3722 1142 3795; x_wconf 84' lang='lat' dir='ltr'><strong>R.]</strong></span> <span class='ocrx_word' id='word_1_291' title='bbox 1163 3726 1275 3786; x_wconf 85' lang='grc' dir='ltr'>τοῖς</span> <span class='ocrx_word' id='word_1_292' title='bbox 1297 3722 1671 3785; x_wconf 76' lang='grc' dir='ltr'>Λιλυϐαῒταις,</span> <span class='ocrx_word' id='word_1_293' title='bbox 1696 3718 1819 3789; x_wconf 79' lang='grc' dir='ltr'>ἕχον</span> <span class='ocrx_word' id='word_1_294' title='bbox 1833 3747 1849 3759; x_wconf 78' lang='grc' dir='ltr'><strong>ο</strong></span> 
     </span>
    </p>
   </div>
   <div class='ocr_carea' id='block_1_42' title="bbox 267 3808 1852 3895">
    <p class='ocr_par' dir='ltr' id='par_1_42' title="bbox 267 3808 1852 3895">
     <span class='ocr_line' id='line_1_42' title="bbox 267 3808 1852 3895; baseline -0.009 -17"><span class='ocrx_word' id='word_1_295' title='bbox 267 3843 357 3891; x_wconf 81' lang='grc' dir='ltr'><strong>τες</strong></span> <span class='ocrx_word' id='word_1_296' title='bbox 383 3824 691 3895; x_wconf 77' lang='grc' dir='ltr'>ἡγούμενον</span> <span class='ocrx_word' id='word_1_297' title='bbox 719 3821 778 3883; x_wconf 85' lang='grc' dir='ltr'>ὃς</span> <span class='ocrx_word' id='word_1_298' title='bbox 800 3818 1112 3889; x_wconf 81' lang='grc' dir='ltr'>ὠνομάζετο</span> <span class='ocrx_word' id='word_1_299' title='bbox 1142 3818 1351 3886; x_wconf 87' lang='grc' dir='ltr'>Γόμων.</span> <span class='ocrx_word' id='word_1_300' title='bbox 1417 3808 1587 3876; x_wconf 76' lang='grc' dir='ltr'>Οὗτος</span> <span class='ocrx_word' id='word_1_301' title='bbox 1616 3813 1712 3866; x_wconf 81' lang='grc' dir='ltr'><strong>σὺν</strong></span> <span class='ocrx_word' id='word_1_302' title='bbox 1736 3815 1852 3876; x_wconf 84' lang='grc' dir='ltr'>τοῖς</span> 
     </span>
    </p>
   </div>
   <div class='ocr_carea' id='block_1_43' title="bbox 269 3908 1853 3988">
    <p class='ocr_par' dir='ltr' id='par_1_43' title="bbox 269 3908 1853 3988">
     <span class='ocr_line' id='line_1_43' title="bbox 269 3908 1853 3988; baseline -0.006 -18"><span class='ocrx_word' id='word_1_303' title='bbox 269 3917 366 3988; x_wconf 80' lang='grc' dir='ltr'>ἀμ’</span> <span class='ocrx_word' id='word_1_304' title='bbox 416 3915 569 3986; x_wconf 82' lang='grc' dir='ltr'>αὐτῷ</span> <span class='ocrx_word' id='word_1_305' title='bbox 622 3914 764 3968; x_wconf 83' lang='grc' dir='ltr'>κατὰ</span> <span class='ocrx_word' id='word_1_306' title='bbox 814 3911 987 3965; x_wconf 84' lang='grc' dir='ltr'>νύκτα</span> <span class='ocrx_word' id='word_1_307' title='bbox 1035 3912 1129 3963; x_wconf 72' lang='grc' dir='ltr'>καὶ</span> <span class='ocrx_word' id='word_1_308' title='bbox 1157 3909 1493 3972; x_wconf 86' lang='grc' dir='ltr'>ἀνελπίστως</span> <span class='ocrx_word' id='word_1_309' title='bbox 1532 3908 1853 3979; x_wconf 85' lang='grc' dir='ltr'>ἐπιθέμενος</span> 
     </span>
    </p>
   </div>
   <div class='ocr_carea' id='block_1_44' title="bbox 268 4002 1855 4078">
    <p class='ocr_par' dir='ltr' id='par_1_44' title="bbox 268 4002 1855 4078">
     <span class='ocr_line' id='line_1_44' title="bbox 268 4002 1855 4078; baseline -0.006 -16"><span class='ocrx_word' id='word_1_310' title='bbox 268 4012 395 4072; x_wconf 77' lang='grc' dir='ltr'>τοὺς</span> <span class='ocrx_word' id='word_1_311' title='bbox 426 4008 562 4078; x_wconf 79' lang='grc' dir='ltr'>περὶ</span> <span class='ocrx_word' id='word_1_312' title='bbox 584 4007 884 4077; x_wconf 84' lang='grc' dir='ltr'>Ἀθηνίωνα</span> <span class='ocrx_word' id='word_1_313' title='bbox 940 4004 1375 4075; x_wconf 81' lang='grc' dir='ltr'>ὁδοιποροῦντας,</span> <span class='ocrx_word' id='word_1_314' title='bbox 1411 4002 1640 4065; x_wconf 83' lang='grc' dir='ltr'>πολλοὺς</span> <span class='ocrx_word' id='word_1_315' title='bbox 1684 4018 1855 4054; x_wconf 79' lang='grc' dir='ltr'><strong>κατα⁸</strong></span> 
     </span>
    </p>
   </div>
   <div class='ocr_carea' id='block_1_45' title="bbox 270 4092 1854 4165">
    <p class='ocr_par' dir='ltr' id='par_1_45' title="bbox 270 4092 1854 4165">
     <span class='ocr_line' id='line_1_45' title="bbox 270 4092 1854 4165; baseline -0.006 -13"><span class='ocrx_word' id='word_1_316' title='bbox 270 4100 552 4163; x_wconf 77' lang='grc' dir='ltr'>ϐαλόντες,</span> <span class='ocrx_word' id='word_1_317' title='bbox 591 4099 692 4150; x_wconf 83' lang='grc' dir='ltr'><strong>οὐκ</strong></span> <span class='ocrx_word' id='word_1_318' title='bbox 720 4096 934 4165; x_wconf 78' lang='grc' dir='ltr'>ὀλίγους</span> <span class='ocrx_word' id='word_1_319' title='bbox 954 4096 1000 4127; x_wconf 79' lang='grc'><strong>⁷³</strong></span> <span class='ocrx_word' id='word_1_320' title='bbox 1032 4094 1089 4147; x_wconf 83' lang='grc' dir='ltr'><strong>δέ</strong></span> <span class='ocrx_word' id='word_1_321' title='bbox 1122 4092 1614 4165; x_wconf 81' lang='grc' dir='ltr'>τραυματίσαντες,</span> <span class='ocrx_word' id='word_1_322' title='bbox 1640 4094 1720 4155; x_wconf 87' lang='grc' dir='ltr'>εἰς</span> <span class='ocrx_word' id='word_1_323' title='bbox 1754 4092 1854 4161; x_wconf 83' lang='grc' dir='ltr'><strong>τὴν</strong></span> 
     </span>
    </p>
   </div>
   <div class='ocr_carea' id='block_1_46' title="bbox 272 4182 1856 4257">
    <p class='ocr_par' dir='ltr' id='par_1_46' title="bbox 272 4182 1856 4257">
     <span class='ocr_line' id='line_1_46' title="bbox 272 4182 1856 4257; baseline -0.005 -13"><span class='ocrx_word' id='word_1_324' title='bbox 272 4191 428 4244; x_wconf 78' lang='grc' dir='ltr'>πόλιν</span> <span class='ocrx_word' id='word_1_325' title='bbox 455 4188 779 4257; x_wconf 81' lang='grc' dir='ltr'>ἐπανῆλθον.</span> <span class='ocrx_word' id='word_1_326' title='bbox 807 4188 1006 4257; x_wconf 89' lang='grc' dir='ltr'>Διόπερ</span> <span class='ocrx_word' id='word_1_327' title='bbox 1028 4186 1078 4239; x_wconf 84' lang='grc' dir='ltr'>οἱ</span> <span class='ocrx_word' id='word_1_328' title='bbox 1103 4186 1407 4239; x_wconf 82' lang='grc' dir='ltr'>ἀποστάται</span> <span class='ocrx_word' id='word_1_329' title='bbox 1441 4184 1538 4254; x_wconf 82' lang='grc' dir='ltr'><strong>τὴν</strong></span> <span class='ocrx_word' id='word_1_330' title='bbox 1588 4186 1653 4237; x_wconf 88' lang='grc' dir='ltr'><strong>ἐκ</strong></span> <span class='ocrx_word' id='word_1_331' title='bbox 1678 4183 1725 4215; x_wconf 87' lang='grc'><strong>⁷³</strong></span> <span class='ocrx_word' id='word_1_332' title='bbox 1754 4182 1856 4253; x_wconf 86' lang='grc' dir='ltr'>τῆς</span> 
     </span>
    </p>
   </div>
   <div class='ocr_carea' id='block_1_47' title="bbox 271 4275 1396 4351">
    <p class='ocr_par' dir='ltr' id='par_1_47' title="bbox 271 4275 1396 4351">
     <span class='ocr_line' id='line_1_47' title="bbox 271 4275 1396 4351; baseline -0.003 -18"><span class='ocrx_word' id='word_1_333' title='bbox 271 4278 708 4351; x_wconf 84' lang='grc' dir='ltr'>ἁστρομαντείας</span> <span class='ocrx_word' id='word_1_334' title='bbox 738 4276 1045 4350; x_wconf 73' lang='grc' dir='ltr'>πρόρρησιν</span> <span class='ocrx_word' id='word_1_335' title='bbox 1065 4275 1396 4347; x_wconf 78' lang='grc' dir='ltr'>ἐθαύμαζον.</span> 
     </span>
    </p>
   </div>
   <div class='ocr_carea' id='block_1_48' title="bbox 346 4562 1859 4641">
    <p class='ocr_par' dir='ltr' id='par_1_48' title="bbox 346 4562 1859 4641">
     <span class='ocr_line' id='line_1_48' title="bbox 346 4562 1859 4641; baseline -0.006 -17"><span class='ocrx_word' id='word_1_336' title='bbox 346 4569 479 4641; x_wconf 74' lang='grc' dir='ltr'>Εἶχε</span> <span class='ocrx_word' id='word_1_337' title='bbox 507 4569 564 4622; x_wconf 83' lang='grc' dir='ltr'><strong>δέ</strong></span> <span class='ocrx_word' id='word_1_338' title='bbox 595 4569 694 4641; x_wconf 85' lang='grc' dir='ltr'>τὴν</span> <span class='ocrx_word' id='word_1_339' title='bbox 725 4565 1002 4622; x_wconf 87' lang='grc' dir='ltr'>Σικελείαν</span> <span class='ocrx_word' id='word_1_340' title='bbox 1035 4566 1214 4619; x_wconf 81' lang='grc' dir='ltr'>πᾶσαν</span> <span class='ocrx_word' id='word_1_341' title='bbox 1259 4562 1303 4595; x_wconf 68' lang='grc'>⁷⁸</span> <span class='ocrx_word' id='word_1_342' title='bbox 1334 4563 1595 4633; x_wconf 80' lang='grc' dir='ltr'>σύγχυσις</span> <span class='ocrx_word' id='word_1_343' title='bbox 1635 4564 1732 4616; x_wconf 71' lang='grc' dir='ltr'>καὶ</span> <span class='ocrx_word' id='word_1_344' title='bbox 1759 4580 1859 4616; x_wconf 87' lang='grc' dir='ltr'>κα-</span> 
     </span>
    </p>
   </div>
   <div class='ocr_carea' id='block_1_49' title="bbox 273 4655 1862 4730">
    <p class='ocr_par' dir='ltr' id='par_1_49' title="bbox 273 4655 1862 4730">
     <span class='ocr_line' id='line_1_49' title="bbox 273 4655 1862 4730; baseline -0.007 -12"><span class='ocrx_word' id='word_1_345' title='bbox 273 4666 390 4718; x_wconf 87' lang='grc' dir='ltr'><strong>κῶν</strong></span> <span class='ocrx_word' id='word_1_346' title='bbox 448 4664 634 4726; x_wconf 77' lang='grc' dir='ltr'>Ἰλιάς.</span> <span class='ocrx_word' id='word_1_347' title='bbox 662 4662 750 4715; x_wconf 68' lang='lat'><strong>~06</strong></span> <span class='ocrx_word' id='word_1_348' title='bbox 799 4661 907 4730; x_wconf 85' lang='grc' dir='ltr'><strong>γάρ</strong></span> <span class='ocrx_word' id='word_1_349' title='bbox 935 4660 984 4711; x_wconf 78' lang='grc' dir='ltr'>οἱ</span> <span class='ocrx_word' id='word_1_350' title='bbox 1016 4657 1188 4711; x_wconf 78' lang='grc' dir='ltr'>δοῦλοι</span> <span class='ocrx_word' id='word_1_351' title='bbox 1225 4658 1405 4726; x_wconf 91' lang='grc' dir='ltr'>μόνον,</span> <span class='ocrx_word' id='word_1_352' title='bbox 1441 4655 1576 4709; x_wconf 85' lang='grc' dir='ltr'><strong>ἀλλά</strong></span> <span class='ocrx_word' id='word_1_353' title='bbox 1614 4656 1708 4709; x_wconf 77' lang='grc' dir='ltr'>καὶ</span> <span class='ocrx_word' id='word_1_354' title='bbox 1756 4655 1862 4707; x_wconf 92' lang='grc' dir='ltr'><strong>τῶν</strong></span> 
     </span>
    </p>
   </div>
   <div class='ocr_carea' id='block_1_50' title="bbox 274 4747 1862 4825">
    <p class='ocr_par' dir='ltr' id='par_1_50' title="bbox 274 4747 1862 4825">
     <span class='ocr_line' id='line_1_50' title="bbox 274 4747 1862 4825; baseline -0.007 -15"><span class='ocrx_word' id='word_1_355' title='bbox 274 4758 590 4825; x_wconf 85' lang='grc' dir='ltr'>ἐλευθέρων</span> <span class='ocrx_word' id='word_1_356' title='bbox 616 4756 663 4807; x_wconf 80' lang='grc' dir='ltr'>οἱ</span> <span class='ocrx_word' id='word_1_357' title='bbox 687 4756 887 4825; x_wconf 80' lang='grc' dir='ltr'>ἄποροι</span> <span class='ocrx_word' id='word_1_358' title='bbox 911 4753 1093 4806; x_wconf 81' lang='grc' dir='ltr'>πᾶσαν</span> <span class='ocrx_word' id='word_1_359' title='bbox 1119 4750 1376 4821; x_wconf 84' lang='grc' dir='ltr'>ἁρπαγὴν</span> <span class='ocrx_word' id='word_1_360' title='bbox 1400 4750 1495 4801; x_wconf 74' lang='grc' dir='ltr'><strong>καὶ</strong></span> <span class='ocrx_word' id='word_1_361' title='bbox 1519 4747 1862 4819; x_wconf 86' lang='grc' dir='ltr'>παρανομίαν</span> 
     </span>
    </p>
   </div>
   <div class='ocr_carea' id='block_1_51' title="bbox 1995 1036 3503 1111">
    <p class='ocr_par' dir='ltr' id='par_1_51' title="bbox 1995 1036 3503 1111">
     <span class='ocr_line' id='line_1_51' title="bbox 1995 1036 3503 1111; baseline -0.007 -12"><span class='ocrx_word' id='word_1_362' title='bbox 1995 1046 2113 1100; x_wconf 78' lang='lat' dir='ltr'><strong>lam</strong></span> <span class='ocrx_word' id='word_1_363' title='bbox 2172 1058 2303 1098; x_wconf 90' lang='lat' dir='ltr'><strong>vero</strong></span> <span class='ocrx_word' id='word_1_364' title='bbox 2362 1052 2417 1097; x_wconf 83' lang='grc' dir='ltr'><strong>οι</strong></span> <span class='ocrx_word' id='word_1_365' title='bbox 2446 1042 2588 1111; x_wconf 89' lang='lat' dir='ltr'><strong>apud</strong></span> <span class='ocrx_word' id='word_1_366' title='bbox 2646 1039 2972 1109; x_wconf 62' lang='lat' dir='ltr'><strong>Egestaeos,</strong></span> <span class='ocrx_word' id='word_1_367' title='bbox 3016 1037 3323 1106; x_wconf 82' lang='lat' dir='ltr'><strong>pariterque</strong></span> <span class='ocrx_word' id='word_1_368' title='bbox 3374 1036 3503 1089; x_wconf 87' lang='lat' dir='ltr'><strong>Lili-</strong></span> 
     </span>
    </p>
   </div>
   <div class='ocr_carea' id='block_1_52' title="bbox 2237 1126 3508 1197">
    <p class='ocr_par' dir='ltr' id='par_1_52' title="bbox 2237 1126 3508 1197">
     <span class='ocr_line' id='line_1_52' title="bbox 2237 1126 3508 1197; baseline -0.008 -9"><span class='ocrx_word' id='word_1_369' title='bbox 2237 1147 2298 1187; x_wconf 92' lang='lat' dir='ltr'><strong>ac</strong></span> <span class='ocrx_word' id='word_1_370' title='bbox 2324 1132 2585 1187; x_wconf 81' lang='lat' dir='ltr'><strong>ﬁnitimos</strong></span> <span class='ocrx_word' id='word_1_371' title='bbox 2615 1130 2721 1184; x_wconf 88' lang='lat' dir='ltr'><strong>illis</strong></span> <span class='ocrx_word' id='word_1_372' title='bbox 2747 1128 2994 1197; x_wconf 89' lang='lat' dir='ltr'><strong>populos,</strong></span> <span class='ocrx_word' id='word_1_373' title='bbox 3030 1127 3219 1183; x_wconf 86' lang='lat' dir='ltr'><strong>eadem</strong></span> <span class='ocrx_word' id='word_1_374' title='bbox 3254 1126 3508 1179; x_wconf 81' lang='lat' dir='ltr'><strong>delectio-</strong></span> 
     </span>
    </p>
   </div>
   <div class='ocr_carea' id='block_1_53' title="bbox 1930 1217 3504 1293">
    <p class='ocr_par' dir='ltr' id='par_1_53' title="bbox 1930 1217 3504 1293">
     <span class='ocr_line' id='line_1_53' title="bbox 1930 1217 3504 1293; baseline -0.011 -10"><span class='ocrx_word' id='word_1_375' title='bbox 1930 1229 2014 1283; x_wconf 92' lang='lat' dir='ltr'><strong>nis</strong></span> <span class='ocrx_word' id='word_1_376' title='bbox 2060 1224 2346 1293; x_wconf 85' lang='lat' dir='ltr'><strong>cupiditas,</strong></span> <span class='ocrx_word' id='word_1_377' title='bbox 2398 1236 2492 1277; x_wconf 88' lang='lat' dir='ltr'><strong>ceu</strong></span> <span class='ocrx_word' id='word_1_378' title='bbox 2547 1221 2767 1274; x_wconf 80' lang='lat' dir='ltr'><strong>morbus</strong></span> <span class='ocrx_word' id='word_1_379' title='bbox 2826 1217 3044 1287; x_wconf 90' lang='lat' dir='ltr'><strong>quidam</strong></span> <span class='ocrx_word' id='word_1_380' title='bbox 3088 1230 3185 1284; x_wconf 87' lang='lat' dir='ltr'><strong>per</strong></span> <span class='ocrx_word' id='word_1_381' title='bbox 3220 1229 3504 1268; x_wconf 83' lang='lat' dir='ltr'><strong>servorum</strong></span> 
     </span>
    </p>
   </div>
   <div class='ocr_carea' id='block_1_54' title="bbox 1932 1306 3509 1388">
    <p class='ocr_par' dir='ltr' id='par_1_54' title="bbox 1932 1306 3509 1388">
     <span class='ocr_line' id='line_1_54' title="bbox 1932 1306 3509 1388; baseline -0.01 -15"><span class='ocrx_word' id='word_1_382' title='bbox 1932 1333 2123 1388; x_wconf 77' lang='lat' dir='ltr'><strong>greges</strong></span> <span class='ocrx_word' id='word_1_383' title='bbox 2172 1315 2444 1383; x_wconf 85' lang='lat' dir='ltr'><strong>serpebat.</strong></span> <span class='ocrx_word' id='word_1_384' title='bbox 2494 1312 2692 1366; x_wconf 89' lang='lat' dir='ltr'><strong>Eorum</strong></span> <span class='ocrx_word' id='word_1_385' title='bbox 2778 1321 2959 1362; x_wconf 89' lang='lat' dir='ltr'><strong>autem</strong></span> <span class='ocrx_word' id='word_1_386' title='bbox 3008 1307 3115 1361; x_wconf 80' lang='lat' dir='ltr'><strong>dux</strong></span> <span class='ocrx_word' id='word_1_387' title='bbox 3161 1306 3509 1360; x_wconf 87' lang='lat' dir='ltr'><strong>constituitur</strong></span> 
     </span>
    </p>
   </div>
   <div class='ocr_carea' id='block_1_55' title="bbox 1936 1408 3508 1478">
    <p class='ocr_par' dir='ltr' id='par_1_55' title="bbox 1936 1408 3508 1478">
     <span class='ocr_line' id='line_1_55' title="bbox 1936 1408 3508 1478; baseline -0.008 -9"><span class='ocrx_word' id='word_1_388' title='bbox 1936 1413 2168 1469; x_wconf 80' lang='lat' dir='ltr'><strong>Athenio</strong></span> <span class='ocrx_word' id='word_1_389' title='bbox 2198 1411 2415 1478; x_wconf 89' lang='lat' dir='ltr'><strong>quidam</strong></span> <span class='ocrx_word' id='word_1_390' title='bbox 2441 1410 2525 1463; x_wconf 92' lang='lat' dir='ltr'><strong>vir</strong></span> <span class='ocrx_word' id='word_1_391' title='bbox 2561 1408 2878 1462; x_wconf 81' lang='lat' dir='ltr'><strong>fortitudine</strong></span> <span class='ocrx_word' id='word_1_392' title='bbox 2910 1415 3193 1475; x_wconf 66' lang='lat' dir='ltr'><strong>praestans,</strong></span> <span class='ocrx_word' id='word_1_393' title='bbox 3227 1413 3380 1458; x_wconf 91' lang='lat' dir='ltr'><strong>ortus</strong></span> <span class='ocrx_word' id='word_1_394' title='bbox 3408 1419 3508 1457; x_wconf 88' lang='lat' dir='ltr'><strong>au-</strong></span> 
     </span>
    </p>
   </div>
   <div class='ocr_carea' id='block_1_56' title="bbox 1940 1496 3510 1559">
    <p class='ocr_par' dir='ltr' id='par_1_56' title="bbox 1940 1496 3510 1559">
     <span class='ocr_line' id='line_1_56' title="bbox 1940 1496 3510 1559; baseline -0.008 -1"><span class='ocrx_word' id='word_1_395' title='bbox 1940 1514 2047 1559; x_wconf 87' lang='lat' dir='ltr'><strong>tem</strong></span> <span class='ocrx_word' id='word_1_396' title='bbox 2074 1517 2105 1557; x_wconf 91' lang='lat' dir='ltr'><strong>e</strong></span> <span class='ocrx_word' id='word_1_397' title='bbox 2130 1501 2341 1557; x_wconf 89' lang='lat' dir='ltr'><strong>Cilicia.</strong></span> <span class='ocrx_word' id='word_1_398' title='bbox 2370 1499 2468 1554; x_wconf 87' lang='lat' dir='ltr'><strong>Hic</strong></span> <span class='ocrx_word' id='word_1_399' title='bbox 2496 1514 2619 1555; x_wconf 90' lang='lat' dir='ltr'><strong>cum</strong></span> <span class='ocrx_word' id='word_1_400' title='bbox 2644 1512 2733 1552; x_wconf 90' lang='lat' dir='ltr'><strong>res</strong></span> <span class='ocrx_word' id='word_1_401' title='bbox 2754 1496 3082 1551; x_wconf 87' lang='lat' dir='ltr'><strong>dmnesticas</strong></span> <span class='ocrx_word' id='word_1_402' title='bbox 3114 1496 3348 1551; x_wconf 82' lang='lat' dir='ltr'><strong>duorum‘</strong></span> <span class='ocrx_word' id='word_1_403' title='bbox 3376 1508 3510 1558; x_wconf 81' lang='lat' dir='ltr'><strong>opu-</strong></span> 
     </span>
    </p>
   </div>
   <div class='ocr_carea' id='block_1_57' title="bbox 1938 1585 3513 1658">
    <p class='ocr_par' dir='ltr' id='par_1_57' title="bbox 1938 1585 3513 1658">
     <span class='ocr_line' id='line_1_57' title="bbox 1938 1585 3513 1658; baseline -0.005 -11"><span class='ocrx_word' id='word_1_404' title='bbox 1938 1593 2358 1647; x_wconf 88' lang='lat' dir='ltr'><strong>lentissimorum</strong></span> <span class='ocrx_word' id='word_1_405' title='bbox 2395 1590 2625 1645; x_wconf 79' lang='lat' dir='ltr'><strong>fratrum</strong></span> <span class='ocrx_word' id='word_1_406' title='bbox 2667 1588 3030 1658; x_wconf 87' lang='lat' dir='ltr'><strong>dispensaret,</strong></span> <span class='ocrx_word' id='word_1_407' title='bbox 3067 1600 3121 1642; x_wconf 87' lang='lat' dir='ltr'><strong>et</strong></span> <span class='ocrx_word' id='word_1_408' title='bbox 3151 1586 3269 1655; x_wconf 85' lang='lat' dir='ltr'><strong>ejus</strong></span> <span class='ocrx_word' id='word_1_409' title='bbox 3301 1602 3422 1655; x_wconf 77' lang='lat' dir='ltr'><strong>qua:</strong></span> <span class='ocrx_word' id='word_1_410' title='bbox 3453 1585 3513 1638; x_wconf 70' lang='lat' dir='ltr'><strong>fit</strong></span> 
     </span>
    </p>
   </div>
   <div class='ocr_carea' id='block_1_58' title="bbox 1936 1678 3593 1753">
    <p class='ocr_par' dir='ltr' id='par_1_58' title="bbox 1936 1678 3593 1753">
     <span class='ocr_line' id='line_1_58' title="bbox 1936 1678 3593 1753; baseline -0.007 -15"><span class='ocrx_word' id='word_1_411' title='bbox 1936 1698 2002 1738; x_wconf 80' lang='lat' dir='ltr'><strong>ex</strong></span> <span class='ocrx_word' id='word_1_412' title='bbox 2028 1682 2191 1737; x_wconf 87' lang='lat' dir='ltr'><strong>astris</strong></span> <span class='ocrx_word' id='word_1_413' title='bbox 2213 1681 2453 1736; x_wconf 62' lang='lat' dir='ltr'><strong>scientia:</strong></span> <span class='ocrx_word' id='word_1_414' title='bbox 2478 1679 2843 1748; x_wconf 90' lang='lat' dir='ltr'><strong>peritissimus</strong></span> <span class='ocrx_word' id='word_1_415' title='bbox 2871 1688 3037 1742; x_wconf 86' lang='lat' dir='ltr'><strong>esset,</strong></span> <span class='ocrx_word' id='word_1_416' title='bbox 3065 1693 3251 1733; x_wconf 87' lang='lat' dir='ltr'><strong>servos</strong></span> <span class='ocrx_word' id='word_1_417' title='bbox 3282 1678 3334 1731; x_wconf 90' lang='lat' dir='ltr'><strong>in</strong></span> <span class='ocrx_word' id='word_1_418' title='bbox 3359 1692 3511 1731; x_wconf 84' lang='lat' dir='ltr'><strong>suam</strong></span> <span class='ocrx_word' id='word_1_419' title='bbox 3590 1750 3593 1753; x_wconf 12' lang='grc' dir='ltr'>δ</span> 
     </span>
    </p>
   </div>
   <div class='ocr_carea' id='block_1_59' title="bbox 1938 1766 3512 1840">
    <p class='ocr_par' dir='ltr' id='par_1_59' title="bbox 1938 1766 3512 1840">
     <span class='ocr_line' id='line_1_59' title="bbox 1938 1766 3512 1840; baseline -0.008 -11"><span class='ocrx_word' id='word_1_420' title='bbox 1938 1776 2258 1829; x_wconf 87' lang='lat' dir='ltr'><strong>sententiam</strong></span> <span class='ocrx_word' id='word_1_421' title='bbox 2282 1772 2550 1840; x_wconf 84' lang='lat' dir='ltr'><strong>pertraxit</strong></span> <span class='ocrx_word' id='word_1_422' title='bbox 2576 1787 2589 1823; x_wconf 90' lang='lat'>:</span> <span class='ocrx_word' id='word_1_423' title='bbox 2615 1770 2848 1840; x_wconf 87' lang='lat' dir='ltr'><strong>primum</strong></span> <span class='ocrx_word' id='word_1_424' title='bbox 2869 1770 3085 1838; x_wconf 88' lang='lat' dir='ltr'><strong>quidem</strong></span> <span class='ocrx_word' id='word_1_425' title='bbox 3105 1783 3222 1831; x_wconf 90' lang='lat' dir='ltr'><strong>eos,</strong></span> <span class='ocrx_word' id='word_1_426' title='bbox 3248 1782 3384 1837; x_wconf 88' lang='lat' dir='ltr'><strong>quos</strong></span> <span class='ocrx_word' id='word_1_427' title='bbox 3410 1766 3512 1820; x_wconf 85' lang='lat' dir='ltr'><strong>sub</strong></span> 
     </span>
    </p>
   </div>
   <div class='ocr_carea' id='block_1_60' title="bbox 1935 1859 3513 1934">
    <p class='ocr_par' dir='ltr' id='par_1_60' title="bbox 1935 1859 3513 1934">
     <span class='ocr_line' id='line_1_60' title="bbox 1935 1859 3513 1934; baseline -0.004 -16"><span class='ocrx_word' id='word_1_428' title='bbox 1935 1870 2205 1934; x_wconf 86' lang='lat' dir='ltr'><strong>potestate</strong></span> <span class='ocrx_word' id='word_1_429' title='bbox 2234 1862 2488 1925; x_wconf 86' lang='lat' dir='ltr'><strong>habebat,</strong></span> <span class='ocrx_word' id='word_1_430' title='bbox 2511 1875 2737 1914; x_wconf 87' lang='lat' dir='ltr'><strong>numero</strong></span> <span class='ocrx_word' id='word_1_431' title='bbox 2764 1860 2983 1915; x_wconf 89' lang='lat' dir='ltr'><strong>circiter</strong></span> <span class='ocrx_word' id='word_1_432' title='bbox 3004 1859 3302 1921; x_wconf 87' lang='lat' dir='ltr'><strong>ducentos;</strong></span> <span class='ocrx_word' id='word_1_433' title='bbox 3329 1866 3513 1926; x_wconf 87' lang='lat' dir='ltr'><strong>postea</strong></span> 
     </span>
    </p>
   </div>
   <div class='ocr_carea' id='block_1_61' title="bbox 1936 1949 3518 2019">
    <p class='ocr_par' dir='ltr' id='par_1_61' title="bbox 1936 1949 3518 2019">
     <span class='ocr_line' id='line_1_61' title="bbox 1936 1949 3518 2019; baseline -0.001 -13"><span class='ocrx_word' id='word_1_434' title='bbox 1936 1966 2069 2006; x_wconf 87' lang='lat' dir='ltr'><strong>vero</strong></span> <span class='ocrx_word' id='word_1_435' title='bbox 2094 1961 2151 2006; x_wconf 87' lang='lat' dir='ltr'><strong>et</strong></span> <span class='ocrx_word' id='word_1_436' title='bbox 2174 1951 2402 2014; x_wconf 89' lang='lat' dir='ltr'><strong>vicinos,</strong></span> <span class='ocrx_word' id='word_1_437' title='bbox 2422 1951 2557 2005; x_wconf 82' lang='lat' dir='ltr'><strong>adeo</strong></span> <span class='ocrx_word' id='word_1_438' title='bbox 2583 1959 2642 2003; x_wconf 91' lang='lat' dir='ltr'><strong>ut</strong></span> <span class='ocrx_word' id='word_1_439' title='bbox 2668 1952 2908 2019; x_wconf 90' lang='lat' dir='ltr'><strong>quinque</strong></span> <span class='ocrx_word' id='word_1_440' title='bbox 2932 1951 3140 2005; x_wconf 90' lang='lat' dir='ltr'><strong>dierum</strong></span> <span class='ocrx_word' id='word_1_441' title='bbox 3168 1951 3344 2019; x_wconf 87' lang='lat' dir='ltr'><strong>spatio</strong></span> <span class='ocrx_word' id='word_1_442' title='bbox 3371 1949 3518 2004; x_wconf 91' lang='lat' dir='ltr'><strong>mille</strong></span> 
     </span>
    </p>
   </div>
   <div class='ocr_carea' id='block_1_62' title="bbox 1936 2037 3515 2111">
    <p class='ocr_par' dir='ltr' id='par_1_62' title="bbox 1936 2037 3515 2111">
     <span class='ocr_line' id='line_1_62' title="bbox 1936 2037 3515 2111; baseline 0 -15"><span class='ocrx_word' id='word_1_443' title='bbox 1936 2050 1991 2096; x_wconf 90' lang='lat' dir='ltr'><strong>et</strong></span> <span class='ocrx_word' id='word_1_444' title='bbox 2029 2041 2264 2109; x_wconf 86' lang='lat' dir='ltr'><strong>amplius</strong></span> <span class='ocrx_word' id='word_1_445' title='bbox 2286 2049 2769 2111; x_wconf 80' lang='lat' dir='ltr'><strong>congregarentur.</strong></span> <span class='ocrx_word' id='word_1_446' title='bbox 2791 2037 2874 2094; x_wconf 85' lang='lat' dir='ltr'><strong>Ab</strong></span> <span class='ocrx_word' id='word_1_447' title='bbox 2899 2039 2985 2094; x_wconf 88' lang='lat' dir='ltr'><strong>bis</strong></span> <span class='ocrx_word' id='word_1_448' title='bbox 3019 2049 3199 2095; x_wconf 90' lang='lat' dir='ltr'><strong>autem</strong></span> <span class='ocrx_word' id='word_1_449' title='bbox 3230 2055 3324 2096; x_wconf 79' lang='lat' dir='ltr'><strong>rex</strong></span> <span class='ocrx_word' id='word_1_450' title='bbox 3356 2054 3515 2096; x_wconf 49' lang='lat' dir='ltr'><strong>ere}-</strong></span> 
     </span>
    </p>
   </div>
   <div class='ocr_carea' id='block_1_63' title="bbox 1941 2114 3517 2201">
    <p class='ocr_par' dir='ltr' id='par_1_63' title="bbox 1941 2114 3517 2201">
     <span class='ocr_line' id='line_1_63' title="bbox 1941 2114 3517 2201; baseline 0.002 -17"><span class='ocrx_word' id='word_1_451' title='bbox 1941 2141 2045 2195; x_wconf 90' lang='lat' dir='ltr'><strong>tus,</strong></span> <span class='ocrx_word' id='word_1_452' title='bbox 2086 2132 2444 2201; x_wconf 89' lang='lat' dir='ltr'><strong>impositoque</strong></span> <span class='ocrx_word' id='word_1_453' title='bbox 2470 2114 2633 2198; x_wconf 91' lang='lat' dir='ltr'><strong>capiti</strong></span> <span class='ocrx_word' id='word_1_454' title='bbox 2673 2130 3007 2194; x_wconf 88' lang='lat' dir='ltr'><strong>diademate,</strong></span> <span class='ocrx_word' id='word_1_455' title='bbox 3042 2145 3199 2184; x_wconf 89' lang='lat' dir='ltr'><strong>secus</strong></span> <span class='ocrx_word' id='word_1_456' title='bbox 3224 2144 3386 2199; x_wconf 90' lang='lat' dir='ltr'><strong>quam</strong></span> <span class='ocrx_word' id='word_1_457' title='bbox 3409 2146 3517 2187; x_wconf 69' lang='lat' dir='ltr'><strong>cae-</strong></span> 
     </span>
    </p>
   </div>
   <div class='ocr_carea' id='block_1_64' title="bbox 1941 2217 3524 2285">
    <p class='ocr_par' dir='ltr' id='par_1_64' title="bbox 1941 2217 3524 2285">
     <span class='ocr_line' id='line_1_64' title="bbox 1941 2217 3524 2285; baseline 0.001 -11"><span class='ocrx_word' id='word_1_458' title='bbox 1941 2221 2039 2274; x_wconf 90' lang='lat' dir='ltr'><strong>teri</strong></span> <span class='ocrx_word' id='word_1_459' title='bbox 2099 2220 2402 2275; x_wconf 83' lang='lat' dir='ltr'><strong>defectores</strong></span> <span class='ocrx_word' id='word_1_460' title='bbox 2457 2235 2584 2275; x_wconf 87' lang='lat' dir='ltr'><strong>suas</strong></span> <span class='ocrx_word' id='word_1_461' title='bbox 2637 2220 2881 2274; x_wconf 88' lang='lat' dir='ltr'><strong>rationes</strong></span> <span class='ocrx_word' id='word_1_462' title='bbox 2941 2218 3281 2274; x_wconf 84' lang='lat' dir='ltr'><strong>instituebat.</strong></span> <span class='ocrx_word' id='word_1_463' title='bbox 3336 2217 3524 2285; x_wconf 84' lang='lat' dir='ltr'><strong>Neque</strong></span> 
     </span>
    </p>
   </div>
   <div class='ocr_carea' id='block_1_65' title="bbox 1941 2308 3527 2380">
    <p class='ocr_par' dir='ltr' id='par_1_65' title="bbox 1941 2308 3527 2380">
     <span class='ocr_line' id='line_1_65' title="bbox 1941 2308 3527 2380; baseline -0.001 -15"><span class='ocrx_word' id='word_1_464' title='bbox 1941 2312 2083 2365; x_wconf 92' lang='lat' dir='ltr'><strong>enim</strong></span> <span class='ocrx_word' id='word_1_465' title='bbox 2110 2325 2297 2365; x_wconf 83' lang='lat' dir='ltr'><strong>omnes</strong></span> <span class='ocrx_word' id='word_1_466' title='bbox 2322 2318 2590 2380; x_wconf 91' lang='lat' dir='ltr'><strong>quotquot</strong></span> <span class='ocrx_word' id='word_1_467' title='bbox 2610 2309 2959 2374; x_wconf 73' lang='lat' dir='ltr'><strong>deficiebant,</strong></span> <span class='ocrx_word' id='word_1_468' title='bbox 2988 2308 3305 2377; x_wconf 88' lang='lat' dir='ltr'><strong>recipiebat,</strong></span> <span class='ocrx_word' id='word_1_469' title='bbox 3335 2312 3432 2363; x_wconf 87' lang='lat' dir='ltr'><strong>sed</strong></span> <span class='ocrx_word' id='word_1_470' title='bbox 3456 2324 3527 2363; x_wconf 75' lang='lat' dir='ltr'><strong>ex</strong></span> 
     </span>
    </p>
   </div>
   <div class='ocr_carea' id='block_1_66' title="bbox 1942 2400 3525 2471">
    <p class='ocr_par' dir='ltr' id='par_1_66' title="bbox 1942 2400 3525 2471">
     <span class='ocr_line' id='line_1_66' title="bbox 1942 2400 3525 2471; baseline -0.001 -16"><span class='ocrx_word' id='word_1_471' title='bbox 1942 2400 2008 2455; x_wconf 90' lang='lat' dir='ltr'><strong>iis</strong></span> <span class='ocrx_word' id='word_1_472' title='bbox 2034 2401 2445 2456; x_wconf 89' lang='lat' dir='ltr'><strong>strenuissimos</strong></span> <span class='ocrx_word' id='word_1_473' title='bbox 2476 2414 2719 2471; x_wconf 90' lang='lat' dir='ltr'><strong>quosque</strong></span> <span class='ocrx_word' id='word_1_474' title='bbox 2746 2400 2798 2455; x_wconf 95' lang='lat' dir='ltr'><strong>in</strong></span> <span class='ocrx_word' id='word_1_475' title='bbox 2825 2415 3045 2455; x_wconf 88' lang='lat' dir='ltr'><strong>suorum</strong></span> <span class='ocrx_word' id='word_1_476' title='bbox 3072 2400 3300 2454; x_wconf 91' lang='lat' dir='ltr'><strong>militum</strong></span> <span class='ocrx_word' id='word_1_477' title='bbox 3334 2414 3525 2454; x_wconf 89' lang='lat' dir='ltr'><strong>nume-</strong></span> 
     </span>
    </p>
   </div>
   <div class='ocr_carea' id='block_1_67' title="bbox 1942 2490 3525 2562">
    <p class='ocr_par' dir='ltr' id='par_1_67' title="bbox 1942 2490 3525 2562">
     <span class='ocr_line' id='line_1_67' title="bbox 1942 2490 3525 2562; baseline 0.001 -17"><span class='ocrx_word' id='word_1_478' title='bbox 1942 2506 2060 2545; x_wconf 89' lang='lat' dir='ltr'><strong>rum</strong></span> <span class='ocrx_word' id='word_1_479' title='bbox 2088 2490 2346 2562; x_wconf 86' lang='lat' dir='ltr'><strong>allegens,</strong></span> <span class='ocrx_word' id='word_1_480' title='bbox 2384 2491 2622 2560; x_wconf 90' lang='lat' dir='ltr'><strong>reliquos</strong></span> <span class='ocrx_word' id='word_1_481' title='bbox 2678 2491 2935 2561; x_wconf 81' lang='lat' dir='ltr'><strong>cogebat,</strong></span> <span class='ocrx_word' id='word_1_482' title='bbox 2987 2492 3234 2560; x_wconf 84' lang='lat' dir='ltr'><strong>repetitis</strong></span> <span class='ocrx_word' id='word_1_483' title='bbox 3279 2492 3525 2561; x_wconf 88' lang='lat' dir='ltr'><strong>pristinis</strong></span> 
     </span>
    </p>
   </div>
   <div class='ocr_carea' id='block_1_68' title="bbox 1940 2583 3523 2666">
    <p class='ocr_par' dir='ltr' id='par_1_68' title="bbox 1940 2583 3523 2666">
     <span class='ocr_line' id='line_1_68' title="bbox 1940 2583 3523 2666; baseline 0.001 -30"><span class='ocrx_word' id='word_1_484' title='bbox 1940 2583 2192 2652; x_wconf 81' lang='lat' dir='ltr'><strong>Opiﬁciis,</strong></span> <span class='ocrx_word' id='word_1_485' title='bbox 2223 2597 2666 2666; x_wconf 79' lang='lat' dir='ltr'><strong>unumquemque</strong></span> <span class='ocrx_word' id='word_1_486' title='bbox 2694 2584 2939 2638; x_wconf 88' lang='lat' dir='ltr'><strong>eumdem</strong></span> <span class='ocrx_word' id='word_1_487' title='bbox 2971 2598 3130 2653; x_wconf 91' lang='lat' dir='ltr'><strong>quem</strong></span> <span class='ocrx_word' id='word_1_488' title='bbox 3159 2592 3314 2637; x_wconf 90' lang='lat' dir='ltr'><strong>antea</strong></span> <span class='ocrx_word' id='word_1_489' title='bbox 3345 2583 3523 2638; x_wconf 89' lang='lat' dir='ltr'><strong>locum</strong></span> 
     </span>
    </p>
   </div>
   <div class='ocr_carea' id='block_1_69' title="bbox 1944 2667 3527 2737">
    <p class='ocr_par' dir='ltr' id='par_1_69' title="bbox 1944 2667 3527 2737">
     <span class='ocr_line' id='line_1_69' title="bbox 1944 2667 3527 2737; baseline 0 -16"><span class='ocrx_word' id='word_1_490' title='bbox 1944 2677 2153 2733; x_wconf 90' lang='lat' dir='ltr'><strong>tenere,</strong></span> <span class='ocrx_word' id='word_1_491' title='bbox 2192 2675 2247 2721; x_wconf 87' lang='lat' dir='ltr'><strong>et</strong></span> <span class='ocrx_word' id='word_1_492' title='bbox 2278 2683 2507 2737; x_wconf 85' lang='lat' dir='ltr'><strong>quarum</strong></span> <span class='ocrx_word' id='word_1_493' title='bbox 2540 2682 2721 2723; x_wconf 85' lang='lat' dir='ltr'><strong>rerum</strong></span> <span class='ocrx_word' id='word_1_494' title='bbox 2744 2668 3073 2737; x_wconf 88' lang='lat' dir='ltr'><strong>dispensatio</strong></span> <span class='ocrx_word' id='word_1_495' title='bbox 3105 2667 3387 2734; x_wconf 87' lang='lat' dir='ltr'><strong>essetejus</strong></span> <span class='ocrx_word' id='word_1_496' title='bbox 3412 2667 3527 2721; x_wconf 79' lang='lat' dir='ltr'><strong>olli-</strong></span> 
     </span>
    </p>
   </div>
   <div class='ocr_carea' id='block_1_70' title="bbox 1944 2755 3522 2825">
    <p class='ocr_par' dir='ltr' id='par_1_70' title="bbox 1944 2755 3522 2825">
     <span class='ocr_line' id='line_1_70' title="bbox 1944 2755 3522 2825; baseline -0.001 -14"><span class='ocrx_word' id='word_1_497' title='bbox 1944 2757 2208 2819; x_wconf 89' lang='lat' dir='ltr'><strong>cii,.‘eam</strong></span> <span class='ocrx_word' id='word_1_498' title='bbox 2267 2756 2509 2810; x_wconf 88' lang='lat' dir='ltr'><strong>studiose</strong></span> <span class='ocrx_word' id='word_1_499' title='bbox 2565 2756 2860 2824; x_wconf 87' lang='lat' dir='ltr'><strong>suscipere.</strong></span> <span class='ocrx_word' id='word_1_500' title='bbox 2918 2755 3035 2822; x_wconf 85' lang='lat' dir='ltr'><strong>Qua</strong></span> <span class='ocrx_word' id='word_1_501' title='bbox 3087 2772 3153 2811; x_wconf 77' lang='lat' dir='ltr'><strong>ex</strong></span> <span class='ocrx_word' id='word_1_502' title='bbox 3204 2772 3261 2810; x_wconf 90' lang='lat' dir='ltr'><strong>re</strong></span> <span class='ocrx_word' id='word_1_503' title='bbox 3312 2756 3522 2825; x_wconf 77' lang='lat' dir='ltr'><strong>largum</strong></span> 
     </span>
    </p>
   </div>
   <div class='ocr_carea' id='block_1_71' title="bbox 1944 2845 3528 2915">
    <p class='ocr_par' dir='ltr' id='par_1_71' title="bbox 1944 2845 3528 2915">
     <span class='ocr_line' id='line_1_71' title="bbox 1944 2845 3528 2915; baseline -0.001 -15"><span class='ocrx_word' id='word_1_504' title='bbox 1944 2846 2111 2901; x_wconf 84' lang='lat' dir='ltr'><strong>etiam</strong></span> <span class='ocrx_word' id='word_1_505' title='bbox 2140 2847 2493 2915; x_wconf 88' lang='lat' dir='ltr'><strong>comparabat</strong></span> <span class='ocrx_word' id='word_1_506' title='bbox 2521 2848 2636 2900; x_wconf 87' lang='lat' dir='ltr'><strong>suis</strong></span> <span class='ocrx_word' id='word_1_507' title='bbox 2671 2856 3053 2901; x_wconf 89' lang='lat' dir='ltr'><strong>commeatum.</strong></span> <span class='ocrx_word' id='word_1_508' title='bbox 3096 2845 3266 2900; x_wconf 92' lang='lat' dir='ltr'><strong>Porro</strong></span> <span class='ocrx_word' id='word_1_509' title='bbox 3294 2846 3528 2915; x_wconf 75' lang='lat' dir='ltr'><strong>ﬁngebat</strong></span> 
     </span>
    </p>
   </div>
   <div class='ocr_carea' id='block_1_72' title="bbox 1944 2934 3525 3005">
    <p class='ocr_par' dir='ltr' id='par_1_72' title="bbox 1944 2934 3525 3005">
     <span class='ocr_line' id='line_1_72' title="bbox 1944 2934 3525 3005; baseline -0.001 -15"><span class='ocrx_word' id='word_1_510' title='bbox 1944 2936 2076 2991; x_wconf 89' lang='lat' dir='ltr'><strong>deos</strong></span> <span class='ocrx_word' id='word_1_511' title='bbox 2114 2950 2211 3005; x_wconf 93' lang='lat' dir='ltr'><strong>per</strong></span> <span class='ocrx_word' id='word_1_512' title='bbox 2245 2944 2392 2990; x_wconf 86' lang='lat' dir='ltr'><strong>astra</strong></span> <span class='ocrx_word' id='word_1_513' title='bbox 2425 2934 2665 2989; x_wconf 80' lang='lat' dir='ltr'><strong>futurum</strong></span> <span class='ocrx_word' id='word_1_514' title='bbox 2706 2950 2765 2991; x_wconf 91' lang='lat' dir='ltr'><strong>se</strong></span> <span class='ocrx_word' id='word_1_515' title='bbox 2794 2936 3066 2990; x_wconf 69' lang='lat' dir='ltr'><strong>universae</strong></span> <span class='ocrx_word' id='word_1_516' title='bbox 3106 2934 3306 2990; x_wconf 70' lang='lat' dir='ltr'><strong>Siciliae</strong></span> <span class='ocrx_word' id='word_1_517' title='bbox 3339 2950 3525 3005; x_wconf 81' lang='lat' dir='ltr'><strong>regem</strong></span> 
     </span>
    </p>
   </div>
   <div class='ocr_carea' id='block_1_73' title="bbox 1946 3019 3528 3090">
    <p class='ocr_par' dir='ltr' id='par_1_73' title="bbox 1946 3019 3528 3090">
     <span class='ocr_line' id='line_1_73' title="bbox 1946 3019 3528 3090; baseline 0.001 -17"><span class='ocrx_word' id='word_1_518' title='bbox 1946 3019 2396 3089; x_wconf 69' lang='lat' dir='ltr'><strong>praesigniﬁcare,</strong></span> <span class='ocrx_word' id='word_1_519' title='bbox 2440 3020 2668 3085; x_wconf 84' lang='lat' dir='ltr'><strong>ideoque</strong></span> <span class='ocrx_word' id='word_1_520' title='bbox 2699 3029 2951 3087; x_wconf 87' lang='lat' dir='ltr'><strong>Oportere</strong></span> <span class='ocrx_word' id='word_1_521' title='bbox 2997 3029 3102 3074; x_wconf 91' lang='lat' dir='ltr'><strong>tam</strong></span> <span class='ocrx_word' id='word_1_522' title='bbox 3146 3021 3244 3090; x_wconf 87' lang='lat' dir='ltr'><strong>ipsi</strong></span> <span class='ocrx_word' id='word_1_523' title='bbox 3294 3021 3528 3090; x_wconf 74' lang='lat' dir='ltr'><strong>regioni,</strong></span> 
     </span>
    </p>
   </div>
   <div class='ocr_carea' id='block_1_74' title="bbox 1949 3108 3634 3179">
    <p class='ocr_par' dir='ltr' id='par_1_74' title="bbox 1949 3108 3634 3179">
     <span class='ocr_line' id='line_1_74' title="bbox 1949 3108 3634 3179; baseline 0.001 -16"><span class='ocrx_word' id='word_1_524' title='bbox 1949 3125 2109 3178; x_wconf 89' lang='lat' dir='ltr'><strong>quam</strong></span> <span class='ocrx_word' id='word_1_525' title='bbox 2135 3108 2461 3163; x_wconf 90' lang='lat' dir='ltr'><strong>animalibus</strong></span> <span class='ocrx_word' id='word_1_526' title='bbox 2482 3118 2539 3163; x_wconf 84' lang='lat' dir='ltr'><strong>et</strong></span> <span class='ocrx_word' id='word_1_527' title='bbox 2572 3109 2858 3178; x_wconf 77' lang='lat' dir='ltr'><strong>fructibus,</strong></span> <span class='ocrx_word' id='word_1_528' title='bbox 2895 3110 2983 3179; x_wconf 86' lang='lat' dir='ltr'><strong>qui</strong></span> <span class='ocrx_word' id='word_1_529' title='bbox 3025 3108 3078 3162; x_wconf 93' lang='lat' dir='ltr'><strong>in</strong></span> <span class='ocrx_word' id='word_1_530' title='bbox 3111 3124 3173 3163; x_wconf 90' lang='lat' dir='ltr'><strong>ea</strong></span> <span class='ocrx_word' id='word_1_531' title='bbox 3206 3120 3387 3165; x_wconf 88' lang='lat' dir='ltr'><strong>essent</strong></span> <span class='ocrx_word' id='word_1_532' title='bbox 3415 3121 3535 3164; x_wconf 88' lang='lat' dir='ltr'><strong>tau-</strong></span> <span class='ocrx_word' id='word_1_533' title='bbox 3629 3173 3634 3176; x_wconf 37' lang='grc'><strong>,</strong></span> 
     </span>
    </p>
   </div>
   <div class='ocr_carea' id='block_1_75' title="bbox 1949 3198 3533 3271">
    <p class='ocr_par' dir='ltr' id='par_1_75' title="bbox 1949 3198 3533 3271">
     <span class='ocr_line' id='line_1_75' title="bbox 1949 3198 3533 3271; baseline 0.001 -18"><span class='ocrx_word' id='word_1_534' title='bbox 1949 3216 2109 3271; x_wconf 87' lang='lat' dir='ltr'><strong>quam</strong></span> <span class='ocrx_word' id='word_1_535' title='bbox 2146 3200 2377 3269; x_wconf 88' lang='lat' dir='ltr'><strong>propriis</strong></span> <span class='ocrx_word' id='word_1_536' title='bbox 2399 3214 2648 3269; x_wconf 84' lang='lat' dir='ltr'><strong>parcere.</strong></span> <span class='ocrx_word' id='word_1_537' title='bbox 2680 3198 2916 3254; x_wconf 87' lang='lat' dir='ltr'><strong>Tandem</strong></span> <span class='ocrx_word' id='word_1_538' title='bbox 2947 3214 3074 3253; x_wconf 89' lang='lat' dir='ltr'><strong>vero</strong></span> <span class='ocrx_word' id='word_1_539' title='bbox 3098 3215 3217 3253; x_wconf 92' lang='lat' dir='ltr'><strong>cum</strong></span> <span class='ocrx_word' id='word_1_540' title='bbox 3248 3214 3408 3268; x_wconf 88' lang='lat' dir='ltr'><strong>supra</strong></span> <span class='ocrx_word' id='word_1_541' title='bbox 3439 3199 3533 3255; x_wconf 87' lang='lat' dir='ltr'><strong>de-</strong></span> 
     </span>
    </p>
   </div>
   <div class='ocr_carea' id='block_1_76' title="bbox 1946 3290 3535 3361">
    <p class='ocr_par' dir='ltr' id='par_1_76' title="bbox 1946 3290 3535 3361">
     <span class='ocr_line' id='line_1_76' title="bbox 1946 3290 3535 3361; baseline -0.001 -15"><span class='ocrx_word' id='word_1_542' title='bbox 1946 3307 2065 3347; x_wconf 89' lang='lat' dir='ltr'><strong>cem</strong></span> <span class='ocrx_word' id='word_1_543' title='bbox 2096 3292 2258 3346; x_wconf 89' lang='lat' dir='ltr'><strong>millia</strong></span> <span class='ocrx_word' id='word_1_544' title='bbox 2284 3290 2561 3345; x_wconf 89' lang='lat' dir='ltr'><strong>hominum</strong></span> <span class='ocrx_word' id='word_1_545' title='bbox 2588 3290 3176 3361; x_wconf 66' lang='lat' dir='ltr'><strong>eoegisset,Lilybmum</strong></span> <span class='ocrx_word' id='word_1_546' title='bbox 3203 3292 3535 3359; x_wconf 77' lang='lat' dir='ltr'><strong>inexpugna-</strong></span> 
     </span>
    </p>
   </div>
   <div class='ocr_carea' id='block_1_77' title="bbox 1954 3382 3532 3453">
    <p class='ocr_par' dir='ltr' id='par_1_77' title="bbox 1954 3382 3532 3453">
     <span class='ocr_line' id='line_1_77' title="bbox 1954 3382 3532 3453; baseline -0.001 -13"><span class='ocrx_word' id='word_1_547' title='bbox 1954 3386 2113 3440; x_wconf 91' lang='lat' dir='ltr'><strong>bilem</strong></span> <span class='ocrx_word' id='word_1_548' title='bbox 2173 3385 2360 3438; x_wconf 90' lang='lat' dir='ltr'><strong>urbem</strong></span> <span class='ocrx_word' id='word_1_549' title='bbox 2416 3383 2669 3437; x_wconf 90' lang='lat' dir='ltr'><strong>obsidere</strong></span> <span class='ocrx_word' id='word_1_550' title='bbox 2713 3390 2797 3436; x_wconf 87' lang='lat' dir='ltr'><strong>est</strong></span> <span class='ocrx_word' id='word_1_551' title='bbox 2836 3398 3027 3449; x_wconf 89' lang='lat' dir='ltr'><strong>ausus;</strong></span> <span class='ocrx_word' id='word_1_552' title='bbox 3067 3382 3163 3438; x_wconf 88' lang='lat' dir='ltr'><strong>sed</strong></span> <span class='ocrx_word' id='word_1_553' title='bbox 3209 3399 3267 3438; x_wconf 91' lang='lat' dir='ltr'><strong>se</strong></span> <span class='ocrx_word' id='word_1_554' title='bbox 3314 3400 3532 3453; x_wconf 91' lang='lat' dir='ltr'><strong>operam</strong></span> 
     </span>
    </p>
   </div>
   <div class='ocr_carea' id='block_1_78' title="bbox 1956 3476 3533 3547">
    <p class='ocr_par' dir='ltr' id='par_1_78' title="bbox 1956 3476 3533 3547">
     <span class='ocr_line' id='line_1_78' title="bbox 1956 3476 3533 3547; baseline -0.002 -13"><span class='ocrx_word' id='word_1_555' title='bbox 1956 3479 2183 3547; x_wconf 85' lang='lat' dir='ltr'><strong>perdere</strong></span> <span class='ocrx_word' id='word_1_556' title='bbox 2220 3476 2681 3541; x_wconf 88' lang='lat' dir='ltr'><strong>animadvertens,</strong></span> <span class='ocrx_word' id='word_1_557' title='bbox 2722 3476 3062 3530; x_wconf 89' lang='lat' dir='ltr'><strong>obsidionem</strong></span> <span class='ocrx_word' id='word_1_558' title='bbox 3103 3486 3357 3547; x_wconf 90' lang='lat' dir='ltr'><strong>tanquam</strong></span> <span class='ocrx_word' id='word_1_559' title='bbox 3392 3479 3533 3532; x_wconf 87' lang='lat' dir='ltr'><strong>deo-</strong></span> 
     </span>
    </p>
   </div>
   <div class='ocr_carea' id='block_1_79' title="bbox 1954 3565 3537 3636">
    <p class='ocr_par' dir='ltr' id='par_1_79' title="bbox 1954 3565 3537 3636">
     <span class='ocr_line' id='line_1_79' title="bbox 1954 3565 3537 3636; baseline -0.001 -12"><span class='ocrx_word' id='word_1_560' title='bbox 1954 3584 2074 3624; x_wconf 90' lang='lat' dir='ltr'><strong>rum</strong></span> <span class='ocrx_word' id='word_1_561' title='bbox 2127 3567 2355 3636; x_wconf 91' lang='lat' dir='ltr'><strong>imperio</strong></span> <span class='ocrx_word' id='word_1_562' title='bbox 2405 3565 2615 3633; x_wconf 55' lang='lat' dir='ltr'><strong>solvit,&quot;</strong></span> <span class='ocrx_word' id='word_1_563' title='bbox 2641 3575 2825 3635; x_wconf 91' lang='lat' dir='ltr'><strong>utpote</strong></span> <span class='ocrx_word' id='word_1_564' title='bbox 2891 3566 3068 3633; x_wconf 88' lang='lat' dir='ltr'><strong>aliqua</strong></span> <span class='ocrx_word' id='word_1_565' title='bbox 3116 3582 3221 3622; x_wconf 92' lang='lat' dir='ltr'><strong>non</strong></span> <span class='ocrx_word' id='word_1_566' title='bbox 3279 3568 3537 3623; x_wconf 86' lang='lat' dir='ltr'><strong>mediocri</strong></span> 
     </span>
    </p>
   </div>
   <div class='ocr_carea' id='block_1_80' title="bbox 1950 3656 3538 3729">
    <p class='ocr_par' dir='ltr' id='par_1_80' title="bbox 1950 3656 3538 3729">
     <span class='ocr_line' id='line_1_80' title="bbox 1950 3656 3538 3729; baseline -0.003 -14"><span class='ocrx_word' id='word_1_567' title='bbox 1950 3659 2289 3729; x_wconf 80' lang='lat' dir='ltr'><strong>impendente</strong></span> <span class='ocrx_word' id='word_1_568' title='bbox 2321 3657 2630 3713; x_wconf 85' lang='lat' dir='ltr'><strong>calamitate</strong></span> <span class='ocrx_word' id='word_1_569' title='bbox 2660 3656 2944 3711; x_wconf 85' lang='lat' dir='ltr'><strong>obsidione</strong></span> <span class='ocrx_word' id='word_1_570' title='bbox 2968 3673 3073 3711; x_wconf 91' lang='lat' dir='ltr'><strong>non</strong></span> <span class='ocrx_word' id='word_1_571' title='bbox 3116 3657 3538 3714; x_wconf 87' lang='lat' dir='ltr'><strong>abstinentibus.</strong></span> 
     </span>
    </p>
   </div>
   <div class='ocr_carea' id='block_1_81' title="bbox 1950 3747 3541 3821">
    <p class='ocr_par' dir='ltr' id='par_1_81' title="bbox 1950 3747 3541 3821">
     <span class='ocr_line' id='line_1_81' title="bbox 1950 3747 3541 3821; baseline -0.003 -15"><span class='ocrx_word' id='word_1_572' title='bbox 1950 3751 2084 3806; x_wconf 89' lang='lat' dir='ltr'><strong>Cum</strong></span> <span class='ocrx_word' id='word_1_573' title='bbox 2131 3751 2296 3821; x_wconf 78' lang='lat' dir='ltr'><strong>igitur</strong></span> <span class='ocrx_word' id='word_1_574' title='bbox 2347 3750 2414 3804; x_wconf 90' lang='lat' dir='ltr'><strong>ab</strong></span> <span class='ocrx_word' id='word_1_575' title='bbox 2460 3747 2593 3802; x_wconf 90' lang='lat' dir='ltr'><strong>urbe</strong></span> <span class='ocrx_word' id='word_1_576' title='bbox 2638 3750 2893 3803; x_wconf 82' lang='lat' dir='ltr'><strong>recedere</strong></span> <span class='ocrx_word' id='word_1_577' title='bbox 2938 3758 3175 3816; x_wconf 88' lang='lat' dir='ltr'><strong>pararet,</strong></span> <span class='ocrx_word' id='word_1_578' title='bbox 3221 3748 3541 3818; x_wconf 86' lang='lat' dir='ltr'><strong>appulerunt</strong></span> 
     </span>
    </p>
   </div>
   <div class='ocr_carea' id='block_1_82' title="bbox 1953 3834 3542 3911">
    <p class='ocr_par' dir='ltr' id='par_1_82' title="bbox 1953 3834 3542 3911">
     <span class='ocr_line' id='line_1_82' title="bbox 1953 3834 3542 3911; baseline -0.001 -16"><span class='ocrx_word' id='word_1_579' title='bbox 1953 3856 2148 3910; x_wconf 54' lang='lat' dir='ltr'><strong>naves,</strong></span> <span class='ocrx_word' id='word_1_580' title='bbox 2190 3842 2439 3911; x_wconf 66' lang='lat' dir='ltr'><strong>quaedam</strong></span> <span class='ocrx_word' id='word_1_581' title='bbox 2494 3838 2757 3893; x_wconf 89' lang='lat' dir='ltr'><strong>delectam</strong></span> <span class='ocrx_word' id='word_1_582' title='bbox 2840 3836 3151 3892; x_wconf 82' lang='lat' dir='ltr'><strong>Maurorum</strong></span> <span class='ocrx_word' id='word_1_583' title='bbox 3212 3834 3542 3894; x_wconf 84' lang='lat' dir='ltr'><strong>advehentes</strong></span> 
     </span>
    </p>
   </div>
   <div class='ocr_carea' id='block_1_83' title="bbox 1953 3929 3542 4000">
    <p class='ocr_par' dir='ltr' id='par_1_83' title="bbox 1953 3929 3542 4000">
     <span class='ocr_line' id='line_1_83' title="bbox 1953 3929 3542 4000; baseline -0.001 -15"><span class='ocrx_word' id='word_1_584' title='bbox 1953 3947 2193 3998; x_wconf 89' lang='lat' dir='ltr'><strong>manum,</strong></span> <span class='ocrx_word' id='word_1_585' title='bbox 2253 3930 2455 3986; x_wconf 73' lang='lat' dir='ltr'><strong>auxilio</strong></span> <span class='ocrx_word' id='word_1_586' title='bbox 2488 3929 2915 4000; x_wconf 70' lang='lat' dir='ltr'><strong>Lylibatensibus</strong></span> <span class='ocrx_word' id='word_1_587' title='bbox 2961 3930 3180 3984; x_wconf 90' lang='lat' dir='ltr'><strong>missam</strong></span> <span class='ocrx_word' id='word_1_588' title='bbox 3217 3946 3233 3983; x_wconf 90' lang='lat'><strong>:</strong></span> <span class='ocrx_word' id='word_1_589' title='bbox 3274 3930 3360 3984; x_wconf 90' lang='lat' dir='ltr'><strong>cui</strong></span> <span class='ocrx_word' id='word_1_590' title='bbox 3395 3945 3542 3999; x_wconf 72' lang='lat' dir='ltr'><strong>prte-</strong></span> 
     </span>
    </p>
   </div>
   <div class='ocr_carea' id='block_1_84' title="bbox 1952 4018 3544 4091">
    <p class='ocr_par' dir='ltr' id='par_1_84' title="bbox 1952 4018 3544 4091">
     <span class='ocr_line' id='line_1_84' title="bbox 1952 4018 3544 4091; baseline 0.003 -16"><span class='ocrx_word' id='word_1_591' title='bbox 1952 4032 2066 4077; x_wconf 90' lang='lat' dir='ltr'><strong>erat</strong></span> <span class='ocrx_word' id='word_1_592' title='bbox 2094 4023 2311 4091; x_wconf 90' lang='lat' dir='ltr'><strong>quidam</strong></span> <span class='ocrx_word' id='word_1_593' title='bbox 2342 4020 2561 4075; x_wconf 89' lang='lat' dir='ltr'><strong>nomine</strong></span> <span class='ocrx_word' id='word_1_594' title='bbox 2601 4018 2831 4074; x_wconf 86' lang='lat' dir='ltr'><strong>Gomon.</strong></span> <span class='ocrx_word' id='word_1_595' title='bbox 2858 4018 2961 4076; x_wconf 85' lang='lat' dir='ltr'><strong>Hic</strong></span> <span class='ocrx_word' id='word_1_596' title='bbox 2991 4035 3114 4076; x_wconf 90' lang='lat' dir='ltr'><strong>cum</strong></span> <span class='ocrx_word' id='word_1_597' title='bbox 3146 4022 3261 4077; x_wconf 91' lang='lat' dir='ltr'><strong>suis</strong></span> <span class='ocrx_word' id='word_1_598' title='bbox 3290 4034 3452 4077; x_wconf 89' lang='lat' dir='ltr'><strong>noctu</strong></span> <span class='ocrx_word' id='word_1_599' title='bbox 3488 4035 3544 4079; x_wconf 91' lang='lat' dir='ltr'><strong>et</strong></span> 
     </span>
    </p>
   </div>
   <div class='ocr_carea' id='block_1_85' title="bbox 1953 4110 3545 4181">
    <p class='ocr_par' dir='ltr' id='par_1_85' title="bbox 1953 4110 3545 4181">
     <span class='ocr_line' id='line_1_85' title="bbox 1953 4110 3545 4181; baseline 0 -14"><span class='ocrx_word' id='word_1_600' title='bbox 1953 4113 2249 4181; x_wconf 86' lang='lat' dir='ltr'><strong>improviso</strong></span> <span class='ocrx_word' id='word_1_601' title='bbox 2281 4110 2642 4165; x_wconf 67' lang='lat' dir='ltr'><strong>Athenione-ni</strong></span> <span class='ocrx_word' id='word_1_602' title='bbox 2700 4125 2830 4165; x_wconf 87' lang='lat' dir='ltr'><strong>suas</strong></span> <span class='ocrx_word' id='word_1_603' title='bbox 2861 4111 3043 4179; x_wconf 90' lang='lat' dir='ltr'><strong>c0pias</strong></span> <span class='ocrx_word' id='word_1_604' title='bbox 3071 4111 3355 4167; x_wconf 89' lang='lat' dir='ltr'><strong>ducentem</strong></span> <span class='ocrx_word' id='word_1_605' title='bbox 3382 4112 3545 4167; x_wconf 87' lang='lat' dir='ltr'><strong>ador-</strong></span> 
     </span>
    </p>
   </div>
   <div class='ocr_carea' id='block_1_86' title="bbox 1957 4201 3545 4273">
    <p class='ocr_par' dir='ltr' id='par_1_86' title="bbox 1957 4201 3545 4273">
     <span class='ocr_line' id='line_1_86' title="bbox 1957 4201 3545 4273; baseline -0.002 -13"><span class='ocrx_word' id='word_1_606' title='bbox 1957 4202 2062 4269; x_wconf 81' lang='lat' dir='ltr'><strong>tus,</strong></span> <span class='ocrx_word' id='word_1_607' title='bbox 2088 4219 2212 4259; x_wconf 89' lang='lat' dir='ltr'><strong>cum</strong></span> <span class='ocrx_word' id='word_1_608' title='bbox 2244 4204 2442 4258; x_wconf 91' lang='lat' dir='ltr'><strong>multos</strong></span> <span class='ocrx_word' id='word_1_609' title='bbox 2467 4203 2569 4259; x_wconf 90' lang='lat' dir='ltr'><strong>iter</strong></span> <span class='ocrx_word' id='word_1_610' title='bbox 2591 4201 2853 4258; x_wconf 85' lang='lat' dir='ltr'><strong>facientes</strong></span> <span class='ocrx_word' id='word_1_611' title='bbox 2877 4212 3229 4271; x_wconf 87' lang='lat' dir='ltr'><strong>prostrasset,</strong></span> <span class='ocrx_word' id='word_1_612' title='bbox 3262 4220 3369 4259; x_wconf 90' lang='lat' dir='ltr'><strong>non</strong></span> <span class='ocrx_word' id='word_1_613' title='bbox 3410 4220 3545 4273; x_wconf 84' lang='lat' dir='ltr'><strong>pau-</strong></span> 
     </span>
    </p>
   </div>
   <div class='ocr_carea' id='block_1_87' title="bbox 1956 4293 3542 4362">
    <p class='ocr_par' dir='ltr' id='par_1_87' title="bbox 1956 4293 3542 4362">
     <span class='ocr_line' id='line_1_87' title="bbox 1956 4293 3542 4362; baseline -0.002 -11"><span class='ocrx_word' id='word_1_614' title='bbox 1956 4312 2050 4352; x_wconf 93' lang='lat' dir='ltr'><strong>cos</strong></span> <span class='ocrx_word' id='word_1_615' title='bbox 2092 4306 2273 4351; x_wconf 90' lang='lat' dir='ltr'><strong>autem</strong></span> <span class='ocrx_word' id='word_1_616' title='bbox 2337 4295 2697 4359; x_wconf 88' lang='lat' dir='ltr'><strong>vulnerasset,</strong></span> <span class='ocrx_word' id='word_1_617' title='bbox 2752 4293 2821 4348; x_wconf 91' lang='lat' dir='ltr'><strong>ad</strong></span> <span class='ocrx_word' id='word_1_618' title='bbox 2872 4295 3059 4349; x_wconf 86' lang='lat' dir='ltr'><strong>urbem</strong></span> <span class='ocrx_word' id='word_1_619' title='bbox 3107 4296 3294 4362; x_wconf 87' lang='lat' dir='ltr'><strong>pedem</strong></span> <span class='ocrx_word' id='word_1_620' title='bbox 3344 4294 3542 4348; x_wconf 88' lang='lat' dir='ltr'><strong>retulit.</strong></span> 
     </span>
    </p>
   </div>
   <div class='ocr_carea' id='block_1_88' title="bbox 1959 4386 3546 4459">
    <p class='ocr_par' dir='ltr' id='par_1_88' title="bbox 1959 4386 3546 4459">
     <span class='ocr_line' id='line_1_88' title="bbox 1959 4386 3546 4459; baseline -0.002 -13"><span class='ocrx_word' id='word_1_621' title='bbox 1959 4393 2138 4459; x_wconf 86' lang='lat' dir='ltr'><strong>Quare</strong></span> <span class='ocrx_word' id='word_1_622' title='bbox 2158 4391 2245 4448; x_wconf 90' lang='lat' dir='ltr'><strong>illa</strong></span> <span class='ocrx_word' id='word_1_623' title='bbox 2272 4391 2593 4447; x_wconf 82' lang='lat' dir='ltr'><strong>Athenionis</strong></span> <span class='ocrx_word' id='word_1_624' title='bbox 2613 4405 2681 4444; x_wconf 81' lang='lat' dir='ltr'><strong>ex</strong></span> <span class='ocrx_word' id='word_1_625' title='bbox 2707 4388 2901 4444; x_wconf 88' lang='lat' dir='ltr'><strong>castris</strong></span> <span class='ocrx_word' id='word_1_626' title='bbox 2935 4386 3245 4443; x_wconf 83' lang='lat' dir='ltr'><strong>vaticinatio</strong></span> <span class='ocrx_word' id='word_1_627' title='bbox 3271 4389 3323 4442; x_wconf 91' lang='lat' dir='ltr'><strong>in</strong></span> <span class='ocrx_word' id='word_1_628' title='bbox 3375 4391 3546 4456; x_wconf 90' lang='lat' dir='ltr'><strong>pretio</strong></span> 
     </span>
    </p>
   </div>
   <div class='ocr_carea' id='block_1_89' title="bbox 1894 4483 2577 4571">
    <p class='ocr_par' dir='ltr' id='par_1_89' title="bbox 1894 4483 2577 4571">
     <span class='ocr_line' id='line_1_89' title="bbox 1894 4483 2577 4571; baseline -0.006 -33"><span class='ocrx_word' id='word_1_629' title='bbox 1894 4516 1941 4571; x_wconf 64' lang='grc' dir='ltr'><strong>Β</strong></span> <span class='ocrx_word' id='word_1_630' title='bbox 1966 4492 2018 4538; x_wconf 86' lang='lat' dir='ltr'><strong>et</strong></span> <span class='ocrx_word' id='word_1_631' title='bbox 2051 4483 2412 4538; x_wconf 81' lang='lat' dir='ltr'><strong>admiratione</strong></span> <span class='ocrx_word' id='word_1_632' title='bbox 2440 4490 2577 4535; x_wconf 86' lang='lat' dir='ltr'><strong>erat.</strong></span> 
     </span>
    </p>
   </div>
   <div class='ocr_carea' id='block_1_90' title="bbox 2029 4587 3547 4659">
    <p class='ocr_par' dir='ltr' id='par_1_90' title="bbox 2029 4587 3547 4659">
     <span class='ocr_line' id='line_1_90' title="bbox 2029 4587 3547 4659; baseline -0.001 -12"><span class='ocrx_word' id='word_1_633' title='bbox 2029 4593 2178 4648; x_wconf 92' lang='lat' dir='ltr'><strong>lnter</strong></span> <span class='ocrx_word' id='word_1_634' title='bbox 2228 4607 2290 4647; x_wconf 91' lang='lat' dir='ltr'><strong>ea</strong></span> <span class='ocrx_word' id='word_1_635' title='bbox 2340 4601 2520 4646; x_wconf 89' lang='lat' dir='ltr'><strong>autem</strong></span> <span class='ocrx_word' id='word_1_636' title='bbox 2577 4589 2731 4645; x_wconf 85' lang='lat' dir='ltr'><strong>valde</strong></span> <span class='ocrx_word' id='word_1_637' title='bbox 2775 4587 3036 4643; x_wconf 83' lang='lat' dir='ltr'><strong>confusus</strong></span> <span class='ocrx_word' id='word_1_638' title='bbox 3089 4588 3547 4659; x_wconf 87' lang='lat' dir='ltr'><strong>perturbatusqne</strong></span> 
     </span>
    </p>
   </div>
   <div class='ocr_carea' id='block_1_91' title="bbox 1958 4677 3549 4747">
    <p class='ocr_par' dir='ltr' id='par_1_91' title="bbox 1958 4677 3549 4747">
     <span class='ocr_line' id='line_1_91' title="bbox 1958 4677 3549 4747; baseline -0.003 -10"><span class='ocrx_word' id='word_1_639' title='bbox 1958 4693 2077 4737; x_wconf 87' lang='lat' dir='ltr'><strong>erat</strong></span> <span class='ocrx_word' id='word_1_640' title='bbox 2100 4697 2279 4736; x_wconf 89' lang='lat' dir='ltr'><strong>rerum</strong></span> <span class='ocrx_word' id='word_1_641' title='bbox 2333 4679 2533 4736; x_wconf 75' lang='lat' dir='ltr'><strong>Sicilia:</strong></span> <span class='ocrx_word' id='word_1_642' title='bbox 2569 4690 2764 4744; x_wconf 89' lang='lat' dir='ltr'><strong>status,</strong></span> <span class='ocrx_word' id='word_1_643' title='bbox 2814 4691 3049 4747; x_wconf 84' lang='lat' dir='ltr'><strong>vereque</strong></span> <span class='ocrx_word' id='word_1_644' title='bbox 3105 4677 3369 4732; x_wconf 87' lang='lat' dir='ltr'><strong>malorum</strong></span> <span class='ocrx_word' id='word_1_645' title='bbox 3423 4678 3549 4734; x_wconf 89' lang='lat' dir='ltr'><strong>llias</strong></span> 
     </span>
    </p>
   </div>
   <div class='ocr_carea' id='block_1_92' title="bbox 1959 4769 3549 4841">
    <p class='ocr_par' dir='ltr' id='par_1_92' title="bbox 1959 4769 3549 4841">
     <span class='ocr_line' id='line_1_92' title="bbox 1959 4769 3549 4841; baseline -0.003 -13"><span class='ocrx_word' id='word_1_646' title='bbox 1959 4789 2079 4828; x_wconf 91' lang='lat' dir='ltr'><strong>eam</strong></span> <span class='ocrx_word' id='word_1_647' title='bbox 2123 4782 2503 4841; x_wconf 84' lang='lat' dir='ltr'><strong>occupaverat.</strong></span> <span class='ocrx_word' id='word_1_648' title='bbox 2541 4771 2725 4839; x_wconf 86' lang='lat' dir='ltr'><strong>Neque</strong></span> <span class='ocrx_word' id='word_1_649' title='bbox 2769 4769 2915 4824; x_wconf 87' lang='lat' dir='ltr'><strong>enim</strong></span> <span class='ocrx_word' id='word_1_650' title='bbox 2964 4770 3107 4823; x_wconf 90' lang='lat' dir='ltr'><strong>servi</strong></span> <span class='ocrx_word' id='word_1_651' title='bbox 3138 4771 3421 4834; x_wconf 82' lang='lat' dir='ltr'><strong>duntaxat,</strong></span> <span class='ocrx_word' id='word_1_652' title='bbox 3452 4770 3549 4825; x_wconf 79' lang='lat' dir='ltr'><strong>sed</strong></span> 
     </span>
    </p>
   </div>
   <div class='ocr_carea' id='block_1_93' title="bbox 274 4843 1843 4931">
    <p class='ocr_par' dir='ltr' id='par_1_93' title="bbox 274 4843 1843 4922">
     <span class='ocr_line' id='line_1_93' title="bbox 274 4843 1843 4922; baseline -0.007 -17"><span class='ocrx_word' id='word_1_653' title='bbox 274 4850 668 4922; x_wconf 79' lang='grc' dir='ltr'>ἐργαζόμενοι,</span> <span class='ocrx_word' id='word_1_654' title='bbox 704 4848 804 4901; x_wconf 79' lang='grc' dir='ltr'><strong>καὶ</strong></span> <span class='ocrx_word' id='word_1_655' title='bbox 848 4847 975 4909; x_wconf 85' lang='grc' dir='ltr'>τοὺς</span> <span class='ocrx_word' id='word_1_656' title='bbox 1013 4843 1506 4914; x_wconf 84' lang='grc' dir='ltr'>περιτυγχάνοντας</span> <span class='ocrx_word' id='word_1_657' title='bbox 1542 4843 1762 4904; x_wconf 85' lang='grc' dir='ltr'>δούλους</span> <span class='ocrx_word' id='word_1_658' title='bbox 1804 4861 1843 4897; x_wconf 73' lang='grc' dir='ltr'><strong>τι</strong></span> 
     </span>
    </p>
   </div>
   <div class='ocr_carea' id='block_1_94' title="bbox 1950 4843 3550 4931">
    <p class='ocr_par' dir='ltr' id='par_1_94' title="bbox 1962 4861 3550 4931">
     <span class='ocr_line' id='line_1_94' title="bbox 1962 4861 3550 4931; baseline -0.002 -12"><span class='ocrx_word' id='word_1_659' title='bbox 1962 4866 2124 4919; x_wconf 88' lang='lat' dir='ltr'><strong>etiam</strong></span> <span class='ocrx_word' id='word_1_660' title='bbox 2152 4880 2219 4920; x_wconf 77' lang='lat' dir='ltr'><strong>ex</strong></span> <span class='ocrx_word' id='word_1_661' title='bbox 2260 4863 2446 4918; x_wconf 91' lang='lat' dir='ltr'><strong>liberis</strong></span> <span class='ocrx_word' id='word_1_662' title='bbox 2486 4862 2799 4917; x_wconf 91' lang='lat' dir='ltr'><strong>hominibus</strong></span> <span class='ocrx_word' id='word_1_663' title='bbox 2847 4861 2879 4915; x_wconf 93' lang='lat' dir='ltr'><strong>ii</strong></span> <span class='ocrx_word' id='word_1_664' title='bbox 2907 4862 2997 4929; x_wconf 93' lang='lat' dir='ltr'><strong>qui</strong></span> <span class='ocrx_word' id='word_1_665' title='bbox 3044 4871 3287 4930; x_wconf 78' lang='lat' dir='ltr'><strong>egestate</strong></span> <span class='ocrx_word' id='word_1_666' title='bbox 3332 4878 3550 4931; x_wconf 81' lang='lat' dir='ltr'><strong>preme-</strong></span> 
     </span>
    </p>
   </div>
   <div class='ocr_carea' id='block_1_95' title="bbox 274 4936 1863 5013">
    <p class='ocr_par' dir='ltr' id='par_1_95' title="bbox 274 4936 1863 5013">
     <span class='ocr_line' id='line_1_95' title="bbox 274 4936 1863 5013; baseline -0.005 -16"><span class='ocrx_word' id='word_1_667' title='bbox 274 4946 373 4997; x_wconf 79' lang='grc' dir='ltr'>καὶ</span> <span class='ocrx_word' id='word_1_668' title='bbox 404 4944 745 5013; x_wconf 82' lang='grc' dir='ltr'>ἐλευθέρους,</span> <span class='ocrx_word' id='word_1_669' title='bbox 778 4943 927 5002; x_wconf 82' lang='grc' dir='ltr'>ὅπως</span> <span class='ocrx_word' id='word_1_670' title='bbox 965 4939 1155 5010; x_wconf 73' lang='grc' dir='ltr'>μηδεὶς</span> <span class='ocrx_word' id='word_1_671' title='bbox 1183 4936 1488 5005; x_wconf 84' lang='grc' dir='ltr'>ἀπαγγέλοι</span> <span class='ocrx_word' id='word_1_672' title='bbox 1513 4937 1557 4967; x_wconf 78' lang='grc'><strong>⁷⁸</strong></span> <span class='ocrx_word' id='word_1_673' title='bbox 1596 4936 1695 5007; x_wconf 82' lang='grc' dir='ltr'>τὴν</span> <span class='ocrx_word' id='word_1_674' title='bbox 1733 4936 1863 5006; x_wconf 75' lang='grc' dir='ltr'>περὶ</span> 
     </span>
    </p>
   </div>
   <div class='ocr_carea' id='block_1_96' title="bbox 276 5029 1863 5100">
    <p class='ocr_par' dir='ltr' id='par_1_96' title="bbox 276 5029 1863 5100">
     <span class='ocr_line' id='line_1_96' title="bbox 276 5029 1863 5100; baseline -0.004 -12"><span class='ocrx_word' id='word_1_675' title='bbox 276 5037 483 5098; x_wconf 82' lang='grc' dir='ltr'>αὐτοὺς</span> <span class='ocrx_word' id='word_1_676' title='bbox 521 5034 800 5098; x_wconf 87' lang='grc' dir='ltr'>ἀπόνοιαν,</span> <span class='ocrx_word' id='word_1_677' title='bbox 839 5032 1090 5100; x_wconf 85' lang='grc' dir='ltr'>ἐφόνευον</span> <span class='ocrx_word' id='word_1_678' title='bbox 1123 5029 1374 5093; x_wconf 87' lang='grc' dir='ltr'>ἀναιδῶς.</span> <span class='ocrx_word' id='word_1_679' title='bbox 1412 5030 1502 5082; x_wconf 84' lang='grc' dir='ltr'><strong>Διὸ</strong></span> <span class='ocrx_word' id='word_1_680' title='bbox 1532 5032 1626 5082; x_wconf 71' lang='grc' dir='ltr'><strong>καὶ</strong></span> <span class='ocrx_word' id='word_1_681' title='bbox 1665 5031 1863 5093; x_wconf 84' lang='grc' dir='ltr'>πάντες</span> 
     </span>
    </p>
   </div>
   <div class='ocr_carea' id='block_1_97' title="bbox 271 5120 1865 5191">
    <p class='ocr_par' dir='ltr' id='par_1_97' title="bbox 271 5120 1865 5191">
     <span class='ocr_line' id='line_1_97' title="bbox 271 5120 1865 5191; baseline -0.003 -12"><span class='ocrx_word' id='word_1_682' title='bbox 271 5130 323 5179; x_wconf 83' lang='grc' dir='ltr'>οἱ</span> <span class='ocrx_word' id='word_1_683' title='bbox 352 5126 502 5179; x_wconf 84' lang='grc' dir='ltr'><strong>κατά</strong></span> <span class='ocrx_word' id='word_1_684' title='bbox 528 5125 627 5188; x_wconf 88' lang='grc' dir='ltr'><strong>τάς</strong></span> <span class='ocrx_word' id='word_1_685' title='bbox 654 5126 837 5187; x_wconf 83' lang='grc' dir='ltr'>πόλεις</span> <span class='ocrx_word' id='word_1_686' title='bbox 864 5121 1244 5191; x_wconf 77' lang='grc' dir='ltr'>ὑπελάμϐανον</span> <span class='ocrx_word' id='word_1_687' title='bbox 1268 5120 1339 5172; x_wconf 82' lang='grc' dir='ltr'><strong>τά</strong></span> <span class='ocrx_word' id='word_1_688' title='bbox 1374 5121 1473 5190; x_wconf 88' lang='grc' dir='ltr'><strong>μὲν</strong></span> <span class='ocrx_word' id='word_1_689' title='bbox 1502 5121 1649 5183; x_wconf 76' lang='grc' dir='ltr'>ἐντὸς</span> <span class='ocrx_word' id='word_1_690' title='bbox 1671 5121 1865 5191; x_wconf 87' lang='grc' dir='ltr'>τειχῶν</span> 
     </span>
    </p>
   </div>
   <div class='ocr_carea' id='block_1_98' title="bbox 277 5212 1860 5304">
    <p class='ocr_par' dir='ltr' id='par_1_98' title="bbox 277 5212 1860 5304">
     <span class='ocr_line' id='line_1_98' title="bbox 277 5212 1860 5304; baseline -0.004 -32"><span class='ocrx_word' id='word_1_691' title='bbox 277 5220 441 5304; x_wconf 81' lang='grc' dir='ltr'>μόλις</span> <span class='ocrx_word' id='word_1_692' title='bbox 480 5215 617 5273; x_wconf 81' lang='grc' dir='ltr'>εἶναι</span> <span class='ocrx_word' id='word_1_693' title='bbox 653 5218 777 5282; x_wconf 82' lang='grc' dir='ltr'>ἴδια,</span> <span class='ocrx_word' id='word_1_694' title='bbox 803 5216 871 5271; x_wconf 78' lang='grc' dir='ltr'>τὰ</span> <span class='ocrx_word' id='word_1_695' title='bbox 891 5216 938 5269; x_wconf 81' lang='grc' dir='ltr'>δ’</span> <span class='ocrx_word' id='word_1_696' title='bbox 966 5214 1124 5277; x_wconf 83' lang='grc' dir='ltr'>ἐκτὸς</span> <span class='ocrx_word' id='word_1_697' title='bbox 1165 5212 1419 5284; x_wconf 85' lang='grc' dir='ltr'>ἀλλότρια</span> <span class='ocrx_word' id='word_1_698' title='bbox 1447 5214 1540 5268; x_wconf 75' lang='grc' dir='ltr'><strong>καὶ</strong></span> <span class='ocrx_word' id='word_1_699' title='bbox 1569 5212 1730 5267; x_wconf 80' lang='grc' dir='ltr'>δοῦλα</span> <span class='ocrx_word' id='word_1_700' title='bbox 1762 5216 1860 5285; x_wconf 83' lang='grc' dir='ltr'>τῆς</span> 
     </span>
    </p>
   </div>
   <div class='ocr_carea' id='block_1_99' title="bbox 1970 4953 3551 5022">
    <p class='ocr_par' dir='ltr' id='par_1_99' title="bbox 1970 4953 3551 5022">
     <span class='ocr_line' id='line_1_99' title="bbox 1970 4953 3551 5022; baseline -0.002 -13"><span class='ocrx_word' id='word_1_701' title='bbox 1970 4956 2188 5021; x_wconf 87' lang='lat' dir='ltr'><strong>bantur,</strong></span> <span class='ocrx_word' id='word_1_702' title='bbox 2241 4970 2401 5009; x_wconf 90' lang='lat' dir='ltr'><strong>omne</strong></span> <span class='ocrx_word' id='word_1_703' title='bbox 2452 4953 2726 5009; x_wconf 86' lang='lat' dir='ltr'><strong>latrocinii</strong></span> <span class='ocrx_word' id='word_1_704' title='bbox 2775 4953 3074 5022; x_wconf 79' lang='lat' dir='ltr'><strong>ﬂagitiique</strong></span> <span class='ocrx_word' id='word_1_705' title='bbox 3108 4968 3278 5022; x_wconf 84' lang='lat' dir='ltr'><strong>genus</strong></span> <span class='ocrx_word' id='word_1_706' title='bbox 3325 4968 3551 5007; x_wconf 85' lang='lat' dir='ltr'><strong>exerce-</strong></span> 
     </span>
    </p>
   </div>
   <div class='ocr_carea' id='block_1_100' title="bbox 1971 5045 3551 5116">
    <p class='ocr_par' dir='ltr' id='par_1_100' title="bbox 1971 5045 3551 5116">
     <span class='ocr_line' id='line_1_100' title="bbox 1971 5045 3551 5116; baseline -0.001 -15"><span class='ocrx_word' id='word_1_707' title='bbox 1971 5048 2126 5102; x_wconf 80' lang='lat' dir='ltr'><strong>bant.</strong></span> <span class='ocrx_word' id='word_1_708' title='bbox 2154 5049 2223 5103; x_wconf 88' lang='lat' dir='ltr'><strong>At</strong></span> <span class='ocrx_word' id='word_1_709' title='bbox 2256 5063 2323 5102; x_wconf 86' lang='lat' dir='ltr'><strong>ne</strong></span> <span class='ocrx_word' id='word_1_710' title='bbox 2351 5048 2471 5116; x_wconf 91' lang='lat' dir='ltr'><strong>quis</strong></span> <span class='ocrx_word' id='word_1_711' title='bbox 2505 5050 2643 5101; x_wconf 78' lang='lat' dir='ltr'><strong>lianc</strong></span> <span class='ocrx_word' id='word_1_712' title='bbox 2673 5046 2940 5116; x_wconf 88' lang='lat' dir='ltr'><strong>perditam</strong></span> <span class='ocrx_word' id='word_1_713' title='bbox 2971 5045 3270 5114; x_wconf 88' lang='lat' dir='ltr'><strong>nequitiam</strong></span> <span class='ocrx_word' id='word_1_714' title='bbox 3304 5046 3551 5099; x_wconf 87' lang='lat' dir='ltr'><strong>nuntiare</strong></span> 
     </span>
    </p>
   </div>
   <div class='ocr_carea' id='block_1_101' title="bbox 1973 5136 3605 5207">
    <p class='ocr_par' dir='ltr' id='par_1_101' title="bbox 1973 5136 3605 5207">
     <span class='ocr_line' id='line_1_101' title="bbox 1973 5136 3605 5207; baseline 0 -18"><span class='ocrx_word' id='word_1_715' title='bbox 1973 5148 2177 5206; x_wconf 89' lang='lat' dir='ltr'><strong>posset,</strong></span> <span class='ocrx_word' id='word_1_716' title='bbox 2209 5140 2426 5193; x_wconf 86' lang='lat' dir='ltr'><strong>obvium</strong></span> <span class='ocrx_word' id='word_1_717' title='bbox 2451 5139 2767 5207; x_wconf 84' lang='lat' dir='ltr'><strong>quemlibet,</strong></span> <span class='ocrx_word' id='word_1_718' title='bbox 2805 5151 3021 5193; x_wconf 86' lang='lat' dir='ltr'><strong>servum</strong></span> <span class='ocrx_word' id='word_1_719' title='bbox 3055 5138 3260 5205; x_wconf 89' lang='lat' dir='ltr'><strong>pariter</strong></span> <span class='ocrx_word' id='word_1_720' title='bbox 3303 5144 3358 5188; x_wconf 90' lang='lat' dir='ltr'><strong>et</strong></span> <span class='ocrx_word' id='word_1_721' title='bbox 3399 5136 3550 5203; x_wconf 77' lang='lat' dir='ltr'><strong>inge-</strong></span> <span class='ocrx_word' id='word_1_722' title='bbox 3596 5194 3605 5202; x_wconf 86' lang='lat'><strong><em>_</em></strong></span> 
     </span>
    </p>
   </div>
   <div class='ocr_carea' id='block_1_102' title="bbox 1971 5227 3552 5298">
    <p class='ocr_par' dir='ltr' id='par_1_102' title="bbox 1971 5227 3552 5298">
     <span class='ocr_line' id='line_1_102' title="bbox 1971 5227 3552 5298; baseline 0.001 -16"><span class='ocrx_word' id='word_1_723' title='bbox 1971 5247 2108 5285; x_wconf 82' lang='lat' dir='ltr'><strong>nuos</strong></span> <span class='ocrx_word' id='word_1_724' title='bbox 2164 5232 2523 5287; x_wconf 86' lang='lat' dir='ltr'><strong>trucidabant.</strong></span> <span class='ocrx_word' id='word_1_725' title='bbox 2588 5229 2741 5285; x_wconf 88' lang='lat' dir='ltr'><strong>Unde</strong></span> <span class='ocrx_word' id='word_1_726' title='bbox 2798 5230 2979 5294; x_wconf 85' lang='lat' dir='ltr'><strong>ﬁebat,</strong></span> <span class='ocrx_word' id='word_1_727' title='bbox 3008 5238 3064 5283; x_wconf 93' lang='lat' dir='ltr'><strong>ut</strong></span> <span class='ocrx_word' id='word_1_728' title='bbox 3112 5230 3203 5298; x_wconf 90' lang='lat' dir='ltr'><strong>qui</strong></span> <span class='ocrx_word' id='word_1_729' title='bbox 3252 5227 3305 5280; x_wconf 93' lang='lat' dir='ltr'><strong>in</strong></span> <span class='ocrx_word' id='word_1_730' title='bbox 3345 5227 3552 5295; x_wconf 86' lang='lat' dir='ltr'><strong>oppidis</strong></span> 
     </span>
    </p>
   </div>
   <div class='ocr_carea' id='block_1_103' title="bbox 1590 5382 2264 5445">
    <p class='ocr_par' dir='ltr' id='par_1_103' title="bbox 1590 5382 2264 5445">
     <span class='ocr_line' id='line_1_103' title="bbox 1590 5382 2264 5445; baseline 0.012 -10"><span class='ocrx_word' id='word_1_731' title='bbox 1590 5382 1824 5438; x_wconf 62' lang='lat' dir='ltr'><strong>VARIAE</strong></span> <span class='ocrx_word' id='word_1_732' title='bbox 1861 5385 2264 5445; x_wconf 87' lang='lat' dir='ltr'><strong>LECTIONES.</strong></span> 
     </span>
    </p>
   </div>
   <div class='ocr_carea' id='block_1_104' title="bbox 351 5493 3551 5569">
    <p class='ocr_par' dir='ltr' id='par_1_104' title="bbox 351 5493 3551 5569">
     <span class='ocr_line' id='line_1_104' title="bbox 351 5493 3551 5569; baseline -0.002 -19"><span class='ocrx_word' id='word_1_733' title='bbox 351 5499 399 5529; x_wconf 79' lang='grc'><strong>⁸⁷</strong></span> <span class='ocrx_word' id='word_1_734' title='bbox 428 5498 571 5549; x_wconf 84' lang='grc' dir='ltr'>δυεῖν</span> <span class='ocrx_word' id='word_1_735' title='bbox 596 5498 654 5555; x_wconf 85' lang='grc' dir='ltr'><strong>Β.</strong></span> <span class='ocrx_word' id='word_1_736' title='bbox 736 5496 781 5529; x_wconf 78' lang='grc'><strong>³⁸</strong></span> <span class='ocrx_word' id='word_1_737' title='bbox 808 5498 932 5566; x_wconf 73' lang='grc' dir='ltr'>περὶ</span> <span class='ocrx_word' id='word_1_738' title='bbox 957 5495 1155 5569; x_wconf 55' lang='lat' dir='ltr'><strong>enni}.</strong></span> <span class='ocrx_word' id='word_1_739' title='bbox 1233 5493 1549 5569; x_wconf 49' lang='lat' dir='ltr'><strong>“pusum;</strong></span> <span class='ocrx_word' id='word_1_740' title='bbox 1578 5494 1620 5545; x_wconf 83' lang='grc' dir='ltr'>Β</span> <span class='ocrx_word' id='word_1_741' title='bbox 1641 5503 1696 5549; x_wconf 84' lang='lat' dir='ltr'><strong>et</strong></span> <span class='ocrx_word' id='word_1_742' title='bbox 1728 5510 1887 5569; x_wconf 78' lang='lat' dir='ltr'><strong>corr.</strong></span> <span class='ocrx_word' id='word_1_743' title='bbox 1913 5499 1951 5548; x_wconf 74' lang='grc' dir='ltr'>Α</span> <span class='ocrx_word' id='word_1_744' title='bbox 1985 5516 1995 5550; x_wconf 90' lang='lat'><strong>:</strong></span> <span class='ocrx_word' id='word_1_745' title='bbox 2035 5498 2306 5565; x_wconf 77' lang='grc' dir='ltr'>βασιλείας</span> <span class='ocrx_word' id='word_1_746' title='bbox 2337 5518 2396 5565; x_wconf 80' lang='grc' dir='ltr'>ς.</span> <span class='ocrx_word' id='word_1_747' title='bbox 2469 5503 2514 5535; x_wconf 76' lang='grc'><strong>²⁰</strong></span> <span class='ocrx_word' id='word_1_748' title='bbox 2545 5503 2797 5556; x_wconf 81' lang='grc' dir='ltr'>ἀνίστατο</span> <span class='ocrx_word' id='word_1_749' title='bbox 2823 5501 2883 5556; x_wconf 76' lang='grc' dir='ltr'>Β,</span> <span class='ocrx_word' id='word_1_750' title='bbox 2954 5500 2996 5533; x_wconf 84' lang='grc'><strong>⁷¹</strong></span> <span class='ocrx_word' id='word_1_751' title='bbox 3043 5498 3445 5569; x_wconf 76' lang='grc' dir='ltr'>σκευαζομένου</span> <span class='ocrx_word' id='word_1_752' title='bbox 3486 5513 3551 5562; x_wconf 84' lang='grc' dir='ltr'>ς.</span> 
     </span>
    </p>
   </div>
   <div class='ocr_carea' id='block_1_105' title="bbox 272 5567 1185 5635">
    <p class='ocr_par' dir='ltr' id='par_1_105' title="bbox 272 5567 1185 5635">
     <span class='ocr_line' id='line_1_105' title="bbox 272 5567 1185 5635; baseline -0.002 -14"><span class='ocrx_word' id='word_1_753' title='bbox 272 5569 317 5599; x_wconf 71' lang='grc'>’³</span> <span class='ocrx_word' id='word_1_754' title='bbox 351 5569 545 5635; x_wconf 81' lang='grc' dir='ltr'>ὀλίγας</span> <span class='ocrx_word' id='word_1_755' title='bbox 583 5587 641 5632; x_wconf 74' lang='grc' dir='ltr'><strong>ς’.</strong></span> <span class='ocrx_word' id='word_1_756' title='bbox 719 5570 763 5599; x_wconf 86' lang='grc'><strong>⁷³</strong></span> <span class='ocrx_word' id='word_1_757' title='bbox 788 5572 851 5620; x_wconf 79' lang='grc' dir='ltr'><strong>ἐκ</strong></span> <span class='ocrx_word' id='word_1_758' title='bbox 886 5575 957 5621; x_wconf 75' lang='lat' dir='ltr'><strong>A:</strong></span> <span class='ocrx_word' id='word_1_759' title='bbox 994 5567 1097 5619; x_wconf 80' lang='grc' dir='ltr'><strong>ἀπὸ</strong></span> <span class='ocrx_word' id='word_1_760' title='bbox 1126 5583 1185 5629; x_wconf 78' lang='grc' dir='ltr'>ς.</span> 
     </span>
    </p>
   </div>
   <div class='ocr_carea' id='block_1_106' title="bbox 1291 5566 2099 5634">
    <p class='ocr_par' dir='ltr' id='par_1_106' title="bbox 1291 5566 2099 5634">
     <span class='ocr_line' id='line_1_106' title="bbox 1291 5566 2099 5634; baseline 0.009 -18"><span class='ocrx_word' id='word_1_761' title='bbox 1291 5566 1337 5596; x_wconf 72' lang='grc' dir='ltr'><strong>τ’</strong></span> <span class='ocrx_word' id='word_1_762' title='bbox 1372 5566 1549 5617; x_wconf 76' lang='grc' dir='ltr'>πᾶσαν</span> <span class='ocrx_word' id='word_1_763' title='bbox 1581 5580 1689 5634; x_wconf 80' lang='lat' dir='ltr'><strong>mg.</strong></span> <span class='ocrx_word' id='word_1_764' title='bbox 1724 5583 1737 5618; x_wconf 91' lang='lat'><strong>:</strong></span> <span class='ocrx_word' id='word_1_765' title='bbox 1776 5567 1893 5619; x_wconf 78' lang='lat' dir='ltr'><strong>libri</strong></span> <span class='ocrx_word' id='word_1_766' title='bbox 1927 5570 2099 5624; x_wconf 75' lang='grc' dir='ltr'>πᾶσα.</span> 
     </span>
    </p>
   </div>
   <div class='ocr_carea' id='block_1_107' title="bbox 2207 5572 2714 5640">
    <p class='ocr_par' dir='ltr' id='par_1_107' title="bbox 2207 5572 2714 5640">
     <span class='ocr_line' id='line_1_107' title="bbox 2207 5572 2714 5640; baseline 0.008 -16"><span class='ocrx_word' id='word_1_767' title='bbox 2207 5572 2249 5600; x_wconf 73' lang='grc'><strong>⁷⁵</strong></span> <span class='ocrx_word' id='word_1_768' title='bbox 2279 5572 2615 5640; x_wconf 80' lang='grc' dir='ltr'>ἀπαγγέλλοι</span> <span class='ocrx_word' id='word_1_769' title='bbox 2652 5575 2714 5629; x_wconf 80' lang='grc' dir='ltr'><strong>Α.</strong></span> 
     </span>
    </p>
   </div>
   <div class='ocr_carea' id='block_1_108' title="bbox 1727 5679 1958 5750">
    <p class='ocr_par' dir='ltr' id='par_1_108' title="bbox 1727 5679 1958 5750">
     <span class='ocr_line' id='line_1_108' title="bbox 1727 5679 1958 5750; baseline -0.004 -16"><span class='ocrx_word' id='word_1_770' title='bbox 1727 5679 1958 5750; x_wconf 58' lang='lat' dir='ltr'><strong>uorsa,</strong></span> 
     </span>
    </p>
   </div>
   <div class='ocr_carea' id='block_1_109' title="bbox 356 5800 1074 5875">
    <p class='ocr_par' dir='ltr' id='par_1_109' title="bbox 356 5800 1074 5875">
     <span class='ocr_line' id='line_1_109' title="bbox 356 5800 1074 5875; baseline -0.007 -16"><span class='ocrx_word' id='word_1_771' title='bbox 356 5804 479 5875; x_wconf 77' lang='lat'><strong>(70)</strong></span> <span class='ocrx_word' id='word_1_772' title='bbox 505 5804 695 5861; x_wconf 82' lang='lat' dir='ltr'><strong>Cicero</strong></span> <span class='ocrx_word' id='word_1_773' title='bbox 729 5801 795 5857; x_wconf 83' lang='lat' dir='ltr'><strong>In</strong></span> <span class='ocrx_word' id='word_1_774' title='bbox 842 5800 1074 5854; x_wconf 72' lang='lat' dir='ltr'><strong>Verrem.</strong></span> 
     </span>
    </p>
   </div>
  </div>
