3924 6428
1546 374 1807 436 ΡΗΟΤΙΙ
1844 378 2226 442 PATRIARC
2240 382 2364 443 ΗΕ
2399 385 2505 445 CP.

402 483 605 555 3896
665 491 845 547 erant,
878 496 937 536 ea
967 494 1088 551 qum
1118 480 1258 534 intra
1301 494 1484 536 muros
1519 496 1723 551 essent,
1755 486 1843 541 vix
1878 504 1964 557 prc

2073 547 2079 559 ι
2106 494 2424 565 παρανόμου
2452 495 2860 566 χειροκρασίας.
2889 499 2998 553 Καὶ
3022 501 3156 557 ἄλλα
3182 504 3239 560 δέ
3260 505 3431 564 πολλὰ
3460 512 3671 578 πολλοῖς

401 578 519 646 pria
541 575 950 629 existimarent:
974 586 1095 641 quae
1114 580 1291 626 autem
1306 583 1480 640 extra,
1503 575 1677 630 aliena
1697 587 1751 631 et
1767 580 1964 633 domin:

2095 584 2272 638 ἄτοπα
2304 587 2446 641 κατά
2472 587 2571 659 τὴν
2595 590 2846 645 Σικελίαν
2875 593 3158 664 ἐτολμᾶτο.

399 669 573 737 exlegi
603 668 961 736 violentaque
991 667 1244 737 potentiae
1279 668 1513 723 subdita.
1536 670 1700 726 Multa
1726 673 1962 743 denique
1991 675 2093 731 alia
2122 689 2311 735 contra
2344 681 2428 737 fas
2450 693 2502 737 et
2523 699 2735 753 tequnm
2763 700 3075 757 perpetrare
3097 694 3369 752 audebam
3395 698 3447 753 ῑη
3466 700 3673 760 Sicilia.

473 760 688 815 Salvius
710 768 891 814 autem
920 761 1011 829 qui
1056 758 1450 831 Morgantinam
1482 763 1790 829 obsidebat,
1834 765 1994 821 factis

401 855 455 910 in
487 864 654 909 totam
701 851 845 906 illam
888 850 1165 921 regionem
1201 852 1625 918 incursionibus,
1662 854 1729 909 ad
1769 854 1995 911 Leonti-

2184 773 2243 827 Ὁ
2292 773 2350 828 δέ
2396 774 2498 847 τὴν
2540 777 2931 852 Μαργαντίνην
2979 784 3345 860 πολιορκήσας
3396 794 3673 867 Σαλούῖος,

2097 863 2416 936 ἐπιδραμὼν
2446 867 2547 937 τὴν
2590 869 2778 957 χώραν
2809 873 2971 944 μέχρι
3002 876 3096 930 τοῦ
3140 880 3425 938 Λεοντίνου
3463 863 3672 957 πεδίου,

400 962 527 999 num
559 958 727 1013 usque
756 946 1028 1011 campum,
1062 950 1232 995 totum
1280 942 1579 997 exercitum
1616 944 1687 997 ibi
1723 945 1964 1016 recollegi

2096 950 2348 1021 ἤθροισεν
2373 953 2538 1007 αὑτοῦ
2560 955 2620 1007 τὸ
2642 955 2865 1026 σύμπαν
2896 942 3227 1034 στράτευμα,
3246 968 3565 1037 ἐπιλέκτους

396 1038 450 1092 in
483 1051 590 1106 quo
612 1035 970 1090 numerabant
989 1034 1208 1102 triginta
1234 1033 1494 1100 millia,et
1525 1035 1743 1103 quidem
1762 1037 1993 1093 selecto-

397 1143 536 1183 rum.
571 1128 709 1182 Tum
731 1141 861 1183 vero
889 1126 1036 1181 ltalis
1064 1126 1321 1181 heroibus
1343 1141 1498 1183 sacra
1527 1126 1677 1195 fecit,
1708 1143 1985 1201 unamque

393 1237 424 1277 e
445 1220 731 1291 purpureis
747 1220 989 1275 vestibus
1014 1219 1233 1285 dicavit,
1248 1228 1434 1288 gratus
1454 1234 1520 1277 ac
1550 1237 1759 1277 memor
1780 1224 1987 1280 beneﬂ-

393 1314 484 1377 cii,
514 1312 570 1365 in
602 1326 709 1380 quo
741 1310 890 1363 illum
925 1309 1209 1364 victoriam
1238 1309 1434 1366 dantes
1477 1310 1793 1368 affecerant.
1829 1314 1977 1370 Tan-

390 1404 513 1457 dem
562 1416 691 1457 vero
738 1415 860 1455 cum
908 1402 1051 1469 regis
1098 1415 1295 1457 nomen
1358 1402 1463 1457 sibi
1514 1404 1825 1473 ascivisset,
1883 1422 1982 1475 pro

392 1493 573 1547 Salvio
607 1492 864 1564 Tryphon
888 1508 917 1545 a
966 1491 1336 1548 defectoribus
1359 1494 1619 1564 appellari
1652 1498 1837 1568 cmpit.
1866 1498 1978 1553 Ha-

389 1588 524 1641 hens
557 1595 735 1639 autem
788 1587 841 1639 in
894 1585 1077 1639 animo
1134 1583 1390 1641 Triocala
1447 1601 1739 1657 occupare,
1791 1590 1978 1659 ibique

387 1679 593 1749 regiam
620 1692 770 1733 suam
800 1684 1062 1742 statuere,
1099 1685 1291 1731 evocat
1316 1676 1479 1732 etiam
1512 1678 1899 1746 Athenionem,
1921 1692 1976 1738 et

2093 1036 2228 1118 δρας
2264 1041 2367 1093 οὑκ
2406 1038 2664 1105 ἐλάττους
2686 1044 2800 1097 τῶν
2831 1050 3191 1119 τρισμυρίων,
3236 1056 3330 1109 καὶ
3360 1036 3678 1124 θύσαςῗτοίς

2105 1125 2384 1190 Ἰταλικοῖς
2432 1128 2476 1160 ⁷⁸
2518 1128 2697 1200 ἥρωσι
2733 1131 2946 1197 τούτοις
2975 1135 3076 1204 μὲν
3108 1139 3340 1210 ἀνέθηκε
3384 1146 3517 1214 μίαν
3567 1148 3677 1203 τῶν

2087 1216 2372 1287 ἁλουργῶν
2430 1222 2861 1295 περιπορφύρων
2926 1229 3119 1299 στολήν
3178 1237 3513 1306 χαριστήρια
3576 1242 3675 1312 τῆς

2087 1310 2266 1380 νίκης,
2322 1314 2485 1377 αὐτὸς
2515 1314 2560 1368 δ’
2606 1317 2982 1388 ἀναγορεύσας
3019 1322 3213 1379 ἐαυτὸν
3249 1325 3478 1397 βασιλέα
3525 1310 3674 1403 Τρύ-

2085 1417 2202 1469 φων
2228 1403 2276 1450 ."
2308 1403 2409 1474 μὲν
2440 1406 2546 1460 ὑπὸ
2568 1408 2677 1461 τῶν
2702 1408 3025 1467 ἀποστατῶν
3049 1420 3509 1489 προσηγορεύετο.
3546 1404 3675 1477 Ata-

2082 1492 2375 1564 νοούμενος
2428 1496 2487 1550 δὲ
2515 1498 2585 1553 τὰ
2608 1499 2886 1571 Τριόκαλα
2922 1504 2969 1537 ⁷⁸
3007 1508 3410 1565 καταλαϐέσθαι
3448 1516 3546 1568 καὶ
3577 1533 3673 1570 κα-

2081 1588 2419 1643 τασκευάσαι
2460 1589 2710 1661 βασίλεια
2745 1595 2959 1667 πέμπει
3004 1600 3100 1653 καὶ
3160 1603 3297 1672 πρὸς
3338 1604 3667 1676 ’Δθηνίωνα,

2085 1682 2582 1753 μεταπεμπόμενος
2661 1684 2823 1741 αὑτὸν
2875 1688 2952 1752 ὡς
3021 1694 3326 1765 στρατηγὸν
3376 1697 3664 1768 βασιλεὺς.

387 1775 605 1845 quidem
627 1788 752 1828 eum
780 1783 839 1827 ut
861 1788 954 1827 rex
985 1774 1366 1843 imperatorem
1395 1789 1703 1830 accersens.
1730 1774 1828 1829 Hic
1849 1791 1964 1833 vera

2085 1772 2292 1836 Πάντες
2353 1774 2454 1844 μὲν
2504 1773 2599 1830 οὑν
2653 1777 3038 1850 ὑπελάμϐανον
3096 1785 3186 1839 τὸν
3233 1788 3539 1860 Ἀθηνίωνα
3560 1794 3670 1849 τῶν

385 1882 509 1921 cum
544 1879 736 1920 omnes
776 1864 1183 1920 arbitrarentur
1212 1863 1330 1920 fore
1381 1874 1443 1921 ut
1468 1866 1707 1922 Athenio
1737 1868 1971 1938 primum

382 1967 439 2012 et
470 1956 793 2011 altissimum
853 1956 1134 2025 dignitatis
1191 1957 1418 2026 gradum
1471 1957 1730 2013 obtinere
1788 1960 1972 2027 vellet,

381 2058 545 2120 atque
566 2048 693 2105 hinc
714 2057 836 2104 orto
866 2049 1012 2103 inter
1041 2047 1377 2104 defectorum
1410 2050 1688 2120 principes
1722 2051 1969 2120 dissidio,

381 2142 543 2197 facile
585 2141 716 2196 huic
746 2140 892 2196 bello
922 2141 1082 2196 tinem
1118 2141 1432 2211 impositum
1463 2142 1553 2210 iri,
1605 2142 1819 2199 fortuna
1849 2153 1969 2199 tan-

378 2247 541 2302 quam
574 2231 639 2287 de
665 2229 931 2285 industria
963 2230 1149 2300 copias
1176 2229 1524 2301 fugitivorum
1552 2245 1779 2301 augens,
1802 2233 1972 2289 duces

377 2338 566 2378 eorum
593 2323 646 2377 in
682 2321 1029 2377 concordiam
1062 2321 1310 2377 adduxit.
1335 2320 1558 2394 Trypho
1584 2325 1729 2380 enim
1760 2326 1970 2396 magnis

377 2415 664 2469 itineribus
683 2413 751 2467 ad
775 2412 961 2468 urbem
986 2410 1237 2467 Triocala
1259 2429 1381 2469 cum
1408 2414 1665 2471 universo
1687 2430 1787 2471 suo
1814 2430 1970 2473 exer-

373 2506 486 2560 citu
524 2503 787 2571 pervenit.
835 2503 1039 2559 Eodem
1085 2513 1142 2558 et
1174 2505 1411 2561 Athenio
1454 2520 1652 2577 magna
1687 2506 1970 2563 celeritate

371 2597 672 2661 contendit,
724 2610 791 2652 ex
822 2597 935 2651 suis
969 2596 1070 2650 tria
1136 2595 1406 2652 duntaxat
1453 2598 1735 2655 adducens
1753 2601 1921 2655 millia
1950 2642 1967 2666 ,

371 2695 430 2743 et
464 2686 740 2758 Tryphoni
793 2694 851 2740 ut
880 2686 1181 2755 imperator
1224 2688 1336 2758 regi
1390 2689 1535 2745 dicto
1578 2690 1829 2747 audiens.
1872 2691 1969 2746 Re-

369 2779 577 2847 liquum
625 2787 807 2833 autem
863 2778 1168 2832 exercitum
1221 2780 1288 2832 ad
1346 2780 1754 2851 depopulandos
1810 2781 1967 2851 longe

368 2873 591 2942 lateque
642 2885 824 2941 agros,
861 2870 1195 2939 servitiaque
1244 2869 1312 2923 ad
1359 2870 1724 2927 defectionem
1759 2873 1961 2930 sollici-

371 2965 535 3020 tanda
590 2963 835 3018 miserat.
875 2961 1076 3017 Verum
1125 2971 1318 3032 postea
1375 2961 1600 3035 Trypho
1655 2968 1965 3037 suspicatus

367 3054 487 3108 fore
508 3062 570 3106 ut
596 3052 831 3106 Athenio
868 3053 1041 3122 prima
1077 3068 1297 3124 quoque
1341 3057 1658 3121 occasione,
1701 3057 1962 3114 adversus

2080 1863 2369 1932 πρωτείων
2417 1865 2865 1938 ἀντιποιήσεσθαι
2894 1873 2966 1941 ⁷⁸,
3022 1875 3119 1929 καὶ
3170 1876 3261 1931 διὰ
3318 1880 3416 1951 τὴν
3474 1884 3668 1939 στάσιν

2078 1953 2191 2009 τῶν
2238 1956 2568 2013 ἀποστατῶν
2611 1961 2809 2032 ῥᾳδίως
2855 1965 3329 2039 καταλυθήσεσθαι
3375 1974 3468 2028 τὸν
3509 1977 3666 2031 πόλε-

2077 2063 2179 2115 μον
2204 2064 2220 2079 ο
2260 2050 2293 2117 ή
2328 2047 2385 2102 δὲ
2410 2050 2549 2120 τύχη
2578 2052 2829 2125 καθάπερ
2858 2056 3112 2129 ἐπίτηδες
3142 2061 3384 2127 αὔξουσα
3420 2068 3524 2131 τὰς
3554 2071 3667 2123 τῶν

2072 2138 2359 2209 δραπετῶν
2388 2140 2671 2231 δυνάμεις,
2716 2148 3015 2219 ὁμονοῆσαι
3050 2153 3175 2217 τοὺς
3214 2155 3420 2211 τούτων
3450 2162 3663 2231 inami—

2073 2246 2172 2294 νας
2228 2232 2504 2301 ἐποίησεν.
2546 2230 2690 2290 τΗκε
2742 2238 2842 2308 μὲν
2891 2241 3002 2313 γὰρ
3038 2245 3319 2317 συντόμως
3372 2252 3513 2320 μετὰ
3564 2230 3663 2323 τῆς

2070 2321 2356 2394 δυνάμεως
2400 2325 2495 2379 ἐπὶ
2525 2326 2596 2380 τὰ
2631 2328 2910 2397 Τριόκαλα
2951 2336 2980 2386 ό
3020 2334 3275 2405 Τρύφων,
3314 2335 3422 2411 ἧκε
3470 2342 3534 2396 δέ

2083 2414 2347 2485 Ἀθηνίων
2373 2419 2513 2487 μετὰ
2543 2422 2883 2492 τρισχιλίων,
2921 2426 3215 2483 ὑπακούων
3247 2431 3325 2495 ὡς
3352 2437 3663 2507 στρατηγὸς

2073 2503 2287 2575 βασιλεῖ
2321 2506 2400 2578 τῷ
2433 2508 2711 2580 Τρύφωνι,
2749 2513 2850 2585 τὴν
2893 2514 3064 2587 άλλην
3088 2519 3250 2573 αὑτοῦ
3283 2503 3517 2594 δύναμιν
3549 2503 3658 2580 κα·-

2069 2600 2358 2668 τατρὲχειν
2384 2599 2484 2671 τὴν
2520 2600 2706 2672 χώραν
2755 2605 2851 2658 καὶ
2887 2606 3139 2663 ἀνασείεν
3178 2612 3316 2683 πρὸς
3354 2616 3661 2674 ἀπόστασιν

2068 2688 2197 2751 τοὺς
2218 2688 2439 2753 οἰκέτας
2467 2692 2848 2759 ἀπεσταλκώς.
2874 2698 3032 2752 Μετὰ
3059 2699 3119 2754 δέ
3143 2702 3317 2758 ταῦτα
3348 2707 3658 2781 ὑπονοήσας

2068 2779 2098 2832 ὁ
2154 2778 2390 2849 Τρύφων
2440 2782 2533 2835 τὸν
2604 2783 2908 2855 Ἀθηνίωνα
2954 2790 3314 2863 ἐπιθήσεσθαι
3362 2800 3421 2851 ἐν
3476 2778 3662 2873 καιρῷ

2068 2871 2387 2943 παρέδωκεν
2417 2874 2498 2939 είς
2536 2877 2807 2950 φυλακήν,
2848 2881 2922 2934 Τὸ
2960 2881 3018 2936 δὲ
3052 2884 3309 2957 φρούριον
3342 2871 3657 2961 ὸχουρώταζ

2067 2980 2159 3017 τον
2210 2962 2270 3017 ὃν
2327 2967 2700 3033 κατεσκεύαζε
2766 2970 3086 3027 πολυτελέσι
3142 2982 3513 3045 κατασκευαῖς
3563 2986 3657 3038 καὶ

2067 3056 2161 3110 ἐπὶ
2199 3058 2403 3127 μᾶλλον
2428 3059 2670 3132 ὠχύρου.
2700 3063 2981 3131 Τριόκαλα
3017 3066 3074 3120 δέ
3107 3069 3238 3122 αὐτό
3260 3088 3425 3140 φασιν
3452 3075 3500 3106 ⁸⁸
3524 3076 3657 3129 ὠνο-

367 3145 543 3211 ipsum
596 3157 746 3197 arma
801 3152 1045 3212 caperet,
1091 3158 1216 3198 cmn
1268 3144 1322 3201 in
1379 3159 1662 3202 carcerem
1705 3150 1961 3220 conjecit.

2073 3150 2276 3221 μάσθαι
2310 3152 2398 3206 διὰ
2433 3154 2495 3207 τὸ
2536 3154 2665 3226 τρία
2699 3157 2842 3212 καλά
2878 3159 3046 3230 ἔχειν,
3096 3162 3314 3233 πρῶτον
3340 3166 3442 3236 μὲν
3473 3186 3659 3241 ναμα-

367 3232 637 3289 Cacterum
682 3235 996 3305 praesidium
1035 3235 1166 3290 illud
1201 3237 1400 3307 alioqui
1444 3240 1869 3297 munitissimum
1911 3242 1962 3298 in

364 3327 482 3384 dies
519 3328 689 3396 magis
725 3342 788 3383 ac
826 3328 998 3399 magis
1047 3329 1328 3384 muniebat
1354 3371 1370 3395 ,
1401 3339 1456 3385 et
1495 3333 1768 3403 magniﬁci
1819 3343 1964 3389 stru-

308 3402 313 3407 i
363 3419 538 3474 cturis
598 3418 918 3475 adornabat.
980 3420 1147 3474 Aiunt
1226 3431 1410 3476 autem
1484 3402 1732 3479 Triocala
1794 3424 1962 3483 fuisse

361 3510 699 3564 nominatam
742 3510 887 3578 quod
930 3510 1056 3580 τρία
1114 3508 1257 3563 καλὰ
1308 3510 1384 3582 (id
1437 3521 1520 3567 est
1570 3515 1674 3568 tria
1710 3515 1957 3587 pulchra)

360 3599 413 3655 ei
457 3600 721 3656 inessent.
778 3598 1021 3654 Primum
1074 3600 1222 3671 quod
1282 3603 1651 3672 scaturigines
1707 3606 1956 3674 plurima:

359 3707 625 3761 aquarum
652 3692 706 3747 in
739 3706 803 3747 ea
827 3702 1127 3757 exatarent,
1157 3707 1279 3763 quae
1302 3692 1594 3749 dulcedine
1627 3710 1957 3767 magnopere

357 3766 912 3841 commendarentur.~
941 3783 1147 3839 Deinde
1192 3786 1334 3855 quod
1376 3786 1690 3855 adjacentes
1722 3787 1837 3857 agri
1878 3789 1957 3841 vi-

357 3882 482 3925 neta
503 3870 661 3924 simul
683 3878 738 3925 ct
761 3871 959 3925 oliveta
986 3872 1273 3935 haberent,
1295 3883 1478 3928 essent
1501 3887 1628 3929 vero
1656 3885 1710 3928 et
1730 3875 1955 3931 cultura:

356 3961 553 4013 mirum
590 3960 644 4014 in
696 3963 916 4014 modum
966 3961 1169 4016 idonei.
1220 3959 1523 4029 Postremo,
1566 3966 1708 4034 quod
1755 3977 1951 4021 natura

354 4052 508 4105 locus
564 4051 637 4105 ita
698 4054 938 4107 munitus
1001 4050 1163 4118 foret,
1222 4062 1285 4107 ut
1338 4054 1473 4109 nihil
1533 4071 1703 4126 supra
1740 4070 1951 4127 posset,

350 4144 553 4212 quippe
592 4143 685 4212 qui
724 4158 975 4213 magnam
1020 4147 1317 4213 quamdam
1366 4157 1422 4202 et
1468 4147 1946 4219 inexpugnabilem

351 4234 586 4287 haberet
618 4247 809 4302 rupem
842 4251 855 4287 :
888 4248 1054 4304 quam
1084 4237 1237 4291 urbis
1264 4239 1491 4301 ambitu,
1524 4241 1615 4308 qui
1648 4240 1793 4295 mille
1823 4257 1951 4311 pas-

348 4340 443 4380 sus
475 4326 845 4396 amplectitur,
892 4341 1025 4383 cum
1068 4328 1355 4395 cinxisset,
1403 4328 1662 4401 fossaque
1707 4334 1762 4389 in
1798 4350 1950 4391 sum—

2067 3242 2260 3297 τιαίων
2311 3244 2522 3300 ὑδάτων
2574 3248 2809 3321 πλῆθος,
2876 3252 3152 3326 διαφόρων
3201 3261 3269 3327 τῇ
3330 3258 3650 3332 γλυκύτητι.

2062 3336 2317 3409 δεύτερον
2336 3340 2757 3412 παρακειμένην
2777 3342 2963 3415 χώραν
2987 3346 3376 3419 ἀμπελόφυτόν
3406 3350 3535 3424 [656
3558 3356 3601 3406 Π
3608 3354 3655 3427 .1

2060 3444 2122 3480 τε
2160 3427 2258 3481 καὶ
2294 3428 2613 3498 ἐλαιόφυτον
2652 3434 2747 3487 καὶ
2775 3438 3149 3507 γεωργεῖσθαι
3180 3442 3491 3515 δυναμένην
3522 3446 3649 3499 θαυ-

2064 3521 2288 3590 μαστῶς
2329 3522 2400 3587 θί,
2452 3525 2640 3596 τρίτον
2693 3527 3143 3599 ὑπερϐάλλουσαν
3200 3534 3529 3607 ὀχυρότητα,
3573 3538 3650 3602 ὡς

2061 3611 2129 3665 ἂν
2165 3612 2335 3685 οὔσης
2377 3616 2620 3689 μεγάλης
2654 3619 2864 3691 πέτρας
2893 3621 3176 3677 ἀναλώτου
3208 3640 3223 3655 ·
3253 3626 3321 3697 ἢν
3355 3628 3451 3681 καὶ
3497 3646 3648 3701 περι-

2059 3703 2203 3777 ϐόλῳ
2230 3707 2441 3771 πόλεως
2472 3709 2705 3765 σταδίων
2728 3711 2883 3766 ὀκτὼ.
2911 3716 3399 3789 προσπεριϐαλὼν,
3438 3721 3534 3774 καὶ
3550 3738 3647 3774 τα-

2059 3797 2303 3867 φρεύσας
2356 3799 2550 3873 βαθείᾳ
2601 3802 2823 3875 τάφρῳ,
2878 3805 3170 3876 βασιλείοις
3221 3810 3443 3883 ἐχρῆτο,
3501 3816 3649 3887 πάσῃ

2055 3889 2292 3961 ἀφθονίᾳ
2324 3890 2436 3944 τῶν
2464 3893 2608 3949 κατὰ
2643 3895 2734 3949 τὸν
2767 3896 2882 3966 βίον
2916 3899 3175 3956 ἁπάντων
3196 3902 3241 3934 ⁸⁸
3277 3905 3643 3977 πεπληρωμέ-

2054 3997 2172 4050 νην.
2206 3983 2596 4039 Κατεσκεύασε
2631 3986 2689 4040 δέ
2724 3990 2819 4049 καὶ
2856 3989 3142 4062 βασιλικὴν
3190 3996 3375 4050 οἰκίαν
3396 4000 3489 4051 καὶ
3518 4002 3641 4067 άγορ

2055 4070 2156 4141 ράν
2178 4070 2490 4143 δυναμένην
2517 4075 2773 4141 δέξασθαι
2798 4079 2845 4111 ⁸³
2870 4082 3073 4151 πλῆθος
3092 4084 3421 4154 ἀνθρώπων.
3436 4089 3639 4155 ’[*ιξελέε

2055 4160 2184 4225 ξατο
2232 4161 2291 4214 δέ
2316 4164 2410 4216 καὶ
2435 4164 2545 4218 τῶν
2580 4169 2843 4240 φρονήσει
2881 4171 3248 4245 διαφερόντων
3273 4176 3484 4249 ἀνδρῶν
3516 4182 3635 4243 τοὺς

2060 4254 2304 4321 ἱκανοὺς,
2329 4254 2424 4321 οὓς
2453 4258 2747 4325 ἀποδείξας
2772 4264 3115 4334 συμϐούλους
3148 4269 3345 4339 ἐχρῆτο
3364 4272 3633 4343 συνέδροις

2049 4345 2255 4408 αὑτοῖς·
2270 4346 2536 4417 τήϐεννάν
2560 4366 2621 4403 τε
2646 4355 3057 4427 περιπόρφυρον
3076 4361 3629 4431 περιεϐάλλετο⁸⁸,καὶ

348 4428 491 4468 mam
561 4415 906 4472 altitudinem
973 4418 1251 4487 producta
1306 4420 1793 4493 circumdedisset,
1848 4440 1947 4493 pro

2073 4415 2408 4508 τλατύσημον
2449 4440 2538 4494 ἔδυ
2580 4415 2785 4511 χιτῶνα
2835 4415 3159 4515 ,τοὺςι
3195 4415 3625 4525 χρηματισμοὺς.

344 4507 493 4578 regia
520 4523 618 4563 sua
660 4509 875 4577 habuit,
901 4512 1148 4567 omnium
1189 4527 1312 4583 qua:
1366 4517 1617 4571 humanae
1649 4518 1774 4573 vitae
1809 4535 1944 4575 usus

2073 4525 2149 4578 ιαὶ
2199 4496 2363 4597 min
2397 4527 2491 4601 ιι]
2524 4496 3017 4607 ῥαϐδούχους-είχέ
3031 4496 3182 4609 ’ῥέξά
3196 4496 3632 4609 $3.35.;

343 4599 584 4668 postulat
638 4602 978 4657 abundantia
1034 4602 1317 4660 refertum.
1385 4606 1665 4664 Construit
1722 4611 1948 4682 insuper

344 4691 626 4747 basilicam
667 4712 681 4747 :
720 4694 897 4749 forum
939 4696 1070 4750 item
1126 4713 1429 4756 numerosae
1458 4701 1742 4758 hominum
1772 4705 1944 4762 turbae

2055 4619 2531 4690 προηγουμένους,
2566 4625 2661 4677 καὶ
2685 4620 2857 4679 τᾶλλα
2892 4630 3073 4683 πάντα
3112 4633 3212 4685 ὅσα
3251 4636 3465 4690 ποιοῦσί
3506 4655 3565 4690 τε
3588 4640 3633 4670 ⁸⁸

2056 4711 2153 4766 καὶ
2185 4712 2584 4787 ἐπικοσμοῦσιν
2613 4718 2909 4791 ἐπετήδευε
2945 4723 3244 4794 βασιλείαν.

344 4800 539 4855 capax.
604 4786 871 4843 Praeterea
895 4806 961 4846 ex
992 4794 1262 4860 praedictis
1296 4794 1499 4866 insigni
1547 4802 1832 4868 prudentia
1884 4808 2020 4865 viris
2057 4809 2256 4879 delegit
2302 4786 2435 4880 quot
2492 4815 2625 4869 satis
2671 4786 2844 4885 erant,
2885 4834 3087 4892 eosque
3142 4826 3243 4882 sibi
3297 4830 3632 4891 consiliarios

343 4892 556 4948 statuit,
610 4895 775 4954 atque
833 4900 1140 4943 assessores
1208 4892 1259 4945 in
1332 4893 1471 4963 juris
1525 4896 2010 4969 disceptationibus
2050 4906 2256 4961 habere
2320 4906 2575 4962 instituit.
2605 4908 2723 4967 Jam
2759 4929 2888 4972 vero
2918 4927 2977 4973 et
3030 4930 3149 4992 toga
3190 4932 3447 4991 praetexta
3497 4931 3633 4989 tuni-

341 4987 515 5042 caque
543 4973 632 5028 lati
694 4974 864 5029 clavis
901 4978 1132 5033 amictus
1199 4980 1290 5048 jus
1330 4984 1614 5055 reddebat,
1656 4988 1857 5061 390a
1898 4993 2227 5067 lictoresque
2274 4997 2347 5052 illi
2380 5014 2502 5054 cum
2569 5005 2851 5062 securibus
2898 4973 3162 5077 praeiha'nt
3241 5028 3360 5084 quae
3405 5015 3632 5088 denique

341 5066 545 5088 _.‘_,“_
595 5066 902 5088 ,.___..-.A__
1275 5082 1284 5088 .
2035 5087 2042 5088 κ

340 5066 548 5134 regiam
589 5066 907 5137 dignitatem
943 5068 1203 5137 efﬁciunt,
1238 5082 1292 5127 et
1318 5089 1441 5143 quae
1482 5091 1703 5147 ornant,
1770 5098 1835 5139 ea
1900 5087 2080 5142 omnia
2115 5098 2522 5146 consectantur.

408 5166 674 5220 Caeterum
704 5166 1084 5235 imperatorem
1103 5168 1366 5225 adversus
1389 5173 1696 5232 defectores
1716 5189 1945 5237 senatus

336 5256 613 5311 Romanus
642 5255 840 5326 delegit
867 5256 931 5312 L.
976 5256 1245 5313 Licinium
1275 5259 1554 5319 Lucullum
1576 5308 1592 5334 ,
1643 5270 1935 5327 habentem

338 5349 704 5402 Romanorum
730 5347 950 5417 quidem
971 5360 1024 5404 et
1056 5348 1314 5406 Italorum
1346 5355 1577 5411 militum
1602 5365 1938 5428 quatuorde-

335 5441 437 5491 cim
460 5440 915 5509 millia,Bitbynos
930 5439 1434 5507 autem,Tbessalos
1472 5448 1789 5508 Acarnanes
1808 5454 1937 5511 80ον

2122 5184 2537 5258 Προχειρίζεται
2567 5190 2625 5245 δὲ
2660 5192 2803 5248 κατὰ
2825 5195 2941 5249 τῶν
2968 5199 3291 5254 ἀποστατῶν
3321 5203 3357 5274 ἡ
3397 5207 3629 5276 σύγκληο

2045 5294 2138 5340 τος
2192 5279 2303 5334 τῶν
2350 5281 2638 5354 Ῥωμαίων
2676 5288 2908 5345 Λεύκιον
2943 5294 3189 5349 Λικίνιον
3211 5298 3543 5355 Λούκουλλον
3560 5303 3623 5368 ⁸⁸,

2046 5368 2241 5440 ἔχοντα
2279 5375 2621 5445 στρατιώτας
2650 5368 2883 5453 μυρίους
2906 5386 3007 5455 μὲν
3037 5389 3130 5441 καὶ
3160 5396 3623 5464 τετρακισχιλίους

2060 5460 2366 5532 Ῥωμαίους
2391 5472 2486 5520 καὶ
2538 5469 2797 5538 Ἰταλοὺς,
2832 5475 3093 5542 Βιθυνοὺς
3119 5480 3176 5534 δέ
3206 5460 3300 5536 καὶ
3333 5460 3622 5551 Θετταλοὺς

1641 5561 1878 5624 νΑιιιλΕ
1914 5572 2318 5635 LECTIONES.

427 5645 473 5720 ’(⁸
498 5646 754 5720 ιΙαλικοῖς
776 5645 1195 5720 Wesselingius.

335 5714 387 5792 _(q
414 5718 450 5792 Li
482 5716 743 5783 τρύφωνα
776 5717 959 5792 habet)
996 5714 1081 5792 Ιξῖ
1131 5722 1175 5751 ⁷⁸
1201 5714 1469 5792 Τριόκελα
1494 5714 1559 5780 Ᾰ.

2020 5755 2084 5791 σα

1296 5653 1342 5739 ⁷7
1370 5654 1607 5734 Τρύφων
1631 5689 1703 5701 -
1733 5662 1837 5716 ὑπὸ
1865 5696 1934 5706 —-
1960 5674 2427 5790 ﬂpocrljyopstisto]
2457 5676 2713 5746 τρόφωνα
2745 5708 2816 5720 --
2843 5683 2985 5752 μετὰ
3004 5716 3076 5726 ——
3124 5691 3471 5760 προηγάγετο
3493 5693 3536 5747 A
3564 5704 3614 5747 et

1296 5740 1469 5776 ιοκελα
1494 5731 1559 5780 Α.
1663 5730 1707 5763 ⁷9
1757 5734 2118 5790 ἀντιποιήσασ
2157 5760 2212 5790 αι
2278 5745 2340 5790 Α.
2447 5748 2494 5777 ⁸⁰
2555 5750 2721 5790 connixi
2757 5748 2795 5790 Η
2914 5753 2959 5786 81
3011 5757 3339 5790 (ξιιμ-.-ροιῗη
3395 5778 3475 5790 nm
3556 5764 3590 5790 υ

335 5739 387 5779 ιιι
414 5739 450 5766 ιι
482 5739 743 5783 τρυφωνα
776 5739 959 5780 nant-ty
996 5739 1053 5773 ι).
1136 5739 1175 5751 ’τ’
1211 5739 1469 5792 ιριοκελα
1494 5739 1559 5780 Α.
1663 5739 1707 5763 "
1757 5739 2222 5808 ἀντιποιήσασθαί

332 5784 385 5813 δ²ι
412 5781 625 5835 ᾶπαντα
655 5801 714 5845 ς.
790 5787 835 5817 ⁸³
858 5788 1107 5855 δέχεσθαι
1136 5808 1196 5853 ς.
1274 5793 1318 5824 ⁸⁵
1350 5798 1703 5865 περιεϐάλετο
1724 5802 1780 5855 Β.
1859 5805 1903 5838 ⁸⁵
1930 5824 1987 5859 τε
2018 5811 2062 5861 Α
2087 5825 2098 5861 :
2129 5828 2190 5878 γε
2216 5830 2275 5875 ς’.

2157 5760 2212 5792 αι
2278 5745 2340 5797 A.
2382 5745 2500 5816 ί⁸⁰⁷
2555 5750 2721 5816 φησὶν
2754 5748 2814 5803 Β.

2914 5753 2959 5786 ⁸⁸
3011 5753 3499 5829 θαυμαστῶςὀιι].
3554 5764 3611 5819 Β.

2373 5815 2417 5847 ⁸⁸
2446 5815 2782 5873 Λεύκουλλον
2804 5837 2864 5884 ς.

2362 6090 2397 6119 \
