3924 6424
249 361 270 432 1
281 362 384 426 ΩΒ

1263 368 1793 430 BIBLIOTHECA.
1824 396 1892 407 --
1930 372 2094 434 COD.
2156 372 2450 435 CCXLIV.

3367 372 3505 435 1426

238 479 329 532 καὶ
379 474 714 543 Ἀκαρνᾶνας
732 472 776 505 ⁸⁷
808 473 1183 542 ὀκτακοσίους,
1213 477 1276 531 ἐκ
1298 479 1354 531 δὲ
1377 480 1477 549 τῆς
1501 481 1808 544 Λευκανίας

1939 499 1976 537 :x
1996 482 2233 539 Lucania
2250 500 2381 539 vero
2396 484 2519 547 600,
2537 484 2733 553 quibus
2760 482 3245 554 prmcratCleptius
3262 483 3498 554 impera-

237 563 571 631 ἑξακοσίους,
621 557 697 618 ὧν
721 566 910 637 ἠγεῖτο
934 568 1227 634 Κλέπτιος,
1270 569 1411 639 ἀνὴρ
1442 574 1811 642 στρατηγικὸς

237 655 330 711 καὶ
356 656 444 719 ἐπέ
467 654 691 726 ἀνδρείᾳ
722 654 1069 726 περιϐόητος,
1106 656 1186 709 ἔτι
1214 658 1273 711 δὲ
1300 661 1396 712 καὶ
1431 660 1655 730 ἐτέρους
1687 661 1818 727 ἐξα-

237 748 479 811 κοσίους,
537 745 613 809 ὡς
673 748 926 814 γενέσθαι
978 747 1303 817 σύμπαντας
1376 751 1818 821 ἑπτακισχιλίους

237 840 329 896 καὶ
366 836 613 908 μυρίους,
638 836 733 901 οὓς
761 836 900 909 ἔχων
923 839 1189 893 κατέλαϐε
1221 842 1321 911 τὴν
1351 843 1621 898 Σικελίαν.
1673 844 1732 896 '0
1760 844 1819 897 δὲ

239 928 469 999 Τρύφων
498 928 780 992 ἀπολύσας
831 930 1133 1001 Ἀθηνίωνα
1157 933 1256 1001 τῆς
1287 933 1467 997 αἰτίας
1507 934 1823 989 ἐϐουλεύετο

242 1022 368 1089 περὶ
403 1019 496 1072 τοῦ
550 1021 688 1091 πρὸς
753 1021 1063 1091 Ῥωμαίους
1121 1024 1381 1095 πολέμου.
1443 1027 1554 1079 Καὶ
1590 1027 1668 1097 τῷ
1723 1026 1824 1098 μὲν

239 1114 471 1183 ἡρεσκεν
500 1113 562 1165 ἐν
591 1115 704 1175 τοῖς
734 1113 1055 1185 Τριοκάλοις
1070 1115 1456 1184 ἀγωνίζεσθαι,
1485 1116 1748 1188 Ἀθηνίων
1767 1118 1824 1171 δὲ

241 1203 593 1257 συνεϐούλευε
628 1204 704 1275 μὴ
741 1207 1051 1271 συγκλείειν
1092 1208 1322 1271 ἑαυτοὺς
1364 1210 1445 1271 είς
1484 1209 1823 1279 πολιορκίαν,

240 1296 354 1351 ἀλλ’
411 1298 470 1348 ἐν
520 1297 773 1367 ὑπαίθρῳ
838 1298 1280 1367 διαγωνίζεσθαι.
1336 1302 1711 1372 Κρατησάσης
1768 1301 1826 1355 δὲ

237 1382 442 1457 ταύτης
473 1387 519 1419 ³⁸
559 1387 663 1450 τῆς
715 1388 911 1460 βουλῆς
958 1391 1563 1463 κατεστρατοπέδευσαν
1602 1392 1828 1462 πλησίον

238 1478 537 1550 Σκιρθαίας
590 1478 662 1544 ⁸⁸,
703 1479 857 1543 ὄντες
881 1482 982 1535 οὐκ
1010 1482 1271 1546 ἐλάττους
1303 1483 1413 1537 τῶν
1452 1500 1826 1555 τετρακισμυ-

242 1575 373 1642 ρίων
406 1587 421 1600 ·
481 1571 676 1641 ἀπεῖχε
729 1572 775 1624 δ’
820 1574 1003 1626 αὐτῶν
1054 1576 1087 1646 ἡ
1157 1575 1448 1644 Ῥωμαίων
1502 1575 1825 1648 παρεμϐολὴ

242 1662 429 1716 στάδια
458 1663 805 1720 δυοκαίδεκα.
838 1664 911 1718 Τὸ
935 1668 1033 1735 μὲν
1062 1661 1157 1720 οὖν
1184 1666 1403 1739 πρῶτον
1426 1666 1666 1735 ἐγίνοντο
1705 1684 1832 1720 συν-

241 1760 383 1829 εχεῖς
404 1756 799 1829 ἀκροϐολισμοί
825 1775 839 1790 ·
875 1754 997 1825 εἶτα
1029 1760 1501 1831 παραταξαμένων
1524 1761 1828 1830 ἑκατέρων,

1921 583 2025 640 tor,
2051 575 2127 629 rei
2150 575 2398 628 militaris
2424 573 2653 629 scientia
2677 584 2731 627 et
2748 572 3066 628 fortitudine
3089 571 3502 628 celeberrimus.

1919 664 2067 716 Alios
2105 670 2368 730 praeterea
2391 661 2518 727 600,
2556 662 2690 717 adeo
2715 671 2773 716 ut
2797 661 3037 717 universi
3072 677 3359 717 numerum
3426 679 3506 716 se-

1920 754 2240 826 ptemdecim
2291 753 2516 808 millium
2550 753 2843 809 elIicereut.
2874 754 3006 809 Cum
3035 754 3130 819 ‘his
3172 755 3343 822 copiis
3372 752 3511 809 Sici-

1922 848 2048 903 liant
2097 858 2347 917 occupat.
2412 847 2674 918 Tryphon
2730 847 2892 917 igitur
2945 846 3160 915 culpam
3209 845 3504 900 Athenioni

1924 937 2262 1003 condonans,
2299 939 2363 992 ad
2397 938 2844 1000 deliberationem
2872 939 2940 992 de
2971 937 3112 991 bello
3147 938 3199 991 in
3231 937 3511 992 Romanos

1922 1027 2161 1097 gerendo
2184 1042 2309 1083 eum
2344 1029 2613 1084 adhibuit.
2642 1026 2710 1083 Et
2747 1026 3059 1098 Tryphonis
3083 1028 3299 1097 quidem
3331 1027 3512 1083 consi-

1926 1121 2060 1176 lium
2111 1129 2253 1186 erat,
2315 1129 2374 1174 ut
2415 1118 2684 1174 Triocalis
2733 1131 3039 1183 manentes,
3094 1120 3220 1173 inde
3276 1133 3510 1189 pugnam

1926 1213 2327 1268 committerent
2359 1229 2373 1265 :
2411 1212 2644 1265 Athenio
2674 1218 2852 1264 autem
2883 1220 3079 1265 auctor
3103 1219 3244 1275 erat,
3276 1226 3344 1264 ne
3369 1210 3512 1279 seip-

1925 1319 2015 1360 sos
2049 1303 2333 1359 obsidione
2384 1302 2675 1358 intercludi
2721 1310 3058 1371 paterentur,
3097 1301 3196 1357 sed
3234 1302 3417 1370 potius
3455 1301 3507 1354 in

1928 1404 2115 1463 aperto
2160 1406 2356 1462 campo
2396 1392 2738 1447 dimicarent.
2781 1392 2917 1447 Cum
2968 1392 3135 1461 igitur
3179 1390 3361 1461 potior
3395 1390 3510 1445 visa

1930 1492 2076 1540 esset
2106 1485 2221 1537 hare
2265 1482 2533 1537 sententia
2560 1519 2578 1547 ,
2638 1481 2793 1549 juxta
2844 1480 3164 1537 Scirthaam
3218 1491 3513 1537 castrame-

1930 1576 2027 1630 tati
2060 1584 2209 1641 sunt,
2249 1573 2605 1643 quadraginta
2636 1572 2871 1628 millibus
2897 1587 3002 1628 non
3055 1572 3357 1643 pauciores.
3403 1572 3514 1626 Ab-

1928 1678 2087 1721 erant
2117 1681 2243 1722 vero
2276 1667 2347 1720 ab
2382 1665 2450 1721 iis
2479 1665 2844 1720 Romanorum
2875 1675 3052 1720 castra
3076 1665 3326 1734 passibus
3351 1666 3510 1719 1250.

1931 1765 2119 1817 Primo
2172 1761 2336 1832 igitur
2402 1758 2658 1814 velitares
2708 1772 2901 1828 pugna:
2945 1759 3172 1813 subinde
3208 1758 3515 1813 committe-

241 1852 334 1904 καὶ
372 1850 474 1921 τῆς
509 1854 688 1925 μάχης
721 1846 824 1907 ὧδε
868 1854 1089 1906 κάκεῖσε
1132 1854 1434 1925 ῥεπούσης,
1487 1855 1582 1905 καὶ
1620 1853 1831 1906 πολλῶν

1939 1858 2132 1911 bantur
2174 1872 2190 1909 :
2235 1852 2332 1908 sed
2387 1866 2509 1905 cum
2541 1850 2757 1905 tandem
2801 1851 3055 1919 utrinque
3095 1851 3269 1905 aciem
3312 1850 3515 1905 instru-

242 1946 589 2015 ἑκατέρωθεν
621 1946 951 2009 πιπτόντων,
984 1947 1012 1999 ὁ
1046 1945 1146 2011 μὲν
1184 1944 1446 2014 Ἀθηνίων
1470 1945 1609 2016 ἔχων
1631 1945 1674 1975 ⁹¹
1708 1962 1832 1997 συν·

241 2036 677 2105 ἀγωνιζομένους
722 2036 1030 2101 διακοσίους
1073 2037 1258 2099 ίππεῖς
1304 2036 1625 2099 ἐπιλέκτων,
1652 2035 1833 2089 πάντα

241 2128 328 2180 τὸν
377 2129 510 2201 περὶ
558 2129 723 2182 αὐτὸν
779 2130 945 2183 τόπον
983 2128 1197 2200 νεκρῶν
1244 2130 1555 2200 ἐπλήρωσε,
1599 2128 1833 2200 τρωθεὶς

239 2220 283 2273 δ’
311 2223 388 2285 είς
414 2222 707 2294 ἀμφότερα
731 2224 799 2276 τά
838 2223 1042 2291 γόνατα
1075 2224 1167 2276 καὶ
1207 2223 1398 2293 τρίτην
1440 2222 1641 2287 λαϐὼν,
1664 2222 1836 2293 ἄχρη-

244 2327 364 2374 στος
395 2311 623 2379 ἐγένετο
646 2312 782 2381 πρὸς
810 2311 907 2381 τὴν
938 2311 1138 2382 μάχην,
1166 2311 1225 2377 ἐξ
1248 2303 1310 2365 οὗ
1342 2314 1391 2364 oi
1419 2310 1685 2382 δραπέται
1714 2313 1834 2375 ταῖς

238 2401 443 2472 ψυχαῖς
483 2402 741 2466 πεσόντες
763 2405 900 2474 πρὸς
923 2406 1103 2474 φυγὴν
1124 2405 1462 2476 ἐτράπησαν.
1516 2404 1575 2457 '0
1600 2403 1658 2457 δέ
1681 2403 1836 2475 Ἀθη-

242 2495 366 2547 νίων
389 2495 470 2559 ὡς
510 2496 705 2566 νεκρὸς
733 2495 808 2549 ὢν
836 2496 1018 2563 ἔλαθε,
1052 2498 1146 2552 καὶ
1168 2497 1558 2569 προσποιηθεὶς
1587 2497 1831 2551 τετελευ-

245 2587 476 2658 τηκέναι
508 2588 610 2658 τῆς
639 2588 833 2652 νυκτὸς
866 2588 1232 2659 ἐπιλαϐούσης
1260 2587 1515 2659 διεσώθη.
1561 2587 1832 2658 Ἐπεκρά-

241 2697 407 2747 τησαν
444 2680 499 2733 δὲ
524 2679 795 2751 λαμπρῶς
829 2681 878 2733 oi
924 2681 1204 2749 Ῥωμαῖοι,
1250 2680 1529 2750 φυγόντων
1574 2679 1670 2732 καὶ⁵
1719 2679 1831 2732 τῶν

247 2768 379 2840 μετά
402 2770 711 2840 Τρύφωνος
745 2770 841 2823 καὶ
864 2769 1028 2823 αὐτοῦ
1053 2769 1260 2825 ἐκείνου
1289 2786 1305 2802 ’
1334 2768 1429 2822 καὶ
1452 2769 1662 2823 πολλῶν
1693 2767 1838 2821 κατὰ

243 2862 338 2932 τὴν
370 2862 560 2931 φυγὴν
590 2861 868 2915 κοπέντων
895 2862 1048 2923 τέλος
1078 2862 1179 2913 οὐκ
1208 2860 1462 2924 ἐλάττους
1496 2858 1606 2913 τῶν
1636 2859 1836 2929 δισμυ-

246 2958 373 3027 ρίων
402 2953 777 3026 ἀνῃρέθησαν.
811 2954 874 3007 0i
896 2953 953 3007 δέ
979 2953 1158 3007 λοιποὶ
1186 2952 1284 3023 τῆς
1318 2951 1514 3015 νυκτὸς
1538 2948 1838 3021 συνεργού-

247 3064 343 3118 σης
391 3046 653 3114 διέφυγον
697 3045 777 3109 είς
820 3047 890 3099 τά
940 3044 1217 3113 Τριόκαλα
1248 3060 1263 3074 °
1301 3043 1477 3097 καίτοι
1519 3043 1650 3114 ῥᾷον
1684 3043 1730 3074 ⁹²
1771 3037 1839 3113 ἦν

1932 1948 2185 2013 xissent,
2271 1944 2475 2013 diuque
2535 1941 2785 2011 ancipiti.
2823 1940 2997 1996 Marte
3069 1954 3368 2010 pugnatum
3427 1953 3515 1996 es-

1933 2051 2037 2104 set,
2069 2054 2132 2093 ac
2161 2039 2313 2094 multi
2355 2039 2423 2094 ab
2448 2046 2679 2105 utraque
2710 2045 2863 2104 parte
2900 2035 3251 2100 cecidissent,
3278 2037 3517 2090 Athenio

1934 2133 2165 2201 stipatus
2180 2129 2287 2185 200
2313 2130 2532 2185 selectis
2557 2127 2853 2195 equitibus,
2880 2136 3060 2197 strage
3081 2129 3264 2181 omnia
3283 2130 3518 2183 cireum-

1934 2233 2150 2288 quaque
2181 2217 2466 2285 implevit:
2519 2229 2706 2269 verum
2746 2229 2886 2283 genu
2920 2224 3153 2283 utroque
3179 2214 3517 2282 vulneratus,

1937 2325 2121 2381 postea
2162 2320 2216 2366 et
2255 2311 2419 2367 tertio
2463 2310 2686 2365 vulnere
2724 2311 2778 2364 in
2822 2309 2924 2363 alia
2953 2312 3197 2379 corporis
3229 2320 3383 2381 parte
3424 2327 3520 2366 ac-

1936 2415 2113 2473 cepto,
2145 2419 2337 2473 pugnae
2363 2402 2508 2458 utilis
2560 2417 2684 2459 esse
2714 2403 2892 2457 desiit.
2918 2402 3281 2469 Quamobrem
3310 2404 3519 2475 fugitivi

1936 2498 2177 2549 animum
2205 2492 2631 2564 despondentes,
2670 2492 2812 2562 fugae
2846 2509 2906 2548 se
2938 2495 3226 2550 dederunt.
3286 2494 3520 2549 Athenio

1936 2596 2114 2641 autem
2137 2602 2257 2641 cum
2278 2594 2524 2641 mortuus
2549 2585 2888 2651 crederetur,
2914 2586 3167 2653 latitavit,
3190 2594 3246 2640 et
3265 2585 3517 2642 simulata

1937 2678 2328 2747 aliquantisper
2350 2688 2545 2743 morte,
2568 2692 2693 2733 cum
2730 2679 2965 2747 primum
2987 2692 3089 2731 nox
3124 2678 3365 2743 advenit,
3395 2676 3518 2749 fuga

1938 2772 2038 2825 sibi
2073 2771 2301 2825 salutem
2356 2770 2581 2840 peperit.
2628 2768 2955 2824 Praeclaram
3005 2785 3136 2825 vero
3170 2770 3350 2839 adepti
3397 2780 3526 2825 sunt

1940 2861 2171 2915 Romani
2204 2861 2507 2927 victoriam,
2536 2859 2845 2930 Tryphonis
2875 2861 3164 2916 comitibus
3195 2867 3251 2914 et
3285 2859 3381 2915 illo
3407 2861 3527 2928 ipso

1941 2954 1992 3008 iu
2022 2952 2218 3023 fugam
2264 2954 2568 3017 conversis,
2610 2952 2900 3023 multisque
2941 2952 2995 3006 in
3038 2950 3162 3023 fuga
3201 2952 3375 3016 caesis,
3405 2960 3526 3006 tan-

1942 3047 2060 3101 dem
2094 3045 2282 3115 viginti
2317 3044 2484 3099 millia
2529 3060 2795 3100 caesorum
2841 3054 3225 3114 compererunt
3266 3058 3408 3098 esse.
3459 3044 3530 3097 At

247 3135 596 3202 ἐπιδιώξαντι
639 3134 719 3205 τῷ
755 3134 1047 3207 στρατηγῷ
1072 3135 1168 3188 καὶ
1192 3133 1415 3197 τούτους
1439 3133 1669 3186 ἀνελεῖν.
1717 3132 1834 3185 Ἐπὶ

1946 3137 2141 3207 reliqui
2179 3135 2571 3192 commoditate
2603 3137 2778 3191 noctis
2817 3135 2921 3199 usi,
2952 3136 3019 3188 ad
3051 3132 3299 3189 Triocala
3331 3131 3528 3188 confu-

246 3225 500 3280 τοσοῦτον
530 3226 588 3280 δὲ
616 3226 984 3281 τεταπείνωτο
1009 3226 1069 3279 τὸ
1090 3224 1382 3287 οἰκετικὸν,
1407 3222 1550 3276 ὥστε
1572 3221 1666 3275 καὶ
1688 3221 1837 3274 ἐϐου-

249 3317 515 3371 λεύσαντο
569 3316 663 3369 ἐπὶ
704 3316 835 3378 τοὺς
862 3315 1089 3386 κυρίους
1118 3314 1521 3385 ἐπαναδραμεῖν
1564 3311 1660 3366 καὶ
1701 3312 1844 3382 σφᾶς

247 3410 426 3473 αὐτοῖς
472 3408 782 3479 ἐγχειρίσαι
812 3426 826 3441 ο
873 3407 1012 3479 πλὴν
1038 3402 1418 3479 ἐπεκράτησεν
1444 3408 1477 3476 ἡ
1508 3404 1703 3476 γνώμη
1734 3402 1842 3456 τῶν

254 3500 412 3570 μέχρι
462 3498 728 3566 τελευτῆς
783 3496 1138 3567 ὑποθεμένων
1189 3493 1564 3565 ἀγωνίσασθαι
1616 3492 1711 3545 καὶ
1765 3490 1840 3562 μὴ

247 3594 353 3654 τοῖς
368 3590 585 3662 ἐχθροῖς
606 3589 837 3653 ἑαυτοὺς
858 3588 1316 3658 καταπροδοῦναι.
1341 3586 1496 3641 Μετὰ
1518 3586 1563 3639 δ’
1581 3584 1779 3654 ἐνάτην
1795 3583 1843 3616 ³⁸

249 3686 462 3757 ἡμέραν
496 3688 525 3739 ό
572 3686 879 3757 στρατηγὸς
919 3680 1021 3757 ἧκε
1061 3684 1440 3756 πολιορκήσων
1473 3682 1541 3735 τὰ
1591 3680 1719 3754 [657
1749 3679 1841 3752 Η.”Ι

249 3778 317 3847 Τρ
330 3777 544 3832 ιόκαλα.
566 3778 675 3831 Καὶ
695 3776 764 3830 τὰ
794 3777 894 3847 μὲν
923 3776 1182 3849 ἀναιρῶν,
1198 3775 1266 3829 τά
1281 3774 1337 3829 δὲ
1360 3774 1405 3807 ³⁸
1427 3771 1841 3844 ἀναιρούμενος,

250 3869 469 3923 ἔλαττον
524 3869 664 3941 ἔχων
715 3869 1034 3940 ἀπηλλάγη,
1085 3868 1180 3922 καὶ
1234 3868 1284 3920 oi
1337 3866 1643 3921 ἀποστάται
1690 3861 1845 3925 αὖθις

252 3962 768 4033 ὲφρονηματίζοντο.
802 3962 972 4014 Ἤνυε
996 3961 1050 4013 δὲ
1074 3960 1183 4013 τῶν
1210 3959 1437 4013 δεόντων
1459 3960 1488 4011 ὁ
1514 3953 1839 4026 στρατηγὸς,

251 4055 358 4107 εἴτε
396 4054 487 4107 διὰ
519 4051 803 4125 ῥᾳστώνην
842 4054 952 4105 εἴτε
989 4052 1077 4105 διὰ
1107 4051 1458 4122 δωροδοκίαν,
1492 4049 1644 4102 οὐδέν
1675 4063 1691 4079 ⁸
1725 4044 1843 4100 ἀνθ’

249 4137 324 4198 ὧν
347 4146 442 4200 καὶ
470 4144 628 4216 δίκην
653 4142 879 4216 ὕστερον
912 4142 1124 4214 κριθεὶς
1167 4140 1457 4211 Ῥωμαίοις
1488 4138 1680 4194 ἔδωκε.

1942 3237 2154 3298 gerant,
2193 3242 2502 3298 quanquam
2539 3236 2594 3282 et
2623 3228 2722 3282 hos
2751 3228 3059 3281 interficere
3094 3225 3253 3281 facile
3274 3234 3400 3279 erat.
3425 3225 3530 3278 im—

1942 3322 2205 3390 peratori,
2231 3320 2277 3375 si
2317 3331 2637 3391 persecutus
2670 3333 2765 3374 eos
2792 3317 3009 3373 fuisset.
3044 3316 3202 3374 Adeo
3229 3324 3407 3372 autem
3433 3315 3530 3369 ab-

1933 3412 2184 3483 jecerant
2232 3413 2445 3466 animos
2492 3410 2658 3475 servi,
2710 3420 2770 3463 ut
2820 3410 2984 3463 etiam
3037 3409 3105 3463 de
3152 3407 3429 3462 redeundo
3462 3405 3530 3461 ad

1942 3505 2210 3569 dominos,
2235 3517 2602 3572 sequeeorum
2631 3499 3531 3572 potestaticommitteudo,delibe-

1944 3595 2083 3650 ratio
2130 3596 2196 3649 ab
2246 3595 2313 3648 iis
2363 3592 2639 3663 pr0posita
2694 3591 2880 3646 fuerit.
2939 3590 3139 3643 Eorum
3188 3599 3371 3643 tamen
3402 3589 3537 3644 vicit

1950 3688 2238 3751 sententia,
2263 3686 2353 3754 qui
2382 3692 2633 3739 auctores
2661 3691 2820 3738 erant
2844 3690 2901 3736 ttt
2932 3681 2997 3735 ad
3021 3691 3325 3735 extremum
3358 3694 3534 3748 usque

1952 3780 2202 3849 spiritum
2250 3776 2594 3842 dimicarent,
2631 3790 2731 3830 nec
2779 3774 2882 3844 ipsi
2915 3774 3123 3842 seipsos
3154 3773 3443 3842 prodentes
3479 3772 3535 3825 in

1954 3885 2147 3924 manus
2180 3869 2417 3923 hostium
2454 3882 2513 3922 se
2545 3867 2845 3921 traderent.
2891 3864 3057 3918 Sexto
3096 3874 3218 3932 post
3246 3863 3333 3917 die
3368 3865 3538 3931 impe-

1955 3971 2105 4017 rator
2139 3960 2207 4014 ad
2241 3957 2538 4014 obsidenda
2571 3955 2822 4011 Triocala
2864 3955 3029 4021 venit,
3074 3954 3165 4023 qui
3204 3967 3325 4007 eum
3352 3952 3541 4009 hostes

1951 4055 2207 4119 caederet,
2253 4050 2603 4120 vicissimque
2644 4032 2722 4105 ab~
2770 4048 2879 4104 illis
2934 4036 3268 4113 crederetur,
3320 4049 3537 4102 tandem

1952 4144 2180 4200 inferior
2231 4140 2501 4197 discessit.
2553 4141 2670 4206 Qua
2720 4154 2789 4193 ex
2840 4152 2899 4194 re
2949 4137 3180 4193 multum
3221 4137 3431 4191 ﬁduciae
3479 4154 3543 4190 ac

254 4258 477 4326 spiritus
510 4256 875 4313 defectoribus
928 4256 1109 4327 rediit.
1149 4254 1344 4325 3905
1392 4253 1503 4308 Nec
1530 4268 1656 4308 vero
1690 4252 1807 4319 ipse
1845 4248 2145 4313 imperator
2200 4237 2309 4293 ulla
2342 4236 2396 4290 in
2441 4245 2597 4305 parte
2631 4235 2769 4327 (sive
2800 4248 2915 4327 pra:
2955 4232 3186 4327 desidia,
3214 4232 3330 4327 sive
3392 4231 3539 4299 quod

255 4324 573 4413 muneribus
600 4358 888 4417 corruptus
916 4324 1089 4418 esset).
1151 4324 1328 4401 ofﬁcio
1366 4361 1466 4402 suo
1510 4342 1904 4401 satisfaciebat.
1954 4332 2104 4390 Unde
2140 4329 2305 4386 etiam
2341 4337 2532 4399 postea
2565 4328 2618 4381 in
2641 4326 2906 4397 judicium
2944 4340 2973 4378 a
3005 4324 3265 4380 Romanis
3293 4335 3539 4399 vocatus,

258 4442 623 4511 multatusque
657 4442 773 4495 fuit.

326 4537 485 4595 Γάϊος
509 4499 569 4589 δέ
591 4527 900 4605 Σερουΐλιος
931 4530 1351 4603 καταπεμφθεὶς
1390 4527 1699 4599 στρατηγὸς
1728 4524 1834 4578 διά-

2020 4516 2089 4570 At
2118 4513 2285 4569 Caius
2314 4505 2580 4565 Servilius
2599 4503 2798 4559 missus
2826 4502 3139 4571 imperatori
3166 4499 3395 4555 Lucullo
3416 4514 3544 4555 suc-

257 4630 411 4699 δοχος
424 4626 786 4691 Λουκούλλου,
811 4627 923 4679 οὐδ’
944 4625 1106 4689 αὐτός
1129 4641 1181 4676 τι
1201 4622 1351 4690 ἄξιον
1372 4621 1593 4691 μνήμης
1613 4616 1838 4689 ἔπραξε·

258 4718 337 4775 δίὸ
370 4722 464 4775 καὶ
496 4720 698 4789 ὁμοίοις
727 4717 1048 4788 Λουκούλλῳ
1098 4717 1325 4787 ὕστερον
1362 4716 1509 4784 φυγῇ
1551 4708 1844 4765 κατεδικά-

261 4811 387 4881 σθη.
444 4810 881 4879 Τελευτήσαντος
909 4807 967 4859 δὲ
1001 4806 1296 4877 Τρύφωνος
1328 4804 1574 4873 διάδοχος
1606 4801 1706 4872 τῆς
1751 4802 1844 4865 ἀρο

261 4902 362 4969 χῆς
396 4901 426 4953 ὁ
476 4897 742 4969 Ἀθηνίων
786 4896 1134 4959 καθίσταται,
1175 4893 1270 4948 καὶ
1317 4893 1474 4947 τοῦτο
1521 4892 1622 4961 μὲν
1660 4889 1843 4952 πόλεις

262 4988 599 5060 ἐπολιόρκει,
628 4986 787 5041 τοῦτο
815 4987 871 5040 δὲ
906 4987 1087 5039 πᾶσαν
1120 4985 1221 5055 τὴν
1271 4981 1455 5054 χώραν
1492 4980 1664 5043 ἀδεῶς
1710 4995 1848 5032 κατ-

265 5081 480 5152 έτρεχε,
495 5082 589 5134 καὶ
619 5079 828 5133 πολλῶν
849 5078 1158 5151 ἐκυρίευσε,
1180 5075 1275 5129 τοῦ
1292 5072 1597 5145 Σερουϊλίου
1624 5070 1849 5142 μηδὲνξ⁸

266 5173 752 5240 ἀντιπράττοντος.

338 5261 449 5315 Τοῦ
482 5263 525 5316 δ’
551 5260 817 5315 ἐνιαυσίου
844 5260 1036 5331 χρόνου
1066 5258 1366 5319 διελθόντος
1390 5256 1596 5320 ὕπατος
1627 5258 1684 5309 ἐν
1718 5254 1853 5307 Ῥώ-

273 5370 350 5426 μῃ
373 5354 531 5417 Γάϊος
556 5354 766 5424 Μάριος
796 5352 964 5423 ᾑρέθη
985 5353 1046 5404 τὸ
1068 5352 1316 5420 πέμπτον
1345 5350 1438 5402 καὶ
1472 5349 1631 5409 Γάϊος
1654 5345 1849 5399 ’Λκύλ-

270 5446 384 5510 λιος
409 5462 423 5475 °
468 5442 541 5500 ὧν
588 5450 616 5501 ὁ
641 5446 922 5509 Ἀκύλλιος
958 5443 1263 5516 στρατηγὸς
1292 5441 1434 5496 κατά
1460 5440 1570 5493 τῶν
1606 5440 1846 5493 ἀποστα-

1947 4624 2156 4676 cessor,
2210 4608 2324 4674 ipse
2372 4614 2591 4672 quoque
2655 4596 2789 4651 nihil
2831 4594 3131 4664 quidquam
3190 4592 3547 4647 memorabile

1948 4703 2115 4772 gessit
2153 4719 2167 4752 :
2204 4710 2371 4765 quare
2419 4691 2610 4746 eodem
2640 4704 2747 4759 quo
2790 4686 3043 4741 Lucullus
3087 4686 3247 4740 modo
3289 4686 3549 4739 multatus

1948 4791 2140 4846 exsilio
2169 4788 2289 4842 fuit.
2335 4785 2472 4839 Dum
2514 4783 2630 4836 hate
2659 4788 2943 4848 geruntur,
2989 4779 3223 4831 moritur
3261 4793 3355 4832 rex
3407 4777 3547 4844 Try-

1950 4885 2081 4956 pho.
2115 4881 2301 4951 Reguo
2330 4874 2575 4933 succedit
2609 4872 2865 4927 Athenio.
2901 4869 3000 4925 ilic
3024 4870 3187 4925 urbes
3216 4868 3544 4933 obsidendo,

1948 4988 2225 5044 totamque
2260 4972 2535 5042 regionem
2582 4966 2997 5022 incursionibus
3045 4979 3144 5032 pro
3188 4964 3415 5017 libidine
3464 4963 3551 5016 in-

1947 5069 2217 5132 festando,
2273 5064 2454 5135 praeda
2516 5061 2742 5132 ingenti,
2804 5075 2909 5114 non
2955 5058 3255 5113 obsistente
3319 5055 3552 5110 Servilio

1951 5160 2157 5232 potitus
2186 5167 2292 5213 est.

2024 5252 2195 5305 Porro
2232 5258 2425 5305 exacto
2471 5261 2652 5300 annuo
2703 5246 2882 5315 spatio
2915 5245 3099 5299 Romae
3141 5241 3387 5311 quintum
3416 5254 3551 5292 eun-

1959 5343 2042 5397 sul
2075 5357 2197 5398 cum
2216 5340 2350 5395 Caio
2385 5339 2561 5394 Acilio
2588 5336 2684 5410 [αι.
2720 5334 2968 5406 Aquileo]
3002 5344 3219 5388 creatus
3251 5330 3352 5384 fuit
3383 5331 3547 5385 Caius

1956 5436 2177 5490 Marius.
2226 5432 2425 5489 Missus
2473 5443 2651 5487 autem
2694 5430 2899 5485 Acilius
2947 5427 3211 5482 adversus
3243 5424 3547 5480 defectores

1602 5574 1833 5629 VARle
1872 5568 2281 5629 LECTIONES.

348 5712 393 5745 ⁸⁷
427 5717 699 5789 καρνᾷνας
728 5720 801 5789 Α.
866 5714 1165 5789 ταύτης]
1199 5716 1370 5789 αὐτῆς
1391 5717 1454 5769 Λ.

277 5792 338 5842 et
365 5784 511 5841 corr.
546 5786 592 5843 Α
663 5788 709 5821 ⁹³
736 5784 887 5857 ῥᾷον]
917 5787 1025 5840 imo
1061 5784 1257 5857 ῥᾴδιον.

1566 5715 1610 5747 ⁸³
1640 5713 1935 5782 Σκριθαίας
1966 5713 2030 5767 Α.

1354 5787 1400 5817 ’³
1425 5786 1656 5855 ἐνάτην]
1689 5785 1848 5855 ἕκτην
1882 5783 1941 5839 Β.

2128 5710 2173 5741 ⁹⁰
2205 5708 2345 5777 ἔχων
2377 5722 2489 5763 om.
2525 5708 2590 5760 Α.
2732 5702 2775 5734 ³⁸
2810 5702 3134 5770 ἐπιλέκτων]
3172 5696 3489 5777 ἐπικρῖτῶν
3518 5694 3558 5747 υ

2044 5781 2089 5814 9"
2119 5778 2199 5844 δὲ]
2233 5771 2290 5833 δὲ
2311 5780 2405 5833 καί
2436 5778 2497 5832 Β.
2574 5776 2619 5809 ³⁸
2656 5774 2824 5845 μηδὲν
2858 5777 2901 5827 Α
2944 5792 2957 5827 ε
3000 5775 3055 5825 6;:
3087 5771 3253 5843 μηδὲν
3283 5787 3344 5833 ς.
