3924 6434
425 376 560 440 1427

1587 370 1847 433 ΡΗΟΤΙΙ
1870 364 2374 429 PATRIARCH/E
2406 363 2515 423 CP.

3529 350 3656 415 15.98

414 489 731 557 imperator,
770 487 843 541 ita
876 501 934 542 se
964 484 1178 547 fortiter
1206 483 1393 554 gessit,
1441 492 1496 536 ut
1533 482 1833 536 defectores
1868 477 1993 531 illii-

2098 475 2203 529 τῶν
2228 474 2444 535 σταλεὶς
2470 471 2633 543 [1184
2658 467 2753 541 R.J
2770 467 2856 521 διὰ
2882 467 2979 536 τῆς
2999 465 3132 527 ἰδίας
3153 463 3401 537 ἀνδρείας
3416 463 3658 531 ἐπιφανεῖ

414 579 513 635 stri
534 580 721 647 praelio
742 574 1416 645 superaverit.Quinetiam
1447 588 1567 628 cum
1601 572 1841 639 ipsorum
1865 584 1993 637 rege

412 671 721 724 Athenione
769 674 1017 723 conserta
1065 681 1228 720 manu
1261 664 1536 718 heroicum
1562 661 1808 731 praelium
1842 674 1993 713 com-

413 761 591 826 misit;
621 761 942 828 tandemque
958 774 1082 812 eum
1103 756 1392 821 interfecit,
1409 763 1628 825 accepto
1645 753 1759 807 solo
1771 753 1995 805 vulnere

414 852 465 905 in
501 852 697 919 capite,
726 867 791 904 ex
827 866 933 919 quo
961 860 1180 904 sanatus
1226 849 1504 917 aliquanto
1537 856 1657 915 post
1678 846 1798 899 fuit.
1841 842 1995 897 Mox-

413 956 519 1009 que
538 942 871 995 defectormn
909 940 1166 1008 reliquias
1183 939 1320 993 bello
1336 945 1651 1007 persecutus
1679 945 1764 990 est
1808 934 1993 988 decem

412 1031 582 1085 millia
614 1030 915 1085 hominum.
954 1030 1152 1083 Verum
1189 1028 1243 1082 hi
1266 1043 1390 1082 cum
1444 1027 1702 1094 impetum
1746 1024 1863 1092 ejus
1887 1037 1992 1076 non

415 1119 821 1184 sustinuissent,
853 1118 947 1172 sed
981 1119 1047 1171 ad
1073 1118 1189 1171 loca
1217 1117 1420 1170 munita
1447 1113 1817 1184 confugissent
1845 1131 1859 1179 ;
1888 1126 1992 1165 non

415 1216 597 1262 tamen
636 1206 858 1276 Acylius
896 1206 1078 1261 omnia
1133 1215 1343 1260 tentare
1398 1206 1551 1272 prius
1597 1203 1780 1268 desiit,
1828 1217 1992 1272 quam

416 1313 511 1353 eos
539 1308 874 1367 expugnatos
902 1298 954 1351 in
998 1291 1321 1367 potestatem
1365 1296 1591 1365 redegit.
1644 1294 1777 1349 Cum
1810 1302 1991 1349 autem

418 1396 769 1456 superessent
800 1385 976 1439 adhuc
1002 1384 1165 1449 mille,
1192 1397 1423 1452 quorum
1453 1382 1563 1437 dux
1594 1388 1711 1458 erat
1741 1380 1992 1449 Satyrus,

364 1542 371 1547 _
415 1478 650 1545 primum
704 1475 920 1543 quidem
968 1482 1195 1528 conatus
1240 1481 1326 1527 est
1374 1472 1543 1527 armis
1578 1485 1672 1525 eos
1719 1470 1992 1538 subigere,

415 1576 601 1635 postea
638 1579 766 1619 vero
794 1578 913 1618 cum
941 1563 1130 1634 legatis
1159 1564 1339 1618 missis
1358 1577 1418 1617 se
1446 1561 1744 1626 dedissent,
1776 1560 1829 1614 in
1857 1574 1995 1629 prae-

414 1674 541 1713 sens
571 1660 786 1727 quidem
826 1671 1040 1727 poenam
1084 1656 1310 1723 remisit,
1344 1656 1436 1710 sed
1476 1654 1704 1709 Romam
1734 1654 1996 1709 abductos

2099 565 2248 636 μάχῃ
2287 564 2412 625 τοὺς
2447 556 2762 623 ἀποστάτας
2802 558 3040 626 ἐνίκησε.
3086 558 3193 609 Kal
3231 554 3365 636 πρδς
3410 554 3567 608 αὑτὸν
3605 555 3658 606 δὲ

2094 632 2462 723 τὸν-βασιλέα
2504 650 2612 704 τῶν
2661 647 2986 703 ἀποστατῶν
3029 632 3333 715 Ἀθηνίωνα
3377 643 3661 712 συμϐαλὼν

2093 744 2333 817 ἡρωϊκὸν
2362 741 2549 811 ἀγῶνα
2575 741 2960 809 συνεστήσατο.
2987 739 3096 790 Καὶ
3110 735 3293 790 τοῦτον
3315 736 3413 806 μὲν
3439 735 3662 800 ἀνεῖλεν,

2096 836 2256 897 αὑτὸς
2286 833 2330 886 δ’
2360 835 2439 895 είς
2484 831 2583 900 τὴν
2619 831 2859 900 κεφαλὴν
2891 829 3120 900 τρωθεὶς
3157 826 3519 895 ἐθεραπεύθη.
3562 827 3666 879 Kal

2098 922 2382 993 στρατεύει
2418 921 2513 973 ἐπὶ
2548 922 2675 983 τοὺς
2706 918 3161 987 ὑπολειπομένους
3186 917 3292 970 τῶν
3324 914 3664 975 ἀποστατῶν,

2094 1014 2254 1076 ὄντας
2282 1013 2523 1083 μυρίους.
2545 1014 2657 1081 Οὑχ
2678 1010 3085 1079 ὑπομεινάντων
3105 1009 3163 1061 δὲ
3188 1008 3283 1077 τὴν
3316 1007 3523 1076 ἔφοδον,
3556 1003 3665 1057 ἀλλ’

2096 1108 2175 1168 εἰς
2218 1105 2293 1158 τὰ
2338 1106 2669 1175 ὀχυρώματα
2708 1102 3154 1170 καταφυγόντων,
3200 1100 3348 1169 ὅμως
3391 1097 3667 1159 Ἀκύλλιος

2094 1195 2195 1249 οὐκ
2221 1195 2450 1248 ἐνεδίδου
2481 1194 2661 1248 πάντα
2704 1195 2980 1263 πράττων,
3017 1191 3121 1254 ἕως
3158 1191 3355 1252 αὐτοὺς
3383 1188 3665 1259 ἐκπολιορ-

2096 1288 2272 1358 κήσας
2292 1288 2339 1319 ’⁸
2362 1287 2720 1357 ἐχειρώσατο.
2759 1285 2881 1338 Ἔτι
2913 1284 2958 1337 δ’
2997 1281 3436 1351 ὑπολειπομένων
3462 1281 3666 1350 χιλίων,

2096 1380 2193 1433 καὶ
2224 1378 2527 1448 στρατηγὸν
2551 1376 2783 1447 ἐχόντων
2819 1373 2912 1428 τὸν
2936 1374 3194 1443 Σάτυρον,
3224 1372 3286 1425 τὸ
3326 1372 3426 1442 μὲν
3458 1367 3669 1441 πρῶτον

2094 1468 2394 1525 ἐπεϐάλετο
2434 1468 2480 1499 ³⁷
2516 1466 2605 1519 διὰ
2650 1466 2758 1519 τῶν
2807 1464 2986 1518 ὅπλων
3027 1464 3229 1525 αὐτοὺς
3278 1460 3666 1532 χειρώσασθαι,

2097 1559 2237 1631 μετά
2290 1558 2348 1611 δὲ
2396 1555 2570 1610 ταῦτα
2620 1554 3117 1625 διαπρεσϐευόντων
3177 1554 3271 1607 καὶ
3317 1550 3666 1622 παραδόντων

2096 1649 2321 1712 ἑαυτοὺς
2373 1648 2477 1718 τῆς
2533 1647 2634 1717 μὲν
2692 1645 3005 1714 παραυτίκα
3055 1642 3324 1713 τιμωρίας
3378 1642 3663 1706 ἀπέλυσεν,

415 1764 540 1803 cum
592 1747 785 1804 bestiis
820 1748 1116 1813 commisit,
1162 1748 1251 1801 ubi
1292 1746 1563 1817 proditum
1588 1752 1670 1801 est
1707 1759 1739 1800 a
1774 1744 1992 1815 quibus-

2098 1738 2400 1809 ἀπαγαγὼν
2430 1740 2488 1793 δὲ
2526 1741 2608 1802 εἰς
2635 1737 2734 1808 τὴν
2783 1736 2999 1807 Ῥώμην
3030 1734 3371 1805 θηριομάχας
3399 1733 3446 1764 ⁸⁸
3474 1733 3666 1794 αὑτοὺς

416 1839 567 1903 dam,
600 1854 696 1894 eos
730 1839 966 1893 maxima
999 1854 1119 1893 cum
1161 1838 1319 1893 laude
1360 1838 1528 1892 vitam
1564 1837 1825 1892 finivisse.
1857 1837 1993 1890 Nam

2099 1808 2343 1898 ἐποίησε.
2369 1830 2510 1894 Τοὺς
2534 1829 2590 1882 δέ
2622 1828 2754 1898 φασί
2781 1843 2924 1888 τινες
2963 1825 3398 1894 ἐπιφανεστάτην
3438 1824 3669 1889 ποιήσα·

419 1938 693 1985 eertamen
734 1945 856 1983 cum
905 1928 1092 1984 bestiis
1129 1929 1483 1993 detrectasse,
1535 1936 1591 1983 et
1633 1927 1700 1982 ad
1753 1926 1993 1997 publicas

2101 1919 2225 1973 σθαι
2251 1918 2346 1972 τοῦ
2379 1919 2496 1989 βίου
2532 1917 2925 1988 καταστροφήν
2950 1932 2966 1950 ο
2992 1915 3091 1985 τῆς
3128 1915 3226 1986 μὲν
3246 1916 3291 1946 ’θ
3313 1914 3422 1984 γὰρ
3448 1914 3588 1984 πρὸς
3606 1916 3669 1967 τά

413 2035 540 2074 aras
589 2020 790 2075 mutuis
841 2018 1158 2073 vulneribus
1205 2017 1553 2085 occubuisse,
1599 2032 1834 2087 cumque
1881 2016 1993 2070 ulti-

2098 2014 2265 2085 θηρία
2307 2014 2488 2083 μάχης
2519 2013 2847 2080 ἀποστῆναι,
2875 2009 3134 2079 ἀλλήλους
3156 2009 3212 2062 δὲ
3242 2010 3333 2061 ἐπὶ
3364 2008 3472 2061 τῶν
3504 2008 3669 2077 δημο-

412 2125 563 2163 mum
594 2126 662 2164 ex
694 2110 759 2164 iis
801 2110 916 2178 ipse
946 2110 1173 2179 Satyrus
1206 2108 1586 2172 interfecisset,
1615 2122 1736 2162 eum
1766 2114 1885 2177 post
1914 2121 1993 2160 τοι

2099 2098 2227 2150 σίων
2276 2098 2475 2168 βωμῶν
2519 2096 2886 2165 κατασφάξαι,
2926 2098 3020 2149 καὶ
3055 2096 3145 2147 τὸν
3177 2094 3484 2148 τελευταῖον
3514 2094 3669 2147 αὑτὸν

411 2200 592 2268 liquos
619 2216 831 2264 omnes,
877 2216 999 2255 cum
1037 2214 1231 2267 magno
1258 2213 1323 2253 ac
1361 2198 1523 2268 plane
1569 2198 1789 2253 heroico
1827 2196 1993 2250 animi

2098 2191 2335 2261 Σάτυρον
2386 2190 2669 2257 ἀνελόντα,
2712 2190 2901 2243 τοῦτον
2941 2190 2986 2243 δ’
3028 2190 3119 2241 ἐπὶ
3161 2190 3325 2243 πᾶσιν
3355 2187 3671 2256 αὐτοχειρία

412 2294 634 2355 robore,
667 2294 769 2347 sibi
816 2307 1007 2348 manus
1052 2292 1319 2346 intulisse.
1355 2290 1577 2355 ,Bellum
1611 2291 1775 2360 igitur
1799 2290 1993 2345 servile

2098 2281 2348 2353 ἡρωϊκῶς
2399 2280 2791 2352 καταστρέψαι.
2847 2281 2905 2334 '0
2944 2280 3041 2350 μὲν
3089 2278 3182 2332 οὖν
3233 2277 3373 2331 κατὰ
3424 2276 3671 2329 Σικελίαν

413 2385 469 2439 in
504 2384 711 2449 Sicilia,
756 2400 879 2439 cum
924 2398 1098 2439 annos
1136 2383 1387 2438 durasset
1430 2382 1815 2453 propemodum
1863 2396 1996 2451 qua-

416 2488 565 2542 tuor,
597 2478 737 2532 bunc
771 2475 889 2532 fere
914 2476 1172 2547 tragicum
1199 2476 1403 2530 exitum
1434 2458 1643 2530 habuit.

487 2652 670 2719 Venit,
723 2652 939 2720 inquit.
990 2667 1022 2708 e
1067 2651 1386 2708 Pessinunte
1442 2652 1688 2722 Phrygiae
1738 2649 1993 2706 sacerdos

412 2745 631 2815 quidam
683 2760 889 2815 magnae
932 2744 1156 2799 deorum
1220 2744 1411 2798 matris
1462 2744 1679 2799 nomine
1710 2743 1984 2805 Battaces,

410 2838 504 2907 qui
540 2853 598 2891 se
620 2837 787 2905 jussu}
816 2838 931 2891 deas
966 2849 1217 2890 asserens
1254 2836 1467 2898 adesse,
1498 2834 1549 2887 in
1589 2824 1779 2887 senatu
1805 2846 1988 2885 coram

410 2926 820 2994 magistratibus
858 2925 995 2978 dixit
1038 2938 1195 2979 sacra
1234 2923 1346 2976 deae
1390 2922 1589 2992 polluta
1642 2935 1784 2982 esse,
1827 2928 1991 2987 atque

409 3016 534 3071 ideo
574 3014 760 3068 Romae
810 3013 1025 3083 publice
1071 3011 1279 3081 expiari
1325 3010 1541 3064 debere.
1585 3007 1817 3062 Ferebat
1843 3006 1910 3061 ad
1937 3004 1989 3059 id

408 3114 641 3171 vestem,
669 3103 883 3172 aliaque
916 3102 1158 3171 corporis
1188 3108 1507 3155 ornamenta
1540 3098 1740 3169 391a
1770 3112 1907 3151 nova
1933 3106 1989 3151 et
2016 3136 2059 3194 α

409 3209 688 3263 nunquam
738 3193 999 3248 Romanis
1044 3191 1182 3257 visa,
1226 3205 1590 3259 coronamque
1627 3203 1848 3242 auream
1882 3203 1988 3242 ma-

410 3285 695 3356 gnitudine
741 3283 1022 3347 inusitata,
1074 3290 1129 3335 et
1169 3280 1364 3335 stolam
1409 3278 1632 3333 floribus
1684 3278 1995 3336 intextiset

408 3379 735 3439 inauratam,
787 3377 937 3444 regio
980 3388 1112 3429 sane
1158 3374 1464 3443 splendore.
1523 3362 1713 3441 Itaque
1742 3386 1772 3426 e
1803 3370 1995 3424 rostris

407 3470 475 3521 ad
520 3468 774 3537 populum
805 3468 971 3523 verba
1017 3466 1242 3531 faciens,
1287 3464 1352 3517 ad
1402 3463 1839 3533 superstitiosum
1876 3463 1994 3515 cul-

408 3568 523 3613 tum
554 3574 646 3614 eos
678 3557 944 3623 incitavit,
968 3565 1022 3611 et
1054 3554 1308 3623 hospitiis
1340 3554 1571 3628 publicis
1594 3563 1647 3607 et
1677 3553 1994 3609 diversoriis

411 3660 673 3720 exceptus
700 3665 728 3704 a
761 3650 978 3704 tribuno
1003 3648 1173 3717 plebis
1196 3647 1261 3701 A.
1287 3645 1548 3716 Pompeio
1571 3661 1825 3701 coronam
1852 3645 1995 3702 ferre

414 3742 723 3810 prohibitus
749 3748 852 3795 est.
878 3739 962 3793 Ab
996 3740 1166 3792 altero
1200 3746 1379 3791 autem
1410 3738 1627 3791 tribuno
1651 3736 1912 3798 deductus
1940 3737 1994 3790 in

411 3832 611 3896 rostra,
632 3841 684 3885 et
722 3832 789 3884 de
827 3830 1009 3897 templi
1052 3828 1359 3896 expiatione
1386 3829 1752 3897 interrogatus
1798 3844 1991 3899 super-

410 3920 681 3975 sﬁtiosuin
746 3934 879 3972 sane
927 3932 1248 3986 responsum
1276 3918 1529 3971 reddidit.
1562 3917 1747 3985 Itaque
1778 3934 1807 3971 a
1842 3917 1998 3974 Pom-

410 4013 534 4081 peio
573 4012 829 4066 seditiose
853 4016 1137 4071 tractatus,
1160 4018 1216 4062 et
1236 4023 1357 4061 cum
1377 4008 1573 4077 injuria
1606 4009 1671 4062 ad
1698 4008 1992 4078 hospitium

413 4104 697 4165 deductus,
730 4117 832 4155 non
868 4099 1098 4168 amplius
1129 4100 1347 4168 prodiit,
1379 4116 1484 4154 non
1513 4116 1571 4154 se
1599 4101 1779 4167 modo,
1804 4116 1993 4155 verum

414 4194 579 4249 etiam
616 4192 772 4245 deam
820 4190 1080 4260 iniuriose
1129 4190 1366 4244 habitam
1417 4206 1538 4245 esse
1582 4191 1791 4246 dicens.
1839 4191 1997 4247 Pom-

411 4285 566 4355 peius
585 4297 712 4338 vero
730 4298 794 4337 ex
826 4293 1068 4350 tempore
1092 4281 1227 4335 febri
1261 4282 1562 4336 vehementi
1582 4283 1782 4351 corripi
1807 4285 1995 4354 coepit,

415 4376 557 4429 unde
586 4374 746 4445 paulo
780 4384 899 4444 post
931 4382 1112 4426 mutus
1145 4370 1320 4426 factus
1346 4381 1451 4439 est,
1498 4374 1818 4442 anginaeque
1848 4374 1998 4428 dolo-

2092 2373 2203 2426 τῶν
2227 2372 2457 2425 οἰκετῶν
2486 2372 2741 2443 πόλεμος,
2777 2372 3061 2443 διαμείνας
3090 2372 3184 2440 ἔτη
3215 2371 3402 2441 σχεδόν
3422 2387 3530 2423 που
3560 2370 3672 2421 τέτ-

2095 2478 2259 2531 ταρα,
2284 2460 2556 2532 τραγικὴν
2588 2459 2712 2531 ἔσχε
2744 2460 2842 2531 τὴν
2880 2460 3282 2531 καταστροφήν.

2166 2634 2287 2688 Ὅτι
2322 2634 2608 2706 Βαττάκης
2629 2653 2711 2701 τις
2739 2636 2910 2707 ὄνομα
2930 2632 3054 2710 ἧκε,
3088 2639 3275 2709 φησὶν,
3305 2643 3369 2691 ὲκ
3394 2637 3671 2692 Πισινοῦν-

2092 2741 2182 2787 τος
2239 2725 2256 2755 ¹
2308 2725 2408 2795 τῆς
2462 2726 2725 2797 Φρυγίας,
2768 2728 2947 2799 ἱερεὺς
2984 2729 3241 2798 ὑπάρχων
3278 2728 3379 2798 τῆς
3431 2729 3670 2798 μεγάλης

2090 2816 2201 2869 τῶν
2241 2815 2382 2868 θεῶν
2415 2817 2646 2887 μητρός.
2687 2812 2858 2880 Οὑτος
2889 2818 3031 2871 κατὰ
3059 2818 3385 2890 πρόσταγμα
3417 2821 3518 2890 τῆς
3553 2819 3669 2873 θεοῦ

2092 2911 2347 2979 παρεῖναι
2379 2909 2580 2980 φήσας,
2625 2912 2739 2973 τοῖς
2769 2912 3028 2981 ἄρχουσιν
3061 2912 3280 2983 ἐνέτυχε
3316 2914 3409 2966 καὶ
3436 2917 3506 2983 τῇ
3557 2930 3672 2981 συγ-

2089 3001 2291 3073 κλήτῳ,
2332 3001 2506 3071 λέγων
2532 3002 2591 3055 τὸ
2622 3003 2763 3073 ἱερὸν
2789 3005 2888 3074 τῆς
2923 3004 3044 3057 θεοῦ
3076 3006 3401 3075 μεμιάνθαι,
3438 3008 3535 3060 καὶ
3564 3007 3671 3060 δεῖν

2091 3092 2287 3154 αὑτοὺς
2315 3092 2335 3122 ²
2374 3092 2611 3164 δημοσίᾳ
2630 3093 2951 3165 καθαρμοὺς
2981 3096 3073 3149 ἐπὶ
3101 3100 3201 3167 τῇς
3242 3097 3460 3169 Ῥώμης
3489 3116 3672 3152 συντε-

2094 3182 2372 3253 λεσθῆναι.
2408 3183 2628 3254 Ἐφόρει
2656 3185 2711 3238 δὲ
2741 3187 2945 3257 ἐσθῆτα
2974 3189 3067 3240 καὶ
3108 3189 3208 3258 τὴν
3248 3190 3380 3259 περὶ
3421 3190 3482 3242 τὸ
3518 3191 3672 3257 σῶμα

2096 3273 2262 3344 ἄλλην
2296 3276 2643 3347 κατασκευὴν
2675 3275 3085 3349 ἐξηλλαγμένην
3126 3280 3220 3334 καὶ
3253 3280 3357 3333 ὑπὸ
3390 3282 3499 3334 τῶν
3540 3283 3672 3336 Ῥω-

2101 3367 2274 3437 μαίων
2318 3368 2457 3421 ὲθῶν
2480 3370 2500 3400 ³
2533 3368 2634 3421 οὑκ
2664 3371 3111 3442 ὲπιχωρουμένην
3133 3372 3184 3403 ⁸·
3218 3373 3456 3443 χρυσοῦν
3485 3392 3543 3427 τε
3569 3376 3672 3443 γάρ

2100 3460 2364 3527 στέφανον
2398 3455 2543 3530 εἶχεν
2574 3462 2925 3534 ὑπερμεγέθη
2960 3465 3054 3517 καὶ
3077 3465 3268 3536 στολὴν
3312 3467 3535 3537 ἀνθίνην
3564 3469 3671 3522 διά-

2097 3567 2319 3621 χρυσον,
2354 3549 2636 3621 βασιλικὴν
2668 3553 2824 3618 ἀξίαν
2863 3554 3273 3622 ἐπιφαίνουσαν.
3305 3557 3672 3626 Ποιησάμενος

2097 3641 2155 3694 δὲ
2185 3641 2377 3710 λόγους
2403 3643 2496 3696 ἐπὶ
2524 3644 2633 3697 τῶν
2668 3644 2913 3712 ἐμϐόλων
2937 3647 2994 3697 ὲν
3023 3647 3100 3717 τῷ
3132 3648 3307 3719 δήμῳ,
3345 3649 3518 3701 καὶτὸ
3536 3650 3669 3717 πλῆ-

2100 3733 2191 3796 θος
2225 3736 2305 3798 είς
2361 3735 2787 3807 δεισιδαιμονίαν
2828 3738 3101 3809 ἐμϐαλὼν,
3154 3740 3532 3813 καταλύματος
3577 3744 3669 3813 μὲν

2096 3823 2353 3895 δημοσίου
2397 3827 2492 3879 καὶ
2536 3825 2725 3899 ξενίων
2769 3828 2999 3901 ἠξιώθη,
3025 3832 3117 3884 τὸν
3142 3831 3199 3885 δὲ
3240 3833 3497 3901 στέφανον
3540 3836 3670 3887 ἐκω-

2099 3912 2235 3984 λύθη
2256 3918 2442 3984 φορεῖν
2464 3916 2552 3985 ὑφ’
2578 3918 2696 3981 ἐνὸς
2718 3919 2823 3971 τῶν
2844 3921 3141 3992 δημάρχων
3164 3920 3335 3975 Δὺλου
3369 3925 3669 3993 Πομπηΐου.

2099 4007 2199 4060 Διά
2232 4025 2373 4071 τινος
2395 4008 2440 4060 δ’
2470 4009 2657 4080 ἑτέρου
2687 4010 2969 4082 δημάρχου
2997 4013 3289 4082 προαχθεὶς
3310 4016 3402 4068 επὶ
3428 4013 3553 4085 [638
3582 4013 3666 4087 IL]

2098 4100 2165 4151 τὰ
2196 4098 2420 4168 ἔμϐολα,
2453 4101 2545 4153 καὶ
2580 4103 2709 4172 περὶ
2746 4105 2842 4172 τῆς
2871 4106 2949 4167 εἰς
2978 4104 3000 4135 ⁸
3030 4104 3090 4157 τὸ
3121 4106 3263 4175 ἱερὸν
3297 4108 3517 4174 ἁγνείας
3574 4111 3667 4161 ἐπ-

2100 4189 2477 4260 ερωτώμενος,
2510 4193 2828 4263 ἀποκρίσεις
2866 4197 3098 4248 ἐποιεῖτο
3127 4196 3541 4267 δεισιδαιμονίαν
3575 4216 3666 4251 πε·

2103 4281 2412 4352 ριεχοὺσας.
2444 4284 2950 4350 Καταστασιασθεὶς
2986 4286 3043 4340 δὲ
3075 4288 3177 4341 ὑπὸ
3205 4289 3296 4342 τοῦ
3322 4291 3342 4319 ⁸
3368 4291 3664 4360 Πομπηΐου,

2104 4378 2197 4431 καὶ
2222 4378 2341 4448 μεθ’
2377 4377 2587 4449 ὑϐρεως
2618 4380 2950 4449 ἀπαλλαγεὶς
2986 4384 3076 4435 ἐπὶ
3112 4382 3208 4454 τὴν
3236 4386 3545 4452 κατάλυσιν,
3579 4388 3666 4439 οὑ-

410 4469 566 4523 ribus
623 4481 790 4536 supra
852 4467 1075 4522 modum
1135 4473 1361 4518 vexatus
1405 4474 1527 4533 post
1572 4465 1715 4519 diem
1773 4465 1992 4519 tertium

2104 4473 2222 4527 κέτι
2250 4474 2671 4546 προεπορεύετο,
2711 4477 2886 4544 λέγων
2926 4478 2999 4550 μὴ
3036 4480 3192 4548 μόνον
3218 4481 3424 4533 ’ἑαυτὸν
3470 4483 3669 4543 ἀσεϐῶς

415 4560 738 4629 exspiravit,
765 4558 1028 4626 multique
1050 4571 1113 4611 eo
1142 4556 1285 4625 quod
1324 4557 1685 4622 sacerdotem,
1713 4556 1993 4627 ipsamque

2102 4564 2642 4636 προπεπηλακίσθαι,
2668 4566 2803 4621 ἀλλὰ
2819 4570 2911 4621 καὶ
2935 4568 3031 4639 τὴν
3061 4569 3198 4625 θεόν.
3218 4570 3286 4624 ’Ὀ
3318 4571 3373 4623 δὲ
3397 4573 3666 4642 Πομπήϊος

416 4654 569 4705 deam
624 4650 961 4714 offendisset,
1004 4650 1186 4702 divina
1230 4647 1463 4719 quadam
1515 4649 1854 4716 providentia
1903 4665 1999 4703 ex-

415 4741 673 4794 stinctum
717 4741 1155 4808 suspicabantur.
1203 4739 1696 4807 Superstitionibus
1726 4740 1868 4793 enim
1900 4739 1999 4793 mi-

414 4848 534 4885 rum
564 4831 618 4885 in
660 4832 873 4884 modum
911 4831 1074 4885 dediti
1116 4831 1342 4883 Romani
1364 4839 1513 4885 sunt.
1540 4830 1719 4895 Quare
1750 4829 1998 4885 Battaces

415 4937 585 4977 sacras
614 4921 769 4977 stolae
826 4921 1045 4974 indutus
1085 4930 1427 4984 ornamento,
1462 4919 1819 4988 amplioribus
1848 4936 1877 4973 a
1912 4921 1994 4974 vi-

417 5015 492 5068 ris
537 5012 722 5066 multis
758 5020 827 5073 ,et
866 5010 1083 5065 feminis
1133 5010 1384 5077 hospitiis
1442 5021 1738 5079 exceptus,
1793 5010 1997 5064 Roma-

417 5116 522 5168 que
578 5100 860 5155 discedens
912 5113 1034 5151 cum
1086 5105 1300 5166 pompa;
1343 5098 1598 5151 dimissus
1656 5108 1761 5153 est.
1807 5099 1997 5154 Solent

422 5191 654 5245 ltomani
705 5190 904 5244 milites
959 5190 1191 5250 ducem,
1242 5186 1455 5254 quando
1509 5187 1769 5242 adversus
1812 5188 1998 5243 hostes

404 5297 540 5336 cum
578 5282 682 5336 illis
728 5296 904 5352 pugna
946 5279 1322 5345 contendens,
1372 5292 1534 5349 supra
1569 5294 1663 5334 sex
1704 5281 1848 5336 mille
1896 5282 1996 5336 bo-

2098 4658 2444 4727 παραχρῆμα
2506 4660 2606 4728 μὲν
2658 4658 2843 4730 λάϐρῳ
2873 4661 2895 4692 ⁷
2928 4662 3147 4733 πυρετῷ
3181 4664 3500 4733 συνεσχέθη,
3538 4666 3668 4733 μετὰ

2094 4744 2153 4798 δὲ
2212 4745 2383 4799 ταῦτα
2424 4747 2636 4816 ἄφωνος
2684 4750 2974 4820 γενόμενος
3020 4752 3113 4803 καὶ
3150 4752 3517 4820 καταληφθεὶς
3559 4771 3670 4805 κυν-

2100 4838 2314 4907 αγχικῴ
2380 4840 2544 4891 πάθει
2579 4843 2820 4909 τριταῖος
2856 4842 3190 4913 κατέστρεψε
3232 4842 3319 4895 τὸν
3353 4843 3488 4913 βίον,
3528 4844 3670 4913 παρὰ

2097 4932 2210 4991 τοῖς
2239 4929 2451 4992 πολλοῖς
2500 4931 2833 5001 ὑποληφθεὶς
2874 4932 2993 5001 θείᾳ
3020 4936 3127 4987 τινὶ
3170 4936 3414 5005 προνοίᾳ,
3453 4934 3568 4988 ἀνθ’
3600 4927 3667 4985 ὧν

2103 5018 2183 5078 εἰς
2214 5018 2305 5070 τὸν
2343 5021 2490 5088 ἱερέα
2521 5020 2615 5071 καὶ
2656 5020 2753 5091 τὴν
2796 5021 2917 5075 θεὸν
2956 5022 3402 5092 ἐπλημμέλησεν.
3449 5024 3539 5076 τοῦ
3577 5026 3665 5093 ζῇν

2105 5108 2435 5178 ἐστερῆσθαι
2466 5126 2480 5140 °
2535 5112 2741 5183 σφόδρα
2770 5113 2878 5185 γὰρ
2916 5114 3171 5182 Ῥωμαῖοι
3201 5115 3659 5186 δεισιδαιμονοῦσι.

2106 5201 2303 5270 Διόπερ
2332 5203 2359 5253 ό
2387 5202 2671 5275 Βαττάκης
2696 5204 2875 5258 λαϐὼν
2906 5206 3005 5275 τὴν
3033 5207 3374 5279 συγχώρησιν
3403 5210 3505 5278 τῆς
3537 5210 3665 5263 κατά

2107 5291 2206 5359 τὴν
2234 5293 2383 5363 ἱερὰν
2425 5294 2615 5365 στολὴν
2662 5299 3024 5367 κατασκευῆς,
3053 5299 3145 5351 καὶ
3190 5300 3443 5373 τιμηθεὶς
3474 5301 3656 5365 ἀξιολό-

1708 5465 1939 5522 VARI/ﬁ
1984 5466 2386 5530 LECTIONI‘IS.

497 5634 539 5708 ξε
565 5633 1021 5708 ἐκπολιορκήσας]
1046 5637 1089 5708 Α
1128 5654 1140 5689 :
1170 5638 1551 5708 ἐκπολεμήσας
1580 5656 1639 5702 ς.

1741 5641 1785 5718 θ]
1812 5643 2141 5718 επεϐάλλετο
2175 5663 2233 5708 ς’.
2292 5648 2356 5718 γε’*
2388 5648 2754 5718 θηριομάχους
2786 5650 2846 5706 Β.

2945 5652 2990 5685 ⁹⁹
3023 5652 3117 5720 μὲν
3144 5651 3266 5704 add.
3303 5651 3363 5704 Β.
3440 5654 3455 5683 ¹
3485 5650 3657 5703 Πισσι-

419 5719 635 5795 γρξγξρς
666 5705 748 5795 Β..
844 5705 1063 5795 ottiqu
1092 5704 1704 5795 at’rEﬁVYL-sselii‘igius.‘
1760 5712 1782 5794 ξ
1815 5712 1953 5767 ἐθῶν
1982 5704 2221 5783 Scaliger
2249 5736 2259 5769 :
2291 5717 2413 5772 libri
2443 5704 2657 5774 's'OviLv."
2712 5704 3225 5793 ⁸’ἐπιχωρω.)ἰι.ἐνην]
3248 5722 3366 5777 libri
3396 5722 3658 5791 ἐπιχωρη-

428 5774 617 5840 μένην.
727 5776 748 5805 ⁸
780 5776 858 5837 εἰς
888 5790 999 5829 um.
1033 5774 1077 5828 Ᾱ
1182 5774 1321 5831 τ’τοῦ
1345 5781 1466 5834 add.
1494 5774 1566 5833 ΑΪ
1637 5781 1654 5810 ⁷
1686 5778 1871 5851 λαύρῳ
1898 5801 1957 5847 ς.
