3924 6484
247 401 403 466 1429
1292 406 1821 468 BIBLIOTHECA.
1855 430 1916 443 -
1938 409 2103 470 COD.
2137 411 2429 471 CCXLIV.
3381 411 3517 477 H30

242 538 370 591 γοις
419 517 632 584 ξενίοις,
682 518 787 572 ὑπὸ
821 519 1029 574 πολλῶν
1059 521 1268 592 ἀνδρῶν
1315 539 1375 574 τε
1417 523 1510 575 καὶ
1561 523 1832 591 γυναικῶν

1941 525 2105 578 stium
2166 524 2544 594 proﬂigasset,
2592 526 2993 595 imperatorem,
3034 527 3137 582 hoc
3199 536 3281 582 est
3339 544 3521 598 regem

243 609 621 682 προεπέμφθη
641 610 741 682 τὴν
764 612 827 664 ἐκ
847 612 944 682 τῆς
977 612 1472 683 Ῥώμηςὲπάνοδον
1494 614 1832 683 ποιούμενος.

1948 615 2262 669 renuntiare
2290 616 2421 686 (7i).

244 707 377 759 Ὀτι
409 706 530 768 ἔθος
570 702 637 781 ἦν
681 711 796 771 τοῖς
848 709 1137 779 Ῥωμαίων
1176 711 1560 779 στρατιώταις,
1612 711 1777 779 ἡνίκα
1810 710 1839 761 ὁ
1872 712 2180 780 στρατηγὸς
2222 713 2426 779 αὐτῶν,
2449 715 2546 767 σὺν
2590 714 2775 778 αὑτοῖς
2810 714 2961 788 μάχῃ
2989 715 3127 785 πρός
3186 731 3342 777 τινας
3417 714 3526 767 τῶν

245 799 530 869 πολεμίων
563 803 938 871 συμπλακεὶς,
975 805 1113 875 ὑπὲρ
1145 808 1272 869 τοὺς
1303 807 1703 878 ἐξαχισκιλίους
1733 804 1861 877 [156
1896 804 1985 877 3.]
2026 808 2133 860 τῶν
2170 808 2381 880 ἐχθρῶν
2414 810 2663 879 ἐφαίνετο
2690 810 2917 877 ἀνελὼν,
2946 811 3288 881 ίμπεράτορα
3317 809 3339 841 ⁸
3361 809 3526 863 αὑτὸν

243 896 607 964 ἀναγορεύειν
642 896 737 947 καὶ
771 897 1086 966 ἀποκαλεῖν,
1125 901 1153 953 ὃ
1192 903 1308 954 ἐστι
1332 902 1575 972 βασιλέα.

468 989 570 1041 Ἐκ
607 989 712 1042 τοῦ
750 987 836 1049 uti"
869 992 971 1046 καὶ
1008 1000 1061 1060 η’
1097 995 1196 1049 καὶ
1238 994 1357 1049 τῶν
1393 997 1636 1068 ἑφεξῆς.

322 1079 450 1132 ’Ὁτι
487 1080 577 1132 τὸν
606 1082 891 1154 Μαρσικὸν
921 1086 1290 1156 ὀνομασθέντα
1338 1090 1575 1161 πόλεμον
1618 1095 1710 1147 ἐπὶ
1746 1096 1845 1167 τῆς

243 1172 485 1224 αὑτοῦ¹⁰
519 1175 736 1245 ἡλικίας
788 1178 1052 1251 Διόδωρος
1116 1181 1338 1251 μείζονα
1404 1185 1684 1241 πάντων¹¹
1734 1189 1845 1241 τῶν

242 1265 662 1331 προγεγονότων
714 1269 1098 1339 ἀποφαίνεται.
1131 1275 1456 1345 Ὠνομάσθαι
1517 1278 1575 1331 δέ
1638 1297 1771 1349 φησι
1800 1283 1843 1314 ¹²

240 1355 539 1427 Μαρσικὸν
585 1362 649 1414 ἐκ
694 1361 801 1415 τῶν
848 1364 1129 1436 ἀρξάντων
1167 1370 1267 1441 τῆς
1312 1373 1687 1440 ἀποστάσεως,
1719 1377 1843 1430 ἐπεὶ

243 1448 570 1518 σύμπαντες
599 1470 661 1519 γε
688 1453 881 1509 Ἰταλοὶ
907 1458 1050 1511 κατά
1080 1459 1372 1530 Ῥωμαίων
1395 1463 1584 1517 τοῦτον
1612 1466 1841 1537 ἐξήνεγ-

241 1558 350 1595 καν
375 1544 470 1596 τὸν
501 1544 757 1611 πόλεμον.
786 1550 976 1604 Αίτίαν
1006 1551 1062 1604 δὲ
1090 1552 1315 1623 πρώτην
1345 1556 1599 1624 γενέσθαι
1624 1559 1717 1611 τοῦ
1747 1578 1844 1612 πο·

241 1632 415 1703 λέμου
448 1636 512 1688 τὸ
545 1643 873 1707 μεταπεσεῖν
901 1643 1027 1705 τοὺς
1061 1644 1365 1715 Ῥωμαίους
1397 1650 1503 1703 ἀπὸ
1545 1651 1645 1720 τῆς
1693 1652 1844 1705 εὐτά-

242 1741 378 1777 κτου
414 1727 510 1779 καὶ
554 1728 707 1800 λιτῆς
736 1732 961 1804 ἀγωγῆς
1004 1737 1100 1789 καὶ
1125 1739 1449 1809 ἐγκρατοῦς,
1478 1742 1545 1795 δι’
1574 1738 1643 1814 ἧς
1681 1744 1773 1795 ἐπὶ
1797 1743 1840 1775 ¹⁸

243 1819 504 1873 τοσοῦτον
533 1822 883 1895 ηὐξήθησαν,
913 1828 994 1891 είς
1026 1828 1268 1900 ὀλέθριον
1308 1831 1471 1903 ζῆλον
1499 1835 1712 1903 τρυφῆς
1745 1834 1840 1889 καὶ

243 1912 565 1978 ἀκολασίας.
602 1918 697 1970 Ἐκ
750 1919 859 1990 γὰρ
910 1920 1010 1991 τῆς
1060 1922 1428 1993 διαφθορᾶς¹⁸
1466 1926 1671 1997 ταύτης
1712 1944 1839 1981 στα-

248 2005 541 2071 σιάσαντος
590 2009 684 2062 τοῦ
729 2011 1024 2081 δημοτικοῦ
1061 2014 1197 2083 πρὸς
1225 2014 1322 2085 τὴν
1355 2015 1681 2084 σύγκλητον,
1718 2014 1839 2072 εἶτα

244 2096 469 2167 ἐκείνης
504 2101 980 2174 ἐπικαλεσαμένης
1007 2105 1133 2169 τοὺς
1160 2107 1223 2159 ἐκ
1242 2106 1343 2176 τῆς
1370 2106 1601 2170 Ἰταλίας
1623 2110 1838 2164 ἐπικουο

246 2192 433 2260 ρῆσαι,
458 2192 555 2246 καὶ
581 2194 961 2267 ὑποσχομένης
991 2197 1092 2266 τῆς
1117 2199 1490 2271 πολυεράστου
1520 2202 1836 2275 Ῥωμαῖκῆς

242 2282 523 2347 πολιτείας
560 2286 882 2354 μεταδοῦναι
914 2289 1007 2340 καὶ
1049 2289 1196 2359 νόμῳ
1225 2291 1501 2360 κυρῶσαι,
1535 2293 1659 2347 ἐπεὶ
1685 2296 1838 2350 οὐδὲν

239 2373 351 2426 τῶν
380 2374 782 2445 ὑπεσχημένων
817 2381 929 2439 τοῖς
958 2379 1289 2444 Ἰταλιώταις
1317 2383 1553 2451 ἐγένετο,
1586 2387 1615 2438 ὁ
1641 2385 1701 2451 ἐξ
1735 2388 1836 2441 αὑ·-

238 2467 349 2519 τῶν
382 2468 623 2536 πόλεμος
650 2470 785 2539 πρὸς
812 2470 1114 2541 Ῥωμαίους
1136 2473 1430 2546 ἐξεκαύθη,
1451 2477 1835 2535 ὑπατευόντων

241 2551 299 2603 ἐν
348 2555 414 2623 τῇ
454 2554 641 2626 Ῥώμῃ
691 2558 922 2610 Λευκίου
955 2560 1244 2628 Μάρκου¹⁵
1280 2564 1549 2620 Φιλίππου
1583 2568 1681 2621 καὶ
1710 2569 1837 2635 Σέξ-

239 2659 333 2694 του
352 2644 391 2674 ¹⁶
414 2644 637 2697 Ἰουλίου
655 2661 670 2676 ο
707 2645 1013 2715 Ὀλυμπιὰς
1045 2649 1090 2703 δ’
1115 2649 1305 2720 mox,"
1332 2653 1467 2723 πρὸς
1496 2658 1617 2720 ταῖς
1642 2657 1833 2710 ἑκατὸν

241 2732 744 2801 ἐϐδομήκοντα.Ἑν
779 2736 954 2807 τούτῳ
994 2738 1072 2809 τῷ
1104 2739 1329 2812 πολέμῳ
1357 2744 1581 2798 ποικίλα
1610 2747 1706 2799 καὶ
1738 2764 1835 2800 πο-

241 2817 487 2890 λύτροπα
526 2822 673 2893 πάθη
724 2825 819 2878 καὶ
861 2826 1071 2880 πόλεων
1123 2829 1353 2894 ἁλώσεις
1382 2835 1629 2904 ἐκατέρῳ
1676 2836 1832 2907 μέρει

239 2908 348 2961 τῶν
363 2910 885 2984 διαπολεμησάντων
907 2917 1132 2989 συνέϐη,
1158 2918 1452 2975 ταλαντευο
1460 2924 1625 2997 μένης
1642 2924 1832 2998 ὥσπερ

239 2998 492 3068 ἐπίτηδες
536 3002 691 3071 παρά
740 3004 905 3075 μέρος
952 3006 1053 3077 τῆς
1095 3010 1251 3078 νίκης
1296 3013 1389 3065 καὶ
1424 3013 1740 3085 μηδετέροις
1772 3018 1831 3070 ὲν

240 3089 448 3186 βεδαίῳ
492 3094 882 3186 διαμενούσης*
916 3099 1066 3169 ὅμως
1110 3100 1338 3172 ἀπείρου
1371 3104 1610 3175 πλήθους
1641 3107 1832 3161 έκατέ-
1859 3131 1901 3186 c

241 3182 416 3250 ρωθεν
455 3185 731 3251 πεσόντος,
765 3188 862 3257 ὀψὲ
912 3189 1007 3242 καὶ
1040 3190 1196 3261 μόλις
1229 3191 1523 3264 Ῥωμαίοις
1547 3197 1829 3268 ἐξενίκησε

242 3272 612 3344 βεϐαιωθῆναι
664 3277 724 3330 τὸ
778 3279 999 3349 κράτος.
1044 3282 1376 3355 Ἑπολέμουν
1430 3287 1489 3340 δὲ
1536 3287 1830 3358 Ῥωμαίοις

239 3363 518 3431 Σαυνῖται,
537 3367 930 3435 Ἀσκολανοὶίθ,
960 3372 1248 3441 Λευκανοὶ,
1281 3376 1602 3446 Πικεντηνοὶ
1623 3380 1685 3442 ¹¹⁹,
1709 3378 1831 3431 Νω-

238 3455 388 3511 λανοὶ
420 3460 518 3511 καὶ
546 3459 731 3531 ἕτεραι
755 3462 939 3526 πόλεις
962 3463 1056 3518 καὶ
1079 3464 1204 3537 ἔθνη
1224 3483 1236 3497 ·
1267 3468 1324 3520 ἐν
1346 3462 1423 3530 οἷς
1447 3472 1609 3541 ἐπιση
1620 3472 1825 3542 μοτάτη

239 3553 329 3604 καὶ
368 3552 607 3623 μεγίστη
657 3555 751 3608 καὶ
800 3556 951 3627 κοινὴ
996 3557 1150 3620 πόλις
1193 3560 1316 3629 ἄρτι
1365 3548 1826 3633 συντετελεσμένη

240 3648 351 3708 τοῖς
382 3646 721 3711 Ἰταλιώταις
751 3648 809 3701 τὸ
842 3648 1137 3721 Κορφίνιον
1180 3647 1247 3722 ἦν
1272 3693 1284 3713 ,
1324 3655 1379 3705 ἐν
1479 3654 1545 3708 τά
1577 3671 1637 3706 τε
1670 3654 1825 3721 ἄλλα,

241 3736 339 3789 ὅσα
380 3737 628 3809 μεγάλην
658 3739 813 3792 πόλιν
846 3742 941 3793 καὶ
972 3741 1144 3813 ἀρχὴν
1181 3743 1531 3812 κρατύνουσι,
1564 3748 1825 3814 συνεστή-

245 3846 404 3884 σαντο
433 3833 527 3883 καὶ
558 3833 766 3902 ἀγορὰν
795 3833 1069 3903 εὐμεγέθη
1098 3836 1191 3888 καὶ
1235 3834 1364 3907 [659
1395 3835 1489 3908 Η.]
1535 3836 1826 3910 βουλευτή-

245 3939 374 3992 ριον,
408 3924 508 3976 καὶ
532 3924 598 3976 τά
628 3924 761 3978 ἄλλα
783 3924 851 3978 τὰ
886 3926 1020 3996 πρὸς
1047 3926 1283 3997 πόλεμον
1306 3927 1554 3996 ἀφθόνως
1585 3928 1823 3996 ἅπαντα,

242 4017 334 4069 καὶ
388 4017 690 4087 χρημάτων
744 4016 982 4096 πλῆθος,
1024 4021 1117 4071 καὶ
1154 4019 1361 4092 τροφῆς
1419 4020 1615 4092 δαψιλῆ
1656 4039 1823 4094 χορη-

242 4111 382 4176 γίαν.

314 4205 722 4275 Συνεστήσαντο
748 4207 804 4259 δὲ
833 4205 927 4258 καὶ
963 4204 1265 4277 σύγκλητον
1287 4207 1471 4279 κοινὴν
1488 4208 1532 4240 ’θ
1560 4225 1825 4262 πεντακο-

134 4302 140 4307 ’
247 4297 373 4351 σίων
404 4299 636 4370 ἀνδρῶν,
663 4298 721 4365 ἐξ
750 4292 824 4353 ὧν
851 4299 904 4351 οῖ
939 4316 995 4352 τε
1024 4300 1121 4370 τῆς
1166 4300 1426 4371 πατρίδος
1462 4302 1650 4372 ἄρχειν
1685 4301 1825 4367 ἄξιοι

246 4390 687 4462 προαχθήσεσθαι
720 4391 944 4460 ἔμελλον
971 4392 1064 4445 καὶ
1096 4392 1146 4445 οἱ
1175 4393 1695 4465 προϐουλεύεσθαι²¹
1742 4395 1825 4446 δυ-

2076 991 2162 1045 Ex
2193 993 2327 1046 libro
2360 1008 2543 1047 xxxv"
2574 1001 2625 1046 et
2664 1006 2760 1047 vm
2796 1000 2846 1046 et
2877 991 2997 1045 aliis
3034 992 3385 1061 sequentibus.

2014 1084 2106 1138 Ait
2136 1085 2400 1140 Diodorus
2431 1084 2630 1139 bellum
2665 1082 2808 1153 quod
2843 1081 3041 1137 dicitur
3082 1082 3390 1149 Marsicum,
3425 1096 3521 1138 sua

1940 1187 2104 1233 aetate
2144 1177 2358 1233 caeteris
2401 1176 2845 1230 antecedentibus
2874 1174 3053 1243 majus
3093 1189 3215 1229 esse
3252 1194 3265 1230 :
3315 1184 3370 1230 et
3400 1174 3522 1229 ideo

1942 1270 2009 1322 ab
2060 1267 2373 1323 auctoribus
2410 1264 2723 1320 rebellionis
2770 1263 3067 1320 Marsicum
3100 1265 3521 1333 ldenominatum

1941 1373 2082 1413 esse.
2142 1356 2417 1434 Siquidem
2467 1354 2586 1410 Itali
2636 1370 2826 1411 omnes
2873 1354 3138 1411 Romanis
3180 1354 3376 1410 bellum
3423 1356 3533 1410 lioc

1941 1448 2260 1504 intulerunt.
2318 1447 2451 1503 Belli
2501 1462 2663 1502 causa
2705 1447 2878 1515 prima
2930 1444 3052 1511 fuit,
3110 1447 3237 1515 quia
3294 1446 3523 1501 Romani

1940 1539 2256 1608 compositis
2316 1538 2622 1609 sobriisque
2673 1546 2729 1592 et
2787 1535 3194 1592 continentibus
3255 1537 3521 1603 moribus,

1938 1646 2036 1700 per
2068 1646 2206 1701 quos
2236 1636 2520 1699 tantopere
2551 1639 2859 1695 creverant,
2891 1628 2958 1683 ad
2991 1628 3358 1698 perniciosum
3391 1630 3525 1685 deli-

1940 1724 2144 1777 ciarum
2176 1730 2231 1777 et
2264 1724 2693 1790 intemperantiae
2719 1722 2953 1776 studium
2985 1723 3348 1777 desciverunt.
3386 1722 3520 1777 Nam

1870 1789 1912 1843 Β
1942 1815 2012 1869 ob
2033 1813 2173 1869 hanc
2200 1789 2562 1883 corruptelam
2592 1806 2729 1867 orta'
2755 1813 2927 1879 plebis
2973 1814 3232 1869 adversus
3272 1823 3519 1869 senatum

1941 1906 2230 1974 seditione,
2275 1921 2398 1962 cum
2438 1896 2637 1961 deinde
2673 1915 2891 1962 senatus
2936 1905 3195 1961 Italorum
3232 1922 3387 1975 opem
3416 1907 3521 1961 im-

1939 1997 2225 2068 plorasset,
2260 2006 2315 2053 et
2348 1999 2426 2052 eis
2473 2008 2717 2062 optat-im
2749 1998 2877 2053 illud
2908 1998 3166 2053 Romana:
3219 1998 3414 2069 391i:
3442 2000 3522 2054 ci-

1939 2087 2124 2144 vitatis
2158 2088 2248 2157 jus
2280 2089 2555 2157 pollicitns
2586 2087 2799 2151 fuisset,
2828 2090 2989 2159 idque
3028 2105 3087 2144 se
3119 2090 3238 2159 lege
3276 2089 3520 2145 sancitu-

1938 2195 2058 2233 rum
2113 2181 2502 2249 promississet,
2555 2195 2679 2234 enim
2736 2181 3128 2251 promissorum
3184 2182 3318 2237 nihil
3372 2182 3521 2238 Italis

1938 2278 2308 2337 praestaretur,
2344 2270 2549 2325 exarsit
2571 2286 2637 2325 ex
2675 2271 2780 2325 illis
2815 2271 3012 2325 bellum
3037 2271 3293 2326 adversus
3320 2272 3521 2331 Roma-

1939 2376 2056 2426 nos,
2108 2359 2297 2416 Romae
2354 2362 2696 2417 consulatum
2746 2363 3056 2430 gerentibus
3099 2362 3269 2418 Lucio
3317 2362 3522 2419 Marcio

1937 2452 2209 2523 Philippo,
2238 2462 2293 2507 et
2324 2451 2490 2508 Sexto
2528 2452 2691 2533 Julio,
2730 2453 3051 2526 Olympiade
3089 2469 3251 2523 supra
3288 2456 3517 2509 centesi-

1937 2558 2078 2598 mam
2133 2532 2529 2616 septuagesima
2577 2549 2836 2602 secunda.
2879 2546 2937 2601 In
2983 2547 3087 2601 hoc
3130 2546 3274 2601 bello
3317 2546 3522 2602 diversi

1937 2638 2182 2707 variique
2220 2652 2379 2694 casus
2441 2649 2495 2694 et
2552 2640 2766 2695 urbium
2823 2638 3248 2710 expugnationes
3304 2639 3521 2709 utrique

1938 2728 2251 2783 bellantium
2304 2730 2446 2797 parti
2506 2731 2875 2800 contigerunt,
2926 2738 3151 2784 nutante
3197 2729 3355 2800 quasi
3390 2730 3517 2784 data

1934 2836 2098 2890 opera
2136 2822 2187 2875 in
2225 2830 2512 2892 utramque
2547 2830 2753 2891 partem
2804 2821 3055 2886 victoria,
3084 2831 3139 2876 et
3170 2822 3375 2877 neutris
3409 2830 3522 2877 sta-

1936 2913 2027 2967 bili
2063 2922 2437 2983 permanente.
2482 2913 2684 2969 Tamen
2716 2923 3004 2983 postquam
3039 2915 3293 2984 utrinque
3324 2916 3521 2972 cecidit

1937 3006 2203 3060 immensa
2250 3006 2527 3060 hominum
2590 3006 2899 3074 multitudo,
2952 3022 3077 3063 sero
3123 3016 3197 3061 et-
3226 3022 3370 3078 aegre
3411 3006 3521 3063 Ro-

1939 3097 2081 3150 mani
2121 3096 2405 3151 victoriam
2446 3099 2648 3166 adepti,
2696 3099 2881 3153 ﬁrmas
2924 3101 3069 3155 vires
3138 3099 3513 3155 obtinuerunt.

1936 3187 2332 3258 Oppugnabant
2365 3198 2546 3244 autem
2584 3188 2860 3245 Romanos
2906 3190 3202 3259 Samnites,
3236 3192 3516 3257 Asculani,

1932 3278 2158 3344 Lucani,
2190 3280 2479 3348 Picentini,
2510 3281 2729 3347 Nolani,
2753 3291 2807 3336 et
2844 3283 2962 3337 aliae
2990 3284 3151 3337 urbes
3181 3272 3342 3351 atque
3371 3298 3517 3353 gen-

1937 3381 2039 3437 tes,
2082 3373 2133 3426 in
2163 3372 2360 3441 quibus
2391 3380 2508 3427 erat
2542 3373 2907 3427 illnstrissima
2935 3382 2988 3428 et
3024 3374 3255 3427 maxima
3287 3384 3343 3428 et
3367 3389 3519 3429 com-

1933 3462 2111 3515 munis
2158 3462 2287 3516 urbs
2327 3476 2499 3530 nuper
2545 3461 2612 3514 ab
2654 3462 2803 3516 Italis
2835 3461 3070 3531 perfecta
3101 3461 3423 3527 Corﬁnium,
3463 3462 3515 3516 in

1931 3567 2034 3619 qua
2072 3566 2196 3604 cum
2235 3560 2430 3605 caetera
2465 3564 2584 3619 quae
2632 3565 2881 3620 magnam
2912 3550 3101 3606 urbem
3144 3560 3198 3606 et
3228 3551 3515 3620 imperium

1931 3641 2273 3703 conﬁrmant,
2323 3640 2746 3705 conStituerunt,
2784 3649 2893 3693 tum
2926 3641 3102 3695 forum
3138 3657 3516 3710 permagnum,

1929 3741 1983 3787 et
2018 3732 2251 3797 curiam,
2296 3741 2353 3787 et
2399 3739 2594 3786 caetera
2640 3731 2822 3785 omnia
2858 3732 2923 3785 ad
2977 3731 3173 3785 bellum
3207 3733 3512 3789 necessaria

1890 3874 1891 3877 η
1929 3821 2167 3891 copiose,
2198 3828 2252 3875 et
2297 3820 2537 3889 pecunia:
2590 3819 3016 3886 multitudinem,
3068 3828 3125 3875 et
3176 3820 3513 3876 cibariorum

1930 3913 2139 3985 largum
2164 3920 2547 3968 commeatum.

1997 4209 2413 4267 Constituerunt
2450 4221 2505 4266 et
2554 4220 2801 4266 senatum
2857 4225 3056 4265 novum
3092 4208 3512 4281 quingentorum

1928 4303 2190 4367 virorum,
2211 4319 2278 4358 ex
2316 4304 2514 4374 quibus
2537 4304 2628 4372 qui
2657 4302 2844 4371 patria:
2868 4302 3093 4373 imperio
3113 4303 3256 4373 digni
3304 4313 3509 4369 essent,

1930 4394 2381 4471 producerentur,
2429 4404 2482 4449 et
2514 4395 2603 4464 qui
2647 4395 2714 4447 de
2766 4394 3040 4448 communi
3084 4388 3257 4448 salute
3296 4397 3513 4449 consul-

245 4481 463 4551 νάμενοι
498 4483 628 4553 περὶ
656 4484 754 4554 τῆς
784 4485 969 4555 κοινῆς
1002 4484 1296 4555 σωτηρίας.
1328 4486 1437 4539 Καὶ
1478 4484 1689 4549 τούτοις
1723 4487 1823 4538 ὲπ-

1937 4494 2047 4539 lare
2072 4493 2317 4555 possent,
2339 4485 2513 4554 iisque
2545 4484 2664 4539 belli
2701 4498 2889 4537 curam
2923 4483 3271 4548 mandarunt,
3301 4499 3515 4538 summa

244 4574 476 4645 έτρεψαν
496 4577 539 4607 ²²
572 4574 639 4628 τά
662 4575 801 4628 κατά
825 4575 914 4627 τὸν
950 4576 1186 4647 πόλεμον
1207 4578 1449 4642 διοικεῖν,
1487 4576 1823 4647 αὐτοκράτο-

246 4683 341 4736 ρας
370 4668 697 4738 ποιήσαντες
728 4670 852 4730 τοὺς
884 4668 1191 4738 συνέδρους.
1223 4661 1381 4721 Οὗτοι
1414 4669 1459 4720 δ’
1497 4669 1823 4739 ἐνομοθέτη-

245 4776 340 4813 σαν
365 4762 459 4815 δύο
488 4762 584 4831 μὲν
619 4762 857 4822 ὑπάτους
879 4762 997 4813 κατ’
1032 4760 1275 4812 ἐνιαυτὸν
1304 4760 1597 4830 αἱρεῖσθαι,
1615 4760 1824 4814 δώδεκα

243 4856 298 4909 δὲ
331 4858 693 4929 στρατηγούς.
724 4859 833 4910 Καὶ
860 4857 1278 4928 κατεστάθησαν
1311 4855 1505 4909 ὕπατοι
1539 4856 1638 4926 μὲν
1666 4857 1825 4909 Κόϊν-

243 4964 330 5012 τος
373 4951 708 5021 Πομπαίδιος
745 4950 938 5013 Σίλων,
973 4948 1197 5019 Μάρσος
1232 4948 1331 5017 μὲν
1366 4948 1424 5001 τὸ
1454 4950 1607 5017 γένος
1630 4993 1643 5015 ,
1674 4968 1826 5021 πρω-

246 5040 413 5094 τεύων
438 5043 494 5096 δὲ
511 5043 619 5095 τῶν
640 5041 935 5112 ὁμοεθνῶν,
958 5042 1047 5094 καὶ
1070 5040 1318 5110 δεύτερος
1342 5043 1405 5093 ὲκ
1428 5040 1520 5093 τοῦ
1552 5041 1826 5093 Σαυνιτῶν

247 5131 430 5198 γένους
460 5134 618 5195 Γάϊος
642 5132 906 5195 Ἀπώνιος
939 5130 1183 5193 Μότυλος
1205 5170 1218 5193 ,
1252 5131 1346 5184 καὶ
1377 5132 1539 5194 αὑτὸς
1577 5132 1703 5204 δόξῃ
1734 5134 1828 5186 καὶ

249 5221 475 5291 πράξεσι
504 5221 815 5287 τοῦέθνους
846 5222 1243 5292 προέχων.⁷1’ὴν
1272 5222 1317 5274 δ’
1336 5221 1463 5292 ὃλην
1487 5221 1719 5275 Ἰταλίαν
1745 5224 1826 5285 εἰς

1928 4586 2193 4647 potestate
2232 4575 2642 4630 consessoribus
2679 4573 2966 4641 permissa.
3002 4571 3068 4625 lli
3102 4574 3248 4642 leges
3276 4572 3515 4629 tulerunt

1930 4670 1989 4715 ut
2017 4663 2123 4715 duo
2154 4660 2407 4714 consules
2441 4658 2731 4727 quotannis
2766 4667 3106 4721 crearentur,
3141 4667 3195 4712 et
3228 4659 3512 4712 duodecim

1928 4754 2112 4808 duces.
2136 4750 2397 4807 Consules
2425 4749 2593 4803 creati
2619 4748 2986 4815 sunthintus
3010 4749 3351 4818 Pompzedius
3374 4750 3513 4815 Silo,

1932 4845 2149 4898 natione
2177 4841 2410 4907 Marsus,
2445 4849 2500 4895 et
2528 4854 2639 4895 suae
2684 4841 2861 4906 gentis
2898 4840 3219 4908 primarius.
3268 4844 3421 4896 Alter
3446 4857 3514 4895 ex

1931 4937 2236 4991 Samnitum
2293 4946 2492 5005 genere
2553 4930 2717 4987 Caius
2769 4931 3019 5001 Aponius
3073 4931 3331 4998 Motulus,
3397 4932 3516 5001 ipse

1928 5045 2149 5099 quoque
2181 5028 2350 5099 gloria
2374 5026 2661 5095 ’rebusque
2726 5027 2891 5093 gestis
2921 5041 3030 5079 sum
3063 5026 3240 5096 gentis
3274 5026 3518 5081 clarissi-

1935 5138 2074 5176 mus.
2110 5122 2173 5176 Et
2216 5127 2325 5173 tota
2358 5117 2507 5172 Italia
2553 5118 2605 5169 in
2654 5127 2837 5186 partes
2864 5117 2997 5173 duas
3027 5118 3223 5183 divisa,
3257 5133 3351 5172 eas
3382 5133 3517 5171 con-

1933 5215 2145 5269 sularcs
2189 5210 2546 5282 praefecturas
2573 5219 2738 5279 atque
2781 5219 2965 5278 partes
2998 5210 3418 5264 constituerunt.
3451 5206 3520 5261 Et

1545 5353 1781 5410 νΑῐιιίΕ
1824 5349 2229 5410 LECTIUNES.

319 5445 343 5475 ⁸
392 5447 715 5518 ίνπεράτορα
745 5466 806 5511 ς.

253 5513 289 5542 “
319 5512 530 5571 πάντων
596 5512 668 5571 ΒΞ
701 5512 1041 5581 ἁπάντωνς.
1120 5518 1160 5588 ἳ²
1194 5512 1360 5586 φασί
1388 5534 1446 5579 ς,
1469 5586 1491 5588 Α
1556 5517 1597 5588 εξ

903 5449 924 5479 θ
954 5447 1178 5517 βασιλέα
1206 5462 1316 5500 om.
1342 5461 1426 5515 pr.
1464 5446 1509 5498 A
1528 5464 1540 5499 :
1560 5447 1764 5518 in_quo
1795 5459 1915 5518 post
1940 5461 2059 5500 eam
2082 5458 2277 5518 vocent
2297 5441 2615 5518 vacuiﬁsunt
2644 5454 2839 5518 ισοξ-διιεῖ,
2859 5438 2892 5490 ’5
2925 5435 3046 5518 l/g.

1749 5512 1848 5588 μέν
1890 5518 1981 5569 ἐπί
2034 5532 2095 5588 ς.
2174 5512 2516 5588 Ιξ’διαιρορςίἰς
2546 5528 2603 5574 ς.

3149 5435 3193 5466 ¹⁰
3222 5433 3392 5504 αὐτῆς
3424 5435 3513 5489 At.

2686 5511 2727 5540 “'
2759 5504 3012 5577 Μάρκου]
3042 5505 3288 5577 Μαρτίου
3338 5506 3519 5577 Sgati-

252 5600 361 5659 ger.
436 5588 477 5620 ¹⁶
496 5588 725 5653 Σέξστου
758 5607 820 5653 ς.
890 5590 939 5659 7”
971 5575 1134 5659 ἤχθη]
1161 5575 1300 5659 ἧῇίθη
1322 5589 1361 5657 ἡι
1388 5575 1430 5655 β’
1461 5575 1722 5659 Scaliger.
1749 5575 1761 5588 ’
1803 5589 1845 5621 ’⁸
1883 5575 2293 5659 ἈσκαλανοίΑ.-
2359 5575 2746 5648 ἱθ’[Ιικεντηνοί
2781 5579 2819 5631 Β
2844 5575 3188 5629 ι’[Ιικεντινοί
3223 5591 3284 5639 ς.
3361 5576 3408 5607 ²⁰
3447 5575 3514 5628 li—

252 5655 329 5709 Lri
358 5664 564 5731 καινήν.
641 5663 682 5692 ²¹
716 5655 1228 5730 παραόουλεύεᾰθαι
1258 5655 1317 5712 Β.

1418 5659 1461 5688 ²²
1489 5654 1821 5727 ἐπέτρεψαν]
1854 5655 2243 5724 ἐπιτρέψαντες
2270 5654 2334 5708 Λ.
2652 5674 2676 5689 ο

1793 5750 2026 5805 NOTAE.

1186 5803 1193 5810 .
1791 5753 1841 5806 Ni
1888 5752 2026 5803 ΤΑΞ.

322 5841 430 5907 l7!)
472 5843 608 5901 Vide
633 5844 691 5899 Ρ.
724 5843 1049 5910 Valtrinum,
1082 5841 1236 5898 initio
1263 5841 1355 5897 lib.
1393 5842 1487 5897 ult.
1524 5841 1595 5897 De
1632 5752 2242 5896 militiaalumnum-um.
