3924 6448
429 332 558 397 Ῑ-ίῖίί

1560 348 1817 410 ΡΗΟΤΙΙ
1852 350 2361 412 ΡΑΤΒΙΑΒΟΗᾹΞ
2390 354 2500 414 CP.

3526 350 3667 414 1432

423 444 728 513 Ροιιιρςείιίο
753 448 972 516 quidem
1010 451 1282 521 regionem
1315 456 1661 525 assignarunt
1698 460 1767 515 ab
1790 474 1858 515 eo
1883 459 1992 514 loco

2100 460 2195 514 δύο
2227 462 2368 533 μέρη
2400 461 2665 523 διελόντες
2710 460 2983 525 ὑπατικὰς
3029 461 3299 532 ἐπαρχίας
3346 459 3547 525 ταύτας
3588 466 3681 517 καὶ

423 536 515 605 qui
544 533 767 591 Cercola
800 540 1123 609 appellatur,
1160 557 1332 613 usque
1369 546 1435 598 ad
1465 545 1801 603 Adriaticum
1830 564 2003 613 mare,

422 642 519 683 eos
548 637 756 686 tractus
787 634 881 702 qui
926 634 995 688 ad
1044 649 1297 692 occasum
1345 650 1402 695 et
1449 644 1850 711 septentriones
1881 659 2005 699 ver-

421 730 577 789 gunt,
614 730 670 777 et
696 723 861 779 duces
886 724 934 779 ei
966 740 1061 781 sex
1087 729 1474 789 attribuerunt.
1501 733 1788 805 Reliquum
1816 733 2001 799 Italize,

420 812 672 867 videlicet
718 830 838 870 eam
878 827 1109 886 partem,
1143 834 1263 887 qua:
1306 834 1515 891 spectat
1560 826 1626 881 ad
1656 827 1922 881 orientem
1951 838 2006 881 et

422 904 727 972 meridiem,
772 909 1123 981 assignarunt
1174 915 1307 971 Caio
1354 915 1576 980 Motulo,
1631 919 1908 988 adjunctis
1953 923 2002 973 ei

416 991 606 1048 itidem
654 1010 752 1051 sex
801 998 1052 1057 ducibus.
1087 1004 1275 1075 itaque
1310 1017 1594 1076 postquam
1640 1024 1798 1064 suum
1827 1010 2004 1081 impe-

302 1162 307 1167 _
418 1082 560 1136 rium
611 1093 667 1139 et
722 1092 902 1144 omnia
935 1093 1094 1157 scite,
1140 1106 1217 1160 et,
1255 1106 1315 1149 ut
1342 1100 1653 1154 summatim
1691 1103 1891 1168 dicam,
1934 1104 2002 1157 ad

416 1171 779 1234 imitationem
826 1180 1053 1239 Romani
1096 1196 1151 1240 et
1184 1189 1392 1257 antiqui
1440 1192 1649 1247 ordinis
1680 1207 2003 1263 composue-

417 1274 570 1330 runt,
608 1266 871 1340 deinceps
906 1274 1286 1331 vehementius
1343 1277 1530 1334 futuro
1578 1280 1721 1339 bello
1784 1285 2000 1340 incum-

416 1355 639 1424 bebant,
696 1375 821 1416 cum
877 1365 1093 1433 quidem
1151 1368 1360 1424 Italiam
1424 1387 1770 1430 communem
1810 1376 1997 1433 urbem

416 1444 615 1537 392a
673 1467 1081 1524 nuncupassent
1108 1498 1126 1525 ,
1160 1469 1213 1515 et
1261 1462 1334 1517 ita
1384 1463 1583 1520 bellum
1623 1481 1844 1537 gessere
1875 1485 1997 1525 cum

416 1535 700 1608 Romanis,
744 1555 805 1600 ut
839 1549 1074 1604 maxima
1101 1565 1169 1606 ex
1212 1566 1368 1620 parte
1413 1535 1997 1630 fuerint—superiores,

415 1626 586 1683 donec
610 1629 807 1688 Cneius
848 1633 1137 1706 Pompeius
1169 1642 1357 1697 consul
1386 1653 1441 1699 et
1468 1644 1595 1700 belli
1634 1626 1749 1701 dth
1769 1626 1994 1716 electus,

412 1726 466 1773 et
496 1718 641 1774 Sulla
673 1724 780 1779 dux
805 1727 907 1781 sub
938 1728 1109 1785 altero
1133 1734 1356 1788 consule
1378 1734 1606 1803 Catone,
1636 1737 1999 1797 nobilissimis

410 1812 612 1876 praeliis
639 1814 799 1871 Italos
829 1834 937 1874 non
970 1824 1161 1889 semel,
1194 1825 1289 1881 sed
1321 1828 1520 1897 sapius
1552 1830 1842 1895 vincendo,
1878 1832 1998 1885 illo.

409 1916 530 1957 rnm
566 1921 650 1961 res
679 1922 746 1963 eo
774 1912 1124 1982 redegerunt,
1160 1925 1217 1970 ut
1243 1916 1540 1989 proﬂigata:
1571 1919 1800 1979 fuerint.
1828 1922 1999 1992 Igitur

408 2011 516 2050 non
559 2000 793 2071 amplius
841 2005 1134 2074 bellarunt,
1167 2011 1263 2065 sed
1308 2010 1444 2069 Caio
1485 2013 1740 2070 Coscinio
1768 2015 1821 2070 in
1847 2014 1998 2088 Iapy-

406 2088 552 2156 giam
578 2092 716 2148 duce
739 2095 928 2160 misso,
959 2113 1103 2170 saepe
1125 2102 1249 2157 victi
1274 2115 1423 2172 sunt,
1450 2110 1701 2177 atqueita
1731 2110 1995 2179 superati,

406 2189 463 2233 et
514 2196 579 2237 ex
617 2185 802 2242 multis
829 2191 987 2257 pauci
1021 2192 1231 2258 relicti,
1266 2198 1543 2252 communi
1598 2200 1866 2254 sententia
1898 2216 1996 2255 no-

405 2287 529 2327 vam
559 2278 818 2333 deserunt
853 2282 1043 2338 urbem
1090 2285 1411 2355 Corﬁnium,
1446 2292 1702 2358 quoniam
1742 2291 1902 2347 Marsi
1941 2304 1997 2348 et

406 2382 598 2423 omnes
648 2369 893 2428 ﬁnitimae
947 2386 1139 2443 gentes
1183 2379 1528 2435 desciverant
1578 2383 1642 2436 ad
1691 2383 1990 2439 Romanos.

403 2456 788 2517 Consederunt
831 2473 1013 2519 autem
1059 2466 1115 2521 in
1147 2466 1401 2525 Esernia
1431 2469 1764 2541 Samnitum,
1793 2477 1995 2531 creatis

402 2550 507 2605 sibi
533 2553 772 2624 quinque
804 2557 1055 2625 ducibus,
1105 2576 1335 2629 quorum
1369 2564 1457 2618 uni
1515 2566 1752 2621 maxime
1792 2568 1993 2634 Quinto

399 2640 714 2715 Pompaadio
748 2638 916 2704 Siloni
952 2654 1197 2707 omnium
1250 2655 1537 2725 imperium
1599 2659 1988 2726 crediderunt,

397 2743 623 2803 propter
650 2736 769 2805 ejus
798 2739 1101 2810 imperandi
1146 2747 1400 2803 virtutem
1446 2757 1613 2818 atque
1658 2750 1910 2820 gloriam.
1944 2751 1993 2807 Is

401 2826 472 2881 de
509 2831 784 2884 communi
828 2835 1026 2889 dueum
1077 2839 1349 2893 sententia
1388 2855 1643 2911 magnum
1693 2844 1991 2898 exercitum

399 2920 762 2987 comparavit,
790 2923 927 2979 adeo
958 2933 1016 2979 ut
1052 2926 1104 2980 in
1140 2928 1477 2998 universum,
1504 2946 1627 2987 cum
1666 2932 1731 2988 iis
1765 2935 1855 3003 qui
1875 2933 1991 3003 jam

401 3018 583 3077 erant,
626 3009 794 3067 fuerit
842 3015 1063 3072 circiter
1118 3019 1339 3089 triginta
1382 3022 1568 3079 millia.
1624 3023 1835 3081 Praeter
1892 3028 1993 3083 hos

403 3106 756 3176 congregavit
796 3108 959 3163 etiam
992 3125 1201 3179 servos,
1223 3130 1254 3169 a
1285 3130 1346 3170 se
1370 3116 1622 3173 libertate
1648 3118 1901 3186 donatos,
1934 3130 1991 3176 et

405 3200 464 3245 ut
496 3204 706 3263 tempus
736 3194 945 3253 ferebat
970 3212 1211 3257 armatos
1247 3219 1352 3258 non
1378 3206 1550 3262 multo
1581 3209 1868 3278 pauciores
1892 3210 1990 3266 de-

403 3300 523 3341 cem
564 3287 823 3356 millibus,
857 3300 912 3345 et
944 3293 1154 3362 equites
1181 3296 1351 3352 mille.
1402 3299 1480 3354 Ac
1514 3300 1699 3370 praelia
1725 3319 1849 3357 cum
1882 3303 1995 3357 Ro-

405 3378 582 3433 manis
635 3393 990 3448 congressus,
1052 3398 1284 3453 quorum
1339 3386 1446 3441 dux
1497 3398 1616 3442 erat
1663 3388 1990 3453 Mamercus,

404 3468 683 3526 Romanos
731 3486 933 3539 paucos
980 3473 1257 3542 interﬁcit,
1309 3486 1365 3532 et
1418 3493 1639 3534 suorum
1689 3496 1851 3549 supra
1897 3495 1992 3535 sex

405 3556 576 3610 millia
605 3559 826 3616 amittit.
860 3558 963 3614 Per
996 3561 1139 3617 idem
1179 3572 1396 3633 tempus
1424 3563 1674 3621 Metellus
1714 3569 1766 3622 iu
1799 3567 1990 3637 Apulia

402 3647 720 3717 Venusiam,
766 3653 953 3708 urbem
984 3655 1119 3710 satis
1160 3672 1431 3728 magnam,
1458 3667 1514 3714 et
1560 3660 1762 3715 milites
1794 3660 1993 3717 multos

404 3741 718 3805 habentem,
749 3746 1102 3813 expugnavit,
1130 3755 1186 3800 et
1216 3747 1504 3817 plusquam
1535 3750 1639 3803 tria
1700 3750 1866 3804 millia
1899 3765 1993 3807 ca-

402 3834 673 3903 ptivorum
697 3835 857 3902 cepit.
896 3835 1124 3909 Jamque
1170 3842 1553 3909 superantibus
1580 3842 1633 3896 in
1676 3844 1791 3898 dies
1822 3844 1994 3915 magis

404 3926 689 3992 magisque
744 3925 1028 3992 Romanis,
1088 3924 1310 3985 mittunt
1345 3931 1463 3986 Itali
1510 3935 1576 3986 ad
1621 3932 1991 3989 Mithridatem

405 4031 589 4084 regem
631 4017 817 4082 Ponti,
874 4019 1165 4087 pollentem
1222 4031 1353 4077 tunc
1391 4024 1583 4079 bellica
1634 4040 1798 4081 manu
1831 4038 1994 4096 atque

401 4120 686 4177 apparatu,
720 4121 965 4179 petentes
994 4123 1051 4167 ut
1098 4115 1148 4168 in
1183 4112 1395 4171 Italiam
1427 4120 1689 4175 adversus
1716 4118 1992 4176 Romanus

402 4202 697 4255 adduceret
730 4204 938 4271 copias,
971 4205 1046 4259 ita
1102 4208 1246 4261 enim
1286 4208 1448 4265 facile
1481 4212 1791 4280 conjunctis
1820 4216 1993 4285 copiis

401 4308 564 4363 posse
619 4293 989 4350 Romanorum
1066 4297 1213 4354 vires
1279 4300 1584 4357 deturbari.
1649 4302 1991 4361 Mithridates

401 4399 725 4453 responsum
771 4385 904 4455 dat,
959 4390 1250 4444 ducturum
1296 4405 1356 4447 se
1412 4394 1598 4463 c0pias
1642 4394 1694 4448 in
1744 4394 1991 4464 Italiam,

2110 554 2334 626 μερίδας
2363 554 2672 619 ἀπέδειξαν,
2711 554 2806 608 καί⁸
2833 553 2912 622 τῷ
2942 553 3041 623 μὲν
3065 553 3387 623 Πομπαιδίῳ
3416 552 3681 624 προσώρι-

2108 661 2206 698 σαν
2226 644 2412 716 χώραν
2435 645 2542 698 ἀπὸ
2568 646 2674 700 τῶν
2698 644 3007 715 Κερκώλων
3029 645 3377 715 καλουμένων
3405 646 3566 716 μέχρι
3586 650 3683 715 τῆς

2117 733 2462 805 Ἀδριατικῆς
2491 733 2788 802 θαλάσσης,
2820 732 2890 786 τὰ
2919 733 3055 804 πρὸς
3084 733 3294 801 δυσμὰς
3322 735 3419 787 καί⁵
3458 734 3558 803 τὴν
3586 736 3680 805 ἆρ-

2105 844 2232 879 κτον
2260 825 2487 879 νεύοντα
2513 825 2680 896 μέρη,
2702 825 2797 878 καὶ
2820 826 3161 897 στρατηγοὺς
3191 824 3386 888 ἔταξαν
3413 825 3567 892 αύτῷ
3588 826 3646 892 ἓξ
3665 843 3679 859 ο

2104 918 2165 971 τὸ
2205 918 2263 972 δὲ
2297 917 2478 970 λοιπὸν
2523 917 2624 985 τῆς
2646 915 2900 978 Ἰταλίας,
2926 916 3026 986 τὴν
3059 916 3193 989 πρὸς
3235 916 3309 969 ἕω
3336 916 3433 969 καί
3463 932 3680 986 μεσημ-

2106 1010 2263 1082 ϐρίαν
2292 1009 2571 1072 νεύουσαν,
2614 1005 2967 1079 προσώρισαν
2990 1007 3136 1077 Γαΐῳ
3164 1006 3414 1077 Μοτύλῳ,
3445 1024 3682 1079 στρατη-

2104 1104 2235 1172 γοὺς
2261 1102 2462 1171 ὁμοίως
2496 1098 2852 1166 συξεύξαντες
2874 1098 2953 1166 ἓξ.
2994 1096 3150 1152 Οὕτω
3173 1099 3348 1152 πάντα
3376 1099 3571 1164 δεξιῶς
3592 1099 3683 1152 καὶ

2103 1193 2245 1248 κατὰ
2275 1193 2526 1264 μίμησιν,
2558 1192 2620 1245 τὸ
2662 1190 2879 1244 σύνολον
2908 1192 3092 1259 φάναι,
3121 1190 3221 1260 τῆς
3250 1190 3571 1260 Ῥωμαῖκῆς
3594 1192 3680 1243 καὶ

2102 1294 2167 1347 ὲκ
2215 1290 2444 1344 παλαιοῦ
2489 1288 2696 1354 τάξεως
2743 1287 2843 1359 τὴν
2893 1287 3101 1341 ἑαυτῶν
3148 1287 3324 1361 ἀρχὴν
3348 1286 3679 1357 διαθέμςιοι,

2100 1385 2244 1441 κατὰ
2270 1384 2332 1438 τὸ
2365 1382 2729 1453 σφοδρότερον
2760 1381 2947 1434 λοιπὸν
2982 1380 3191 1450 εἴχοντο
3218 1381 3313 1433 καὶ
3352 1377 3450 1432 τοῦ
3481 1378 3681 1447 ἑφεξῆς

2100 1479 2361 1549 πολέμου,
2390 1476 2488 1545 τὴν
2521 1474 2709 1545 κοινὴν
2738 1474 2890 1528 πόλιν
2910 1472 3140 1526 Ἰταλίαν
3162 1472 3600 1541 ἐπονομάσαντες
3616 1470 3678 1523 ’³.

2100 1571 2210 1627 Καὶ
2259 1569 2659 1639 διεπολέμησαν
2703 1565 2995 1636 Ῥωμαίοις
3041 1566 3112 1618 τὰ
3154 1564 3380 1619 πλεῖστα
3428 1564 3577 1619 κατά
3622 1565 3679 1617 τὸ

2099 1661 2590 1732 ὲπικρατέστερον,
2617 1659 2725 1721 ἕως
2752 1658 2941 1721 Γναῖος
2973 1658 3255 1727 Πομπήϊος
3289 1655 3497 1716 ὕπατος
3530 1658 3680 1727 αἰρε-

2101 1756 2215 1818 θείς
2239 1756 2333 1809 καὶ
2359 1753 2664 1825 στρατηγὸς
2689 1750 2785 1805 τοῦ
2817 1750 3078 1817 πολέμου,
3096 1752 3191 1803 καὶ
3220 1748 3424 1814 Σύλλας
3440 1749 3490 1781 ’⁸
3518 1767 3679 1819 στρα-

2099 1847 2266 1919 τηγὸς
2285 1846 2391 1899 ὑπὸ
2405 1845 2483 1913 τῷ
2505 1846 2676 1915 ἑτέρῳ
2694 1845 2888 1915 ὑπάτῳ
2901 1843 3141 1904 Κάτωνι,
3161 1844 3619 1912 ἐπιφανεστάταις
3636 1843 3680 1874 ⁸⁸

2101 1940 2301 2010 μάχαις
2326 1938 2453 2001 τοὺς
2472 1935 2781 1997 Ἰταλιώτας
2819 1936 2917 2005 οὐχ
2951 1934 3119 2001 ἅπαξ,
3137 1933 3272 1988 ἀλλὰ
3296 1935 3391 1988 καὶ
3420 1933 3681 1996 πολλάκις

2097 2031 2445 2100 νικήσαντες.
2494 2026 2661 2099 [1188
2690 2024 2782 2099 R.]
2834 2028 2903 2079 τὰ
2932 2027 3242 2098 πράγματα
3274 2026 3456 2079 αὐτῶν
3507 2028 3590 2089 εἰς
3624 2026 3682 2078 τὸ

2100 2118 2482 2187 συντρίϐεσθαι
2510 2115 2894 2187 περιέστησαν.
2921 2116 3301 2186 Ἐπολέμησαν
3329 2115 3376 2167 δ’
3405 2110 3501 2168 οὖν
3534 2115 3680 2167 xui"

2096 2211 2178 2264 ἔτι
2195 2227 2208 2240 ·
2243 2209 2380 2263 ἀλλὰ
2406 2209 2568 2261 Γαΐου
2592 2206 2887 2259 Κοσκονίου
2904 2208 2948 2239 ’⁷
2988 2208 3271 2272 σταλέντος
3301 2210 3377 2271 εἰς
3398 2210 3681 2276 Ἰαπυγίαν

2098 2299 2407 2372 στρατηγοῦ
2450 2298 2711 2361 πολλάκις
2755 2298 3088 2369 ἡττήθησαν.
3118 2294 3250 2354 Εἶτα
3286 2301 3681 2363 ὲλαττωθέντες

2095 2395 2191 2447 καὶ
2206 2392 2252 2425 ’⁸
2279 2394 2343 2445 ὲκ
2369 2390 2580 2444 πολλῶν
2609 2389 2779 2458 ὀλίγοι
2810 2389 3451 2463 καταλειφθέντες,κοινῇ
3485 2391 3677 2464 γνώμῃ

2094 2486 2194 2556 τὴν
2227 2482 2413 2553 κοινὴν
2434 2483 2480 2515 ¹⁹
2511 2480 2823 2535 ἐκλείπουσι
2853 2481 3039 2546 πόλιν,
3070 2481 3130 2534 τὸ
3159 2483 3473 2554 Κορφίνιον,
3504 2484 3593 2537 διὰ
3622 2484 3679 2537 τὸ

2095 2576 2223 2637 τοὺς
2269 2573 2529 2644 Μάρσους
2577 2570 2672 2625 καὶ
2711 2569 2889 2624 πάντα
2920 2570 2989 2625 τὰ
3016 2571 3332 2639 γειτνιῶντα
3367 2573 3481 2626 τῶν
3514 2574 3680 2627 ἐθνῶν

2095 2660 2620 2735 προσκεχωρηκέναι
2641 2662 2755 2725 τοῖς
2784 2661 3098 2732 Ῥωμαίοις.
3118 2663 3212 2726 Εἰς
3238 2662 3294 2715 δὲ
3322 2664 3421 2733 τὴν
3454 2666 3515 2716 ὲν
3542 2665 3678 2717 Σαυ-

2093 2756 2270 2819 νίταις
2306 2754 2596 2826 Αἰσερνίαν
2627 2752 3109 2824 καθιδρύθησαν³⁰,
3140 2754 3302 2807 πέντε
3335 2758 3679 2825 στρατηγοὺς

2094 2848 2279 2910 αὑτοῖς
2324 2847 2738 2917 ἐπιστήσαντες,
2774 2837 2850 2898 ὧν
2897 2844 2978 2897 ὲνὶ
3023 2844 3257 2915 μάλιστα
3289 2846 3503 2917 Κοΐντῳ
3537 2848 3679 2914 Πομ-

2094 2941 2296 3012 παιδίῳ
2324 2940 2518 2994 Σίλωνι
2546 2940 2645 3010 τὴν
2678 2939 2899 2992 πάντων
2925 2940 3221 3010 ἠγεμονίαν
3241 2939 3572 2994 ἐπίστευσαν
3595 2941 3682 3015 διὰ

2092 3032 2192 3104 τὴν
2225 3032 2354 3102 περί
2385 3030 2547 3085 αὑτὸν
2590 3032 2648 3083 ὲν
2680 3029 2758 3101 τῷ
2794 3032 3116 3100 στρατηγεῖν
3146 3029 3348 3099 ἀρετήν
3376 3045 3434 3081 τε
3467 3031 3560 3081 καὶ
3594 3030 3679 3081 δό-

2017 3165 2061 3223 C
2095 3125 2213 3192 ξαν.
2244 3117 2411 3186 Οὗτος
2442 3121 2517 3206 δὲ,
2550 3121 2690 3191 μετὰ
2714 3121 2815 3187 τῆς
2844 3119 3031 3223 κοινῆς
3060 3120 3169 3172 τῶν
3192 3120 3523 3223 στρατηγῶν
3547 3121 3681 3187 γνώ-

2098 3231 2207 3286 μης
2237 3212 2606 3267 κατεσκεύασε
2637 3211 2878 3282 μεγάλην
2901 3210 3152 3280 δύναμιν,
3176 3208 3249 3272 ώς
3277 3212 3403 3273 τοὺς
3428 3210 3681 3280 σύμπαν-

2093 3322 2192 3368 τας
2225 3304 2361 3374 μετὰ
2393 3302 2502 3358 τῶν
2548 3303 3012 3375 προϋπαρχόντων
3040 3302 3168 3372 περί
3197 3303 3555 3373 τρισμυρίους
3585 3320 3679 3369 γε·

2094 3396 2301 3449 νέσθαι.
2337 3395 2523 3467 Χωρὶς
2547 3395 2604 3448 δὲ
2630 3396 2835 3448 τούτων
2867 3395 3002 3458 ,τοὺς
3046 3393 3263 3457 δούλους
3308 3393 3678 3461 ἐλευθερώσας

2094 3487 2190 3539 καὶ
2221 3484 2318 3554 (ὡς
2343 3484 2370 3537 ὁ
2394 3483 2585 3555 καιρὸς
2613 3482 2808 3553 ἐδίδου)
2840 3482 3177 3547 καθοπλίσας
3201 3483 3432 3554 συνῆγεν
3455 3484 3520 3537 οὐ
3544 3483 3676 3536 πολὺ

2093 3576 2385 3638 λείποντας
2412 3575 2521 3629 τῶν
2546 3573 2849 3645 δισμυρίων
2867 3575 2933 3642 ”,
2970 3575 3154 3638 ἱππεῖς
3182 3574 3239 3628 δὲ
3278 3574 3504 3645 χιλίους.
3536 3575 3678 3644 Συμ-

2094 3667 2274 3722 ϐαλὼν
2296 3667 2352 3720 δὲ
2382 3666 2675 3738 Ῥωμαίοις
2696 3668 3001 3739 Μαμέρκου
3026 3667 3458 3739 στρατηγοῦντος
3476 3668 3674 3731 αὐτῶν,

2106 3760 2413 3831 Ῥωμαίους
2452 3758 2551 3830 μὲν
2579 3759 2797 3827 ἀναιρεί
2827 3759 3060 3828 ὀλίγους,
3088 3760 3197 3813 τῶν
3227 3760 3272 3812 δ’
3301 3759 3521 3813 οἰκείων
3541 3758 3676 3829 ὑπὲρ

2095 3851 2495 3922 ἑξακισχιλίους
2546 3851 2864 3905 ἀποϐάλλει.
2906 3852 3016 3906 Καὶ
3068 3852 3341 3916 Μέτελλος
3384 3853 3526 3906 κατά
3582 3852 3677 3918 τὴν

2108 3944 2397 3999 Ἀπουλίαν
2432 3943 2561 4017 [640
2588 3944 2683 4017 Η.]
2713 3944 2812 4015 τὴν
2840 3944 3169 3999 υὺενουσίαν
3210 3946 3364 3999 πόλιν
3402 3944 3675 4012 ἀξιόλογον

2093 4032 2260 4091 οὖσαν
2279 4035 2325 4067 ³³
2368 4038 2463 4089 καὶ
2510 4035 2851 4107 στρατιώτας
2899 4036 3126 4101 πολλοὺς
3172 4037 3398 4107 ἔχουσαν
3416 4036 3461 4069 ³⁸
3491 4039 3677 4103 ἐξεπο-

2094 4128 2354 4198 λιόρκησε
2406 4126 2552 4181 κατὰ
2598 4128 2791 4198 καιρὸν
2822 4128 2916 4181 τὸν
2953 4129 3139 4195 αὑτὸν,
3184 4130 3281 4182 καὶ
3309 4127 3526 4191 πλείους
3570 4128 3673 4179 τῶν

2094 4219 2412 4291 τρισχιλίων
2455 4219 2836 4291 αἰχμαλώτους
2879 4215 3020 4275 εἷλεν
3042 4220 3107 4276 ³⁸.
3127 4220 3594 4289 Ἐπικρατούντων
3619 4219 3675 4271 δ’

2094 4313 2189 4367 ἐπὶ
2223 4312 2425 4384 μᾶλλον
2471 4313 2566 4366 καί
2599 4312 2799 4384 μᾶλλον
2824 4312 2934 4367 τῶν
2970 4314 3257 4384 Ῥωμαίων
3293 4313 3598 4381 πέμπουσιν
3625 4311 3671 4363 οἱ

2106 4403 2302 4456 Ἰταλοί
2338 4402 2473 4472 πρὸς
2502 4400 2840 4475 Μιθριδάτην
2867 4402 2959 4456 τὸν
2991 4402 3215 4473 βασιλέα
3248 4403 3473 4468 Πόντου,
3501 4402 3674 4471 ἀκμά-

402 4486 694 4546 postquam
732 4478 917 4533 Asiam
967 4481 1264 4549 subegerit,
1312 4482 1366 4536 id
1412 4483 1558 4539 enim
1589 4486 1805 4555 agebat.
1835 4485 1989 4542 Hanc

2097 4493 2257 4559 ζοντα
2282 4495 2401 4548 τότε
2428 4495 2702 4566 πολεμικῇ
2727 4496 2874 4566 χειρὶ
2899 4494 2995 4549 καὶ
3027 4497 3374 4567 παρασκευῇ,
3401 4494 3672 4559 ἀξιοῦντες

401 4569 472 4622 ob
516 4584 628 4624 rem
665 4585 890 4641 prorsus
942 4573 1128 4643 rejecti
1177 4574 1530 4631 rebellatores
1579 4579 1989 4648 despondebant

2099 4588 2191 4640 ἐπὶ
2224 4588 2323 4658 τὴν
2352 4588 2584 4641 Ἰταλίαν
2612 4589 2753 4641 κατὰ
2778 4587 3065 4659 Ῥωμαίων
3085 4588 3238 4656 ἄγειν
3260 4588 3359 4651 τὰς
3381 4588 3632 4657 δυνάμεις
3653 4599 3671 4615 ⁶

401 4662 636 4715 animos.
686 4661 855 4718 Erant
906 4667 1050 4720 enim
1103 4666 1296 4736 reliqui
1356 4670 1665 4724 Samnitum
1713 4672 1894 4740 pauci,
1934 4683 1989 4728 et

2098 4679 2242 4733 οὕτω
2283 4680 2391 4751 γάρ
2437 4679 2631 4751 ῥᾳδίως
2648 4680 2693 4711 ⁸⁸
2739 4680 2806 4733 ἂν
2853 4680 3232 4747 συναφθέντων
3280 4680 3340 4733 τὸ
3372 4679 3673 4748 Ῥωμαῐκόν

403 4752 603 4807 Sabelli
635 4754 784 4810 Nolae
813 4758 1091 4826 degentes,
1127 4770 1183 4813 et
1206 4770 1404 4828 praeter
1432 4762 1534 4818 hos
1569 4763 1903 4833 Lamponius
1935 4772 1991 4821 et

2097 4770 2614 4841 καταϐληθήσεσθαι
2662 4772 2889 4842 κράτος.
2909 4771 2966 4825 '0
2992 4772 3048 4825 δὲ
3076 4771 3414 4842 Μιθριδάτης
3446 4773 3672 4841 ἀπόκρι-

400 4842 685 4912 Cleptius,
749 4845 1010 4901 habentes
1060 4848 1405 4907 Lucanorum
1459 4854 1738 4924 reliquias.
1802 4856 1986 4927 Itaque

2097 4878 2182 4916 σιν
2229 4860 2447 4915 δίδωσιν
2492 4858 2698 4925 άξειν³⁷
2740 4861 2840 4924 τὰς
2888 4861 3141 4932 δυνάμεις
3184 4863 3264 4924 εἰς
3297 4862 3398 4931 τὴν
3422 4860 3668 4923 Ἰταλίαν,

399 4935 632 4991 Marsico
676 4936 819 4991 bello
851 4937 963 5006 jam
1008 4940 1124 4996 fere
1161 4943 1533 5013 exolescente,
1591 4947 1789 5019 39gb
1821 4964 1985 5020 supe-

400 5025 565 5081 rioris
601 5027 863 5097 temporis
893 5030 1191 5086 seditiones
1216 5033 1401 5089 civiles
1432 5034 1619 5092 Roma:
1660 5055 1828 5094 novos
1875 5056 1990 5095 mo-

399 5126 488 5172 tus
509 5118 802 5186 faciebant,
846 5121 1030 5175 multis
1060 5121 1358 5180 illustribus
1390 5128 1520 5183 viris
1549 5130 1672 5184 belli
1700 5132 1986 5200 imperium

401 5210 660 5266 adversus
710 5208 1081 5267 Mithridatem
1144 5214 1530 5285 ambientibus,
1579 5230 1799 5291 propter
1851 5240 1982 5293 prae-

404 5300 638 5356 miorum
702 5305 1155 5374 magnitudinem.
1210 5306 1342 5361 Nam
1378 5319 1433 5364 et
1473 5309 1636 5366 Caius
1674 5313 1869 5382 Julius,
1925 5328 1981 5371 et

398 5389 561 5450 Caius
582 5394 805 5467 Marius,
834 5399 879 5454 is
895 5400 987 5470 qui
1012 5399 1191 5455 sexies
1224 5401 1563 5457 consulatum
1598 5418 1863 5475 gesserat,
1892 5410 1980 5464 iu-

2093 4952 2314 5006 ὲπειδὰν
2342 4952 2494 5024 αὑτῷ
2527 4954 2847 5025 καταστήσῃ
2877 4952 2975 5024 τὴν
2997 4952 3213 5007 Ἀσίανο
3245 4952 3403 5006 τοῦτο
3439 4953 3548 5022 γὰρ
3586 4952 3669 5004 καί

2089 5045 2351 5117 ἔπραττε.
2384 5047 2474 5100 Διὸ
2508 5047 2787 5110 παντελῶς
2812 5050 2860 5100 οἰ
2891 5048 3193 5101 ἀποστάται
3218 5046 3665 5115 τεταπεινωμένοι

2089 5137 2503 5205 ἀπεγίνωσκον·
2536 5138 2716 5190 λοιποὶ
2748 5138 2857 5209 γὰρ
2903 5138 3146 5209 ὑπῆρχον
3189 5136 3465 5192 Σαυνιτῶν
3507 5136 3665 5204 ὀλίγοι

2090 5233 2187 5281 καὶ
2217 5228 2475 5281 Σάὸελλοι
2505 5228 2873 5300 διατρίϐοντες
2922 5232 2980 5283 ὲν
3021 5234 3082 5300 τῇ
3124 5228 3289 5299 Νώλᾳ,
3320 5229 3415 5282 καί
3447 5231 3583 5300 πρός
3607 5245 3663 5296 γε

2087 5318 2300 5383 τούτοις
2346 5320 2396 5373 οἰ
2442 5321 2573 5391 περὶ
2623 5321 2957 5391 Λαμπώνιον
2986 5325 3081 5377 καὶ
3112 5323 3421 5388 Κλεπίτιον,
3454 5324 3655 5392 ἔχοντες

2094 5412 2324 5481 λείψανα
2349 5415 2456 5467 τῶν
2481 5415 2797 5472 Λευκανῶν.
2828 5417 2920 5469 Διὸ
2947 5418 3039 5469 καὶ
3061 5417 3104 5448 ³⁸
3133 5416 3226 5469 τοῦ
3248 5415 3540 5487 Μαρσικοῦ
3574 5432 3663 5467 πο·

1695 5550 1928 5609 νΑιιιΑι
1955 5555 2361 5612 LECTIONILS.

466 5652 514 5684 ²³
535 5653 904 5719 ὀνομάσαντες
935 5673 995 5720 ς.
1038 5656 1085 5691 ’⁸
1116 5658 1292 5721 Σύλας
1321 5660 1384 5714 Α.
1424 5663 1467 5694 ³⁵
1501 5664 1653 5733 ἑπιφ.
1684 5670 1801 5728 ταῖς
1833 5668 2036 5738 μάχαις
2064 5688 2123 5734 ς’.
2166 5670 2210 5701 ³⁸
2243 5669 2368 5785 καξλ
2391 5688 2490 5724 ουκ
2520 5685 2584 5725 Α.
2645 5675 2690 5705 ’⁷
2717 5675 2989 5728 κοσκινίου
3021 5693 3080 5739 ς.
3134 5675 3179 5706 ’⁸
3206 5676 3383 5728 ἐλαττ.
3414 5676 3462 5727 εἰ
3490 5674 3580 5727 καί
3601 5689 3656 5737 ς’.

479 5725 673 5785 καινήν
702 5742 763 5785 ς’
893 5725 939 5756 ³.
962 5728 1365 5785 καθιδρύθησαν
1396 5731 1433 5783 Β
1461 5752 1473 5785 ἶ
1507 5735 1837 5785 καθίδρυσαν
1865 5755 1924 5785 C.
2062 5743 2101 5780 δ’
2138 5741 2322 5785 ﬁxam]
2342 5758 2493 5785 mtmu
2525 5760 2581 5785 P,
2709 5748 2753 5782 ³³
2790 5746 2997 5785 ηηηίιιιυ
3032 5750 3060 5785 Δ
3194 5746 3241 5779 ³³
3271 5745 3433 5785 ηῆρτην
3462 5761 3567 5785 mn-
3602 5748 3653 5785 Α-

400 5723 445 5807 ξς
474 5725 673 5807 καινήν
702 5742 763 5807 ς’..
840 5796 850 5807 .
893 5725 939 5807 ξ’
962 5728 1366 5807 καθιδρύθησαν
1396 5731 1473 5807 B_;
1507 5723 1843 5807 καθ’ίδρυσαν
1865 5723 1924 5802 ςί

402 5788 446 5827 ³³
470 5788 768 5861 ἔχουσανίΑ
791 5812 805 5847 :
829 5788 1137 5862 ἀνέχουσαν
1154 5817 1216 5863 ς.

2062 5743 2101 5780 δ’
2138 5741 2493 5809 ὑπαρχᾶντων
2525 5760 2583 5806 ς.
2709 5748 2753 5782 ³³

1325 5804 1369 5835 ³⁵
1401 5799 1545 5859 εἷλον
1579 5823 1638 5868 ς.
1668 5799 1678 5807 ’
1716 5806 1761 5839 ³⁵
1790 5799 1968 5877 ῥᾴδιον
2002 5827 2059 5872 ς.

2788 5746 2997 5816 μυρίων
3027 5750 3088 5799 Α.
3194 5746 3241 5779 ³³
3271 5745 3433 5799 οὖσαν
3462 5761 3569 5800 om.
3594 5748 3656 5797 Α.

2172 5813 2212 5844 ³⁷
2236 5813 2385 5877 ἄξειν
2420 5813 2497 5866 A:
2537 5814 2678 5880 ἕξειν
2704 5813 2799 5878 ς.’
2862 5816 2906 5848 ³³
2942 5818 3035 5870 καὶ
3077 5818 3197 5871 add.
3235 5818 3278 5869 Α
