3924 6474
245 367 396 434 14Ί3

1301 379 1821 440 BBILIOTHECA.
1850 405 1918 414 -
1947 382 2111 440 COD.
2148 381 2415 440 CCXLIV

3381 380 3401 442 1
3414 382 3520 449 43L

241 489 419 559 λέμου
448 487 636 558 σχεδὸν
678 488 777 561 ἤδη
828 489 1178 563 διαλυομένου
1214 494 1375 548 πάλιν
1400 498 1455 549 αἱ
1489 512 1825 567 προγεγενη-

1937 507 2010 551 ter
2061 512 2120 551 se
2172 496 2571 551 emitendebant
2619 504 2673 553 et
2734 497 2908 567 plebis
2944 513 3069 569 pars
3127 498 3299 555 altera
3359 501 3515 558 alteri

244 578 414 647 μίναι
465 579 683 643 στάσεις
733 580 989 650 ἐμφύλιοι
1030 584 1171 647 κατὰ
1198 569 1297 655 την
1336 586 1557 655 Ῥώμην
1586 588 1833 656 κινήσεις

240 668 575 738 ἐλάμϐανον,
601 671 1067 743 ἀντιποιουμένων
1088 676 1298 729 πολλῶν
1320 677 1546 742 ἐνδόξων
1566 679 1627 731 τὸ
1649 680 1833 748 τυχεῖν

238 758 346 827 τῆς
379 758 517 811 κατά
542 759 877 830 Μιθριδάτου
913 766 1245 834 στρατηγίας
1264 767 1352 820 διὰ
1379 768 1439 820 τὸ
1472 768 1701 839 μέγεθος
1720 768 1833 822 τῶν

240 853 533 907 ἐπάθλωνο
566 856 726 920 Γάῖός
746 874 805 911 τε
836 858 942 929 γάρ
966 858 1185 923 Ἰούλιος
1231 861 1323 914 καὶ
1365 862 1526 925 Γάϊος
1550 862 1781 932 ιΜάριος
1805 862 1835 915 ό

239 943 436 1009 ἑξάκις
468 946 777 1011 ὑπατεύσας
811 950 1297 1018 ἀντεφιλοκείνουν,
1329 953 1423 1006 καὶ
1452 952 1514 1005 τὸ
1539 953 1740 1022 πλῆθος
1762 949 1833 1024 ἦν

239 1036 533 1106 ἑκατέροις
566 1038 1041 1109 συμμεριζόμενον
1071 1044 1191 1104 ταῖς
1219 1041 1485 1113 γνώμαις.
1516 1043 1834 1114 Συνέϐησαν

237 1125 299 1178 δὲ
332 1128 431 1179 καὶ
465 1126 651 1197 ἕτεραι
682 1129 1016 1199 ταραχαί.⁹0
1048 1131 1233 1200 μέντοι
1264 1133 1469 1197 Σύλλας
1505 1132 1708 1195 ὕπατος
1734 1133 1831 1200 ὢν,

237 1220 536 1289 χωρισθεὶς
564 1221 665 1290 τῆς
695 1221 938 1291 Ῥώμης,
969 1224 1108 1293 πρὸς
1135 1225 1234 1287 τὰς
1261 1225 1391 1295 περὶ
1420 1225 1617 1279 Νῶλαν
1643 1226 1833 1295 ἠθροι-

237 1313 451 1381 σμένας
479 1314 813 1384 παρεγένετο
846 1314 1109 1387 δυνάμεις
1130 1354 1149 1384 ,
1176 1318 1273 1371 καὶ⁵
1300 1317 1531 1381 πολλοὺς
1558 1317 1667 1371 τῶν
1692 1318 1833 1389 πλη-

237 1404 524 1475 σιοχώρων
538 1407 583 1439 ³⁹
632 1408 1126 1481 καταπληξάμενος
1172 1409 1456 1480 ἠνάγκασε
1494 1409 1834 1481 παραδοῦναι

236 1498 385 1564 σφᾶς
410 1498 609 1562 αὐτοὺς
640 1501 733 1555 καὶ
763 1500 863 1566 τὰς
905 1502 1110 1566 πόλεις.
1147 1502 1254 1556 Τοῦ
1279 1503 1336 1556 δὲ
1362 1500 1538 1556 Σύλλα
1564 1503 1832 1571 στρατεύ-

238 1602 440 1651 σαντος
485 1588 587 1658 μὲν
619 1589 710 1642 ἐπὶ
741 1590 841 1662 τὴν
863 1592 1051 1647 Ἀσίαν
1081 1595 1223 1647 κατὰ
1249 1592 1613 1663 Μιθριδάτου,
1642 1594 1741 1661 τῆς
1776 1592 1833 1645 δὲ

248 1676 475 1750 Ῥώμης
504 1682 769 1752 μεγάλαις
798 1687 1065 1755 ταραχαῖς
1096 1685 1191 1739 καὶ
1214 1686 1397 1754 φόνοις
1426 1683 1711 1755 ἐμφυλίοις
1734 1701 1835 1737 πε-

1934 588 2352 659 sulfragabatur.
2391 588 2731 643 Exstiterunt
2760 598 2815 645 et
2851 590 2972 645 aliae
3005 594 3196 646 turbae.
3222 590 3339 646 Jam
3372 592 3518 665 Sylla

1934 678 2122 732 consul
2161 679 2330 732 Roma
2364 678 2659 746 profectus,
2685 680 2750 731 ad
2776 690 3137 752 congregatas
3161 682 3302 751 apud
3331 681 3517 739 Nolam

1935 770 2119 838 copias
2168 772 2355 833 venit,
2424 778 2481 823 et
2530 769 2731 825 multos
2784 773 3137 827 finitimorum
3196 777 3520 843 perterritos

1935 862 2204 930 coegil,el
2226 863 2435 929 seipsos
2467 873 2521 916 et
2545 864 2709 917 urbes
2738 856 2955 919 dedere.
2990 864 3125 919 Cum
3157 877 3337 921 autem
3370 866 3518 937 Sylla

1935 951 1989 1006 in
2018 953 2199 1005 Asiam
2229 953 2487 1006 adversus
2530 952 2941 1009 Mithriditatem
2991 954 3269 1023 profectus
3302 957 3518 1021 fuisset,

1935 1051 1988 1095 et
2040 1043 2204 1095 Ronm
2259 1044 2466 1111 niagnis
2520 1044 2839 1099 tumultibus
2898 1055 2954 1099 et
3000 1047 3251 1102 civilibus
3284 1049 3518 1102 caedibus

1935 1132 2324 1197 destinaretur,
2358 1132 2573 1187 Marcus
2609 1134 2854 1203 Aponius
2884 1144 2938 1189 et
2969 1137 3221 1191 Tiberius
3252 1136 3517 1206 Cleptius,

1936 1230 2193 1289 praeterea
2223 1219 2532 1291 Pompeius,
2568 1223 2898 1293 reliquorum
2930 1224 3183 1279 Italorum
3239 1226 3403 1281 duces
3464 1229 3517 1280 it:

1933 1309 2115 1367 Bretia
2152 1309 2386 1383 [Brutia]
2424 1311 2707 1383 degentes,
2740 1314 2881 1367 Asiae
2910 1316 3097 1369 urbem
3134 1314 3371 1370 validam
3394 1330 3519 1369 cum

1935 1402 2027 1457 diu
2062 1401 2429 1468 obsedissent,
2474 1417 2579 1456 non
2619 1413 2912 1473 potuerunt
2942 1420 3162 1474 capere,
3196 1407 3292 1461 sed
3330 1405 3519 1460 relicta

1936 1494 1991 1548 in
2022 1493 2303 1553 obsidione
2328 1502 2481 1563 parte
2509 1496 2803 1560 exercitus,
2825 1496 3032 1565 reliqua
3070 1506 3223 1566 parte
3254 1496 3517 1568 Rhegium

1934 1587 2136 1641 acriter
2172 1587 2504 1654 obsidentes,
2539 1598 2847 1655 sperantes.
2879 1588 2928 1641 si
2966 1587 3067 1644 hac
3096 1590 3250 1657 pntiti
3296 1586 3519 1655 fuerint,

1936 1676 2096 1734 facile
2124 1678 2181 1732 in
2232 1676 2478 1733 Siciliam
2515 1688 2980 1749 transportaturos
3010 1681 3215 1750 copias,
3251 1692 3307 1735 et
3343 1680 3519 1735 insula

240 1772 598 1842 ρισπωμένης
622 1815 637 1838 ,
667 1774 894 1845 Μάρκος
917 1776 1183 1839 Ἀπώνιος
1213 1778 1305 1829 καὶ
1334 1775 1585 1846 Τιϐέριος
1622 1775 1831 1829 Κλεπί-

1938 1770 2205 1837 potituros
2236 1772 2479 1825 omnium
2519 1786 2640 1840 quae
2668 1772 2767 1826 sub
2813 1771 2928 1827 sole
2955 1783 3138 1827 essent
3180 1772 3516 1827 beatissima.

232 1878 352 1925 τιος
368 1862 443 1929 ⁸⁸,
460 1862 540 1916 ἐτι
568 1863 626 1917 δέ
648 1865 932 1936 Πομπήῖος
949 1865 1019 1929 ⁸⁸,
1051 1868 1100 1920 οί
1126 1867 1235 1920 τῶν
1266 1865 1575 1919 ὑπολοίπων
1596 1865 1831 1919 Ἰταλιω-

1938 1863 2138 1919 Verum
2177 1863 2293 1933 ejus
2322 1866 2427 1919 dux
2464 1864 2629 1921 Caius
2674 1864 2929 1921 Orbanus
2963 1883 3160 1938 magno
3190 1867 3438 1923 exercitu
3468 1877 3524 1922 et

233 1954 344 2007 τῶν
376 1957 675 2026 στρατηγοὶ
694 1998 709 2020 ,
742 1956 1113 2029 διατρίϐοντες
1141 1959 1198 2011 ἐν
1230 1959 1296 2029 τῇ
1330 1956 1583 2028 Βρεττίᾳ,
1601 1957 1764 2019 Ἰσίας
1780 1944 1829 1987 ³³

1937 1962 2191 2022 apparatu
2241 1962 2298 2007 et
2340 1953 2625 2010 alacritate
2659 1971 2813 2020 usus,
2861 1959 3097 2025 percutit
3146 1957 3307 2013 Italos
3352 1973 3521 2028 appa-

238 2045 339 2114 μὲν
384 2045 540 2099 πόλιν
579 2046 782 2119 ὀχυράν
816 2049 910 2103 ἐπὶ
932 2049 1099 2103 πολὺν
1129 2049 1318 2119 χρόνον
1343 2048 1828 2118 πολιορκήσαντες,

1937 2056 2081 2101 ratus
2122 2048 2513 2117 magnitudine,
2563 2058 2727 2119 atque
2775 2049 3112 2119 Rhegienses
3163 2069 3229 2105 ex
3278 2050 3522 2120 periculo

234 2136 335 2189 ούκ
350 2136 397 2169 ⁸³
433 2139 661 2209 ἴσχυσαν
692 2141 854 2203 ἑλεῖν,
883 2142 1050 2211 μέρος
1076 2140 1122 2195 δ’
1145 2141 1237 2194 ἐπὶ
1261 2140 1361 2211 τῆς
1393 2139 1714 2211 πολιορκίας
1736 2138 1830 2192 τοῦ

1937 2138 2147 2206 eripuit.
2180 2138 2380 2192 Deinde
2402 2154 2527 2193 cum
2552 2142 2853 2195 exarsisset
2881 2142 3017 2209 apud
3059 2142 3332 2197 Romanos
3362 2141 3526 2212 Sylla:

237 2229 652 2300 στρατεύματος
700 2232 1154 2296 καταλιπόντεςδδ
1193 2235 1261 2305 τῇ
1307 2233 1467 2303 λοιπῇ
1517 2232 1582 2285 τὸ
1614 2231 1831 2300 Ῥήγιον

1937 2238 1987 2284 et
2016 2229 2172 2283 Marii
2199 2229 2376 2284 civilis
2405 2229 2624 2294 seditio,
2672 2230 2763 2284 alii
2809 2228 2999 2301 Syllae,
3028 2230 3117 2284 alii
3159 2230 3312 2283 Marii
3340 2238 3522 2299 partes

238 2319 482 2391 ἰσχυρῶς
526 2323 899 2393 ἐπολιόρκουν,
928 2322 1263 2391 ἐλπίζοντες,
1292 2324 1341 2377 εί
1386 2323 1593 2392 ταύτης
1622 2323 1831 2393 κρατή-

1937 2321 2107 2374 secuti
2140 2327 2286 2385 sunt,
2327 2330 2383 2374 et
2421 2334 2607 2374 eorum
2637 2335 2764 2389 pars
2797 2321 2968 2389 major
2997 2321 3151 2377 bellis
3192 2322 3411 2388 cecidit,
3439 2336 3527 2375 re-

236 2427 411 2476 σαιεν,
445 2413 643 2483 ῥᾳδίως
669 2417 748 2479 είς
771 2417 870 2485 τὴν
900 2416 1153 2470 Σικελίαν
1180 2416 1519 2472 διαϐιϐάσειν
1540 2415 1639 2480 τὰς
1667 2415 1831 2469 δυνά-

1937 2412 2081 2481 liqua
2113 2414 2179 2466 ad
2214 2414 2473 2469 victorem
2522 2412 2725 2483 Syllam
2762 2414 2991 2470 descivit
3033 2432 3048 2469 :
3104 2426 3267 2486 atque
3299 2417 3372 2471 ita
3407 2425 3527 2468 tan-

239 2517 362 2570 μεις
390 2503 488 2555 καὶ
518 2504 812 2573 κρατήσειν
838 2506 936 2575 τῆς
962 2506 1457 2577 εύδαιμονεστάτης
1478 2506 1588 2559 τῶν
1615 2505 1722 2559 ὑπὸ
1742 2504 1831 2558 τὸν

1939 2507 2058 2560 dem
2103 2520 2210 2559 una
2255 2520 2376 2559 cum
2425 2505 2699 2561 seditione
2728 2506 2875 2562 civili
2922 2507 3252 2561 exstinctum
3296 2513 3382 2559 est
3413 2504 3529 2559 bel-

239 2592 394 2662 ῆλιον
424 2595 627 2663 νήσων.
646 2597 785 2649 Ἀλλ’
817 2600 845 2651 ό
872 2598 1074 2670 ταύτης,
1108 2599 1413 2670 στρατηγὸς
1452 2599 1613 2663 Γάϊος
1638 2598 1831 2669 Ὀρσα.

1940 2597 2049 2651 lnm
2083 2596 2210 2650 illud
2244 2595 2538 2652 Marsicum
2584 2599 2938 2669 appellatum,
2967 2614 3090 2653 cum
3121 2596 3314 2653 luisset
3352 2593 3529 2649 maxi-

233 2681 343 2745 νὸς,
377 2682 550 2753 πολλῇ
605 2686 834 2755 δυνάμει
892 2690 989 2742 καὶ
1041 2694 1363 2762 παρασκευῇ
1417 2691 1513 2745 καὶ
1558 2690 1840 2762 προθυμίᾳ
1944 2705 2114 2744 mtun.

234 2774 602 2844 χρησάμενος,
665 2777 825 2849 [1189
856 2779 947 2853 8.]
1001 2783 1095 2835 καὶ
1150 2782 1639 2853 καταπληξάμενος
1691 2783 1821 2846 τοὺς
1872 2781 2179 2846 Ἰταλιώτας
2225 2784 2305 2855 τῷ
2354 2783 2577 2853 μεγέθει
2657 2786 2756 2854 τῆς
2801 2784 3177 2853 παρασκευῆς,
3248 2781 3527 2851 ἐξήρπασε

232 2871 359 2931 τοὺς
391 2870 757 2941 Ῥηγίνουςδδ.
803 2872 935 2929 Εἶτα
958 2876 1059 2945 τῆς
1089 2878 1216 2946 περὶ
1242 2876 1449 2931 Σύλλαν
1482 2878 1576 2931 καὶ
1644 2879 1858 2949 Μάριον
1930 2878 2197 2949 ἐμφυλίου
2267 2881 2513 2943 στάσεως
2569 2879 3059 2950 ἀναρριπισθείσης
3127 2879 3421 2948 Ῥωμαίοις
3477 2876 3528 2928 οί

236 2962 337 3027 μὲν
382 2962 657 3034 Σύλλα,οί
697 2966 757 3019 δέ
804 2968 1002 3038 Μαρίῳ
1044 2967 1449 3039 συνεμάχησαν.
1486 2970 1597 3022 Καὶ
1624 2970 1686 3022 τὸ
1720 2969 1821 3039 μὲν
1864 2969 2028 3025 πλέον
2077 2970 2257 3024 αὐτῶν
2306 2971 2470 3024 ἔπεσε
2513 2973 2626 3033 τοῖς
2679 2970 2960 3039 πολέμοις,
3024 2968 3087 3021 τὸ
3132 2967 3177 3020 δ’
3238 2968 3529 3020 ὑπόλοιπον

233 3053 669 3129 ἑπικρατήσαντι
696 3058 871 3130 Σύλλᾳ
889 3058 1299 3130 προσεχώρησε.
1328 3062 1437 3113 Καὶ
1467 3059 1610 3114 οὓτω
1632 3059 1818 3113 τέλεον
1854 3064 1920 3132 τῇ
1956 3062 2205 3133 ἐμφυλίῳ
2237 3063 2552 3133 συναπέσϐη
2584 3062 2773 3115 στάσει
2808 3060 3063 3131 μέγιστος
3124 3058 3368 3129 γεγονὼς
3434 3060 3531 3113 καὶ

234 3148 263 3199 ὁ
295 3148 586 3219 Μαρσικὸς
621 3149 938 3219 ἐπικληθεὶς
976 3151 1227 3220 πόλεμος.

304 3242 434 3295 Ὅτι
466 3241 679 3312 μεγάλη
711 3242 900 3305 στάσις
929 3243 1191 3312 ἐμφύλιος
1226 3244 1326 3314 ήδη
1361 3242 1715 3314 διαλυομένου
1734 3244 1829 3298 τοῦ

2008 3242 2235 3296 Exstitit
2288 3251 2492 3306 autem,
2527 3240 2870 3295 exolescente
2916 3240 3029 3311 jam
3084 3240 3224 3296 bello
3273 3241 3527 3295 Marsico,

235 3331 530 3402 Μαρσικοῦ
577 3333 767 3402 γέγονε
816 3333 1077 3403 πολέμου,
1109 3329 1178 3405 ἦς
1225 3334 1459 3404 ἡγοῦντο
1493 3337 1697 3399 Σύλλας
1739 3339 1831 3390 καὶ

1948 3332 2138 3402 ingens
2168 3330 2362 3385 seditio
2392 3330 2587 3391 civilis,
2621 3329 2778 3397 cujus
2834 3330 2998 3384 duces
3034 3339 3191 3383 erant
3255 3328 3403 3399 Sylla
3472 3340 3529 3383 et

235 3424 393 3489 Γάϊος
444 3424 677 3497 Μάριος,
709 3425 828 3490 νέος
852 3427 948 3492 ὢν,
979 3430 1008 3481 ό
1037 3428 1251 3500 Μαρίου
1279 3428 1373 3482 τοῦ
1402 3429 1659 3494 πολλάκις
1691 3430 1833 3482 ὑπα-

236 3518 494 3580 τευκότος
544 3519 813 3585 (ἑπτάκις
860 3518 967 3589 γάρ
1018 3520 1328 3591 ὑπάτευσε)
1368 3522 1520 3585 παῖς.
1562 3521 1648 3573 Ἐν
1679 3520 1735 3573 δὲ
1764 3522 1830 3592 τῇ

241 3609 434 3663 στάσει
474 3608 594 3681 [641
633 3608 727 3681 Η.]
764 3610 958 3664 πολλαὶ
991 3612 1251 3681 μυριάδες
1293 3612 1598 3682 ἀνθρώπων
1630 3612 1834 3683 ἀνῃρέ.

240 3701 436 3770 θησαν.
455 3703 757 3774 Ἐκράτησε
780 3703 825 3757 δ’
844 3705 871 3755 ὁ
895 3702 1120 3767 Σύλλας,
1146 3703 1241 3757 καὶ
1266 3704 1539 3771 δικτάτωρ
1568 3701 1830 3771 γεγονὼς,

239 3790 631 3863 Ἐπαφρόδιτόν
653 3811 712 3846 τε
760 3795 1036 3863 ὀνομάσας
1088 3794 1299 3860 ἐαυτὸν,
1335 3795 1434 3847 ούκ
1460 3792 1699 3864 ἐψεύσθη
1730 3794 1831 3863 τῆς

239 3884 595 3948 ἀλαζονείαςο
645 3886 866 3967 κρατῶν
892 3887 1000 3958 γὰρ
1025 3889 1138 3948 τοῖς
1179 3887 1437 3956 πολέμοις
1471 3885 1585 3955 ἰδίῳ
1618 3886 1832 3939 ἁπεϐίω

242 3976 478 4045 θανάτῳ.
500 3975 557 4029 'U
577 3976 633 4029 δέ
654 3978 865 4048 Μάριος
898 3979 1046 4048 μάχῃ
1074 3980 1141 4048 τῇ
1170 3977 1307 4047 πρὸς
1328 3976 1533 4030 Σύλλαν
1563 3976 1829 4044 γενναίως

241 4069 671 4138 ἀγωνισάμενος,
705 4069 854 4138 ὅμως
886 4068 1141 4139 ἡττηθεὶς
1175 4068 1484 4138 κατέφυγεν
1533 4069 1614 4131 είς
1661 4067 1832 4139 Πραί-

240 4177 427 4215 νεστον
454 4160 572 4231 ἅμα
602 4160 819 4231 μυρίοις
846 4158 1331 4231 πεντακισχιλίοις.
1361 4159 1748 4229 Συγκλεισθεὶς
1773 4158 1831 4212 δ’

242 4251 300 4303 ἐν
326 4251 464 4321 αὐτῇ
490 4252 586 4306 καὶ
616 4251 809 4321 χρόνον
834 4252 936 4304 οὐκ
964 4251 1145 4319 ὀλίγον
1177 4249 1563 4322 πολιορκηθεὶς
1592 4249 1831 4319 ἠναγκά-

244 4343 366 4413 σθη,
402 4345 619 4416 πάντων
645 4342 808 4396 αὑτὸν
836 4341 1311 4410 ἐγκαταλιπόντων
1328 4340 1516 4408 “,[xai
1556 4340 1828 4410 μηδεμίαν

244 4436 514 4506 σωτηρίας
537 4435 659 4487 ὁδὸν
684 4433 955 4504 καθορῶν,
979 4433 1078 4503 τὴν
1105 4434 1222 4496 ἐνὸς
1244 4432 1457 4485 οίκέτου
1481 4431 1588 4484 τῶν
1615 4431 1827 4484 πιστῶν

242 4530 397 4599 χεῖρα
431 4530 510 4592 είς
555 4527 709 4591 λύσιν
751 4526 859 4580 τῶν
896 4526 1085 4579 δεινῶν
1130 4525 1529 4595 παρακαλέσαι.
1564 4525 1675 4578 Καλ⁷
1703 4525 1731 4577 ὅ
1763 4540 1827 4593 γε

1941 3422 2108 3479 C—aius
2148 3422 2368 3486 Marius,
2404 3422 2621 3489 juvenis
2656 3423 2832 3476 adhuc
2871 3420 2987 3475 Caii
3024 3420 3178 3475 Marii
3218 3421 3379 3486 ﬁlius,
3411 3420 3530 3489 ejus

1943 3515 2035 3584 qui
2070 3514 2232 3567 toties
2277 3512 2500 3582 (septies
2557 3511 2725 3581 enim)
2766 3513 3104 3566 consulatum
3153 3512 3338 3582 gessit.
3373 3509 3429 3565 In
3462 3492 3561 3566 ea.

1940 3605 2206 3662 seditione
2261 3602 2556 3658 interfecta
2588 3614 2730 3663 sunt
2782 3603 3060 3657 hominum
3116 3603 3285 3657 multa
3335 3602 3524 3663 millia.

1939 3709 2004 3750 ac
2047 3697 2296 3765 superior
2345 3696 2520 3750 factus
2562 3694 2731 3766 Sylla,
2765 3704 2823 3749 et
2855 3696 3089 3749 dictator
3128 3704 3346 3748 creatus
3386 3693 3529 3748 Feli-

1938 3800 2057 3839 cem
2105 3786 2343 3854 seipsum
2376 3785 2699 3851 nominavit,
2750 3800 2871 3853 quae
2909 3799 3033 3838 eum
3072 3786 3383 3855 arrogantia
3422 3798 3527 3837 nou

1938 3876 2154 3933 fefellit.
2196 3878 2379 3932 Armis
2413 3877 2557 3931 enim
2605 3879 2854 3946 superior
2895 3878 3115 3947 propria
3156 3888 3330 3932 morte
3364 3891 3561 3931 occur

1940 3971 2075 4025 buit.
2129 3969 2333 4024 Marius
2390 3984 2519 4023 vero
2567 3969 2766 4039 prmlio
2809 3985 2933 4025 cum
2983 3970 3131 4041 Sylla
3180 3983 3525 4038 congressus,

1938 4065 2188 4132 quamvis
2233 4079 2500 4133 generose
2544 4065 2849 4132 proeliatus,
2882 4064 3083 4135 393a
3119 4074 3303 4118 tamen
3351 4066 3528 4117 victus

1938 4155 2212 4211 Praeneste
2265 4156 2535 4229 confugit,
2571 4172 2675 4211 una
2714 4171 2839 4212 cum
2888 4157 3034 4211 mille
3076 4155 3387 4225 quingentis
3425 4153 3530 4207 mi-

1940 4248 2146 4315 litibus,
2193 4260 2248 4304 et
2293 4249 2347 4303 in
2402 4265 2466 4305 ea
2521 4251 2654 4304 urbe
2703 4249 3014 4315 conclusus,
3060 4262 3160 4304 nec
3205 4262 3393 4316 parum
3438 4247 3528 4299 diu

1939 4343 2216 4401 obsessus.
2252 4352 2472 4395 coactus
2510 4351 2593 4395 est
2630 4340 2721 4410 (ab
2761 4342 3017 4394 omnibus
3078 4339 3398 4400 derelictus,
3430 4351 3531 4390 nec

1940 4428 2103 4483 ullam
2136 4429 2329 4485 salutis
2361 4431 2500 4484 viam
2535 4429 2746 4499 videns)
2775 4430 2935 4483 unius
2985 4428 3159 4483 ﬁdelis
3191 4427 3373 4482 famuli
3408 4441 3528 4479 ma-

1939 4536 2069 4576 nmn
2116 4520 2369 4576 finiendis
2408 4523 2646 4576 miseriis
2681 4522 2956 4575 invocare.
2988 4519 3055 4573 Et
3092 4519 3181 4573 ille
3209 4519 3527 4579 obsecutus.

244 4620 508 4685 πεισθεὶς,
532 4622 626 4673 καὶ
652 4621 749 4690 μιᾷ
772 4620 956 4689 πληγῇ
985 4618 1079 4671 τοῦ
1109 4618 1224 4688 βίου
1242 4618 1333 4670 τὸν
1361 4616 1630 4686 δεσπότην
1653 4616 1830 4670 ἀπαλ-

1941 4627 2047 4666 uno
2081 4611 2193 4665 ictu
2237 4612 2426 4667 herum
2477 4611 2582 4665 vita
2628 4612 2879 4680 privavit,
2926 4618 2983 4662 et
3026 4608 3264 4677 seipsum
3310 4608 3531 4675 insuper

242 4711 425 4778 λάξας,
456 4708 650 4767 ἑαυτὸν
682 4712 1109 4780 ἐπικατέσφαξε.
1146 4711 1257 4765 Καὶ
1290 4710 1524 4763 παύεται
1563 4710 1661 4780 μὲν
1688 4710 1829 4780 αῦτη

1937 4701 2225 4770 jugulavit.
2283 4701 2349 4754 Et
2402 4701 2590 4754 sedata
2643 4708 2727 4755 est
2777 4699 2991 4768 quidem
3046 4696 3240 4752 seditio
3282 4734 3298 4760 ,
3337 4710 3526 4749 verum

242 4806 275 4875 ἡ
308 4806 517 4869 στάσις,
550 4805 778 4875 λείψανα
808 4805 993 4874 μέντοι
1023 4804 1118 4857 τοῦ
1148 4804 1386 4873 πολέμου
1433 4801 1829 4872 ὑπολειφθέντα

1941 4792 2165 4860 reliquae
2208 4792 2329 4845 belli
2374 4792 2616 4861 reliquiae
2657 4790 2909 4845 factionis
2948 4787 3205 4842 Marianae
3240 4785 3396 4856 Syllae
3427 4784 3529 4875 ali-

242 4874 340 4964 τῆς
366 4898 582 4968 Μαρίου
617 4874 812 4969 μοίρας
846 4898 939 4951 ἐπὶ
979 4896 1171 4968 χρόνον
1208 4896 1382 4967 Σύλλᾳ
1407 4895 1825 4965 διεμαχέσαντο,

1939 4880 2175 4949 quandiu
2214 4888 2601 4949 repugnarunt,
2633 4879 2808 4933 donec
2842 4879 3219 4949 ipsaajquoque
3247 4890 3371 4930 cum
3402 4874 3526 4929 aliis

242 4985 343 5051 ἓως
371 4967 474 5043 καῖ
507 4967 648 5044 αὐτά
691 4967 1040 5060 συνδιέφθορε
1075 4991 1187 5052 τοῖς
1221 4988 1613 5051 άλλοις.,Μετὰ
1648 4986 1831 5057 μέντοι

1943 4970 2240 5044 proﬂigatae
2294 4983 2441 5027 sunt.
2498 4973 2881 5027 Verumtamen
2927 4980 3048 5042 post
3098 4971 3291 5025 horqu
3339 4967 3523 5030 linem,

243 5082 340 5148 τὴν
389 5083 595 5137 τούτων
653 5084 975 5154 ἀπαλλαγὴν
1028 5082 1299 5153 Πομπηΐῳ
1348 5081 1427 5151 τῷ
1476 5079 1828 5150 ἐπικληθέντι

1942 5065 2088 5121 inter
2132 5064 2447 5133 Pompeium
2482 5064 2591 5134 (cui
2633 5075 2853 5133 propter
2886 5080 3063 5119 rerum
3096 5073 3372 5132 gestarum
3404 5072 3523 5111 nta-

242 5173 446 5245 Μάγνῳ
479 5177 569 5231 διὰ
612 5178 710 5241 τὰς
755 5150 982 5249 πράξεις
1034 5175 1099 5239 ἃς
1156 5150 1487 5246 κατώρθωσε
1536 5174 1712 5243 Σύλλᾳ
1765 5189 1826 5226 τε

1939 5156 2303 5226 gnitudinem,
2328 5171 2467 5225 quas
2500 5155 2761 5210 Romanis
2790 5157 2987 5224 partim
3021 5154 3224 5223 Syllam
3258 5150 3519 5221 juvando.

246 5268 497 5333 πράττων
547 5270 642 5323 καὶ
685 5246 1023 5324 καθ’-ἐαυτὸν
1057 5268 1370 5337 Ῥωμαίοις,
1410 5264 1585 5336 τούτῳ
1620 5265 1685 5335 δὴ
1729 5266 1825 5318 καὶ.
1936 5250 2132 5320 Parum
2184 5250 2295 5318 ipse
2347 5265 2449 5303 suo
2497 5249 2669 5304 Μανία
2716 5251 2923 5319 δεθεῖεν
2970 5246 3163 5316 Μυειιο
3212 5257 3518 5313 ευεηοίηεη

256 5354 457 5429 Ἰουλίῳ
485 5360 722 5432 Καίσαρι
750 5360 865 5431 ἔρις
888 5361 1151 5413 ἐκκαεῖσα
1173 5359 1253 5422 εἰς
1278 5356 1577 5427 ἐμφυλίους
1606 5359 1822 5423 σφαγὰς

1937 5341 2081 5413 fuit),
2108 5342 2248 5394 inter
2296 5342 2462 5406 hunc,
2510 5342 2752 5409 inquam,
2796 5352 2851 5397 et
2892 5340 3089 5394 Juliqu
3121 5338 3391 5393 Caesarem
3427 5348 3517 5387 ae-

247 5447 368 5512 τοὺς
400 5450 698 5522 Ῥωμαίους
726 5451 889 5505 πάλιν
920 5450 1201 5521 ἠνάγκασε
1241 5450 1640 5520 συστραφῆναι.
1672 5446 1824 5516 Πομ-

1937 5450 2097 5494 censa
2132 5435 2400 5491 discordia
2442 5438 2509 5492 ad
2552 5438 2740 5492 civiles
2783 5439 2956 5493 caades
3000 5432 3278 5487 Romanos
3316 5432 3519 5485 iterum

1486 5600 1721 5660 VARUE
1769 5599 2175 5660 LECTIONES.

1963 5738 2007 5770 ⁸³
2040 5738 2350 5809 Πομπήϊος]
2390 5738 2607 5809 Πόντιος
2650 5732 3072 5809 Wesseliugius.
3118 5798 3133 5809 ‘
3168 5728 3214 5761 δ’
3256 5726 3415 5809 Ἰσίας
3443 5726 3508 5809 ᾼ,

317 5740 363 5776 ³’
395 5744 805 5818 πλησιοχώρων]
838 5744 1063 5815 πλησίον
1088 5742 1281 5815 χώρων
1309 5744 1373 5795 Α.
1450 5740 1495 5772 ⁸ο
1512 5740 1778 5803 Κλέπτιος
1805 5739 1865 5793 Β.
1963 5739 2007 5770 ⁸³
2040 5739 2350 5809 Πομπήϊος]
2390 5739 2607 5798 Πόντιος
2650 5739 3072 5799 WessMiugius.
3168 5739 3214 5761 "
3257 5739 3415 5813 :lstag
3443 5739 3507 5785 Α,

319 5814 434 5872 σίας
455 5832 513 5872 ς;
548 5818 737 5872 Τισίας
766 5814 1181 5872 Wesselingius.
1276 5812 1512 5866 ⁸³ούκ-
1572 5811 1619 5848 ⁸⁸
1648 5810 2036 5872 καταλιπόντες
2061 5826 2172 5865 om.
2206 5828 2266 5872 ς.
2342 5810 2386 5846 ιδ
2427 5807 2677 5872 Ῥηγίους
2702 5823 2763 5872 ς.
2838 5802 2886 5838 ⁸⁸
2910 5798 3410 5872 ἐγκαταλειποντων
3444 5798 3507 5852 Δ.

248 5805 434 5879 Ἀσίας
548 5805 737 5881 Τῖσίας
766 5805 1185 5885 Ῡνεεδὲιὶιιείὺεξ
1276 5813 1319 5845 ⁸³
1339 5812 1512 5866 οὐκο-
1572 5811 1619 5848 ⁸⁸
1648 5810 2036 5874 καταλιπόντες
2061 5805 2172 5865 om.
2206 5805 2266 5875 ς.
2342 5805 2386 5846 ιδ
2427 5807 2677 5875 Ῥηγίους
2702 5823 2763 5872 ς.
