3924 6434
415 341 549 404 1435

1506 324 1507 327 η
1562 336 1828 396 ΡΗΟΤΙΙ
1862 336 2374 398 ΡΑΤΒΙΑΒΕΗΒΕ
2413 338 2523 400 CP.

3554 342 3682 407 1435

382 439 533 503 ~sese
583 457 903 503 convertere
954 448 1152 518 coegit.
1207 444 1466 516 Pompeio
1528 445 1725 501 deinde
1782 448 2000 517 egregie

2115 448 2267 516 πηῖου
2290 447 2343 500 δὲ
2364 447 2634 519 λαμπρῶς
2658 450 2770 513 τοῖς
2796 449 2936 515 ὅλοις
2959 451 3282 523 ἡττηθέντος
3314 452 3412 507 καὶ
3440 455 3577 507 κατὰ
3594 428 3688 524 τὴν

408 539 561 593 onmi
591 555 656 594 ex
692 549 845 608 parte
878 550 1169 610 superato,
1201 548 1257 594 et
1296 539 1363 593 ad
1398 537 1784 592 Alexandriam
1830 539 2004 595 inter-

412 630 593 695 fecto,
649 630 933 686 imminuta
983 641 1067 686 est
1120 631 1429 686 consulum
1462 637 1737 699 potestas,
1787 638 1843 683 et
1906 632 2008 686 sub

415 721 579 774 unius
626 720 755 775 Julii
800 720 1029 776 Caesaris
1079 721 1413 775 dominatum
1462 718 1704 783 redacta,
1756 717 2006 773 tandem-

381 826 517 880 'que
551 813 751 867 seditio
782 814 991 869 sedata.
1026 811 1122 867 Illo
1166 810 1363 866 deinde
1399 808 1710 877 interfecto,
1744 811 2009 865 adversus

413 903 639 957 Brutum
683 916 736 959 et
776 905 1024 959 Cassium
1053 904 1169 973 ejus
1211 904 1589 957 interfectores
1616 901 1775 956 civile
1806 902 2005 956 bellum

414 1008 622 1050 motum
657 1006 763 1063 est,
794 998 1111 1052 auctoribus
1152 997 1357 1064 Lepido
1384 1005 1439 1049 et
1471 994 1708 1048 Antonio
1764 1002 1818 1048 et
1846 993 2008 1048 Octa-

416 1087 579 1142 viano
621 1089 888 1153 Augusto,
929 1089 1271 1143 consulatum
1318 1087 1656 1157 gerentibus.
1693 1085 1846 1153 Quod
1889 1085 2009 1140 bel-

418 1179 528 1232 lum
584 1195 709 1233 cum
764 1180 923 1233 linem
977 1179 1146 1233 armis
1200 1196 1304 1234 non
1359 1180 1511 1233 tarde
1562 1181 1900 1246 accepisset,
1952 1184 2009 1232 et

418 1267 642 1323 Cassius
679 1279 842 1337 atque
874 1267 1074 1322 Brutus
1121 1270 1246 1323 victi
1293 1268 1569 1338 occisique
1597 1268 1847 1333 fuissent,
1895 1283 2001 1322 non

352 1386 355 1399 ι
419 1360 589 1414 multo
640 1371 761 1429 post
805 1361 984 1430 erupit
1036 1362 1091 1414 in
1142 1370 1385 1430 apertum
1434 1362 1644 1417 occulta
1688 1360 1907 1415 Antonii
1954 1371 2010 1415 et

417 1450 644 1520 Atthin
678 1453 742 1505 de
774 1453 1009 1520 primatu
1038 1453 1333 1518 contentio,
1363 1467 1429 1508 ac
1460 1462 1584 1522 post
1612 1452 1797 1509 fusum
1829 1453 2007 1508 utrin-

420 1553 526 1606 que
563 1538 787 1592 multum
831 1540 1046 1609 cognati
1092 1541 1677 1618 sanguiniskstabilita:
1710 1552 1836 1597 sunt
1863 1543 2009 1599 vires

417 1629 671 1700 Augusti,
704 1640 759 1685 et
799 1631 846 1685 ei
898 1647 1111 1687 summa
1161 1642 1402 1702 potestas
1444 1649 1541 1703 per
1575 1648 1792 1691 omnem
1837 1636 2005 1690 vitam

416 1726 755 1794 permansit,
812 1736 1100 1798 postquam
1149 1729 1435 1784 consulare
1486 1731 1808 1801 imperium,
1860 1731 2005 1788 ordi-

417 1830 563 1885 nem,
596 1821 1006 1891 potentiamque
1039 1836 1193 1877 suam
1228 1822 1278 1876 itt
1311 1832 1588 1893 posterum
1618 1823 1824 1878 amisit.

487 1997 787 2055 lllustrium
825 2003 899 2056 ait
925 2003 1241 2074 dignitatem
1270 2004 1491 2060 tertium
1522 2020 1551 2061 a
1583 2008 2010 2078 patriciiszordi-

413 2104 538 2145 nem
568 2092 858 2149 sustinere.

488 2184 629 2239 Ante
674 2185 904 2255 Augusti
950 2187 1345 2255 monarchiam,
1394 2191 1510 2245 haec
1593 2191 2006 2263 magistratuum

413 2275 631 2329 nomina
688 2276 963 2331 habebant
1029 2278 1263 2333 ltomaui
1299 2299 1313 2336 :
1345 2279 1643 2349 Patricios,
1689 2284 1779 2353 qui
1831 2286 2005 2339 cousi-

413 2365 545 2418 lium
598 2376 651 2420 et
699 2377 915 2423 senatus
961 2372 1299 2426 vocabantur
1337 2390 1352 2437 ;
1405 2375 1653 2431 tribunos
1695 2377 1886 2446 plebis,
1915 2380 2007 2449 qui

409 2457 612 2527 populo
667 2470 939 2529 praesunt;
993 2477 1268 2531 censores,
1313 2465 1580 2533 consules,
1619 2483 1861 2537 quorum
1912 2486 2008 2540 po-

414 2558 585 2603 testas
609 2564 799 2605 otnnes
827 2555 1157 2623 excedebat;
1192 2556 1538 2624 dictatorem,
1566 2560 1658 2629 qui
1685 2570 1739 2616 et
1767 2572 2006 2633 potesta-

412 2647 545 2703 tem,
565 2640 759 2711 393!)
786 2643 881 2697 sed
912 2644 1194 2713 maiorem,
1226 2662 1453 2717 quaaque
1481 2651 1744 2707 rationem
1780 2654 2006 2711 reddere

412 2745 519 2786 non
553 2744 865 2802 cogeretur,
911 2738 1148 2793 habebat
1174 2739 1321 2810 (75);
1360 2741 1547 2808 duces,
1583 2746 1851 2813 tribunos,
1897 2748 2004 2802 im-

410 2834 695 2892 peratores
746 2828 1051 2898 militares,
1101 2834 1476 2901 proconsules,
1521 2837 1734 2907 aliaque
1780 2839 2002 2896 similia.

411 2914 767 2971 Proconsulis
816 2916 978 2990 [forte
1022 2923 1285 2996 consulis]
1338 2926 1558 2994 quidem
1609 2928 1838 3001 insignia
1891 2933 2004 2988 haec

410 3012 560 3068 sunt,
606 3020 827 3062 secures
865 3009 1174 3076 duodecim,
1218 3022 1341 3083 toga
1389 3026 1671 3085 praatexta.
1713 3018 2006 3081 Dictatoris

412 3097 628 3165 quidem
661 3113 901 3168 secures,
932 3111 988 3157 et
1015 3113 1233 3160 cmtera.

1072 3285 1324 3346 CCXLV.

721 3373 770 3427 Ε
800 3372 1074 3432 Plutarchi
1109 3379 1395 3439 Parallelis
1425 3397 1691 3453 excerpta.

486 3461 738 3531 Legimus
785 3478 816 3519 e
860 3465 1139 3526 Plutarchi
1190 3473 1475 3532 Parallelt‘s
1519 3480 1764 3536 diversos
1811 3484 2000 3550 libros,

411 3566 641 3620 quorum
696 3561 1083 3626 compendiosa
1130 3564 1426 3633 descriptio
1476 3570 1591 3625 htec
1640 3573 1837 3628 selecta
1887 3591 2002 3629 uta-

410 3659 572 3714 guatn
605 3646 895 3705 utilitatem
936 3653 1271 3712 discentibus
1304 3662 1563 3718 continet.

931 3740 983 3793 E
1020 3743 1203 3798 Dionis
1248 3746 1388 3803 Vita.

482 3827 723 3886 Timmus
751 3832 962 3889 Philisti
990 3836 1041 3890 itt
1072 3846 1333 3907 tyrannos
1358 3844 1597 3898 studium
1628 3853 1792 3916 atque
1816 3845 1999 3913 ﬁdem,

415 3923 758 3978 occasionem
787 3940 921 3981 sane
953 3930 1385 4010 reprehendendi
1428 3950 1532 3990 non
1565 3936 1821 4007 injustam
1859 3927 2001 3995 arri-

412 4015 603 4081 piens,
668 4017 734 4070 ad
801 4020 1107 4073 satietatem
1174 4038 1346 4093 usque
1400 4029 1663 4085 conviciis
1726 4032 2000 4088 hominem

412 4108 741 4175 proscindit.
793 4109 936 4164 Sane
984 4113 1077 4180 qui
1126 4123 1240 4168 tum
1297 4116 1365 4171 ab
1417 4133 1482 4173 eo
1538 4121 1752 4177 vivente
1804 4125 2002 4193 injuria

412 4195 595 4252 allecti
626 4198 879 4268 fuissent,
912 4202 1115 4272 ignosci
1148 4206 1215 4260 iis
1248 4218 1482 4276 poterat,
1510 4214 1658 4281 quod
1692 4215 1787 4270 irae
1814 4216 2002 4286 impo-

412 4290 579 4344 tentis
621 4298 822 4346 essent.
865 4292 973 4349 Eos
1022 4305 1204 4351 autem
1247 4299 1337 4367 qui
1383 4303 1715 4368 posteriores
1760 4315 2004 4375 tempore

413 4382 669 4438 historias
720 4385 1076 4456 scripserunt,
1113 4389 1244 4444 nihil
1294 4391 1410 4460 ejus
1452 4392 1613 4448 laetis
1665 4393 1841 4463 Iresos,
1875 4413 2001 4452 ora-

2121 537 2527 608 ’Λλεξάνδρειαν
2555 538 2958 610 ἀναιρεθέντος,
2994 542 3342 597 συστέλλεται
3374 542 3478 613 μὲν
3516 545 3549 612 ή
3588 544 3691 597 τῶν

2109 631 2331 685 ὑπάτων
2386 635 2530 706 ἀρχὴ
2578 637 2659 695 είς
2709 636 3006 706 μοναρχίαν
3057 636 3299 709 Καίσαρι
3348 636 3428 707 τῷ
3466 636 3687 706 Ἰουλίῳ,

2108 722 2275 776 παύει
2295 725 2340 755 ⁸⁷
2370 724 2427 778 δὲ
2451 725 2632 779 τέλεον
2664 728 2758 780 καὶ
2788 728 2821 796 ὴ
2850 727 3060 790 στάσις.
3079 728 3320 781 Ἐκείνου
3340 728 3395 781 δὲ
3425 729 3693 799 ἀνῃρημέ-

2108 832 2225 882 νου,
2254 815 2395 870 κατὰ
2422 816 2658 888 Βρούτου
2691 819 2786 871 καὶ
2804 819 3045 872 Κασσίου
3072 818 3178 872 τῶν
3208 819 3507 872 ἀνελόντων
3536 819 3693 870 πόλε-

2112 923 2213 976 μος
2260 907 2526 977 ἐμφύλιος
2560 911 2792 962 κινεῖται
2813 950 2827 971 ,
2877 911 3264 980 χειριζομένων
3286 910 3331 941 ⁸⁸
3363 908 3602 963 Λεπίδου
3640 927 3693 962 τε

2108 1001 2200 1052 καὶ
2229 999 2521 1054 Ἀντωνίου
2543 1000 2588 1032 ⁸⁸
2616 1002 2710 1054 καὶ
2737 1002 3096 1056 Ὀκταὸιανοῦ
3132 1002 3225 1057 τοῦ
3250 1002 3565 1070 Αὐγούστου
3602 1002 3695 1071 τὴν

2110 1090 2318 1144 ὕπατον
2360 1092 2537 1164 ἀρχὴν
2569 1093 2824 1163 ἑχόντων.
2858 1093 2934 1148 Οὐ
2968 1094 3210 1166 βραδέως
3238 1095 3295 1148 δὲ
3327 1095 3423 1147 τοῦ
3453 1093 3691 1163 πολέμου

2109 1182 2293 1253 κρίσιν
2316 1186 2426 1247 τοῖς
2454 1183 2643 1248 ὅπλοις
2676 1184 2956 1253 λαϐόντος,
2988 1188 3081 1239 καὶ
3106 1185 3439 1256 νικηθέντων
3470 1184 3572 1239 καὶ
3606 1186 3693 1238 ἀν-

2108 1274 2441 1345 αιρεθέντων
2470 1276 2579 1329 τῶν
2621 1277 2751 1348 περὶ
2792 1278 3033 1332 Κάσσιον
3060 1280 3156 1331 καὶ
3189 1276 3449 1349 Βροῦτον,
3484 1281 3608 1348 μετ’
3636 1277 3690 1331 οὐ

2109 1366 2245 1421 πολὺ
2278 1368 2550 1438 ῥήγνυται
2588 1370 2670 1432 είς
2715 1369 2777 1424 τὸ
2824 1370 3058 1441 φανερὸν
3106 1371 3140 1440 ὴ
3190 1369 3565 1440 ἐνδομυχοῦσα
3594 1370 3694 1434 Αὐ-

2108 1460 2339 1527 γούστου
2364 1461 2460 1513 καὶ
2480 1461 2767 1515 Ἀντωνίου
2793 1462 2935 1534 ὑπὲρ
2953 1462 3054 1531 τῆς
3078 1461 3447 1531 φιλοπρωτίας
3468 1460 3688 1530 ἅμιλλα.

2109 1554 2221 1608 Καὶ
2251 1553 2463 1612 πολλῶν
2489 1554 2768 1623 συγγενῶν
2809 1556 3059 1626 αἱμάτων
3089 1554 3428 1625 ἑκατέρωθεν
3454 1555 3691 1625 ῥυέντων

2108 1644 2170 1699 τὸ
2220 1647 2425 1717 κράτος
2473 1647 2769 1719 Αὐγούστῳ
2801 1647 3135 1718 βεϐαιοῦται,
3168 1650 3260 1701 καὶ
3314 1647 3424 1700 τῶν
3471 1648 3613 1701 ὅλων
3656 1650 3687 1718 ἠ

2111 1738 2329 1804 ἐξουσία
2368 1738 2517 1809 αὐτῷ
2561 1740 2866 1810 παραμένει
2895 1740 2983 1794 διὰ
3018 1739 3158 1810 βίου,
3205 1739 3305 1809 τῆς
3336 1739 3445 1793 τῶν
3474 1739 3691 1794 ὑπάτων

2036 1799 2082 1860 Β
2111 1799 2298 1883 λοιπὸν
2331 1799 2507 1902 ἀρχῆς
2535 1799 2802 1903 τῆν’ίδίαν
2836 1830 2992 1900 τάξιν
3018 1799 3115 1886 καὶ
3145 1799 3468 1885 δυνάστείαν
3500 1832 3691 1885 άποδε·

2109 1923 2398 1994 ὅληκυίας.

2180 2017 2304 2070 Ὀτι
2355 2016 2419 2070 τὸ
2446 2016 2556 2072 τῶν
2598 2016 2946 2087 ίλλουστρίων
2966 2017 3013 2050 ⁸ο
3060 2016 3278 2085 ἀξίωμα
3332 2016 3526 2088 τρίτην
3579 2016 3688 2068 ἀπὸ

2106 2107 2216 2161 τῶν
2245 2109 2554 2180 πατρικίων
2582 2108 2738 2174 τάξιν
2766 2109 2985 2179 ἐπέχειν
3008 2110 3052 2143 ⁵¹
3083 2104 3237 2173 οὗτός
3265 2127 3449 2180 φησιν.

2179 2199 2304 2253 Ὅτι
2350 2202 2459 2272 πρὸ
2487 2200 2587 2271 τῆς
2612 2198 2708 2254 τοῦ
2729 2200 2775 2232 ³⁸
2802 2200 3114 2270 Αὐγούστου
3166 2200 3470 2272 μοναρχίας
3515 2200 3689 2255 ταῦτα

2107 2290 2404 2362 ἐγίνωσκον
2438 2291 2699 2362 Ῥωμαῖοι
2722 2292 2950 2364 ἀρχικοῦ
2986 2293 3223 2365 κράτους
3274 2293 3536 2361 ὀνόματα,
3576 2309 3687 2345 παι

2104 2384 2376 2454 τρικίους,
2403 2382 2452 2437 οἳ
2476 2384 2570 2437 καὶ
2602 2383 2809 2451 ,βουλὴ
2839 2382 2934 2436 καὶ
2973 2383 3314 2452 σύγκλητος
3370 2380 3686 2445 ἐκαλοῦντο,

2105 2477 2426 2548 δημάρχους
2478 2477 2604 2539 τοὺς
2639 2474 2988 2546 προεστῶτας
3026 2473 3119 2527 τοῦ
3180 2473 3375 2543 δήμου,
3427 2473 3689 2543 ἀγορανό-

2110 2586 2265 2641 μους,
2302 2566 2543 2632 ὑπάτους
2575 2568 2703 2632 τοὺς
2746 2567 2971 2639 ἔχοντας
3025 2566 3324 2621 ὑπεύθυνον
3346 2566 3396 2597 "
3436 2565 3498 2618 τὸ
3548 2564 3689 2618 κατά

2107 2662 2324 2715 πάντων
2347 2661 2570 2732 κράτος,
2627 2659 2917 2730 δικτάτορα
2946 2658 3135 2729 ἔχοντα
3184 2658 3277 2713 καὶ
3313 2657 3478 2710 αὐτὸν
3499 2695 3514 2720 ,
3573 2656 3687 2710 ἀλλ’

2105 2733 2478 2807 ἀνυπεύθυνον
2517 2751 2614 2806 καὶ
2663 2749 2849 2822 μεῖζον
2897 2750 2959 2804 τὸ
3007 2750 3151 2804 κατὰ
3204 2749 3424 2804 πάντων
3469 2748 3686 2820 κράτος,

2107 2844 2476 2915 στρατηγοὺς,
2527 2835 2828 2913 ὑπάρχους,
2887 2841 3293 2913 αὐτοκράτορας
3330 2839 3687 2911 στρατηγοὺς,

2104 2937 2469 3001 άνθυπάτους,
2506 2935 2603 2989 καὶ
2659 2934 2821 3005 ἕτερα
2849 2932 3096 2988 τοιαῦτα.
3121 2933 3283 3005 [H92
3306 2931 3399 3005 R.]
3438 2931 3691 3002 Σύμϐολα

2109 3026 2208 3097 μὲν
2237 3022 2331 3081 οὖν
2365 3028 2465 3097 τῆς
2491 3026 2586 3080 τοῦ
2633 3026 2944 3080 ἀνθυπάτου
2988 3026 3160 3097 ἀρχῆς
3185 3026 3436 3088 πελέκεις
3479 3022 3687 3077 δώδεκα

2029 3154 2073 3211 C
2107 3116 2202 3169 καὶ
2230 3114 2463 3186 τήϐεννα
2499 3116 2931 3187 περιπόρφυρος,
2965 3117 3059 3168 τοῦ
3108 3114 3165 3167 δὲ
3220 3113 3556 3183 δικτάτωρος
3592 3128 3689 3164 πε-

2105 3208 2283 3271 λέκεις
2306 3207 2406 3279 μὲν
2432 3206 2574 3263 ⁸⁸η..

2809 3296 2982 3351 ΣΜΕΥ.
3304 3351 3310 3357 .

2146 3396 2266 3451 Τῶν
2306 3397 2701 3466 Πλουτάρχου
2728 3395 3141 3465 Παραλλήλων
3168 3393 3436 3463 διάφοροι
3463 3392 3653 3463 λόγοι.

2180 3487 2328 3559 [642
2381 3488 2477 3561 Η.]
2542 3488 2984 3558 Ἀνεγνώσθησαν
3037 3488 3102 3540 ὲκ
3170 3485 3280 3539 τῶν
3345 3485 3685 3556 Πλουτάρχου

2103 3580 2471 3652 Παραλλήλων
2524 3580 2771 3652 διάφοροι
2834 3581 3002 3648 λόγοι,
3066 3573 3142 3634 ὧν
3200 3582 3233 3649 ἠ
3279 3578 3490 3641 ἕκόοσις
3547 3579 3685 3632 κατὰ

2112 3672 2333 3744 σύνοψιν
2361 3673 2644 3747 ἐκλέγεται
2658 3674 2912 3743 διάφορον
2939 3671 3347 3743 χρηστομαθίαν
3370 3671 3440 3723 ⁵⁸.

2610 3766 2712 3819 Ἐκ
2739 3765 2845 3819 τοῦ
2884 3766 3106 3829 Δίωνος
3125 3764 3194 3817 ⁸⁸.

2187 3853 2348 3908 Ἀλλὰ
2372 3855 2417 3887 ⁸⁷
2458 3854 2693 3923 Τίμαιος
2717 3854 2817 3907 οὐκ
2850 3853 3032 3907 άδικον
3063 3852 3245 3929 λαϐὼν
3277 3852 3562 3924 πρόφασιν
3592 3848 3684 3918 τὴν

2105 3946 2246 4017 ὑπὲρ
2262 3948 2361 4017 τῆς
2374 3945 2691 4018 τυραννίδος
2704 3944 2798 3999 τοῦ
2820 3945 3065 3999 Φιλίστου
3093 3945 3326 4016 σπουδὴν
3349 3946 3445 3997 καὶ
3473 3944 3677 4006 πίστιν,

2103 4036 2447 4107 ἐμπίπλαται
2476 4037 2585 4091 τῶν
2608 4037 2653 4069 ⁸⁸
2684 4036 2805 4091 κατ’
2844 4037 3010 4091 αὐτοῦ
3045 4037 3421 4109 βλασφημιῶν.
3454 4038 3521 4090 Ὃ
3560 4037 3680 4097 τοὺς

2108 4129 2207 4199 μὲν
2234 4129 2593 4199 ἀδικηθέντας
2630 4129 2977 4198 σύγγνωστόν
3020 4132 3169 4185 ἐστιν
3227 4133 3357 4194 ἴσως
3405 4130 3532 4200 ἄχρι
3580 4128 3679 4197 τῆς

2104 4218 2185 4279 είς
2215 4217 2541 4289 ἀναίσθητον
2566 4220 2610 4250 ’ν
2656 4218 2829 4288 ὀργῆς
2886 4220 3161 4289 χαλεποὺς
3209 4219 3501 4289 γενέσθαι·
3554 4221 3679 4283 τοὺς

2103 4307 2149 4361 δ’
2192 4308 2423 4380 ὕστερον
2471 4312 2890 4381 συγγράφοντας
2920 4312 2990 4365 τὰ
3030 4314 3415 4383 πεπραγμένα,
3463 4314 3557 4367 καὶ
3602 4313 3677 4383 τῷ

2111 4400 2210 4471 μὲν
2244 4401 2344 4472 βίῳ
2374 4401 2450 4472 μὴ
2479 4401 2820 4473 λυπηθέντας
2858 4403 3048 4469 αὐτοῦ,
3077 4404 3154 4474 τῷ
3180 4404 3239 4456 δέ
3277 4404 3420 4474 λόγῳ
3463 4405 3677 4475 χρωμέ-

413 4475 559 4530 tione
585 4486 763 4532 autem
797 4480 964 4533 etiam
1009 4481 1244 4550 adjutos,
1282 4499 1570 4541 commune
1612 4489 1888 4543 hominum
1917 4492 2000 4561 juo

2115 4508 2256 4557 νους,
2288 4495 2322 4563 ὴ
2343 4492 2470 4559 δόξα
2502 4496 2848 4565 παραιτεῖται
2880 4494 2955 4566 μὴ
2991 4495 3109 4567 μεθ’
3141 4495 3353 4567 ὕϐρεως
3380 4497 3513 4571 μηδ-ἐ
3544 4497 3678 4565 μετὰ

414 4567 615 4621 dicium
649 4569 924 4625 dehortari
964 4572 1168 4641 debuit,
1194 4590 1261 4629 ne
1296 4578 1686 4635 contumeliose
1718 4591 1813 4635 aut
1846 4596 2003 4637 scurv

416 4659 591 4714 riliter
623 4662 964 4718 calamitates
997 4666 1078 4721 eis
1107 4670 1595 4739 exprobrarentur,
1627 4675 1826 4743 quibus
1868 4693 2004 4745 quo-

416 4749 597 4806 minus
645 4752 836 4820 injuria
884 4754 1118 4812 fortunat
1161 4761 1327 4815 etiam
1373 4764 1614 4831 optimus
1648 4766 1879 4837 quisque
1918 4768 2003 4824 fe-

414 4842 758 4907 riatur,nihil
794 4845 993 4901 obstat.
1033 4848 1214 4919 Neque
1249 4867 1378 4907 vero
1412 4870 1582 4912 sanus
1611 4856 1881 4927 Ephorus,
1911 4859 2003 4929 qui

412 4932 701 4991 Philistum
740 4938 1062 5006 praedicans,
1094 4946 1345 5011 quamvis
1379 4945 1560 5004 fuerat
1591 4951 1995 5018 callidissimus,

2106 4582 2443 4655 βωμολοχίας
2469 4586 2748 4651 ὀνειδίζειν
2785 4587 2885 4651 τὰς
2916 4588 3203 4659 συμφορὰς
3229 4628 3245 4654 ,
3291 4583 3366 4643 ὧν
3410 4590 3558 4642 οὐδὲν
3584 4590 3678 4640 έπ-

2105 4677 2220 4747 έχει
2257 4680 2349 4731 καὶ
2373 4679 2464 4731 τὸν
2494 4679 2713 4750 ἄριστον
2739 4681 2951 4749 ἀνδρῶν
2980 4682 3045 4733 ἐκ
3068 4681 3236 4751 τύχης
3263 4684 3575 4753 μετασχεῖν.
3605 4683 3676 4735 Ού

2106 4771 2212 4840 μὴν
2232 4771 2341 4823 οὐδ’
2369 4772 2605 4843 Ἔφορος
2632 4772 2864 4844 ὑγιαίνει
2889 4772 2980 4826 τὸν
3003 4774 3254 4829 Φίλιστον
3274 4775 3635 4846 ἐγκωμιάζων
3660 4791 3672 4804 ·

2103 4862 2163 4926 ὃς
2194 4862 2397 4935 καίπερ
2422 4863 2500 4919 ὢν
2536 4865 2842 4929 δεινότατος
2862 4866 3068 4931 ἀδίκοις
3098 4870 3387 4940 πράγμασι
3459 4870 3553 4922 καὶ
3580 4887 3672 4921 πο-

2107 4959 2288 5025 νηροῖς
2320 4957 2507 5027 ἤθεσιν
2562 4958 2906 5028 εὐσχήμονας
2960 4959 3141 5022 αἰτίας
3194 4959 3545 5031 περιϐάλλειν
3588 4960 3674 5013 καὶ

1698 5085 1931 5142 VARUE
1970 5086 2263 5145 LECTION
2271 5088 2374 5144 ES.

484 5185 718 5282 ζζςπίξξει
988 5196 1741 5282 ξίβξδξένξλβιλυῐζι-βιθρῇθῃί.’⁸⁸
1761 5202 2155 5282 χειριζομένων
2169 5207 2229 5282 β,
2245 5209 2621 5279 χειριζομένου
2637 5212 2703 5275 Α,
2723 5210 3115 5282 χειμαζομένου
3140 5231 3199 5279 ς.
3232 5212 3276 5253 ‘9
3296 5212 3669 5268 ἈντωνίνουᾹ.

410 5258 461 5338 είξ
481 5258 567 5353 ρτι
593 5258 697 5353 Fc“
902 5258 1279 5353 ίλλουστριίῴνλ
1332 5258 1686 5328 Ιιιυειῖ·ἰεείιηὶ
1761 5258 1994 5353 dignitas
2024 5278 2108 5353 vel
2146 5258 2608 5353 illtytsxtrirssginrtatus
2633 5258 3106 5353 esthpo‘ste‘rigrum
3142 5258 3463 5353 temporum,
3500 5284 3670 5351 itaque

414 5328 699 5423 l'idlclllll’m
734 5336 926 5423 putare
958 5328 1393 5422 ltoc.a'Dio_tloru.
1431 5360 1665 5423 utiquam
1718 5328 1999 5423 proditum
2030 5328 2458 5423 fui—sseaitaqvue
2486 5328 2803 5423 sineduhio
2841 5356 2951 5406 haec
2984 5363 3036 5406 et
3066 5370 3185 5422 qurc
3219 5328 3523 5423 sequuntur
3552 5328 3668 5407 ςύηι

414 5400 685 5486 Ξίείίι¹ίοξί⁵
713 5404 1111 5486 υξλβοδιθνίρτίε
1145 5406 1451 5486 scriptoris.
1475 5400 1759 5486 Scaldem}.
1836 5417 1879 5447 ⁸¹
1904 5400 2194 5486 ἐπέχειίλξ
2232 5400 2425 5475 ’δέ-τῇοῦ
2457 5438 2568 5476 om.
2604 5422 2661 5474 Β.
2739 5422 2787 5454 ⁸³
2812 5400 3177 5477 ἀνυπεύθυνον
3223 5400 3415 5484 Α,ὀύκ
3442 5424 3669 5477 ἀνυπεύ·

958 5473 1059 5562 μὲν
1082 5467 1271 5562 versus
1304 5483 1452 5562 vacui
1490 5484 1541 5537 in
1574 5485 1613 5536 B
3215 5467 3667 5562 ῑὶῈῖῶνξζτὶῖᾉ

415 5536 522 5606 (pr.
549 5539 693 5619 enim
725 5536 936 5619 titulum
959 5536 1118 5618 otu.);
1153 5548 1272 5619 βὲου
1299 5536 1498 5617 Δίωνος
1530 5572 1589 5619 ς.

417 5622 479 5670 ς.
553 5606 599 5638 δ’
623 5609 951 5683 ἁναισθήτου
984 5630 1044 5677 ς.

1694 5557 1739 5587 δτ
1764 5556 1923 5621 ἀλλά]
1964 5576 2082 5630 ('ap.
2108 5556 2196 5616 56.

2299 5563 2346 5595 ⁵⁸
2371 5557 2717 5636 ἐμπίπλατάῖ
2740 5557 2848 5617 τῶν
2871 5557 2915 5616 Α
2941 5582 2953 5617 :
2981 5564 3361 5635 ἐμπίμπλαται
3385 5581 3444 5630 ς·
3476 5566 3502 5618 δ
3521 5566 3595 5619 Αἵ
3621 5557 3667 5630 ᾧ

1938 5693 2199 5753 ΝΟΤᾺΕ..

488 5766 602 5837 (75)
641 5768 767 5825 Hac
818 5775 1075 5842 quoniam
1120 5778 1437 5845 posterioris
1484 5791 1614 5838 sunt
1656 5783 1832 5839 aetatis
1858 5823 1873 5847 ,
1920 5786 2162 5844 Μηδέν-εδ
2196 5790 2322 5847 dicti
2353 5792 2570 5848 Diodori
2605 5810 2725 5851 esse
2758 5810 2865 5851 non
2896 5795 3161 5852 videntur.
