3924 6478
238 398 385 467 143Ἱ

1328 397 1848 458 BlBLIOI‘HECA.
1872 420 1939 432 --
1974 397 2137 458 COD.
2173 397 2430 459 CCXLV.

3372 392 3508 459 1438

232 510 436 578 λόγους
460 506 681 576 ἔχοντας
711 507 916 577 κόσμον
934 506 979 538 ⁸⁸
1006 506 1265 578 ἐξευρεῖν,
1299 506 1461 568 αὐτὸς
1518 506 1711 558 ἑαυτὸν
1749 498 1808 557 οὐ

1927 506 2088 561 malos
2129 521 2307 561 mores
2352 514 2407 560 et
2451 504 2652 575 iniusta
2701 505 2843 560 facta
2884 504 3128 561 honestis
3172 505 3225 561 in
3270 510 3504 577 speciem

231 600 467 653 δύναται
493 596 670 650 πάντα
705 598 1095 667 μηχανώμενος
1122 596 1400 663 ἐξελέσθαι
1425 597 1525 666 τῆς
1571 598 1816 667 γραφῆς,

230 692 313 754 ὡς
350 692 417 744 οὐ
447 690 964 761 φιλοτυραννότατος
993 691 1292 759 ἀνθρώπων
1317 692 1526 758 γένοιτο
1565 693 1661 743 καὶ
1715 690 1816 760 μά-

230 780 402 833 λιστα
436 781 655 832 πάντων
689 780 775 831 ἀεὶ
804 778 1053 848 ζηλώσας
1106 780 1199 832 καὶ
1246 780 1538 848 θαυμάσας
1601 777 1813 847 τρυφὴν

232 874 335 925 καὶ
377 873 606 940 δύναμιν
627 869 723 921 καὶ
751 870 977 922 πλοῦτον
1002 870 1043 900 ⁸⁸
1071 870 1164 920 καὶ
1194 869 1406 938 γάμους
1435 870 1562 931 τοὺς
1580 868 1689 934 τῶν
1718 885 1817 920 τυ-

156 986 157 989 η
236 964 474 1031 ράννων.
522 961 682 1016 Ἀλλὰ
713 960 1083 1031 γὰρφιλίστου
1119 961 1215 1031 μὲν
1263 962 1290 1013 ὁ
1348 961 1485 1029 μήτε
1535 960 1634 1023 τὰς
1683 960 1822 1030 πρά-

233 1057 355 1121 ξεις
398 1056 637 1110 ἐπαινῶν
697 1055 833 1125 μήτε
885 1055 985 1115 τὰς
1032 1052 1199 1123 τύχας
1241 1051 1515 1115 ὀνειδίζων
1573 1052 1810 1123 ἐμμελέ-

234 1162 461 1208 στατος.

749 1322 853 1376 Ἐκ
889 1320 997 1376 τοῦ
1038 1323 1327 1389 Βρούτου.

318 1418 416 1470 Ἐν
442 1416 540 1486 μὲν
563 1418 606 1449 ⁸²
634 1415 725 1470 οὖν
755 1418 874 1478 ταῖς
905 1414 1147 1485 πρώταις
1171 1412 1481 1477 ἐπιστολαῖς
1528 1412 1769 1476 τοιοῦτος
1790 1413 1820 1466 ό

236 1505 483 1576 Βροῦτος
506 1522 520 1535 ·
547 1505 647 1575 ἤδη
678 1504 735 1557 δὲ
769 1503 879 1556 τῶν
930 1504 1029 1573 μὲν
1054 1502 1157 1565 ώςι
1189 1502 1445 1572 Καίσαρα
1487 1503 1599 1555 τῶν
1652 1502 1710 1555 δὲ
1739 1501 1821 1565 ώς

247 1596 536 1651 Ἀντώνιον
563 1595 940 1665 διισταμένων,
970 1593 1143 1647 ὠνίων
1161 1594 1205 1624 ⁸³
1257 1594 1313 1646 δὲ
1363 1593 1475 1647 τῶν
1518 1593 1820 1664 στρατοπέ-

234 1687 343 1740 δων
369 1686 561 1756 ὥσπερ
614 1685 719 1738 ὑπὸ
756 1685 957 1754 κήρυκι
1011 1683 1453 1754 προστιθεμένων
1502 1683 1582 1754 τῷ
1632 1684 1818 1738 πλεῖον

233 1777 460 1843 διδόντι,
492 1778 839 1831 παντάπασιν
861 1778 1128 1844 ἀπογνοὺς
1149 1776 1256 1829 τῶν
1283 1776 1625 1847 πραγμάτων
1676 1776 1818 1845 ἔγνω

234 1867 564 1920 καταλιπεῖν
627 1866 879 1928 Ἰταλίαν,
920 1867 1015 1919 καὶ
1052 1866 1190 1935 πεζῇ
1246 1865 1333 1918 διὰ
1382 1866 1688 1928 Λευκανίας
1736 1868 1815 1929 εὶς

245 1960 472 2012 Ἐλαίαν
493 1960 586 2012 ἐπὶ
637 1958 909 2011 θάλασσαν
945 1952 1080 2029 ἧκεν
1103 1957 1169 2012 ⁸⁵.
1235 1959 1399 2011 Ὅθεν
1454 1960 1487 2028 ἡ
1540 1960 1751 2031 Πορκία
1768 1960 1813 1991 ⁶⁵

239 2036 516 2120 μέλλουσα
556 2050 717 2103 πάλιν
775 2050 855 2113 είς
892 2048 1112 2119 Ῥώμην
1158 2049 1583 2119 ἀποτρέπεσθαι,
1622 2051 1822 2104 λανθά-

235 2161 349 2197 νειν
381 2143 481 2214 μὲν
504 2144 761 2213 ἐπειρᾶτο
784 2141 1103 2213 περιπαθῶς
1146 2141 1365 2212 ἔχουσα,
1409 2142 1599 2212 γραφὴ
1628 2142 1685 2195 δέ
1736 2160 1822 2207 τις

234 2232 410 2302 αὐτὴν
436 2230 738 2302 προῦδωκε,
776 2228 949 2284 τᾶλλα
981 2231 1233 2300 γενναίαν
1259 2229 1447 2285 οὖσαν.
1475 2226 1584 2283 Ἦν
1612 2232 1721 2302 γὰρ
1755 2234 1819 2286 ἐκ

234 2324 345 2377 τῶν
391 2323 721 2394 Ἑλληνικῶν
737 2323 977 2387 διάθεσις
1024 2325 1243 2393 Ἕκτωρ
1267 2324 1311 2355 ⁵⁸
1345 2322 1451 2375 ὑπὸ
1520 2323 1821 2395 Ἀνδρομά-

238 2435 340 2489 χης
371 2401 855 2488 προπεμπόμενος,
902 2417 1271 2487 κομιζομένης
1298 2417 1341 2450 ⁸⁷
1404 2416 1536 2488 παρ’
1561 2416 1726 2471 αὑτοῦ
1759 2417 1819 2470 τὸ

238 2510 480 2574 παιδίον,
507 2510 700 2579 ἐκείνῳ
727 2508 784 2562 δέ
816 2508 1285 2577 προσϐλεπούσης.
1329 2508 1515 2563 Ταῦτα
1539 2508 1819 2578 θεωμένην

237 2599 335 2670 τὴν
357 2598 757 2669 Πορκίανήτοῦ
783 2597 988 2661 πάθους
1011 2597 1177 2651 είκὼν
1199 2599 1455 2668 ἐξέτηξεν
1482 2602 1561 2663 εἰς
1582 2598 1817 2670 δάκρυα,

238 2692 332 2745 καὶ
354 2689 622 2754 πολλάκις
653 2690 893 2759 φοιτῶσα
916 2689 1017 2760 τῆς
1050 2691 1262 2761 ἡμέρας
1287 2690 1528 2749 ἔκλαιεν.

714 2872 817 2925 Ἐκ
855 2872 962 2923 τοῦ
998 2871 1272 2939 Αίμιλίου
1292 2871 1358 2926 ⁸⁸.

318 2963 411 3016 Ἐν
448 2955 493 3030 ᾧ
518 2963 561 2996 ⁶⁹
595 2961 784 3015 παθῶν
817 2978 878 3015 τε
933 2960 1290 3015 παντοδαπῶν
1339 2960 1436 3014 καὶ
1495 2962 1818 3032 νοσημάτων

238 3056 471 3109 ἐνόντων
499 3054 809 3126 ἐπρώτευεν
831 3053 878 3087 ⁷ο
904 3054 938 3125 ἡ
962 3052 1319 3124 φιλαργυρία.
1355 3054 1515 3124 (Περὶ
1572 3055 1629 3107 δὲ
1654 3055 1695 3086 ⁷¹
1724 3055 1817 3109 τοῦ

1886 1296 1889 1299 _
1924 1237 2103 1292 brare.

1925 596 2421 667 praescriptionibus
2470 605 2675 665 tegere,
2725 606 2887 666 atque
2938 612 3204 653 excusare
3253 601 3505 655 credere-

1926 698 2033 753 tur,
2066 690 2116 743 id
2161 701 2341 742 tamen
2373 689 2517 743 omni
2554 679 2747 742 conat'u
2785 698 2947 759 alque
2979 706 3141 760 opera
3183 691 3387 746 crimen
3423 692 3507 746 di-

1924 780 2075 834 luere
2105 795 2210 833 non
2257 781 2454 848 potuit,
2489 781 2759 835 hominem
2792 780 2962 836 fuisse
2991 798 3113 836 eum
3149 790 3500 852 tyrannorum

1924 871 2398 935 studiosissimum,
2447 881 2501 925 et
2554 874 2646 941 qui
2714 874 2950 927 maxime
3028 876 3267 945 omnium
3295 876 3501 939 luxum,

1926 962 2258 1033 potentiam,
2289 964 2502 1017 divitias
2552 964 2873 1033 nuptiasque
2924 974 3276 1033 tyrannorum
3325 967 3505 1032 suspi-

1922 1065 2073 1109 ceret
2117 1064 2279 1124 atque
2332 1056 2717 1111 admiraretur.
2772 1056 3123 1110 Tutissimum
3193 1068 3277 1112 est
3331 1073 3503 1126 neque

1923 1144 2146 1202 laudare
2208 1144 2419 1200 Philisti
2486 1146 2667 1210 facta,
2752 1161 2929 1214 neque
2996 1145 3242 1201 fortunas
3307 1161 3503 1215 expro-

2425 1329 2626 1402 39ﬁa
2648 1388 2649 1391 η
2672 1329 2756 1383 Ea:
2791 1329 2983 1383 Bruto.

1995 1423 2314 1492 Huiusmodi
2360 1424 2414 1478 in
2470 1424 2660 1493 primis
2692 1422 2938 1491 epistolis
2980 1421 3081 1475 fuit
3120 1421 3343 1476 Brutus.
3382 1420 3501 1477 Jam

1923 1532 2053 1573 vero
2081 1519 2203 1572 aliis
2228 1518 2296 1572 ad
2332 1518 2622 1582 Caesarem,
2652 1516 2775 1570 aliis
2797 1517 2865 1570 ad
2894 1517 3186 1570 Antonium
3224 1516 3506 1572 disceden-

1926 1609 2089 1674 tibus,
2120 1619 2176 1663 et
2224 1592 2558 1662 exercitibus
2608 1608 2753 1662 velut
2807 1610 2909 1663 sub
2954 1624 3204 1678 prazcone
3253 1618 3504 1677 prostan-

1925 1700 2090 1766 tibus,
2122 1709 2285 1767 atque
2334 1700 2381 1754 ei
2422 1699 2513 1768 qui
2548 1699 2665 1768 plus
2687 1699 2931 1754 dedisset
2961 1714 3019 1754 se
3059 1699 3503 1769 adjungentibus,

1929 1792 2230 1861 desperatis
2271 1792 2431 1860 plane
2476 1791 2638 1844 rebus
2682 1790 2830 1845 Italia
2872 1792 3136 1846 excedere
3170 1793 3380 1854 statuit,
3407 1806 3500 1858 pe-

1930 1884 2204 1952 destriqne
2262 1883 2457 1938 itinere
2508 1897 2603 1951 per
2656 1882 2950 1936 Lucaniam
3006 1884 3072 1936 ad
3128 1898 3276 1937 mare
3317 1884 3501 1938 Eleam

1923 1974 2092 2028 venit.
2139 1974 2277 2046 ,lnde
2317 1974 2544 2028 Romam
2599 1974 2791 2028 Porcia
2842 1974 2955 2044 (74)
3010 1990 3329 2041 reversura,
3377 1990 3499 2029 cum

1922 2076 2215 2121 conaretur
2249 2064 2527 2119 occultare
2582 2064 2820 2119 dolorem
2871 2080 3035 2134 quem
3085 2065 3268 2119 animo
3309 2065 3377 2119 ob
3420 2066 3505 2119 di-

1921 2173 2166 2227 gressum
2211 2157 2393 2211 mariti
2430 2171 2705 2211 summum
2732 2156 3021 2224 capiebat,
3057 2159 3196 2209 victa
3238 2164 3322 2211 est
3367 2171 3504 2210 con-

1925 2249 2272 2318 templatione
2301 2250 2521 2318 pictura:
2550 2248 2854 2317 cujusdam,
2887 2262 3150 2319 generosa
3196 2247 3332 2302 alias
3392 2247 3506 2301 for-

1923 2342 2103 2412 tisque
2142 2342 2357 2396 mulier.
2403 2339 2533 2395 Erat
2574 2352 2753 2395 autem
2801 2343 3024 2408 pictura:
3059 2337 3304 2394 Graecum
3345 2354 3507 2408 argu-

1922 2443 2186 2494 mentum,
2218 2430 2599 2485 Andromacha
2632 2430 2922 2484 Hectorem
2953 2431 3244 2494 comitans,
3278 2443 3502 2498 puerum

1920 2524 1989 2579 ab
2038 2538 2103 2578 eo
2154 2522 2420 2577 redditum
2466 2522 2775 2591 accipiens,
2818 2524 2982 2592 inque
3030 2524 3285 2576 maritum
3336 2522 3509 2590 respi-

1920 2616 2089 2670 ciens.
2141 2613 2290 2668 Hanc
2335 2614 2604 2682 picturam
2658 2614 2885 2668 intuenti
2935 2614 3162 2679 Porcize,
3209 2614 3498 2668 atl'ectuum

1918 2721 2143 2763 suorum
2195 2706 2404 2775 objecta
2455 2703 2658 2773 elligies
2704 2705 2974 2776 lacrymas
3015 2706 3276 2771 excussit,
3327 2706 3501 2760 inter-

1918 2798 2119 2868 diuque
2148 2812 2289 2866 saepe
2318 2812 2383 2850 eo
2418 2798 2683 2851 accedens
2715 2796 2971 2865 ploravit.

2417 2888 2501 2942 Ea:
2545 2888 2713 2941 Paulo
2750 2887 2999 2941 Αέἷηεὶίὶο.

1988 2980 2045 3035 In
2075 2996 2181 3049 quo
2208 2980 2517 3049 passionum
2557 2981 2831 3033 variarum
2874 2978 3299 3048 morborumque
3326 2979 3503 3031 inter-

1924 3088 2113 3127 nornm
2135 3072 2498 3141 principatum
2547 3071 2701 3124 duxit
2723 3070 2981 3127 avaritia.
3010 3069 3082 3124 De
3108 3068 3308 3124 Perseo
3329 3068 3504 3124 Mace—

238 3148 500 3219 Περσέως
528 3146 637 3202 τῶν
666 3144 995 3201 Μακεδόνων
1034 3143 1301 3214 βασιλέως
1328 3145 1372 3175 ⁷⁸
1399 3146 1427 3198 ὁ
1467 3144 1815 3218 Πλούταρχος

1927 3164 2120 3218 donum
2154 3180 2279 3233 rege
2310 3164 2384 3216 ait
2416 3163 2761 3218 Plutarchus.

236 3239 356 3308 λέγε
367 3238 434 3309 ι.)

674 3331 770 3384 Ἐκ
799 3328 906 3383 τοῦ
932 3328 1377 3396 Δημοσθένους.

304 3424 432 3478 Ὅτι
456 3424 503 3457 ⁷³
530 3422 638 3476 τῶν
668 3421 948 3492 πρὲσόεων
972 3420 1033 3485 ἐξ
1100 3419 1340 3487 Ἀθηνῶν
1380 3420 1517 3490 πρὸς
1546 3419 1812 3472 Φίλιππον

237 3513 696 3583 παραγεγονότων
726 3513 926 3584 ἤκουσε
953 3512 1051 3582 μὲν
1077 3511 1122 3547 ⁷⁸
1166 3510 1423 3564 ἁπάντων
1472 3513 1499 3563 ὁ
1529 3509 1815 3576 Φίλιππος,

235 3608 459 3660 ἀντεῖπε
488 3607 544 3661 δὲ
577 3606 716 3677 μετὰ
745 3605 1004 3675 πλείστης
1054 3604 1375 3674 ἐπιμελείας
1430 3602 1565 3673 πρὸς
1596 3602 1687 3654 τὸν
1710 3604 1817 3672 Δη-

240 3699 533 3769 μοσθένους
559 3698 736 3766 λόγον.
767 3700 841 3751 Οὐ
863 3699 969 3767 μὴν
1003 3699 1121 3758 ταῖς
1153 3697 1344 3758 ἄλλαις
1381 3697 1568 3765 τιμαῖς
1595 3696 1685 3748 καὶ¹
1729 3712 1818 3764 φι-

235 3794 596 3865 λοφροσύναις
634 3792 817 3860 ὅμοιον
840 3791 1001 3843 αὐτὸν
1044 3787 1122 3858 τῷ
1155 3786 1487 3857 Δημοσθένει
1521 3789 1804 3856 παρεῖχεν,

236 3882 369 3939 ἀλλὰ
398 3886 494 3941 καὶ
510 3885 819 3956 προσήγετο
841 3884 968 3945 τοὺς
996 3883 1124 3953 περὶ
1158 3879 1286 3951 [645
1317 3878 1410 3950 ll.]
1439 3878 1697 3948 Αἰσχίνην
1722 3878 1817 3931 καὶ

235 3978 573 4050 Φιλοκράτην
619 3976 839 4048 μᾶλλον.
902 3974 1065 4046 [H95
1095 3971 1188 4045 IL]
1222 3972 1384 4025 Ὅθεν
1444 3970 1815 4024 ἐπαινούντων

238 4071 465 4124 ἐκείνων
494 4070 586 4122 τὸν
639 4069 904 4121 Φίλιππον
933 4066 1008 4129 ὡς
1058 4064 1242 4133 λέγειν
1287 4062 1657 4117 δυνατώτατον
1720 4062 1814 4114 καὶ

239 4163 524 4216 κάλλιστον
555 4160 786 4230 ὀφθῆναι
806 4159 901 4213 καὶ
924 4157 989 4229 νὴ
1016 4156 1116 4208 Δία
1142 4157 1399 4226 συμπιεῖν
1430 4152 1811 4216 ίκανώτατον,

242 4254 578 4327 ἠναγκάζετο
604 4251 908 4322 βασκαίνων
934 4248 1303 4303 ἐπισκώπτειν
1333 4247 1408 4310 ὡς
1432 4247 1493 4299 τὸ
1526 4247 1626 4316 μὲν
1655 4263 1813 4315 σοφι-

245 4344 388 4406 στοῦ,
419 4350 478 4397 τὸ
507 4344 562 4396 δὲ
582 4342 857 4416 γυναικξς,
890 4340 1020 4394 τὸδὲ
1048 4340 1315 4408 σπογγιᾶς
1344 4338 1452 4408 εἴη,
1480 4336 1746 4408 βασιλέως
1764 4337 1809 4369 ⁷⁵

242 4433 296 4488 δὲ
322 4435 474 4486 οὐδὲν
501 4432 812 4503 ὲγκώμιονῖ

309 4525 429 4576 Ὅτι
454 4525 499 4554 ⁷³
527 4525 624 4592 τῆς
658 4521 927 4611 θυγατρνὸς
967 4520 1062 4574 τοῦ
1091 4521 1134 4553 ⁷⁷
1168 4519 1543 4590 Δημοσθένους
1590 4520 1808 4576 ἀποθα-
1841 4544 1893 4604 ι)

237 4613 451 4683 νούσης,
482 4614 643 4681 γνοὺς
668 4612 828 4675 αὐτὸς
857 4610 1040 4683 κρύφα
1064 4612 1163 4683 τὴν
1189 4610 1282 4663 τοῦ
1314 4611 1583 4665 Φιλίππου
1618 4613 1805 4665 τελευ-

235 4705 351 4775 τὴν,
386 4705 625 4775 προῆλθε
648 4705 693 4737 ⁷⁸
728 4705 950 4774 φαιδρὺς
980 4706 1059 4766 είς
1097 4703 1194 4773 τὴν
1220 4702 1439 4772 βουλὴν,
1490 4702 1794 4775 ἐπιθαρρύ-

237 4812 342 4847 νων
366 4798 491 4859 τοὺς
532 4796 849 4865 Ἀθηναίους
900 4796 1035 4862 πρὸς
1067 4794 1137 4847 τὰ
1191 4795 1476 4864 μέλλοντα,
1519 4797 1611 4848 καὶ
1664 4797 1799 4866 ὄναρ

237 4888 536 4955 ἑωρακέναι
569 4888 752 4955 ἔλεγεν
777 4887 868 4953 ἀφ’
893 4880 953 4939 οὗ
985 4903 1036 4937 τι
1084 4885 1227 4955 μέγα
1278 4886 1584 4957 προσδοκᾷν
1642 4887 1804 4957 Ἀθη·
1850 4930 1861 4935 -

238 4980 401 5045 ναίοις
419 4983 464 5013 τ’
499 4980 721 5047 ἀγαθόν.
750 4979 862 5031 Καὶ
896 4976 1011 5047 μετ’
1037 4976 1098 5029 οὐ
1132 4976 1266 5030 πολὺ
1296 4978 1550 5047 παρῆσαν
1573 4978 1618 5008 ⁸ο
1649 4979 1694 5029 ol
1716 4978 1808 5029 τὸν

238 5071 498 5125 Φιλίππου
535 5071 765 5123 θάνατον
797 5067 1254 5135 ἀπαγγέλλοντες,
1306 5068 1400 5120 καὶ
1456 5068 1795 5138 παρῆλθεν⁸¹

240 5164 265 5214 ὁ
300 5164 647 5235 Δημοσθένης
701 5161 1166 5231 ἐστεφανωμένος,
1219 5159 1358 5231 ἔχων
1414 5160 1510 5213 Val.
1555 5160 1807 5229 λαμπρὸν

2366 3337 2452 3392 Ea:
2489 3340 2854 3395 Demosthenis
2895 3338 3039 3393 Vita.

1992 3433 2259 3487 Omnibus
2308 3432 2507 3486 auditis
2565 3432 2757 3501 legatis
2801 3432 3216 3486 Atheniensium
3267 3433 3360 3502 qui
3434 3436 3500 3487 ad

1920 3541 1979 3580 se
2022 3535 2302 3590 venerant,
2332 3524 2606 3594 Philippus
2675 3524 3099 3578 accuratissime
3150 3525 3502 3580 Demostheni

1923 3617 2221 3684 respondit.
2256 3616 2476 3670 Honore
2520 3626 2700 3670 autem
2741 3627 2797 3670 et
2842 3615 3182 3670 humanitate
3215 3633 3363 3683 eum,
3396 3632 3502 3685 qua

1919 3716 2162 3772 casteros,
2194 3723 2299 3761 non
2330 3709 2520 3761 eadem
2572 3716 2656 3760 est
2705 3717 3045 3776 prosecutus,
3091 3707 3407 3762 Eschiuem
3450 3718 3504 3763 et

1920 3796 2283 3850 Philocratem
2321 3797 2495 3864 magis
2529 3790 2833 3863 amplexus.
2881 3794 3243 3860 Quamobrem
3277 3795 3343 3849 iis
3377 3794 3503 3849 Phi-

1917 3887 2120 3956 lippum
2170 3886 2538 3953 laudantibus,
2588 3888 2729 3955 quod
2783 3896 2837 3940 et
2885 3885 3313 3941 facundissimus
3357 3897 3501 3941 esset

1917 3987 1971 4029 ct
2004 3975 2452 4039 formosissimus,
2484 3985 2540 4027 et
2567 3974 2805 4042 optimus
2850 3983 3085 4044 potator,
3123 3974 3336 4028 invidite
3379 3989 3503 4029 suc-

1916 4066 2176 4119 cumbens
2236 4065 2303 4118 ad
2357 4065 2661 4119 irridendas
2718 4080 2810 4119 eas
2874 4066 3062 4119 laudes
3128 4081 3186 4120 se
3250 4067 3501 4131 contulit,

1917 4153 2116 4207 nullam
2165 4156 2370 4223 regiam
2402 4155 2614 4209 laudem
2640 4155 2726 4209 hic
2752 4171 2873 4210 esse
2904 4156 3112 4222 dicens,
3142 4158 3233 4210 sed
3266 4158 3496 4226 primum

1917 4245 2147 4314 rhetori,
2179 4245 2411 4301 alterum
2464 4247 2700 4314 mulieri,
2744 4248 2963 4303 tertium
3015 4248 3252 4317 spongiae
3303 4263 3501 4303 conve-

1916 4352 2059 4391 mre.

1986 4514 2193 4569 Mortua
2242 4513 2349 4568 lilia
2387 4513 2798 4578 Demosthenes,
2847 4528 2971 4566 eum
3006 4512 3070 4565 de
3099 4512 3247 4566 obitu
3291 4511 3502 4566 occulte

1921 4606 2149 4674 Philippi
2181 4606 2548 4674 cognovisset,
2581 4612 2639 4657 ut
2669 4604 2877 4656 animos
2908 4602 3320 4655 Atheniensium
3358 4602 3499 4655 bona

1913 4698 2223 4751 futurorum
2267 4711 2360 4765 spe
2404 4696 2599 4762 injecta
2634 4705 3065 4764 praeoccuparet,
3102 4694 3221 4747 laeto
3253 4695 3404 4747 vultu
3444 4695 3498 4747 in

1911 4800 2161 4846 senatum
2201 4788 2439 4858 prodiit,
2469 4787 2740 4841 somnium
2777 4800 2835 4839 se
2868 4785 3073 4839 vidisse
3111 4783 3319 4852 ferens,
3354 4786 3498 4854 quod

1917 4897 2168 4950 magnam
2224 4880 2456 4949 aliquam
2510 4878 2706 4949 populo
2761 4878 3075 4932 felicitatem
3129 4880 3497 4948 protenderet.

1912 4973 2081 5029 Paulo
2114 4980 2235 5042 post
2270 4970 2513 5031 adfuere,
2551 4971 2640 5037 qui
2680 4969 2986 5038 Philippum
3039 4972 3152 5025 vita
3196 4972 3499 5025 excessisse

1912 5068 2283 5123 enuntiarent.
2313 5064 2646 5135 Progressus
2678 5072 2761 5119 est
2804 5066 2973 5119 etiam
3008 5065 3061 5119 in
3090 5066 3361 5135 publicum
3396 5064 3500 5118 De-

1915 5162 2232 5229 mosthenes
2270 5157 2547 5226 splendide
2567 5160 2795 5211 vestitus
2824 5172 2888 5211 ac
2919 5168 3234 5221 coronatus,
3265 5157 3499 5225 septimo

1502 5280 1738 5339 VAle
1778 5281 2189 5343 “ECTIONES.

308 5369 351 5400 eo
380 5371 581 5439 κόσμου
612 5388 673 5435 ς,
749 5371 791 5409 σί
816 5368 1077 5430 πλούτους
1106 5388 1167 5433 ς.
1245 5372 1287 5439 β’
1323 5372 1381 5422 ἐν
1409 5372 1529 5437 μέν]
1557 5388 1608 5427 C.
1642 5374 1732 5430 25.

268 5439 417 5492 πολιο
454 5443 545 5492 κία
562 5458 621 5503 ς,
699 5440 745 5475 ⁸⁸
769 5439 1009 5509 Ἕκτωρ]

240 5499 304 5575 ᾧ]
340 5526 388 5564 c.
550 5511 594 5540 ⁷⁰
619 5510 961 5575 ἐπρώτευσεν
984 5528 1009 5573 ς

241 5574 371 5648 λείως
401 5580 455 5632 δέ
479 5581 521 5631 Α
548 5596 560 5631 :
597 5579 652 5631 δὲ
679 5574 940 5648 βασιλέως
966 5598 1025 5645 ς.
1101 5582 1151 5616 ⁷⁸
1180 5578 1285 5643 ὅτι]
1321 5596 1370 5635 c.
1404 5581 1495 5634 2'2.

1154 5408 1178 5450 -.
1245 5377 1287 5450 1'
1323 5377 1529 5450 ένιιέν]
1557 5388 1612 5450 σε
1642 5377 1732 5450 π-
1817 5377 2155 5450 satam»;

1031 5441 1092 5492 ἐκ
1112 5438 1301 5515 τῶν-Β.
1381 5441 1782 5515 ⁸⁷,κομιζομένη
1813 5449 1852 5500 Β

550 5510 961 5583 ⁷⁰Αέπρώτευσεν
984 5528 1044 5573 ς.
1103 5510 1490 5583 γτίνδὲ-οιηηᾼ.
1565 5514 1610 5543 ⁷²
1642 5510 1908 5583 βασιλέως
1953 5510 2168 5568 amnt}.

1599 5587 1642 5618 ⁷⁷
1669 5586 1762 5638 τοῦ
1794 5605 1904 5642 om.
1939 5588 1996 5639 Β.
2079 5584 2125 5616 ⁷⁸
2152 5585 2426 5654 προσῆλθε
2454 5598 2536 5648 pr.
2566 5584 2630 5636 Α.

244 5646 407 5716 βῆσαν
448 5662 566 5720 post
624 5646 1055 5720 ἀπαγγέλλοντες
1105 5650 1255 5720 ponit
1300 5655 1363 5704 A.
1415 5653 1459 5683 3‘
1493 5655 1795 5724 προσῆλθεν
1828 5676 1886 5721 ς.

2249 5371 2295 5444 εξ
2323 5368 2455 5444 ἧκεν
2492 5371 2533 5423 Α
2572 5394 2584 5423 :
2632 5371 2904 5444 éngvﬁzsv
2944 5388 3003 5433 ς.
3028 5440 3039 5444 _
3081 5368 3128 5400 ⁸⁸
3171 5365 3492 5444 ΠορκίαΑῆζ

1951 5446 1994 5477 ⁸⁸
2019 5440 2290 5511 Αἰμιλίου]
2320 5438 2553 5511 Βρούτου
2585 5444 2658 5495 A:
2688 5438 2729 5491 Β
2751 5443 2892 5511 enim
2924 5440 3149 5511 titulum
3180 5453 3312 5511 om_._
3345 5439 3414 5511 f9
3437 5438 3496 5488 ἐν

2247 5502 2421 5575 ηδέι]
2457 5528 2505 5565 c.
2552 5512 2634 5564 te.
2731 5508 2776 5541 τι
2810 5509 2906 5576 μὲν
2943 5511 3069 5562 ωιιι.
3127 5510 3191 5560 Α.
3269 5507 3495 5576 ηβασι-

2728 5583 2771 5614 τθ
2797 5579 3123 5647 ’Λθηναίους
3174 5576 3233 5632 ι).
3311 5577 3356 5609 ⁸⁸
3382 5593 3493 5629 πα-

1786 5747 2015 5803 NOT/E.

323 5837 432 5904 (Ἠ)
466 5837 549 5893 Sit:
580 5836 993 5893 emendandum.
1030 5835 1163 5892 Mde
1193 5836 1335 5911 cnim
1357 5836 1441 5893 hic
1482 5835 1795 5905 πολιορκίαν

1927 5839 2050 5902 itur,
2080 5853 2173 5901 pro
2205 5833 2460 5903 Πορκίαν.
2499 5831 2710 5898 Porcia,
2746 5831 2892 5886 Bruti
2929 5844 3083 5886 uxor.
