3924 6422
202 400 321 465 1441

1240 394 1763 453 BIBLIOTIIECA.
1790 418 1855 429 --
1887 393 2052 453 COD.
2111 391 2372 454 CCXLV.

3312 387 3452 454 1442

198 510 282 567 ἀπ’
312 505 477 574 ἀρχῆς
502 500 659 567 όδῶν,
685 500 786 571 τῆς
821 499 920 569 μὲν
954 501 1049 553 ἐπὶ
1109 499 1171 553 τὸ
1206 500 1358 571 βῆμα
1399 503 1492 555 καὶ
1533 503 1634 573 τὴν
1669 503 1764 554 ἐκ·

1876 515 1949 564 se,
1979 500 2023 553 si
2059 499 2127 552 ab
2168 498 2324 552 initio
2357 498 2475 552 (tute
2519 496 2810 566 prepositze
2851 494 3083 550 fuissent
3120 494 3241 556 vim,
3277 496 3451 550 altera

197 598 437 667 κλησίαν,
479 592 577 661 τῆς
603 591 661 644 δὲ
685 591 946 661 ἄντικρυς
970 591 1053 653 είς
1075 589 1166 643 τὸν
1190 590 1434 661 ὄλεθρον,
1471 592 1764 662 ἐτύγχανεν

1876 592 1939 645 ad
1970 600 2281 660 suggestum
2312 599 2367 643 et
2394 590 2731 653 concionem,
2764 589 2932 643 altera
2977 588 3043 642 ad
3082 597 3290 643 certum
3326 586 3447 640 exi-

197 688 343 750 εἰδὼς
366 684 435 737 τὰ
491 685 636 737 κατά
693 683 792 752 τὴν
858 682 1136 735 πολιτείαν
1188 684 1352 747 κακὰ,
1415 683 1614 751 φόόους
1662 684 1761 736 καὶ

197 781 414 851 φθόνους
440 780 536 830 καὶ
569 764 823 837 διαϐολὰς
852 774 948 826 καὶ
998 773 1259 842 ἀγωνίας.
1293 775 1387 827 ἐπὶ⁵
1436 774 1646 845 ταύτην
1695 775 1763 828 ἂν

196 873 423 945 ὁρμῆσαι
453 870 554 940 τήν
575 869 705 922 εὐθὺ
732 868 825 921 τοῦ
853 867 1084 922 θανάτου
1115 865 1417 921 τείνουσαν.

666 1044 766 1097 Ἐκ
794 1043 900 1099 τοῦ
932 1046 1287 1112 Κικέρωνος.

263 1137 381 1188 Ὅτι
423 1137 444 1166 ⁸
486 1135 549 1188 οὐ
606 1136 800 1206 μικρά,
854 1136 1040 1205 φησὶν,
1074 1138 1140 1189 ὲκ
1190 1136 1286 1190 τοῦ
1338 1136 1768 1207 ύποκρίνεσθαι³

199 1227 330 1300 ῥοπὴ
357 1227 567 1297 προσῆν
596 1229 676 1289 είς
702 1227 763 1280 τὸ
800 1227 1007 1281 πείθειν
1034 1227 1113 1298 τῷ
1152 1228 1430 1298 Κικέρωνι
1456 1244 1470 1257 ’
1503 1228 1599 1280 καὶ
1639 1228 1769 1290 τοὺς

198 1321 270 1389 τῷ
318 1317 529 1387 μεγάλα
568 1317 697 1388 βοᾷν
742 1318 1059 1387 χρωμένους
1117 1320 1355 1389 ῥήτορας
1401 1318 1767 1373 ἐπισκώπτων

199 1414 341 1479 ἔλεγε
368 1410 436 1464 δι’
484 1411 768 1464 ἀσθένειαν
800 1411 893 1463 ἐπὶ
941 1411 1040 1479 τὴν
1071 1411 1319 1482 κραυγὴν
1356 1412 1377 1443 ⁸
1424 1410 1614 1481 ὥσπερ
1640 1413 1769 1475 τοὺς

198 1503 400 1576 χωλοὺς
426 1502 510 1570 ἐφ’
540 1502 705 1556 ἵππον
726 1504 747 1534 ⁵
779 1503 972 1573 πηδᾷν.
995 1504 1120 1555 Ὀτι
1138 1502 1158 1534 ⁸
1181 1502 1241 1555 τὸ
1266 1504 1363 1572 μὲν
1383 1503 1517 1574 πρὸς
1540 1503 1768 1573 ἐχθροὺς

197 1594 397 1665 ἢπρὸς
428 1593 735 1656 ἀντιδίκους
778 1594 1078 1663 σκώμμασι
1135 1593 1373 1664 χρῆσθαι
1425 1595 1768 1665 πικροτέροις

196 1688 334 1740 δοκεῖ
364 1686 653 1756 ῥητορικὸν
688 1681 859 1738 εἶναι’
894 1685 957 1737 τὸ
993 1684 1050 1738 δὲ
1094 1679 1177 1748 οἷς
1208 1684 1364 1754 ἔτυχε
1404 1685 1768 1757 προσκρούειν

197 1780 352 1831 ἓνεκα
383 1776 478 1829 τοῦ
526 1777 739 1844 γελοίου
785 1775 919 1829 πολὺ
969 1777 1246 1846 συνήγαγε
1289 1780 1443 1847 μῖσος
1491 1776 1569 1847 τῷ
1597 1778 1767 1831 Κικέ-

1875 679 2006 732 tium
2035 674 2260 743 ducens,
2297 694 2362 733 ac
2393 678 2436 732 si
2478 680 2840 746 praescivisset
2877 678 3012 731 mala
3049 692 3167 747 quae
3202 677 3253 730 in
3290 690 3453 745 repu-

1873 771 2011 826 blica
2074 771 2423 826 versantibus
2479 770 2819 833 incumbunt,
2875 780 3133 833 terrores,
3196 769 3451 832 invidias,

1873 862 2195 927 calumnias,
2240 863 2642 928 contentiones,
2689 865 2875 931 utique
2914 878 3032 916 eam
3078 862 3450 931 ingressurum

1876 954 2042 1011 fuisse
2073 970 2180 1026 qua
2210 968 2354 1011 recta
2388 957 2455 1009 ad
2492 955 2771 1009 interitum
2806 955 2957 1009 isset.

2363 1046 2557 1117 395a
2600 1044 2649 1097 E
2685 1046 2953 1100 Cicerone.

1948 1134 2093 1190 Sane
2128 1135 2292 1201 actio,
2331 1137 2525 1205 inquit,
2561 1136 2811 1191 Ciceroni
2858 1134 2999 1189 haud
3048 1135 3163 1191 leve
3208 1153 3453 1192 momen-

1877 1236 1989 1280 tum
2043 1227 2111 1281 ad
2162 1229 2597 1298 persuadendum
2637 1227 2867 1282 contulit
2910 1246 2923 1282 :
2961 1228 3210 1297 idemque
3263 1244 3454 1295 magna

1876 1320 2264 1375 vociferatione
2288 1330 2502 1375 utentes
2520 1329 2767 1375 oratores
2798 1320 3049 1379 irridens.
3078 1321 3148 1374 ob
3177 1319 3457 1373 imbecilli-

1880 1421 2042 1463 tatem
2091 1411 2156 1464 ad
2195 1411 2510 1475 clamorem,
2557 1411 2724 1465 veluti
2767 1412 2993 1465 claudos
3021 1411 3087 1462 ad
3120 1425 3291 1479 equos
3324 1426 3459 1465 con-

1878 1503 2063 1571 fugere
2095 1503 2328 1557 dicebat.
2366 1504 2638 1559 Couviciis
2679 1503 3049 1557 acerbioribus
3092 1502 3339 1557 inimicos
3368 1505 3456 1559 vel

1876 1592 2223 1647 adversarios
2269 1593 2512 1646 dicteriis
2563 1592 2817 1645 insectari
2869 1591 3084 1646 videtur
3130 1593 3451 1656 oratorium,

1878 1686 2187 1753 proximum
2221 1698 2351 1738 vero
2378 1684 2517 1738 risus
2544 1684 2792 1753 captandi
2818 1699 2982 1739 causa
3012 1682 3290 1739 olfendens
3319 1684 3456 1738 mul-

1879 1784 2055 1829 torum
2100 1775 2155 1829 in
2197 1790 2257 1831 se
2306 1776 2427 1831 odia
2478 1776 2790 1831 concitavit.
2841 1775 2907 1830 Et
2978 1792 3043 1831 ex
3116 1778 3217 1831 hac
3260 1777 3457 1831 dicaci-

202 1886 346 1943 ρωνι,
374 1869 470 1922 καὶ
498 1870 561 1922 ὲκ
591 1867 780 1921 τούτου
808 1868 1023 1930 πολλοῖς
1049 1867 1271 1934 γέγονεν
1302 1868 1574 1937 ἐπαχθὴς,
1593 1868 1687 1920 καλ⁵
1719 1870 1765 1921 oi

1876 1873 1985 1920 tale
2045 1868 2245 1922 multos
2314 1869 2530 1937 paravit
2588 1869 2886 1934 inimicos,
2948 1868 3274 1939 Clodiusque
3328 1884 3454 1924 cum

201 1962 331 2030 μετὰ
356 1960 601 2014 Κλωδίου
631 1959 969 2029 συνέστησαν
1002 1961 1089 2012 ἐπ’
1119 1960 1280 2013 αὑτὸν
1306 1960 1479 2029 ἀρχὴν
1510 1960 1768 2031 τοιαύτην

198 2053 465 2115 λαϐόντες.
500 2052 623 2105 Ὅτι
648 2053 747 2104 ⁷τὸ
781 2052 1108 2104 λεπτότατον
1156 2052 1250 2105 τοῦ
1283 2052 1485 2121 χαλκοῦ
1526 2053 1769 2123 νόμισμα

201 2143 566 2214 κουαδράντην
618 2142 875 2212 Ῥωμαῖοι
936 2141 1212 2195 καλοῦσιν.
1266 2142 1389 2193 Ὅτι
1430 2142 1451 2173 ⁹
1516 2141 1759 2209 λέγεται,

197 2236 341 2304 φησὶ,
376 2235 477 2297 τάς
512 2231 733 2303 πρώτας
767 2232 985 2303 ήμέρας
1018 2232 1474 2301 διαγωνισάμενος
1507 2232 1646 2301 ὑπὲρ
1676 2230 1768 2285 τοῦ

197 2324 503 2395 Κικέρωνος
532 2326 560 2376 6
587 2324 805 2392 Καῖσαρ
834 2321 1078 2375 ἐνδοῦναι
1110 2325 1176 2393 τῇ
1204 2323 1359 2395 τρίτῃ
1388 2323 1482 2376 καὶ
1507 2322 1769 2393 προέσθαι

194 2416 279 2468 τὸν
304 2414 481 2483 φίλον.
508 2413 590 2467 Τά
639 2413 695 2465 δὲ
742 2412 842 2481 τῆς
872 2411 1193 2474 ἀντιδόσεως
1244 2410 1416 2475 οὕτως
1449 2406 1627 2481 εἶχεν
1663 2411 1769 2464 ἔδει

198 2508 503 2576 Κικέρωνος
535 2504 634 2574 μὲν
658 2504 918 2573 ἐκστῆναι
946 2502 1222 2575 Καίσαρα,
1256 2503 1468 2557 Παύλου
1497 2504 1555 2557 δὲ
1583 2504 1771 2557 τάδελ-

195 2599 290 2668 φοῦ
318 2599 572 2660 Λέπιδον,
601 2597 832 2651 Λευκίου
877 2596 935 2650 δὲ
968 2596 1242 2666 Καίσαρος
1265 2594 1572 2660 Ἀντώνιον,
1616 2594 1672 2658 6;
1701 2591 1769 2665 ἦν

197 2692 328 2755 θεῖος
360 2690 515 2761 αὐτῷ
545 2692 681 2760 πρὸς
706 2690 932 2759 μητρός.
967 2687 1149 2750 Οὕτως
1176 2688 1434 2754 ἐξέπεσον
1466 2688 1569 2741 ὑπὸ
1594 2687 1767 2758 θυμοῦ

196 2783 281 2834 καὶ
309 2779 515 2851 λύσσης
552 2780 659 2832 τῶν
684 2780 725 2810 ίτ
756 2777 1115 2847 ἀνθρωπίνων
1149 2777 1447 2846 λογισμῶν,
1476 2776 1677 2846 μᾶλλον
1712 2776 1767 2827 δὲ

193 2872 476 2936 ἀπέδειξαν
506 2872 581 2934 ώς
632 2871 785 2924 οὐδὲν
823 2869 1010 2941 θηρίον
1031 2867 1321 2939 ἀνθρώπου
1369 2868 1517 2921 ἐστὶν
1560 2866 1767 2937 ἀγριώ-

192 2981 362 3035 τερον,
394 2960 649 3027 ἐξουσίαν
683 2960 848 3015 πάθει
879 2958 1302 3030 προσλαϐόντος.

682 3052 780 3107 Ἐκ
812 3052 919 3106 τοῦ
955 3052 1275 3117 Φωκίονος.

258 3146 380 3198 Ὅτι
412 3145 480 3211 ”,
508 3143 699 3216 φησὶν,
731 3144 759 3196 6
785 3141 1013 3195 Φωκίων
1042 3142 1248 3211 τραχὺς
1268 3136 1337 3211 ἦν
1366 3138 1460 3191 καὶ
1478 3138 1728 3209 κατηφής
1748 3155 1762 3168 ⁸

191 3236 266 3289 διὸ
309 3237 407 3291 καλ⁸
438 3236 898 3304 Ἀριστογείτονος
944 3231 1041 3286 τοῦ
1089 3232 1426 3300 συκοφάντου
1466 3230 1764 3300 πολεμικοῦ

190 3328 333 3390 ὄντος
362 3331 425 3381 ἐν
483 3328 604 3389 ταῖς
634 3324 952 3399 ἐκκλησίαις
995 3323 1087 3376 καὶ
1116 3323 1513 3393 παροξύνοντος
1542 3321 1636 3373 ἐπὶ
1669 3322 1767 3383 τὰς

190 3417 418 3487 πράξεις
442 3416 533 3470 τὸν
558 3416 750 3486 δῆμον,
777 3416 835 3468 ὲν
868 3414 925 3467 δὲ
955 3414 1033 3485 τῷ
1062 3413 1351 3483 καταλόγῳ
1378 3412 1769 3483 προσελθόντος

189 3505 279 3557 ἐπὶ
307 3504 586 3576 βακτηρίᾳ
618 3502 693 3556 τὼ
726 3502 892 3572 σκέλη
930 3503 972 3533 ¹²
1004 3503 1442 3574 καταδεδεμένω;
1482 3503 1766 3577 πόρρωθεν

189 3596 343 3649 αὐτὸν
375 3596 489 3649 ἀπὸ
522 3594 612 3648 τοῦ
667 3595 910 3665 βήματος
954 3596 1078 3650 ἴδὼν
1114 3600 1142 3648 6
1187 3597 1413 3650 Φωκίων
1449 3598 1725 3675 ἀνέκραγε
1747 3611 1761 3624 ·

188 3688 386 3759 Γράεσε
423 3688 521 3741 καί
564 3687 1044 3759 Ἀριστογείτονα
1085 3688 1287 3757 χωλὸν
1331 3689 1431 3742 καί
1471 3688 1762 3757 πονηρόν.

192 3781 349 3837 Ὥστε
382 3780 691 3853 Θαυμάζειν
742 3783 891 3846 ὅπως
940 3782 1037 3835 καὶ
1084 3781 1281 3835 ὁπόθεν
1337 3781 1541 3851 τραχὺς
1594 3780 1765 3843 οὕτως

186 3878 319 3949 ἀνὴρ
388 3880 485 3932 καὶ
525 3877 849 3947 σκυθρωπὸς
897 3879 1167 3946 ἐκτήσατο
1215 3875 1315 3947 τὴν
1377 3874 1470 3929 τοῦ
1524 3873 1764 3946 χρηστοῦ

187 3971 584 4041 προσηγορίαν.
619 3969 775 4021 Ἔστι
809 3968 887 4031 δὲ,
920 3961 1103 4036 οἶμαι,
1123 3966 1379 4037 χαλεπὸν,
1404 3966 1465 4019 οὐ
1501 3966 1608 4037 μὴν
1633 3966 1764 4019 ἀδύ-

186 4079 362 4125 νατον,
396 4060 526 4133 [645
555 4058 647 4131 Η.]
676 4059 866 4128 ὥσπερ
906 4054 1068 4119 οἶνον.
1095 4057 1192 4109 καὶ
1225 4057 1513 4127 ἄνθρωπον
1540 4058 1630 4109 τὸν
1664 4056 1764 4107 αύ-

186 4153 273 4204 τὺν
312 4152 441 4222 ήδὺν
491 4150 608 4221 ἅμα
645 4149 739 4202 καὶ
784 4147 1058 4219 αὐστηρὸν
1099 4141 1260 4209 εἶναι,
1297 4145 1553 4215 καθάπερ
1586 4146 1764 4216 ἕτεροι

187 4245 346 4298 πάλιν
380 4244 695 4314 φαινόμενοι
721 4241 942 4309 γλυκεῖς
968 4239 1288 4310 ἀηδέστατοι
1317 4240 1430 4301 τοῖς
1460 4237 1764 4308 χρωμένοις

187 4337 289 4391 εἰσὶ
340 4335 435 4389 καὶ
492 4331 915 4403 βλαϐερώτατοι.
974 4330 1082 4384 Καί
1129 4330 1208 4381 τοί
1257 4346 1420 4397 φασιν
1472 4327 1765 4399 Ὑπερίδην

186 4428 313 4481 ποτὲ
345 4430 523 4481 εἰπεῖν
547 4426 682 4497 πρὸς
714 4425 802 4477 τὸν
825 4423 995 4493 δῆμον
1014 4441 1028 4455 ·
1062 4420 1309 4488 Ἄνδρες
1334 4418 1646 4486 Ἀθηναῖοι,
1674 4419 1761 4487 μὴ

185 4519 469 4574 σκοπεῖτε
521 4519 715 4588 μόνον
754 4518 805 4569 εί
862 4514 1074 4583 πικρός
1120 4516 1256 4582 ειμι,
1285 4511 1422 4567 ἀλλ’
1452 4514 1502 4565 ει
1547 4511 1763 4580 προῖκά

182 4615 297 4681 εἰμι
323 4610 561 4681 πικρός.
591 4608 816 4662 Φωκίων
851 4608 1028 4661 τοίνυν
1057 4606 1226 4677 ἔχθρᾳ
1257 4604 1356 4674 μὲν
1386 4604 1495 4657 τῶν
1532 4604 1764 4656 πολιτῶν

183 4704 368 4767 κακῶς
400 4702 599 4759 οὐδένα
623 4700 900 4770 εποίησεν,
930 4697 1049 4752 οὐδὲ
1079 4695 1326 4766 ἐνόμιζεν
1363 4694 1559 4767 ἐχθρόν
1585 4711 1597 4724 ·
1646 4695 1762 4749 ἀλλ’

181 4795 303 4848 ὅσον
332 4795 443 4848 ἔδει
468 4794 615 4865 μόνῳ
640 4792 715 4863 τῷ
741 4791 1080 4861 ὲνισταμένῳ
1106 4786 1185 4853 οἷς
1214 4788 1479 4859 ἔπραττεν
1500 4789 1641 4859 ὑπὲρ
1664 4789 1764 4858 τῆς

184 4888 443 4959 πατρίδος
474 4884 962 4954 κατεξαναστῆναι,
996 4883 1201 4954 τραχύς
1242 4899 1302 4935 τε
1329 4882 1372 4913 ⁸³
1397 4881 1471 4939 ὢν
1507 4881 1602 4934 καὶ
1633 4880 1762 4934 δυσ-

188 4980 480 5039 εκϐίαστος
540 4978 633 5030 καὶ
702 4976 1099 5046 ἀπαραίτητος,
1165 4975 1246 5037 είς
1292 4973 1384 5027 τὸν
1438 4972 1598 5026 ἄλλον
1651 4971 1763 5041 βίον

182 5071 392 5141 εὐμενῆ
446 5072 584 5122 πᾶσι
622 5069 715 5122 καὶ
764 5067 943 5121 κοινὸν
996 5067 1093 5120 καὶ
1132 5067 1514 5137 φιλάνθρωπον
1574 5064 1765 5118 ἑαυτὸν

184 5164 473 5232 παρεῖχεν,
506 5160 648 5214 ὥστε
682 5159 777 5213 καὶ
814 5158 1074 5212 πταίσασι
1106 5158 1317 5227 βοηθεῖν
1359 5158 1454 5211 καὶ
1483 5157 1764 5211 κινδυνεύ-

184 5271 306 5305 ουσι
342 5252 797 5320 συνεξετάζεσθαι
829 5252 871 5283 ⁸⁸
902 5253 1013 5314 τοῖς
1038 5250 1339 5321 διαφόροις.

257 5344 385 5397 ’Ότι
435 5344 478 5374 ⁸⁵
530 5343 884 5412 Ἀντίπατρον
932 5343 1022 5394 τὸν
1068 5342 1408 5405 Μακεδονίας
1457 5340 1765 5411 στρατηγὸν

183 5433 408 5505 λέγεται
443 5438 614 5490 εἰπεῖν
657 5436 731 5499 ὡς
779 5437 927 5490 δυοῖν
957 5434 1106 5505 αὐτῷ
1153 5435 1323 5505 φίλων
1352 5433 1645 5505 Ἀθήνῃσιν
1677 5434 1762 5486 δν-

1874 1961 1996 2013 aliis
2054 1961 2195 2014 hanc
2253 1959 2592 2015 occasionem
2659 1970 2847 2014 nactus
2909 1961 3257 2030 conspiravit.
3319 1960 3452 2015 Om-

1878 2050 2026 2103 nium
2075 2050 2357 2103 minimum
2409 2052 2550 2119 apud
2582 2051 2857 2105 Romanos
2934 2051 3198 2104 numisma
3254 2066 3453 2105 aereum

1872 2147 1959 2193 est
2004 2140 2297 2208 quadrans.
2346 2140 2562 2205 Fertur,
2618 2141 2811 2207 inquit,
2863 2138 3044 2194 Caesar
3091 2155 3214 2193 cum
3263 2140 3455 2210 primis

1874 2229 2065 2285 diebus
2118 2247 2217 2302 pro
2264 2231 2544 2286 Ciceronis
2600 2232 2774 2286 salute
2826 2240 3110 2295 certasset,
3160 2233 3321 2285 tertia
3369 2231 3457 2285 die

1872 2320 2236 2385 concessisse,
2275 2331 2337 2373 ut
2375 2320 2588 2375 amicus
2622 2321 3074 2389 proscriberetur.
3112 2320 3235 2374 Fuit
3271 2331 3455 2375 autem

1872 2412 2202 2482 permutatio
2242 2412 2316 2465 ita
2359 2413 2633 2477 instituta,
2672 2422 2730 2465 ut
2762 2414 2942 2466 Caesar
2977 2412 3315 2477 Ciceronem,
3350 2411 3454 2466 Le-

1820 2504 1823 2507 ’
1873 2504 2031 2573 pidus
2086 2503 2307 2559 Paulum
2359 2506 2607 2567 fratrem,
2664 2504 2886 2559 Lucium
2950 2505 3223 2559 Caesarem
3282 2520 3453 2558 avun-

1870 2595 2054 2649 culum
2100 2597 2371 2650 Antonius
2424 2597 2688 2666 proscribi
2739 2597 3133 2665 permitterent.
3180 2598 3328 2652 Adeo
3373 2599 3453 2651 ira

1870 2688 1950 2743 eis
1981 2698 2035 2741 et
2067 2689 2245 2742 rabies
2274 2704 2465 2744 omnes
2501 2690 2769 2744 humanas
2803 2690 3165 2758 cogitationes
3192 2705 3452 2746 excusse-

1875 2789 1993 2831 rant
2031 2798 2043 2832 :
2083 2779 2192 2833 imo
2221 2790 2402 2832 autem
2445 2779 2518 2833 illi
2571 2781 3038 2845 demonstrarunt,
3084 2780 3283 2834 nullam
3333 2794 3458 2836 esse

1872 2870 2105 2922 belluam
2141 2870 2380 2935 homine,
2416 2880 2689 2941 potestate
2736 2875 2803 2949 ad
2852 2873 3280 2939 exsequendum,
3310 2872 3455 2941 quod

1870 2961 2187 3030 perturbato
2220 2963 2404 3017 animo
2436 2963 2697 3025 decrevit,
2732 2973 2964 3024 armato,
2998 2961 3345 3017 ferociorem.

2431 3052 2516 3106 Ea:
2554 3052 2843 3108 Phocione.

1943 3143 2068 3198 Fuit
2105 3143 2348 3200 Phocion
2388 3160 2611 3200 severus
2637 3156 2691 3200 et
2722 3148 2969 3201 tetricus.
3010 3146 3143 3200 Cum
3184 3147 3454 3201 exercitus

1870 3236 2254 3291 conscribendi
2301 3252 2466 3291 causa
2516 3254 2612 3307 pro
2661 3239 2913 3292 tribunali
2955 3238 3149 3292 sedens
3184 3237 3453 3307 Aristogi-

1872 3336 2052 3381 tonem
2089 3330 2500 3398 sycophantam,
2532 3332 2623 3397 qui
2673 3335 2723 3383 In
2768 3332 3123 3386 concionilms
3153 3328 3233 3385 ad
3256 3332 3452 3387 bellmn

1871 3422 2111 3475 excitare
2143 3423 2399 3489 populum
2431 3422 2622 3476 solitus
2656 3420 2855 3490 fuerat,
2885 3423 3069 3493 procul
3110 3439 3230 3477 cmn
3264 3422 3467 3477 liaculo-

1870 3523 1924 3567 et
1962 3527 2120 3566 crure
2151 3513 2392 3583 obligato
2428 3515 2577 3569 adire
2610 3515 2833 3577 videret,
2869 3514 3195 3567 exclamavit
3226 3532 3240 3568 :
3275 3513 3454 3568 Scribe

1868 3604 2280 3673 Aristogitonem
2310 3605 2469 3657 etiam
2510 3605 2759 3658 claudum
2797 3616 2846 3657 et
2882 3621 3127 3675 nequam.
3159 3606 3237 3659 Ac
3266 3604 3457 3657 mirari

1868 3696 2085 3764 quidem
2121 3697 2293 3765 possit
2332 3712 2437 3749 non
2488 3712 2669 3760 nemo,
2716 3698 2987 3765 quomodo
3039 3697 3107 3750 ita
3145 3711 3369 3750 severus
3402 3705 3463 3751 et

1869 3791 2035 3842 durus
2064 3803 2262 3842 nomen
2296 3788 2427 3842 Boni
2463 3788 2748 3842 invenerit.
2796 3788 2903 3843 Sed
2950 3786 3188 3841 arbitror
3228 3794 3283 3841 ut
3318 3786 3454 3840 ditii-

1867 3881 1970 3935 cile
2015 3895 2157 3945 esse,
2190 3881 2264 3935 ita
2315 3890 2491 3934 tamen
2545 3879 2659 3935 fieri
2716 3895 2895 3951 posse,
2936 3880 3014 3935 uti
3072 3880 3214 3933 idem
3267 3879 3457 3944 homo,

1867 3974 2006 4027 sicut
2036 3982 2091 4027 et
2121 3974 2327 4037 vinum,
2358 3972 2531 4027 dulcis
2559 3973 2721 4028 simul
2754 3984 2808 4028 et
2839 3983 3092 4029 austerus
3122 3974 3195 4028 sit
3222 3990 3237 4028 :
3264 3989 3460 4043 quem-

1866 4064 2155 4118 admodum
2206 4073 2399 4119 contra
2448 4064 2691 4119 nonnulli
2738 4081 2859 4120 cum
2907 4079 3103 4120 suaves
3141 4066 3451 4128 videantur,

1868 4156 2206 4210 acerbissimi
2267 4166 2393 4211 sunt
2449 4156 2733 4212 utentibus
2789 4167 2844 4212 et
2892 4159 3185 4227 plurimum
3235 4166 3449 4211 nocent.

1866 4245 2069 4302 Ferunt
2109 4263 2241 4303 sane
2290 4247 2618 4319 Hyperidem
2662 4250 2826 4304 etiam
2871 4251 3158 4321 aliquando
3189 4250 3255 4303 ad
3281 4264 3459 4317 popu-

1868 4339 1975 4393 lum
2007 4340 2081 4393 ita
2113 4339 2351 4395 locutum
2390 4358 2403 4393 :
2440 4339 2703 4411 Cogitate,
2738 4341 3102 4405 Athenienses,
3151 4355 3257 4392 non
3294 4337 3454 4391 modo

1867 4446 1936 4483 an
1967 4431 2068 4482 sim
2098 4431 2339 4495 acerbus,
2364 4430 2455 4485 sed
2487 4432 2644 4483 etiam
2694 4446 2873 4484 anno»
2900 4432 3133 4499 olfensus
3162 4428 3284 4482 talis
3326 4430 3453 4483 sim.

1794 4555 1844 4614 ι)
1870 4517 2128 4587 Equidem
2176 4518 2412 4574 Phocion
2465 4520 2757 4573 inimicitiae
2797 4535 2974 4573 causa:
3019 4518 3218 4572 nemini
3253 4516 3454 4570 civium

1875 4610 2171 4674 malefecit,
2203 4626 2268 4664 ac
2315 4626 2383 4665 ne
2424 4611 2699 4663 inimicum
2732 4610 2950 4679 quidem
2992 4610 3155 4662 ullum
3190 4609 3398 4678 putavit
3431 4624 3458 4663 ι

1871 4711 2134 4771 quantum
2185 4717 2271 4757 res
2321 4703 2434 4771 ipsa
2486 4702 2814 4769 postulabat,
2848 4712 2906 4754 ut
2956 4702 3282 4755 adversariis
3325 4716 3463 4754 suo—

1873 4806 2016 4856 rum,
2059 4805 2178 4859 qum
2224 4790 2293 4845 ob
2348 4791 2641 4845 utilitatem
2693 4791 2882 4861 patria:
2923 4792 3156 4855 Iniissel,
3196 4792 3456 4845 consilio»

1873 4895 1993 4934 rum
2041 4880 2359 4945 resisteret,
2407 4895 2657 4950 asperum
2708 4896 2767 4934 se
2817 4881 3267 4950 pervicacemque
3309 4894 3461 4948 pra:-

1870 4974 2009 5028 buit.
2042 4972 2237 5044 3956
2274 4972 2529 5028 Privatim
2575 4987 2916 5028 communem
2953 4973 3311 5039 omnibusque
3356 4970 3458 5024 lie-

1871 5068 2095 5136 nignum
2150 5081 2205 5124 et
2254 5066 2441 5121 mitem
2490 5056 2609 5120 sese
2662 5066 2928 5129 exhibuit,
2981 5064 3053 5118 ita
3104 5071 3163 5116 ut
3216 5061 3462 5114 inimicis-

1871 5174 2085 5229 quoque
2137 5158 2491 5214 infortunium
2544 5163 2717 5227 passis
2762 5158 3023 5212 auxilium
3063 5156 3266 5219 tulerit,
3298 5162 3355 5209 et
3392 5152 3459 5207 ἱι>

1866 5249 2069 5318 judicio
2102 5248 2523 5319 periclitantium
2553 5249 2780 5301 salutem
2807 5246 3127 5300 defenderit.

1945 5340 2124 5409 [psum
2188 5340 2531 5409 Antipatrum
2590 5337 2937 5392 Macedonum
2996 5337 3184 5390 ducem
3240 5333 3461 5389 dixisse-

1872 5432 2181 5503 perhibent,
2214 5446 2274 5487 se
2303 5432 2368 5485 de
2400 5432 2609 5486 duobus
2651 5432 2864 5495 amicis,
2898 5444 3032 5499 quos
3065 5427 3297 5483 Athenis
3341 5426 3454 5480 lia-

1487 5579 1721 5634 VARI-AS
1767 5577 2058 5633 LECTION
2068 5578 2173 5634 ES.

290 5704 314 5734 ⁹
353 5702 462 5772 ὅτι]
488 5718 539 5757 c.
576 5702 629 5756 5.
724 5697 1175 5772 fdmgpiveoﬂat
1201 5714 1260 5760 ς.

181 5786 231 5827 e.
262 5772 355 5825 27.
440 5762 479 5808 ’⁷
508 5774 613 5838 ὅτι]
634 5786 684 5824 c.
717 5770 806 5841 ‘29.
877 5762 1040 5841 7361;]
1071 5769 1241 5841 c._4tj.
1282 5772 1336 5841 _°
1367 5764 1479 5841 τῷν
1500 5762 1625 5820 add.
1658 5762 1731 5821 Α.
1800 5765 1842 5796 ¹⁰
1871 5762 2266 5833 προσλαϐόντες
2292 5779 2353 5826 ς.

180 5856 292 5898 om.
321 5842 391 5896 Δ.
494 5844 537 5882 ⁸⁸
573 5836 958 5902 συνετὰζεσθκι
983 5836 1049 5893 Α.
1128 5839 1168 5871 ⁸⁵
1200 5838 1304 5902 ὅτι]
1336 5850 1385 5890 c.
1416 5836 1505 5890 50.

1370 5700 1394 5733 δ
1414 5695 1509 5766 sui
1535 5696 1633 5766 τὴν
1682 5692 1930 5766 κραυγὴν
1975 5692 2041 5766 δι’
2069 5692 2355 5766 ἀσθένειαν
2388 5710 2447 5766 ς.

2552 5694 2572 5725 ⁵
2600 5692 2766 5744 ἵππον
2798 5689 2873 5743 Β;
2911 5689 3093 5741 ἵππων
3119 5704 3180 5750 ς.
3289 5691 3310 5723 ⁸
3334 5686 3449 5755 ὃτιῖ

2433 5762 2474 5793 ¹¹
2500 5762 2606 5831 ὅτι]
2634 5777 2683 5817 c.
2716 5762 2805 5817 10.
2885 5761 2928 5792 ¹²
2959 5758 3139 5811 σκέλει
3169 5757 3236 5812 Α.
3316 5756 3360 5790 ⁸⁸
3382 5772 3456 5809 τι
