3924 6430
479 383 616 447 1443

1619 384 1883 444 PHOTII
1923 381 2432 446 PATBIARCH/E
2450 387 2558 447 (ΞΡ.

3600 390 3735 454 ΠΗ

479 502 655 564 heret,
684 497 958 555 [hocione
988 508 1039 553 et
1074 499 1330 563 Demade,
1365 497 1519 551 alteri
1558 508 1615 552 ut
1644 499 1913 567 acciperet
1943 513 2056 568 per-

2166 512 2298 559 των,
2337 497 2627 559 Φωκίωνος
2679 496 2775 550 καὶ
2825 497 3111 568 Δημάδου,
3153 499 3245 552 τὸν
3301 500 3401 570 μὲν
3451 499 3633 554 λαϐεῖν
3682 508 3739 560 οὺ

475 592 729 658 suadere,
765 592 997 645 alterum
1035 590 1214 645 dando
1249 600 1498 644 saturare
1529 592 1856 660 nequivisse.

1110 682 1159 735 E
1184 682 1405 738 Catone.

549 776 679 830 Cum
720 791 779 829 se
822 776 889 829 ad
938 776 1254 832 discendum
1294 774 1433 829 Cato
1487 774 1829 840 contulisset,
1874 775 2063 829 tardus

479 868 576 920 fuit
621 870 684 921 ad
734 868 1179 937 percipiendum;
1215 884 1333 937 qua:
1366 879 1545 922 autem
1572 870 1953 939 ,‘percepisset,
1995 884 2057 922 ea

477 958 705 1011 lirmiter
746 961 1006 1013 IllClltOl‘la
1056 958 1341 1012 retinebat.
1379 957 1663 1024 Quomodo
1694 960 1939 1013 videmus
1968 959 2059 1028 qui

475 1050 620 1103 bono
642 1060 770 1103 sunt
814 1051 1033 1119 ingenio
1066 1052 1297 1120 praediti,
1332 1052 1439 1106 cito
1468 1066 1564 1106 eos
1595 1052 1870 1105 memoria:
1904 1067 2059 1104 man-

475 1146 635 1195 dare:
659 1142 749 1209 qui
790 1150 966 1196 autem
1006 1143 1218 1197 nonnisi
1242 1158 1363 1196 cum
1393 1158 1588 1213 magno
1613 1143 1799 1195 labore
1822 1144 2057 1209 discunt,

475 1249 570 1287 eos
598 1223 909 1287 m'etnoriter
938 1250 1055 1301 qua:
1078 1234 1559 1301 apprehenderuut
1588 1245 1797 1296 tenere,
1823 1248 1888 1288 eo
1914 1236 2057 1303 quod

474 1327 681 1395 singula
738 1342 858 1395 quae
906 1326 1248 1389 didicerunt,
1310 1326 1466 1395 quasi
1517 1326 1817 1379 inuruntur
1866 1340 2056 1381 eorum

472 1420 688 1471 animis.

1040 1510 1127 1563 Ea:
1159 1512 1487 1565 Alexandro.

540 1601 734 1656 Album
783 1604 858 1657 ait
907 1602 1275 1657 Alexandrum
1327 1604 1529 1668 fuisse,
1581 1603 1946 1674 ruboremque
2003 1605 2056 1658 in

472 1705 692 1763 pectore
736 1698 1037 1762 praesertim
1086 1704 1139 1748 et
1173 1694 1309 1749 facie
1354 1695 1588 1749 alhedini
1629 1695 1921 1748 admistum
1968 1697 2061 1750 ha-

471 1784 670 1837 buisse.
703 1784 1096 1837 Suavissimum
1126 1785 1348 1838 odorem
1382 1786 1447 1837 ab
1470 1800 1563 1839 ore
1586 1796 1642 1837 et
1665 1786 1913 1839 universa
1943 1785 2057 1854 ejus

469 1890 633 1930 carne
664 1877 966 1941 exhalasse,
998 1878 1069 1931 ita
1105 1888 1163 1929 ut
1188 1886 1242 1931 et
1264 1878 1459 1931 tunica:
1502 1877 1799 1945 fragrantia
1834 1879 2052 1947 repletae

468 1969 593 2023 inde
624 1971 733 2023 sint
756 2009 771 2032 ,
806 1981 860 2022 ut
893 1968 1045 2024 multi
1084 1971 1443 2025 tradiderunt.
1480 1972 1653 2025 Causa
1688 1972 1920 2025 fortasse
1955 1972 2055 2027 fuit

466 2061 699 2115 calidum
725 2072 780 2114 et
804 2063 1017 2129 igneum
1049 2062 1299 2130 corporis
1326 2072 1841 2130 temperamentum.
1875 2062 2055 2116 Bonus

467 2156 799 2219 enim'odor,
842 2151 1225 2221 Theophrasto
1256 2154 1301 2207 si
1335 2152 1636 2219 credimus,
1683 2154 1899 2209 exsistit
1931 2169 2053 2207 cum

468 2248 723 2300 hmnores
751 2262 781 2300 a
811 2247 993 2301 calore
1025 2256 1338 2316 coquuntur
1365 2260 1379 2297 :
1430 2247 1616 2316 itaque
1653 2248 1814 2300 siccae
1858 2256 1911 2300 et
1940 2254 2054 2300 tor-

470 2342 599 2392 rida:
641 2340 790 2393 orbis
833 2350 1101 2393 terrarum
1147 2349 1328 2408 partes
1374 2337 1606 2407 plurima
1650 2350 1704 2391 et
1747 2340 1949 2407 optima
1979 2340 2058 2409 gi-

466 2439 638 2499 guunt
669 2442 911 2484 aromata
937 2470 952 2493 ,
988 2432 1131 2499 quod
1165 2430 1244 2484 sol
1272 2431 1583 2494 humorem,
1616 2431 1704 2497 qui
1740 2431 1791 2484 in
1828 2432 2059 2487 summis

470 2523 789 2590 corporibus
813 2522 974 2574 veluti
997 2522 1223 2575 materia
1249 2522 1552 2589 putredinis
1584 2522 1816 2584 innatat,
1840 2522 2057 2575 attollit.

473 2611 537 2665 Et
566 2622 989 2666 consentaneum
1029 2620 1112 2666 est
1156 2612 1525 2666 Alexandrum
1561 2613 1629 2667 ob
1663 2611 1900 2667 calorem
1932 2628 2057 2668 cor-

466 2705 613 2775 poris
639 2705 881 2759 bibacem
919 2708 1347 2774 iracumlumque
1376 2704 1564 2760 fuisse.

536 2877 672 2934 Cum
710 2879 1080 2948 Bucephalum
1115 2880 1372 2933 tredecim
1420 2882 1639 2937 talentis
1674 2884 1941 2949 venalem,
1969 2886 2059 2940 ad-

468 2972 684 3027 ductum
722 2988 751 3025 a
784 2973 1062 3027 Philouico
1107 2971 1371 3027 Thessalo
1410 2972 1693 3044 Philippus
1738 2976 2055 3043 dimitteret,

467 3067 609 3135 quod
636 3081 811 3134 neque
841 3080 1112 3119 sessorem
1138 3066 1474 3132 admitteret,
1496 3082 1668 3137 neque
1689 3083 1874 3123 vocem
1899 3072 2057 3125 ullius

469 3172 656 3211 eorum
687 3158 776 3224 qui
818 3173 940 3211 cum
979 3156 1229 3226 Philippo
1266 3168 1424 3211 erant
1453 3158 1819 3226 auscultaret,‘
1840 3160 1890 3215 id
1916 3177 2056 3231 a-gre

467 3251 647 3306 ferens
671 3251 995 3321 Alexander,
1024 3252 1176 3319 petiit
1198 3265 1226 3303 a
1254 3259 1407 3319 patre
1433 3261 1490 3304 ut
1527 3266 1727 3318 equum
1758 3254 2052 3323 acciperet,

465 3352 520 3395 et
546 3342 818 3409 accipiens
851 3340 919 3393 ab
943 3343 1197 3396 omnibus
1225 3357 1321 3411 pro
1349 3340 1517 3397 effero
1550 3355 1604 3398 et
1635 3345 2059 3416 indomitojudi—

466 3444 679 3499 catum,
730 3434 885 3488 lreno
934 3444 1248 3504 correptqu
1301 3438 1564 3492 adversus
1598 3437 1764 3491 solem
1802 3438 2056 3505 obvertit,

465 3529 721 3582 nimirum
747 3526 1185 3581 anin‘iadvcrtens
1217 3542 1418 3596 equum
1450 3529 1680 3597 umbrae,
1707 3544 1827 3599 quae
1856 3531 2059 3597 agitata

465 3632 522 3673 et
553 3629 794 3674 tremens
815 3620 863 3672 ei
896 3620 1363 3688 appropinquaret
1405 3620 1562 3686 alias,
1601 3632 1893 3693 conspectu
1928 3638 2058 3694 per-

466 3712 702 3777 turbari;
742 3710 937 3765 deinde
971 3725 1095 3764 cum
1128 3712 1405 3780 paululum
1444 3711 1744 3782 palpasset,
1786 3730 2059 3784 manuque

466 3804 656 3858 leviter
705 3804 864 3857 ducta
911 3803 1291 3869 demulsisset,
1347 3815 1406 3858 ut
1458 3808 1536 3859 ira
1585 3807 1849 3877 repletum
1899 3809 2055 3875 vidit,

465 3898 668 3951 sensim
695 3895 908 3965 abjccta
930 3896 1222 3967 chlamyde
1244 3910 1367 3951 sese
1392 3897 1444 3952 in
1472 3914 1593 3953 eum
1616 3899 1831 3966 extulit,
1858 3900 2057 3971 396a

466 3997 689 4057 tutoque
737 3988 1012 4052 consedit,
1062 3997 1130 4054 et,
1167 3988 1436 4044 violenter
1478 4006 1675 4061 equum
1718 3993 1958 4061 impulit,
2004 4003 2058 4047 et

466 4078 629 4147 aliqui
659 4093 727 4131 ex
780 4078 844 4131 iis
885 4078 975 4146 qui
1012 4079 1274 4144 aderant,
1321 4082 1481 4136 anxie
1537 4084 1808 4153 taciteque
1840 4096 2058 4154 specta-

466 4170 617 4235 bant,
661 4184 729 4224 ne
764 4171 905 4237 quod
956 4171 1359 4225 incommodum
1399 4172 1727 4229 adolescenti
1759 4176 2055 4241 accideret,

465 4261 631 4331 aliqui
694 4262 945 4317 manibus
994 4262 1311 4332 plaudentes
1349 4265 1616 4333 jucunde,
1690 4281 1882 4322 omnes
1930 4283 2057 4324 vero

468 4354 724 4408 similiter
763 4356 1189 4423 smpescehaut,
1234 4366 1519 4427 postquam
1553 4357 1834 4413 exsultans
1863 4360 2059 4429 gaudio

464 4447 643 4499 salvus
667 4455 814 4499 retro
845 4455 970 4499 acto
1002 4462 1143 4516 equo
1172 4448 1353 4512 rediit,
1391 4447 1633 4501 oumium
1667 4448 2059 4505 acclamatione

464 4537 710 4590 sublata:
750 4535 1033 4606 Philippus
1072 4552 1185 4606 pra:
1241 4537 1425 4591 lmtitia
1468 4539 1630 4591 etiam
1688 4539 2059 4610 illacrymasse

2169 587 2423 654 πέπεικε,
2453 590 2545 641 τὸν
2582 589 2637 641 δὲ
2661 589 2835 652 διδοὺς
2862 593 2960 643 οὐκ
2992 593 3369 662 ἐμπέπληκεν.

2515 680 2677 752 [1197
2702 680 2798 753 8.]
2828 684 2923 735 Ἐκ
2949 683 3056 736 τοῦ
3094 684 3391 750 Κάτωνος.

2178 764 2179 767 “
2247 771 2338 835 Ὦς
2360 772 2405 804 ¹⁶
2438 771 2531 825 οὖν
2562 775 2641 836 είς
2676 773 2735 825 τὸ
2762 774 3057 842 μανθάνειν
3081 770 3215 845 ἧκεν
3241 777 3270 828 6
3300 777 3519 839 Κάτων,
3546 775 3743 845 νωθρὸς

2161 859 2230 935 ἦν
2262 864 2553 917 ἀναλαϐεῖν
2583 869 2679 917 καὶ
2722 864 2945 934 βραδὺς,
2981 867 3266 920 ἀναλαϐὼν
3295 868 3351 921 δὲ
3388 869 3627 937 κάτοχος
3664 873 3745 921 καὶ

2166 958 2525 1027 μνημονικός.
2568 959 2633 1009 Ὃ
2662 956 2725 1027 δὴ
2766 958 2861 1010 καὶ
2893 958 3133 1024 πέφυκεν
3164 960 3336 1022 ἄλλως
3370 961 3497 1023 τοὺς
3537 961 3642 1031 μὲν
3668 963 3745 1013 εὖ·

2165 1047 2505 1115 φυεστάτους
2549 1048 2998 1115 ἀναμνηστικοὺς
3029 1047 3231 1117 μᾶλλον
3273 1045 3438 1114 εἶναι,
3481 1066 3744 1119 μνημονι-

2166 1140 2296 1201 κοὺς
2322 1140 2379 1192 δὲ
2398 1139 2525 1201 τοὺς
2559 1140 2696 1209 μετά
2730 1139 2894 1193 πόνου
2920 1139 3015 1192 καὶ
3038 1142 3416 1212 πραγματείας
3440 1143 3743 1213 παραδεχο-

2167 1232 2397 1299 μένουςο
2429 1230 2637 1297 γίνεται
2673 1230 2780 1302 γὰρ
2812 1226 2924 1284 οἷον
2953 1232 3207 1302 ἐκκαυμα
3228 1237 3326 1304 τῆς
3363 1235 3404 1265 ¹⁷
3428 1233 3616 1303 ψυχῆς
3646 1235 3743 1286 τῶν

2163 1323 2507 1394 παθημάτων
2534 1323 2788 1378 ἕκαστον.

2611 1508 2715 1561 Ἐκ
2745 1506 2851 1561 τοῦ
2884 1506 3295 1575 Ἀλεξάνδρου.

2243 1598 2366 1651 Ὅτι
2398 1600 2463 1665 ¹⁸,
2499 1601 2653 1668 φησὶ,
2696 1599 2886 1662 λευκὸς
2918 1596 2985 1670 ἦν
3012 1602 3041 1652 6
3076 1600 3441 1670 Ἀλέξανδρος.
3469 1601 3502 1669 ἡ
3539 1598 3597 1651 δὲ
3627 1600 3743 1651 λευ-

2160 1691 2329 1760 κότης
2355 1692 2733 1759 ἐπεφοίνισσεν
2756 1691 2921 1744 αὐτοῦ
2958 1692 3195 1761 μάλιστα
3219 1693 3347 1762 περὶ
3380 1695 3425 1723 ¹¹
3455 1693 3517 1745 τὸ
3551 1690 3743 1759 στῆθος

2161 1786 2253 1837 καὶ
2282 1782 2341 1835 τὸ
2368 1783 2683 1852 πρόσωπον.
2706 1783 2900 1835 Ὅτιδέ
2924 1783 3019 1834 τοῦ
3044 1784 3249 1853 χρωτὸς
3273 1783 3490 1851 ἣδιστον
3512 1784 3743 1836 ἀπέπνει

2160 1878 2252 1929 καὶ
2284 1876 2344 1928 τὸ
2371 1876 2547 1945 στόμα
2576 1878 2828 1946 κατεῖχεν
2859 1876 3056 1929 εὐωδία
3079 1877 3172 1929 καὶ
3195 1878 3293 1946 τὴν
3328 1877 3511 1946 σάρκα
3542 1878 3740 1943 πᾶσαν,

2160 1966 2303 2019 ὥστε
2334 1965 2678 2038 πληροῦσθαι
2708 1968 2752 1998 ’°
2786 1968 2914 2031 τοὺς
2942 1967 3315 2036 χιτωνίσκους,
3340 1968 3528 2021 πολλοὶ
3547 1972 3743 2040 γεγρά-

2162 2075 2352 2127 φασιν.
2383 2059 2544 2113 Atria.
2568 2058 2626 2112 δὲ
2682 2058 2813 2121 ἴσως
2844 2061 2878 2129 ἡ
2920 2058 3014 2111 τοῦ
3054 2059 3301 2129 σώματος
3328 2062 3550 2131 κρᾶσις,
3580 2061 3743 2114 πολύ-

2158 2151 2363 2223 θερμος
2394 2146 2528 2203 οὖσα
2588 2150 2683 2202 καὶ
2713 2148 3006 2220 πυρώδης·
3048 2152 3080 2220 ή
3136 2150 3244 2220 γὰρ
3276 2151 3477 2203 εὐωδία
3536 2152 3742 2218 γίνεται

2159 2242 2323 2313 πέψει
2353 2243 2398 2273 ²¹
2430 2242 2542 2295 τῶν
2574 2242 2757 2312 ὑγρῶν
2787 2240 2891 2294 ὑπὸ
2923 2242 3280 2311 θερμότητος,
3305 2242 3381 2305 ὠς
3414 2244 3591 2295 οἴεται
3622 2243 3742 2296 Θεόι

2161 2352 2424 2407 φραστος.
2474 2335 2640 2389 Ὅθεν
2689 2335 2741 2387 οἱ
2794 2333 2945 2405 ξηροὶ
3001 2334 3092 2386 καὶ
3133 2335 3384 2405 διάπυροι
3437 2336 3599 2387 τόποι
3652 2336 3743 2405 τῆς

2161 2427 2489 2496 οἰκουμένης
2512 2426 2581 2478 τὰ
2617 2425 2847 2477 πλεῖστα
2878 2426 2974 2476 καὶ
3003 2425 3265 2478 κάλλιστα
3296 2426 3402 2476 τῶν
3433 2426 3743 2495 ἀρωμάτων

2164 2519 2422 2589 φέρουσιν
2445 2532 2457 2545 ·
2488 2518 2695 2585 ἐξαίρει
2728 2518 2835 2587 γὰρ
2874 2518 2902 2569 ὁ
2925 2516 3076 2587 ἥλιος
3097 2518 3157 2569 τὸ
3190 2518 3354 2588 ὑγρὸν
3389 2518 3583 2590 ὥσπερ
3614 2517 3743 2588 ὓλην

2164 2608 2459 2677 σηπεδόνος
2516 2606 2847 2670 ἐπιπολάζον
2901 2612 3014 2671 τοῖς
3071 2607 3341 2678 σώμασιν.
3395 2608 3744 2679 Ἀλέξανδρον

2160 2697 2251 2763 δὲ,
2288 2698 2364 2760 ὡς
2422 2698 2634 2762 ἔοικεν,
2680 2698 2713 2767 ἡ
2749 2696 3021 2769 θερμότης
3060 2699 3106 2729 ³³
3146 2700 3238 2752 καὶ
3275 2700 3501 2751 ποτικὸν
3533 2700 3630 2751 καὶ
3660 2698 3746 2751 θυ-

2165 2808 2258 2861 μοε
2270 2790 2353 2860 ιδῆ
2382 2792 2665 2861 παρεῖχεν.

2236 2884 2358 2936 Ὅτι
2387 2883 2433 2913 ’³
2462 2883 2552 2934 τὸν
2586 2881 2930 2959 Βουκέφαλον
2960 2883 3339 2953 προσαχθέντα
3370 2882 3532 2936 ὢνιον
3554 2884 3748 2940 ταλάν-

2160 2990 2269 3026 των
2302 2972 2435 3025 δέκα
2463 2972 2559 3024 καὶ
2584 2970 2753 3041 τριῶν
2781 2972 2934 3042 παρὰ
2966 2972 3245 3025 Φιλονίκου
3278 2972 3371 3025 τοῦ
3401 2970 3681 3028 Θετταλοῦ
3706 2977 3749 3007 ⁸⁸

2161 3067 2190 3118 6
2226 3066 2325 3135 μὲν
2351 3064 2618 3127 Φίλιππος
2660 3064 3026 3134 ἀπεπέμπετο
3055 3064 3129 3128 ὼς
3161 3067 3205 3098 ³⁵
3248 3066 3337 3119 τὸν
3370 3066 3656 3138 ἀναϐάτην
3693 3070 3748 3121 οὐ

2161 3155 2451 3227 δεχόμενον
2484 3155 2607 3208 οὐδὲ
2644 3156 2830 3227 φωνήν
2864 3172 3007 3218 τινος
3054 3156 3162 3209 τῶν
3190 3156 3318 3227 περὶ
3363 3157 3455 3209 τὸν
3487 3158 3750 3212 Φίλιππον

2165 3247 2507 3317 ὑπομένοντα
2527 3261 2540 3274 ’
2572 3247 2601 3298 6
2634 3248 2689 3299 δέ
2727 3247 3073 3317 Ἀλέξανδρος
3108 3247 3465 3318 μεμψάμενος
3489 3249 3589 3321 τὴν
3618 3252 3751 3304 ἁπο-

2166 3338 2396 3409 πομπὴν
2425 3338 2520 3391 τοῦ
2558 3339 2727 3391 ἵππου
2755 3340 2996 3409 ᾐτήσατο
3030 3339 3179 3411 παρὰ
3200 3340 3293 3392 τοῦ
3330 3342 3539 3412 πατρὸς
3568 3342 3751 3395 λαϐεῖν

2168 3430 2353 3495 αὑτὸν,
2380 3432 2476 3485 καὶ
2512 3430 2693 3485 λαϐὼν
2754 3432 2847 3483 τὸν
2891 3430 3149 3484 δοκοῦντα
3192 3432 3357 3485 ῐππον
3387 3434 3583 3505 ἄγριον
3615 3431 3749 3489 εἶναι

2163 3524 2297 3596 πρὸς
2331 3524 2562 3589 πάντας,
2604 3523 2653 3576 οῖ
2717 3524 3025 3596 προσῄεσαν
3070 3524 3239 3595 αὐτῷ,
3291 3526 3386 3580 καὶ
3422 3527 3745 3593 ἀκόλαστον,

2164 3615 2538 3687 προσδραμὼν
2570 3615 2646 3686 τῷ
2680 3616 2833 3687 ἵππῳ
2882 3618 2978 3669 καὶ
3029 3616 3364 3686 παραλαϐὼν
3408 3619 3509 3689 τὴν
3540 3621 3698 3690 ἡνίαν
3722 3624 3748 3673 6

2173 3707 2526 3779 Ἀλέξανδρος
2577 3708 2879 3780 ἐπέστρεψε
2929 3711 3067 3780 πρὸς
3101 3711 3191 3763 τὸν
3232 3712 3407 3782 ἥλιον,
3442 3712 3522 3776 ὡς
3549 3714 3745 3775 ἔοικεν,

2160 3802 2427 3872 ἐννοήσας
2456 3802 2539 3854 ὅτι
2570 3802 2670 3871 τὴν
2708 3801 2867 3853 σκιάν
2900 3803 3354 3872 προσπίπτουσαν
3394 3805 3490 3857 καὶ
3522 3806 3745 3859 σαὶευο·

2164 3893 2336 3964 μένην
2381 3892 2525 3964 ὁρῶν
2572 3894 2680 3966 πρὸ
2714 3894 2758 3925 η
2811 3895 2976 3947 αὐτοῦ
3018 3894 3148 3967 [646
3175 3895 3265 3969 [1.]
3314 3898 3741 3969 διαταράττοιτο.

2160 3985 2354 4055 Μικρὰ
2398 3985 2455 4038 δὲ
2509 3985 2651 4038 οὕτω
2680 3986 3125 4056 παρακαλπάσας
3169 3989 3265 4041 καὶ
3313 3989 3639 4060 καταψήσας
3673 3991 3743 4052 ὡς

2160 4077 2309 4149 ἑώρα
2332 4076 2506 4148 θυμοῦ
2539 4077 2921 4147 πληρούμενον
2942 4078 3079 4147 ὁμοῦ
3105 4079 3197 4131 καὶ
3228 4080 3557 4151 πνεύματος,
3576 4084 3746 4153 ἀπορ-

2162 4172 2327 4241 ρίψας
2356 4172 2531 4241 ἡσυχῇ
2576 4173 2676 4241 τὴν
2732 4170 2983 4241 χλαμύδα
3023 4172 3116 4224 καὶ
3172 4174 3510 4241 μετεωρίσας
3552 4174 3743 4226 ἑαυτὸν

2160 4263 2418 4334 ἀσφαλῶς
2443 4264 2701 4334 περιέϐη,
2721 4258 2815 4315 καῖ
2834 4264 3071 4333 ήλαυνεν
3095 4264 3199 4317 ἀνά
3220 4265 3418 4335 κράτος
3444 4267 3533 4318 τὸν
3552 4267 3740 4321 ἵππον.

2161 4357 2272 4409 Καὶ
2300 4357 2415 4419 τοῖς
2447 4355 2543 4425 μὲν
2571 4355 2687 4418 δέος
2719 4356 2814 4408 καὶ
2844 4354 2993 4425 ἀγὼν
3017 4356 3293 4417 ἐνέπιπτε,
3331 4358 3404 4428 μή
3438 4376 3487 4410 τι
3528 4359 3745 4427 76.1.1.5:-

2164 4448 2356 4519 ράκιον
2387 4447 2557 4521 πάθῃ,
2586 4449 2697 4510 τοῖς
2722 4447 2777 4499 δὲ
2805 4448 2999 4518 κρότος
3049 4443 3118 4519 ἧν
3148 4449 3346 4519 χειρῶν
3384 4452 3477 4504 καὶ
3508 4454 3741 4523 τερπνὶν

2162 4541 2381 4610 θέαμαο
2441 4541 2653 4603 πάντας
2696 4540 2741 4592 δ’
2798 4540 3001 4611 ὁμοίως
3034 4537 3178 4611 εῖχεν
3238 4542 3519 4613 ἔκπληξις.
3561 4545 3652 4611 Ὠς
3685 4547 3740 4598 δὲ
3806 4542 3807 4545 “

464 4638 942 4691 commemoratur,
963 4640 1237 4697 caputque
1270 4629 1388 4693 lilii,
1416 4645 1537 4683 cum
1568 4632 1635 4682 ab
1661 4646 1803 4699 equo
1834 4634 2056 4685 descen-

2166 4635 2388 4706 κάμψας
2418 4636 2765 4707 ὑπέστρεψεν
2810 4636 2986 4704 ὀρθῶς
3016 4638 3242 4707 σοϐαρὸς
3288 4639 3407 4669 ’Μ’
3452 4641 3544 4691 καὶ
3573 4657 3738 4709 γεγη-

466 4718 664 4780 disset,
705 4719 981 4772 osculatus
1016 4718 1219 4774 dixisse
1260 4735 1274 4771 :
1313 4718 1357 4773 0
1394 4732 1532 4786 nate,
1580 4736 1799 4789 regnum
1828 4721 1921 4774 tibi
1960 4740 2059 4789 par

465 4822 660 4875 quwre,
709 4806 1022 4862 Macedonia
1068 4812 1209 4862 enim
1266 4820 1313 4864 te
1356 4827 1461 4864 non
1507 4812 1671 4881 capit.
1724 4812 2053 4882 Alexander,

464 4901 665 4967 inquit,
702 4902 939 4969 seipsum
967 4902 1189 4956 vincere
1220 4917 1382 4971 quam
1414 4906 1597 4959 hostes
1633 4906 1805 4973 magis
1840 4906 2052 4975 regium

463 4993 791 5051 existimans
834 5008 989 5058 esse,
1039 5010 1140 5049 nec
1186 4995 1348 5048 ullam
1392 4996 1625 5049 (illarum
1660 4996 1805 5049 Darii
1846 4996 2050 5065 alioqui

466 5084 987 5158 pulcherrimarum,
1035 5101 1211 5154 neque
1254 5087 1421 5140 ullam
1465 5088 1625 5141 aliam
1672 5097 1797 5142 ante
1843 5090 2060 5157 nuptias

464 5176 640 5247 attigit
670 5172 990 5238 mulierem,
1028 5174 1256 5231 Barsina
1286 5186 1540 5243 excepta,
1584 5192 1705 5246 qua:
1738 5178 1898 5231 vidua
1934 5180 2057 5231 fuit.

463 5267 597 5321 Cum
642 5278 822 5324 autem
873 5267 998 5323 ovis
1037 5282 1234 5337 agnum
1286 5268 1617 5337 peperisset,
1660 5270 1752 5337 qui
1790 5270 1843 5323 lu
1886 5271 2063 5338 capite

467 5358 692 5430 ﬁguram
729 5370 785 5417 et
812 5364 1056 5419 colorem
1092 5360 1267 5425 tiaraa,
1298 5369 1352 5413 et
1381 5374 1449 5413 ex
1490 5367 1721 5428 utraque
1756 5359 1871 5426 ejus
1904 5370 2057 5429 parte

2165 4727 2296 4790 θὼς,
2326 4728 2569 4790 ἅπαντες
2604 4730 2702 4796 μὲν
2726 4726 3011 4799 χαίροντες
3040 4730 3399 4799 ἁνηλάλαξαν,
3428 4733 3457 4784 6
3481 4732 3538 4786 δὲ
3564 4736 3738 4803 πατὴρ

2162 4822 2258 4873 καὶ
2286 4820 2555 4891 δακρῦσαι
2591 4819 2812 4889 λέγεται
2850 4822 2986 4891 πρὸς
3038 4823 3135 4893 τὴν
3168 4824 3363 4892 χαρὰν,
3410 4826 3739 4887 καταϐάντος

2158 4910 2215 4963 δέ
2238 4910 2403 4963 αὑτοῦ
2426 4914 2524 4981 τὴν
2553 4912 2795 4979 κεφαλὴν
2821 4912 3057 4983 φιλήσας
3082 4953 3096 4978 ,
3135 4909 3203 4966 Ὢ
3229 4913 3356 4981 παῖ,
3381 4918 3569 4983 φάναι,
3595 4916 3734 4985 ζήτει

2158 5004 2395 5070 σεαυτῷ
2443 5006 2775 5070 βασιλείαν
2825 5005 2999 5073 ῖσην·
3036 5005 3376 5060 Μακεδονία
3412 5008 3523 5077 γάρ
3561 5025 3632 5061 σε
3673 5009 3736 5061 οὐ

2159 5096 2355 5165 χωρεῖ.
2406 5098 2529 5149 Ὀτι
2561 5097 2606 5128 ³⁸
2659 5097 3038 5170 Ἀλέξανδρος,
3085 5101 3236 5169 φησι,
3291 5100 3386 5153 τοῦ
3438 5103 3594 5171 νικᾷν
3624 5104 3737 5161 τοὺς

2162 5186 2459 5256 πολεμίους
2492 5188 2555 5239 τὸ
2612 5191 2833 5258 κρατεῖν
2880 5188 3072 5242 ἐαυτοῦ
3110 5188 3535 5261 βασιλικώτερον
3586 5190 3740 5261 ήτοιῑ·

2166 5295 2346 5347 μενος,
2380 5277 2505 5331 οὔτε
2552 5280 2700 5343 τινὸς
2753 5284 2863 5333 τῶν
2900 5282 3126 5351 Δαρείου
3175 5282 3514 5353 θυγατέρων,
3565 5283 3740 5336 milk:

2163 5366 2653 5437 διαπρεπεστάτων
2685 5370 2887 5434 οὐσῶν,
2920 5371 3176 5439 οὐδεμιᾶς
3205 5370 3407 5440 ἔθιγεν,
3434 5372 3557 5425 οὔτε
3583 5372 3740 5440 ἄλλην

1754 5497 1993 5553 VARle
2025 5499 2435 5559 LECTIONES.

534 5606 854 5701 “utgql‘Cal.
893 5608 1021 5701 Min.
1048 5625 1103 5690 c1
1132 5610 1184 5701 In.
1270 5606 1439 5701 ίξ-τῇς
1467 5622 1581 5701 0mg.l
1610 5608 1713 5701 A.“
1755 5608 1801 5701 ’ξ
1830 5612 1937 5701 ὅτι]
1968 5628 2030 5701 c.'
2180 5617 2230 5701 :9
2260 5615 2388 5701 περί
2421 5616 2466 5668 Α
2492 5631 2504 5667 :
2537 5634 2640 5701 mnp
2671 5634 2763 5701 ς.’
2808 5617 2854 5648 ³⁸
2885 5617 2979 5670 καὶ
3012 5617 3108 5701 τήν
3128 5648 3193 5659 -
3218 5619 3360 5701 {Ziata
3391 5620 3740 5701 πληροῦσθαι]

461 5679 535 5743 ὡς
567 5680 662 5749 καὶ
682 5680 780 5749 τὴν
809 5709 880 5718 -
901 5680 1238 5749 πληροῦσθαι
1258 5730 1261 5733 ,
1282 5678 1377 5749 καί
1401 5681 1462 5730 A.

460 5754 513 5785 ⁸⁸³
538 5746 644 5811 ὅτι]
667 5765 714 5801 c.
740 5746 799 5803 ⁷6.
876 5751 922 5782 ’δ
954 5746 1264 5804 Φίλονείκου
1292 5748 1390 5805 ιτῡῦ
1417 5746 1787 5814 Θεσσαλοῖς-ζ

466 5818 506 5866 Β
536 5826 589 5870 et
634 5830 776 5873 corr.
810 5818 891 5871 A'
934 5821 1180 5889 σοϐαρῶς
1220 5839 1271 5875 ·.
1364 5821 1425 5869 νίο
1476 5820 1582 5882 ὅτι]
1615 5838 1663 5873 c.
1696 5822 1783 5873 21.

1542 5680 1802 5753 ¹¹Δπέψει]
1838 5680 1930 5735 καὶ
1963 5686 2126 5753 πέψει
2167 5683 2233 5740 Α.

1872 5755 1914 5783 ³⁵
1944 5754 2017 5817 ὡς
2060 5772 2190 5825 tug.,
2225 5756 2361 5827 πρός
2396 5754 2435 5820 ς
2464 5776 2477 5812 :

2344 5687 2389 5717 ²¹
2423 5698 2543 5761 post
2591 5687 2865 5761 θερμότης
2895 5704 3017 5761 cum
3054 5687 3095 5742 Α
3134 5692 3292 5744 omisi
3337 5691 3432 5745 τοῦ
3480 5687 3733 5761 σώματοςῖ

2522 5758 2559 5811 Β
2592 5757 2701 5813 om.
2810 5760 2856 5791 ²⁶
2892 5757 3017 5830 πρὸ]
3072 5761 3206 5831 πρός
3237 5764 3300 5815 Α.
3380 5763 3491 5803 ¹⁷ο²⁹
3523 5757 3737 5833 σοϐαρῲς
