3924 6426
190 386 323 452 1445

1272 390 1797 451 BIBLIOTHECA.
1831 417 1897 428 —
1921 393 2085 454 COD.
2141 396 2396 459 CCXLV.

3296 400 3435 465 1446

186 502 321 568 ἔγνω
348 497 583 565 γυναῖκα
629 494 736 565 πρὸ
790 492 973 563 γάμου
1021 492 1160 565 πλὴν
1215 493 1510 568 Βαρσίνης,
1560 497 1752 568 ἀνδρὸς

1857 501 2138 558 testiculos
2167 502 2421 564 haberet,
2452 502 2795 560 abominatus
2822 505 2875 560 id
2907 507 3234 579 prodigium,
3266 524 3295 563 τι
3327 510 3434 567 Ba-

186 591 347 659 οῠσης
372 586 769 656 κεχηρωμένης
799 585 867 639 ⁸⁸.
898 585 1020 637 ’Ότι
1053 585 1097 616 ³²
1130 585 1427 656 προϐάτου,
1460 588 1618 656 φησὶ,
1660 604 1752 640 τε·

185 684 383 743 κόντοςν
417 680 555 748 ἄρνα
584 678 712 747 περὶ
752 676 850 745 τὴν
898 675 1141 746 κεφαλὴν
1182 677 1367 746 σχῆμα
1412 678 1506 730 καὶ
1554 678 1755 749 χρῶμα

184 775 367 843 έχοντα
394 771 588 840 τιάρας
622 768 717 821 κα)⁵
755 767 1008 836 διδύμους
1039 765 1381 836 ἑκατέρωθεν
1411 765 1603 829 αὐτοῦ,
1638 766 1756 834 βδε-

183 859 395 928 λυχθεὶς
422 858 482 910 τὸ
514 859 738 926 σημεῖον
775 855 1057 925 ἐκαθάρθη
1090 857 1191 924 μὲν
1221 856 1327 909 ὑπὸ
1365 856 1473 909 τῶν
1503 855 1757 909 Βαϐυλω-

183 954 307 1005 νίων
345 953 372 1004 ὁ
409 950 785 1020 Ἀλέξανδρος,
814 951 903 1015 οὒς
944 951 1003 1015 ἐξ
1037 950 1193 1013 ἔθους
1235 952 1475 1021 ἐπήγετο
1507 953 1644 1023 πρὸς
1686 953 1757 1007 τὰ

183 1044 419 1105 τοιαῦτα,
439 1042 708 1112 διειλέχθη
739 1044 795 1095 δὲ
825 1042 960 1113 πρὸς
998 1044 1125 1105 τοὺς
1154 1044 1344 1112 φίλους
1370 1043 1445 1107 ὡς
1472 1045 1533 1098 οὐ
1558 1044 1627 1098 δι’
1655 1046 1757 1099 αὐ-

182 1136 288 1199 τὸν,
321 1135 455 1187 ἀλλὰ
484 1135 552 1187 δι’
574 1135 817 1197 ἐκείνους
862 1134 1205 1201 ταράττοιτο,
1235 1134 1309 1205 μὴ
1343 1135 1402 1187 τὸ
1430 1134 1628 1206 κράτος
1678 1137 1756 1200 είς

181 1228 373 1296 ἀγεννῆ
405 1228 501 1282 καὶ
523 1227 747 1282 ἄναλκιν
767 1226 865 1281 ἀνθ
876 1243 1056 1296 ρωπον
1075 1228 1387 1290 ἐκλιπόντος
1414 1228 1580 1281 αὑτοῦ
1602 1246 1669 1281 πε
1678 1246 1757 1299 ρι-

182 1324 349 1389 στήσῃ
373 1320 417 1350 ³³
447 1320 507 1373 τὸ
540 1320 837 1387 δαιμόνιον.
874 1319 950 1370 Οὐ
990 1319 1095 1388 μὴν
1139 1318 1275 1372 ἀλλὰ
1304 1318 1515 1388 βέλτιόν
1562 1337 1615 1372 τι
1661 1337 1759 1388 ση-

182 1412 328 1481 μεῖον
355 1409 647 1479 γενόμενον
672 1408 773 1475 τὴν
802 1408 1039 1478 ἀθυμίαν
1065 1407 1254 1461 ἔλυσεν
1276 1409 1342 1461 ³⁸.
1372 1407 1534 1480 [ιεοο
1567 1406 1659 1479 R.]
1700 1408 1760 1460 '0

179 1504 282 1573 γὰρ
312 1502 359 1541 ³⁵
407 1502 498 1554 ἐπὶ
549 1501 657 1554 τῶν
690 1500 959 1571 σωμάτων
994 1502 1326 1570 τεταγμένος
1359 1500 1531 1571 ὄνομα
1560 1500 1761 1571 Πρόξε-

180 1610 287 1656 νος.
321 1591 508 1662 χώραν
540 1590 786 1661 ὀρύττων
820 1595 886 1662 τῇ
922 1590 1173 1662 βασιλικῇ
1207 1594 1378 1662 σκηνῇ
1410 1593 1456 1624 ³⁸
1490 1592 1642 1662 παρά
1670 1592 1761 1645 τὸν

183 1686 336 1750 Ὄξον
393 1686 661 1754 ποταμὸν,
715 1683 1039 1753 ἀπεκάλυψε
1076 1684 1258 1755 πηγὴν
1307 1684 1476 1756 ὑγροῦ
1523 1684 1777 1756 λιπαροῦ

182 1780 272 1833 καὶ
318 1778 683 1849 πιμελώδους.
726 1776 1196 1846 ’Δπαντλουμένου
1228 1776 1270 1808 ³⁷
1304 1775 1362 1829 δὲ
1392 1778 1486 1829 τοῦ
1518 1776 1759 1848 πρώτου,

1857 592 2112 662 byloniis,
2131 608 2266 661 quos
2288 592 2403 660 ejus
2428 593 2503 647 rei
2532 610 2693 649 causa
2712 612 2777 649 ex
2807 612 2956 652 more
2987 601 3219 668 quodam
3248 616 3431 656 secum

1858 682 2121 746 ducebat,
2167 684 2447 753 expiatus,
2490 684 2557 738 ad
2587 686 2790 741 amicos
2824 689 2988 742 etiam
3032 691 3189 756 dixit,
3232 707 3291 747 se
3328 710 3435 748 non

1858 774 1978 835 sui,
2020 788 2207 827 verum
2260 774 2499 842 ipsorum
2556 790 2717 829 causa
2764 779 3140 845 perturbatum
3171 796 3325 847 esse,
3368 798 3436 837 nc

1854 862 1974 930 ipso
2009 862 2263 916 defuncto
2300 878 2565 917 summam
2601 880 2779 919 rerum
2815 868 2882 921 ad
2913 868 3202 937 ignobilem
3242 880 3297 927 et
3332 874 3436 927 im-

1858 949 2049 1004 bellem
2098 950 2332 1019 aliquem
2385 951 2660 1006 hominem
2720 953 2884 1008 fatum
2937 958 3273 1014 devolveret.
3330 962 3436 1017 Sed

1860 1042 2000 1095 hunc
2030 1044 2146 1111 ejus
2174 1058 2460 1098 mcerorem
2498 1046 2643 1099 aliud
2681 1046 2855 1101 laetius
2884 1058 3157 1104 ostentum
3195 1054 3438 1109 sustulit.

1859 1132 2075 1186 Etenim
2107 1132 2386 1189 Proxenus
2416 1138 2740 1192 stratoribus
2772 1141 2933 1209 regiis
2960 1142 3274 1211 praefectus,
3316 1161 3439 1200 cuin

1861 1222 2095 1279 tentorio
2135 1224 2279 1291 regis
2322 1225 2501 1280 locum
2540 1227 2750 1283 foderet
2779 1229 2934 1297 juxta
2982 1230 3159 1285 Oxum
3196 1232 3439 1301 ﬂuvium,

1860 1315 2061 1369 fontem
2089 1315 2317 1385 liquoris
2342 1318 2555 1389 pinguis
2579 1322 2815 1389 aperuit,
2842 1323 2997 1393 cujus
3022 1340 3143 1379 cum
3170 1340 3442 1381 summum

1859 1417 2004 1460 esset
2033 1408 2284 1463 haustum
2311 1447 2328 1474 ,
2368 1424 2565 1479 purum
2598 1411 2791 1467 deinde
2817 1422 2871 1467 et
2898 1416 3231 1482 perlucidum
3266 1418 3443 1472 oleum

1861 1498 2110 1552 scaturiit
2131 1538 2147 1564 ,
2194 1515 2370 1571 neque
2398 1502 2564 1555 odore
2594 1503 2888 1572 quidquam
2912 1547 2928 1572 ,
2980 1522 3152 1575 neque
3182 1518 3341 1577 gustu
3376 1510 3446 1564 ab

1861 1588 2001 1655 oleo,
2035 1604 2209 1658 neque
2235 1593 2416 1647 nitore
2448 1593 2611 1647 etiam
2644 1603 2695 1647 et
2726 1595 3053 1663 pinguedine
3074 1597 3352 1669 diﬂerens,
3386 1610 3443 1654 et

1860 1694 1992 1734 vero
2036 1683 2194 1738 nulla:
2232 1694 2359 1739 sunt
2401 1685 2453 1738 in
2483 1685 2584 1738 ista
2614 1686 2832 1753 regione
2862 1687 3015 1742 olete.
3044 1688 3218 1743 Oxum
3260 1701 3443 1746 autem

1863 1773 2241 1830 mollissimam
2268 1776 2428 1830 habet
2451 1792 2670 1846 aquam,
2697 1779 2831 1832 adeo
2862 1788 2919 1833 ut
2944 1780 3253 1835 lavantibus
3275 1785 3441 1837 cutim

181 1869 415 1943 καθαρὸν
458 1868 752 1932 ἀνέϐλυζεν
810 1867 912 1937 ήδη
962 1868 1055 1920 καὶ
1090 1866 1312 1934 διαυγὲς
1369 1866 1572 1930 ἔλαιον,
1632 1864 1754 1918 οὔτε

1863 1864 2186 1933 pinguedine
2229 1868 2461 1935 quadam
2516 1868 2757 1937 inungat.
2807 1868 3033 1926 Miriﬁce
3080 1886 3146 1925 eo
3199 1875 3445 1943 prodigio

180 1963 314 2032 ὀσμῇ
351 1960 545 2014 δοκοῦν
578 1959 702 2013 οὔτε
735 1958 924 2027 γεύσει
960 1959 1142 2012 ἐλαίου
1180 1959 1224 1994 ³⁸
1277 1958 1578 2028 διαφέρειν,
1612 1958 1756 2011 στιλ-

182 2055 361 2125 βότητι
389 2056 434 2087 ³³
465 2053 522 2106 δὲ
571 2054 665 2107 καὶ
696 2052 1023 2123 λιπαρότητι
1053 2051 1406 2105 παντάπασιν
1442 2050 1759 2121 ἀπαράλλα-

177 2161 318 2205 κτον,
348 2144 443 2195 καὶ
473 2142 647 2196 ταῦτα
693 2142 793 2210 τῆς
825 2140 1009 2211 χώρας
1051 2141 1185 2211 μηδέ
1233 2140 1424 2203 ἐλαίας
1454 2138 1751 2210 φερούσης.

175 2232 403 2301 Λέγεται
435 2232 532 2301 μὲν
562 2227 655 2285 οὖν
684 2232 780 2284 καὶ
807 2231 899 2284 τὸν
934 2231 1096 2295 Ὄξον
1145 2230 1309 2285 αὑτὸν
1357 2229 1755 2300 μαλακώτατον

177 2324 331 2395 ὕδωρ,
366 2325 509 2377 ὥστε
542 2325 603 2377 τὸ
630 2324 805 2395 δέρμα
842 2324 968 2387 τοὺς
1007 2323 1332 2393 λουομένους
1365 2320 1750 2375 ἐπιλιπαίνειν.

177 2418 246 2468 Οὐ
286 2418 391 2486 μὴν
438 2416 575 2469 ἀλλὰ
605 2416 700 2470 καὶ
734 2415 1060 2487 θαυμαστῶς
1084 2416 1130 2448 δ’
1169 2416 1518 2485 Ἀλέξανδρος
1550 2413 1627 2485 τῷ
1658 2432 1757 2484 ση-

175 2508 306 2579 μείῳ
339 2509 504 2581 ἥσθη.
538 2510 658 2563 Ὀτι
681 2510 726 2541 ⁸¹
756 2508 1026 2579 Ἀριδαῖος
1062 2508 1160 2576 μὲν
1192 2509 1381 2576 γέγονε
1397 2507 1475 2578 τῷ
1504 2507 1757 2585 Φιλίππῳ

1858 1956 2164 2012 Alexander
2213 1959 2511 2013 delectatus
2564 1968 2668 2013 est.
2717 1959 2840 2013 Fuit
2893 1971 2947 2016 et
3000 1962 3249 2033 l’bilippo
3299 1967 3443 2022 ﬁlius

1858 2049 2127 2112 Aridaaus,
2150 2064 2215 2103 ex
2244 2050 2463 2119 ignobili
2488 2060 2668 2104 scorto
2696 2051 2906 2105 Philina
2939 2066 3260 2123 prognatus,
3291 2073 3447 2112 men-

1858 2135 1925 2189 tis
1957 2151 2064 2190 non
2091 2136 2251 2204 plane
2284 2151 2526 2205 compos,
2553 2138 2695 2207 quod
2720 2141 2968 2208 corporis
3002 2144 3191 2198 morbo
3227 2146 3277 2199 ei
3310 2161 3444 2200 eve-

1859 2227 2065 2281 niebat.
2095 2226 2294 2282 Verum
2320 2227 2365 2280 is
2388 2228 2611 2282 morbus
2640 2245 2745 2284 non
2777 2243 2985 2287 natura:
3010 2235 3161 2301 vitio,
3192 2238 3444 2305 quinimo

1862 2317 1915 2370 in
1943 2333 2112 2387 puero
2138 2332 2203 2372 eo
2230 2318 2364 2397 satis
2394 2319 2533 2373 bona
2569 2328 2735 2390 atque
2770 2323 2998 2391 ingenua
3034 2324 3248 2380 indoles
3278 2344 3443 2395 appa-

1863 2412 2041 2465 ruisse
2060 2410 2285 2475 dicitur,
2304 2411 2397 2465 sed
2422 2413 2762 2481 postmodum
2787 2416 3012 2469 venenis
3038 2417 3105 2470 ab
3130 2417 3449 2488 Olympiade

1862 2512 2175 2570 corruptus,
2208 2517 2355 2555 same
2389 2504 2587 2559 mentis
2610 2503 2880 2572 iacturam
2909 2508 3124 2562 fecisse.

174 2602 231 2669 ἐξ
260 2604 449 2669 ἀδόξου
487 2605 745 2672 γυναικὸς
782 2604 875 2657 καὶ
932 2605 1140 2674 κοινῆς,
1182 2604 1422 2675 Φιλίνης,
1457 2602 1657 2671 ἀτελὴς
1688 2588 1745 2653 δέ
1782 2598 1859 2668 τῷ
1891 2599 2191 2667 σωφρονεῖν
2216 2597 2260 2627 ⁸⁸
2287 2596 2376 2649 διὰ
2406 2597 2660 2668 σώματος
2694 2600 2937 2668 ἐγεγόνει
2967 2602 3144 2668 νόσον,
3204 2602 3266 2655 ού
3338 2601 3445 2673 μὴν

174 2698 345 2768 φύσει,
385 2698 523 2753 ἀλλά
551 2702 646 2754 καὶ
678 2703 819 2756 πάνυ
847 2704 1011 2773 φασὶν
1034 2703 1201 2757 αὑτοῦ
1233 2702 1421 2765 παιδὸς
1448 2700 1601 2764 ὄντος
1624 2695 2001 2766 διαφαίνεσθαι
2021 2693 2213 2779 χαρίεν
2238 2688 2371 2764 ἦθος
2412 2694 2508 2748 καὶ
2571 2696 2674 2749 οὐκ
2743 2697 2989 2765 ἀγεννὲς,
3062 2697 3185 2752 εἶτα
3255 2699 3442 2768 μέντοι

173 2794 480 2864 φαρμάκοις
503 2794 607 2848 ὑπὸ
638 2794 1003 2864 Ὀλυμπιάδος
1031 2797 1353 2851 κακωθέντα
1378 2794 1750 2865 διαφθαρῆναι
1787 2793 1887 2862 τὴν
1912 2789 2177 2843 διάνοιαν.

661 2910 765 2963 Ἐκ
797 2910 903 2964 τοῦ
932 2911 1253 2979 Καίσαρος.
1309 2959 1317 2966 .

241 3019 361 3072 Ὀτι
396 3019 445 3052 ’⁵³
477 3022 696 3094 Καῖσαρ
749 3023 972 3092 λέγεται
996 3069 1007 3089 ,
1032 3028 1099 3096 τῇ
1136 3024 1381 3096 προτέρᾳ
1438 3024 1595 3079 νυκτὶ
1652 3024 1753 3095 τῆς

172 3110 253 3163 ἐπ’
280 3110 564 3181 ’Δρίμινον
588 3112 629 3144 ⁸⁸
659 3115 966 3178 διαϐάσεως
1005 3116 1185 3187 (πόλις
1212 3114 1271 3168 δέ
1304 3116 1454 3169 ἐστιν
1485 3114 1623 3183 αὕτη
1655 3113 1756 3183 τῆς

170 3203 444 3273 Κελτικῆς
470 3204 517 3236 ⁸⁸
541 3206 775 3278 μεγάλη,
817 3207 884 3278 ἢν
920 3208 1013 3261 καὶ
1040 3207 1234 3278 ἀθρόον
1259 3206 1510 3262 ἀπελθὼν
1533 3205 1713 3277 ἔσχεν)
1737 3245 1751 3269 ,

169 3292 299 3365 δναρ
338 3295 474 3348 ἰδεῖν
533 3296 839 3367 ἔκθεσμονο
867 3298 1041 3353 ἐδόκει
1101 3298 1209 3372 γὰρ
1242 3300 1406 3364 αὐτὸς
1450 3292 1527 3371 τῇ
1557 3297 1753 3353 ἐαυτοῦ

174 3387 335 3457 μητρὶ
364 3387 661 3459 μίγνυσθαι
688 3390 787 3460 τὴν
816 3391 1058 3462 ἄρρητον
1098 3391 1266 3463 μίξιν.

523 3498 650 3570 [647
674 3499 769 3572 Η.]
799 3499 896 3555 Ἐκ
922 3502 1032 3555 τοῦ
1065 3502 1394 3573 Εὐμένους.

237 3606 309 3658 Τὸ
343 3606 447 3677 μὲν
485 3607 531 3638 ⁸⁸
560 3608 808 3679 εὐτυχεῖν
839 3611 935 3663 καὶ
971 3613 1102 3674 τοὺς
1150 3611 1313 3680 φύσει
1362 3610 1597 3681 μικροὺς
1630 3625 1756 3662 συν-

168 3699 513 3769 επικουφίζει
548 3703 658 3764 τοῖς
686 3702 1051 3772 φρονήμασιν,
1076 3700 1218 3755 ὥστε
1249 3700 1538 3771 φαίνεσθαί
1567 3717 1618 3752 τι
1661 3698 1756 3769 μέ-

169 3791 324 3860 γεθος
345 3792 480 3862 περὶ
518 3793 717 3858 αὐτοὺς
755 3796 849 3847 καὶ
881 3795 1045 3862 ὄγκον
1076 3795 1140 3847 ἐκ
1197 3794 1541 3866 πραγμάτων
1586 3793 1756 3862 ὑπερ-

169 3884 401 3955 ἐχόντων
440 3885 941 3955 ἀποϐλεπομένους.
990 3885 1047 3940 '0
1076 3886 1133 3939 δέ
1173 3904 1237 3955 γε
1269 3885 1486 3956 ἀληθῶς
1517 3882 1752 3955 μεγαλό-

169 3990 316 4044 φρων
352 3975 451 4029 καὶ
486 3974 702 4045 βέϐαιος
732 3977 790 4027 ἐν
823 3978 937 4039 τοῖς
969 3976 1250 4048 σφάλμασι
1281 3976 1480 4047 μᾶλλον
1510 3976 1601 4029 καὶ
1632 3975 1753 4039 ταῖς

166 4066 526 4139 δυσημερίαις
560 4067 849 4139 ἀναφέρων
891 4068 1103 4137 γίνεται
1156 4068 1479 4137 κατάδηλος,
1508 4067 1697 4137 ὥσπερ
1723 4068 1753 4120 δ

168 4159 416 4230 Εὐμένης
484 4159 941 4231 κακοπραγὴσας.
998 4158 1219 4213 Μᾶλλον
1260 4159 1370 4228 γὰρ
1427 4157 1593 4211 αὑτοῦ
1650 4158 1752 4228 τῆς

167 4250 342 4322 ψυχῆς
365 4253 426 4306 τὸ
478 4255 724 4321 γενναῖον
758 4251 803 4283 ⁸⁷
835 4251 1065 4321 διεφάνη
1114 4252 1211 4305 καὶ
1260 4250 1531 4322 ἐξέλαμψε
1566 4251 1662 4304 καὶ
1690 4250 1751 4304 τὸ

170 4343 437 4412 ἀπτόητον
464 4342 559 4396 τοῦ
592 4344 941 4414 φρονήματος
979 4342 1073 4395 καὶ
1118 4344 1237 4405 ταῖς
1270 4344 1575 4411 συμφοραῖς
1622 4343 1754 4394 ἀτα-

169 4431 449 4487 πείνωτον.
495 4433 620 4485 Ὀτι
649 4432 695 4463 ⁵⁸
746 4431 1095 4503 αἰσθόμενος,
1129 4432 1285 4502 φησὶ,
1312 4433 1442 4494 τοὺς
1474 4431 1566 4484 ὑπ’
1590 4431 1752 4483 αὑτὸν

166 4520 408 4592 ἀλλήλων
445 4522 545 4593 μὲν
574 4522 618 4551 δ’
655 4522 1156 4594 καταφρονοῦντας,
1190 4522 1449 4600 αὑτὸνδὲ
1483 4523 1752 4593 φοϐουμέ-

168 4631 309 4679 νους,
346 4617 441 4669 καὶ
472 4616 995 4688 παραφυλάττοντας
1024 4616 1254 4682 ἀνελεῖν,
1284 4618 1332 4669 εί
1372 4616 1582 4683 γένοιτο
1620 4633 1744 4668 καιο

2363 2900 2447 2957 Ea:
2488 2902 2718 2958 Caesaris
2761 2904 2909 2958 Vita.

1932 3016 2135 3072 Ferunt
2163 3016 2437 3087 proxima,
2470 3032 2630 3086 quam
2689 3017 2885 3089 3966
2914 3020 3217 3075 Ariminum
3255 3039 3446 3093 perve-

1860 3106 2035 3162 nisset
2070 3106 2235 3172 (urbs
2266 3122 2330 3161 ea
2359 3116 2441 3163 est
2473 3121 2667 3176 magna
2701 3108 2754 3162 in
2790 3109 3025 3177 Celtica,
3053 3128 3214 3182 quam
3255 3117 3442 3172 subito

1860 3197 2067 3269 impetu
2100 3199 2361 3253 invadens
2390 3200 2695 3270 occupavit)
2732 3212 2892 3256 noete
2916 3204 3207 3259 obscenum
3231 3206 3437 3263 Cmsari

1860 3290 2189 3346 insomnium
2222 3290 2417 3358 visum,
2448 3305 2641 3361 nempe
2680 3305 2739 3346 se
2765 3306 2887 3346 cum
2914 3302 3086 3350 matre
3113 3311 3211 3351 sua
3243 3313 3440 3367 corpus

1858 3391 2109 3433 IDISCCI'B.

2369 3489 2454 3544 Ea:
2494 3488 2746 3545 Eumenis
2786 3490 2930 3552 Vita.

1928 3600 2219 3656 Enimvero
2261 3601 2512 3656 secundae
2553 3616 2640 3656 res
2670 3603 2831 3657 etiam
2878 3603 3095 3675 ingenio
3141 3607 3351 3661 modico
3387 3617 3444 3665 et

1855 3694 2129 3749 submisso
2160 3686 2416 3763 praeditos
2444 3694 2698 3747 attollunt
2720 3734 2738 3761 ,
2780 3705 2840 3748 ut
2877 3697 3054 3763 magni
3088 3698 3186 3752 sibi
3217 3700 3441 3753 videan-

1857 3794 1965 3852 tur,
1994 3786 2301 3855 cristasque
2327 3786 2561 3855 erigant,
2588 3801 2712 3840 cum
2743 3786 2961 3842 excelso
2993 3788 3113 3843 loco
3146 3789 3439 3846 collocatos

1854 3891 1914 3932 se
1970 3878 2172 3932 vident.
2233 3877 2369 3930 Vera
2421 3876 2587 3931 animi
2661 3878 2973 3947 magnitudo
3023 3888 3079 3934 et
3135 3882 3439 3937 constantia

1858 3967 2024 4021 rebus
2059 3967 2302 4022 adversis
2343 3968 2585 4023 ferendis
2609 3971 3067 4040 emendandisque
3096 3974 3311 4047 casibus
3328 3976 3439 4029 elu-

1854 4057 2023 4112 cescit
2047 4074 2060 4111 :
2083 4058 2239 4128 cujus
2268 4060 2342 4114 rei
2368 4060 2672 4128 exetuplum
2705 4062 2970 4117 Eumenes
2991 4065 3236 4132 praebuit.
3273 4066 3440 4137 Magis

1852 4150 1997 4203 enim
2040 4149 2184 4205 illius
2244 4151 2499 4205 nobilitas
2550 4154 2747 4207 anima:
2785 4156 3034 4225 apparuit
3057 4165 3112 4210 et
3146 4158 3339 4225 patuit,
3386 4167 3442 4213 et

1853 4242 2108 4297 alacritas
2142 4244 2342 4311 ingenii
2378 4245 2634 4300 omnibus
2665 4246 3067 4303 calamitatibus
3096 4249 3253 4319 longe
3281 4267 3441 4320 supe-

1855 4334 2037 4389 rioris.
2074 4333 2380 4404 Eapropter
2408 4336 2651 4390 sentiens
2688 4352 2781 4392 eos
2809 4353 2932 4393 sese
2970 4351 3156 4393 mutuo
3198 4353 3441 4395 contem-

1854 4443 2004 4492 nere,
2029 4429 2204 4498 ipsum
2238 4440 2500 4494 metuere,
2536 4438 2592 4482 et
2619 4429 2670 4483 in
2705 4430 2809 4485 boc
2829 4445 2976 4496 esse,
3008 4441 3067 4484 ut
3101 4442 3255 4501 capta
3284 4449 3441 4488 occa-

1853 4520 2007 4573 sione
2038 4508 2332 4583 occidant,
2369 4523 2598 4590 pecunia
2643 4522 2747 4576 sibi
2792 4537 2929 4591 opus
2966 4538 3088 4579 esse
3136 4526 3437 4593 simulavit,

1854 4625 2027 4680 eoque
2077 4613 2179 4667 sub
2238 4623 2532 4681 praetextu,
2589 4614 2748 4667 abiis
2791 4615 2990 4683 quibus
3036 4618 3272 4672 maxime
3314 4619 3441 4674 odio

170 4704 279 4773 ρὸς,
316 4704 597 4775 ἐσκήψατο
626 4706 927 4777 χρημάτων
946 4705 1174 4769 δεῖσθαι,
1212 4706 1307 4758 καὶ
1336 4706 1749 4761 συνεδανείσατο

1853 4710 1991 4768 erat,
2039 4703 2207 4757 multa
2239 4701 2439 4757 talenta
2483 4712 2670 4756 mutuo
2703 4704 2946 4775 accepit,
2980 4715 3039 4758 ut
3069 4706 3105 4759 ii
3138 4706 3298 4761 [idem
3341 4708 3442 4777 ipsi

165 4794 401 4848 τάλαντα
428 4796 601 4848 πολλὰ
626 4796 669 4829 ⁸⁰
703 4795 854 4867 παρὰ
880 4795 991 4849 τῶν
1022 4796 1259 4866 μάλιστα
1298 4798 1619 4868 μισούντων,
1662 4800 1748 4853 ἵνα

140 4888 260 4939 καὶ
292 4887 593 4941 πιστεύωσι
632 4888 676 4919 ³¹
729 4890 823 4943 καὶ
874 4888 1189 4958 ἀπέχωνται
1251 4891 1380 4961 περὶ
1424 4890 1486 4943 τὸ
1538 4891 1748 4945 δάνειον

167 4979 530 5045 ἀγωνιῶντες.
592 4981 754 5034 Ὥστε
809 4980 1007 5050 συνέϐη
1038 4981 1128 5033 τὸν
1180 4980 1460 5053 ἀλλότριον
1517 4981 1749 5035 πλοῦτον

167 5069 385 5136 φύλακα
419 5070 514 5123 τοῦ
552 5070 803 5141 σώματος
842 5072 1011 5143 ἔχειν,
1033 5072 1250 5125 καὶτῶν
1291 5072 1468 5125 ἄλλων
1511 5074 1603 5126 ἐπὶ
1640 5092 1749 5126 σω-

165 5162 331 5232 τηρίᾳ
390 5162 638 5215 διδόντων
674 5164 832 5233 μόνον
889 5165 953 5217 ἐκ
994 5164 1040 5195 ⁸³
1084 5164 1177 5216 τοῦ
1219 5164 1400 5217 λαϐεῖν
1441 5152 1745 5235 κτήσασθαι

167 5251 264 5320 την
290 5251 617 5319 ἀσφάλειαν.
658 5253 785 5309 Ὀτι
835 5252 1196 5324 φιλοπόλεμος
1248 5253 1347 5325 μέν
1395 5254 1533 5320 ἐστι,
1560 5256 1747 5323 φησὶν,

1857 4792 2153 4861 baberent,
2202 4804 2257 4848 et
2312 4804 2457 4849 metu
2510 4796 2829 4850 admittendi
2887 4798 3078 4852 crediti
3121 4800 3188 4853 ab
3233 4800 3443 4856 insidiis

1855 4885 2197 4940 desisterent.
2260 4886 2336 4940 lla
2377 4888 2595 4954 evenit,
2641 4899 2700 4943 ut
2736 4889 2967 4944 alienam
3028 4890 3116 4945 ille
3159 4894 3443 4962 pecuniam

1856 4980 2100 5047 corporis
2152 4982 2236 5035 sui
2287 4982 2566 5037 custodem
2615 4982 2902 5046 habuerit,
2955 4993 3009 5039 et
3051 4985 3442 5042 aliis‘salutem

1855 5083 2008 5123 suam
2052 5071 2175 5125 data
2222 5072 2448 5141 pecunia
2492 5071 2922 5139 redimentibus,
2960 5078 3114 5132 solus
3164 5079 3278 5147 ipse
3296 5079 3445 5131 acci-

1855 5161 2053 5230 piendo
2098 5173 2270 5217 tutum
2319 5180 2377 5219 se
2428 5166 2704 5234 prtestitit.
2745 5166 3150 5238 Philopolemus
3202 5169 3293 5241 [id
3334 5180 3439 5235 est,

1857 5253 2063 5307 militia’
2093 5254 2305 5326 amans]
2330 5266 2435 5321 est,
2461 5257 2551 5327 qui
2580 5257 2869 5313 utilitatem
2899 5261 3173 5314 securitati
3200 5260 3438 5329 praefert;

1453 5415 1692 5473 VARUE
1734 5418 2033 5476 LEC'l‘lON
2041 5419 2145 5475 ES.

203 5526 244 5603 ξι
281 5529 689 5603 κεχειρωμένης
738 5528 807 5603 Β.
854 5530 918 5603 ,³³
968 5531 1076 5603 ὅτι]
1120 5546 1184 5603 (υ.Δ
1233 5531 1350 5603 57._
1401 5532 1792 5603 ³³νπεριστήσει
1824 5552 1884 5598 ς.
1964 5533 2010 5564 ³⁵
2031 5532 2220 5586 ἔλυσεν
2251 5534 2293 5588 Α
2335 5535 2624 5589 εδιέλυσεν
2654 5555 2714 5601 ς’.

766 5601 808 5641 ιτ
841 5600 1281 5673 ἀπαντλουμένου
1320 5600 1852 5673 Βίεᾲάπαντλωμένου
1885 5622 1944 5667 ς.
2030 5604 2073 5647 ³⁸
2105 5603 2289 5673 ὲλαίουγ
2316 5606 2501 5672 γεύσει
2539 5625 2598 5670 ς.

1081 5672 1122 5744 ’ξι
1150 5672 1336 5744 ὄτιλο.
1374 5671 1459 5744 77.
1537 5673 1582 5711 δ’
1616 5671 1703 5744 τῷ
1722 5674 2045 5741 σωφρονεῖν]
2078 5674 2137 5744 τὸ
2166 5671 2382 5744 φρονεῖν
2414 5675 2471 5727 Β¹
2550 5680 2596 5716 ⁸³
2624 5677 2728 5741 ὅτι]
2752 5694 2799 5733 c.
2836 5680 2925 5731 52.
2998 5671 3051 5717 ’⁸³
3072 5671 3359 5744 Ἀριμίνου
3380 5699 3444 5744 ς.

978 5740 1025 5820 ξθ
1058 5740 1117 5792 τὸ
1154 5739 1275 5820 μέγῖ
1312 5757 1359 5795 c.
1396 5743 1448 5797 ε).
1522 5739 1754 5820 δ’ξ-τδγε

1853 5747 1929 5820 ζον
1978 5746 2077 5820 τῆς
2105 5739 2380 5820 ψυχῆς-ς.
2440 5745 2507 5820 -ιθ
2535 5746 2641 5810 ὅτι]
2693 5739 2743 5800 6.
2800 5747 2931 5820 ‘13._
2960 5750 3004 5787 δ’
3045 5739 3148 5820 μέν
3195 5739 3319 5811 had.
3374 5739 3443 5809 Ᾰ.

1550 5814 1593 5843 ⁸³
1627 5813 1786 5883 μόνον
1820 5813 2027 5884 εὐμενῆ
2049 5814 2112 5865 ἐκ
2146 5813 2209 5869 Β.
2239 5813 2247 5816 ⁷
2283 5816 2329 5849 ⁸³
2355 5814 2460 5880 ὅτι]
2488 5827 2787 5887 comparat.
2822 5833 2872 5875 c.
2907 5817 2959 5872 2.
3046 5813 3063 5889 ί

169 5597 212 5627 ³⁸⁸
244 5598 419 5665 σκηνῇ
450 5600 569 5650 atltl.
602 5597 664 5654 Α.

165 5681 305 5737 τσζτα
334 5669 399 5717 Α.
460 5736 463 5737 ν
504 5668 547 5698 ⁸ο
574 5668 889 5737 θαυμαστόν
916 5674 980 5724 Α.

168 5734 339 5807 ξιξτῆς
377 5736 643 5807 Κελτικῆς
670 5734 778 5795 om.
813 5739 871 5795 Β.

169 5804 215 5835 ⁵⁰
239 5807 484 5861 ταλαυτα
508 5807 576 5860 τά
601 5804 775 5861 πολλά
804 5828 863 5876 ς.
963 5812 1004 5844 ⁸⁸
1044 5804 1375 5864 πιστεύσωσι
1417 5829 1473 5875 ς.

2811 5538 2856 5610 ἐ
2888 5540 2937 5610 φ.
2962 5539 3070 5606 γάρ
3098 5539 3174 5591 Αε
3203 5540 3337 5610 ὅπερ
3380 5560 3440 5606 ς.

2686 5610 2728 5681 ³ξ
2760 5607 3083 5681 στιλϐότητα
3111 5637 3178 5650 —-
3214 5607 3441 5681 λιπαρό-

2550 5680 2596 5749 f3
2622 5677 2728 5749 ότι]
2752 5694 2799 5733 c.
2836 5680 2925 5749 1'52.
3007 5685 3051 5717 ⁸³
3072 5677 3358 5749 Ἀριμίνου
3380 5699 3419 5746 ς,-
