3924 6432
443 392 577 457 1447

1639 377 1907 443 PHOTII
1943 375 2452 440 PATRIARCIl/E
2485 376 2598 437 ορ.

440 502 736 576 poletnicus
788 498 865 574 [id
895 507 979 555 est
1011 493 1286 568 militaris]
1335 494 1475 550 bello
1520 491 1805 565 possidens
1865 502 2024 544 secu-

2189 483 2287 552 τῆς
2320 483 2623 551 ἀσφαλείας
2655 480 2755 552 τὴν
2805 478 3122 546 πλεονεξίαν
3164 477 3470 552 προτιμῶν,
3492 478 3711 552 πολεμι-

443 600 544 652 rita
554 607 687 651 tem.

1006 683 1050 737 E
1086 682 1314 739 Sertorii
1364 679 1505 734 l'ita.

514 784 709 855 Agenti
771 780 1020 837 Sertorio
1072 778 1124 832 in
1186 776 1442 844 Hispania
1498 780 1675 826 nauta:
1722 769 1941 839 quidam
1988 766 2037 820 ei

442 883 760 939 occurrunt,
785 873 876 942 qui
902 885 1071 941 nuper
1095 885 1161 923 ex
1193 864 1481 922 Atlanticis
1508 863 1700 919 insulis
1741 862 2036 916 redierant.

448 973 573 1025 Duae
622 974 751 1021 sunt
798 963 987 1019 insulm
1018 962 1211 1017 stricto
1237 956 1528 1014 admodum
1570 954 1709 1009 freto
1744 952 2038 1014 distinctas,

443 1060 632 1113 decem
690 1056 993 1111 stadiorum
1065 1050 1305 1105 millibus
1369 1049 1438 1102 ab
1510 1044 1701 1101 Africa
1772 1052 2037 1099 remotae:

446 1126 757 1218 eaedemque
799 1145 988 1200 insula:
1024 1142 1313 1196 Beatorum
1368 1139 1716 1202 Fortunatae,
1765 1137 2038 1191 dicuntur.

444 1243 713 1298 Imbribus
754 1240 983 1294 modicis
1028 1237 1190 1306 idque
1229 1250 1355 1290 raro
1397 1234 1678 1303 rigantur,
1719 1230 2043 1301 plerumque

445 1338 660 1392 lenibus
693 1348 757 1388 ac
785 1332 1012 1386 roscidis
1045 1328 1223 1382 ventis
1261 1325 1519 1397 pet-llatae,
1562 1340 1669 1380 non
1704 1322 2043 1378 arationibus

449 1428 608 1482 modo
628 1438 682 1479 et
705 1421 1028 1493 plantationi
1062 1419 1302 1474 fertilem
1337 1429 1541 1472 terrain
1571 1415 1836 1487 praebent.
1865 1413 1961 1467 sed
1989 1420 2044 1466 et

447 1521 592 1575 ultro
621 1517 806 1587 fruges
834 1514 1151 1578 effundunt,
1203 1526 1322 1581 qua!
1352 1525 1445 1564 sua
1489 1518 1546 1564 et
1583 1508 1740 1576 copia
1772 1514 1827 1561 et
1855 1505 2043 1559 dulce-

448 1614 574 1665 dine
594 1610 865 1665 sufﬁciant
891 1606 958 1660 ad
984 1605 1237 1660 alendum
1262 1602 1521 1665 otiosum,
1549 1610 1600 1656 el
1626 1599 1789 1655 nullis
1814 1595 2045 1665 negotiis

448 1703 688 1756 deditum
718 1699 998 1769 populum.
1034 1698 1144 1751 Aer
1174 1695 1429 1749 innoxius
1464 1702 1582 1759 est,
1637 1691 1876 1760 annique
1908 1698 2043 1742 tem-

449 1801 689 1860 pestates
718 1789 979 1845 mediocri
1013 1788 1318 1841 mutatione
1342 1785 1411 1839 iis
1440 1784 1495 1840 in
1522 1783 1715 1838 insulis
1736 1782 2040 1836 variantur.

452 1883 664 1938 Etenim
689 1881 783 1952 qui
807 1895 998 1936 versus
1020 1894 1115 1935 eas
1148 1886 1330 1947 partes
1363 1893 1392 1930 a
1422 1883 1569 1931 terra
1598 1875 1845 1930 feruntur
1869 1875 2048 1928 borea:

2074 1831 2121 1891 B

2143 576 2238 640 κὸς
2266 575 2323 629 δέ
2359 576 2389 628 ό
2418 575 2496 646 τῷ
2526 574 2755 645 πολέμῳ
2779 575 3060 645 κτώμενος
3089 574 3191 647 τὴν
3222 573 3547 643 ἀσφάλειαν.
3647 630 3651 631 ,

2621 666 2727 720 Ἐκ
2754 667 2860 722 τοῦ
2897 667 3244 735 Σερτωρίου.

2215 758 2338 812 Ὀτι
2362 758 2408 792 ⁸⁸
2431 757 2786 829 διατρίϐοντι,
2812 759 2969 829 φησὶ,
3000 757 3286 828 Σερτωρίῳ
3320 756 3450 829 περὶ
3484 756 3722 828 Ἰϐηρίαν

2140 848 2335 903 ναῦταί
2363 865 2512 912 τινες
2552 848 2974 918 ἐντυγχάνουσιν
3008 847 3156 916 αὑτῷ
3195 849 3260 901 ἐκ
3292 848 3403 901 τῶν
3452 846 3723 902 Ἀτλαντι-

2143 940 2255 993 κῶν
2287 941 2467 1010 νήσων
2510 938 3015 1001 ἀναπεπλευκότες,
3045 936 3102 992 αἳ
3132 936 3226 990 δύο
3268 938 3367 1007 μέν
3407 938 3515 991 εἰσι
3546 936 3724 1007 λεπτῷ

2143 1030 2465 1085 παντάπασι
2518 1029 2754 1102 πορθμῷ
2801 1018 3202 1100 διαιρούμεναι,
3239 1034 3469 1103 μυρίους
3516 1031 3578 1085 δὲ
3628 1034 3725 1085 ἀπ-

2144 1123 2329 1192 έχουσι
2359 1122 2567 1192 Λιϐύης
2599 1122 2873 1188 σταδίους,
2902 1123 2996 1175 καὶ
3030 1123 3391 1193 ὀνομάζονται
3420 1125 3721 1196 Μακάρων.

2147 1214 2417 1287 Ὀμϐροις
2447 1214 2504 1268 δὲ
2527 1218 2811 1285 χρώμεναι
2842 1214 3086 1285 μετρίοις
3115 1217 3375 1282 σπανίως,
3404 1219 3474 1270 τὰ
3502 1217 3722 1272 πλεῖστα

2145 1310 2421 1377 πνεύμασι
2482 1307 2751 1378 μαλακοῖς
2802 1309 2897 1362 καὶ
2946 1308 3285 1379 δροσοϐόλοις
3343 1312 3722 1381 καταπνεόμε-

2143 1416 2234 1453 ναι
2266 1400 2335 1463 ⁸⁵,
2377 1399 2439 1452 ού
2479 1400 2642 1469 μόνον
2675 1398 2842 1471 ἀροῦν
2898 1400 2993 1453 καί⁵
3018 1401 3064 1433 ⁸⁸
3098 1400 3353 1469 φυτεύειν
3399 1402 3723 1473 παρέχουσιν

2145 1494 2358 1564 ἀγαθὴν
2387 1493 2485 1547 καὶ
2514 1495 2676 1549 πίονα
2704 1494 2912 1565 χώραν,
2944 1494 3081 1550 ἀλλά
3117 1495 3214 1549 καὶ
3244 1496 3455 1567 καρπὸν
3481 1498 3722 1568 αὐτοφυῆ

2146 1585 2428 1658 φέρουσιν,
2460 1586 2792 1657 ἀποχρῶντα
2828 1587 3026 1658 πλήθει
3056 1588 3150 1641 καὶ
3178 1588 3480 1658 γλυκύτητι
3511 1589 3722 1658 βόσκειν

2146 1679 2273 1733 ἀνευ
2318 1677 2498 1732 πόνων
2550 1679 2645 1731 καὶ
2699 1680 3086 1751 πραγματείας
3138 1679 3469 1749 σχολάζοντα
3533 1681 3720 1751 δῆμον.

2162 1769 2295 1840 Ἀὴρ
2324 1769 2382 1823 δὲ
2425 1768 2632 1830 ἄλυπος
2674 1769 2835 1840 ὡρῶν
2880 1787 2941 1823 τε
2988 1771 3183 1842 κράσει
3216 1774 3259 1806 ιτ
3294 1773 3389 1827 καὶ
3429 1774 3722 1844 μεταϐολῆς

2155 1863 2473 1941 μετριότητι
2503 1861 2549 1894 ⁵⁸
2584 1862 2806 1932 κατέχει
2832 1863 2933 1927 τὰς
2962 1865 3180 1934 νήσους.
3217 1864 3373 1937 [1201
3404 1867 3501 1940 R.]
3529 1870 3592 1921 Oi
3619 1869 3722 1941 γὰρ

3582 370 3713 436 1448
3786 382 3793 391 '

453 1985 509 2030 et
545 1973 845 2037 subsolani,
895 1986 1019 2024 cum
1056 1973 1111 2024 in
1158 1980 1372 2024 vastum
1422 1968 1494 2023 ob
1538 1967 1932 2038 longitudinem
1964 1965 2049 2020 di-

2162 1940 2365 2005 ἐνθένδὲ
2391 1951 2493 2021 τῆς
2531 1950 2636 2022 γῆς
2682 1952 3049 2016 ἀποπνέοντες
3088 1952 3194 2018 ἐξω
3226 1955 3422 2026 Βορέαι
3464 1958 3558 2009 καὶ
3599 1940 3723 2009 ’Δπέ

452 2068 665 2124 stantize
692 2066 938 2121 incidunt
964 2065 1164 2128 locum,
1197 2061 1555 2129 dissipantur,
1580 2069 1636 2114 et
1659 2067 1953 2129 antequam
1981 2072 2048 2112 eo

2162 2043 2386 2113 ηλιῶται
2426 2043 2516 2097 διά
2553 2043 2731 2114 μῆκος
2760 2044 3086 2109 ἐκπεσόντες
3115 2047 3195 2109 είς
3220 2046 3384 2099 τόπον
3410 2047 3587 2116 ἀχανῆ
3610 2046 3720 2099 δια-

453 2156 821 2229 perferantur,
850 2154 1166 2219 concidunt;
1196 2151 1359 2205 Cauri
1388 2161 1570 2205 autem
1602 2159 1658 2204 et
1688 2149 1921 2220 Zephyri
1956 2147 2052 2218 qui

2162 2136 2475 2205 σπείρονται
2511 2134 2607 2188 καὶ
2641 2134 3137 2205 προαπολείπουσιο
3172 2136 3417 2203 πελάγιοι
3444 2138 3502 2190 δὲ
3540 2140 3723 2208 περιρ-

454 2250 524 2304 ab
554 2250 661 2303 alto
695 2246 1039 2302 circumflant
1071 2245 1293 2315 397a,
1326 2243 1538 2312 pluvias
1589 2259 1617 2296 a
1647 2242 1785 2297 mari
1811 2244 2053 2297 modicas

457 2355 718 2410 rarasque
755 2339 1083 2404 infundunt,
1117 2338 1440 2406 plerumque
1477 2334 1747 2389 humeCtis
1787 2336 2053 2389 serenita-

458 2433 599 2486 tibus
653 2430 1011 2501 refrigerant,
1080 2428 1394 2497 incolasque
1456 2427 1701 2517 placide-
1747 2429 1918 2484 alunt.
1976 2427 2050 2482 Ita

455 2535 627 2588 usque
666 2520 732 2574 ad
772 2519 1032 2573 barbaros
1061 2518 1227 2572 etiam
1276 2506 1535 2572 constans
1572 2526 1626 2572 et
1668 2520 1892 2586 probata
1932 2534 2054 2589 per-

453 2611 670 2667 crebuit
728 2611 933 2681 opinio,
983 2626 1107 2667 esse
1150 2611 1257 2666 illis
1297 2613 1353 2667 in
1412 2612 1605 2668 insulis
1655 2614 1869 2685 Elysios
1919 2616 2053 2670 istos

454 2720 713 2773 campos,
755 2713 811 2757 et
857 2704 1169 2771 beatorum,
1216 2720 1378 2773 quam
1427 2706 1716 2775 descripsit
1760 2705 2050 2771 Homerus,

418 2820 423 2823 ~
458 2795 875 2849 habitationem.
914 2792 1007 2846 His
1042 2795 1109 2847 de
1139 2792 1302 2847 rebus
1333 2802 1394 2847 ut
1422 2794 1613 2848 auditu
1642 2796 1886 2865 percepit
1920 2795 2049 2852 Ser-

459 2887 655 2950 torius,
689 2884 953 2939 mirabilis
981 2899 1105 2938 eunt
1137 2883 1338 2939 invasit
1364 2900 1521 2941 amor
1542 2902 1643 2942 eas
1673 2888 1877 2944 insulas
1902 2889 2051 2944 inco—

460 2978 628 3041 lendi,
687 2975 1081 3047 tyrannideque
1135 2985 1191 3029 et
1246 2975 1403 3031 bellis
1459 2977 1679 3033 evitatis
1730 2977 1782 3032 in
1823 2994 1957 3049 pace
1998 2988 2054 3035 et

459 3070 643 3140 quiete
669 3067 904 3122 vivendi.
941 3068 1139 3123 Verum
1192 3067 1432 3123 turbavit
1477 3078 1533 3124 et
1582 3070 1867 3139 dissipavit
1909 3072 2053 3127 hunc

2156 2226 2373 2296 ῥέοντες
2434 2225 2727 2297 Ἀργέσται
2783 2225 2883 2280 καὶ
2944 2228 3179 2297 Ζέφυροι
3238 2227 3505 2299 βληχροὺς
3553 2231 3650 2300 μέν
3679 2232 3721 2263 ⁵⁸

2159 2317 2350 2383 ὑετοὺς
2381 2317 2477 2371 καὶ
2523 2317 2800 2387 σποράδας
2838 2320 2903 2371 ἐκ
2929 2317 3200 2389 Θαλάττης
3238 2322 3552 2390 ἐπάγοντες,
3580 2322 3651 2376 τὰ
3671 2324 3723 2377 δὲ

2156 2411 2332 2467 πολλὰ
2387 2414 2634 2483 νοτεραῖς
2687 2414 2931 2484 αἰθρίαις
2965 2416 3344 2485 ἐπιψύχοντες,
3380 2418 3553 2489 ἡσυχῇ
3610 2420 3724 2490 τρέ-

2155 2520 2369 2573 φουσιν.
2401 2504 2564 2556 Ὥστε
2601 2506 2765 2574 μέχρι
2809 2505 2919 2559 τῶν
2969 2505 3263 2579 βαρϐάρων
3299 2508 3515 2580 διῆχθαι
3548 2511 3724 2563 πίστιν

2163 2595 2394 2668 ίσχυράν
2416 2598 2608 2651 αὐτόθι
2629 2599 2691 2652 τὸ
2723 2596 2978 2653 Ἠλύσιον
3009 2594 3147 2653 εἶναι
3178 2601 3358 2654 πεδίον
3385 2603 3479 2655 καὶ
3507 2603 3605 2673 τὴν
3623 2604 3726 2656 τῶν

2156 2690 2493 2761 εὐδαιμόνων
2543 2690 2782 2763 οἴκησιν,
2813 2692 2882 2763 ἣν
2925 2693 3172 2765 Ὅμηρος
3220 2692 3451 2765 ὕμνησε.
3489 2696 3671 2750 Ταῦτα
3700 2700 3728 2750 ὁ

2155 2782 2462 2854 Σερτώριος
2502 2784 2743 2848 ἀκούσας
2777 2784 2957 2855 ἔρωτα
2986 2785 3298 2859 θαυμαστὸν
3332 2788 3489 2859 ἔσχεν
3516 2790 3727 2857 οἰκῆσαι

2153 2875 2254 2940 τάς
2279 2878 2484 2948 νήσους
2526 2877 2620 2931 καὶ
2648 2877 2748 2949 ζῇν
2784 2880 2843 2932 ἐν
2874 2880 3097 2952 ἡσυχίᾳ,
3138 2881 3452 2951 τυραννίδος
3497 2883 3728 2936 ἀπαλλαρ

2154 2974 2273 3041 γεὶς
2318 2978 2413 3027 καὶ
2454 2973 2711 3043 πολέμων
2741 2972 3061 3030 ἀπαύστων.
3092 2974 3251 3030 Ἀλλά
3276 2975 3613 3047 διεμάραναν
3648 2977 3731 3030 αὖε

2156 3070 2253 3121 τοῦ
2307 3067 2404 3120 καὶ
2451 3066 2837 3138 περιέσπασαν
2888 3067 2981 3119 τὸν
3011 3065 3190 3137 ἔρωτα
3223 3067 3259 3137 ἧ
3284 3084 3345 3121 τε
3389 3068 3604 3137 κίνησις
3628 3068 3732 3121 τῶν

460 3176 702 3216 amorem
748 3159 981 3215 Cilicum
1030 3159 1327 3224 adventus,
1376 3169 1434 3216 et
1480 3176 1745 3216 novorum
1786 3162 2052 3218 bellorum

2162 3160 2281 3231 μετ’
2331 3157 2500 3212 αὐτοῦ
2559 3156 2804 3213 Κιλίκων
2859 3159 3264 3232 ἐκταραχθεῖσα
3308 3163 3404 3216 καὶ
3458 3164 3734 3235 νεωτέρων

392 3264 395 3265 ⁷
460 3255 879 3311 administratio.

533 3348 837 3403 Sertorium
893 3346 1171 3401 memoria:
1221 3347 1490 3415 proditum
1542 3328 1679 3413 est,
1712 3361 1889 3418 neque
1954 3361 2053 3402 vo-

460 3439 677 3509 luptati,
721 3452 898 3507 neque
935 3436 1101 3491 metui
1144 3437 1381 3491 obnoxio
1429 3438 1646 3507 ingenio
1696 3438 1866 3493 fuisse
1907 3456 1922 3494 :
1968 3454 2057 3494 na-

461 3542 583 3587 tura
624 3541 675 3586 et
700 3516 1126 3600 imperterritum
1151 3531 1313 3585 rebus
1337 3530 1604 3596 adversis,
1625 3542 1680 3586 et
1699 3532 1789 3601 qui
1833 3548 1922 3588 res
1968 3548 2057 3588 se-

468 3626 675 3682 cundas
714 3625 994 3679 moderate
1020 3624 1218 3690 ferret;
1257 3624 1527 3679 neminem
1559 3639 1626 3679 eo
1666 3634 1908 3693 tempore
1952 3624 2056 3679 du-

467 3736 587 3775 cem
638 3719 810 3789 magis
855 3726 1045 3787 aperta
1088 3718 1273 3787 praelia
1324 3720 1565 3785 vitasse,
1639 3717 2052 3773 callidissimum

468 3828 600 3870 vero
647 3811 861 3867 furtivis
916 3810 1042 3865 belli
1092 3811 1380 3881 operibus,
1434 3811 1488 3866 in
1539 3812 1873 3880 occupandis
1923 3811 2058 3866 locis

468 3918 665 3963 natura
695 3905 939 3971 munitis,
983 3915 1040 3961 et
1069 3902 1390 3960 ﬂuminibus
1427 3906 1786 3976 trajiciendis,
1828 3904 2059 3974 aliisque

471 3998 526 4054 id
555 4013 725 4069 genus
754 3998 919 4052 rebus
946 4011 1065 4065 qua:
1092 3997 1392 4063 celeritate,
1419 3997 1640 4061 astutia,
1684 4006 1740 4052 et
1770 3996 2057 4052 mendacio

467 4090 855 4154 coniiciuntur,
884 4072 1273 4157 perliberalenr
1295 4091 1346 4144 in
1372 4090 1610 4159 praemiis
1632 4089 1893 4144 virtutum
1925 4106 2056 4144 con-

470 4180 740 4243 ferendis,
782 4179 837 4232 in
882 4178 1165 4248 suppliciis
1207 4180 1568 4234 moderatum.
1610 4178 1933 4249 Quanquam
1959 4194 2058 4233 ex-

473 4288 646 4330 tremo
676 4275 801 4330 vitae
827 4288 994 4327 cursu
1026 4271 1245 4327 videtnr
1267 4272 1319 4327 id
1341 4272 1485 4342 quod
1518 4272 1572 4327 in
1602 4271 1823 4327 obsides
1847 4272 2059 4337 statuit,

469 4366 774 4422 ostendisse
795 4364 1037 4418 animum
1071 4356 1189 4431 eius
1216 4378 1322 4417 non
1350 4377 1479 4417 vere
1502 4372 1846 4418 mansuetum
1874 4360 2060 4427 fuisse,

472 4462 567 4516 sed
591 4459 968 4515 crudelitatem
991 4456 1109 4527 ejus
1132 4468 1249 4513 arte
1272 4457 1505 4528 quadam
1532 4458 1879 4514 necessitatis
1896 4474 2062 4514 causa

2162 3251 2388 3321 φροντὶς
2419 3250 2719 3320 πολεμίων.

2236 3344 2421 3398 "Ott"
2471 3342 2688 3411 λέγεται
2749 3341 2957 3413 (φησὶν)
2990 3345 3035 3375 ⁹¹
3070 3345 3098 3398 ό
3124 3334 3425 3417 Σερτώριος
3478 3346 3604 3401 οὔτε
3650 3346 3736 3415 ὑφ’

2162 3437 2356 3508 ἡδονῆς
2383 3434 2507 3489 οὔτε
2535 3434 2641 3488 ὑπὸ
2659 3435 2811 3497 δέους
2840 3436 3109 3500 εὐάλωτος
3128 3438 3403 3505 γενέσθαι,
3434 3440 3597 3507 φύσει
3618 3439 3672 3492 δὲ
3691 3440 3734 3471 ⁸⁸

2163 3529 2544 3602 ἀνέκπληκτος
2566 3530 2727 3599 ’παρά
2746 3528 2793 3561 ⁸³
2812 3530 2879 3582 τὰ
2913 3530 3061 3585 δεινά
3092 3532 3184 3584 καὶ
3205 3530 3437 3604 [64811.]
3469 3533 3737 3603 μέτριος-⁸⁵

2165 3625 2408 3693 ἐνεγκεῖν
2475 3623 2732 3694 εὐτυχίαν
2751 3640 2766 3654 ο
2815 3624 3029 3687 οὐδενὸς
3061 3624 3241 3695 μέντοι
3269 3625 3388 3679 οὐδὲ
3418 3627 3559 3696 πρὸς
3587 3626 3734 3679 εὐθυο

2170 3717 2372 3788 μαχίαν
2428 3715 2791 3786 ἀτολμότερος
2817 3715 2927 3769 τῶν
2950 3717 3073 3770 καθ’
3099 3717 3291 3771 ἑαυτὸν
3312 3719 3616 3789 ἡγεμόνων,
3638 3719 3732 3771 ὅσα

2164 3810 2222 3864 δέ
2247 3808 2505 3872 κλοπείας
2525 3808 2570 3840 ⁸⁸
2605 3809 2664 3861 ἐν
2696 3807 2955 3878 πολέμοις
2983 3808 3121 3879 ἔργα
3152 3810 3247 3863 καὶ
3280 3807 3595 3875 πλεονεξίας
3616 3808 3733 3879 mp!

2165 3904 2366 3963 τόπους
2426 3899 2658 3972 ὀχυροὺς
2702 3901 2797 3954 καὶ
2873 3901 3154 3963 διαϐάσεις
3218 3899 3415 3969 τάχους
3460 3897 3730 3967 δεομένας,

2168 3997 2384 4068 ἀπάτης
2409 4014 2467 4051 τε
2489 3998 2583 4052 καὶ
2611 3996 2822 4068 ψευδῶν
2850 3996 2908 4047 ἐν
2924 3994 3118 4058 δέοντι,
3141 3991 3397 4064 σοφιστὴς
3411 3990 3727 4051 δεινότατος.

2180 4088 2273 4143 Ἐν
2305 4090 2361 4142 δέ
2386 4093 2511 4154 ταῖς
2554 4092 2744 4162 τιμαῖς
2794 4089 2904 4151 τῶν
2959 4084 3463 4157 ἀνδραγαθημάτων
3514 4078 3732 4150 δαψιλὴς

2170 4181 2516 4252 φαινόμενος,
2545 4199 2609 4235 πε
2620 4184 2673 4254 pi
2695 4183 2793 4246 τὰς
2822 4180 3095 4252 τιμωρίας
3120 4174 3405 4247 ἐμετρίαζε
3437 4173 3545 4227 τῶν
3563 4174 3733 4242 ἀμαρ-

2168 4277 2429 4345 τημάτων
2454 4291 2468 4307 ·
2508 4275 2687 4329 καίτοι
2716 4275 2865 4327 δοκεῖ
2894 4273 3026 4344 περὶ
3051 4272 3141 4325 τὸν
3170 4272 3393 4338 ἔσχατον
3428 4263 3590 4319 αὐτοῦ
3621 4263 3731 4332 βίον

2169 4367 2455 4438 ὼμότητός
2513 4383 2572 4419 τε
2587 4365 2633 4397 ⁸⁵
2655 4366 2751 4419 καὶ⁵
2793 4362 3097 4435 βαρύτητος
3123 4359 3185 4414 τὸ
3208 4358 3335 4429 περὶ
3355 4356 3480 4418 τοὺς
3503 4354 3736 4424 ὁμήρους

2172 4458 2504 4529 προαχθὲν⁶⁷
2557 4457 2717 4529 ἔργον
2773 4455 3037 4521 ἐπιδεῖξαι
3084 4452 3181 4523 τὴν
3239 4449 3399 4520 φύσιν
3423 4447 3524 4501 οὐκ
3579 4444 3738 4498 οὖσαν

472 4552 639 4607 fuisse
680 4551 932 4607 celatam.
961 4551 1091 4604 Mibi
1138 4557 1320 4604 autem
1362 4559 1421 4604 ut
1464 4564 1649 4605 veram
1685 4551 1944 4605 virtutem
1982 4565 2052 4604 ra-

2171 4553 2398 4624 ἥμερον,
2462 4550 2578 4605 ἀλλ’
2622 4549 2971 4619 ἀπεχομένην
2989 4547 3033 4579 ⁶⁸
3062 4543 3307 4615 λογισμῷ
3334 4542 3422 4597 διὰ
3456 4540 3554 4611 τὴν
3576 4538 3738 4605 ἀνάγ-

476 4649 732 4714 tioneque
761 4655 907 4699 recta
930 4642 1251 4709 stabilitam,
1287 4658 1565 4712 nunquam
1596 4642 1810 4697 videtur
1832 4643 2067 4698 fortuna}

477 4740 558 4791 vis
610 4739 662 4791 in
704 4737 1036 4791 contrarium
1094 4750 1256 4805 posse
1311 4746 1665 4801 convertere,
1719 4735 1790 4790 ita
1841 4736 2068 4790 consilia

403 4900 408 4905 .
477 4840 658 4884 tamen
689 4829 822 4883 alias
859 4840 1010 4883 recta
1050 4830 1334 4898 bonasque
1368 4838 1592 4883 naturas
1639 4828 1857 4901 indigne
1888 4830 2069 4901 gravi-

476 4920 578 4973 bus
611 4917 1009 4973 calamitatibus
1042 4917 1290 4981 alllictas,
1317 4933 1421 4971 non
1459 4919 1756 4973 absurdum
1791 4931 1921 4988 puto
1946 4936 2067 4973 cre-

473 5011 607 5066 dere
638 5025 742 5064 una
762 5026 885 5065 cum
913 5010 1131 5066 fortuna
1164 5010 1382 5063 mutari.
1413 5010 1465 5063 Id
1498 5011 1640 5080 quod
1664 5025 1765 5082 ego
1791 5021 1905 5067 tum
1940 5011 2068 5067 Ser-

476 5104 621 5157 torio
659 5103 925 5159 accidisse
956 5110 1118 5172 puto.
1161 5101 1273 5169 jam
1308 5099 1519 5155 fortuna
1552 5118 1677 5156 eum
1711 5104 2065 5170 destituente,

479 5196 753 5267 rebusque
808 5195 940 5265 ipsis
1000 5203 1383 5262 eanperatum
1490 5193 1720 5265 injurias
1794 5196 2065 5252 malorum

480 5289 721 5347 atrocius
753 5291 926 5345 ultum
960 5288 1220 5344 arbitror.

2176 4664 2300 4718 κην.
2338 4646 2494 4717 Ἐμοὶ⁵
2517 4646 2561 4698 δ’
2590 4645 2792 4716 ἀρετὴν
2846 4643 2945 4714 μὲν
2973 4638 3240 4709 εἰλικρινῆ
3272 4638 3364 4691 καὶ
3424 4636 3568 4691 κατά
3590 4634 3739 4701 λόγον
3824 4638 3836 4649 ⁸

2175 4737 2522 4791 συνεστῶσαν
2581 4737 2680 4789 οὐκ
2730 4734 2797 4788 ἀν
2821 4750 2955 4786 ποτε
3004 4733 3153 4784 δοκεῖ
3192 4729 3328 4800 τύχη
3354 4745 3439 4791 τις
3484 4728 3738 4794 ἐκστῆσαι

2176 4828 2313 4899 πρὸς
2359 4828 2669 4882 τούναντίον
2694 4843 2708 4856 ·
2769 4824 2945 4888 ἄλλως
2973 4824 3029 4877 δὲ
3053 4821 3395 4893 προαιρέσεις
3442 4819 3537 4872 καὶ
3560 4818 3740 4885 φύσεις

2177 4920 2422 4993 χρηστὰς
2477 4920 2583 4973 ὑπὸ
2613 4919 2910 4990 συμφορῶν
2943 4918 3192 4988 μεγάλων
3223 4914 3352 4985 παρ’
3379 4912 3536 4977 ἀξίαν
3566 4926 3739 4963 κακω-

2175 5013 2363 5076 θείσας
2413 5012 2515 5065 οὐκ
2563 5011 2826 5065 ἀδύνατον
2854 5010 2933 5082 τῷ
2959 5010 3170 5079 δαίμονι
3224 5002 3662 5077 συμμεταϐαλεῖν
3687 5000 3739 5051 τὸ

2166 5101 2302 5181 ,ἦθος
2323 5121 2337 5137 °
2366 5105 2394 5157 ὃ
2431 5106 2527 5159 καὶ
2581 5102 2886 5176 Σερτώριον
2942 5097 3097 5171 οἶμαι
3127 5098 3342 5161 παθεῖν,
3374 5097 3478 5168 ἢδη
3507 5095 3606 5165 τῆς
3650 5092 3738 5144 τύ-

2178 5216 2278 5270 χης
2312 5198 2475 5251 αὑτὸν
2504 5196 2892 5269 ἐπιλειπούσης
2917 5198 2961 5229 ⁶⁹
2991 5192 3458 5266 ἐκτραχυνόμενον
3512 5188 3617 5241 ὑπὸ
3640 5186 3739 5240 τῶν

2175 5291 2521 5361 πραγμάτων
2554 5291 2651 5345 καλ⁹
2680 5292 2966 5361 γινόμενον
2989 5288 3223 5357 πονηρὸν
3253 5286 3297 5318 ⁷ο
3317 5283 3454 5356 πρὸς
3476 5283 3602 5345 τοὺς
3631 5280 3739 5335 ἀδι-

2175 5398 2425 5446 κουντας.

1770 5522 2002 5581 VARIE
2035 5524 2446 5583 LECTIONES.

514 5644 564 5685 δι
589 5644 696 5716 ὅτι]
728 5661 777 5699 (ο.
803 5644 857 5700 8.
934 5644 979 5675 ⁸⁸
1004 5642 1439 5714 καταπνεόμεναι
1470 5643 1595 5697 add.
1618 5644 1678 5700 Β.
1758 5647 1805 5679 ⁸⁸
1834 5648 2003 5720 ἀροῦν
2028 5648 2167 5703 ἀλλά
2200 5648 2294 5703 καί
2330 5667 2387 5713 ς.

514 5713 612 5751 ,m’m
644 5735 683 5751 .-
780 5716 825 5747 σο
856 5716 932 5751 κη
972 5719 1001 5751 Δ
1030 5731 1042 5740 υ
1076 5716 1163 5751 Ἀτι-
1192 5732 1231 5751 ρ-
1364 5713 1405 5743 ει
1435 5715 1624 5751 ιηῇηῘυΊ
1656 5731 1683 5751 ιι
1740 5719 1806 5751 ιη
1936 5721 1979 5751 ss
2008 5721 2062 5751 ελ
2119 5723 2144 5751 Α
2190 5739 2202 5751 .
2236 5736 2292 5751 ..ο
2328 5738 2366 5751 ,-

920 5734 935 5767 ι
967 5723 1043 5767 A:
1076 5723 1165 5766 οτε
1192 5732 1252 5779 ς.
1364 5723 1405 5743 ⁵³
1435 5723 1624 5784 φησιν]
1656 5731 1705 5769 c.
1740 5723 1826 5773 10.
1936 5723 1979 5751 ⁸⁵³
2007 5723 2063 5773 δέ
2113 5723 2152 5774 Λ
2190 5739 2202 5775 :
2236 5736 2293 5773 τε
2328 5738 2388 5784 ς.
2491 5723 2537 5755 ⁸³
2583 5723 2732 5787 παρά
2778 5723 2856 5772 A:
2888 5723 3017 5787 περί
3043 5735 3102 5783 ς.
3209 5723 3254 5747 ⁵³
3281 5723 3371 5765 καὶ
3410 5730 3437 5782 μ

917 5786 983 5863 θζ
1000 5784 1317 5863 κλοπίαςις.
1388 5786 1432 5815 ⁸⁸
1462 5802 1521 5837 τε
1554 5788 1677 5863 add.
1708 5788 1773 5844 A.
1853 5790 1898 5828 ⁸⁷
1936 5791 2179 5863 πραχθέν
2208 5808 2269 5855 ς.
2347 5791 2393 5831 ⁸⁸
2420 5790 2757 5862 ἐπεχομένην
2787 5789 2844 5843 Β.
2917 5789 2960 5822 ⁶⁹
2988 5785 3342 5855 ἐπιλιπούσης
3371 5784 3437 5839 Α.

486 5713 612 5783 ρούς
644 5713 703 5780 ξ.
780 5716 825 5747 ⁵ο
856 5716 935 5768 ὅτι
967 5719 1043 5767 A:
1076 5716 1165 5766 ὅτε
1192 5732 1252 5779 ς.

489 5785 721 5851 μετρίως
754 5801 812 5848 ς.

490 5866 651 5918 μενον
682 5853 915 5923 πονηρὸν
946 5853 1021 5908 D:
1064 5855 1349 5949 γινομένου
1379 5854 1614 5925 πονηροῦ
1650 5872 1709 5918 ς.

1364 5713 1405 5743 θ’
1435 5715 1624 5784 φησίν]
1656 5731 1705 5769 c.
1740 5719 1826 5773 10.

2860 5646 2906 5679 "'
2941 5640 3315 5747 p€?pt6m¢“B.
3390 5642 3436 5675 '°
3467 5642 3559 5695 καὶ
3591 5639 3741 5711 βληχ-

2888 5736 3017 5782 .περι
3043 5735 3102 5782 ς.
3281 5716 3371 5765 καὶ
3410 5712 3622 5782 μέτριος
3651 5711 3692 5764 Δ
3724 5726 3736 5763 :

3536 5783 3581 5816 ἶ.
3601 5797 3737 5851 7w,-

2494 5648 2541 5681 ⁵⁷
2578 5650 2775 5718 κρᾶσις

2491 5721 2537 5755 ⁸³
2583 5721 2732 5787 παρά
2778 5720 2856 5772 A:
2888 5719 3017 5787 περί
3043 5735 3102 5783 ς.
