3924 6430
448 340 577 408 1451

1577 342 1837 402 ΡΗΟΤΙῙ
1874 340 2372 401 ΡΑΤΒΙΑΗΟΗΑΞ
2411 343 2513 404 CP.

3562 343 3690 407 1452

443 457 674 523 ridebat,
717 471 839 526 qua:
877 470 962 512 res
995 453 1073 510 illi
1114 454 1355 509 maxime
1396 454 1497 510 fuit
1528 453 1689 509 malo.
1741 454 1846 521 Qui
1872 454 2011 509 enim

2121 451 2458 521 ἀντισκιῖκίιαι
2512 452 2620 522 γάρ
2658 450 2789 522 ἐξῆν
2805 453 2851 484 ³³
2884 451 2976 507 καὶ
3028 451 3371 524 ἀνθυϐρίσαι,
3407 456 3501 511 καὶ
3526 458 3696 524 γελώ-

443 548 613 603 lihere
654 562 839 604 secmn
882 547 1215 617 iocarentur,
1253 546 1453 616 3980
1523 548 1593 600 ah
1635 546 1718 598 eis
1757 546 1897 599 serio
1937 544 2019 599 lo-

445 638 735 706 quentibus
764 652 1100 707 nequaquam
1159 638 1384 705 putabat
1431 636 1529 690 sibi
1553 636 1756 689 adulari
1786 652 1801 688 :
1835 634 2021 702 itaque

445 730 715 784 laudando
745 730 900 785 facile
933 730 1326 799 decipiebatur.
1363 730 1478 783 rion
1512 730 1655 783 enim
1690 727 2021 797 intelligebat
2056 714 2065 723 '

450 836 592 887 esse,
626 822 716 891 qui
749 822 1043 877 adulationi
1087 823 1394 878 libertatem
1428 820 1591 875 veluti
1632 819 2016 874 subausterum

448 914 849 967 condimentum
885 914 1271 978 admiscerent,
1304 927 1409 982 quo
1440 919 1704 979 proterva:
1739 908 1883 964 inter
1920 924 2019 977 ρο-

444 1004 562 1059 cula
607 1004 914 1074 loquacitati
973 1006 1191 1059 taedium
1236 1014 1293 1059 et
1338 1004 1641 1059 satietatem
1685 1001 2015 1065 dimoveant,

444 1096 602 1164 idque
629 1106 1054 1166 consequantur,
1083 1106 1143 1150 ut
1170 1105 1510 1150 assentantes
1546 1103 1602 1149 et
1628 1095 2015 1160 concedentes,

443 1188 658 1253 quoties
701 1187 768 1240 de
805 1202 863 1241 re
900 1188 1049 1256 gravi
1093 1200 1272 1242 sermo
1318 1186 1604 1248 incideret,
1636 1201 1742 1239 non
1783 1186 2015 1255 gratiam

444 1289 684 1347 captare,
718 1279 807 1333 sed
838 1277 1119 1347 prudentia
1150 1278 1435 1333 inferiores
1465 1278 1772 1333 videantur.

970 1456 1054 1511 Ea:
1092 1455 1289 1527 Pyrrhi
1335 1456 1482 1511 Vita.

513 1548 631 1601 Fuit
661 1547 902 1617 Pyrrhus
933 1550 1080 1602 vultu
1109 1551 1260 1620 regio
1288 1551 1532 1619 quidem,
1565 1549 1660 1604 sed
1694 1548 2019 1607 terribiliora

438 1655 601 1708 quam
641 1640 1052 1695 veneraliiliore.
1083 1640 1196 1694 Non
1222 1641 1412 1695 habuit
1438 1642 1635 1696 multos
1675 1642 1886 1705 dentes,
1920 1641 2016 1696 sed

438 1748 601 1802 supra
629 1741 747 1787 erat
773 1747 938 1786 unum
967 1747 1032 1787 os
1057 1731 1397 1797 continuum,
1429 1732 1482 1785 in
1512 1747 1621 1801 quo
1656 1732 1895 1787 dentium
1925 1732 2010 1788 ln-

2089 548 2280 610 ’μενος
2313 541 2346 611 ἢ
2382 542 2553 609 γελῶν
2606 543 2815 614 ἔχαιρε.
2871 543 2982 597 Καὶ
3024 543 3182 600 τοῦτο
3226 544 3588 616 διελυμήνατο
3620 548 3692 601 τά

2119 631 2289 684 πολλά
2338 632 2447 685 τῶν
2496 635 2841 705 πραγμάτων
2866 650 2883 667 ·
2922 634 3049 698 τοὺς
3097 635 3206 705 γάρ
3259 636 3319 688 ὲν
3355 635 3438 706 τῷ
3481 638 3692 704 παίζειν

2119 726 2664 800 παρρησιαζομένους
2719 727 2822 781 οὐκ
2853 726 2919 781 ἂν
2968 726 3174 797 οἰηθεὶς
3226 728 3633 794 σπουδάζοντας
3650 730 3696 762 οι

2118 816 2434 871 κολακεύειν
2450 815 2633 881 αὑτὸν,
2663 816 2919 886 ἡλίσκετο
2950 817 3145 888 ῥᾳδίως
3172 818 3277 872 ὑπὸ
3293 818 3403 873 τῶν
3431 821 3692 885 ἐπαίνων,

2120 908 2332 977 ἀγνοῶν
2385 909 2469 963 δτι
2523 906 2624 978 τὴν
2699 909 3014 977 παρρησίαν
3074 909 3219 973 τινὲς
3263 912 3341 975 ὡς
3387 911 3696 982 ύποστύφον

2116 997 2336 1068 ἥδυσμα
2384 999 2452 1070 τῇ
2508 996 2769 1069 κολακείᾳ
2835 998 3277 1067 παραμιγνύντες
3334 1002 3589 1073 ἀφῄρουν
3639 1006 3699 1055 τὸ

2118 1086 2415 1159 πλήσμιον,
2439 1090 2503 1159 τῇ
2530 1088 2682 1160 παρὰ
2712 1088 2812 1161 τὴν
2854 1089 3051 1144 κύλικα
3082 1090 3382 1163 θρασύτητι
3422 1096 3519 1148 καὶ
3542 1094 3697 1165 λαλιᾷ

2115 1177 2586 1251 διαμηχανώμενοι
2630 1178 2729 1250 τὴν
2788 1179 2900 1233 τῶν
2956 1183 3299 1253 πραγμάτων
3363 1184 3559 1253 ὕφεσιν
3606 1189 3696 1241 καὶ

2119 1268 2536 1337 συγκατάθεσιν,
2572 1268 2647 1333 ὡς
2674 1268 2751 1341 μὴ
2796 1269 2934 1341 πρὸς
2958 1273 3139 1344 ,χάριν
3174 1274 3407 1345 ὁμιλεῖν,
3457 1277 3595 1334 ἀλλὰ
3619 1280 3695 1349 τῷ

2117 1361 2338 1429 φρονεῖν
2366 1361 2689 1433 ἡττωμένων
2714 1361 3019 1431 φαίνεσθαι.

2644 1453 2746 1508 Ἐκ
2771 1455 2877 1509 τοῦ
2909 1457 3163 1524 Πύρῤου.

2189 1540 2377 1593 ⁸οτι⁹⁵
2406 1540 2647 1612 Πύρρος,
2681 1546 2835 1615 φησὶ,
2866 1548 2933 1616 τῇ
2966 1547 3063 1615 μὲν
3120 1547 3232 1618 ἰδέᾳ
3266 1547 3362 1602 τοῦ
3400 1552 3687 1621 προσώπου

2116 1630 2391 1702 φοϐερώτε
2401 1648 2492 1701 ρον
2508 1632 2554 1664 ⁸⁸
2572 1628 2640 1703 ἦν
2665 1632 2803 1703 έχων
2820 1633 2865 1667 ’⁷
2890 1636 2921 1705 ἢ
2937 1636 3259 1707 σεμνότερον
3287 1639 3382 1692 καὶ
3398 1639 3685 1710 βασιλικώ-

2115 1740 2295 1794 τερον,
2311 1723 2356 1756 ⁸⁸
2382 1724 2610 1789 πολλοὺς
2627 1726 2684 1779 δὲ
2711 1727 2925 1790 ὀδόντας
2945 1730 3045 1783 οὐκ
3072 1725 3238 1802 εἶχεν,
3269 1733 3384 1785 ἀλλ’
3408 1734 3470 1787 ἓν
3499 1736 3686 1791 ὀστοῦν

440 1795 660 1879 tervalla
694 1825 946 1880 tenuibus
971 1824 1132 1880 veluti
1164 1824 1332 1879 sulcis
1364 1795 1768 1879 detinebantur.
1803 1824 1842 1877 E
1871 1822 2011 1878 liene

2120 1817 2340 1885 συνεχὲς
2370 1811 2458 1887 ἦν,
2495 1818 2702 1871 ἀνωθεν
2747 1814 2860 1873 οἷον
2910 1795 3415 1895 λεπταῖξάμυχαῖς
3446 1828 3546 1891 τὰς
3576 1830 3685 1883 δια-

437 1915 806 1971 laborantibus
846 1914 1076 1970 salutem
1114 1913 1308 1970 all'erre
1334 1915 1690 1978 credebatur,
1738 1918 1782 1971 si
1813 1916 2010 1985 gallum

436 2007 617 2061 album
652 2017 927 2069 mactans,
969 2005 1238 2074 supinatis
1277 2004 1385 2060 illis
1428 2005 1622 2060 dextro
1649 2004 1783 2074 pede
1820 2005 2015 2061 leviter

438 2096 643 2152 viscera
667 2105 962 2165 premeret,
982 2111 1159 2165 neque
1187 2096 1289 2151 luit
1318 2097 1606 2166 quisquam
1655 2097 1730 2150 ita
1761 2095 1844 2154 vel
1879 2111 2015 2166 pau-

438 2205 535 2259 per
562 2188 645 2243 vel
677 2188 819 2252 vilis,
850 2188 935 2243 cui
963 2197 1185 2255 rogatus
1205 2202 1325 2243 eam
1355 2188 1679 2243 medicinam
1708 2188 1890 2245 facere
1914 2191 2012 2244 de-

438 2283 783 2349 dignaretur;
819 2280 1018 2351 gallnm
1060 2280 1175 2349 ipse
1214 2278 1454 2350 Pyrrhus
1509 2279 1808 2349 accipiebat
1849 2289 2015 2349 atque

438 2372 774 2439 immolabat,
806 2374 980 2442 iisque
1004 2371 1056 2426 ei
1084 2380 1199 2427 erat
1222 2372 1394 2428 honor
1431 2372 1798 2442 gratissimus.
1833 2371 1899 2426 Et
1934 2370 2012 2424 fe-

440 2474 562 2515 runt
608 2463 759 2530 pedis
806 2464 923 2531 ejus
980 2461 1229 2530 pollicem
1282 2461 1390 2515 vim
1436 2460 1674 2515 divinam
1731 2459 2011 2529 habuisse,

435 2565 595 2622 atque
627 2554 787 2608 etiam
831 2562 1077 2608 cremato
1118 2560 1243 2621 post
1288 2559 1519 2607 mortem
1558 2566 1824 2623 corpore,
1868 2552 2011 2606 hunc

437 2646 661 2699 illaesum
694 2644 1063 2712 intactumque
1090 2644 1159 2698 ab
1193 2642 1315 2710 igne
1341 2642 1510 2699 fuisse
1537 2652 1838 2711 repertum.

990 2906 1072 2961 Ea:
1113 2905 1271 2960 Marii
1319 2903 1461 2961 Vita.

509 2999 677 3054 Mario
721 3008 775 3053 et
821 2998 1196 3066 temperantiae
1239 3013 1301 3052 ac
1350 2994 1649 3052 tolerantiae
1699 2992 2006 3052 testimoni"

2112 1909 2252 1975 φυάς
2286 1908 2830 1982 ύπογεγραμμένον⁹⁹
2858 1910 2966 1965 τῶν
3009 1912 3253 1970 ὀδόντων.
3284 1918 3408 1982 Τοῖς
3433 1919 3493 1972 δὲ
3516 1920 3684 1992 σπλη·

2112 1999 2297 2053 νιῶσιν
2351 1999 2525 2055 ἐδόκει
2605 2000 2821 2071 βοηθεῖν
2878 2004 3213 2075 ἀλεκτρυόνα
3270 2008 3413 2064 θύων
3468 2011 3691 2082 λευκὸν,

2113 2090 2319 2143 ὑπτίων
2374 2107 2434 2143 τε
2480 2093 2893 2163 κατακειμένων
2948 2096 3030 2165 τῷ
3094 2096 3255 2169 δεειῷ
3302 2101 3429 2156 ποδὶ
3484 2105 3685 2167 πιέζων

2112 2181 2325 2251 ἀτρέμα
2346 2181 2409 2234 τὸ
2432 2182 2757 2253 σπλάγχνον.
2813 2185 3001 2249 Οὐδεὶς
3021 2186 3068 2240 δ’
3111 2183 3180 2259 ἦν
3210 2190 3380 2262 πένης
3407 2191 3534 2247 οὔτε
3572 2195 3682 2249 ἀδοο

2114 2269 2201 2337 ξος
2247 2268 2421 2335 οὕτως
2463 2271 2607 2325 ὥστε
2663 2273 2739 2345 μὴ
2784 2277 2967 2345 τυχεῖν
3007 2278 3107 2346 τῆς
3175 2280 3419 2351 ἰατρείας
3457 2283 3679 2354 δεηθείς.

2124 2359 2427 2429 Ἐλάμσανε
2447 2360 2503 2415 δὲ
2530 2361 2736 2416 καὶτὸν
2765 2363 3095 2435 ἀλεκτρυόνα
3115 2367 3411 2432 θύσας.καὶ
3437 2373 3499 2425 τὸ
3524 2374 3681 2444 γέρας

2111 2451 2268 2505 τοῦτο
2296 2452 2511 2522 ἥδιστον
2536 2448 2605 2524 ἦν
2627 2453 2796 2525 αὐτῷ.
2829 2456 3060 2525 Λέγεται
3092 2459 3149 2512 δὲ
3172 2460 3266 2513 τοῦ
3296 2463 3457 2527 ποδὸς
3483 2465 3680 2519 ἐκείνου

2110 2541 2203 2595 τὸν
2265 2543 2486 2613 μείζονα
2517 2543 2780 2598 δάκτυλον
2834 2545 2980 2616 ἔχειν
3038 2548 3303 2621 δύναμιν¹
3337 2553 3497 2621 ἰδίαν,
3550 2554 3680 2609 ὥστε

2116 2633 2254 2701 μετά
2334 2635 2433 2705 τὴν
2500 2635 2760 2710 τελευτὴν
2810 2637 2905 2693 τοῦ
2961 2639 3147 2695 λοιποῦ
3214 2642 3468 2715 σώματος
3525 2664 3683 2701 κατα-

2111 2727 2339 2782 καέντος
2364 2726 2549 2780 ἀπαθῖι
2583 2728 2677 2782 καὶ
2711 2728 2967 2785 ἀθικτον²
2989 2733 3092 2785 ὑπὸ
3131 2733 3225 2787 τοῦ
3255 2736 3430 2807 πυρὸς
3464 2738 3682 2812 εὗρεθῆ-

2115 2837 2223 2873 ναι.

2616 2944 2625 2972 l
2653 2916 2741 2973 Ex
2775 2915 2884 2972 τοῦ
2918 2918 3166 2986 Μαρίου.

2184 3006 2346 3061 Ὀτι⁸
2374 3005 2452 3075 τῷ
2475 3005 2677 3078 Μαρίῳ
2700 3006 2885 3077 (φησι)
2927 3010 3018 3062 καὶ
3044 3010 3395 3084 σωφροσύνην
3435 3015 3533 3069 καὶ
3560 3034 3686 3089 καρ-

437 3090 827 3159 perhibentur;
854 3098 909 3145 et
939 3087 1098 3158 hujus
1129 3088 1349 3158 quidem
1380 3088 1636 3142 indicium
1665 3094 1863 3143 exstat.
1902 3085 2005 3141 Va-

2120 3096 2297 3168 τερίαν
2330 3096 2719 3167 μαρτυροῦσιν,
2742 3093 2809 3169 ἧς
2843 3096 3037 3169 δεῖγμα
3071 3098 3196 3173 [650
3230 3100 3323 3173 Η.1
3352 3104 3446 3157 καὶ
3467 3104 3530 3159 τὸ
3559 3085 3683 3177 περὶ

439 3182 642 3238 rit-ibus
678 3183 820 3237 enim
850 3182 1056 3250 magnis
1088 3196 1209 3236 cum
1245 3189 1533 3249 utrumque
1557 3179 1675 3249 ejus
1707 3194 1831 3234 crus
1859 3178 2010 3233 labo-

433 3283 603 3339 raret,
629 3273 1030 3328 delormitatcm
1061 3285 1202 3341 :egre
1244 3271 1464 3336 ferens,
1510 3270 1774 3325 medicum
1821 3282 2011 3323 accer-

433 3366 589 3428 sivit,
629 3365 791 3433 eique
831 3379 937 3420 non
980 3363 1173 3432 ligatus
1203 3378 1333 3418 crus
1366 3363 1595 3417 alterum
1632 3362 1895 3431 praebuit,
1947 3375 2011 3417 ac

437 3454 568 3509 nihil
594 3454 712 3524 ipse
736 3462 930 3515 motus,
968 3453 1114 3508 nullo
1136 3454 1281 3510 edito
1311 3454 1535 3523 gemitu,
1561 3454 1830 3507 constanti
1860 3453 2009 3507 vultu

440 3548 632 3601 tacitus
658 3546 1007 3601 incredibiles
1035 3556 1265 3602 secturte
1298 3545 1510 3600 dolores
1542 3546 1794 3613 pertulit;
1827 3549 1893 3600 ad
1932 3546 2012 3599 al,-

437 3646 608 3690 tcrum
645 3646 960 3693 transeunte
991 3636 1224 3700 medico,
1259 3652 1365 3691 non
1392 3637 1672 3700 sustinuit,
1712 3639 2009 3693 remedium

435 3728 536 3781 hoc
579 3743 683 3783 non
723 3729 941 3797 dignum
982 3744 1103 3785 esse
1152 3728 1438 3795 inquiens,
1473 3730 1623 3798 cujus
1665 3744 1828 3784 causa
1877 3729 2011 3783 tanti

436 3821 710 3875 cruciatus
750 3821 1137 3880 tolerarentur.

501 4020 701 4074 Marius
732 4034 797 4073 ex
828 4016 1008 4072 Africa
1059 4030 1184 4071 cum
1242 4018 1484 4073 exercitu
1541 4027 1886 4074 transvectus
1943 4027 1999 4075 et

431 4110 769 4166 consulatum
802 4110 1034 4177 accepit,
1086 4118 1142 4163 et
1190 4109 1522 4177 triumphum
1584 4110 1758 4175 duxit,
1800 4108 1999 4178 Jugur-

435 4204 582 4256 tham
616 4203 887 4271 captivum
944 4200 1265 4255 incredibile
1325 4202 1583 4256 Romanis
1627 4203 2003 4271 spectaculum

430 4294 717 4357 exhibens,
750 4308 859 4361 quo
896 4292 1018 4345 vivo
1052 4292 1335 4347 victoriam
1374 4291 1442 4345 de
1473 4293 1719 4347 hostibus
1750 4308 1910 4349 nemo
1941 4306 2008 4347 ne

429 4390 702 4451 sperasset
734 4380 955 4448 quidem
997 4397 1010 4434 :
1082 4379 1219 4432 adeo
1251 4378 1316 4431 ad
1343 4392 1563 4434 omnem
1618 4378 1893 4433 fortunam
1946 4394 2007 4434 se

2111 3188 2209 3257 τὴν
2234 3186 2397 3260 [1205
2444 3185 2539 3258 8.]
2583 3187 2935 3259 χειρουργίαν
2989 3190 3157 3245 ἐστίν.
3217 3190 3365 3258 Ἰξῶν
3410 3195 3519 3270 γὰρ
3561 3198 3687 3253 ἀνά-

2113 3281 2290 3344 πλεως
2323 3281 2488 3351 ἄμφω
2514 3278 2582 3333 τὰ
2614 3280 2786 3351 σκέλη
2820 3281 3060 3350 γεγονὼς
3113 3286 3207 3338 καὶ
3243 3284 3342 3357 τὴν
3400 3289 3677 3359 ἀμορφίαν

2111 3366 2473 3438 δυσχεραίνων
2502 3367 2644 3436 ἔγνω
2694 3372 2995 3439 παρασχεῖν
3026 3371 3235 3428 ἑαυτόν.
3269 3374 3380 3427 Καὶ
3412 3380 3683 3449 παρέσχεν

2112 3456 2296 3520 ἄδετος
2323 3457 2546 3527 θάτερον
2580 3457 2767 3521 σκέλος
2802 3460 2922 3513 οὐδὲ
2947 3461 3212 3531 κινηθεὶς,
3245 3465 3364 3517 οὐδὲ
3396 3469 3679 3536 στενάξας,

2112 3548 2248 3603 ἀλλὰ
2268 3548 2667 3620 καθεστῶτιτῷ
2685 3549 2961 3620 προσώπῳ
2998 3555 3092 3605 καὶ
3121 3556 3256 3623 μετά
3284 3559 3491 3628 σιωπῆς
3523 3561 3684 3628 ὑπερ.

2115 3640 2273 3702 ϐολάς
2289 3644 2309 3670 ⁸
2331 3656 2482 3702 τινας
2531 3638 2840 3708 ἀλγηδόνων
2879 3640 2971 3694 ἐπὶ
3028 3645 3149 3707 ταῖς
3170 3649 3363 3715 τομαῖς
3385 3649 3683 3720 ἀνασχόμε-

2112 3749 2221 3795 νος.
2257 3731 2362 3784 Τοῦ
2404 3731 2461 3784 δὲ
2512 3731 2697 3802 ἰατροῦ
2758 3734 3040 3803 μετιόντος
3094 3738 3186 3790 ἐπὶ
3235 3738 3462 3811 θάτερον
3507 3744 3681 3797 ούκέτι

2114 3823 2379 3892 παρέσχε,
2407 3825 2582 3896 φήσας
2615 3824 2746 3896 ὁρᾷν
2774 3824 2834 3877 τὸ
2864 3825 3232 3899 ἐπανόρθωμα
3268 3832 3364 3904 τῆς
3400 3834 3682 3905 ἀλγηδόνος

2112 3914 2212 3968 οὑκ
2240 3916 2408 3981 ἀξιον.

2184 4006 2307 4059 Ὀτι
2326 4007 2346 4037 ⁸
2378 4006 2588 4078 Μάριος
2622 4006 2685 4058 ὲκ
2714 4004 2918 4076 Λιϐύης
2953 4007 3090 4076 μετά
3120 4009 3213 4062 τοῦ
3237 4011 3256 4042 ⁸
3281 4014 3680 4086 στρατεύματος

2111 4097 2495 4168 ἀνακομισθεὶς
2525 4100 2624 4167 τήν
2645 4114 2703 4151 τε
2728 4098 2991 4153 ὑπατείαν
3013 4101 3239 4156 ἀνέλαϐε
3262 4107 3355 4159 καὶ
3376 4108 3468 4160 τὸν
3490 4108 3679 4178 θρίαμο

2110 4187 2203 4240 60v
2255 4188 2560 4256 εἰσήλασεν,
2607 4190 2835 4244 ἄπιστον
2883 4192 3290 4264 ἐπιδειξάμενος
3342 4198 3521 4268 θέαμα
3554 4200 3675 4252 Ῥω-

2112 4278 2313 4348 μαίοις,
2359 4280 2699 4349 Ἰουγούρθαν
2755 4286 3123 4355 αἰχμάλωτον.
3155 4280 3216 4339 οῦ
3252 4288 3454 4352 ζῶντος
3488 4291 3592 4342 οὐδ’
3614 4292 3675 4344 ἂν

2109 4366 2187 4434 εἷς
2210 4372 2405 4441 ἤλπισε
2438 4373 2712 4443 πολεμίων
2740 4379 3056 4449 κρατήσειν·
3091 4378 3263 4442 οὕτως
3293 4382 3312 4410 ⁷
3350 4375 3420 4451 ἦν
3445 4382 3677 4445 ποικίλος

432 4470 839 4526 accommodare
850 4468 1098 4533 callidus,
1118 4469 1329 4522 astutiae
1345 4484 1548 4537 magna:
1563 4468 1849 4525 admistam
1866 4469 1997 4525 fero-

2120 4462 2245 4531 Ξινὴρ
2268 4461 2455 4533 τύχαις
2475 4465 2749 4535 ὁμιλῆσαι,
2774 4468 2867 4520 καὶ
2891 4468 3195 4539 πανουργίᾳ
3215 4469 3381 4543 πολλῇ
3412 4474 3683 4541 μεμιγμέ-

432 4565 570 4617 ciant
614 4560 867 4615 habebat.
912 4560 967 4614 In
1004 4560 1279 4629 triumpho
1310 4570 1571 4628 praeterea
1608 4560 1754 4614 illata
1780 4569 2007 4615 narrant

432 4652 548 4704 auri
584 4659 663 4704 ter
694 4649 838 4704 mille
868 4664 933 4704 ac
967 4658 1171 4717 septem
1200 4650 1397 4717 pondo,
1432 4649 1644 4717 argenti
1673 4664 1780 4702 non
1807 4649 2003 4719 signati

435 4739 721 4809 quinquies
771 4739 938 4794 millia
998 4738 1123 4805 775,
1179 4739 1376 4809 signati
1445 4739 1551 4793 287
1605 4737 1776 4793 millia
1837 4739 2005 4794 dena-

434 4834 592 4887 ritur).

505 4926 695 4981 Solent
718 4925 919 4982 milites
946 4925 1268 4990 laboriosos,
1303 4926 1510 4995 quiquo
1574 4924 1723 4981 taciti
1760 4933 2010 4996 prompte

433 5017 630 5088 398b
684 5017 950 5084 imperata
976 5014 1202 5078 faciunt,
1240 5016 1409 5068 mulos
1440 5014 1716 5069 Marianos
1740 5015 2010 5084 appellare

434 5115 572 5176 (erat
604 5109 749 5161 enim
782 5105 982 5161 Marius
1033 5102 1512 5173 ittdel‘atigabilis),
1562 5107 1706 5174 quod
1768 5121 1865 5160 sua
1904 5105 2004 5174 ipsi

435 5201 692 5263 facerent,
726 5208 781 5252 et
830 5212 951 5251 cum
989 5197 1089 5249 hac
1138 5196 1189 5248 in
1235 5211 1291 5249 re
1345 5196 1711 5249 imitarentur.
1777 5198 2004 5263 Quidam

433 5294 557 5361 quia
594 5291 791 5345 Marius
843 5291 971 5343 olim
1028 5288 1128 5341 sub
1186 5286 1443 5357 Scipione
1499 5289 1740 5343 militans
1785 5291 2007 5343 curiose

2112 4570 2201 4607 νον
2228 4554 2366 4624 ἔχων
2394 4555 2453 4609 τὸ
2482 4555 2781 4626 θυμοειδές.
2817 4558 2905 4610 Ἐν
2930 4559 2984 4610 δὲ
3008 4559 3091 4629 τῷ
3118 4560 3376 4632 θριάμϐῳ
3419 4564 3683 4632 κομισθῆ-

2113 4664 2202 4700 ναι
2226 4646 2443 4715 λέγουσι
2462 4649 2683 4720 χρυσίου
2700 4649 2720 4680 ⁸
2745 4649 2842 4719 μὲν
2865 4651 3005 4703 ἑπτὰ
3028 4651 3118 4704 καὶ
3146 4653 3449 4723 τρισχιλίας
3476 4654 3680 4726 λίτρας,

2114 4741 2359 4813 ἀργύρου
2389 4742 2445 4795 δὲ
2473 4739 2687 4813 ἀσήμου
2721 4740 2898 4811 ,εψοεκ
2941 4743 3271 4814 νομίσματος
3299 4745 3355 4798 δὲ
3398 4746 3683 4817 δραχμὰς⁹

2116 4832 2161 4895 ζ,
2187 4832 2277 4883 ἐπὶ
2312 4833 2567 4904 μυριάσιν
2598 4839 2645 4903 η’
2674 4834 2767 4887 καλ⁴
2795 4838 2862 4886 κ’.

2190 4926 2372 4978 Ὅτι¹⁰
2400 4927 2521 4989 τοὺς
2579 4925 2900 4994 φιλοπόνους
2933 4927 3026 4981 καὶ
3080 4930 3257 5000 σιωπῇ
3290 4930 3409 4999 μετ’
3439 4931 3683 4995 εῦκολέας

2113 5015 2184 5069 τὰ
2216 5017 2667 5085 προστασσόμενα
2722 5016 3056 5086 πράττοντας
3097 5016 3349 5088 (ἄτρυτος
3405 5021 3517 5090 γὰρ
3558 5019 3622 5092 ἦν
3656 5024 3681 5071 ὁ

2114 5107 2322 5177 Μάριος
2368 5107 2460 5158 καὶ
2511 5107 2831 5178 αὐτουργεῖν
2883 5108 2948 5161 τὰ
2995 5108 3187 5171 πολλὰ,
3248 5110 3340 5162 καὶ
3406 5115 3679 5184 μιμεῖσθαι

2113 5195 2382 5249 διδάσκειν
2421 5194 2583 5249 αὐτὸν
2629 5195 2726 5249 καὶ
2759 5196 3137 5265 ἐξομοιοῦσθαι
3171 5198 3297 5261 τοὺς
3326 5202 3678 5271 στρατιώτας)

2114 5287 2400 5357 ἡμιόνους
2426 5287 2767 5356 Μαριανοὺς
2782 5288 3085 5359 ὠνόμαζον.
3107 5290 3169 5343 Οἱ
3190 5290 3268 5357 δὲ,
3291 5291 3374 5344 δτι
3394 5294 3431 5324 ¹¹
3456 5295 3679 5365 Μάριος,

1723 5426 1950 5483 γΔΙὶΙιΕ
1988 5422 2393 5483 LECTIONES.

528 5540 723 5610 ειεξῆν
754 5540 829 5593 Αε
864 5540 1031 5610 ἐχρῆν
1075 5555 1137 5604 ς.

434 5608 584 5680 λικόν
611 5608 687 5662 B.
770 5610 814 5650 ὀ
846 5608 1356 5680 ὑπογεγραμμένων
1384 5627 1444 5672 ς.

1242 5541 1290 5577 ’δ
1323 5538 1685 5609 σχολάζοντας
1727 5541 1787 5596 Β.
1864 5543 1912 5576 θ’
1946 5543 2055 5613 ὅτι]
2082 5558 2129 5597 c.
2170 5558 2251 5596 Ill.
2327 5541 2375 5575 '°
2402 5535 2781 5609 φοϐερώτερος
2806 5539 2872 5594 Α.
2945 5539 3049 5609 "ii
3104 5534 3237 5610 ἦθος
3264 5540 3374 5596 ΑΒ.

1242 5610 1356 5661 Ξνων
1384 5627 1444 5663 ς.
1535 5611 1551 5640 ⁸
1582 5611 1811 5663 δύναμιν
1842 5612 1986 5663 ένειν
2015 5630 2075 5663 c.
2171 5614 2192 5645 ⁸
2219 5612 2438 5663 ἄθικτον
2467 5612 2508 5661 Α
2536 5625 2547 5661 :
2595 5608 2802 5662 ἄλυπον
2858 5626 2918 5663 ς.
3018 5613 3038 5643 ³
3058 5542 3165 5663 ἔτι]
3215 5626 3265 5663 c.
3302 5628 3374 5663 ιι.

1535 5611 1551 5640 ⁸
1582 5611 1986 5683 δύναμιν-ἒχειν

3461 5545 3505 5575 ..
3535 5545 3669 5612 βασι,

2171 5608 2549 5683 ’ἀθικτονΑξ
2595 5608 2802 5683 άλυπον
2858 5626 2918 5683 ς.
3018 5608 3166 5683 εὸτι]
3215 5626 3376 5683 αιλι.
3462 5620 3485 5650 δ
3518 5608 3675 5683 ύπερ-

438 5679 593 5751 βολάς
622 5695 772 5751 τινας
802 5680 847 5734 Α
869 5696 885 5735 :
906 5675 1393 5751 Attubé'tirrépfioli;
1416 5680 1508 5732 καί
1552 5698 1613 5744 ς.
1666 5683 1687 5713 ⁵
1721 5675 1836 5751 ’ὃτι]
1957 5675 2054 5738 att.
2102 5684 2124 5714 ‘
2151 5682 2241 5735 τοῦ
2264 5697 2372 5735 Olll.
2416 5679 2475 5733 Β.
2532 5678 2549 5707 ⁷
2580 5675 2732 5738 οὗτος
2764 5681 2826 5733 Λ.
2880 5681 2900 5708 ⁸
2924 5681 3143 5748 χρυσίον
3167 5683 3231 5736 Α.
3276 5682 3295 5712 ⁹
3323 5683 3567 5751 δραχμάς
3597 5675 3636 5735 Ᾰ
3660 5728 3674 5737 .

438 5746 733 5814 crapulae,-
766 5765 824 5809 ς.
903 5749 946 5779 ¹⁰
975 5750 1052 5800 ὅτι
1084 5749 1158 5811 [ς.
1199 5746 1319 5802 am.
1398 5752 1436 5779 ¹¹
1470 5752 1573 5814 ὅτι]
1607 5771 1653 5805 c.
1689 5768 1799 5806 ut.
