3924 6458
262 426 402 497 1453

1352 439 1873 506 BIBLIOTHECA.
1901 470 1970 480 -·
2005 446 2170 511 COD.
2219 451 2475 515 CCXLV.

3369 459 3511 531 1Ᾱ54

255 543 447 612 φησὶν,
493 540 599 594 ὑπὸ
646 541 980 611 Σκηπίωνι¹¹
1018 546 1189 601 πάλαι
1240 553 1692 621 στρατευόμενος,
1743 554 1817 607 κα

1939 572 2094 615 arma
2141 569 2199 617 et
2240 577 2429 619 carros
2501 564 2838 635 inspicienti,
2903 568 3130 624 adduxit
3194 568 3510 627 bellicosum

254 634 811 703 πολυπραγμονοῦντι
842 638 968 707 περί
997 655 1060 691 τε
1087 640 1201 692 τῶν
1227 640 1408 695 ὃπλων
1439 646 1533 699 καὶ
1561 645 1671 699 τῶν
1701 646 1837 699 ὑπο-

1937 664 2138 719 equum
2165 655 2368 724 optime
2403 658 2723 723 enutritum,
2781 669 2837 714 et
2870 660 3071 716 mulum
3118 663 3329 719 ueteris
3359 663 3513 717 habi-

253 723 462 791 ζυγίων
476 723 567 777 τὸν
592 724 932 795 στρατιώτην
952 730 1299 799 προσήγαγεν
1323 732 1488 787 ἵππον
1503 750 1561 786 τε
1577 735 1817 791 κάλλιστε

1939 739 2130 797 liorem
2160 723 2218 798 et
2254 745 2539 802 cicuritate
2567 755 2623 801 et
2652 747 2847 804 robore
2872 760 3236 817 praestantem
3296 752 3507 819 multo;

250 817 631 886 τεθραμμένον
676 818 775 870 καὶ
833 818 1055 888 ἡμίονον
1079 821 1264 893 εὐεξίᾳ
1301 824 1398 878 καὶ
1441 825 1710 895 πραότητι
1740 828 1836 881 καὶ

254 905 416 979 ῥώμῃ
441 906 765 978 διαφέροντα
793 910 930 964 πολὺ
960 910 1071 964 τῶν
1103 912 1298 967 ἄλλων.
1344 914 1628 979 Ἠσθέντος
1655 917 1714 970 δὲ
1742 918 1834 972 τοῦ

254 996 560 1067 στρατηγοῦ
584 1000 700 1060 τοῖς
728 996 824 1052 τοῦ
860 1001 1080 1073 Μαρίου
1110 1002 1392 1074 θρέμμασι
1430 1006 1528 1059 καὶ
1573 1008 1835 1073 πολλάκις

251 1089 436 1142 αὐτῶν
489 1090 842 1159 μνησθέντος,
894 1092 1069 1158 οὕτως
1106 1095 1216 1166 ἄρα
1248 1096 1376 1160 τοὺς
1394 1097 1745 1163 σκώπτοντας
1775 1101 1836 1156 ἐν

242 1178 460 1249 ἐπαίνῳ
506 1180 599 1232 τὸν
646 1182 899 1253 ινδελεχῆ
965 1186 1062 1238 καὶ
1084 1186 1331 1257 τλήμονα
1388 1186 1486 1243 καὶ
1536 1188 1830 1257 φιλὸπονον

248 1272 559 1339 Παριανὸν
578 1274 832 1342 ἡμίονον
859 1280 1315 1350 προσαγορεύειν.

319 1363 449 1417 Ὀτι
467 1364 736 1430 Tati-rava;
760 1368 976 1438 Μαρίου
1005 1373 1589 1446 καταπολεμήσαντος,
1626 1376 1832 1446 μυριά-

246 1452 341 1516 δας
366 1453 519 1519 δέκα,
574 1457 971 1512 Μασσαλιῶται
998 1461 1047 1494 ¹³
1085 1464 1196 1524 τοίς
1220 1463 1427 1528 ὀστέοις
1457 1465 1703 1534 λέγονται
1735 1482 1833 1520 πε-

244 1544 619 1616 ριθριγκῶσαι
656 1551 701 1581 ³⁵
730 1551 858 1613 τοὺς
886 1550 1219 1621 ἀμπελῶνας
1242 1570 1257 1586 ·
1287 1557 1385 1626 τὴν
1431 1557 1490 1611 δὲ
1539 1558 1666 1628 γῆν,
1720 1557 1833 1613 τῶν

242 1635 458 1704 νεκρῶν
514 1639 1009 1694 καταναλωθέντων
1032 1643 1094 1695 ὲν
1123 1643 1261 1714 αὐτῇ
1310 1644 1407 1698 καὶ
1435 1645 1525 1700 διὰ
1563 1646 1830 1716 χειμῶνος

242 1725 468 1795 ὄμϐρων
496 1727 889 1795 ἐπιπεσόντων,
932 1731 1106 1797 οὕτως
1128 1734 1526 1806 ὲκλιπανθῆναι
1554 1737 1650 1790 καὶ
1673 1737 1830 1804 γενέ-

242 1816 369 1870 σθαι
392 1817 483 1870 διὰ
525 1817 721 1887 βάθους
770 1820 1026 1875 ἀνάπλεω
1058 1824 1103 1855 ¹¹
1127 1823 1228 1894 τῆς
1261 1826 1555 1896 σηπεδόνος
1577 1826 1825 1898 ὲνδύοης,

1937 844 2171 901 cumque
2211 830 2509 902 imperator
2531 834 2687 890 Marii
2738 836 3003 905 iumentis
3034 836 3425 904 obiectaretur,
3454 850 3511 894 et

1940 935 2085 989 saepe
2110 937 2308 977 eorum
2350 928 2753 992 recordaretur,
2785 927 2911 981 inde
2936 938 3120 983 ortum
3166 939 3222 985 ut
3266 929 3360 1000 qui
3414 945 3511 1000 per

1935 1011 2195 1072 cavillum
2241 1014 2314 1068 ob
2347 1014 2596 1071 laborum
2639 1017 3023 1073 assiduitatem
3069 1026 3124 1074 et
3165 1019 3507 1075 tolerantiam

1934 1102 2270 1170 laudaretur,
2305 1105 2583 1163 Marianas
2605 1108 2778 1166 mulus
2804 1109 3193 1181 appellaretur.

2002 1367 2249 1424 Devictis
2298 1378 2517 1425 centum
2575 1371 2813 1428 millibus
2869 1370 3180 1429 Temenum
3236 1388 3268 1426 a
3313 1371 3507 1441 Mario,

1943 1456 2316 1516 Massilienses
2403 1460 2585 1515 ferunt
2675 1462 2891 1517 ossibus
2976 1464 3168 1520 vineas
3238 1464 3506 1534 sepiisse:

1934 1548 2179 1606 tellurem
2211 1564 2337 1605 vero
2372 1553 2709 1620 consumptis
2731 1554 2785 1609 in
2822 1568 2886 1610 ea
2914 1556 3289 1622 cadaveribus,
3325 1572 3389 1612 ac
3409 1572 3511 1629 per

1932 1637 2165 1695 hiemem
2193 1640 2460 1696 imbribus
2506 1642 2761 1711 delapsis,
2796 1643 2870 1700 ita
2897 1646 3149 1714 pinguem
3211 1648 3505 1712 redditam,

1931 1731 2217 1797 putredine
2250 1731 2303 1786 in
2354 1731 2682 1801 profundum
2748 1744 3069 1805 penetrante
3124 1737 3412 1807 repletam,
3448 1751 3507 1791 ut

1934 1819 2177 1889 legitimo
2202 1829 2446 1890 tempore
2496 1823 2710 1878 abunde
2763 1822 3043 1881 fructuum
3098 1827 3405 1897 protulerit,
3449 1840 3500 1884 et

241 1903 381 1958 ὥστε
430 1908 660 1977 καρπῶν
694 1910 1033 1981 ὑπερϐάλλον
1071 1914 1159 1976 είς
1198 1914 1353 1989 ῶρας
1385 1916 1590 1988 πλῆθος
1614 1917 1817 1989 ὶξενεγ·

1930 1911 2073 1981 quod
2106 1911 2474 1968 Archilochus
2513 1914 2670 1980 dixit,
2724 1915 2828 1970 hoc
2867 1919 3026 1973 modo
3074 1933 3235 1985 agros
3278 1919 3502 1988 pingue-

242 2000 375 2061 κεῖν,
411 1999 508 2052 καὶ
537 2002 891 2072 μαρτυρῆσαι
916 2004 993 2074 τῷ
1030 2006 1331 2078 Ἀρχιλόχῳ
1356 2009 1575 2078 λέγοντι
1603 2011 1825 2065 πιαίνε-

238 2090 366 2144 ciet
419 2092 560 2160 πρὸς
591 2092 687 2144 τοῦ
745 2094 1049 2149 τοιούτουκ
1084 2099 1184 2161 τὰς
1224 2098 1485 2170 ἀρούρας.
1535 2100 1824 2165 Ἐπιεικῶς

232 2181 295 2233 δὲ
322 2183 441 2243 ταῖς
476 2183 743 2250 μεγάλαις
770 2186 972 2256 μάχαις
1001 2188 1275 2253 ἐξαισίους
1306 2192 1495 2257 ὑετοὺς
1522 2194 1823 2266 ἐπικαταρο

236 2272 543 2344 ῥήγνυσθαι
588 2275 860 2345 λέγουσιν,
882 2279 993 2332 εἴτε
1015 2279 1295 2350 δαιμονίου
1331 2283 1477 2346 τινὸς
1502 2286 1616 2346 τοῖς
1651 2283 1824 2339 καθα-

241 2366 349 2433 ροῖς
406 2365 506 2418 καὶ
555 2365 850 2421 διιπετέσιν
889 2370 1202 2438 ἀγνίζοντος
1229 2373 1388 2427 ὕδασι
1429 2375 1523 2427 καὶ
1547 2374 1822 2430 κατακλύ·

239 2453 448 2520 ζοντος,
474 2456 587 2509 εἴτε
626 2456 719 2510 τοῦ
770 2459 942 2529 φόνου
990 2461 1216 2532 καὶτῆς
1259 2465 1549 2535 σηπεδόνος
1590 2465 1819 2531 ὲξανιεί-

238 2561 335 2615 σης
376 2546 557 2617 ὑγρὰν
597 2549 690 2602 καὶ
742 2549 965 2621 βαρεῖαν
1017 2553 1408 2625 ἀναθυμίασιν,
1460 2557 1494 2630 ἢ
1540 2557 1632 2611 τὸν
1682 2556 1821 2624 ἀέρα

232 2636 569 2708 συνίστησιν,
604 2638 903 2710 εὔτρεπτον
931 2641 1060 2696 δντα
1093 2645 1187 2697 καὶ
1216 2645 1413 2716 ῥᾳδίως
1457 2645 1818 2715 μεταϐάλλειν

232 2726 325 2779 επὶ
352 2727 608 2781 πλεῖστον
650 2729 760 2784 ἀπὸ
810 2734 1185 2806 σμικροτάτης
1229 2736 1423 2806 ἀρχῆς.
1454 2736 1576 2788 Ὅτι
1598 2736 1640 2766 ν’
1668 2734 1818 2799 ἀξιον

236 2815 514 2886 θαυμάσαι
532 2818 657 2883 τοὺς
687 2821 1032 2891 Κουρνοὺτου
1068 2825 1428 2894 θεράποντας.
1460 2825 1684 2878 Πολλῶν
1709 2825 1816 2896 γάρ

236 2906 291 2958 ἐν
315 2910 680 2982 στασιαζούσῃ
709 2914 774 2983 τῇ
802 2913 954 2969 πόλει
1015 2915 1240 2987 θανάτῳ
1285 2918 1380 2971 καὶ
1406 2916 1515 2971 τῶν
1558 2916 1817 2970 ἀναιτίων

235 2998 794 3071 καταψηφισαμένων,
826 3003 921 3057 καὶ
943 3005 1151 3075 μυρίων
1171 3006 1395 3076 σφαγῶν
1426 3006 1521 3060 καὶ
1548 3004 1812 3059 ποικίλων

230 3090 643 3159 προελθόντων,
709 3085 860 3148 οὗτοι
910 3096 1002 3150 τὸν
1049 3097 1313 3167 δεσπότην
1369 3096 1813 3169 ἀποκρύψαντες,

233 3181 419 3251 νεκρὸν
461 3182 521 3235 δέ
550 3200 671 3236 τινα
716 3184 829 3238 τῶν
880 3186 1090 3241 πολλῶν
1142 3190 1545 3259 ἀναρτήσαντες
1603 3191 1669 3243 ὲκ
1720 3188 1814 3242 τοῦ

228 3272 499 3342 τραχήλου
554 3275 650 3328 καὶ
717 3276 1037 3346 περιθέντες
1067 3278 1218 3350 αὐτῷ
1269 3279 1504 3351 χρυσοῦν
1529 3279 1811 3335 δακτύλιον

229 3360 570 3419 ἐπεδείκνυον
621 3365 743 3438 [651
779 3367 873 3438 IL]
909 3372 1022 3434 τοίς
1086 3372 1302 3441 Μαρίου
1346 3372 1690 3443 δορυφόροις.
1716 3371 1810 3424 καὶ

1927 2016 2105 2066 scere,
2137 2003 2188 2055 id
2223 2000 2532 2057 tumiuisse
2555 2003 2964 2060 confirmatum.
2985 2004 3173 2075 Neque
3204 2008 3300 2062 abs
3322 2018 3500 2072 reest,

1923 2094 2067 2160 quod
2090 2101 2217 2161 post
2247 2107 2435 2162 magna
2466 2092 2657 2161 proelia
2683 2093 2983 2150 immodica:
3002 2096 3199 2165 pluviae
3219 2096 3498 2151 decidant:

1923 2181 2039 2236 sive
2071 2181 2207 2237 deus
2258 2181 2452 2250 aliquis
2501 2189 2702 2238 terram
2746 2184 2897 2254 puris
2924 2197 2979 2239 et
3010 2184 3322 2241 ccelestibus
3347 2184 3501 2255 aquis

1920 2270 2120 2327 lustrat
2147 2280 2311 2343 atque
2333 2272 2548 2342 proluit,
2578 2274 2693 2330 sive
2719 2276 3079 2331 cadaveribus
3095 2284 3150 2331 et
3179 2274 3502 2347 pinguedine

1924 2364 2205 2419 humidam
2265 2379 2595 2436 gravemque
2631 2367 3020 2423 emittentibus
3070 2367 3501 2432 exhalationetn,

1923 2449 1997 2502 ita
2054 2464 2149 2502 aer
2177 2453 2308 2517 coit,
2375 2451 2618 2519 alioquin
2668 2451 2830 2507 facile
2882 2454 3050 2508 etiam
3086 2453 3384 2509 levissimis
3431 2456 3500 2508 d3

1920 2541 2103 2595 causis
2130 2542 2417 2596 mutationi
2476 2543 2767 2598 obnoxius.
2807 2542 2965 2612 Digni
3025 2545 3208 2612 itaque
3258 2544 3496 2598 admira-

1922 2630 2068 2685 tione
2087 2628 2316 2686 Cornuti
2340 2630 2485 2685 servi
2519 2646 2533 2683 :
2573 2631 2756 2686 multis
2776 2631 2929 2685 enim
2961 2631 3100 2685 bello
3124 2631 3270 2686 civili
3324 2642 3497 2687 morte

1918 2722 2036 2775 sine
2060 2736 2225 2776 causa
2277 2722 2678 2787 condemnatis,
2725 2722 3001 2791 variisque
3035 2722 3274 2778 caedibus
3297 2737 3495 2793 perpe-

1922 2815 2099 2881 tratis,
2123 2828 2244 2867 cum
2269 2813 2457 2867 herum
2473 2828 2629 2868 suum
2648 2814 3033 2879 occultassent,
3048 2815 3198 2868 aliud
3226 2817 3493 2883 quoddam

1919 2906 2153 2961 cadaver
2185 2906 2255 2961 de
2282 2918 2624 2961 mortuorum
2657 2919 2853 2961 acervo
2878 2917 3161 2976 arreptum
3212 2906 3354 2961 collo
3380 2917 3491 2960 Ira-

1919 2996 2131 3063 hentes,
2192 3012 2413 3051 aureum
2472 2998 2728 3051 annulum
2780 2998 2949 3067 digito
2994 2998 3493 3063 accommodantes,

1918 3090 2173 3145 Marianis
2200 3090 2273 3144 ita
2302 3091 2622 3145 satellitibus
2652 3092 3025 3154 ostenderunt,
3074 3100 3129 3145 et
3168 3100 3361 3145 ornato
3399 3091 3494 3146 {u-

1920 3200 2071 3247 nere,
2091 3184 2261 3253 .quasi
2317 3182 2487 3238 herile
2546 3194 2695 3238 esset
2746 3182 3155 3253 sepeliverunt:
3208 3198 3388 3252 neque
3436 3183 3491 3238 id

1918 3274 2203 3343 quisquam
2239 3275 2434 3334 sensit,
2464 3288 2636 3342 eoque
2663 3274 2827 3327 modo
2842 3274 3121 3329 Cornutus
3159 3272 3297 3327 clam
3327 3286 3490 3343 opera

1919 3379 2194 3420 servorum
2233 3363 2533 3419 inGalliam
2567 3365 2759 3419 evasit.

230 3457 602 3527 κοσμήσαντες
640 3459 716 3522 ὡς
742 3462 951 3515 ἐκεῖνον
997 3462 1461 3535 αὑτὸνίέθαπτον.
1497 3464 1797 3532 ’Υπενόησε
1834 3461 1888 3513 δὲ
1906 3456 2108 3522 οὐδεὶς,
2162 3454 2278 3508 ἀλλ’
2324 3454 2466 3508 οὕτω
2526 3453 2706 3507 λαθὼν
2769 3455 2797 3505 ό
2844 3452 3184 3525 Κουρνοῦτος
3227 3453 3333 3506 ὗπδ
3382 3452 3490 3505 τῶν

228 3547 449 3603 οἰκετῶν
478 3551 559 3614 είς
583 3551 851 3608 Γαλατίαν
872 3553 1213 3626 διεκομίσθη.

730 3667 835 3723 Ἐκ
862 3669 975 3724 τοῦ
1011 3670 1283 3738 Ἀράτου.

293 3777 418 3831 Ὅτι
439 3780 485 3812 ’⁸
503 3780 533 3832 δ
554 3781 810 3851 Ἄρατος,
836 3783 991 3852 φησὶ,
1014 3782 1281 3855 λαμπρῶς
1305 3785 1346 3817 ’⁸
1375 3784 1807 3857 κατάἋριστίπ-

227 3884 326 3923 που
352 3870 446 3924 τοῦ
480 3872 746 3943 τυράννου
787 3873 883 3929 καὶ
914 3875 1054 3928 κατά
1079 3876 1188 3928 τῶν
1215 3876 1312 3930 σὺν
1340 3875 1490 3946 αὐτῷ
1550 3877 1810 3947 ἀριστεύ-

224 3973 342 4023 σας,
390 3962 647 4026 πεσόντος
673 3964 767 4017 καὶ
798 3964 963 4018 αὑτοῦ
990 3964 1087 4019 τοῦ
1110 3966 1374 4034 τυράννου
1441 3966 1547 4019 ὑπὸ
1593 3967 1809 4036 Κρητός

220 4061 360 4110 “nvo,
385 4048 699 4120 Τραγίσκου
718 4053 763 4084 ²⁶
783 4051 1036 4122 τοῠνομα,
1058 4051 1266 4106 καὶτοῦ
1290 4051 1522 4122 πλήθους
1547 4050 1804 4122 [ιεοειιη]

225 4138 329 4191 τῶν
360 4141 533 4197 ἄλλων
568 4144 736 4198 ὄντων
758 4152 861 4213 ,αφ’
898 4146 1003 4197 τῶν
1029 4144 1446 4216 ἀναιρεθέντων,
1473 4146 1566 4197 καὶ
1603 4145 1807 4213 μηδένα

219 4231 331 4285 τῶν
382 4235 548 4289 αὑτοῦ
599 4238 946 4308 στρατιωτῶν
981 4237 1295 4304 ἀποϐαλὼν,
1328 4237 1478 4307 ὅμως
1509 4238 1608 4289 οὐκ
1646 4236 1805 4290 ἔλαϐε

224 4320 282 4374 τι
305 4324 511 4397 Ἀργος
574 4327 695 4381 οὐδὲ
741 4328 1083 4399 ἠλευθέρωσε
1116 4330 1241 4392 τοὺς
1273 4331 1330 4382 ὲν
1360 4327 1511 4399 αὐτῷ
1536 4329 1643 4381 τῶν
1673 4329 1800 4397 περὶ

228 4413 384 4482 Ἀγιν
429 4420 523 4471 καὶ
575 4419 665 4472 τὸν
719 4419 983 4490 νεώτερον
1042 4421 1433 4491 Ἀριστόμαχον
1466 4420 1608 4490 μετὰ
1637 4420 1799 4474 δυνά-

228 4522 366 4573 μεως
394 4509 677 4581 βασιλικῆς
739 4514 1215 4583 παρεισπεσόντων
1273 4514 1367 4566 καὶ
1421 4513 1800 4582 κατασχόντων

2470 3657 2554 3711 Ea:
2594 3657 2747 3711 Arati
2793 3654 2934 3712 Vita.

1978 3778 2145 3831 Arato
2178 3792 2301 3830 cum
2329 3774 2609 3844 Aristippo
2627 3782 2683 3828 et
2721 3774 2986 3830 militibus
3011 3776 3123 3830 acri
3150 3791 3333 3846 pugna
3353 3792 3484 3834 con-

1909 3869 2211 3940 grediente,
2230 3876 2287 3920 et
2302 3874 2531 3936 tyranno
2550 3880 2581 3918 a
2607 3864 2770 3920 Crete
2793 3866 3026 3933 quodam
3043 3867 3265 3921 nomine
3290 3865 3458 3935 T-ragi
3474 3895 3487 3906 -

1910 3974 2005 4016 sco
2036 3967 2249 4023 necato,
2275 3954 2779 4026 et399aamissis
2794 3955 3034 4023 ipsorum
3047 3954 3332 4025 plusquam
3348 3956 3488 4012 i500

1910 4049 2072 4113 viris,
2103 4056 2159 4102 et
2181 4047 2395 4101 nemine
2416 4062 2636 4101 suorum
2666 4044 2890 4112 amisso,
2919 4044 3093 4115 Argos
3111 4056 3290 4101 tamen
3313 4061 3488 4118 neque

1911 4140 2053 4209 cepit
2088 4154 2261 4207 neque
2288 4136 2560 4197 liberavit.
2595 4137 2726 4206 Agis
2779 4139 2928 4192 enim
2979 4150 3036 4191 et
3069 4138 3485 4197 Aristomachus

1911 4233 2090 4286 minor
2147 4244 2271 4284 cum
2305 4230 2545 4283 exercitu
2578 4231 2727 4299 regio
2755 4231 3065 4300 irruperant
3086 4245 3171 4294 eo,
3212 4240 3267 4285 et
3301 4247 3485 4285 rerum

1908 4330 2233 4391 potestatem
2259 4330 2685 4389 occupaverant.
2720 4322 2970 4391 Magnam
3011 4322 3232 4391 quidem
3274 4332 3485 4390 partem

1904 4410 2244 4473 cavillorum,
2280 4408 2744 4477 dicteriorumque
2792 4419 2848 4461 et
2886 4408 3198 4463 scurriiium
3242 4410 3482 4464 insecta-

1911 4500 2136 4559 tionem,
2168 4499 2365 4567 quibus
2410 4513 2536 4553 eum
2590 4498 2904 4551 adulatores
2961 4508 3321 4568 tyrannorum
3367 4507 3483 4552 tra-

224 4596 287 4648 τὰ
320 4602 643 4671 πράγματα.
669 4603 744 4656 Τὸ
769 4602 868 4673 μὲν
892 4598 985 4657 οὖν
1009 4604 1144 4658 πολὺ
1180 4605 1280 4675 τῆς
1312 4603 1564 4673 διαϐολῆς
1590 4604 1684 4657 καὶ
1718 4604 1804 4657 λό-

1922 4590 2198 4654 ,iucebaut,
2242 4586 2543 4654 reiutavit;
2592 4587 2685 4657 qui
2740 4587 2796 4641 in
2839 4588 3068 4656 gratiam
3136 4588 3480 4643 dominorum

222 4702 347 4754 γους
376 4694 470 4747 καὶ
528 4692 840 4765 σκώμματα
870 4696 966 4747 καὶ
995 4694 1329 4766 βωμολοχίας
1378 4696 1668 4766 παρείλετο
1696 4697 1803 4749 τῶν

111 4830 116 4835 ,
221 4779 623 4838 κολακευόντων
670 4786 795 4849 τοὺς
835 4787 1154 4856 τυράννους,
1184 4788 1286 4841 κα)⁵
1310 4787 1634 4852 διεξιόντων,
1660 4785 1804 4840 ὲκεί-

222 4883 328 4931 νοις
376 4873 773 4945 χαριζομένων,
807 4876 883 4941 ὡς
932 4878 1028 4931 τοῦ
1075 4879 1378 4951 στρατηγοῦ
1417 4879 1526 4932 τῶν
1569 4878 1802 4948 Ἀχαιῶν

110 4958 113 4963 ⁷
221 4958 603 5034 ἐκταράττοιτο
633 4970 734 5038 μὲν
761 4972 794 5040 ἡ
821 4971 998 5025 κοιλία
1024 4974 1172 5043 παρά
1203 4974 1302 5037 τὰς
1327 4975 1369 5004 ¹¹
1404 4974 1603 5043 μάχας,
1633 4973 1801 5043 κάρος

219 5049 274 5104 δὲ
302 5050 398 5108 καλ¹
460 5059 668 5128 ἴλιγγος
723 5064 1060 5133 προσπίπτοι
1087 5066 1132 5095 ²¹
1162 5064 1278 5135 ἅμα
1328 5065 1407 5135 τῷ
1450 5066 1799 5134 παραστῆναι

219 5142 309 5196 τὸν
361 5149 701 5223 σαλπιγκτὴν
724 5155 792 5221 ⁸³,
850 5156 1084 5223 ἐκτάξας
1111 5157 1167 5209 δὲ
1197 5158 1295 5228 τὴν
1343 5157 1574 5227 δύναμιν
1609 5158 1703 5211 καὶ
1738 5157 1798 5209 τὸ

222 5233 466 5309 σύνθημα
529 5247 947 5319 παρεγγυήσας,
1005 5247 1101 5302 καὶ
1136 5248 1442 5319 πυθόμενος
1498 5248 1607 5301 τῶν
1663 5248 1794 5301 ὐπο-

1908 4680 2170 4736 dictitare
2201 4678 2468 4741 solebant,
2499 4676 2622 4731 duci
2662 4677 2983 4730 Achaeorum
3027 4687 3270 4747 tempore
3307 4679 3483 4747 praelii

1905 4771 2084 4825 alvum
2144 4768 2484 4831 conturbari,
2518 4768 2839 4837 vertiginem
2861 4778 2917 4821 et
2960 4784 3179 4837 gravem
3230 4784 3483 4839 soporem

1903 4861 2106 4918 oboriri
2163 4861 2516 4930 simulatque
2576 4860 2715 4914 iuba:
2772 4861 3011 4915 sonitum
3082 4862 3477 4917 exaudivisset.

1906 4955 2090 5024 Itaque
2117 4961 2175 5008 ut
2220 4953 2455 5022 primum
2511 4952 2685 5007 aciem
2718 4953 3089 5018 instruxisset,
3121 4960 3176 5007 et
3217 4963 3479 5007 tesseram

1904 5049 2168 5111 dedisset,
2202 5045 2511 5115 percontari
2564 5045 2784 5100 solitum
2825 5046 3195 5111 centuriones,
3246 5055 3301 5099 et
3347 5044 3480 5111 quid

1902 5153 2003 5194 sua
2020 5135 2308 5206 praesentia
2332 5149 2468 5204 opus
2498 5134 2663 5199 foret,
2686 5134 2832 5204 jacta
2855 5133 2965 5202 jam
3004 5135 3117 5188 alea
3143 5151 3159 5201 ;
3195 5142 3359 5203 atque
3403 5134 3478 5186 ita

1902 5228 2295 5299 digredientem
2356 5240 2519 5294 quam
2590 5225 2932 5295 longissime,
2981 5233 3233 5279 eventum
3286 5238 3478 5291 pugna:

223 5332 535 5401 στρατηγῶν
574 5314 646 5405 μή
688 5355 771 5401 τις
805 5314 972 5391 αὑτοῦ
996 5338 1155 5407 χρεία
1178 5314 1464 5408 παρόντος,
1497 5338 1791 5408 βεϐλῆσθαι

1922 5329 2235 5389 exspectare.
2269 5316 2397 5372 ilazc
2426 5316 2642 5385 quidem
2668 5317 2742 5379 ita
2774 5318 3010 5372 obtinuit
3030 5316 3232 5384 opinio,
3268 5324 3325 5370 ut
3355 5314 3479 5383 phi—

220 5413 324 5484 γὰρ
374 5424 497 5487 τοὺς
549 5426 923 5499 ἀστραγάλους
954 5470 969 5496 ,
1027 5430 1339 5498 ἀπέρχοιτο,
1400 5429 1791 5500 καραδοκήσων

1922 5412 2108 5482 osopbi
2140 5412 2302 5465 etiam
2332 5409 2384 5463 in
2415 5409 2615 5465 scholis
2647 5408 2951 5479 disputent.
2980 5419 3258 5465 tremorne
3292 5408 3474 5463 cordis

1488 5538 1725 5593 VARI/E
1779 5524 2181 5590 LECTIONES.

200 5654 203 5657 ·
262 5621 331 5701 η¹¹
374 5632 621 5686 σκιπίωνι
678 5635 743 5686 Λ.

221 5704 384 5770 κένσαι
415 5718 468 5762 ς.

569 5705 609 5735 ’⁸
639 5705 923 5758 ἀνάπλεων
963 5706 1023 5759 Β.
1104 5706 1147 5736 ⁸⁸
1184 5703 1279 5756 τοῦ
1310 5688 1550 5755 τοιούτου
1593 5701 1630 5752 Β
1656 5709 1701 5752 et
1738 5714 1880 5751 corr.
1915 5697 1994 5748 A:
2032 5690 2093 5744 τὸ
2137 5688 2349 5743 τοιοῦτο
2380 5706 2441 5753 ς.

837 5635 882 5669 ’³
910 5633 1301 5688 Μασσαλιῶται
1354 5632 1428 5695 Β,
1474 5627 1820 5685 Μασαλαῗται
1869 5626 1937 5686 A,
1988 5618 2323 5695 Μασαλιΐτριι
2369 5636 2427 5682 ς.
2504 5617 2551 5695 ¹.⁶
2580 5614 3113 5695 περιθριγκῶσαιηξ
3148 5632 3191 5695 :_
3218 5628 3478 5686 περιπρο-

2519 5689 2561 5727 ¹⁷
2586 5685 2691 5757 ὅτι]
2739 5685 2786 5741 c.
2843 5700 2942 5757 x_u.
3018 5685 3061 5717 ⁸⁸
3086 5687 3191 5754 ὅτι]
3239 5685 3475 5757 (χχχιχ.

222 5760 262 5845 ξθ
284 5755 545 5845 λαμπρῶς
591 5755 886 5830 καὶηίκάιέᾶ
905 5755 914 5758 ⁷
1083 5777 1127 5806 ³ο
1158 5755 1463 5845 Τραγίσκον
1498 5788 1559 5833 ς.
1637 5772 1679 5801 ²¹
1714 5768 1814 5833 τὰς
1836 5767 1961 5824 add.
1995 5762 2057 5816 A.
2134 5760 2181 5792 "
2209 5760 2538 5827 προσπίπτοι
2564 5757 2637 5811 B:
2670 5755 3009 5828 προσπίπτει
3049 5774 3111 5822 ς.
3200 5759 3247 5792 ³³
3284 5756 3477 5813 σαλπι-

222 5836 345 5900 κτὴν
370 5853 427 5901 ς,
