3924 6422
257 398 384 462 145⁸1

1311 394 1832 456 BIBLIOTHECA.
1873 421 1946 432 —
1980 396 2144 455 COD.
2177 396 2432 456 CCXLV‘

3364 387 3500 455 1458

254 511 496 565 θάνατον.
535 505 594 562 '0
650 506 708 560 δὲ
755 506 893 577 μετά
938 523 1101 561 τινων
1152 506 1443 570 ἑξκαίδεκα
1491 508 1600 561 τῶν
1650 508 1816 562 αὐτοῦ

1932 508 2200 573 axsiliens,
2234 522 2331 577 per
2360 507 2513 562 vicos
2537 505 2729 568 currit,
2759 511 2814 558 et
2830 502 2897 557 ad
2921 502 3226 558 libertatem
3246 504 3497 572 populum

252 600 480 671 ἑταίρων
502 598 816 669 ἐκπηδήσας
860 597 997 668 μετὰ
1042 596 1212 664 ξιφῶν
1260 596 1354 649 τοῦ
1385 599 1681 666 οἰκήματος
1710 598 1822 652 ἔθει

258 692 355 763 μὲν
381 690 468 744 διὰ
494 690 593 759 τῆς
618 690 842 757 ἀγορᾶς,
874 690 968 743 καί
1008 690 1134 751 τοὺς
1193 687 1415 749 πολίτας
1443 688 1538 742 καὶ
1576 689 1703 753 τοὺς
1726 690 1824 743 ἆλ-

254 784 374 845 λους
405 782 484 843 είς
535 779 846 851 ἐλευθερίαν
904 778 1125 833 ἐκάλει·
1160 780 1209 831 οἱ
1238 777 1294 831 δὲ
1339 776 1573 848 ἐπῄνουν
1601 779 1700 849 μέν
1727 780 1825 851 τὴν

252 873 473 943 γνώμην
498 870 595 925 καὶ
624 869 933 939 ἐθαύμαζον
957 870 1017 923 τὸ
1045 870 1502 938 γενναῖον,ούδεὶς
1530 869 1713 940 μέντοι
1738 871 1827 925 διὰ

251 966 340 1019 τδν
367 966 429 1017 ἐκ
458 963 558 1032 τῆς
583 962 895 1033 τυραννίδος
930 962 1093 1030 φόϐον
1114 962 1315 1032 ἐτόλμα
1347 962 1820 1018 συνεπιλαϐέσθαι.

263 1053 563 1115 Ἀνελόντες
594 1052 639 1105 δ’
688 1050 781 1105 οὖν
831 1052 958 1114 τοὺς
1000 1053 1079 1113 είς
1135 1053 1322 1122 χεῖρας
1345 1051 1599 1114 ἐλθόντας
1634 1052 1679 1083 ⁸³
1732 1052 1825 1104 καὶ

250 1146 341 1198 δύο
366 1143 473 1196 τῶν
515 1142 796 1212 ἐχθίστων,
862 1141 1059 1194 πολλοῦ
1103 1141 1430 1219 συρρυέντος
1483 1142 1569 1194 ἐπ’
1627 1142 1825 1205 αὐτοὺς

250 1234 501 1307 πλήθους,
545 1235 637 1287 καὶ
667 1233 895 1297 πολλοὺς
949 1232 1250 1297 ἀνελόντες,
1298 1234 1392 1286 καὶ
1419 1234 1574 1287 αὐτοὶ
1597 1235 1825 1288 κατεκό-

248 1343 449 1397 πησαν,
512 1321 634 1379 εἶτα
700 1325 1190 1395 ἀνεσταυρώθησαν
1236 1324 1304 1379 ⁸⁸.
1370 1324 1611 1393 Ὀλίγαις
1672 1324 1720 1358 ⁸³
1766 1325 1824 1379 δέ

250 1418 472 1487 ὕστερον
494 1418 731 1487 ἡμέραις
753 1418 802 1470 oi.
823 1417 883 1469 τὸ
910 1418 1070 1487 σῶμα
1091 1416 1185 1469 τοῦ
1203 1415 1544 1486 Κλεομένους
1563 1417 1825 1469 ἀνεσταυ-

253 1509 493 1581 ρωμένον
521 1506 1034 1577 παραφυλάττοντες
1082 1503 1223 1560 εἶδον
1251 1507 1526 1579 εὐμεγέθη
1556 1508 1825 1579 δράκοντα

248 1599 543 1671 τῇκεφαλῇ
601 1598 1112 1670 περιπεπλεγμένον
1161 1599 1256 1653 καὶ
1311 1600 1733 1669 ἀποκρύπτοντα
1763 1599 1827 1653 τὸ

248 1691 556 1760 πρόσωπον,
589 1689 731 1743 ὥστε
761 1688 928 1759 μηδὲν
953 1688 1141 1758 ὄρνεον
1186 1688 1519 1758 ἐφίπτασθαι
1543 1691 1824 1761 σαρκοφά-

250 1800 363 1851 γον.
399 1783 492 1835 Ἐκ
540 1782 599 1835 δὲ
646 1780 841 1834 τούτου
871 1780 1263 1850 δεισιδαιμονία
1286 1781 1595 1852 προσέπεσε
1619 1782 1695 1849 τῷ
1730 1782 1826 1852 βα-

1924 609 2104 653 vocat.
2140 598 2386 652 Laudant
2413 596 2782 663 miranturque
2810 596 2960 650 cives
2984 594 3299 649 Cleomenis
3329 596 3499 647 auda-

1922 692 2063 748 ciam
2091 700 2147 745 et
2201 691 2464 753 animum,
2503 688 2654 755 sequi
2689 696 2746 740 et
2792 700 2950 757 opem
3009 686 3155 740 ferre
3200 699 3367 739 ausus
3414 695 3499 737 est

1923 797 2083 838 nemo
2114 790 2260 837 metu
2302 779 2537 851 tyranni.
2580 778 2659 833 llli
2683 787 2859 833 autem
2892 777 3080 831 obvios
3105 791 3349 846 quosque
3382 787 3494 831 tru-

1921 876 2191 939 cidarunt,
2226 882 2282 928 et
2323 873 2465 927 inter
2497 885 2593 926 eos
2626 870 2761 924 duos
2803 867 3230 933 inimicissimos,
3266 882 3498 935 cumque

1924 979 2174 1034 magnam
2200 964 2265 1017 ad
2293 978 2354 1019 se
2382 961 2738 1017 conﬂuentem
2786 960 3065 1015 hominum
3094 959 3495 1014 multitudinem

1924 1056 2363 1117 interfecissent.
2400 1056 2617 1109 tandem
2641 1054 2804 1111 etiam
2860 1050 3129 1107 interfecti
3180 1060 3326 1116 sunt,
3359 1059 3415 1105 et
3443 1052 3495 1104 in

1925 1163 2139 1205 crucem
2167 1150 2293 1203 acti.
2327 1147 2454 1202 Post
2481 1147 2597 1201 dies
2628 1146 2770 1199 haud
2792 1142 3058 1208 multos,ii
3089 1143 3179 1211 qui
3211 1143 3263 1196 in
3281 1157 3496 1196 crucem

1924 1252 2103 1296 actum
2132 1254 2326 1309 corpus
2357 1238 2666 1293 Cleomenis
2693 1235 3097 1300 custodiebant,
3109 1234 3268 1302 iusta:
3290 1236 3498 1302 magni-

1927 1333 2130 1387 tudinis
2162 1334 2457 1386 draconem
2496 1329 2752 1383 viderunt
2800 1335 2964 1393 caput
3011 1324 3131 1393 ejus
3184 1324 3499 1390 circumpli-

1924 1439 2104 1488 casse,
2134 1422 2438 1491 faciemque
2472 1419 2774 1489 operuisse,
2811 1419 2882 1470 ita
2936 1424 2997 1470 ut
3026 1415 3172 1470 nulla
3213 1416 3499 1469 carnivora

1927 1517 2043 1571 avis
2093 1516 2393 1570 advolaret.
2448 1513 2503 1566 ld
2558 1509 3002 1580 superstitionem
3059 1505 3170 1576 regi
3224 1503 3411 1573 injecit
3446 1513 3502 1555 et

1926 1617 2151 1673 metum,
2171 1607 2313 1677 quod
2348 1605 2431 1659 vir
2452 1604 2556 1658 diis
2580 1604 2776 1657 charus
2794 1610 2850 1655 et
2883 1600 3082 1672 500a
3113 1594 3501 1665 prmstantioris

1924 1698 2174 1751 humanae
2204 1704 2409 1750 natura:
2451 1694 2769 1748 interiectus
2805 1691 3107 1745 videbatur.
3144 1684 3497 1741 Alexandrini

1925 1788 2088 1841 etiam
2107 1785 2418 1854 frequentes
2449 1784 2515 1837 ad
2533 1798 2655 1837 eum
2679 1783 2855 1836 locum
2873 1788 3266 1841 commeantes,
3281 1778 3501 1831 heroem

250 1877 382 1929 σιλεῑ
410 1876 507 1929 καὶ
537 1874 721 1943 φόϐος,
750 1873 825 1936 ὡς
848 1872 1040 1943 ἀνδρὸς
1065 1873 1411 1943 ἀνῃρημένου
1430 1872 1706 1943 θεοφιλοῦς
1731 1876 1825 1927 καὶ

1932 1878 2272 1933 Cleomenem
2324 1886 2383 1931 et
2437 1876 2658 1930 deorum
2720 1874 2887 1926 (ilium
2974 1868 3319 1939 appellavere
3377 1874 3500 1919 tan-

248 1966 551 2037 κρείττονος
579 1964 677 2035 τὴν
711 1965 892 2032 φύσιν.
922 1965 988 2018 Oi
1035 1963 1093 2016 δέ
1138 1964 1507 2034 Ἀλεξανδρεῖς
1530 1965 1627 2019 καὶ
1653 1983 1823 2036 προσ-

246 2057 536 2128 ετέρποντο
564 2056 879 2126 φοιτῶντες,
908 2056 1067 2127 ἥρωα
1091 2054 1183 2110 τὸν
1214 2056 1527 2127 Κλεομένην
1559 2057 1653 2110 καὶ
1685 2058 1825 2112 θεῶν

246 2149 411 2202 παῖδα
442 2147 967 2218 προσαγορεύοντες,
1000 2147 1161 2218 ἄχρις
1178 2140 1238 2201 οὗ
1255 2149 1607 2202 κατέπαυσαν
1624 2148 1821 2213 αὐτοὺς

244 2241 294 2293 οἱ
324 2238 645 2311 σοφώτεροι,
680 2238 913 2302 διδόντες
947 2238 1105 2306 λόγον
1130 2237 1205 2302 ώς
1256 2237 1512 2306 μελίττας
1543 2239 1640 2309 μὲν
1676 2238 1819 2310 βόες,

247 2331 459 2400 σφῆκας
508 2331 565 2383 δὲ
606 2328 765 2383 ῐπποι
814 2329 1193 2393 άποσαπέντες
1222 2327 1528 2394 ἐξανθοῦσι,
1560 2330 1821 2401 κάνθαροι

244 2423 297 2476 δέ
323 2422 381 2475 τὸ
408 2422 545 2475 αὐτὸ
568 2421 849 2475 παθόντων
883 2420 1020 2474 δνων
1043 2420 1092 2452 ⁸⁸
1119 2420 1529 2489 ζωογονοῦνται,
1555 2421 1621 2474 τὰ
1645 2422 1700 2474 δὲ
1723 2423 1818 2475 ἀν-

246 2510 491 2582 θρώπινα
522 2509 752 2581 σώματα
785 2512 912 2581 περὶ
936 2510 1025 2565 τὸν
1080 2510 1279 2582 μυελὸν
1324 2510 1534 2581 ίχώρων
1582 2494 1821 2583 συρροήν

1932 1971 2120 2040 tisper,
2174 1970 2301 2023 dum
2333 1983 2456 2021 eum
2514 1981 2757 2020 errorem
2806 1962 3079 2019 doctiores
3130 1961 3444 2017 minuerunt
3474 1995 3490 2019 ,

1930 2062 2187 2116 docentes
2247 2058 2557 2129 putrefacto
2610 2056 2766 2111 bovis
2821 2055 3090 2110 cadavere
3163 2066 3315 2121 apes,
3375 2051 3502 2119 equi

1928 2167 2143 2222 Vespas,
2186 2150 2322 2206 asini
2342 2150 2628 2205 scarabeos
2652 2147 2903 2218 generari
2936 2164 2951 2199 :
2989 2145 3041 2198 in
3074 2144 3311 2197 humano
3325 2150 3504 2195 autem

1927 2259 2160 2314 corpore
2198 2242 2503 2297 coulluente
2534 2240 2710 2305 sanie,
2738 2253 2857 2307 quae
2890 2246 2974 2292 est
3008 2236 3157 2291 circa
3187 2232 3501 2295 medullam,

1926 2345 1982 2390 et
2014 2334 2073 2388 in
2103 2348 2267 2387 unum
2305 2332 2642 2387 coalescente
2668 2344 2869 2399 angues
2925 2326 3099 2391 nasci,
3144 2325 3196 2379 id
3237 2322 3379 2392 quod
3424 2321 3508 2373 in—

1928 2426 2229 2495 telligentes
2246 2425 2473 2493 antiqui,
2498 2431 2552 2477 et
2567 2437 2652 2477 om
2662 2421 2817 2475 nibus
2834 2417 3198 2473 animantibus
3214 2415 3504 2470 draconem

1928 2515 2272 2584 potissimum
2295 2514 2557 2569 heroibus
2590 2515 3052 2565 consecraverunt
3081 2506 3221 2573 (7'7).

242 2622 360 2659 τινα
383 2606 476 2659 καὶ
509 2604 767 2658 σύστασιν
795 2605 853 2658 ἐν
902 2605 1115 2667 ἐαυτοῖς
1144 2600 1421 2658 λαϐόντων
1448 2603 1600 2673 ὄφεις
1628 2605 1937 2661 ἀναδίδωσι.
1967 2608 2077 2661 Καὶ
2103 2607 2263 2661 τοῦτο
2309 2605 2619 2669 κατιδόντες
2684 2603 2734 2655 οἱ
2814 2600 3035 2654 παλαιοὶ
3095 2599 3328 2669 μάλιστα
3397 2594 3507 2649 τῶν

245 2697 395 2763 ζώων
424 2697 521 2752 τὸν
545 2696 813 2767 δράκοντα
841 2700 953 2762 τοῖς
974 2698 1151 2769 ἥρωσι
1179 2698 1586 2771 συνῳκείωσαν.

666 2807 793 2883 [653
825 2808 919 2883 H.]
961 2810 1065 2865 Ἕκ
1089 2810 1198 2865 τοῦ
1232 2810 1424 2865 Τίτου.

312 2926 433 2981 Ὅτι
458 2927 511 2960 ⁸⁸
546 2925 802 2996 Ἰσθμίων
835 2925 1121 2995 ἀγομένων
1150 2923 1356 2997 πλῆθος
1392 2924 1493 2995 μὲν
1522 2923 1825 2995 ἀνθρώπων

242 3019 298 3071 ἐν
324 3018 402 3089 τῷ
432 3018 636 3089 σταδίῳ
667 3017 907 3086 καθῆστο
966 3016 1057 3069 τὸν
1091 3016 1356 3088 γυμνικὸν
1391 3016 1579 3083 ἀγῶνα
1608 3016 1825 3086 θεωμέ-

242 3127 365 3175 νων,
410 3111 513 3165 άτε
572 3109 661 3162 διὰ
718 3108 925 3178 χρόνων
952 3108 1313 3178 πεπαυμένης
1345 3108 1391 3139 ⁸⁸
1439 3109 1536 3177 μὲν
1572 3106 1827 3178 πολέμων

241 3203 336 3273 τῆς
379 3202 654 3267 Ἑλλάδος,
685 3204 744 3254 ἐν
778 3200 820 3233 ⁸⁷
851 3200 1132 3271 ἐλευθερίᾳ
1180 3201 1237 3254 δὲ
1287 3202 1450 3268 σαφεῖ
1490 3201 1585 3254 καὶ
1635 3202 1827 3273 εἰρήνῃ

241 3294 720 3365 πανηγυριζούσης
742 3309 757 3325 ο
790 3295 855 3364 τῇ
880 3292 1144 3360 σάλπιγγι
1165 3291 1222 3345 δὲ
1244 3293 1453 3361 σιωπῆς
1471 3294 1552 3355 είς
1576 3293 1622 3325 ⁸⁵⁸
1649 3293 1827 3347 ἄπαν-

240 3398 337 3444 τας
363 3381 705 3452 διαδοθείσης
732 3380 1007 3451 προελθὼν
1066 3383 1147 3444 είς
1179 3382 1343 3451 μέσον
1372 3384 1419 3415 ⁸9
1447 3386 1476 3435 ό
1496 3382 1674 3453 κῆρυξ
1732 3385 1827 3437 div-

239 3474 389 3525 εἶπεν
422 3474 512 3526 ὃτι
539 3473 827 3542 Ῥωμαίων
866 3474 916 3541 ἡ¹
944 3471 1249 3543 σύγκλητος
1292 3475 1385 3527 καὶ
1413 3475 1570 3537 Τίτος
1604 3475 1829 3537 Κόϊντος

243 3563 551 3635 στρατηγὸς
602 3563 827 3631 ὕπατος,
886 3564 1443 3635 καταπολεμήσαντες
1493 3566 1718 3636 βασιλέα
1738 3568 1830 3620 Φί-

241 3654 440 3710 λιππον
495 3657 593 3710 καὶ
644 3657 983 3720 Μακεδόνας,
1036 3658 1265 3724 ἀφιᾶσιν
1310 3659 1695 3729 ἀφρουρήτους
1734 3661 1829 3713 καὶ

246 3747 566 3817 ἐλευθέρους
595 3749 691 3801 καὶ
716 3747 1152 3819 ἀφορολογήτους
1174 3750 1301 3811 τοὺς
1322 3748 1610 3819 Ἕλληνας,
1642 3750 1829 3819 νόμοις

245 3838 562 3909 χρωμένους
584 3842 697 3902 τοῖς
726 3840 999 3910 πατρίοις,
1054 3839 1400 3911 Κορινθίους,
1428 3842 1694 3911 Λοκροὺς,
1722 3842 1827 3895 Εὑ-

246 3929 425 3995 ϐοέας,
458 3932 690 3993 Φωκεῖς,
739 3931 1011 4000 Ἀχαιοὺς,
1042 3930 1312 3995 Φθιώτας,
1350 3932 1669 4001 Μάγνητας,
1696 3931 1829 3984 Θετ-

244 4022 462 4086 ταλοὺς,
495 4022 856 4093 Περραίϐους.
908 4021 980 4074 Τὸ
1021 4024 1120 4092 μὲν
1152 4019 1246 4077 οὖν
1286 4022 1502 4094 πρῶτον
1536 4023 1598 4076 οὐ
1627 4023 1831 4083 πάντες

245 4112 363 4166 ούδέ
391 4114 580 4181 σαφῶς
616 4114 878 4184 ἥκουσαν,
913 4113 1028 4166 ἀλλ’
1068 4114 1352 4183 ἀνώμαλος
1394 4114 1487 4168 καὶ
1520 4114 1832 4184 θορυϐώδης

246 4204 461 4275 κίνησις
476 4201 546 4275 ἦν
571 4207 629 4258 ἐν
657 4204 734 4274 τῷ
765 4205 963 4274 σταδίῳ
993 4206 1386 4276 θαυμαζόντων
1404 4208 1500 4259 καὶ
1532 4206 1830 4261 διαπυνθα-

246 4296 492 4365 νομένων
520 4298 615 4349 καὶ
650 4296 814 4350 πάλιν
842 4298 1091 4350 ἀνειπεῖν
1113 4298 1465 4352 κελευόντων.
1497 4299 1585 4361 Ὠς
1609 4300 1652 4352 δ’
1686 4298 1832 4362 ἅπαξ

247 4388 476 4458 ἡσυχίας
489 4389 784 4459 γενομένης
800 4387 1093 4456 ἀναγαγὼν
1121 4391 1149 4442 ὁ
1170 4388 1344 4459 κῆρυξ
1365 4390 1464 4459 τὴν
1491 4388 1674 4459 φωνὴν
1695 4406 1830 4461 apo.—

248 4476 550 4549 θομότερον
578 4480 656 4541 εἰς
680 4479 923 4541 ἅπαντας
951 4477 1261 4551 ἐγεγώνησε
1282 4480 1571 4549 nmmos
1592 4480 1833 4551 tbgdjpu-

248 4585 382 4662 γμα,
412 4569 629 4662 κραυγὴ
649 4568 745 4638 μὲν
760 4571 987 4633 ἄπιστος
1019 4571 1077 4624 τὸ
1098 4571 1422 4640 μέγεθοςδιὰ
1445 4574 1618 4644 χαρὰν
1639 4572 1832 4643 ἐχώρει
1860 4601 1914 4662 D

252 4660 413 4730 μέχρι
460 4660 737 4730 θαλάσσης
760 4662 827 4727 ⁸ο,
858 4662 1017 4732 ὀρθὸν
1064 4664 1120 4715 δὲ
1169 4665 1482 4733 ἀνειστήκει
1508 4665 1569 4717 τὸ
1590 4665 1834 4733 θέατρον,

248 4752 423 4814 οὐδεὶς
446 4751 505 4804 δὲ
542 4751 699 4819 λόγος
732 4747 799 4824 ἦν
826 4752 934 4805 τῶν
973 4752 1411 4822 ἀγωνιζομένων,
1440 4753 1697 4806 ἔσπευδον
1718 4753 1775 4805 δὲ
1793 4754 1836 4783 δι

252 4840 452 4905 πάντες
479 4841 824 4911 ἀναπηδῆσαι
847 4843 939 4895 καὶ
957 4841 1315 4909 δεξιώσασθαι
1326 4845 1418 4896 καλ⁵
1452 4846 1773 4914 προσειπεῖν
1792 4844 1838 4874 ⁸⁸

250 4933 342 4985 τὸν
361 4934 584 5003 σωτῆρα
618 4934 717 5003 τῆς
751 4934 999 4998 Ἑλλάδος
1026 4937 1119 4988 καὶ
1158 4936 1466 5005 πρόμαχον.
1500 4935 1573 4987 Τὸ
1608 4935 1667 4988 δὲ
1702 4936 1837 4987 πολ-

250 5024 411 5089 λάκις
440 5026 738 5096 λεγόμενον
768 5028 847 5090 είς
871 5028 1178 5098 ὑπερϐολὴν
1208 5029 1303 5080 καὶ
1344 5026 1571 5097 μέγεθος
1593 5029 1691 5097 τῆς
1718 5044 1833 5096 φω-

251 5115 345 5184 νῆς
371 5114 533 5186 ὤφθη
550 5118 670 5169 τότε
700 5132 713 5145 ’
744 5116 910 5188 [1212
943 5116 1036 5188 ιι.]
1067 5119 1303 5185 κόρακες
1335 5116 1444 5187 γάρ
1470 5116 1835 5187 περιπετόμε.

251 5225 334 5263 νοι
359 5208 503 5262 κατὰ
538 5209 706 5280 τύχην
732 5209 926 5263 ἔπεσον
946 5212 1025 5272 εἰς
1056 5208 1116 5261 τὸ
1144 5208 1377 5262 στάδιον.
1418 5207 1578 5261 Λίτίοι
1604 5208 1647 5259 δ’
1688 5206 1832 5279 ήιτοῦ

2420 2790 2505 2845 Ea:
2536 2788 2645 2843 Titi
2691 2784 3013 2841 Flaminini.

1998 2910 2133 2967 Cum
2161 2906 2389 2962 Isthmia
2446 2905 2881 2967 celebrarentur,
2914 2915 2977 2955 ac
3006 2894 3295 2950 multitudo
3324 2893 3503 2948 homi-

1931 3018 2058 3056 num
2080 3002 2134 3055 in
2167 3000 2347 3055 stadio
2393 2995 2733 3052 consedisset
2769 2989 3052 3062 spectandi
3099 2986 3336 3059 gymnici
3387 3000 3510 3040 cer-

1933 3092 2155 3147 taminis
2190 3105 2380 3153 causa,
2412 3104 2478 3145 eo
2514 3088 2708 3157 magis,
2731 3083 2875 3155 quod
2904 3083 2994 3138 illo
3027 3091 3268 3149 tempore
3301 3078 3508 3135 Grzncia

1937 3201 1966 3240 ει
2009 3184 2168 3240 hellis
2203 3181 2458 3245 vacabat,
2528 3191 2789 3245 spemque
2847 3172 3117 3229 libertatis
3170 3167 3504 3238 propositam

1932 3290 2182 3341 cernens,
2231 3270 2521 3328 manifesta
2555 3270 2607 3324 in
2642 3282 2771 3337 pace
2824 3267 2965 3319 diem
3015 3262 3213 3317 festum
3274 3259 3507 3330 agebat:

1932 3379 2219 3440 postquam
2250 3364 2375 3419 tuba
2402 3363 2673 3417 silentium
2710 3358 2947 3426 undique
2977 3366 3059 3412 est
3113 3353 3341 3415 factum,
3386 3366 3513 3420 pro-

1930 3474 2151 3532 gressus
2183 3459 2239 3512 in
2278 3454 2515 3510 medium
2542 3466 2720 3522 praeco
2748 3453 2817 3502 ita
2846 3446 3244 3517 pronuntiavit:
3279 3442 3512 3497 Senatus

1933 3554 2215 3609 Romanus
2240 3559 2295 3603 et
2329 3546 2485 3601 'Iitus
2517 3544 2806 3612 Quinctius
2838 3541 3136 3610 imperator
3168 3536 3378 3601 consul,
3417 3535 3512 3589 de-

1934 3650 2076 3704 victo
2122 3644 2375 3714 Philippo
2418 3650 2473 3696 et
2527 3638 2937 3697 Macedonibus,
2997 3635 3203 3701 absque
3247 3626 3513 3699 praesidiis

1932 3755 2053 3796 esse
2076 3737 2301 3802 liberos,
2332 3745 2387 3792 et
2426 3735 2718 3797 immunes,
2747 3731 2861 3785 suis
2885 3726 3094 3795 legibus
3129 3726 3309 3777 vivere
3338 3722 3514 3791 jubet,

1932 3832 2269 3895 Corinthios,
2298 3830 2520 3889 Locros,
2544 3826 2871 3887 Phocenses,
2892 3821 3245 3879 Euboeenses,
3268 3815 3511 3873 Achmos,

1934 3925 2247 3983 Phthiotas,
2303 3918 2601 3989 Magnetas,
2655 3910 2971 3976 Thessalos,
3014 3908 3357 3962 Perrhaebos.
3389 3898 3512 3957 Pri-

1938 4028 2083 4068 mum
2119 4026 2299 4081 neque
2349 4022 2540 4065 omnes
2581 4005 2765 4073 plane,
2798 4015 2978 4069 neque
3041 3996 3282 4068 perfecte
3323 4009 3514 4048 vocem

1937 4106 2202 4177 przeconis
2256 4101 2665 4164 exaudierunt;
2712 4102 2940 4162 eratque
2989 4089 3298 4160 promiscua
3344 4095 3399 4141 et
3435 4094 3518 4136 tu-

1939 4174 2225 4252 inultnaria
2268 4194 2321 4247 in
2358 4189 2536 4245 stadio
2561 4185 2855 4241 commotio
2888 4178 3298 4238 admirantium,
3336 4174 3520 4229 scisci-

1939 4290 2193 4351 tantium,
2222 4286 2500 4353 repetique
2520 4281 2757 4336 edictum
2787 4274 3143 4347 poscentium.
3164 4268 3236 4324 Ut
3269 4282 3399 4323 vero
3418 4267 3520 4319 ite-

1938 4398 2083 4445 rum,
2117 4379 2260 4434 facto
2278 4376 2515 4439 silentio,
2545 4371 2721 4425 altiori
2743 4383 2875 4421 voce
2894 4366 3081 4419 eadem
3105 4376 3284 4428 praeco
3310 4358 3519 4427 procla-

1938 4472 2131 4537 mavit,
2148 4468 2571 4533 exauditumque
2586 4472 2666 4518 est
2686 4462 2751 4514 ab
2765 4457 3017 4512 omnibus
3029 4454 3292 4514 edictum,
3311 4456 3516 4512 tantus,

1938 4572 2202 4634 quantum
2218 4556 2474 4613 credibile
2490 4556 2575 4608 vix
2597 4554 2687 4618 sit,
2718 4552 2921 4605 clamor
2944 4563 3051 4618 pra:
3068 4546 3248 4599 lzctitia
3272 4543 3515 4597 omnium

1940 4664 2183 4718 exortus,
2226 4651 2293 4707 ad
2324 4662 2473 4704 mare
2492 4660 2662 4714 usque
2689 4641 2947 4712 pervasit.
2983 4640 3259 4706 Quotquot
3282 4635 3335 4687 in
3362 4634 3518 4687 thea-

1937 4756 2021 4802 tro
2040 4753 2219 4809 erant,
2243 4753 2592 4796 assurrexere
2631 4749 2841 4799 omnes,
2885 4746 3059 4801 neque
3091 4729 3201 4797 jam
3228 4728 3516 4797 quisquam

1936 4838 2261 4893 certantium
2286 4832 2599 4903 spectaculo
2646 4828 2954 4888 tenebatur,
2997 4821 3248 4893 prosilire
3302 4834 3519 4880 omnes,

1938 4927 2189 4997 amplecti
2217 4934 2270 4979 et
2301 4922 2502 4992 alloqui
2525 4918 2749 4974 Grtecite
2768 4925 3099 4971 servatorem
3121 4920 3285 4980 atque
3321 4924 3521 4979 propn-

1942 5027 2219 5089 guatoretn
2256 5008 2838 5083 properabant.Atque
2868 5019 2934 5060 eo
2972 5013 3215 5071 tempore
3241 5000 3292 5054 id
3321 5012 3378 5052 re
3403 4999 3518 5065 ipsa

1943 5109 2214 5179 apparuit,
2248 5105 2392 5176 quod
2427 5103 2492 5157 de
2538 5102 2810 5155 immenso
2842 5095 3238 5161 immodicoque
3280 5089 3520 5143 clamore

1944 5203 2048 5260 dici
2079 5201 2236 5257 solet.
2271 5196 2432 5253 Corvi
2456 5194 2598 5249 enim
2624 5192 2847 5263 quiLtum
2873 5188 3013 5245 forte
3040 5180 3520 5243 ormtervolabant,

1561 5346 1798 5403 VARI/13
1826 5341 2127 5400 LECTION
2132 5340 2241 5397 ES.

327 5459 370 5532 θ’
405 5462 595 5532 χεῖρας
629 5462 723 5516 καὶ
748 5462 1002 5526 ἐλθόντας
1035 5482 1096 5528 ς.

258 5614 370 5653 om.
412 5605 478 5656 Α.
580 5605 626 5636 ⁸³
654 5604 750 5658 καὶ
780 5607 1099 5675 προσειπεῖν
1133 5619 1246 5660 om.
1277 5604 1345 5658 A.

327 5459 370 5491 ⁸⁸
405 5462 595 5532 χεῖρας
629 5462 723 5516 καὶ
748 5462 1002 5526 ἐλθόντας
1035 5482 1096 5528 ς.
1202 5469 1246 5503 δ’
1273 5458 1391 5517 εἶτα
1414 5465 1910 5536 ἀνεσταυρώθησαν
1936 5477 2024 5515 om
2082 5459 2148 5512 A.
2247 5464 2296 5497 ⁴³
2318 5458 2437 5521 ,ἤηγ

258 5530 303 5563 ιι
334 5531 442 5563 1:..1
467 5546 495 5563 η
547 5532 613 5563 In
686 5534 734 5563 ιι
770 5534 1121 5563 ...--.....t......
1148 5550 1212 5563 η..
1272 5535 1297 5563 Α
1411 5538 1455 5563 u
1480 5539 1537 5563 ι..
1568 5538 1666 5563 ..,ι.ι
1727 5537 1750 5563 Α
1848 5537 1893 5563 ιιι
1916 5531 2013 5563 ..τρὶ
2050 5529 2185 5563 ..ηΛο
2211 5527 2253 5563 ιι
2353 5526 2396 5557 δι
2417 5527 2437 5563 ἰ

334 5524 442 5599 δτι]
466 5524 517 5586 οξ
547 5532 632 5587 10.
686 5534 734 5568 ⁸⁸
770 5524 1121 5603 πεπαυμένον
1148 5550 1228 5602 pr.
1264 5535 1329 5587 Λ,
1411 5538 1455 5567 ιτ
1478 5539 1537 5588 εν
1566 5524 1690 5592 ηαδ,
1716 5524 1803 5588 ΑΟ·
1848 5537 1893 5569 ιιι
1915 5531 2015 5604 εἰς]
2050 5529 2185 5600 πρός
2211 5527 2273 5583 Β,
2353 5526 2396 5557 to
2417 5527 2445 5577 ὁ
2470 5542 2524 5577 κ.
2549 5524 2628 5584 εἰς
2653 5538 2710 5592 μ’
2740 5537 2801 5584 ς.

2247 5464 2296 5497 σι
2318 5452 2547 5524 φληγαις]
2568 5467 2618 5506 c.
2646 5450 2737 5505 '59.
2814 5450 2861 5485 ⁸⁸
2881 5442 3129 5524 ξνωνᾼι
3161 5435 3434 5524 τῶνῖδνοίν
3458 5448 3518 5524 cf;

2880 5518 2925 5549 ⁸⁰
2954 5513 3222 5580 θαλάττης
3251 5508 3315 5564 Β.
3392 5505 3434 5535 ⁸³
3463 5502 3521 5555 δὲ

1780 5684 2012 5739 ΝΟΤίΕ.

336 5805 449 5873 (77‘
482 5804 610 5863 Vide
653 5804 1056 5877 liarapolincm,
1090 5805 1184 5862 lib.
1227 5823 1287 5875 ll,
1315 5821 1433 5876 cap.
1486 5805 1576 5871 44,
1608 5814 1661 5861 et
1705 5804 1991 5873 Origcnetn
2025 5801 2222 5857 Contra
2251 5797 2486 5861 Celsum,
2524 5794 2618 5849 lib.
2648 5808 2721 5849 tv.
