3960 6436
480 364 612 426 1463

1594 377 1855 437 PHOTII
1884 380 2108 441 PATRI
2120 383 2385 445 ARCHIE
2417 388 2525 449 (ΣΡ.

3582 403 3701 468 libi

548 476 703 533 Unde
726 484 852 533 tunc
876 477 1057 533 omnia
1083 478 1236 547 quasi
1266 477 1394 534 fune
1413 489 1577 551 rupto
1598 495 2046 557 retrocesserunt,

2234 491 2514 548 Ἐντεῦθεν
2535 496 2581 529 ’⁸
2598 495 2673 562 δὲ,
2697 466 2883 569 ὥσπερ
2902 500 3051 555 κάλω
3066 505 3111 536 ⁸⁵
3137 506 3417 574 ῥαγέντος,
3444 508 3704 583 ἐχώρησεν

475 569 736 626 dissoluto
771 570 1103 627 Amazonum
1133 582 1188 627 et
1216 573 1466 642 imperio,
1495 585 1549 630 et
1590 591 1846 644 excursu,
1879 590 1933 637 et
1963 599 2055 637 ur-

474 662 562 727 be,
598 672 654 719 et
683 664 763 719 sic
791 666 1064 720 communi
1104 666 1356 721 subvenit
1401 677 1626 735 naturae,
1653 668 1958 741 effecitque,
1999 684 2059 730 ut

470 752 582 818 iam
629 753 848 808 dubium
895 755 988 819 sit,
1034 770 1101 810 an
1142 771 1381 827 unquam
1424 760 1751 815 exstiterint.
1795 764 1866 818 At
1916 782 2059 823 nunc

476 858 597 896 cum
623 858 718 912 par
752 842 903 898 labor
928 844 981 899 in
1006 846 1303 914 quastione
1329 848 1773 918 omittendorum,
1812 862 1866 908 et
1898 854 2055 925 digna

454 916 697 999 eorum,
738 948 859 1003 qua:
904 934 1207 992 clarissima
1227 938 1536 1007 videantur,
1586 943 1949 1012 explicatione
1989 947 2061 1000 sit

475 1023 777 1091 ponendus,
803 1039 903 1080 nec
931 1027 1217 1095 quisquam
1239 1029 1439 1107 ‘adhue
1460 1031 1544 1086 vel
1573 1034 1712 1088 nuda
1748 1036 2060 1091 narratione

475 1113 548 1166 sit
574 1112 755 1166 omnia
790 1114 1127 1184 complexus,
1162 1120 1410 1187 quamvis
1445 1121 1645 1191 alioqui
1679 1124 1910 1193 plurima
1942 1140 2058 1180 sm-

476 1200 609 1267 guli,
639 1202 706 1256 de
747 1201 850 1257 hac
894 1218 997 1259 una
1049 1194 1303 1273 civitate)
1329 1218 1493 1279 atque
1530 1211 1665 1266 adeo
1701 1213 1856 1281 plura
1891 1229 2055 1284 quam

479 1292 546 1346 de
578 1291 801 1363 reliquis
827 1296 1097 1362 omnibus,
1119 1299 1375 1367 dixerint,
1402 1318 1506 1357 non
1554 1304 1682 1360 licet
1715 1308 1869 1362 nobis
1897 1322 2060 1365 accu-

479 1380 650 1437 ratius
688 1390 921 1441 tractare
956 1386 1189 1457 singula,
1220 1399 1274 1446 et
1304 1393 1536 1461 plurima
1575 1406 1705 1451 sunt
1737 1400 2055 1471 omittenda,

479 1479 542 1527 ut
597 1474 834 1530 maxima
881 1491 1002 1547 qua:
1052 1489 1177 1535 sunt
1234 1482 1571 1552 referamus,
1620 1491 2056 1562 quandoquidem

479 1573 628 1621 certe
665 1580 824 1623 nemo
858 1569 950 1635 sit,
982 1572 1111 1640 quin
1140 1574 1371 1631 libenter
1392 1576 1495 1633 ista
1539 1580 1593 1635 in
1646 1583 1883 1639 medium
1935 1601 2060 1655 pro-

481 1656 641 1711 ferat.
681 1656 817 1714 Nam
849 1675 971 1716 cum
1000 1661 1173 1721 Graeci
1217 1667 1281 1722 de
1322 1682 1532 1724 summa
1566 1685 1748 1726 rerum
1771 1688 1894 1728 cum
1933 1675 2059 1730 bar-

479 1745 627 1803 baris
667 1749 1030 1820 decertarent,
1074 1770 1237 1825 parva
1280 1768 1436 1815 terra:
1483 1771 1639 1831 parte
1683 1778 1805 1820 cum
1854 1766 2056 1838 ingenti

480 1840 796 1907 commissa,
835 1851 890 1898 et
927 1859 1027 1913 pro
1054 1846 1254 1903 virtute
1282 1863 1347 1903 ac
1379 1850 1556 1907 salute
1587 1863 1862 1909 certamen
1892 1866 2059 1926 esset,
2092 1844 2133 1899 Β

482 1936 595 1982 tum
643 1930 837 1988 civitas
862 1942 1148 2006 utramque
1196 1949 1410 2008 gentem
1442 1952 1636 2011 praeter
1669 1959 1884 2002 omnem
1907 1963 2060 2017 spem

483 2018 635 2085 vicit,
661 2030 715 2076 et
744 2022 972 2080 alteram
1001 2042 1121 2084 esse
1143 2044 1364 2099 parvam
1389 2033 1491 2088 sibi
1522 2038 1899 2108 appendit-em,
1922 2042 2060 2098 alte-

484 2126 599 2166 ram
641 2121 791 2169 tanto
823 2116 1168 2189 deteriorem,
1200 2135 1401 2192 quanto
1445 2128 1730 2185 videbatur
1760 2133 1950 2202 major,
1973 2137 2063 2190 tle-

483 2202 731 2261 claravit.
778 2205 915 2263 Tum
958 2225 1085 2267 vero
1120 2212 1261 2270 facta
1310 2228 1435 2272 sunt
1476 2234 1504 2271 a
1539 2221 1736 2285 verbis,
1766 2221 1940 2278 aliena
1984 2226 2063 2279 vi-

483 2291 677 2351 delicet
708 2311 738 2351 a
783 2301 1003 2367 nostris,
1024 2317 1293 2375 superata,
1340 2325 1462 2364 cum
1513 2312 1850 2381 plebiscitum
1916 2316 2061 2371 omni

486 2392 689 2454 tropaeo
714 2390 1047 2460 praeclarius,
1081 2397 1260 2452 verbis
1294 2400 1502 2467 pariter
1532 2411 1586 2456 et
1629 2419 1689 2458 re
1713 2405 1862 2469 viclt,
1888 2422 2063 2476 quan-

484 2473 774 2545 doquidem
822 2482 1069 2539 manibus
1115 2487 1299 2540 statim
1350 2488 1450 2543 fuit
1488 2473 1920 2563 comprobatum,
1957 2513 2062 2553 non

485 2567 645 2620 modo
685 2567 931 2637 sublatis,
978 2583 1038 2628 ut
1082 2576 1201 2631 fieri
1237 2578 1396 2645 solet,
1445 2585 1535 2637 sed
1580 2585 1742 2639 etiam
1790 2603 2065 2657 przecones

485 2657 853 2723 perdentibus.
896 2663 1100 2736 402a
1158 2669 1231 2725 De
1261 2687 1327 2727 eo
1371 2684 1574 2741 autem,
1621 2678 1709 2746 qui
1758 2680 2061 2736 litterarum

487 2748 662 2804 fuerat
690 2750 980 2825 interpres,
1003 2760 1256 2828 populum
1293 2766 1510 2835 quidem
1551 2768 1601 2821 in
1628 2768 1947 2840 suffragium
1975 2775 2067 2827 mi-

484 2852 693 2909 serunt,
750 2853 809 2899 ut
846 2846 1041 2915 judicii
1078 2852 1330 2921 formam,
1376 2859 1632 2927 quoniam
1672 2861 1892 2918 Grzccus
1924 2875 2064 2931 erat,

486 2946 681 3000 praeter
728 2949 955 2997 caeteros
1015 2948 1241 3003 haberet
1303 2967 1317 3003 :
1376 2953 1730 3011 nihilominus
1791 2968 1966 3014 tamen
2012 2970 2068 3014 et

487 3030 664 3098 ipsum
720 3032 1132 3102 interemerunt,
1171 3041 1326 3109 quasi
1382 3058 1450 3098 ne
1504 3060 1636 3100 voce
1689 3048 1907 3116 quidem
1954 3050 2065 3105 sola

486 3126 735 3180 barbaris
774 3136 916 3182 esset
951 3127 1377 3188 inserviendum.
1412 3134 1598 3204 Itaque
1622 3135 1673 3191 id
1702 3152 1808 3206 quo
1838 3138 1925 3193 ille
1953 3155 2069 3193 ma-

485 3216 634 3269 xime
693 3216 985 3283 nitebatur,
1037 3234 1159 3273 eum
1216 3220 1425 3288 fefellit,
1482 3240 1603 3279 cum
1656 3226 1730 3279 illi
1782 3238 2069 3286 censerent

488 3306 760 3363 hominem
782 3310 1163 3379 municipalem
1201 3312 1514 3383 interpretis
1552 3316 1729 3373 ofﬁcio
1758 3331 1947 3376 contra
1977 3338 2070 3377 ur-

486 3398 704 3465 bem,et
739 3399 957 3457 Graecos
979 3418 1077 3474 pro
1102 3403 1347 3461 hostibus
1382 3406 1529 3477 fungi
1556 3426 1661 3465 non
1685 3413 1897 3467 debere.
1931 3413 2065 3469 Tum

490 3489 547 3544 in
596 3490 913 3547 barathrum
962 3496 1184 3567 projecti
1247 3508 1400 3567 sunt,
1450 3501 1529 3557 sic
1570 3511 1629 3557 ut
1674 3503 1767 3558 alii
1814 3520 2067 3577 responsa

492 3581 605 3651 regi
644 3582 947 3639 intulerint.

563 3695 842 3781 [Sub-latus
870 3697 1139 3769 interpres
1167 3701 1385 3762 Samius
1422 3718 1540 3762 erat
1590 3723 1810 3781 genere,
1853 3726 2072 3770 nom.ne

492 3766 618 3821 vero
658 3766 818 3839 Mys]

563 3877 767 3936 Civitas
813 3891 995 3939 autem
1057 3900 1307 3959 pompam
1339 3893 1516 3959 potius
1545 3894 1762 3964 ducere,
1800 3915 1961 3968 quam
2006 3904 2073 3959 ad

494 3978 768 4027 certamen
809 3988 868 4029 se
897 3990 1217 4047 comparare
1253 3983 1555 4040 videbatur.
1591 3987 1810 4061 Templa
1840 3996 2075 4064 namque

470 4061 678 4116 omnia
730 4078 1042 4137 aperuerat,
1088 4073 1466 4133 sacerdotibus
1506 4084 1835 4150 convocatis,
1881 4102 1944 4142 ac
1975 4089 2076 4144 diis

498 4154 724 4223 antiquo
769 4174 924 4215 more
970 4163 1392 4231 supplicationes
1428 4170 1678 4230 faciebat.
1721 4178 1799 4233 Ac
1841 4182 2075 4250 primum

497 4243 715 4313 quidem
756 4261 948 4305 cursus
979 4266 1071 4307 eos
1098 4268 1306 4323 omnes,
1343 4260 1434 4328 qui
1459 4261 1527 4317 ob
1559 4280 1771 4322 corona:
1798 4273 2074 4339 prannium

495 4337 697 4407 suscipi
724 4339 925 4409 solent,
964 4344 1119 4417 longe
1162 4353 1509 4419 superabant,
1536 4337 1811 4427 aequalem
1831 4367 2079 4431 praamio-

497 4442 616 4482 rum
675 4433 1011 4491 excellentiae
1061 4450 1377 4507 praestantes
1424 4448 1759 4505 alacritatem
1808 4470 1822 4517 ;
1873 4456 1924 4509 in
1975 4459 2079 4513 line

2156 582 2363 637 ὀπίσω·
2418 587 2516 639 καὶ
2562 588 2834 644 διελέλυτο
2900 592 3252 668 Ἀμαζόσινῆ
3290 615 3354 651 τε
3383 599 3524 671 ἀρχὴ
3566 582 3655 657 καὶ
3679 609 3705 660 ὸ

2156 675 2376 746 δρόμος,
2409 677 2503 730 καὶ
2525 681 2559 748 ή
2585 680 2740 745 πόλις
2768 682 2813 713 ⁰⁰
2841 682 3118 738 κάνταῦθα
3160 686 3427 759 ἐϐοήθησε
3473 694 3538 761 τῇ
3566 698 3704 766 κοινῇ

2157 770 2337 836 φύσει,
2399 772 2494 825 καὶ
2543 771 2638 825 νῦν
2682 775 2762 837 είς
2807 774 3035 829 ἄπιστον
3081 778 3443 849 περιέστηκεν
3493 785 3546 836 εί
3590 802 3707 841 ποτε

2156 860 2424 928 ἐγένοντο.
2456 860 2570 915 Νῦν
2590 863 2635 896 ⁸⁷
2664 862 2711 916 δ’
2741 863 2799 930 ἐξ
2840 864 2957 918 ίσου
3002 867 3339 932 καθεστῶτος
3367 870 3461 923 τοῦ
3488 889 3548 925 τε
3572 875 3615 907 ’⁸
3638 876 3710 929 εὑ-

2159 951 2270 1016 ρεῖν
2299 949 2336 1004 δι
2374 952 2479 1022 χρὴ
2510 954 2843 1024 παραλιπεῖν
2883 957 3093 1010 καὶτοῦ
3126 959 3261 1029 πρὸς
3288 962 3334 992 ⁸⁸
3365 961 3523 1026 ἀξίαν
3551 968 3711 1022 εἰπεῖν

2155 1039 2224 1090 τὰ
2246 1042 2569 1111 νικήσαντα,
2596 1043 2691 1095 καὶ
2714 1043 2927 1107 οὐδενὸς
2961 1044 3060 1115 μὲν
3088 1046 3197 1099 οὐδ’
3228 1049 3287 1100 ἐν
3317 1048 3460 1120 ἁπλῇ
3481 1049 3711 1121 διηγήσει

2160 1132 2340 1186 πάντα
2371 1135 2386 1163 ¹
2424 1150 2512 1187 πω
2530 1134 2890 1201 διεξελθόντος
2911 1139 2953 1201 ¹,
2981 1136 3205 1191 πλεῖστα
3235 1138 3292 1192 δὲ
3317 1139 3457 1211 ὑπὲρ
3480 1143 3609 1210 μιᾶς
3631 1143 3714 1195 πόα

2158 1221 2292 1287 λεως
2324 1224 2526 1295 ταύτης
2569 1227 2823 1282 ἁπάντων
2869 1229 3188 1297 εἰρηκότων,
3218 1232 3443 1333 μᾶλλον
3486 1233 3544 1284 δὲ
3590 1234 3712 1305 ὑπὲρ

2162 1316 2332 1387 μόνης
2360 1316 2529 1371 πλείω
2560 1319 2748 1389 σχεδὸν
2775 1319 2808 1390 ἢ
2834 1320 2945 1373 τῶν
2975 1321 3149 1375 ἄλλων
3179 1316 3427 1390 ἀπασῶν,
3453 1324 3617 1397 [1216
3634 1326 3711 1398 8.]

2158 1409 2261 1463 οὐκ
2291 1410 2566 1480 ἐνδέχεται
2610 1410 2861 1477 διεξιέναι
2892 1412 3015 1466 καθ’
3055 1414 3288 1468 ἕκαστον
3325 1417 3590 1487 ἀκριϐῶς,
3615 1418 3713 1471 ἀλλ’

2158 1501 2372 1573 ἀνάγκη
2428 1492 2509 1556 τά
2533 1501 2761 1557 πλεῖστα
2808 1503 3167 1576 παραλιπεῖν,
3202 1506 3291 1559 ἵνα
3332 1506 3395 1577 δὴ
3424 1509 3536 1570 τοῖς
3575 1508 3714 1578 μεγί-

2161 1609 2309 1657 στοις
2356 1592 2709 1664 χρησώμεθα.
2763 1593 2916 1647 Ἐπεὶ
2958 1594 3042 1656 τίς
3092 1595 3193 1648 οὐκ
3242 1597 3309 1649 ἂν
3350 1597 3587 1664 ἄσμενος
3632 1599 3716 1651 καὶ

2158 1683 2333 1739 ταῦτα
2377 1686 2458 1747 είς
2511 1684 2675 1755 μέσον
2702 1685 2965 1756 ήνεγκεν;
2993 1685 3125 1739 Ὅτε
3158 1685 3267 1757 γάρ
3295 1688 3318 1718 ¹
3355 1690 3472 1751 τοῖς
3514 1687 3715 1759 Ἕλλησι

2162 1778 2258 1831 καὶ
2279 1777 2576 1848 βαρϐάροις
2630 1778 2701 1831 τὰ
2750 1778 3049 1847 πράγματα
3095 1778 3362 1849 ἐκρίνετο,
3398 1781 3496 1833 καὶ
3543 1781 3716 1851 μικρὸν

2162 1870 2299 1941 πρὸς
2328 1870 2463 1923 πολὺ
2512 1868 2679 1939 μέρος
2724 1870 2822 1939 τῆς
2852 1871 2956 1935 γῆς
2985 1869 3351 1939 ἠγωνίζετοώ
3388 1872 3446 1925 δὲ
3477 1871 3623 1940 ἀγὼν
3659 1868 3719 1943 ἦν

2162 1960 2304 2032 ὑπὲρ
2352 1959 2626 2030 σωτηρίας
2655 1959 2775 2029 ἅμα
2822 1958 2915 2012 καὶ
2963 1959 3185 2029 ἀρετῆς,
3238 1959 3357 2013 τότε
3391 1962 3641 2029 ἐνίκησεν
3687 1965 3715 2031 ή

2164 2052 2321 2115 πόλις
2348 2052 2515 2120 ἄμφω
2535 2049 2613 2104 τὼ
2634 2050 2766 2119 γένη
2798 2049 3015 2105 κάλλιον
3035 2052 3224 2121 εὐχῆς,
3248 2050 3323 2115 ὡς
3350 2052 3410 2105 τὸ
3448 2053 3549 2121 μὲν
3571 2069 3720 2121 προσ-

2165 2145 2341 2215 θήκην
2393 2144 2563 2212 αὺτῆς
2603 2140 2805 2213 μικρὰν
2834 2141 2857 2173 ⁸⁵
2888 2142 3287 2211 ἀποφανθῆναι,
3314 2142 3378 2195 τὸ
3416 2142 3476 2195 δὲ
3500 2141 3677 2196 πλεῖον
3702 2146 3721 2175 ⁸

2165 2239 2346 2308 χεῖρον
2382 2235 2415 2305 ἦ
2466 2236 2576 2306 ὅσῳ
2618 2234 2799 2289 πλεῖον
2826 2236 2848 2267 ⁸
2877 2236 3072 2289 ἐδόκει.
3109 2235 3199 2287 Ἐν
3224 2234 3245 2267 ⁷
3279 2234 3515 2297 ἐκείνοις
3560 2234 3723 2303 μέντοι

2164 2331 2278 2395 τοῖς
2330 2332 2543 2400 καιροῖς
2574 2329 2712 2401 ἔργα
2748 2330 2921 2399 λόγων
2965 2327 3196 2399 ἡττήθη,
3238 2328 3382 2395 λέγω
3426 2328 3487 2381 δὲ
3530 2327 3598 2380 τὰ
3628 2327 3724 2380 τῶν

2167 2420 2343 2476 ἄλλων
2402 2420 2539 2491 ἔργα
2596 2419 2769 2489 λόγων
2817 2419 2925 2473 τῶν
2986 2419 3116 2490 παρ’
3164 2420 3323 2489 ἡμῖν·
3358 2420 3455 2472 καὶ
3484 2417 3723 2488 ψηφισμα

2165 2514 2425 2580 τροπαίου
2458 2511 2704 2581 κρεῖττον
2748 2510 2829 2573 εἰς
2873 2510 3094 2581 μνήμην
3127 2510 3374 2579 ἐνίκησεν
3393 2548 3408 2571 ,
3450 2510 3569 2579 ἅμα
3598 2510 3724 2576 λόγῳ

2168 2600 2265 2653 καὶ
2310 2597 2456 2670 ἔργῳ
2490 2598 2738 2668 νικῆσαν.
2786 2597 2965 2661 Εὐθὺς
3016 2597 3125 2667 γὰρ
3157 2595 3284 2668 [656
3320 2594 3413 2667 IL]
3462 2598 3522 2649 ἐν
3563 2597 3725 2664 χεροῖν

2136 2693 2357 2764 ’κύριον
2388 2687 2476 2761 ἦν,
2503 2693 2563 2745 οὐ
2609 2694 2675 2762 τῇ
2722 2690 3031 2761 χειροτονίᾳ
3081 2690 3239 2761 μόνον
3270 2690 3344 2751 ὡς
3378 2689 3566 2758 νόμος,
3607 2686 3725 2739 ἁλλὰ

2169 2788 2263 2845 καὶ
2294 2785 2373 2855 τῷ
2401 2783 2712 2853 διαφθεῖραι
2745 2783 2872 2847 τοὺς
2908 2780 3195 2850 ἀγγέλους.
3236 2780 3327 2852 Τῷ
3357 2779 3415 2832 δὲ
3469 2777 3726 2849 ὲρμηνεόο

2171 2895 2327 2932 σαντι
2358 2877 2428 2929 τὰ
2481 2876 2787 2945 γράμματα
2835 2872 3255 2944 διαχειροτονίαν
3302 2870 3403 2940 μὲν
3449 2870 3726 2933 ἀπέδοσαν,

2170 2971 2259 3024 ἵνα
2288 2969 2586 3039 ἐπειδήπερ
2621 2966 2821 3039 Ἕλλην
2871 2962 2963 3036 ἦν,
2992 2965 3105 3037 ἔχοι
3149 2964 3313 3017 πλέον
3336 2962 3435 3034 τὴν
3472 2964 3574 3031 τῆς
3618 2964 3727 3031 κρί-

2173 3077 2310 3124 σεως
2340 3060 2547 3122 εἰκόνα,
2582 3058 2914 3111 ἀπέκτειναν
2939 3055 2996 3109 δὲ
3036 3054 3130 3108 καὶ
3156 3052 3343 3106 τοῦτον
3372 3051 3447 3113 ὡς
3476 3051 3589 3104 οὐδ’
3618 3053 3731 3119 ἄχρι

2172 3152 2354 3221 φωνῆς
2397 3150 2710 3219 διακονῆσαι
2741 3147 3017 3219 προσῆκον
3064 3146 3175 3208 τοῖς
3211 3142 3532 3215 βαρϐάροις,
3566 3142 3657 3194 καὶ
3683 3141 3733 3193 τὸ

2175 3244 2393 3317 ίσχυρδν
2423 3241 2712 3312 περιῆλθεν
2742 3239 2911 3309 αὐτῷ.
2938 3240 3040 3293 Τὸν
3066 3237 3175 3307 γάρ
3206 3236 3301 3305 τῆς
3345 3235 3557 3296 πόλεως
3592 3235 3733 3286 ἀποι-

2171 3354 2265 3391 κον
2298 3337 2398 3389 οὐκ
2431 3333 2615 3404 ὴξίουν
2649 3332 2789 3388 κατὰ
2830 3332 2928 3403 τῆς
2961 3330 3169 3393 πόλεως
3205 3327 3296 3381 καὶ
3325 3325 3434 3380 τῶν

2172 3427 2416 3500 ἑρμηνέα
2448 3427 2525 3497 τῷ
2568 3425 2727 3495 φύσει
2768 3422 3012 3493 πολεμίῳ
3054 3419 3321 3518 γενέσθαι.
3353 3418 3465 3518 καὶ
3508 3413 3733 3518 οὔτω-δὴ

2175 3522 2458 3595 ῥίπτουσιν
2490 3520 2568 3581 είς
2596 3518 2657 3571 τὸ
2701 3514 2992 3586 βάραθρον,
3027 3512 3167 3567 ὥστε
3200 3510 3391 3572 ἄλλους
3421 3509 3733 3575 ἀναγγεῖλαι

2276 3610 2485 3680 βασιλεῖ
2510 3608 2608 3672 τὰς
2634 3608 2975 3677 ἀποκρίσεις.

2238 3721 2340 3845 ᾸὉ
2370 3720 2640 3798 ἑρμηνείές
2682 3721 2709 3772 ὁ
2755 3716 3063 3797 ἀναιρεθεὶς
3094 3717 3295 3787 Σᾱμιος
3334 3713 3402 3789 ἦν
3432 3719 3490 3771 τὸ
3519 3719 3542 3749 ⁸
3570 3717 3731 3785 γένθς,

2273 3809 2413 3845 vorsa.
2436 3791 2492 3843 δὲ
2522 3788 2688 3845 Μυς.Ί

2173 3788 2414 3862 τοῦνομα
2436 3788 2688 3860 sentos]

2264 3901 2324 3952 Ἠ
2371 3899 2470 3953 δὲ’
2507 3898 2661 3961 πόλις
2694 3896 2919 3967 πομπὴν
2957 3896 3164 3969 ἀγούσῃ
3198 3900 3501 3970 προσεῴκει
3545 3900 3736 3970 μᾶλλον

2176 3991 2209 4061 ἢ
2264 3989 2399 4060 πρὸς
2452 3987 2638 4057 ἀγῶνα
2685 3987 3072 4058 κοσμουμένη·
3116 3987 3238 4056 ἱερά
3298 4004 3357 4039 τε
3408 3988 3517 4056 γὰρ
3573 3986 3737 4039 πάντα

2176 4082 2404 4152 ἀνέῳγε,
2423 4080 2517 4134 καὶ
2556 4080 2624 4133 τὰ
2644 4080 2754 4132 τῶν
2781 4078 2969 4149 ἱερέων
3005 4078 3133 4149 γένη
3163 4077 3384 4147 συνῆγε,
3401 4077 3493 4130 καὶ
3531 4076 3736 4143 διεπρε-

2178 4174 2399 4229 σϐεύετο
2443 4172 2580 4244 πρὸς
2616 4173 2742 4234 τοὺς
2788 4170 2942 4233 θεοὺς
2972 4169 3063 4221 τὸν
3094 4170 3319 4239 ἀρχαῖον
3371 4167 3595 4237 τρόπον.
3640 4164 3739 4218 Καὶ

2177 4267 2394 4338 πρῶτον
2420 4265 2463 4297 ¹⁰
2491 4263 2589 4334 μὲν
2620 4263 2746 4325 τοὺς
2773 4265 2829 4316 ἐν
2852 4264 2964 4325 τοῖς
3002 4260 3347 4329 στεφανίταις
3384 4260 3618 4328 δρόμους
3645 4260 3740 4307 ἀπο

2176 4359 2420 4429 ἔκρυψαν
2440 4398 2455 4421 ,
2500 4358 2609 4426 ὅσῳ
2638 4355 2768 4426 περὶ
2795 4352 3088 4407 καλλιόνων
3119 4352 3229 4405 τῶν
3256 4354 3295 4383 ¹¹
3339 4351 3515 4404 ἄθλων
3548 4347 3737 4418 ἠγωνί-

2178 4452 2354 4517 ζοντο,
2377 4449 2619 4518 τοσούτῳ
2640 4448 2685 4481 ¹²
2709 4444 3156 4516 θαυμαστοτέραν
3183 4444 3281 4513 τὴν
3303 4441 3611 4512 προθυμίαν
3634 4440 3743 4490 ἑπι-

494 4534 626 4575 vero
683 4537 804 4578 sese
848 4525 948 4595 ipsi
1002 4529 1309 4589 vincebant.
1361 4535 1529 4592 Tanta
1590 4557 1712 4597 vero
1760 4544 1861 4600 fuit
1918 4550 2066 4619 hujus

2181 4543 2509 4613 δειξάμενοι.
2548 4539 2799 4609 Τοσαύτη
2824 4537 2867 4591 δ’
2906 4531 2973 4608 ἦν
3000 4534 3345 4606 ὑπερηφανία
3368 4534 3413 4565 ⁸³
3441 4534 3544 4601 τῆς
3573 4546 3741 4601 παρει-

494 4625 788 4683 apparatus
818 4627 872 4673 et
896 4618 1025 4676 faCti
1052 4625 1325 4695 superbia,
1359 4640 1416 4684 ut
1458 4634 1834 4692 existimarent
1860 4642 2076 4697 barbari

498 4718 578 4768 se,
613 4706 660 4759 si
712 4710 872 4764 modo
904 4712 1003 4766 visi
1036 4726 1241 4783 essent,
1288 4728 1493 4777 tantum
1530 4725 1844 4796 effecturos,
1874 4742 2073 4787 nLom-

496 4810 595 4851 nes
622 4799 767 4854 velut
813 4802 865 4855 in
901 4803 1038 4859 ludis
1069 4822 1190 4862 mox
1232 4812 1510 4881 cederent,
1542 4817 1791 4890 ultroque
1828 4838 1885 4877 se
1915 4826 2077 4879 dede-

499 4898 640 4944 rent.
673 4891 851 4961 Atquo
874 4894 987 4951 haec
1010 4898 1182 4966 prima
1218 4902 1358 4957 inter
1387 4905 1635 4965 homines
1667 4912 1877 4979 publica
1906 4915 2077 4969 virtu-

498 4982 565 5044 tis
605 4998 727 5039 cum
761 4985 983 5054 divitiis,
1025 5002 1079 5047 et
1117 4995 1415 5062 prudentia:
1457 5000 1657 5058 Grarcae
1684 5019 1805 5060 cum
1850 5009 2005 5063 turba
2023 5023 2078 5065 et.

494 5083 754 5144 apparatu
823 5080 1109 5141 barbarico
1141 5086 1348 5142 exstitit
1388 5098 1776 5164 controversia,
1815 5115 1934 5169 quae
1970 5118 2074 5157 non

498 5170 767 5225 sermonis
796 5172 1128 5242 eloquentia,
1161 5178 1253 5232 sed
1287 5179 1555 5238 factorum
1617 5188 2079 5249 demonstratione

500 5260 863 5331 temporisque
897 5266 1302 5334 opportunitate
1333 5271 1435 5324 fuit
1465 5273 1745 5348 dirempta.
1798 5280 1906 5336 Nec
1929 5284 2071 5337 enim

2183 4637 2384 4705 σκευῆς
2413 4633 2508 4688 καὶ
2552 4631 2661 4686 τῶν
2705 4629 3063 4699 ποιουμένων,
3092 4627 3233 4681 ὥστε
3288 4626 3538 4723 ὲξαρκεξν
3584 4622 3744 4723 ἐδόκει

2179 4732 2293 4790 τοῖς
2319 4726 2613 4797 βαρϐάροις
2641 4723 2871 4792 ὀφθῆναι
2907 4720 3066 4791 μόνον
3089 4737 3101 4748 ·
3134 4717 3302 4818 ᾧοντρ
3340 4715 3447 4782 γὰρ
3477 4715 3667 4818 ωσπερ
3694 4715 3742 4763 ἐν

2180 4819 2363 4882 ἄθλοις
2416 4817 2660 4879 ἅπαντας
2720 4813 2882 4876 εὐθὺς
2940 4808 3354 4879 ἀπογνώσεσθαι
3412 4806 3507 4858 καὶ
3561 4806 3744 4858 δώσειν

2184 4912 2411 4973 ἑαυτοὺς
2455 4906 2683 4961 ἀκονιτί.
2732 4904 2879 4974 Αὕτη
2924 4902 3113 4974 πρώτη
3150 4898 3449 4971 δημοτελὴς
3479 4898 3658 4967 κρίσις
3696 4894 3746 4944 ἐν

2185 5004 2262 5074 τῷ
2319 5002 2469 5073 μέσῳ
2526 4999 2646 5054 κατ’
2701 4996 3020 5067 ἀνθρώπους
3095 4994 3330 5093 ἐγένετο.
3358 4990 3577 5093 ἀρετῆς.
3620 4985 3745 5093 πρός

2187 5096 2415 5152 πλοῦτον
2475 5095 2572 5148 καὶ
2613 5092 2956 5163 φρονήματος
3015 5084 3331 5157 Ἑλληνικοῦ
3359 5083 3496 5153 πρὸς
3551 5079 3744 5151 βαρϐά-

2188 5208 2296 5260 ρων
2320 5189 2365 5221 ”
2404 5186 2605 5257 πλῆθος
2662 5185 2757 5238 καὶ
2801 5178 3174 5253 παρασκευὴν,
3214 5179 3273 5230 οὐ
3307 5178 3479 5277 λόγων
3514 5171 3744 5277 εὐφημία

2187 5283 2459 5356 κριθεῖσα,
2484 5278 2600 5335 ἀλλ’
2630 5278 2806 5349 ἔργων
2828 5274 3096 5341 ἀποδείξει
3127 5272 3222 5326 καὶ
3268 5269 3344 5343 τῷ
3386 5268 3636 5322 καλοῦντι
3660 5268 3744 5315 του

1780 5417 2009 5472 νΑΒΙβΕ
2044 5414 2453 5472 LECTIONES.

566 5513 616 5585 ’ξ
642 5511 917 5585 ἐντεῦθεν]
942 5532 994 5585 p.
1039 5518 1165 5572 904.

503 5598 536 5682 ι’
589 5582 725 5687 ἓὲτέ
997 5603 1107 5687 2⁸³1·
1145 5592 1211 5687 f‘.‘

556 5659 725 5722 αὐτῆς
759 5659 958 5722 μικράν
990 5659 1036 5711 Α
1074 5676 1085 5711 :

1270 5521 1316 5553 ⁸⁸
1351 5524 1514 5579 κάλου
1556 5530 1662 5583 ΑΒ.

1319 5595 1362 5625 ⁹⁹
1394 5598 1553 5670 πρὸς]
1585 5600 1660 5663 ὡς
1703 5602 1767 5656 Α.

1130 5660 1331 5733 μικρὰν
1352 5660 1553 5733 καύίτοῖξ
1582 5688 1641 5733 ς.

1778 5533 1823 5564 ³⁸
1855 5534 1949 5585 καὶ
1983 5533 2015 5601 ἡ
2045 5532 2196 5595 πόλις
2230 5547 2340 5587 om.
2372 5530 2499 5584 AB:
2530 5534 2621 5585 sed
2650 5530 2697 5601 ἢ
2720 5535 2844 5601 post
2872 5521 3261 5601 Spuoseadditﬂ
3298 5519 3466 5601 πόλις.

1873 5604 1888 5633 ¹
1933 5600 2134 5665 πάντα]
2158 5603 2373 5656 πάντων
2403 5603 2447 5655 Α
2478 5610 2529 5656 et
2562 5617 2641 5669 pr.
2670 5600 2734 5655 Β.
2832 5600 2853 5630 ³
2874 5600 3171 5679 διελθόντος
3199 5600 3266 5645 Α.
3369 5600 3390 5621 ³
3414 5600 3520 5659 γαρ
3550 5603 3661 5687 (ηιξ.
3691 5600 3745 5638 υ.

1873 5674 1972 5714 εἴην
2005 5676 2038 5714 Δ
2072 5690 2085 5701 -
2113 5673 2274 5714 πλέον
2306 5690 2360 5714 ρ-ν
2401 5672 2581 5714 "mlim
2614 5670 2837 5714 πλείονι-
2913 5668 2933 5699 ⁸
2965 5666 3169 5714 πλειονΊ
3207 5661 3465 5714 πλειόνων
3484 5660 3542 5712 Α.
3674 5645 3748 5711 ἐν]

1734 5673 1754 5703 ⁸
1791 5673 1972 5724 πλεῖον
2004 5676 2040 5727 Α
2072 5690 2085 5725 :
2113 5673 2274 5726 πλέον
2306 5690 2365 5736 ς.
2400 5666 2581 5727 malini
2614 5670 2837 5723 πλείονι.
2913 5668 2933 5699 ⁸
2965 5666 3169 5736 πλεῖον]
3207 5666 3465 5736 πλειόνων
3484 5666 3542 5736 ᾼ.

3562 5518 3611 5549 ³⁷
3638 5513 3747 5577 νῦν]

2832 5586 3171 5655 ’διελθόντος
3199 5586 3266 5645 ΑΖ
3369 5592 3390 5621 ³
3414 5590 3520 5659 γὰρ
3550 5603 3661 5659 orn.
3691 5586 3745 5659 Βζ

506 5735 558 5812 pi.
586 5720 712 5812 (21ίωὶ
750 5720 768 5808 τ’
786 5724 807 5755 ⁸
832 5720 892 5775 τὸ
914 5720 1147 5812 οιιιειΑᾹῖ
1190 5720 1277 5812 ξὴ
1305 5731 1383 5802 δέ]
1404 5750 1454 5800 p.
1479 5720 1609 5793 21's,”
1632 5720 1638 5722 ⁷
1666 5741 1708 5771 ίο
1741 5720 2091 5812 adigit-[eg
2400 5720 2450 5774 ἶί
2480 5741 2588 5795 τῶν
2611 5756 2722 5796 om.
2740 5741 2805 5793 A.
2884 5738 2927 5769 ¹²
2958 5732 3206 5789 τοσοῦτον
3228 5729 3665 5803 θαυμαστότερον
3686 5726 3743 5778 Α·

510 5788 553 5817 ¹³
587 5788 654 5856 ῆν
685 5791 718 5859 ἡ
744 5790 836 5844 ὑπ.
874 5811 931 5855 ς.
1012 5796 1052 5827 ³⁸
1089 5788 1450 5869 βάρϐαρονλξ.
