3960 6428
216 377 341 441 1409

1247 378 1771 446 BIBLIOTHECA.
1814 408 1883 419 ·-
1922 384 2086 446 COD.
2126 384 2414 448 CCXLVI.

3329 394 3467 463 14Ἰο

211 495 385 551 δύνους
420 487 473 541 δὲ
508 487 623 539 ἀντ’
654 487 952 558 ἀσφαλείας
999 489 1278 559 ἑλόμενοι,
1324 492 1672 566 δικαιοσύνην
1717 496 1772 549 δὲ

1885 496 1983 553 Sed
2031 513 2099 553 ne
2144 500 2272 568 quid
2303 500 2521 555 aliunde
2546 501 2835 569 adducam,
2882 501 3013 560 huic
3036 504 3464 577 uniinhmream,

210 584 323 638 ἀντὶ
369 581 464 651 τῆς
492 579 755 649 βασιλέως
798 581 1068 652 τοσαύτης
1110 582 1542 654 φιλανθρωπίας.
1562 587 1702 641 Ἀλλ’
1725 589 1769 620 ⁸⁸)

213 676 293 728 ἴνα
321 673 394 743 μὴ
423 672 581 724 πλέον
600 672 643 702 ⁶¹
675 672 785 725 τῶν
815 674 1130 740 ἀναγκαίων
1162 677 1595 745 παραιτούμενος
1624 681 1771 750 αὑτῷ

208 766 371 834 τούτῳ
422 763 680 833 μηκύνω,
723 764 861 836 πρὸς
907 765 1032 830 τοὺς
1083 766 1209 837 ἑξῆς
1226 767 1270 798 ⁶²
1309 767 1418 820 τῶν
1459 768 1632 837 λόγων
1677 770 1772 825 καὶ

212 858 441 927 συνεχεῖς
472 857 568 909 καὶ
595 856 659 929 δὴ
690 856 1161 927 τρέψομαι.’Δλλά
1183 857 1227 888 ⁸³
1259 858 1366 931 γὰρ
1402 861 1635 914 ἐνταῦθα
1669 861 1772 930 μὲν

1876 588 1943 640 ad
2019 596 2273 643 crateram
2328 606 2393 645 ac
2442 591 2753 647 continuam
2813 594 3079 651 orationis
3125 604 3331 666 partem
3381 612 3468 651 me

1877 693 2211 737 convertam.
2271 682 2377 738 Sed
2429 684 2483 738 in
2528 685 2673 740 hunc
2714 701 3024 743 sermonem
3066 702 3205 758 pene
3264 689 3467 744 invitus

1878 774 2075 840 cecidi,
2115 776 2450 832 narrationis
2485 777 2627 833 serie
2660 779 2832 847 magis
2864 794 3028 846 quam
3058 779 3340 837 voluntate
3367 781 3467 835 du-

1876 874 2019 929 ctus,
2056 883 2177 922 cum
2209 883 2554 939 nequaquam
2601 870 2706 925 huc
2738 871 3041 927 tenderem.
3246 856 3249 857 ν

210 955 386 1021 ὥσπερ
414 950 562 1004 ἄκων
594 952 868 1016 ἐνέπεσον,
899 952 994 1005 καὶ
1021 950 1143 1006 καθ’
1170 951 1291 1007 ὁδὸν
1318 953 1413 1007 τοῦ
1444 954 1602 1024 λόγου
1627 953 1832 1027 μᾶλλον
1849 953 1966 989 ⁸⁸⁸⁸⁸
1991 960 2025 1030 ἢ
2062 962 2444 1033 προειδόμενος
2466 978 2480 992 ·
2518 963 2580 1017 οὐ
2635 964 2682 995 ⁸⁸
2727 963 2836 1036 γὰρ
2903 966 2985 1029 εις
3055 966 3214 1020 τοῦτο
3229 965 3273 998 ⁸⁷
3321 965 3467 1037 ὁρῶν

208 1045 523 1118 ἠπειγόμην.

269 1138 365 1259 δ’[ὸ
409 1134 531 1190 καθ’
549 1134 666 1188 ὁδὸν
712 1134 745 1220 ᾖ
792 1136 915 1189 κατ’
944 1136 1101 1202 ἀξίαν
1150 1137 1321 1206 λέγει,
1350 1139 1601 1225 (Bg-mpm:

241 1211 261 1259 ὖ
299 1224 381 1259 εια
408 1208 439 1259 ἢ
474 1205 613 1259 ὁδὸς.
640 1204 672 1259 ἢ
703 1222 891 1259 ωσπερ
921 1208 1206 1259 συμϐαίνει
1236 1210 1294 1259 ἐν
1336 1211 1439 1259 ὀδω
1480 1227 1601 1259 γενε

206 1204 381 1278 εὐθεῖα
408 1208 440 1274 ἠ
474 1205 613 1278 sesc,
640 1204 672 1275 ἢ
703 1204 891 1275 ὥσπερ
921 1208 1206 1278 συμϐαίνει
1226 1204 1294 1261 έν
1336 1208 1439 1278 ὀδῷ
1480 1204 1733 1275 γενέσθαι
1756 1224 1771 1238 ·

205 1277 454 1350 πολλάκις
480 1275 709 1350 γάρ-τις.
725 1276 1099 1350 ἀπερχόμενος
1118 1278 1289 1350 τήνδε
1327 1275 1425 1350 τὴν
1450 1279 1587 1345 ὁδὸν,
1607 1278 1775 1350 ἀλλην

203 1349 443 1406 ἕλκοντος
481 1346 645 1398 αὑτὸν
683 1346 884 1413 βαδίζει
925 1348 1102 1415 φίλου.
1108 1346 1129 1418 j

278 1437 504 1507 Ὀμοῦ⁶¹
534 1436 593 1490 δὲ
637 1438 776 1508 πρὸς
816 1440 997 1494 πᾶσαν
1042 1440 1142 1510 τὴν
1181 1440 1291 1495 τῶν
1338 1442 1567 1514 Περσῶν
1601 1441 1774 1514 ἀρχὴν

199 1530 684 1595 διακινδυνεύοντες
714 1533 775 1584 έν
813 1535 879 1603 τῇ
909 1536 978 1603 γῇ
1002 1534 1047 1566 ⁷⁸
1092 1534 1208 1588 ἀντ’
1235 1534 1470 1607 ἀριθμοῦ
1507 1537 1775 1607 σωμάτων

202 1625 365 1679 ἐθνῶν
410 1624 679 1694 ἀριθμοὺς
720 1625 1122 1696 διαφθείροντες
1151 1644 1213 1681 τε
1252 1630 1347 1681 καὶ
1386 1629 1777 1699 λαμϐάνοντες.

206 1714 339 1786 Ἤδη
364 1715 423 1768 δὲ
447 1716 545 1767 καὶ
574 1714 669 1768 δύο
688 1715 925 1783 τρόπαια
967 1718 1050 1779 είς
1095 1719 1225 1786 μίαν
1254 1717 1470 1787 ἡμέραν
1494 1712 1651 1787 ἦλθε.
1680 1718 1777 1770 καλ⁸

199 1806 472 1879 ναυμαχία
502 1807 815 1878 πεζομαχίᾳ
845 1808 1155 1879 παρισώοη.
1179 1810 1349 1863 Μόνοι
1370 1809 1412 1842 ⁷⁸
1439 1810 1549 1878 γὰρ
1570 1808 1778 1880 ἀνθρώ-

201 1916 313 1953 πων
338 1899 448 1952 τῶν
482 1900 566 1962 είς
598 1898 776 1953 κοινὸν
805 1899 1280 1971 πολιτευσαμένων
1311 1901 1409 1970 τὴν
1442 1901 1541 1971 μὲν
1568 1900 1777 1954 οἰκείαν

792 1136 915 1189 κατ’
944 1136 1101 1209 ἀξίαν
1150 1137 1321 1206 λέγει,
1350 1139 1601 1209 ὥσπερ⁶⁶
1628 1139 1776 1209 ἐστὶν

200 1990 382 2061 ὥσπερ
428 1990 719 2061 ἀλλοτρίαν
767 1991 1047 2061 ἐνόμισαν,
1076 1992 1177 2062 τὴν
1219 1992 1266 2046 δ’
1297 1991 1585 2062 ἀλλοτρίαν
1597 1993 1641 2024 ⁷¹
1681 1993 1780 2062 οὐχ

197 2083 373 2138 αὐτῶν
420 2082 711 2154 ἀλλοτρίαν
754 2082 893 2136 ἀλλά
940 2083 1054 2138 τῶν
1100 2084 1199 2137 σὺν
1239 2082 1412 2155 κακίᾳ
1436 2084 1778 2155 νεμομένων.

195 2175 453 2231 Φυλάκιον
505 2175 555 2229 δ’
584 2174 820 2229 ἐϐίωσαν
864 2174 1003 2246 βίον,
1037 2176 1162 2229 οὐδέ
1206 2174 1417 2230 τούτων
1451 2175 1776 2247 ἱδρυμένων,

198 2266 315 2322 οὐδέ
336 2283 402 2335 γε
434 2265 559 2329 ἑνὸς
583 2266 751 2319 τόπου
803 2266 950 2328 τινὸς
993 2266 1327 2337 περιπόλων.
1345 2265 1508 2320 Ἀλλά
1547 2266 1646 2319 τοῦ
1691 2266 1781 2322 διά

198 2361 373 2431 πάσης
422 2358 593 2430 γῆς¹³
621 2358 943 2430 Ἐλληναοῦ
999 2358 1324 2427 περιπόλους
1374 2359 1621 2423 ἐκείνους
1674 2360 1779 2431 χρὴ

197 2455 557 2517 καλεῖν.Ἔως
583 2452 725 2521 ἔγνω
751 2452 1003 2522 βασιλεὺς
1030 2452 1304 2523 ἀνταίρων
1330 2453 1397 2523 τῇ
1422 2453 1576 2506 πόλει
1604 2469 1781 2523 παρα-

195 2547 419 2616 πλήσιον
447 2544 645 2607 ποιῶν,
669 2543 860 2613 ὥσπερ
890 2542 957 2597 ἀν
989 2544 1038 2595 εί
1070 2543 1209 2613 πρὸς
1233 2542 1407 2611 φλόγα
1436 2543 1636 2615 πολλὴν
1659 2544 1778 2596 ἑπι-

195 2635 359 2688 οὖσαν
377 2633 517 2705 ὕλην
544 2633 853 2703 ἐπηρμένος
875 2632 1189 2702 ἠγωνίζετο.
1215 2632 1343 2704 [659
1358 2632 1451 2705 [1.]
1484 2634 1649 2687 Οὐδὲν
1668 2634 1777 2704 γάρ

195 2721 260 2797 ἦν
283 2726 312 2779 ὃ
335 2738 397 2779 τι
419 2724 527 2779 οὐκ
557 2725 816 2795 ἔπασχεν,
840 2725 955 2778 ἀλλ’
974 2724 1297 2795 ἀνηλίσκετο
1320 2725 1481 2789 αὐτὸς
1502 2724 1563 2789 ἐξ
1580 2725 1773 2789 αὑτοῦ,

195 2821 285 2873 καὶ
320 2818 422 2890 τὴν
471 2818 662 2891 χώραν
714 2818 1074 2891 ἐπιτείχισμα
1118 2818 1221 2888 τῆς
1256 2818 1452 2874 ἑαυτοῦ
1500 2819 1777 2888 σωτηρίας

193 2913 329 2982 ἔχων
354 2912 581 2983 ᾔσθετο.

260 3002 398 3128 grav
438 3005 583 3059 ἰδίαν
630 3004 817 3095 χώραν
858 3005 983 3059 καθ’
1019 3003 1251 3093 ἑαυτοῦο
1282 3006 1341 3072 ἐξ
1371 3006 1543 3076 αὐτῆς
1569 3006 1679 3077 γάρ
1723 3007 1774 3060 οἱ

296 3078 500 3128 ηναῖοι.
526 3076 647 3128 ἦτοι
676 3093 777 3128 της
816 3077 1007 3128 Asiae.
1043 3093 1121 3128 ως
1152 3078 1208 3128 ἐξ
1242 3077 1582 3128 ὀοιιητηοίου
1604 3079 1774 3128 ἀωοο-

202 3075 500 3176 νλξθηναῖοπικ,
526 3076 647 3145 ἦτοι
676 3075 777 3144 τῆς
801 3075 1007 3139 Ἀσίας,
1043 3076 1121 3141 ὡς
1152 3078 1209 3144 ἐξ
1242 3077 1582 3173 ὀρμητηρίου
1604 3075 1777 3148 ἀφορ⁹

193 3162 402 3214 μωντες
521 3145 791 3214 ἔβλαπτον
816 3145 1028 3215 αὐτόν.]
1694 3186 1697 3187 ν

260 3229 388 3305 Εῐχε
412 3234 465 3269 ⁷⁸
502 3233 602 3306 μέν
631 3252 696 3304 γε
735 3235 785 3268 ⁷⁸
834 3234 943 3305 πρδ
970 3232 1065 3288 τοῦ
1100 3234 1191 3289 τὸν
1234 3234 1394 3306 μέχρι
1421 3235 1655 3307 Πηνειοῦ
1685 3236 1776 3291 τό-

188 3343 309 3380 πον.
334 3327 539 3380 Καίτοι
554 3326 614 3380 τὸ
630 3325 944 3397 θαυμαστὸν
965 3326 1205 3396 ἀφεῖλον,
1220 3326 1295 3390 ὡς
1315 3326 1412 3398 ήδη
1429 3345 1480 3379 τι
1504 3326 1773 3400 [12211ὶᾶ

188 3416 512 3489 θαυμαστὸν
530 3417 726 3485 λέγων.
743 3412 869 3488 Εἶχε
890 3417 1073 3470 πάντα
1096 3416 1188 3470 τὸν
1211 3416 1371 3488 μέχρι
1391 3416 1486 3486 τῆς
1502 3417 1775 3486 ’Δττικῆς,

183 3509 286 3572 ἕως
306 3509 533 3578 ἐνέτυχε
556 3510 667 3571 τοῖς
698 3509 765 3562 ὲκ
786 3509 883 3579 τῆς
897 3507 1153 3578 ’Δττικῆς
1181 3508 1240 3560 ὲν
1268 3509 1334 3578 τῇ
1362 3506 1628 3578 θαλάττῃο
1657 3523 1779 3560 τοσ-

183 3600 339 3655 οὗτον
362 3600 714 3673 παρελήλυθε
731 3599 822 3654 τδν
836 3598 1077 3668 ὀμφαλὸν
1102 3598 1203 3668 τῆς
1229 3598 1331 3670 γῆς
1347 3615 1407 3649 τε
1431 3597 1524 3650 καὶ
1547 3597 1647 3668 τῆς
1662 3596 1778 3649 Ἐλ-

182 3693 341 3757 λάδος
371 3693 507 3757 τοὺς
534 3689 795 3762 Δελφούς.
833 3690 930 3745 Ἐκ
958 3689 1015 3743 δὲ
1051 3688 1162 3742 τῶν
1192 3690 1290 3758 τῆς
1311 3688 1519 3751 πόλεως
1550 3687 1776 3757 ἀγώνων

184 3788 278 3839 καὶ
318 3785 646 3839 ἀποστόλων
674 3787 756 3848 είς
796 3781 957 3838 τοῦτο
985 3783 1032 3814 ⁷⁷
1061 3781 1354 3852 κατῆλθεν,
1384 3779 1526 3833 ὥστε
1564 3778 1776 3851 ὡμολό-

180 3894 319 3947 γησε
338 3877 493 3931 δυοῖν
508 3875 556 3908 ⁷⁸
577 3876 674 3947 μὲν
701 3876 846 3946 ὅροιν
863 3873 995 3927 εἴσω
1019 3873 1216 3945 μηκέτι
1248 3870 1618 3935 πλευσεῖσθαι,
1639 3869 1775 3940 πρὸς

182 3968 544 4040 μεσημϐρίαν
576 3966 677 4038 μὲν
696 3964 1019 4027 Χελιδονέας
1042 3964 1114 4028 ’⁸,
1147 3962 1284 4034 πρδς
1307 3960 1363 4014 δὲ
1390 3961 1591 4030 ἄρκτον
1622 3960 1775 4013 Κυα-

178 4062 308 4124 νέας
344 4060 604 4131 θέμενος,
649 4060 925 4130 θαλάσσης
984 4058 1029 4111 δ’
1089 4057 1311 4127 ἀφέξειν
1357 4056 1470 4110 ἴσον
1523 4055 1771 4126 πανταχῆ

181 4153 440 4217 σταδίους
469 4152 861 4216 πεντακοσίους
882 4167 897 4181 ·
929 4150 1058 4205 ὥστ’
1080 4148 1218 4203 εἶναι
1244 4149 1335 4202 τὸν
1366 4147 1566 4202 κύκλον
1586 4146 1774 4203 τοῦτον

176 4244 294 4295 ἀντ’
331 4243 503 4297 ἄλλου
533 4244 677 4307 τινὸς
700 4242 965 4313 στεφάνου
995 4242 1107 4304 τοῖς
1140 4240 1398 4311 Ἕλλησιν
1437 4240 1577 4311 ὑπὲρ
1600 4256 1775 4309 κεφα-

176 4335 298 4406 λῆς,
334 4337 436 4389 καὶ
475 4336 577 4408 τὴν
606 4334 852 4410 φρουρὰν
882 4334 941 4401 ἐξ
964 4334 1133 4406 αὐτῆς
1159 4334 1258 4405 τῆς
1278 4331 1463 4405 χώρας
1487 4330 1581 4385 τοῦ
1615 4330 1773 4402 βασι-

174 4430 337 4493 λέως.

246 4524 453 4579 Καίτοι
476 4524 526 4557 ⁸ο
561 4523 614 4578 τί
662 4522 882 4577 κάλλιον
905 4516 1048 4574 εἴποι
1075 4536 1158 4583 τις
1192 4518 1419 4589 εἰρήνης
1456 4516 1491 4589 ἢ
1528 4516 1770 4588 πολέμου

1956 1137 2324 1212 [Narrationis
2351 1140 2514 1212 serie,
2537 1140 2623 1212 vel
2642 1156 2741 1212 pro
2757 1140 3019 1212 dignitate
3036 1141 3189 1207 dicit,
3213 1144 3465 1211 quemad‘

1882 1208 2098 1262 modum
2121 1219 2263 1263 reeta
2290 1221 2374 1265 est
2391 1211 2496 1271 via,
2518 1208 2620 1273 vel,
2643 1208 2711 1264 ἰιι
2734 1208 2964 1278 contigit
3001 1212 3053 1266 in
3077 1212 3158 1266 via
3196 1208 3337 1277 esse,
3363 1229 3464 1268 sa:-

1882 1293 2176 1419 pettttmjaro
2210 1280 2352 1333 enim
2394 1293 2423 1333 ει
2466 1279 2550 1335 via
2594 1282 2877 1337 aberrans.
2920 1281 3028 1337 alio
3057 1282 3205 1337 vadit
3232 1283 3466 1338 ducente

1879 1363 2069 1402 amico.
3010 1402 3013 1405 λ

1948 1440 2146 1495 Contra
2197 1452 2367 1497 totum
2416 1443 2701 1511 imperium
2746 1442 3037 1499 Persarum
3069 1444 3367 1500 discrimen
3407 1445 3461 1509 in

1877 1537 2020 1585 terra
2070 1532 2334 1595 subirent,
2380 1544 2449 1586 ac
2504 1548 2601 1602 pro
2643 1532 2872 1603 singulis
2922 1533 3235 1589 hominibus
3270 1544 3461 1602 gentes

1875 1621 2113 1691 integras
2137 1633 2251 1677 tum
2290 1624 2635 1691 occiderent,
2687 1633 2801 1689 tum
2831 1635 3107 1695 caperent.
3154 1624 3294 1690 Quid
3312 1626 3460 1694 quod

1871 1713 2062 1767 eodem
2086 1714 2174 1769 die
2210 1715 2317 1769 duo
2352 1726 2506 1781 parta
2530 1723 2661 1772 sunt
2692 1725 2917 1787 tropaea,
2943 1731 3066 1773 cum
3101 1718 3293 1773 navale
3329 1732 3462 1787 prte-

1874 1804 2006 1859 lium
2032 1808 2276 1862 terrestri
2323 1807 2513 1863 fuisset
2541 1811 2905 1880 adaequatum.
2952 1811 3065 1865 Soli
3112 1811 3258 1865 enim
3286 1823 3356 1865 ex
3394 1808 3461 1865 iis

1810 1941 1851 1995 Β
1878 1898 1971 1966 qui
2011 1912 2352 1954 communem
2398 1900 2750 1957 instituerunt
2789 1902 3179 1971 rempublicam
3208 1911 3267 1957 et
3306 1916 3458 1956 suam

1886 1990 2162 2060 regionem
2188 2005 2289 2059 pro
2310 1992 2484 2047 aliena
2515 1993 2844 2058 habuerunt,
2864 2002 2922 2047 et
2939 1992 3115 2047 aliena
3144 2008 3268 2061 qua;
3290 2001 3459 2058 esset,

1882 2098 1991 2137 non
2022 2082 2123 2137 sibi
2152 2083 2409 2149 alienam,
2443 2084 2539 2139 sed
2587 2084 2655 2139 iis
2680 2084 2772 2153 qui
2810 2098 2931 2140 eam
2966 2098 3094 2138 arm
3142 2082 3349 2139 scelere
3373 2083 3463 2137 iu-

1882 2176 2144 2240 colerent,
2186 2178 2470 2233 custodum
2500 2176 2733 2246 denique
2776 2191 2931 2232 more
2959 2176 3237 2244 vixerunt,
3265 2190 3373 2230 non
3402 2186 3464 2230 ut

1880 2268 1973 2337 qui
2004 2268 2059 2321 in
2098 2268 2364 2336 prasidiis
2410 2267 2660 2324 collocati
2699 2276 2851 2334 sunt,
2879 2276 2974 2321 aut
3016 2281 3185 2322 unum
3223 2265 3460 2336 aliquem

1882 2360 2061 2413 locum
2094 2359 2318 2425 obeunt,
2348 2360 2443 2414 sed
2468 2369 2527 2414 ut
2547 2358 2861 2414 Graecorum
2885 2358 3127 2413 omnium
3160 2373 3257 2429 per
3290 2366 3460 2415 totam

1884 2460 2081 2505 terram
2130 2452 2411 2507 circitores
2446 2452 2729 2506 nominare
2774 2450 3077 2520 oportebat.
3119 2452 3300 2507 Donec
3338 2458 3461 2505 tan-

1884 2544 2003 2597 dem
2034 2544 2284 2613 cognovit
2318 2560 2432 2608 rex,
2469 2545 2694 2614 perinde
2730 2560 2792 2599 se
2815 2555 3005 2599 contra
3033 2544 3221 2599 urbem
3257 2544 3455 2601 bellum

1880 2636 2111 2704 cepisse,
2141 2650 2208 2691 ac
2228 2637 2271 2689 si
2302 2636 2410 2704 igni
2442 2636 2552 2690 late
2583 2637 2852 2705 grassanti
2884 2637 3063 2690 oleum
3090 2636 3454 2705 opposuisset.

1880 2727 2022 2781 Nihil
2065 2728 2208 2781 enim
2242 2728 2423 2781 damni
2454 2737 2593 2791 erat,
2623 2727 2767 2797 quod
2819 2742 2923 2781 non
2958 2736 3256 2795 pateretur,
3290 2727 3372 2781 sic
3401 2737 3462 2779 ut

1880 2819 1998 2886 ipse
2032 2830 2446 2873 consumeretur
2467 2834 2496 2871 a
2526 2834 2667 2879 sese,
2700 2833 2765 2873 ac
2793 2818 3028 2888 regionis
3054 2817 3286 2889 spatium
3310 2815 3460 2873 salu-

1878 2909 1949 2964 tis
1970 2909 2269 2963 subsidium
2294 2909 2496 2963 habere
2519 2924 2580 2964 se
2619 2910 2965 2979 intelligeret.

1975 3000 2253 3067 Propriam
2288 3002 2567 3067 regionem
2591 3011 2777 3055 contra
2813 3002 3073 3069 seipsum.
3094 3000 3170 3055 Ex
3197 3002 3297 3057 hac
3317 3000 3460 3056 enim

1874 3071 2261 3212 Atheulielnses,
2303 3072 2513 3126 scilicet
2545 3074 2674 3127 Asia
2698 3071 2845 3126 velut
2872 3088 2939 3125 ex
2983 3086 3112 3128 arce
3154 3071 3305 3127 illum
3351 3072 3464 3142 eje-

1876 3156 2039 3195 ccrun
2072 3180 2083 3193 .

1876 3150 2083 3195 ceruut.

1803 3266 1850 3327 ο
1949 3232 2085 3290 Nam
2122 3236 2385 3291 hactenus
2413 3234 2629 3305 quidem
2654 3249 2825 3304 usque
2860 3234 2928 3289 ad
2964 3231 3201 3289 Peneum
3222 3230 3464 3301 impera-

1879 3328 1992 3395 bat,
2016 3336 2109 3383 aut
2129 3328 2307 3397 potius
2329 3328 2602 3398 (magnam
2624 3327 2769 3381 enim
2794 3340 2999 3397 partem
3022 3326 3269 3389 detraho,
3291 3340 3461 3393 quan-

1878 3436 2041 3490 quam
2104 3421 2331 3473 multum
2366 3420 2545 3474 dicere
2600 3418 2806 3487 videor)
2857 3434 3027 3488 usque
3073 3418 3140 3471 ad
3199 3416 3461 3477 Atticam,

1876 3510 2077 3584 504a
2119 3510 2288 3565 donec
2309 3508 2734 3565 Atheniensibus
2760 3509 2813 3563 iu
2844 3509 2978 3563 mari
3002 3509 3261 3565 occurrit.
3288 3509 3463 3564 Tanto

1872 3601 1983 3669 jam
2032 3600 2211 3671 spatio
2253 3598 2524 3668 Delphos,
2571 3609 2731 3651 terra:
2766 3598 2933 3651 totius
2960 3596 3295 3665 Grieclaaque
3341 3611 3462 3650 um-

1877 3692 2098 3747 bilicum
2142 3689 2256 3762 (78)
2312 3688 2622 3742 transierat.
2673 3688 2752 3741 Ac
2792 3702 2886 3755 per
2931 3685 3082 3739 urbis
3136 3682 3461 3746 certamina.

1877 3794 1932 3839 et
1982 3781 2221 3836 marinas
2268 3779 2645 3848 expeditiones
2682 3792 2851 3846 usque
2886 3792 2952 3831 eo
2982 3774 3235 3830 redactus
3266 3784 3369 3838 est,
3398 3786 3461 3828 ut

1879 3876 2226 3947 polliceretur
2268 3888 2327 3927 se
2366 3888 2465 3927 nec
2505 3872 2768 3927 terminos
2798 3871 2956 3934 duos,
3007 3869 3369 3924 Chelidoneas
3393 3868 3460 3920 ad

1878 3966 2182 4031 meridiem,
2209 3964 2452 4035 Cyaneas
2483 3962 2551 4018 ad
2598 3964 3017 4032 septentriones,
3066 3961 3277 4029 navigio
3308 3959 3464 4013 dein-

1875 4074 2005 4130 ceps
2037 4070 2441 4129 superaturum,
2480 4068 2535 4114 et
2565 4076 2595 4113 a
2632 4056 2769 4111 mari
2800 4056 2866 4110 ad
2897 4056 3191 4126 quingenta
3225 4052 3461 4119 undique

1875 4152 2048 4206 stadia
2084 4167 2454 4220 recessurum,
2487 4154 2622 4209 adeo
2667 4161 2728 4206 ut
2760 4150 2911 4204 orbis
2969 4147 3061 4201 ille
3104 4161 3203 4215 pro
3260 4159 3463 4199 corona

1876 4242 2073 4312 capitis
2099 4244 2306 4301 Graacis
2326 4254 2501 4311 esset,
2528 4254 2585 4301 et
2621 4245 2675 4299 in
2708 4244 2826 4314 ipso
2853 4242 2967 4312 jam
2993 4239 3141 4310 regio
3161 4251 3292 4306 agro
3319 4252 3462 4306 prte-

1872 4332 2013 4388 sidia
2050 4332 2517 4392 collocarentsua.

1947 4535 2120 4602 Quem
2147 4547 2328 4593 autem
2360 4537 2723 4607 pulchriorem
2758 4536 2841 4589 vel
2877 4535 3024 4604 pacis
3058 4533 3141 4587 vel
3170 4532 3317 4596 belli,
3344 4541 3453 4587 tam

170 4618 504 4687 κεφάλαιον,
537 4618 570 4687 ἢ
600 4616 737 4688 πρὸς
784 4614 1051 4684 ’Έλληνας
1092 4612 1126 4682 ἦ
1168 4612 1303 4682 πρὸς
1349 4611 1682 4682 βαρϐάρους.
1724 4604 1767 4679 ᾧ

1885 4639 2060 4685 :ontra
2092 4630 2309 4685 Graecos
2335 4646 2495 4699 quam
2544 4637 2732 4683 contra
2768 4628 3053 4690 Barbaros,
3094 4627 3295 4681 exitum
3332 4629 3457 4694 quis

169 4709 508 4765 κατέκλεισε
562 4710 686 4763 τότε
725 4709 826 4770 τάς
854 4706 1083 4777 πράξεις
1133 4705 1167 4775 ἡ
1221 4703 1410 4770 πόλις;
1469 4701 1766 4757 καὶταῦτα

169 4805 366 4874 μέντοι
398 4803 642 4856 τοσαῦτα
667 4801 762 4855 καὶ
790 4798 1016 4853 τοιαῦτα
1037 4798 1218 4867 διῆλοε
1250 4798 1348 4851 σὺν
1374 4794 1588 4860 πολλοῖς
1615 4795 1765 4865 ὅμως

166 4894 555 4965 ὲναντιώμασι
584 4894 691 4947 τῶν
728 4894 1017 4963 Ἑλλήνων,
1036 4890 1129 4943 καὶ
1155 4889 1373 4943 πάντων
1408 4886 1596 4958 ὥσπερ
1629 4887 1760 4940 ἀνθ-

164 4987 473 5042 ελκόντων.
514 4987 588 5041 Τὸ
615 4986 660 5019 ⁸⁸
689 4985 799 5057 γὰρ
831 4986 890 5040 ὲν
924 4981 1145 5053 πολέμῳ
1180 4979 1274 5035 καὶ
1306 4979 1611 5053 φιλονεικίᾳ
1653 4981 1761 5034 τῶν

1869 4722 2122 4790 reperiat,
2160 4738 2320 4791 quam
2354 4738 2461 4789 quo
2491 4737 2578 4776 res
2617 4722 2713 4774 has
2736 4720 2866 4774 urbs
2902 4716 3211 4773 conclusit?
3258 4717 3457 4783 Quan-

1867 4828 2029 4881 quam
2066 4828 2168 4868 nec
2216 4814 2331 4867 haec
2364 4814 2499 4880 ipsa,
2533 4828 2652 4881 qua:
2703 4822 2783 4867 tot
2822 4822 3083 4879 tantaque
3138 4820 3288 4871 sunt,
3342 4810 3460 4864 sine

1872 4901 2059 4955 multis
2092 4901 2405 4957 Graecorum
2442 4902 2740 4957 obstaculis
2772 4904 2999 4971 peregit,
3032 4902 3284 4955 omnibus
3340 4914 3459 4953 eam

1866 4994 2017 5062 quasi
2053 4993 2450 5063 diripientibus.
2499 4995 2711 5049 Etenim
2759 4994 2902 5063 quod
2959 5009 3068 5049 non
3120 4990 3293 5048 Graeci
3334 5005 3464 5046 con-

1469 5121 1708 5182 VARIA'I
1749 5129 2160 5187 LECTIONES.

240 5246 290 5277 ⁸ο
319 5241 474 5313 ἀλλ’]
508 5255 560 5311 p.
594 5240 739 5296 257-.
816 5240 859 5272 ⁶¹
893 5238 1055 5295 πλέον
1179 5236 1366 5313 ,πλείω
1394 5255 1452 5303 ς’.

163 5317 386 5385 μᾶλλον
406 5382 418 5385 Δ
448 5331 510 5376 ς.
548 5313 898 5385 ,μᾶλλονρηὴ

161 5381 208 5418 δ’
240 5382 421 5455 ὁμοῦ]
454 5399 504 5450 p.
536 5384 663 5438 263.
708 5384 784 5455 νί⁷⁰
809 5383 868 5433 ὲν
891 5384 956 5452 τῇ
996 5382 1202 5455 ﬁlum.

165 5446 477 5523 μῶντεςἏ
510 5454 861 5523 τάφορῶντες
893 5446 956 5515 ςῖ
1009 5446 1077 5523 ﬁ,”
1108 5446 1318 5523 εἶχε],ι)·
1343 5446 1478 5523 99‘};—
1572 5452 1618 5523 Ϊέ

1097 5239 1115 5290 ι
1145 5254 1158 5291 :
1195 5239 1366 5292 πλείω
1394 5255 1452 5303 ς’.
1553 5239 1597 5271 ⁸³
1623 5241 1752 5309 ἑξῆς
1775 5244 1819 5297 Α
1844 5263 1856 5298 :
1884 5244 2078 5313 ἐφεξῆς
2106 5262 2164 5309 ς.

1097 5310 1216 5350 ⁸³-⁶⁶
1268 5311 1329 5361 οὺ
1356 5338 1427 5351 υ·-
1451 5312 1762 5378 ὴπειγόμην
1815 5330 1925 5368 out.
1973 5314 2030 5366 Β.
2136 5316 2164 5346 ⁸

1390 5338 1427 5348 -—
1451 5328 1762 5381 ηπειγομην
1815 5330 1925 5368 out.
1976 5328 2030 5366 ts.
2137 5328 2178 5347 '”
2212 5332 2371 5367 τουτο
2413 5328 2492 5369 A:
2530 5331 2704 5369 ταυτα
2738 5334 2798 5379 ς’.
2906 5328 2953 5347 ’⁵
2981 5328 3190 5384 ωσπερι
3224 5329 3363 5380 οπερ
3391 5328 3457 5369 Α.

1390 5379 1434 5409 '“
1465 5381 1640 5449 μόνοι]
1682 5398 1733 5449 p.
1760 5385 1885 5438 265.
1963 5386 2007 5419 ⁷⁸
2038 5384 2335 5455 ἀλλοτρίων
2361 5404 2418 5449 ς.
2499 5388 2543 5417 ⁷³
2577 5388 2757 5454 πάσης
2801 5386 2902 5453 τῆς
2933 5385 3031 5452 γῆς
3068 5400 3127 5446 ς.
3204 5382 3254 5413 ’⁷⁸
3284 5383 3461 5453 ἀφορ-

1390 5450 1470 5505 Βὸ.
1572 5452 1618 5482 ⁷⁸
1641 5468 1703 5506 γε
1729 5470 1839 5506 om.
1872 5455 1937 5506 Α.
2017 5456 2058 5485 ⁷⁷
2082 5457 2161 5506 εἰς
2190 5455 2369 5506 τοῦτοἹ
2401 5456 2655 5506 τοσοῦτον
2685 5458 2749 5506 Α.
2830 5456 2874 5487 ⁷⁸
2908 5454 3050 5506 δυεῖν
3083 5471 3144 5506 ς.
3213 5454 3257 5485 ⁷³
3280 5454 3446 5505 Χελι-

1641 5468 1703 5519 γε
1729 5470 1839 5507 om.
1872 5468 1937 5508 Α.

2280 5244 2323 5326 ξ³
2352 5244 2508 5326 ἀλλὰ]
2547 5244 2734 5326 p._258
2766 5254 2950 5326 extr.“
2992 5243 3059 5326 ﬂ“
3114 5241 3272 5326 λόγοηυ
3300 5242 3458 5326 τοῦτο

2136 5316 2181 5347 ⁸⁷
2212 5313 2371 5367 τοῦτο
2413 5317 2455 5369 Α
2480 5313 2508 5368 ε’
2530 5313 2704 5369 ταῦτα
2738 5334 2798 5379 ς.
2906 5317 2953 5347 ⁸⁸
2981 5314 3190 5384 ὥσπερι
3224 5315 3363 5384 ὅπερ
3391 5314 3457 5369 Α.

2017 5456 2058 5485 ⁷⁷
2082 5457 2161 5517 εἰς
2190 5454 2370 5519 τοῦτο]
2401 5456 2655 5510 τοσοῦτον
2685 5458 2749 5512 Α.
2830 5456 2874 5487 ⁷⁸
2908 5454 3050 5507 δυεῖν
3083 5471 3144 5518 ς.
3213 5454 3257 5485 ⁷⁸
3280 5454 3446 5505 Χελι-

161 5516 448 5590 δονέαςίΒ
473 5537 487 5575 :
517 5516 831 5586 Χελιδονίας
859 5539 921 5587 ς.
997 5522 1043 5555 δθ
1070 5516 1344 5589 καίτοιἸΡ.
1373 5516 1499 5575 267.
1571 5518 1612 5552 ⁸³
1647 5516 1726 5593 τὸ]
1752 5521 1831 5593 τῷ
1858 5524 1924 5576 Α.
1952 5535 2036 5579 cst
2064 5542 2117 5595 p.
2143 5516 2268 5580 268.

1712 5630 1943 5692 NOTAE.

241 5737 365 5805 (78)
412 5732 571 5792 Pind.
630 5733 787 5808 Pyth.
820 5733 907 5790 od.
955 5734 1011 5803 8,
1065 5743 1118 5789 et
1170 5732 1252 5799 ll,
1307 5730 1494 5815 Eurip.
1547 5728 1763 5796 Medea;
1804 5728 1979 5792 Plato.
2022 5739 2117 5797 lib.
2154 5740 2205 5803 4,
2260 5740 2335 5795 De
2368 5743 2545 5811 repub.
2607 5740 2775 5795 Clem.
2855 5738 3009 5792 Ales.
3067 5737 3338 5806 l‘rutrcpt.
3403 5744 3459 5786 ct

162 5810 288 5862 alii.
