3960 6438
499 442 635 510 1471

1615 431 1881 493 ΡΗΟΤΙΙ
1922 425 2431 489 PATRIARCH/E
2456 424 2566 485 CP.

3633 409 3653 473 1
3666 409 3763 471 472

497 535 794 588 ιηιιιὶοηοηι
823 538 879 585 et
905 527 1108 584 bellum
1145 533 1335 582 contra
1367 523 1541 595 ipsam
1577 521 1973 591 suscepissent,
2010 520 2092 573 ui-

2213 515 2479 586 Ἑλλήνων
2510 510 2649 583 πρὸς
2695 507 2865 579 αὐτὴν
2896 505 3314 576 καθεστηκότων
3342 503 3443 573 τῆς
3479 500 3622 571 ὑπὲρ
3672 500 3775 553 τῶν

498 626 575 681 hil
611 634 791 680 tamen
831 624 897 677 de
929 620 1249 677 Graecorum
1291 630 1423 672 cura
1455 613 1665 669 remisit
1704 629 1719 667 :
1764 626 1952 667 verum
1994 625 2095 681 pro

2212 609 2479 678 Ἐλλήνων
2540 602 2803 675 προνοίας
2854 600 3020 670 μηδὲν
3072 597 3275 669 μᾶλλον
3322 593 3582 663 ἀφεῖσθαι
3605 631 3623 657 ,
3665 592 3773 646 ἀλλ’

495 715 773 775 communi
824 716 999 771 salute
1040 710 1243 767 bellum
1300 723 1425 764 cum
1464 720 1592 777 rege
1645 715 1788 760 terra
1852 703 2099 773 marique

2213 700 2345 771 ὅπερ
2372 699 2483 751 τῶν
2508 696 2664 764 κοινῇ
2712 690 3107 763 συμφερόντων
3139 687 3358 759 βασιλεῖ
3396 686 3659 756 πολεμεῖν
3694 684 3777 739 διὰ

498 811 687 883 gessit,
720 816 937 879 quantae
975 814 1058 861 est
1090 804 1256 859 animi
1281 800 1693 871 magnitudinis,
1724 806 1923 867 praeter
1944 796 2087 865 quod

504 907 557 959 in
590 912 671 959 tot
696 910 881 973 partes
907 914 967 955 se
999 898 1206 963 divisit,
1240 904 1404 965 atque
1438 893 1622 947 omnia
1670 904 1779 944 non
1813 902 1972 943 secus
2016 895 2099 938 at-

2198 794 2301 861 γῆς
2327 791 2549 860 ἁπάσης
2575 787 2669 841 καὶ
2694 784 2987 857 Θαλάττης,
3018 782 3160 853 πόσῃ
3186 780 3295 834 τινὶ
3325 778 3482 851 χρὴ⁸²
3511 780 3581 849 τῇ
3617 793 3777 848 μετα.

2200 882 2433 952 λοψυχία
2462 876 2781 950 προσθεῖναι
2807 893 2822 943 ;
2854 874 3026 945 χωρὶς
3050 872 3143 926 τοῦ
3174 871 3312 942 πρὸς
3339 868 3387 902 ⁸⁸
3409 869 3657 924 τοσαῦτα
3684 885 3775 939 με·

498 1010 606 1064 que
638 960 851 1063 singula
886 990 1120 1054 curavit,
1179 960 1233 1043 et
1260 960 1383 1042 cum
1415 983 1583 1037 animi
1622 980 1957 1043 fortitudine,
1986 986 2099 1031 tum

2213 973 2479 1043 ρισθῆναι,
2532 969 2629 1024 καὶ
2683 968 2905 1022 πάντων
2941 965 3017 1028 ὡς
3068 963 3247 1035 μόνων
3310 962 3560 1017 ἑκάστων
3602 960 3778 1032 ἐφικέ-

498 1092 794 1156 apparatus
846 1080 1218 1152 magnitudine
1283 1073 1658 1132 admirandam
1715 1085 1775 1127 se
1840 1069 2096 1139 prrebuit.

498 1175 638 1231 Nam
667 1184 721 1230 et
755 1184 945 1231 contra
971 1170 1247 1226 Barbaros
1271 1168 1347 1222 ita
1378 1181 1437 1222 se
1466 1166 1655 1236 gessit,
1685 1161 1841 1233 quasi
1875 1161 1942 1213 ab
1971 1175 2090 1213 om-

502 1270 664 1327 nibus
691 1268 921 1337 negotiis
948 1271 1185 1330 vacaret,
1223 1276 1323 1317 nec
1353 1260 1571 1315 interim
1619 1257 1865 1321 Graecis,
1920 1256 1964 1309 si
2007 1254 2097 1323 qui

499 1368 659 1418 erant
722 1357 927 1423 infesti,
992 1354 1336 1411 occasionem
1388 1349 1633 1422 gerendi,
1696 1362 1818 1415 quac
1874 1346 2095 1408 vellent,

500 1451 739 1526 praebuit
769 1469 786 1506 :
818 1464 1008 1505 verum
1031 1458 1086 1503 et
1112 1447 1201 1501 bis
1234 1445 1310 1499 ita
1345 1459 1405 1499 se
1438 1443 1654 1497 obviam
1681 1439 1850 1504 dedit,
1885 1449 1943 1491 ut
1971 1438 2097 1508 qui-

504 1557 604 1599 nas
638 1541 723 1598 vel
751 1541 917 1596 etiam
940 1538 1124 1609 plures
1147 1536 1312 1591 simul
1343 1549 1433 1590 res
1456 1534 1525 1588 ab
1546 1548 1609 1588 ea
1635 1541 1836 1602 gestas,
1868 1529 2015 1583 velut
2036 1543 2099 1583 ea

501 1649 623 1704 qua
644 1641 1001 1688 numerantur
1032 1628 1387 1697 coniunctim,
1437 1637 1871 1681 commemorare
1919 1622 2098 1676 liceat.

506 1727 768 1782 Vicerunt
788 1724 934 1779 enim
950 1719 1375 1790 Peloponnesios
1401 1715 1580 1773 navali
1604 1714 1789 1785 pratlio
1817 1713 1885 1767 ad
1901 1713 2100 1781 Cecry-

442 1876 445 1881 ι
503 1818 767 1890 phaliam,
807 1825 862 1873 et
895 1815 1178 1883 Eginetas
1208 1813 1274 1867 ad
1309 1810 1587 1881 Eginam,
1616 1817 1673 1862 et
1704 1820 1918 1859 rursum
1948 1804 2101 1858 Pelo-

2204 1065 2330 1118 σθαι
2356 1064 2425 1129 ⁸⁸,
2457 1063 2558 1133 τῆς
2595 1061 2695 1132 μὲν
2726 1058 2953 1129 γνώμης
2980 1056 3079 1128 τὴν
3107 1056 3379 1128 ἀνδρείαν,
3400 1055 3500 1124 τῆς
3521 1054 3584 1109 δὲ
3609 1070 3779 1125 παραυ

2204 1156 2411 1226 σκευῆς
2448 1154 2546 1226 τὴν
2587 1150 2897 1222 ὑπερϐολὴν
2951 1150 3216 1221 παρέχειν
3267 1147 3569 1219 θαυμάσαι.
3603 1146 3691 1200 Τά
3724 1161 3780 1197 τε

2202 1249 2314 1320 γὰρ
2346 1246 2483 1318 πρὸς
2515 1246 2642 1307 τοὺς
2693 1241 3004 1315 βαρϐάρους
3038 1241 3113 1303 ὡς
3156 1240 3337 1293 πᾶσαν
3365 1239 3579 1306 ἄγουσα
3599 1238 3646 1270 ⁸⁵
3675 1236 3781 1291 ἀπὸ

2202 1341 2423 1395 πάντων
2457 1337 2675 1409 σχολὴν,
2712 1334 2856 1389 οὕτω
2880 1333 3212 1403 διῳκήσατο,
3242 1331 3335 1384 καὶ
3359 1333 3471 1394 τοῖς
3503 1328 3783 1399 ἐνοχλοῦσι

2200 1433 2312 1488 τῶν
2353 1430 2626 1500 Ἑλλήνων
2672 1426 2826 1480 οὐδὲν
2858 1424 3059 1495 μᾶλλον
3102 1423 3317 1493 ὑπῆρχε
3363 1421 3681 1493 χρήσασθαι
3712 1419 3786 1490 τῷ

2204 1522 2403 1594 καιρῷ,
2427 1519 2565 1574 ἀλλὰ
2585 1518 2680 1571 καὶ
2710 1517 2924 1577 τούτοις
2950 1512 3125 1576 οὕτως
3148 1512 3484 1581 ἀπήντησεν,
3512 1511 3657 1564 ὥστε
3692 1511 3787 1563 σὺν

2203 1618 2365 1671 πέντε
2400 1614 2496 1668 καὶ
2525 1612 2623 1666 σὺν
2652 1610 2823 1663 πλείω
2851 1608 3002 1662 ταῦτ’
3034 1608 3179 1678 ἔχειν
3216 1607 3473 1677 ἀριθμεῖν
3491 1607 3563 1671 ⁸⁷,
3596 1606 3786 1677 ὥσπερ

2202 1708 2339 1766 ἄλλα
2367 1706 2505 1761 ἅττα
2534 1700 2837 1773 συλλήβδην
2876 1698 3279 1770 ἀριθμούμενα.
3323 1698 3553 1750 Ἐνίκων
3590 1697 3691 1766 μέν
3724 1713 3789 1763 γε

2202 1797 2495 1870 ναυμαχίᾳ
2523 1792 2989 1863 Πελοποννησίους
3028 1790 3124 1844 ἐπὶ
3165 1788 3550 1860 Κεκρυφαλίᾳ,
3593 1788 3790 1842 ἐνίκων

504 1862 767 1890 rum-mu.
808 1862 862 1873 ν-
895 1862 1177 1883 mea.--"
1209 1862 1273 1867 η
1309 1862 1413 1881 --σ
1575 1862 1586 1872 ,

504 1911 816 1982 ponuesios.
866 1908 1071 1965 Deinde
1114 1902 1527 1975 Megariensium
1580 1900 1779 1954 moenia
1825 1897 1892 1950 ad
1946 1910 2098 1950 mare

2213 1893 2248 1947 δ’
2274 1862 2575 1960 Αἰγίνήτας
2607 1887 2744 1957 πρὸς
2777 1862 3003 1954 Αἰγίνῃ,
3048 1882 3141 1936 καὶ
3189 1881 3662 1951 Πελοποννησίους
3695 1874 3791 1933 αὗ-

509 2020 685 2075 usque
711 2001 1126 2074 protenderuut,
1180 1998 1488 2052 libertatem
1532 1986 1723 2048 eorum
1772 1990 1933 2046 simul
1970 2004 2096 2044 cum

504 2098 729 2169 regione
749 2093 1123 2151 defendentes.
1158 2089 1296 2144 Tum
1333 2084 1791 2143 Coriutbiosante
1817 2081 2097 2151 Megaren-

505 2188 852 2255 ses'primum
892 2190 1244 2254 superarunt,
1272 2188 1329 2235 et
1367 2181 1565 2233 iterum
1600 2176 1792 2230 urbem
1845 2174 2097 2228 vicerunt

507 2288 630 2351 post
653 2279 772 2335 dies
792 2275 1101 2341 duodecim,
1130 2289 1252 2329 eum
1280 2274 1476 2339 injuste
1507 2284 1771 2340 tropteum
1799 2267 2100 2336 surripuis-

507 2380 650 2426 seot.
679 2370 810 2436 Qua:
838 2367 1056 2423 tametsi
1089 2365 1267 2434 magni
1298 2361 1558 2417 momenti
1597 2375 1701 2415 non
1727 2367 1875 2425 sunt,
1906 2358 2101 2412 dicen-

509 2472 599 2516 tur
629 2477 658 2516 a
683 2475 771 2515 me
802 2469 1005 2515 tamen.
1036 2457 1161 2511 licet
1194 2455 1469 2517 festinem,
1498 2452 1945 2522 quandoquidem
1999 2464 2101 2517 ap-

506 2553 704 2624 pendix
726 2564 841 2607 rem
867 2559 1033 2604 totam
1070 2546 1331 2601 absolvet.
1357 2544 1489 2599 Cum
1512 2544 1656 2598 enim
1681 2542 1931 2597 abessent
1958 2541 2107 2597 urbis

508 2648 698 2719 copiae,
749 2644 947 2716 partim
1005 2642 1072 2696 ad
1133 2638 1513 2710 Egyptiorum
1565 2635 1890 2699 subsidium,
1938 2649 2106 2689 naves

509 2739 719 2805 plures,
770 2750 933 2806 quam
968 2743 1094 2787 tune
1123 2742 1284 2785 erant
1312 2732 1365 2785 in
1398 2738 1508 2783 tota
1543 2727 1778 2790 Graecia,
1810 2726 2008 2795 partim
2045 2726 2099 2782 in

510 2829 724 2901 Egiuaa
746 2826 1054 2888 obsidione,
1083 2823 1327 2892 aggressi
1374 2830 1500 2874 sunt
1532 2820 1714 2873 hostes
1741 2817 1938 2889 5.051)
1998 2818 2102 2873 Me-

510 2934 641 2989 gara
656 2918 938 2980 invadere,
955 2914 1095 2983 quod
1116 2911 1501 2967 existimabant
1515 2910 1922 2965 Atheniensimn
1939 2914 2107 2966 otimn

511 3011 614 3065 sibi
647 3010 702 3064 in
729 3006 1073 3063 occasionem
1121 3001 1196 3056 rei
1234 2998 1485 3070 gerendae
1514 2999 1731 3064 cedere,
1770 3009 1864 3053 aut
1913 3000 2109 3054 saltem

510 3105 558 3160 si
593 3104 721 3158 urbs
754 3114 969 3155 rursum
996 3096 1258 3161 vinceret,
1303 3091 1514 3163 Egiuze
1568 3093 1905 3146 obsidionem
1960 3093 2107 3147 soluo

2204 1984 2310 2048 θις;
2342 1979 2662 2051 Μεγαρεῦσι
2684 1978 2727 2031 δ’
2759 1977 2997 2047 ἔστησαν
3018 1975 3174 2045 τείχη
3198 1974 3244 2005 ⁸⁸
3272 1974 3437 2044 μέχρι
3481 1972 3791 2043 θαλάσσης,

2203 2077 2301 2131 καὶ
2329 2075 2431 2145 τὴν
2458 2071 2776 2141 ἐλευθερίαν
2798 2069 2917 2138 ἅμα
2952 2067 3059 2122 καὶ
3084 2068 3189 2136 τὴν
3213 2066 3259 2098 ⁸⁸
3299 2067 3485 2135 χώραν
3532 2064 3792 2133 διεφύλα-

2206 2170 2323 2234 ξαν.
2358 2165 2588 2221 Ἐνίκων
2616 2163 2673 2216 δὲ
2691 2161 3015 2232 Κορινθίους
3046 2159 3153 2230 πρὸ
3181 2159 3508 2228 Μεγαρέωνο
3538 2159 3635 2211 καὶ
3664 2158 3792 2228 πρὶν

2205 2258 2420 2313 δώδεκα
2444 2256 2662 2325 ἐξήκειν
2697 2253 2911 2323 ἡμέρας
2934 2250 3131 2303 ἐνίκων
3174 2244 3331 2312 αὖθις
3352 2249 3576 2319 ἑτέραν,
3612 2249 3678 2302 ού
3705 2266 3795 2302 κα-

2206 2352 2315 2415 λῶς
2344 2351 2405 2404 τὸ
2434 2350 2697 2421 τρόπαιον
2728 2344 3153 2415 ὑφαρπάζοντας
3175 2344 3247 2397 9°.
3288 2344 3399 2396 Καὶ
3434 2342 3598 2396 oft-mn
3620 2343 3793 2396 ταῦτα

2211 2444 2422 2515 μεγάλα
2440 2460 2453 2474 ·
2490 2441 2606 2495 ἀλλ’
2628 2440 2909 2511 εἰρήσεται
2936 2439 3068 2507 γὰρ,
3094 2436 3200 2490 κᾶν
3236 2436 3554 2505 δπείγωμαι
3574 2452 3589 2467 θ
3621 2438 3657 2506 ἡ
3690 2437 3795 2508 γὰρ

2208 2536 2496 2606 προσθήκη
2524 2533 2686 2597 δείξει
2714 2532 2776 2585 τὸ
2816 2532 2949 2584 πᾶν.
2995 2528 3242 2598 Ἀπῆσαν
3278 2529 3376 2599 μὲν
3409 2529 3521 2599 γὰρ
3556 2532 3615 2582 αἱ
3642 2530 3799 2585 δυνά.

2214 2647 2336 2701 μεις
2381 2632 2448 2701 τῇ
2486 2627 2660 2693 πόλει,
2696 2628 2730 2691 ἠ
2792 2627 2891 2697 μὲν
2926 2624 3070 2679 κατὰ
3124 2624 3223 2695 τὴν
3268 2625 3379 2678 τῶν
3404 2626 3447 2657 ⁹¹
3479 2627 3801 2691 Αἰγυπτίων

2210 2725 2423 2796 χρείαν,
2461 2723 2589 2794 νῆες
2614 2724 2663 2755 ’⁸
2687 2716 2959 2789 πλείουςῆ
2995 2718 3100 2772 τότ’
3130 2713 3270 2788 ἦσαν
3297 2719 3355 2769 ὲν
3385 2719 3503 2781 τοῖς
3536 2718 3802 2789 Ἕλλησιν

2209 2819 2266 2871 αἱ
2317 2816 2603 2886 σύμπασαι
2662 2813 2847 2883 σχεδὸν
2884 2812 2954 2877 ⁸³,
2995 2813 3029 2883 ή
3069 2811 3114 2864 δ’
3147 2810 3343 2882 Αἰγίνῃ
3392 2812 3801 2883 προσεκάθητο.

2212 2909 2390 2978 Ὅπερ
2434 2907 2690 2970 καὶτοὺς
2738 2904 3017 2968 ἐναντίους
3054 2904 3255 2974 μᾶλλον
3300 2904 3510 2974 ἐπῆρεν
3556 2906 3804 2975 ὁρμῆσαι

2212 3002 2352 3072 πρὸς
2380 3000 2450 3053 τὰ
2469 3000 2707 3069 Μέγαρα
2731 3016 2745 3031 υ
2773 2996 2943 3069 ᾤοντο
2971 2997 3080 3068 γὰρ
3107 2992 3255 3051 εἷναι
3273 2998 3469 3069 σχολὴν
3494 2998 3805 3069 Ἀθηναίων

2213 3096 2294 3158 είς
2326 3095 2389 3147 τὸ
2424 3094 2585 3163 ἔργον
2612 3093 2843 3155 ἑαυτοῖς.
2880 3091 2941 3144 Ei
2965 3089 3011 3143 δ’
3049 3091 3158 3161 ἄρα
3204 3090 3303 3143 καὶ
3346 3089 3417 3143 τὰ
3438 3091 3677 3161 δεύτερα
3723 3110 3806 3144 νι-

512 3207 628 3251 tum
661 3196 727 3250 iri
763 3211 777 3248 :
823 3191 1090 3261 siquidem
1119 3187 1193 3242 illi
1221 3187 1438 3240 aliunde
1466 3199 1622 3253 opem
1655 3183 1799 3239 ferre
1828 3201 1932 3239 non
1972 3203 2103 3256 pos-

2215 3186 2355 3258 κῴη,
2408 3185 2522 3240 ἀλλ’
2568 3184 2764 3255 ἑτέραν
2804 3182 3122 3253 πολιορκίαν
3176 3181 3304 3254 [660
3342 3181 3433 3255 Η.]
3483 3183 3675 3237 λύσειν
3706 3188 3807 3254 τῆς

509 3300 652 3345 sent.
681 3286 759 3340 Illi
794 3292 973 3339 autem
1019 3283 1153 3335 adeo
1180 3280 1282 3334 hoc
1313 3287 1676 3333 commentum
1732 3278 1989 3342 riserunt,
2049 3288 2108 3332 ut

509 3380 603 3452 qui
638 3379 707 3435 ad
750 3377 1213 3447 1Egiuameraut,
1278 3391 1382 3430 non
1449 3370 1620 3440 magis
1679 3386 1841 3439 quam
1903 3372 1991 3441 qui
2054 3369 2106 3424 iu

512 3474 751 3545 {Egypto
776 3487 890 3527 rem
925 3484 1139 3525 omnem
1190 3468 1534 3535 ignorabant,
1608 3465 1731 3520 loco
1798 3478 1859 3517 se
1925 3476 2110 3515 move-

513 3577 659 3624 rent.

584 3656 838 3725 Quinimo
863 3652 975 3709 sola
1020 3651 1230 3721 privato
1263 3647 1503 3718 periculo
1556 3645 1833 3702 communi
1884 3642 2108 3698 utilitati

510 3751 738 3815 studuit,
771 3759 827 3803 et
845 3746 1232 3802 beneficiorum
1263 3743 1414 3813 copia
1440 3741 1800 3810 principatum
1829 3738 1928 3793 sibi
1962 3752 2111 3791 com-

516 3843 745 3914 paravit,
822 3855 974 3894 more
1014 3837 1288 3893 communi
1332 3844 1559 3889 mutato.
1613 3833 1730 3886 Non
1780 3831 1923 3885 enim
1968 3831 2111 3900 quod

513 3934 710 4004 oppida
764 3927 1099 3996 subjugarat,
1149 3926 1242 3981 sed
1276 3925 1420 3995 quod
1451 3924 1619 3978 libera
1678 3921 1905 3984 fecerat,
1944 3921 2112 3987 impe-

514 4024 657 4078 rium
686 4028 769 4075 est
792 4020 985 4084 adepta
1025 4035 1038 4070 :
1074 4016 1149 4069 ita
1185 4025 1242 4068 ut
1295 4015 1485 4069 eodem
1517 4024 1757 4080 tempore
1809 4020 1863 4065 et
1907 4009 2112 4065 Grzecis

518 4108 764 4172 libertas,
804 4114 859 4160 et
915 4104 1034 4158 urbi
1094 4101 1254 4157 fuerit
1283 4102 1575 4170 imperium
1632 4102 1912 4155 tributum.
1974 4098 2114 4153 Huic

516 4200 663 4253 enim
688 4195 786 4251 soli
820 4195 959 4249 ultro
987 4200 1286 4263 paruerunt
1314 4193 1528 4263 reliqui,
1562 4200 1617 4246 et
1665 4192 1808 4245 hunc
1855 4189 2110 4259 p0pulum

517 4288 794 4348 communi
854 4286 1115 4356 suﬂ‘ragio
1177 4284 1460 4354 jusserunt
1518 4286 1810 4354 imperare,
1875 4284 2010 4337 adeo
2053 4292 2111 4334 ut

516 4398 643 4440 eum
679 4383 851 4437 armis
877 4380 1145 4435 Barbaros
1196 4379 1481 4449 coegisset,
1517 4378 1695 4431 socios
1747 4387 1924 4431 tamen
1976 4374 2112 4429 nihil

519 4484 774 4546 precatus
811 4473 998 4538 fuerit,
1062 4473 1158 4527 sed
1196 4472 1436 4541 ipsorum
1489 4470 1744 4539 precibus
1801 4467 2112 4536 compulsus

2212 3279 2439 3347 Αἰγίνης
2460 3294 2473 3307 ·
2498 3277 2560 3329 οὐ
2589 3276 2697 3346 γὰρ
2737 3274 2959 3328 ἄλλοθέν
2979 3292 3041 3343 γε
3069 3274 3254 3326 λοιπὸν
3278 3275 3430 3345 ἥξειν
3476 3276 3699 3339 αὐτούς.
3742 3282 3808 3331 Ui

2211 3370 2267 3423 δὲ
2297 3368 2551 3422 τοσοῦτον
2578 3365 2953 3435 κατεγέλασαν
2982 3365 3077 3418 τοῦ
3102 3366 3456 3435 σοφίσματος,
3486 3366 3633 3420 ὥστε
3656 3369 3808 3421 οὐδὲν

2215 3460 2419 3531 μᾶλλον
2451 3461 2499 3514 οἱ
2528 3458 2667 3530 πρὸς
2699 3459 2891 3529 Αἰγίνῃ
2930 3456 3053 3511 τότε
3097 3458 3431 3530 ἐκινήθησαν
3470 3461 3584 3513 τῶν
3620 3462 3679 3513 έν
3708 3463 3805 3513 Ai-

2213 3554 2410 3623 γύπτῳ
2440 3554 2535 3606 καὶ
2573 3551 2741 3622 μηδὲν
2772 3549 3156 3620 πεπυσμένων.

2297 3643 2457 3698 Ἀλλὰ
2477 3645 2523 3675 9⁸
2556 3642 2664 3713 μὴν
2703 3641 2838 3712 μόνη
2868 3640 2966 3710 μὲν
3001 3640 3227 3694 ἁπασῶν
3257 3640 3461 3692 πόλεων
3488 3641 3643 3704 ἰδίοις
3684 3658 3803 3695 κιν-

2212 3736 2388 3800 δύνοις
2414 3736 2601 3803 κοινὴν
2622 3734 2824 3788 ἅπαντι
2857 3733 2935 3803 τῷ
2974 3732 3125 3801 γένει
3152 3732 3253 3803 τὴν
3304 3733 3573 3801 ὠφέλειαν
3618 3735 3803 3806 ἐπορί-

2218 3847 2368 3895 σατο,
2407 3829 2543 3900 μόνη
2569 3826 2626 3879 δὲ
2659 3829 2723 3879 ἐκ
2752 3826 2863 3878 τῶν
2891 3826 3088 3879 κοινῶν
3109 3825 3437 3896 εὐεργεσιῶν
3466 3829 3566 3893 τὴν
3600 3828 3802 3897 ἠγεμοο

2213 3925 2333 3977 νίαν
2370 3922 2640 3991 ἐκτήσατο
2663 3920 2733 3983 ⁸⁵,
2774 3919 2869 3971 καὶ
2902 3917 3171 3988 μετέθηκε
3202 3920 3293 3972 τὸν
3327 3918 3526 3988 θεσμόν
3548 3936 3561 3949 ·
3600 3921 3662 3971 οὐ
3694 3919 3799 3990 γὰρ

2216 4016 2277 4080 ἐξ
2321 4010 2397 4068 ὧν
2445 4009 2893 4067 κατεδουλώσατο
2927 4010 3026 4073 τὰς
3076 4011 3259 4073 πόλεις
3282 4009 3404 4081 ἔσχε
3454 4012 3555 4081 τὴν
3604 4012 3800 4081 ἀρχὴν,

2217 4106 2333 4160 ἀλλ’
2365 4105 2425 4172 ἐξ
2455 4098 2529 4158 ὧν
2552 4102 2808 4172 ἐποίησεν
2834 4099 3148 4171 ἐλευθέρας.
3178 4100 3341 4153 Ὥστε
3367 4117 3429 4152 συ
3440 4100 3646 4170 μϐἧναι
3674 4103 3806 4163 τοὺς

2217 4198 2417 4261 αὐτοὺς
2444 4196 2673 4267 χρόνους
2696 4196 2810 4255 τοῖς
2846 4193 2945 4263 μὲν
2970 4192 3202 4263 Ἕλλησι
3241 4191 3300 4245 τὸ
3336 4194 3434 4262 τῆς
3460 4192 3802 4261 ἐλευθερίας,

2217 4292 2283 4361 τῇ
2319 4288 2377 4341 δὲ
2407 4288 2560 4340 πόλει
2616 4284 2677 4339 τὸ
2720 4287 2817 4356 τῆς
2853 4284 3028 4355 ἀρχῆς
3076 4283 3269 4352 κέρδος
3317 4284 3582 4349 ἐνεγκεῖν.
3634 4284 3807 4335 Μόνοι

2219 4381 2327 4448 γὰρ
2361 4379 2596 4430 ἑκόντων
2625 4371 2822 4447 ἦρξαν,
2856 4374 2951 4427 κα)⁵
3004 4373 3162 4443 μόνος
3200 4365 3354 4434 οὗτος
3391 4373 3576 4443 δήμων
3613 4372 3809 4443 ὥσπερ

2219 4465 2300 4530 εἷς
2344 4468 2531 4538 ἄρχων
2576 4464 2792 4535 αἱρετὸς
2840 4463 2897 4530 ἐξ
2936 4464 3194 4517 ἁπάντων
3240 4463 3481 4531 ἐνίκησε,
3523 4464 3653 4526 τοὺς
3704 4464 3809 4532 μὲν

519 4568 893 4640 principatum
929 4564 1228 4635 acceperit,
1257 4579 1365 4633 quo
1396 4565 1461 4618 ad
1488 4562 1734 4631 justitizc,
1770 4578 1873 4616 non
1903 4561 2105 4630 injuriae

2222 4558 2533 4630 βαρϐάρους
2584 4559 2698 4620 τοῖς
2739 4555 2926 4619 ὅπλοις
2962 4555 3310 4627 βιασάμενος,
3349 4554 3633 4627 [1224K]
3679 4558 3809 4619 τοὺς

524 4664 705 4713 notam
741 4664 1004 4711 uteretur.
1048 4655 1122 4711 Ut
1171 4666 1356 4710 autem
1411 4652 1719 4723 singulatim
1772 4666 1885 4706 rem
1943 4660 2111 4705 totam

521 4749 815 4818 explicem,
845 4750 958 4803 sola
987 4749 1103 4804 haec
1138 4749 1351 4810 civitas.
1386 4746 1643 4801 Barbaris
1672 4745 1880 4809 invitis,
1909 4744 2115 4800 Grzecis

523 4855 704 4900 autem
741 4844 1074 4913 petentibus,
1116 4844 1407 4914 imperium
1446 4852 1531 4897 est
1565 4842 1781 4910 adepta.
1832 4840 1965 4907 Quis
2009 4856 2113 4893 un-

522 4948 690 5006 quam
725 4933 884 5004 digne
907 4933 989 4987 vel
1021 4934 1309 5003 expendat,
1330 4933 1415 4987 vel
1440 4932 1785 4987 admiretur?
1835 4930 1906 4985 Ut
1931 4940 2111 4985 autem

527 5024 758 5095 insignis
785 5023 875 5077 illa
935 5023 1118 5079 clades
1154 5034 1375 5094 accepta
1407 5024 1507 5078 fuit
1536 5024 1670 5095 (cur
1694 5023 1838 5077 enim
1888 5022 1990 5076 hoc
2029 5031 2115 5075 ta-

525 5133 701 5184 ceam,
741 5132 865 5172 cum
890 5126 945 5172 et
971 5117 1145 5186 ipsum
1178 5118 1244 5171 ad
1291 5118 1440 5171 urbis
1480 5114 1904 5186 magnitudinem
1935 5124 2119 5170 osten-

526 5210 757 5264 dendam
788 5210 1130 5281 pertineat?)
1161 5226 1281 5279 qua:
1314 5211 1387 5264 ita
1422 5214 1492 5264 sit
1520 5210 1586 5263 ad
1615 5210 1853 5280 reliquas
1880 5224 1971 5263 res
1997 5223 2119 5278 pro-

526 5317 737 5373 gressa,
782 5301 941 5373 quasi
999 5308 1166 5357 totam
1220 5301 1454 5357 cepisset
1488 5298 1766 5368 Siciliain,
1799 5313 1900 5355 nec
1934 5298 2123 5368 copias

2220 4654 2265 4707 δ’
2305 4652 2612 4725 ὁμοφύλους
2645 4650 2705 4704 οὐ
2738 4651 2954 4715 πείσας,
2982 4647 3097 4703 ἀλλ’
3141 4649 3234 4701 ὑπ’
3254 4647 3434 4701 αὐτῶν
3458 4648 3653 4719 ἄρχειν
3689 4667 3809 4701 πει-

2223 4746 2393 4810 σθεὶς,
2428 4745 2698 4815 σύμϐολον
2721 4744 2767 4776 ³⁸
2792 4741 3144 4811 δικαιοσύνης
3171 4741 3309 4810 ἔχων
3341 4742 3440 4810 τὴν
3470 4742 3668 4812 ἀρχὴν,
3692 4742 3806 4794 ἀλλ’

2221 4841 2324 4894 οὐκ
2353 4839 2591 4900 ἀδικίας.
2626 4838 2688 4889 Ei
2719 4837 2775 4889 δὲ
2806 4836 2887 4889 δεῖ
2918 4835 3163 4890 διελόντα
3195 4835 3391 4898 εἰπεῖν,
3429 4835 3567 4904 μόνη
3602 4837 3805 4887 πόλεων

2221 4933 2331 4987 τῶν
2359 4932 2457 5002 μὲν
2482 4930 2773 5001 βαρϐάρων
2800 4928 3063 4991 ἀκόντων,
3090 4926 3199 4979 τῶν
3219 4926 3263 4980 δ’
3302 4926 3574 4995 Ἑλλήνων
3596 4925 3802 4995 δεηθέν-

2223 5043 2332 5079 των
2362 5025 2405 5056 ττ
2438 5023 2564 5093 έσχε
2607 5022 2707 5091 τὴν
2739 5021 2934 5091 ἀρχήν.
2965 5020 3103 5089 Ποία
3127 5019 3172 5051 ’⁸
3203 5019 3357 5071 ταῦτ’
3385 5018 3565 5070 ἔνεστι
3589 5018 3635 5048 ⁹¹
3662 5018 3802 5085 ψυχῇ

2226 5113 2563 5185 παραϐαλεῖν
2626 5111 2980 5182 ἀνθρωπίνῃ,
3039 5111 3133 5163 καὶ
3202 5110 3344 5172 τίνος
3395 5109 3500 5161 οὐκ
3556 5108 3806 5177 εὐτυχίας

2232 5204 2435 5275 μᾶλλον
2477 5200 2790 5271 θαυμάσαις
2846 5199 3139 5268 γενομένου
3178 5198 3235 5249 δὲ
3274 5196 3368 5249 τοῦ
3420 5195 3656 5265 μεγάλου
3712 5194 3810 5246 πα·

2230 5296 2392 5360 θους·
2427 5294 2489 5348 οὐ
2511 5295 2622 5364 γὰρ
2667 5291 2759 5347 οὖν
2817 5293 3188 5362 σιωπήσομαι,
3247 5289 3382 5344 ἀλλὰ
3416 5290 3510 5343 καὶ
3544 5287 3705 5341 τοῦτο
3732 5286 3810 5338 ἔτι

1852 5477 2091 5535 VARle
2116 5475 2534 5535 LECTIONES.

606 5626 652 5659 ss
686 5625 791 5694 χρὴ
824 5639 937 5681 om.
972 5621 1080 5689 ΑΒ,
1114 5632 1240 5694 ante
1269 5621 1587 5694 προσθεῖναι
1628 5625 1779 5693 ponit
1810 5638 1889 5677 rc.
1922 5621 1981 5676 Β.

544 5696 637 5745 σὺν
667 5693 789 5747 am.
816 5695 881 5747 Α.
958 5695 1006 5725 ⁸⁷
1035 5693 1372 5763 ἀπαριθμεῖν
1401 5710 1463 5757 ς.
1566 5694 1611 5725 ⁸⁸
1640 5696 1816 5763 τεῖχος
1848 5695 1914 5745 Λ.

544 5763 587 5794 ⁸³
623 5764 775 5831 νῆες,
847 5764 895 5794 9³
925 5764 1111 5831 σχεδὸν
1153 5748 1265 5816 om:
1316 5764 1380 5816 Λ.
1410 5748 1425 5757 ’
1496 5763 1542 5795 ’⁸
1569 5748 1823 5831 emergi.
1858 5761 1987 5814 274.

549 5831 592 5862 ’⁷
625 5830 1239 5900 δεηθέντων1ὲκόντων,
1295 5834 1453 5903 idque
1486 5848 1588 5898 rc.,
1627 5833 1734 5886 AB.

2084 5620 2131 5653 ⁸³
2160 5619 2294 5689 πρὸς
2321 5634 2431 5673 om.
2522 5616 2569 5647 ⁸⁸
2590 5616 2883 5689 αφικέσθαᾼι
2907 5612 2972 5667 Δ.

2023 5690 2067 5723 ⁸⁸
2092 5693 2191 5760 τὴν
2222 5690 2427 5760 οῐῐιηΑ.

2088 5763 2134 5794 ³³⁵
2174 5760 2313 5830 μόνη
2342 5759 2399 5811 δὲ
2432 5788 2505 5800 --
2528 5760 2667 5830 Αὲκτή

1842 5832 1888 5863 ⁸⁸
1928 5831 2078 5900 ποία]
2130 5819 2187 5903 p:
2232 5819 2360 5885 279.
2436 5832 2480 5863 9"
2512 5828 2627 5882 ἐστι
2658 5819 2722 5881 λ.
2753 5824 3118 5897 παραϐάλλειν
3146 5824 3191 5877 Α
3217 5841 3229 5877 :
3266 5819 3575 5888 περιλαϐεῖν
3604 5834 3663 5883 ς.

3072 5612 3117 5643 ⁸³
3151 5611 3387 5678 ἄγουσαν
3430 5607 3496 5662 Α.
3599 5607 3645 5639 ⁸⁸
3674 5607 3806 5661 ὥστε

2532 5689 2576 5718 ¹⁹⁰
2608 5678 3022 5756 ύὶραρπάζοντες
3070 5684 3131 5736 Δ.
3235 5682 3279 5713 ⁹¹
3308 5680 3407 5800 τήν
3435 5678 3542 5731 τῶν
3597 5693 3716 5732 om.
3752 5680 3802 5729 οε.

2536 5760 2807 5800 ἐκτήσατο
2838 5771 2947 5800 mu-
2990 5756 3052 5800 Α-
3157 5752 3206 5783 ’⁸
3232 5750 3343 5800 σύμ
3380 5750 3499 5800 ολον
3525 5748 3581 5800 δὲ
3607 5749 3723 5800 δικ.
3758 5750 3802 5800 ὓ.

2676 5748 2807 5809 σατο
2838 5748 2948 5809 ent.
2988 5756 3052 5807 A.
3157 5752 3206 5783 -‘
3232 5748 3499 5819 σύμϐολον
3525 5748 3581 5801 δὲ
3607 5749 3723 5804 δικ.
3758 5750 3806 5801 ὓ.
