3960 6464
208 428 338 494 1ίῖ3

1190 468 1201 479 ,
1247 428 1779 489 BIBLIOTHECA.
1817 452 1888 466 --
1925 430 2089 490 COD.
2121 430 2411 495 CCXLVI.

3346 444 3484 514 1474

207 537 373 613 μείζω
396 538 414 570 ¹
452 553 545 608 μοι
580 535 729 590 δοκεῖ
762 534 783 567 ³
836 534 1108 592 δεικνύναι
1141 536 1243 608 τήν
1276 537 1454 591 πόλιν.
1483 537 1642 590 Οὕτω
1675 538 1767 608 γὰρ

1890 541 2165 604 amisisse,
2190 544 2280 597 scd
2311 559 2481 599 novas
2513 559 2864 615 comparasse
2896 548 3193 604 videretur.
3254 552 3332 607 Ac
3361 570 3474 607 mo-

202 635 311 693 τοίς
335 629 653 692 ὑπολοίποις
708 629 1057 699 προσηνέχθη
1101 630 1446 700 πράγμασιν,
1480 629 1672 701 ὥσπερ
1720 630 1789 683 ἂν

202 725 249 777 εί
279 724 458 775 πᾶσαν
486 720 700 790 εἰλήφει
727 719 826 789 τὴν
870 720 1147 774 Σικελίαν.
1177 722 1252 773 Οὐ
1297 721 1407 793 γὰρ
1440 719 1782 791 ἐστερημένῃ

201 814 482 882 δυνάμεως
505 810 689 880 ἐῴκει,
725 808 842 861 ἀλλ’
876 811 1000 878 ἄρτι
1032 811 1519 881 προσκεκτημένῃ.
1543 812 1661 864 ’Καὶ
1687 811 1788 881 τὴν

205 907 299 974 μὲν
326 904 433 957 τῶν
472 902 692 974 τρόπων
739 902 992 955 εὐκολίαν
1020 903 1117 955 καὶ
1160 904 1516 973 σωφροσύνην
1560 902 1659 955 καὶ
1692 901 1789 954 τά·

204 997 316 1061 ξινδ
337 995 571 1064 διαίτης,
596 994 662 1064 ἢν
692 995 835 1064 ὑπὲρ
856 992 951 1045 τοῦ
988 993 1155 1062 μηδὲν
1183 994 1408 1063 αἰσχρὸν
1434 993 1787 1063 συγχωρῆσαι

206 1086 539 1159 προείλοντο,
585 1086 694 1138 οὐδ’
726 1086 794 1138 ἂν
840 1080 922 1147 εἷς
956 1085 1124 1149 ἀξίως
1158 1085 1320 1138 εἴποι.
1357 1086 1742 1155 Περιστάντων
1764 1085 1786 1115 ⁸

204 1183 244 1233 δ’
294 1179 495 1241 αὐτοὺς
542 1177 654 1230 τῶν
712 1176 985 1248 Ἐλλήνων
1044 1177 1323 1241 ἁπάντων,
1380 1178 1472 1229 καὶ
1515 1176 1625 1229 τῶν
1685 1176 1785 1246 μὲν

204 1270 561 1341 ὑπαρχόντων
603 1269 878 1337 πολεμίων
922 1269 1044 1321 τότε
1076 1269 1292 1340 πρῶτον
1324 1268 1601 1322 λαϐόντων
1634 1268 1786 1321 ἐλπί-

199 1364 291 1425 δας
328 1364 423 1414 καὶ
472 1360 921 1430 παροξυνθέντων
952 1360 1057 1412 ὑπὸ
1087 1362 1184 1431 τῆς
1219 1360 1408 1430 τύχης,
1440 1360 1784 1413 ἐπελθόντων

197 1459 248 1510 δὲ
273 1458 381 1510 τῶν
439 1459 505 1509 ὲκ
540 1456 811 1522 Σικελίας,
848 1456 1196 1527 μεταστάσης
1222 1456 1279 1509 δὲ
1324 1458 1423 1526 τῆς
1465 1455 1783 1527 συμμαχίας

195 1552 369 1619 ὀλίγου
402 1549 517 1602 δεῖν
552 1549 793 1618 ἁπάσης,
812 1550 906 1602 καὶ
927 1550 1106 1619 νήσων
1142 1550 1238 1602 καὶ
1261 1550 1494 1621 ἠπείρου
1528 1550 1620 1602 καὶ
1646 1550 1782 1603 πάν-

194 1660 298 1696 των
326 1642 399 1704 ὡς
448 1642 627 1693 εἰπεῖν
678 1641 957 1711 πολεμίων
1000 1640 1409 1700 καταστάντων.
1444 1642 1538 1694 καὶ
1571 1658 1780 1694 παντα-

195 1735 342 1806 χόθεν
373 1734 787 1802 κεκυκλωμένοι
816 1733 859 1798 ⁸,
887 1734 967 1785 ἔτι
996 1734 1040 1786 δ’
1068 1733 1467 1805 ἀγνωμοσύνης
1510 1732 1780 1804 ἀπροσδο-

196 1829 355 1895 κήτου
376 1825 666 1895 συμϐάσης
689 1824 829 1878 ὥστε
853 1825 948 1877 καὶ
976 1825 1200 1894 βασιλέα
1224 1824 1492 1894 κληθῆναι
1513 1826 1656 1877 κατὰ
1673 1824 1775 1893 τῆς

1894 647 2010 685 rum
2066 634 2282 700 quidem
2339 633 2679 702 facilitatem,
2748 642 3186 709 temperantiam,
3244 644 3482 713 vitaeque

1893 725 2156 777 rationem
2187 728 2251 778 ad
2292 725 2472 794 fugam
2529 730 2880 796 turpitudinis
2929 744 3258 803 susceptam,
3320 746 3484 789 nemo

1891 815 2045 869 facile
2075 831 2170 884 pro
2201 818 2465 885 dignitate
2491 819 2707 873 dixerit.
2753 819 2949 874 Verum
2979 837 3102 877 cum
3146 824 3321 879 Graeci
3355 841 3475 880 om-

1890 922 1985 960 nes
2017 909 2135 962 illos
2163 911 2655 976 circumsisterent,
2683 922 2737 965 et
2768 914 2982 983 antiqui
3013 916 3194 971 hostes
3227 928 3338 971 tum
3368 919 3478 986 pri-

1888 1013 2035 1052 mum
2068 1016 2130 1054 ex
2177 1000 2396 1055 fortuna
2437 1018 2586 1072 spem
2614 1005 2910 1072 cepissent,
2960 1008 3083 1061 novi
3115 1019 3292 1063 autem
3333 1025 3364 1063 e
3391 1010 3481 1064 Si-

1887 1090 2006 1143 cilia
2031 1094 2373 1159 at—cedereut,
2405 1095 2659 1148 omnibus
2684 1110 2813 1149 vero
2858 1097 3047 1164 sociis,
3090 1098 3331 1153 omnium
3368 1110 3477 1154 tam

1889 1183 2182 1237 insularum
2226 1201 2387 1254 quam
2445 1188 2723 1256 regionum
2776 1187 3003 1240 aliarum
3041 1187 3354 1255 rebellione,
3422 1191 3475 1245 in

1886 1275 2072 1329 hostes
2122 1278 2365 1341 mutatis,
2391 1276 2518 1329 illud
2544 1288 2808 1345 praetcrea
2835 1278 3096 1349 flagitium
3126 1290 3321 1350 praeter
3347 1283 3471 1352 opi-

1887 1367 2101 1420 nionem
2134 1369 2484 1422 commissum
2512 1378 2674 1434 esset,
2726 1381 2783 1423 ut
2829 1385 3009 1440 regem
3041 1383 3233 1427 contra
3282 1376 3473 1430 urbem

1883 1455 2210 1509 advocarent
2234 1458 2289 1521 ii,
2320 1473 2454 1528 quos
2485 1460 2549 1512 ab
2583 1475 2647 1513 eo
2678 1463 2811 1515 urbs
2849 1474 3161 1518 servaverat
3192 1483 3205 1518 :
3240 1464 3328 1520 ille
3351 1480 3478 1521 vero

1883 1545 2060 1599 libens
2112 1550 2438 1612 advenisset,
2474 1549 2677 1620 405a
2746 1568 2809 1606 ac
2839 1562 2951 1606 tum
3012 1554 3297 1622 militibus,
3357 1564 3471 1610 tum

1881 1637 2131 1703 navibus,
2172 1648 2279 1691 tum
2302 1640 2466 1694 etiam
2509 1644 2734 1709 pecunia
2783 1661 2938 1715 opem
2975 1646 3078 1701 illis
3111 1648 3298 1713 ferret,
3348 1664 3470 1702 om-

1884 1728 2040 1782 nibus
2074 1738 2234 1783 terrae
2272 1734 2546 1801 marisque
2578 1734 2714 1789 locis
2740 1736 2791 1789 in
2822 1737 2947 1792 belli
2995 1740 3294 1795 subsidium
3331 1757 3469 1809 prae-

1880 1820 2028 1875 stitis
2064 1838 2078 1874 :
2118 1838 2222 1875 nou
2255 1834 2374 1876 erat
2407 1826 2713 1894 quisquam,
2743 1829 2835 1896 qui
2883 1845 2987 1884 non
3019 1832 3264 1886 crederet
3290 1834 3464 1901 prima

196 1886 534 1982 πόλεως”ύπὸ
565 1886 674 1970 των
704 1918 799 1971 ἀπ’
831 1886 1043 1969 ἐκείνου
1081 1886 1364 1969 σωθέντων
1387 1886 1511 1980 ταῖς
1538 1917 1645 1970 ἀπὸ

1881 1910 2058 1967 fronte
2090 1916 2278 1967 urbem
2329 1914 2547 1984 jamjam
2570 1916 2836 1986 direptum
2872 1921 2957 1987 iri,
3005 1936 3165 1990 quam
3199 1886 3370 1976 Graeci
3396 1925 3473 1978 si-

194 2011 390 2072 πόλεως
418 2010 676 2080 πράξεσι,
710 2010 1150 2079 προσγενομένου
1193 2008 1251 2061 δὲ
1278 2008 1532 2063 κάκείνου
1575 2010 1596 2040 ⁸
1630 2008 1775 2078 μάλα

192 2105 432 2173 ἀτμένως
450 2103 493 2165 ⁷,
521 2104 612 2155 καὶ
631 2120 696 2153 συ
704 2103 873 2172 μπολε
884 2102 1108 2172 μοῦντος
1132 2102 1226 2155 καὶ
1250 2101 1465 2172 σώμασι
1494 2103 1588 2155 καὶ
1617 2101 1775 2154 ναυσὶ

191 2199 277 2248 καὶ
300 2194 505 2266 χρυσῷ,
532 2196 627 2249 καὶ⁵
661 2195 786 2248 τίνα
810 2196 960 2265 γῆςῆ
981 2194 1251 2264 θαλάττης
1265 2194 1285 2224 ⁸
1305 2191 1547 2265 [τόπον]⁹
1563 2195 1624 2247 ού
1643 2211 1777 2265 παρ-

191 2290 392 2356 έχοντος
412 2288 672 2357 ἀφορμὴν
690 2286 818 2357 ¹⁰τῷ
839 2286 1063 2357 πολέμῳ
1080 2304 1095 2354 ;
1117 2282 1185 2357 ἦν
1210 2287 1309 2357 μὲν
1334 2282 1427 2339 οὖν
1441 2286 1614 2349 οὐδεὶς
1627 2287 1776 2350 ὅστις

190 2381 284 2431 οὐκ
312 2379 377 2431 ἂν
408 2379 665 2449 ῆλπισεν,
695 2377 896 2442 ἔξωθεν
916 2378 1117 2431 οὑτωσὶ
1143 2378 1383 2444 σκοπῶν,
1416 2378 1775 2449 ἀναρπασθή-

192 2470 370 2522 σεσθαι
397 2469 492 2522 νῦν
511 2468 614 2539 ἤδη
636 2469 737 2540 τὴν
769 2470 946 2535 πόλιν,
969 2469 1112 2522 οὕτω
1133 2470 1175 2500 ¹¹
1194 2468 1361 2538 κοινῷ
1389 2469 1610 2539 πολέμῳ
1640 2468 1773 2539 βαρ-

190 2561 362 2630 ϐάρων
392 2578 450 2613 τε
495 2562 594 2614 καὶ
630 2560 896 2630 Ἐλλήνων
928 2560 1297 2631 συνεχομένην
1330 2560 1405 2592 ³³·
1439 2561 1488 2612 οἱ
1528 2559 1587 2613 δὲ
1626 2559 1771 2613 οὕτω

192 2653 525 2723 μετέστησαν
584 2652 651 2706 τὰ
713 2653 1040 2724 πράγματα,
1095 2650 1291 2723 ὥσπερ
1331 2650 1588 2705 ἁπάντων
1640 2650 1769 2703 τούο

187 2759 286 2795 των
314 2744 451 2813 ὑπὲρ
482 2744 691 2809 αὐτῶν,
722 2743 837 2796 ἀλλ’
876 2744 937 2795 οὐ
960 2742 1083 2797 κατ’
1110 2742 1291 2796 αὐτῶν
1314 2743 1358 2774 ³³
1382 2740 1706 2812 γινομένων,
1732 2741 1766 2813 ἢ

189 2834 635 2904 στρατηγούντων
670 2834 822 2902 σφίσι
861 2834 969 2887 τῶν
1016 2834 1313 2905 πολεμίων.
1345 2833 1601 2887 Διέλαϐον
1636 2833 1682 2865 ίδ
1702 2833 1761 2886 δὲ

186 2927 452 2995 τροπαίοις
494 2926 590 2980 τὸν
651 2925 1045 2997 Ἑλλήσποντον
1099 2926 1293 2988 ἄλλους
1348 2924 1543 2980 ἄλλοσε
1597 2941 1767 2977 κατα-

186 3017 489 3086 δ;ιῖ›κοντες,
519 3018 713 3090 ὥσπερ
752 3018 983 3088 μελέτας
1016 3019 1218 3088 μᾶλλον
1261 3019 1321 3070 ὲν
1362 3017 1549 3086 σφίσιν
1582 3017 1766 3080 αὐτοῖς

186 3111 556 3181 ἧναυμαχίας
609 3112 748 3184 πρὸς
796 3112 925 3173 τοὺς
984 3111 1414 3181 ἐντυγχάνοντας
1460 3110 1547 3163 ἀεὶ
1589 3106 1767 3161 ποιού-

1881 2005 1990 2058 mul
2023 2014 2078 2059 et
2120 2006 2336 2060 barbari
2378 2008 2517 2063 bello
2546 2021 2823 2065 vexarent.
2873 2011 2943 2065 At
2976 2013 3028 2067 lti
3065 2029 3184 2067 eam
3221 2014 3470 2069 fecerunt

1878 2111 2058 2149 rerum
2082 2099 2459 2165 mutationem,
2504 2102 2660 2171 quasi
2689 2114 2979 2173 apparatus
3033 2106 3123 2161 ille
3167 2122 3272 2161 non
3321 2110 3472 2161 dam-

1878 2201 2004 2239 num
2058 2189 2187 2255 ipsis
2237 2191 2415 2259 potius
2440 2206 2603 2260 quam
2637 2195 2899 2249 auxilium
2932 2196 3225 2263 attulisset,
3258 2199 3473 2269 ipsique

1877 2277 2012 2331 adeo
2062 2280 2245 2334 hostes
2292 2281 2419 2335 belli
2474 2283 2636 2338 duces
2666 2298 2725 2339 se
2789 2287 3165 2356 praebuissent.
3228 2288 3472 2359 Tropazis

1875 2364 2280 2435 Hellespontum
2308 2370 2701 2441 distinxerunt,
2735 2375 2857 2431 aliis
2883 2378 2989 2433 alio
3020 2378 3240 2449 fugatis,
3270 2397 3332 2435 ac
3364 2398 3459 2436 ve-

1875 2458 2151 2515 litationes
2174 2464 2353 2530 potius
2396 2470 2557 2532 quam‘
2592 2468 2776 2535 praelia
2818 2482 2939 2523 cum
2989 2472 3165 2528 obviis
3213 2477 3469 2528 commit-

1875 2560 2072 2619 tentes,
2120 2557 2574 2622 quemadmodum
2618 2570 2728 2613 tum
2770 2575 2797 2614 a
2834 2564 3012 2627 nobis,
3067 2574 3179 2618 ttun
3228 2567 3297 2621 ab
3345 2567 3467 2621 aliis

1872 2654 2028 2695 antea
2057 2644 2257 2698 dictum
2307 2646 2427 2700 fuit.
2463 2648 2704 2718 Denique
2752 2653 2815 2704 ad
2849 2652 3109 2723 Cyzicum
3141 2655 3303 2710 simul
3336 2671 3460 2710 cum

1869 2732 2314 2804 Lacedazmoniis,
2372 2738 2596 2804 Graecis,
2665 2741 2960 2808 barbaris,
3015 2755 3071 2800 et
3117 2745 3469 2801 Pharnabazo

1869 2830 2168 2898 congressi,
2204 2845 2369 2884 naves
2397 2847 2610 2899 onmcs,
2641 2845 2835 2903 prmter
2875 2851 2967 2889 eas
3011 2852 3145 2905 quas
3182 2842 3468 2907 depresse-

1870 2931 2014 2987 rant,
2038 2930 2319 2990 ceperunt.
2354 2924 2538 2993 Itaque
2568 2939 2688 2993 qua:
2717 2934 2862 2979 tanta
2887 2926 3167 2982 laborarat
3208 2930 3469 2985 seditione

1867 3010 2083 3076 civitas,
2120 3013 2223 3067 hoc
2282 3022 2530 3083 tempore
2573 3032 2639 3070 ne
2680 3019 3009 3073 mentionem
3049 3021 3264 3088 quidem
3320 3024 3468 3091 pacis

1869 3101 1999 3157 fecit
2031 3103 2216 3170 ullam,
2251 3121 2375 3159 cum
2410 3107 2482 3160 illi
2509 3108 2705 3176 quibus
2737 3117 2814 3162 tot
2860 3110 3014 3163 initio
3057 3111 3469 3181 suppeditarunt

188 3219 350 3273 μενοι.
378 3205 615 3277 Εἴρηται
650 3221 732 3268 τε,
763 3203 856 3257 καὶ
890 3201 1235 3273 ἐνεθυμήθην
1267 3201 1343 3267 ὡς
1385 3201 1558 3271 ἑτέρῳ
1586 3199 1763 3270 προεί-

1878 3201 2179 3265 commoda,
2211 3200 2363 3254 clade
2408 3208 2653 3271 accepta,
2689 3218 2810 3256 mox
2848 3204 2914 3257 ad
2974 3220 3159 3273 pacem
3210 3203 3467 3277 confuge-

187 3312 356 3366 ρηται.
384 3297 554 3361 Τέλος
598 3296 643 3349 δ’
685 3297 782 3349 ἐπὶ
816 3294 1044 3363 Κυζίκῳ
1105 3296 1480 3364 συμπεσόντες
1523 3289 1762 3365 [66111.]

1871 3300 2014 3345 rent.

183 3388 308 3457 ὁμοῦ
332 3386 788 3458 Λακεδαιμονίοις
832 3390 929 3440 καὶ
961 3389 1074 3449 τοῖς
1115 3387 1226 3440 ἀπὸ
1255 3388 1354 3455 τῆς
1391 3385 1642 3447 Ἐλλάδος
1678 3384 1775 3436 καὶ
1810 3385 1921 3445 τοῖς
1948 3384 2056 3435 ἀπὸ
2074 3383 2173 3451 τῆς
2202 3382 2392 3445 Ἀσίας
2425 3382 2723 3453 βαρϐάροις
2745 3384 2841 3437 καὶ
2896 3384 3233 3454 Φαρναϐάζῳ
3260 3385 3467 3456 λαμϐά·

184 3497 323 3532 νουσι
353 3481 453 3543 τὰς
488 3480 621 3542 ναῦς
652 3479 804 3549 παρὰ
832 3477 1087 3531 τοσοῦτον
1108 3478 1168 3529 οὐ
1197 3477 1399 3541 πάσας,
1425 3476 1557 3546 παρ’
1612 3477 1742 3539 ὅσας
1776 3473 2109 3545 διέφθειραν.
2143 3473 2309 3524 Ὥστε
2337 3474 2379 3504 ³⁵
2405 3476 2437 3545 ὴ
2474 3474 2572 3543 μὲν
2600 3474 2854 3527 τοσοῦτον
2897 3476 3300 3545 ύπερϐληθεϊσα
3358 3477 3463 3530 ὑπὸ

182 3577 273 3646 τῆς
330 3575 649 3637 συστάσεως
699 3574 853 3637 πόλις
907 3573 1015 3625 οὐδ’
1062 3573 1235 3642 ὄνομα
1274 3573 1497 3643 εἰρήνης
1556 3571 1643 3623 ἐπ’
1678 3571 1904 3623 ἐκείνων
1934 3569 2042 3620 τῶν
2080 3568 2291 3638 χρόνων
2345 3568 2646 3637 ἐνενόησεν,
2706 3571 2754 3621 οί
2784 3568 2827 3621 δ’
2874 3568 2984 3623 ἀπὸ
3028 3568 3299 3623 τοσούτων
3356 3574 3453 3625 καὶ

182 3670 509 3742 τηλικούτων
562 3668 1055 3739 πλεονεκτημάτων
1109 3666 1425 3738 ὁρμώμενοι
1492 3665 1795 3735 πληγέντες
1841 3663 2179 3731 κατέφευγον
2205 3661 2368 3725 εὐθὺς
2401 3664 2495 3715 ἐπὶ
2524 3665 2625 3733 τὴν
2654 3664 2895 3734 εἰρήνην,

248 3767 364 3819 Ἔτι
397 3767 442 3798 ¹⁶
466 3766 525 3820 δὲ
556 3767 695 3836 αὑτὴ
727 3766 825 3836 μὲν
877 3765 1013 3834 πρὸς
1063 3762 1311 3825 ἅπαντας
1339 3761 1477 3832 ὁμοῦ
1502 3762 1760 3830 πολεμεῖν

177 3855 514 3925 ἠνάγκασται
533 3856 575 3886 ¹⁷
598 3856 725 3918 τοὺς
755 3854 1009 3916 ἐπιόντας
1032 3853 1065 3921 ἢ
1095 3851 1400 3914 κινοῦντας,
1417 3852 1527 3904 τῶν
1548 3849 1591 3902 δ’
1611 3852 1761 3902 ἐναν-

176 3947 299 3999 τίων
326 3948 655 4001 οἱπλεῖστοι
700 3947 835 4018 πρὸς
875 3946 1045 4017 μέρος
1094 3944 1265 4014 αὐτῆς
1319 3943 1659 4013 ἀντήρκασιν
1688 3940 1756 4006 ¹⁸ν

178 4041 371 4107 ἀθρόας
421 4040 481 4094 δὲ
524 4040 625 4110 τῆς
689 4039 969 4108 δυνάμεως
1001 4038 1034 4109 ἢ
1067 4039 1154 4100 τὶς
1184 4036 1219 4107 ἢ
1248 4037 1426 4099 οὐδεὶς
1465 4034 1753 4105 ἐπειράθη.

180 4131 332 4184 Ὥστε
363 4133 396 4201 ἡ
426 4131 537 4186 τῶν
598 4129 900 4200 Ἀθηναίων
945 4126 1101 4190 πόλις
1130 4129 1384 4196 νενίκηκε
1426 4126 1525 4195 μὲν
1585 4124 1755 4178 πολλά

176 4221 237 4291 δή
263 4221 545 4284 πολλάκις,
575 4220 716 4289 αὐτὴ
776 4217 822 4270 δ’
841 4218 931 4270 ίσα
965 4218 1059 4269 κα)⁵
1112 4215 1383 4285 ἀήττητός
1414 4216 1550 4267 ἐστι.
1596 4213 1669 4266 Τὸ
1695 4212 1754 4267 δὲ

180 4313 386 4365 πάντων
441 4312 723 4381 μέγιστον,
766 4310 847 4362 ὅτι
882 4307 1055 4378 αύτῆς
1096 4308 1193 4378 μὲν
1223 4307 1400 4369 οὐδεὶς
1450 4306 1755 4375 ἐκράτησεν

179 4405 364 4474 (οὐδεὶς
390 4406 503 4477 γὰρ
528 4404 702 4471 αὐτῆς
729 4402 829 4473 τὴν
892 4401 1120 4471 γνώμην
1165 4400 1573 4469 παρεστήσατο,
1616 4395 1753 4449 ἀλλά

178 4498 426 4566 στρατιᾶς
454 4497 650 4566 γέγονε
697 4494 878 4548 πάντα
907 4492 977 4546 τὰ
1024 4490 1251 4544 τοιαῦτα
1299 4492 1342 4521 ¹⁰
1380 4488 1749 4559 ἀτυχήματα),

1938 3759 2183 3826 Cumque
2217 3759 2333 3825 ipsa
2378 3757 2539 3810 simul
2575 3769 2764 3811 contra
2795 3758 3034 3812 omnium
3072 3758 3305 3827 impetus
3358 3774 3459 3828 op-

1862 3870 2064 3924 ponere
2095 3870 2154 3907 se
2187 3863 2376 3907 coacta
2407 3852 2499 3917 sit,
2536 3855 2719 3908 hostes
2779 3854 3027 3923 plerique
3088 3862 3297 3923 partem
3337 3854 3455 3923 ejus

1859 3943 2097 4011 aliquam
2121 3940 2468 4006 infestarunt,
2491 3940 2775 3996 universas
2802 3941 2988 4009 copias
3020 3956 3296 4009 nunquam
3323 3949 3453 3994 sunt

1859 4033 2124 4105 aggressi.
2159 4034 2502 4101 Quapropter
2527 4042 2584 4087 et
2612 4033 2889 4086 civitatem
2921 4032 3081 4095 hanc,
3139 4043 3195 4087 et
3252 4032 3452 4087 multos

1857 4138 2000 4193 saepe
2027 4124 2242 4187 vicisse,
2274 4131 2325 4176 ct
2357 4134 2617 4191 perpetuo
2650 4124 2910 4178 invictam
2961 4139 3281 4193 permanere
3332 4140 3449 4178 mc-

1856 4217 1965 4270 rito
1999 4215 2318 4269 dixerimus.
2357 4215 2496 4281 Quia
2534 4217 2678 4285 quod
2710 4218 2826 4285 ipsa
2870 4232 3028 4271 nemo
3059 4230 3295 4285 unquam
3350 4232 3449 4286 po-

1860 4308 1989 4362 titus
2015 4316 2117 4371 est,
2164 4322 2261 4361 nec
2286 4308 2404 4375 ejus
2467 4307 2749 4361 consilium
2810 4309 3059 4373 mutavit,
3111 4308 3454 4377 quandoqui-

1859 4396 1980 4448 dem
2012 4394 2237 4464 reliqute
2266 4394 2450 4448 clades
2482 4394 2548 4447 ad
2598 4395 2897 4449 exercitum
2950 4394 3288 4457 referuntur,
3324 4410 3447 4448 cum

1860 4487 1974 4556 ipsa
2010 4497 2119 4540 tam
2161 4487 2388 4540 consilia
2422 4486 2659 4540 hostium
2721 4500 2883 4553 quam
2926 4484 3070 4539 facta
3122 4485 3446 4554 subjugarit,

177 4555 307 4655 αὑτὴ
329 4586 385 4640 δὲ
405 4555 514 4649 ⁷τάς
536 4555 772 4655 ’γνώμας
798 4582 906 4635 τῶν
932 4581 1190 4635 ἐναντίων
1220 4582 1266 4613 ²⁰
1294 4579 1410 4651 ἅμα
1431 4555 1751 4648 τοές-έργοις

1878 4555 2054 4629 iartim
2089 4573 2269 4630 Xerxe
2300 4590 2366 4629 ex
2402 4584 2529 4629 voto
2557 4577 2775 4645 egregie
2809 4574 3019 4643 fugato,
3052 4576 3247 4644 partim
3288 4575 3451 4631 Lace-

174 4674 514 4743 δεδούλωται,
537 4674 747 4748 Ξέρξην
779 4675 881 4745 μὲν
909 4674 1135 4744 φεύγειν
1184 4672 1294 4725 ἀπὸ
1350 4672 1457 4725 τῶν
1493 4670 1753 4743 πραγμά-

177 4784 279 4822 των
308 4771 585 4840 ποιήσασα
632 4768 690 4820 έν
743 4766 911 4838 εὐχῆς
960 4767 1142 4837 μέρει,
1179 4765 1645 4836 Λακεδαιμονίους
1695 4763 1754 4816 δὲ

178 4862 503 4917 ἁνακλίνασα
529 4863 628 4931 οὐχ
647 4854 811 4933 ἦττον
836 4861 963 4923 τοὺς
998 4857 1349 4928 ἀκούονταςῆ
1377 4858 1505 4920 τοὺς
1550 4856 1608 4909 ὲν
1633 4855 1754 4918 ταῖς

181 4955 371 5025 μάχαις
401 4955 677 5026 παρόντας
702 4954 799 5007 καὶ
821 4951 1163 5015 πταίσαντας
1193 4950 1394 5005 αὐτῶν.

207 5046 334 5119 [Είς
362 5050 415 5101 τί
440 5047 755 5114 ἀνέκλινεν;
784 5046 918 5117 ήείς
946 5045 1007 5097 τὸ
1045 5042 1381 5114 ἐπιθυμῆσαι
1414 5044 1638 5114 εἰρήνης
1658 5041 1713 5114 ;]

246 5141 477 5213 Εἰρήνην
498 5143 540 5172 ²¹
571 5140 680 5212 γὰρ
712 5137 1131 5207 Λακεδαιμόνιοι
1178 5136 1500 5207 ἀπηξίωσαν
1523 5139 1751 5207 ποιήσα-

179 5232 295 5285 σθαι
328 5233 463 5303 πρὸς
498 5233 793 5303 Θηϐαίους,
848 5232 989 5303 μόνῃ
1022 5233 1090 5301 τῇ
1144 5230 1249 5283 τῶν
1297 5229 1598 5299 Ἀθηναίων
1650 5229 1751 5283 πό⁴

175 5318 253 5374 λει
307 5322 614 5395 νομίζοντες
682 5323 852 5376 είκειν
926 5319 1182 5391 εὐπρεπῆ
1238 5320 1530 5391 συμφορὰν
1587 5315 1752 5375 εἶναι.

1850 4667 2155 4732 daemoniis,
2194 4677 2250 4720 et
2275 4665 2609 4731 absentibus,
2640 4677 2695 4721 et
2726 4666 3111 4735 praesentibus,
3139 4676 3304 4738 atque
3361 4668 3449 4722 vi-

1851 4759 1953 4813 ctis
1977 4757 2271 4828 repressis.

1933 5041 2046 5114 [,Ad
2098 5041 2226 5111 quid
2258 5038 2557 5105 inclinavit,
2614 5041 2717 5097 nisi
2744 5043 2810 5097 ad
2838 5045 3185 5114 cupiditatem
3220 5045 3441 5121 paris?]

1930 5132 2142 5188 Etenim
2177 5130 2567 5187 Lacedanonii
2625 5148 2745 5187 cum
2780 5150 2881 5189 nec
2914 5151 3102 5205 pacem
3153 5153 3274 5191 cum
3302 5138 3443 5192 Tlte-

1858 5226 2014 5281 banis
2041 5224 2222 5280 facere
2251 5224 2626 5293 dignarentur,
2667 5226 2798 5279 solis
2827 5228 3055 5283 Athenis
3118 5229 3341 5281 honeste
3387 5244 3446 5285 se

1858 5333 2110 5375 cessuros
2145 5317 2271 5382 rati,
2298 5324 2354 5369 et
2383 5330 2507 5369 cum
2539 5317 2662 5373 aliis
2683 5332 2749 5371 ex
2768 5316 3141 5388 Peloponneso
3171 5320 3441 5390 conjuncti

1493 5437 1729 5494 VARIAE
1770 5437 2177 5494 LECTIONES.

247 5584 261 5613 ‘
292 5582 488 5651 μείζων
519 5584 581 5650 A,
610 5582 794 5653 μεῖζον
823 5582 883 5640 Β.
957 5585 978 5615 ⁸
1010 5584 1159 5637 δοκεῖ
1181 5597 1293 5653 om.
1319 5578 1388 5632 A.
1465 5578 1486 5611 ⁸
1512 5578 1667 5653 τάξιν
1687 5578 1790 5653 ,καὶ
1819 5579 2179 5653 σωφροσύνην
2210 5598 2271 5644 ς.

2349 5579 2372 5612 ⁸
2402 5579 2784 5632 καταστάντων
2812 5577 2934 5631 add.
2966 5577 3031 5632 A.
3109 5578 3131 5609 ⁵
3163 5578 3441 5631 κεκυκλω-

181 5648 347 5722 μένων
377 5671 435 5717 ς.
503 5656 524 5688 ⁸
548 5648 797 5708 κάκείνου
828 5670 938 5708 orn.
966 5654 1030 5708 A.
1070 5655 1090 5684 "
1116 5651 1351 5722 ἀσμένου
1380 5666 1439 5722 ς.
1515 5649 1537 5722 ἕ
1567 5649 1842 5722 θαλάσσης
1871 5648 1955 5722 ς(
2012 5652 2036 5722 ‘l
2061 5651 2226 5722 τόπον
2252 5666 2363 5706 om.
2395 5652 2461 5722 Α,
2543 5650 2596 5722 ³ο-
2617 5649 2986 5722 ἀφορμὴνού,
3014 5648 3343 5722 παρέχοντος
3376 5666 3439 5711 ςν.

182 5719 219 5795 ξ¹
252 5720 411 5795 οὕτω.
493 5726 535 5757 ι’
556 5725 921 5795 συνεχομένην
946 5740 1056 5779 om.
1093 5725 1158 5777 A.
1193 5718 1203 5722 ’
1240 5722 1281 5752 ’³
1311 5721 1448 5795 ὑπὲρ
1482 5721 1660 5772 αὐτῶν
1828 5721 1888 5771 οὐ
1922 5721 2042 5773 κατ’
2058 5721 2249 5795 ⁸αὐτῶν
2280 5722 2323 5772 Α
2354 5721 2474 5795 εμοὺ
2515 5720 2611 5795 καὶ
2652 5718 2833 5771 αὐτῶν
2872 5718 3152 5795 ἀλλξύ-πὲρ
3174 5720 3354 5771 αὐτῶν
3378 5735 3440 5795 ς,-ἐ

182 5789 223 5820 ¹⁵
246 5791 508 5867 διέλαϐον]
551 5810 602 5867 p.
632 5789 783 5867 280.:
843 5789 888 5826 “
911 5793 1078 5867 ὥστε]
1110 5810 1163 5866 p.
1200 5792 1327 5867 281ζ

180 5872 230 5912 et
255 5875 394 5917 corr.
419 5864 507 5919 A.‘
562 5865 604 5896 "
630 5865 854 5921 τοιαῦτα
884 5864 1008 5920 add.
1038 5866 1102 5919 A.

1200 5792 1327 5874 281:
1406 5791 1450 5821 “
1478 5792 1557 5843 ἔτι
1606 5804 1660 5857 p.
1682 5790 1811 5846 285.
1909 5793 1949 5822 ⁸⁷
1988 5791 2245 5861 πολεμεῖν
2275 5790 2411 5860 ὁμοῦ
2446 5791 2758 5859 ἠνάγκαστο
2779 5805 2840 5851 ς.
2953 5790 2996 5819 ¹⁸
3025 5790 3204 5875 ἀντήρί

1179 5865 1225 5897 ³ο
1252 5878 1365 5919 των
1396 5861 1657 5915 ἐναντίων
1684 5876 1793 5918 οιη.
1834 5861 1897 5929 Δ,
1923 5877 1951 5916 a
1984 5872 2291 5918 correctore
2324 5862 2485 5916 habet
2509 5860 2570 5913 Β.
2660 5860 2703 5892 ³⁸
2733 5860 2957 5930 εἰρήνην
2994 5876 3046 5929 p.
3076 5859 3204 5914 280.

1909 5793 1949 5822 ”
1988 5791 2245 5861 πολεμεῖν
2275 5789 2411 5875 ὁμού
2446 5791 2845 5875 ἡνπάγκοιίστοθςτἰ
2953 5790 2996 5819 ¹⁸
3025 5790 3367 5875 ἀντήρκεσαν
3400 5789 3443 5840 Β
