3960 6436
457 361 594 427 1479

1613 364 1877 425 ΡΗΟΤΙΙ
1912 364 2417 425 PATRIARCHIE
2458 357 2568 426 ΟΡ.

3579 365 3603 428 1
3621 365 3710 427 £85

455 490 577 528 cum
625 487 689 527 ea
736 471 1132 540 petentioribus
1177 481 1492 538 serventur,
1542 483 1705 543 atque
1750 475 1914 529 etiam
1966 476 2034 529 ad

2155 474 2532 541 γίνεται.”Ωστ⁹
2552 475 2605 527 εῒ
2621 490 2705 537 τις
2730 472 3165 544 ἀκριϐολογεῖται
3188 474 3318 546 περὶ
3338 475 3448 529 τῶν
3467 476 3710 540 δικαίων,

460 568 591 620 deos
627 567 770 634 ipsos
811 580 921 633 pra:
971 564 1138 618 nimia
1189 566 1458 635 sapientia
1495 568 1772 635 procedet,
1809 582 2034 636 eosque,

458 657 602 727 quod
644 671 746 709 non
784 670 941 724 aequo
974 655 1099 723 jure
1154 671 1301 717 cum,
1340 658 1650 712 hominibus
1702 667 1888 725 agant,
1943 660 2038 713 sed

461 748 749 816 imperium
784 747 887 801 sibi
929 756 1213 815 arrogent,
1262 747 1710 803 calumniabitur.
1748 748 1855 804 Sed
1901 751 2037 816 haec,

460 850 520 893 nt
564 841 820 901 arbitror,
884 840 954 896 ab
1003 840 1071 895 iis
1143 841 1509 909 disputantur,
1563 843 1654 911 qui
1717 843 1769 895 in
1824 844 2041 913 angulis

461 929 698 993 educati,
739 928 908 984 solem
963 945 1239 999 nunquam
1297 930 1568 994 viderunt,
1617 947 1645 985 a
1700 947 1807 1001 quo
1861 934 2041 987 solent

464 1020 583 1074 alia;
617 1019 785 1075 stella:
812 1020 1016 1076 lumine
1045 1022 1267 1089 privari.
1303 1021 1398 1075 Sin
1439 1023 1553 1077 hac
1582 1026 1891 1079 necessario
1915 1040 2037 1079 cum

464 1112 609 1165 omni
647 1112 872 1180 imperio
896 1116 1194 1181 cohaerent,
1228 1123 1421 1182 estque
1459 1113 1561 1169 hoc
1597 1116 1807 1184 imperii
1846 1115 1955 1184 jus,
1983 1126 2043 1170 ut

466 1202 718 1272 princeps
764 1204 958 1272 potiori
991 1203 1205 1272 sitjure
1243 1220 1403 1274 quam
1442 1206 1621 1259 cmteri
1654 1224 1667 1260 :
1716 1206 1788 1260 ita
1826 1209 2041 1260 demum

467 1296 693 1359 cedam,
730 1296 774 1349 si
825 1311 928 1364 qua
973 1296 1055 1349 vel
1102 1296 1326 1365 Graeca,
1384 1299 1467 1352 vel
1520 1297 1752 1353 barbara
1799 1310 2042 1368 potestas

469 1387 649 1441 minus
698 1387 910 1455 imperii
953 1386 1098 1453 jure,
1158 1404 1321 1457 quam
1376 1390 1607 1458 populus
1669 1390 2041 1457 Atheniensis,

468 1491 564 1530 usa
618 1477 1041 1533 demonstretur.
1094 1480 1560 1545 Quemadmodum
1611 1481 1754 1536 enim
1801 1484 1856 1536 in
1902 1496 2044 1552 pra:-

468 1568 632 1622 claris
662 1568 904 1624 consiliis
927 1571 1114 1639 optimi
1165 1571 1395 1639 alicujus
1436 1574 1534 1627 viri
1572 1588 1774 1628 morem
1828 1585 2045 1629 secutus

468 1668 573 1725 est,
601 1660 673 1712 ita
710 1659 764 1713 in
796 1660 863 1715 iis
903 1675 1022 1729 qua:
1055 1661 1462 1717 calumniantur
1497 1664 1767 1728 nonnulli,
1806 1679 1911 1718 non
1954 1679 2044 1719 se-

470 1751 706 1804 cundum
737 1764 1082 1805 communem
1113 1751 1393 1806 hominum
1429 1764 1701 1820 naturam,
1734 1756 1829 1809 sed
1876 1756 2046 1824 impe-

2140 566 2235 619 καὶ
2263 566 2525 635 σοφιστὴς
2575 561 2714 618 εἶναι
2762 565 2962 635 μᾶλλον
2991 566 3239 635 βούλεται
3267 568 3301 637 ἢ
3334 569 3400 638 τῇ
3441 568 3551 620 τῶν
3577 585 3714 640 πρα-

2139 654 2368 723 γμάτων
2397 654 2558 724 φύσει
2586 656 2911 724 συγχωρεῖν,
2940 655 3041 707 οὐκ
3068 654 3135 708 ἂν
3170 655 3359 722 φθάνοι
3398 655 3713 726 διαγράφων

2140 749 2320 808 πάσας
2368 746 2542 815 ἀρχὰς
2590 747 2686 799 καὶ
2738 746 2995 816 δυνάμεις
3047 744 3252 809 ἁπλῶς,
3284 746 3361 808 ὡς
3406 745 3625 802 ἅπαντά
3650 764 3712 815 γε

2137 837 2313 891 ταῦτά
2344 837 2490 889 ἐστιν
2520 837 2579 890 ὲν
2601 836 2677 908 τῷ
2703 836 2891 907 θεσμῷ
2919 835 3014 889 τοῦ
3037 838 3341 909 κρείττονος
3360 836 3428 891 ⁷⁵.
3450 835 3585 891 Εἶτα
3614 839 3718 893 ὑπὸ

2142 927 2334 995 σοφίας
2386 929 2562 982 ἄνεισι
2605 928 2764 998 μέχρι
2805 929 2913 981 τῶν
2953 928 3088 981 θεῶν
3130 929 3386 999 ἐλέγχων,
3417 931 3514 984 καὶ
3544 931 3714 999 λέγων

2139 1021 2217 1085 ὡς
2249 1023 2371 1074 οὐδὲ
2399 1018 2546 1076 οὗτοι
2567 1025 2679 1086 τοῖς
2706 1022 3011 1093 ἀνθρώποις
3037 1024 3095 1090 ἐξ
3124 1024 3238 1077 ἴσου
3273 1023 3712 1095 προσομιλοῦσιν,

2142 1112 2259 1166 ἀλλ’
2314 1113 2547 1185 ᾕρηνται
2604 1114 2888 1185 κρείττους
2926 1110 3085 1170 εἶναι.
3136 1116 3297 1181 Ἀλλ’,
3355 1111 3530 1185 οἶμαι,
3563 1115 3713 1169 ταῦτ’

2143 1205 2259 1257 ὲστὶ
2288 1206 2493 1272 γωνίας
2548 1205 2717 1273 ἀξίων
2768 1205 3092 1276 ἀνθρώπων,
3149 1207 3245 1259 καὶ
3283 1205 3375 1259 τὸν
3422 1206 3571 1276 ἥλιον
3619 1208 3713 1276 οὐχ

2144 1297 2489 1367 ἑωρακότων,
2522 1297 2583 1362 ὃς
2622 1298 2935 1367 ἀφαιρεῖται
2980 1296 3107 1359 τοὺς
3155 1294 3347 1359 ἄλλους
3398 1298 3634 1367 ἀστέρας
3658 1300 3713 1350 τὸ

2146 1390 2453 1459 φαίνεσθαι.
2482 1390 2545 1442 El
2567 1389 2624 1442 δὲ
2652 1390 2947 1456 ἀναγκαῖον
2975 1387 3038 1441 τὸ
3066 1385 3217 1457 πάσῃ
3243 1388 3531 1458 δυναστείᾳ
3552 1390 3596 1421 ⁷³
3621 1388 3713 1441 καὶ

2146 1482 2295 1551 πάσῃ
2343 1481 2633 1551 περιουσίᾳ
2682 1481 2753 1533 τὰ
2796 1479 3020 1533 τοιαῦτα
3072 1481 3374 1547 προσεῖναι,
3415 1480 3508 1531 καὶ
3562 1473 3714 1541 οὗτός

2146 1573 2296 1625 ἐστιν
2352 1572 2529 1641 ἀρχῆς
2564 1570 2787 1641 θεσμὸς,
2840 1571 2916 1640 μὴ
2947 1569 3055 1623 ἀπὸ
3092 1568 3186 1622 τοῦ
3230 1569 3346 1621 τσου
3407 1570 3543 1637 «pb;
3588 1571 3713 1630 τοὺς

2147 1664 2423 1731 ὑπηκόους
2463 1662 2765 1733 κρίνεσθαι,
2804 1662 2928 1715 τότε
2963 1660 3127 1714 νικῶν
3173 1660 3351 1714 ἀπίτω
3381 1661 3426 1692 ⁷⁸
3454 1678 3556 1725 τις,
3587 1661 3714 1713 ὅταν

2146 1757 2294 1828 δείξῃ
2327 1756 2434 1808 τῶν
2474 1756 2649 1811 ἄλλων
2679 1757 2785 1808 εἴτε
2828 1754 3150 1825 Ἑλληνικῶν
3180 1754 3460 1824 δυνάμεων
3489 1755 3596 1806 εἴτε
3623 1753 3715 1805 καὶ

470 1840 537 1894 rii
586 1840 914 1897 necessitate
965 1843 1159 1897 ductus
1208 1846 1469 1911 peccavit.
1510 1819 1755 1913 Cumque
1801 1819 2043 1916 potentia

2155 1819 2500 1916 βαρξαρικῶν
2547 1845 2836 1916 βασιλειῶν
2871 1819 3153 1914 ἡντιναοῦν
3203 1819 3446 1898 ἐλάττονι
3485 1845 3561 1915 τῷ
3618 1844 3717 1911 τῆς

470 1948 567 1990 sua
598 1934 886 2002 imperium
918 1944 1066 1989 esset
1088 1937 1156 1990 ab
1186 1936 1342 1990 initio
1369 1938 1614 2006 adeptus,
1655 1955 1753 2008 per
1789 1941 2046 1994 humani-

475 2033 637 2078 tatem
668 2024 810 2079 ultro
836 2025 1061 2090 dimisit,
1097 2040 1160 2080 ac
1192 2027 1305 2096 ipse
1329 2027 1528 2099 507a
1582 2045 1718 2098 pene
1769 2031 1871 2084 sibi
1932 2033 2043 2086 cri-

474 2114 681 2169 minum
719 2126 806 2169 est
834 2125 1024 2169 auctor
1058 2114 1253 2172 factus.
1299 2118 1432 2171 Nam
1474 2134 1599 2171 cum
1646 2119 1880 2173 maxima
1920 2133 2048 2189 erga

474 2220 670 2261 omnes
704 2205 1073 2261 familiaritate
1104 2220 1268 2277 atque
1295 2210 1668 2264 moderatione
1717 2226 1846 2264 usus
1882 2221 2046 2277 esset,

473 2308 676 2363 eosque
723 2296 900 2363 magis
955 2296 1008 2349 in
1064 2296 1376 2365 reipublij
1421 2298 1735 2352 societatem
1790 2301 2051 2368 quodam-

478 2389 637 2442 modo
670 2397 940 2453 vocasset,
976 2402 1140 2456 quam
1173 2389 1514 2458 principatus
1538 2391 1664 2458 jure
1688 2391 2042 2457 cohibuisset,

478 2480 617 2534 idem
653 2478 791 2542 fere,
818 2478 967 2547 quod
1008 2479 1151 2533 solet
1192 2480 1443 2548 benignis
1494 2480 1730 2535 dominis
1773 2480 2049 2547 accidere,

477 2584 669 2640 passus
728 2577 833 2636 est,
880 2579 940 2623 ιιι
994 2584 1101 2623 non
1161 2580 1382 2638 propter
1430 2581 1683 2624 czeteram
1736 2572 2050 2640 equitatem

479 2662 757 2731 gratiosus
802 2669 969 2724 esset,
1019 2660 1112 2715 sed
1155 2675 1279 2714 cum
1332 2661 1458 2730 quid
1510 2662 1831 2732 postularet,
1865 2674 2054 2733 aperte

476 2756 584 2807 vim
633 2753 818 2807 facere
864 2752 1161 2805 videretur.
1208 2751 1349 2817 Quin
1390 2752 1663 2819 siquidem
1710 2754 1761 2807 in
1803 2769 1920 2820 cos,
1962 2755 2053 2823 qui

480 2856 580 2911 pro
636 2842 849 2897 civibus
882 2855 1002 2895 sese
1039 2842 1322 2910 gerebant,
1370 2841 1484 2895 haec
1527 2843 1880 2910 perpetravit,
1923 2844 2056 2898 nihil

477 2941 606 2988 veto
654 2932 945 3001 quominus
988 2931 1319 2985 incusetur:
1374 2930 1457 2984 sin
1509 2946 1639 2986 vero
1682 2933 1807 3001 quia
1858 2934 2055 3003 partim

482 3022 817 3087 defecerant,
858 3028 1092 3091 eumque
1146 3029 1346 3090 praeter
1409 3020 1727 3092 dignitatem
1777 3034 2059 3080 contume-

483 3118 617 3171 liose
642 3124 987 3185 acceperant,
1005 3116 1198 3184 partim
1215 3120 1433 3183 apertos
1454 3130 1516 3170 se
1532 3115 1713 3171 hostes
1729 3117 2059 3185 proﬁteban-

487 3221 595 3275 tur,
626 3210 847 3265 dubium
883 3224 990 3263 non
1029 3208 1373 3279 relinquitur,
1420 3208 1552 3279 quin
1597 3208 1633 3261 ii
1678 3208 1769 3277 qui
1817 3209 2055 3263 necessi-

485 3313 653 3359 tatem
749 3303 1053 3359 attulerunt
1087 3342 1107 3371 ,
1202 3304 1407 3359 crimen
1514 3316 1675 3357 omne
1734 3302 2056 3357 sustineant.

483 3395 621 3450 Nam
684 3404 741 3450 ct
789 3395 861 3449 illi
919 3408 986 3450 eo
1050 3394 1203 3464 quasi
1280 3394 1503 3463 pignore
1570 3394 1820 3447 videntur
1887 3407 2061 3464 eaque

485 3488 680 3543 liducia
739 3487 866 3541 elati
924 3501 1204 3558 peccasse,
1257 3502 1362 3539 non
1425 3485 1567 3553 quod
1617 3486 1748 3541 urbe
1802 3498 2061 3557 perpetuo

486 3595 548 3635 se
619 3580 778 3649 potiri
834 3595 993 3647 posse
1062 3581 1368 3641 crederent,
1408 3579 1503 3632 sed
1554 3579 1694 3647 quod
1739 3593 1837 3633 nec
1890 3580 2063 3635 victos

486 3672 706 3740 gravius
774 3671 1065 3739 quidquam
1147 3684 1268 3723 esse
1358 3683 1613 3739 passuros
1681 3668 2060 3735 conﬁderent,

488 3778 613 3815 cuin
680 3762 1045 3815 Athenienses
1124 3775 1314 3814 natura
1408 3770 1593 3815 essent
1672 3760 1740 3814 ad
1819 3760 2064 3817 homines

489 3852 892 3906 conservandos
971 3850 1244 3919 propensi.
1317 3849 1471 3915 Quod
1536 3850 1681 3903 enim
1745 3852 1811 3905 de
1862 3849 2063 3920 Mityle-

492 3943 750 3996 nensibus
848 3943 1125 3995 decretum
1229 3951 1585 4005 revocarunt,
1686 3956 1809 4009 quae
1890 3951 2067 4009 potest

493 4032 688 4087 civitas
721 4032 915 4103 primis
947 4032 1193 4085 consiliis
1226 4033 1484 4085 vincere?
1513 4032 1584 4087 Ut
1616 4032 1759 4085 enim
1794 4049 1914 4100 qua:
1955 4034 2066 4102 pri-

492 4125 581 4178 die
613 4134 939 4186 statuerant,
976 4123 1163 4192 judicii
1206 4132 1364 4176 erant
1440 4131 1497 4177 et
1541 4124 1754 4193 injuria!
1782 4134 2015 4194 acceptae
2046 4140 2065 4178 :

494 4216 568 4268 ita
596 4230 715 4284 quae
740 4215 1001 4283 postridie
1028 4222 1331 4278 mutarunt,
1364 4214 1533 4269 solius
1562 4225 1717 4269 erant
1745 4217 1916 4279 urbis,
1941 4230 2065 4271 cum

490 4306 711 4375 quidem
765 4307 1003 4361 triremis
1048 4320 1153 4359 una
1204 4315 1291 4360 est
1344 4305 1569 4359 alteram
1623 4317 1898 4363 assecuta.
1945 4307 2066 4363 iam

490 4414 618 4455 cum
652 4400 889 4454 hominis
916 4397 1160 4465 cujusvis
1191 4396 1565 4452 defensionem
1598 4413 1721 4452 cum
1760 4400 1901 4453 {acto
1934 4416 2068 4454 con-

2150 1939 2462 2002 πλεονεξίας
2498 1939 2806 2007 γιγνομένῳ
2833 1937 3205 2008 χρησαμένην,
3237 1937 3271 2007 ἢ
3301 1937 3393 1989 τὸν
3422 1936 3531 1989 τῶν
3572 1937 3720 2006 Αθη-

2147 2031 2315 2085 ναίων
2367 2030 2540 2100 δῆμον
2582 2031 2729 2084 ἔστιν
2768 2031 2969 2098 εὑρεῖν.
3003 2029 3308 2097 Φανήσεται
3330 2027 3459 2097 γὰρ,
3491 2027 3528 2080 ἃ
3557 2028 3655 2098 μὲν
3675 2029 3721 2059 ⁷⁷

2146 2121 2514 2191 διαφερόντως
2563 2120 2941 2182 ἐϐουλεύσατο,
2978 2119 3097 2182 ἑνὸς
3141 2119 3331 2188 ἀνδρὸς
3369 2117 3489 2187 ἤθει
3518 2135 3720 2188 κεχρη-

2154 2213 2315 2281 μένος
2342 2212 2437 2265 τοῦ
2494 2211 2795 2282 βελτίστου,
2832 2211 2868 2265 ὃ.
2897 2210 2954 2264 δὲ
3004 2209 3293 2278 ἐγκαλοῦσι
3327 2227 3493 2272 τινες,
3544 2210 3607 2262 οὐ
3654 2213 3721 2280 τῇ

2153 2306 2306 2373 κοινῇ
2330 2303 2490 2372 φύσει
2523 2304 2631 2356 τῶν
2659 2304 2962 2375 ἀνθρώπων
2991 2301 3333 2374 ἐξαμαρτὼν,
3368 2303 3504 2356 ἀλλά
3531 2306 3598 2373 τῇ
3630 2305 3724 2371 τῆς

2151 2398 2326 2469 ἀρχῆς
2353 2397 2726 2468 ἀκολουθήσας
2764 2398 2999 2470 ἀνάγκῃ,
3054 2397 3212 2471 [1229
3240 2396 3332 2469 8.]
3382 2400 3474 2452 καὶ
3500 2399 3724 2468 δυνάμει

2157 2490 2257 2559 μὲν
2295 2490 2481 2559 ἄρχων
2506 2490 2777 2553 καταστὰς
2823 2490 2886 2542 τὸ
2924 2491 2983 2553 ἐξ
3012 2491 3204 2560 ἀρχῆς,
3251 2489 3633 2561 φιλανἾρωπίᾳ
3668 2492 3726 2544 δί

2152 2581 2215 2634 τὺ
2257 2584 2359 2651 τῆς
2396 2582 2569 2651 ἀρχῆς
2618 2581 2853 2644 δεδοικὺς
2896 2581 2941 2613 ⁷⁸
2981 2581 3121 2635 ἑκὼν
3154 2582 3361 2652 μεθεὶς,
3393 2582 3490 2635 καὶ
3540 2582 3729 2651 σχεδὸν

2152 2671 2262 2725 τῶν
2308 2673 2671 2743 ἐγκλημάτων
2706 2674 2878 2737 αῐτιος
2928 2673 3078 2743 αύτῷ
3100 2674 3145 2706 ⁷⁹
3175 2674 3432 2742 γεγονώς.
3484 2674 3727 2745 Πλείστῳ

2154 2763 2263 2834 γάρ
2287 2763 2367 2834 τῷ
2403 2762 2565 2834 κοινῷ
2587 2764 2682 2816 καὶ
2714 2764 2919 2835 μετρίῳ
2950 2764 3086 2833 πρὸς
3114 2764 3328 2817 ἅπαντα
3359 2766 3727 2835 χρησάμενος,

2156 2852 2252 2904 καὶ
2299 2853 2499 2922 τρόπον
2553 2852 2673 2905 τινὰ
2722 2854 2821 2922 τῆς
2876 2853 3155 2917 πολιτείας
3205 2853 3406 2923 μᾶλλον
3437 2855 3731 2917 κοινωνοὺς

2157 2943 2527 3014 ποιησάμενος
2575 2944 2608 3014 ἢ
2660 2944 2982 3007 δυναστείας
3029 2945 3179 3015 νόμῳ
3210 2946 3477 3016 κατέχων,
3522 2946 3724 3000 ταυτὸν

2156 3036 2269 3096 τοῖς
2309 3036 2566 3104 χρηστοῖς
2597 3034 2764 3088 ἔπαθε
2808 3035 2916 3088 τῶν
2944 3034 3249 3088 δεσποτῶν·
3276 3036 3340 3089 οὐ
3375 3038 3482 3105 γὰρ
3515 3036 3605 3089 διὰ
3632 3037 3732 3106 τὴν

2159 3124 2327 3193 ἀλλην
2351 3125 2651 3178 ἐπιείκειαν
2682 3125 2903 3195 χάριτος
2944 3127 3073 3197 παρ’
3104 3126 3261 3180 ἐνίων
3300 3126 3508 3198 ἔτυχεν,
3533 3129 3648 3181 ἀλλ’
3681 3128 3736 3181 ετ

2112 3213 2127 3229 ⁸
2162 3232 2215 3268 τι
2248 3216 2714 3285 προσηνάγκασιν,
2762 3217 3041 3285 ἐπιφανῶς
3094 3217 3242 3284 ἔδοξε
3269 3218 3572 3288 βιάζεσθαι.
3621 3220 3733 3272 Καὶ

2165 3306 2271 3376 μὴν
2294 3306 2345 3338 ⁸⁸
2372 3307 2420 3358 εί
2457 3306 2556 3377 μὲν
2577 3307 2795 3377 ἔχοντας
2827 3307 2887 3360 τὸ
2918 3308 3023 3360 τῶν
3051 3308 3308 3379 ὑπηκόων
3340 3312 3521 3380 σχῆμα
3556 3310 3730 3363 ταῦτα

2162 3399 2524 3468 εἰργασμένος
2563 3399 2835 3467 φαίνεται,
2866 3399 3045 3470 δῶμεν
3073 3403 3185 3463 τοῖς
3213 3400 3453 3454 ἐθέλουσι
3488 3402 3733 3472 βλασφη-

2166 3491 2320 3557 μεῖν·
2354 3489 2404 3540 s!
2446 3488 2501 3541 δὲ
2530 3489 2661 3551 τοὺς
2694 3488 2794 3557 μὲν
2819 3489 3161 3553 ἀποστάντας
3195 3487 3321 3560 [664
3344 3489 3437 3562 [1.]
3475 3494 3571 3544 καὶ
3603 3493 3733 3563 παρ’

2163 3577 2320 3641 ἀξίαν
2351 3577 2681 3648 ὑϐρίσαντας
2710 3579 2793 3642 είς
2825 3578 3009 3645 αὑτὸν,
3043 3580 3171 3643 τοὺς
3198 3580 3252 3633 δὲ
3278 3582 3343 3633 ὲκ
3372 3581 3465 3634 τοῦ
3495 3582 3729 3651 φανεροῦ

2163 3668 2455 3738 πολεμίους
2515 3669 2696 3735 ὄντας,
2738 3671 2989 3742 ποτέροις
3029 3672 3180 3739 ἀξιον
3228 3672 3511 3740 ἑγκαλεῖνς
3565 3669 3731 3744 Οἶμαί

2163 3775 2228 3827 γε
2264 3760 2306 3791 ³¹
2351 3762 2460 3823 τοῖς
2498 3759 2599 3830 τὴν
2634 3762 2880 3833 ἀνάγκην
2919 3763 3311 3834 παρασχοῦσιν.
3350 3763 3503 3817 Ἐπεὶ
3545 3766 3730 3819 κάκεϊο

2164 3851 2244 3903 νοί
2267 3852 2312 3882 ⁸¹
2343 3868 2433 3920 μοι
2460 3851 2708 3906 δοκοῦσιν
2730 3852 2917 3924 ὥσπερ
2946 3855 3199 3926 ὲνέγυρον
3230 3855 3363 3908 αὐτὸ
3397 3855 3554 3909 τοῦτο
3578 3857 3729 3927 ἔχον-

2164 3957 2254 4005 τες
2284 3942 2614 4013 ἐπαρθῆναι,
2647 3945 2744 3998 καὶ
2788 3944 2961 4015 τούτῳ
2990 3946 3038 3978 ⁸³
3080 3946 3314 4015 μάλιστα
3344 3948 3730 4014 πιστεύσαντες

2168 4033 2454 4104 ἁμαρτεῖν,
2490 4035 2551 4086 ού
2593 4036 2669 4105 τῷ
2688 4035 2735 4067 ⁸⁸
2763 4035 2851 4089 διὰ
2884 4036 3071 4100 τέλους
3112 4040 3406 4109 κρατήσειν
3429 4039 3475 4070 ⁸³
3502 4040 3599 4110 τῆς
3637 4042 3734 4093 πό-

2169 4123 2329 4189 λεως,
2362 4124 2497 4177 ἀλλὰ
2522 4125 2600 4194 τῷ
2626 4126 2748 4196 μηδ’
2782 4125 2847 4179 ἂν
2876 4126 3122 4196 ληφθῶσι
3162 4129 3327 4198 μηδὲν
3345 4129 3516 4183 δεινὸν
3546 4132 3732 4184 πείσε⁹

2170 4216 2316 4281 σθαι,
2335 4217 2409 4280 ὼς
2435 4217 2753 4286 Ἀθηναίους
2781 4234 2846 4285 γε
2874 4220 3188 4287 πεφυκότας
3213 4219 3427 4282 σώζειν.
3450 4221 3616 4291 Δῆλον
3637 4223 3696 4275 δέ
3713 4238 3732 4257 ο

2166 4306 2203 4362 ἃ
2232 4308 2341 4377 γὰρ
2388 4309 2517 4377 περὶ
2546 4309 2929 4378 Μιτυληναίων
2969 4310 3337 4378 μετέγνωσαν,
3372 4312 3455 4374 τίς
3501 4313 3612 4382 ἔχει
3652 4331 3732 4367 νι-

2169 4400 2335 4469 κῆσαι
2390 4400 2543 4463 πόλις
2586 4397 2666 4465 οἷς
2706 4400 2767 4466 ἐξ
2814 4403 2989 4472 ἀρχῆς
3040 4403 3394 4458 ἐϐουλεύσατο
3424 4405 3502 4471 ⁸⁶;
3540 4408 3736 4460 ἐκεῖνοι

486 4490 736 4560 junctam
790 4503 981 4544 omnes
1039 4487 1339 4557 recipiant,
1402 4488 1573 4543 miror
1622 4504 1717 4545 eos
1767 4490 1919 4545 urbis
1976 4506 2053 4546 re:

2172 4493 2279 4561 γὰρ
2308 4491 2344 4546 ἃ
2376 4491 2475 4562 μὲν
2499 4495 2566 4563 τῇ
2592 4493 2891 4564 προτεραίᾳ
2927 4494 3239 4563 διέγνωσαν,
3279 4496 3376 4566 τῆς
3411 4498 3645 4566 κρίσεως
3668 4494 3735 4568 ἦν

493 4591 677 4647 gestas
727 4591 805 4635 tot
850 4597 916 4637 ac
955 4589 1156 4646 tantas,
1210 4581 1407 4651 quibus
1461 4579 1551 4635 illa
1600 4596 1660 4637 se
1716 4591 1928 4652 purgat,
1964 4598 2069 4638 non

495 4675 867 4729 considerare.
942 4674 1025 4727 An
1074 4688 1205 4729 vero
1242 4673 1414 4729 solem
1471 4674 1689 4743 quidem
1747 4690 1814 4729 ae
1862 4675 2070 4742 lunam,

495 4780 601 4818 non
631 4764 701 4818 ob
736 4766 955 4829 damna,
1005 4778 1125 4833 qua:
1157 4763 1312 4819 nobis
1335 4764 1490 4828 dant,
1533 4764 1934 4829 accusabimus,
1966 4765 2064 4819 sed

495 4865 719 4925 propter
755 4858 1037 4909 commoda
1065 4858 1130 4910 alt
1160 4856 1292 4925 ipsis
1327 4855 1567 4925 profecta
1599 4856 1923 4910 mirabimur
1950 4875 1965 4911 :
1998 4858 2066 4913 de

497 4947 632 4999 urbe
658 4960 765 4999 non
789 4961 855 5000 ex
892 4946 1144 5000 universa
1175 4948 1292 5015 ejus
1321 4956 1538 5012 natura,
1571 4956 1627 5002 et
1655 4963 1778 5001 cum
1811 4948 2065 5003 omnibus

494 5035 890 5091 consuetudine
927 5050 991 5090 ac
1017 5035 1410 5104 familiaritate,
1432 5038 1527 5094 sed
1567 5053 1634 5094 ex
1672 5038 2062 5094 olfensionibus

490 5129 699 5199 aliquot
749 5128 1156 5200 judicabimus?
1200 5129 1317 5185 Non
1364 5141 1541 5202 puto:
1580 5132 1681 5186 nisi
1726 5132 1850 5200 quis
1899 5134 2065 5186 etiam

493 5220 720 5275 fulmina
764 5224 1012 5287 deorum,
1048 5236 1113 5275 ac
1137 5222 1400 5287 tonitrua,
1428 5231 1715 5292 motusque
1749 5231 1908 5276 terra)
1937 5222 2068 5277 velit

2171 4584 2262 4636 καὶ
2283 4576 2358 4636 ὧν
2381 4583 2637 4654 ἠδίκηντο
2660 4600 2673 4613 ο
2705 4584 2742 4638 ἃ
2766 4584 2821 4637 δὲ
2847 4586 2914 4655 τῇ
2960 4585 3219 4657 ὑστεραίᾳ
3247 4588 3613 4657 μετέγνωσαν,
3637 4594 3736 4659 τῆς

2168 4673 2378 4736 πόλεως
2419 4670 2486 4744 ἦν
2524 4674 2714 4744 μόνης.
2746 4675 2856 4729 Καὶ
2884 4678 2918 4746 ή
2962 4677 3194 4747 τριήρης
3228 4676 3324 4748 τὴν
3355 4680 3554 4750 τριήρη
3607 4698 3735 4733 κατ-

2166 4763 2401 4833 ειλήφει.
2428 4764 2703 4835 Θαυμάζω
2727 4766 2783 4818 δὲ
2819 4768 2866 4819 εἰ
2896 4767 3003 4820 τῶν
3036 4768 3135 4837 μὲν
3155 4769 3199 4799 ⁸⁷
3230 4769 3449 4823 ἰδιωτῶν
3476 4774 3573 4841 τήν
3593 4772 3731 4842 ἔργῳ

2166 4855 2365 4918 πάντες
2389 4856 2685 4924 ἀπολογίαν
2708 4855 2934 4924 τιμῶσι,
2956 4857 3051 4927 τῆς
3072 4856 3274 4922 πόλεως
3285 4858 3339 4911 δὲ
3356 4859 3403 4891 ⁸⁸
3424 4861 3521 4929 οὐχ
3542 4862 3729 4931 ὁρῶσιν

2166 4948 2216 5001 οἱ
2240 4947 2430 5016 σεμνοὶ
2460 4949 2528 5001 τὰ
2542 4947 2680 5017 ἔργα
2700 4948 2745 4979 ⁸⁸
2768 4948 2835 5001 δι’
2858 4948 2987 5001 οἴων
3015 4949 3108 5001 καὶ
3129 4949 3269 5003 ὅσων
3285 4950 3728 5020 ἀπολελόγηταιΜ

2170 5038 2299 5109 περὶ
2324 5038 2548 5093 τούτων.
2578 5040 2689 5093 Καὶ
2716 5039 2866 5108 ἡλίου
2900 5039 2944 5100 2⁸
2977 5040 3075 5109 μὲν
3122 5040 3215 5093 καὶ
3245 5041 3469 5112 σελήνης
3516 5044 3613 5113 οὐχ
3638 5045 3727 5097 ὅσα

2171 5130 2467 5200 βλάπτουσι
2513 5130 2946 5202 κατηγοροῦμεν,
2979 5131 3092 5185 ἀλλ’
3118 5134 3258 5186 ὅσων
3302 5135 3525 5201 ἀγαθῶν
3573 5138 3727 5188 αἴτιοι

2169 5222 2414 5291 γίνονται
2441 5223 2488 5256 ⁸⁸
2518 5222 2870 5295 θαυμάζομεν
2892 5241 2906 5255 ·
2952 5225 3051 5295 τὴν
3103 5225 3254 5278 πόλιν
3282 5227 3327 5279 δ’
3353 5225 3412 5290 ἐξ
3459 5221 3538 5281 ὧν
3575 5229 3727 5292 ἐνίοις

1759 5377 1992 5434 VARUE
2029 5374 2435 5437 LECTIONES.

597 5492 648 5564 ’ἦ
673 5492 982 5564 κρείττονος
1004 5493 1068 5558 Β,
1110 5493 1468 5564 κηρύττοντος
1489 5494 1553 5548 Δ.

490 5562 539 5595 ⁷⁸
571 5562 807 5626 δεδοικός
839 5565 883 5616 Α
909 5580 924 5616 :
957 5562 1205 5625 δεδωκώς
1233 5580 1296 5627 ς’.

490 5632 713 5705 κάκεῖνό
740 5649 820 5705 ς,Δ
876 5633 923 5664 ⁸⁸
943 5633 1138 5705 τούτῳ]
1159 5635 1261 5705 Δτοῦ
1293 5634 1360 5687 Α.

490 5702 535 5732 ⁸⁸
562 5703 617 5754 δὲ
663 5717 772 5755 om.
794 5703 836 5754 A

492 5772 556 5821 Α.
631 5772 678 5804 ⁹¹
705 5773 943 5839 γίνονται
966 5787 1076 5828 om.
1102 5773 1168 5827 A.

1656 5497 1701 5529 ⁷³
1732 5496 1880 5567 πάσῃ

1852 5513 1880 5570 ῃ
1906 5498 2192 5572 δυναστείᾳ
2227 5502 2325 5572 At

1394 5564 1439 5595 "
1463 5563 1623 5638 Δαὐτῷ
1674 5568 1765 5638 A_:
1802 5563 1897 5638 καὶ
1936 5567 2084 5638 αύτῷ
2117 5563 2177 5632 ς’]

1460 5634 1507 5711 ξδ
1526 5635 1586 5686 οὐ
1629 5636 1729 5707 τῷ]
1748 5637 1907 5711 -οὒτω
1936 5640 2001 5692 Α.
2056 5634 2123 5671 ’⁸⁸
2148 5634 2423 5711 ,κρατῆσαι

962 5704 1007 5733 ⁸⁸
1028 5704 1098 5755 τὰ
1116 5702 1282 5783 ξέργα
1308 5719 1419 5759 om.
1447 5704 1514 5760 Δ.
1554 5702 1689 5763 ante
1712 5702 1767 5761 δι
1805 5725 1991 5779 σεμνοι
2031 5702 2205 5779 ponit'
2226 5702 2371 5767 cor'r.
2414 5710 2474 5765 Β.
2551 5711 2597 5744 ⁸⁸
2626 5710 2969 5779 ἀπολογεῖται
3000 5713 3041 5765 A
3139 5712 3182 5743 ⁹¹
3218 5702 3475 5782 ηλιον’--
3507 5713 3727 5783 σελήνην

2521 5516 2602 5573 ιιι,
2682 5500 2966 5573 7⁶ἀῖτίστω
3014 5501 3077 5554 Α·
3120 5572 3125 5573 ,
3171 5502 3219 5534 ’⁷
3243 5500 3366 5573 μὲν]
3406 5501 3505 5570 μὲν
3534 5504 3641 5570 γάρ
3666 5504 3726 5562 Α.

2284 5570 2331 5601 ⁸⁸
2376 5569 2643 5694 μὴνᾸϊήν
2668 5571 2732 5626 Δ.
2797 5571 2839 5602 ⁸³
2867 5587 2929 5637 γε
2963 5588 3070 5624 om.
3102 5572 3165 5625 Α.
3245 5569 3323 5603 ’⁸⁸
3348 5569 3655 5626 ’κακεῖνοίΔ
3682 5612 3697 5626 .

2284 5641 2423 5694 rictu
2520 5678 2534 5694 .
2636 5641 2681 5673 ⁸⁸
2740 5640 3122 5694 ὲῦουλεύσαντο
3150 5643 3215 5693 Α.
3314 5642 3360 5673 ⁸⁷
3386 5642 3485 5694 μὲν
3521 5658 3629 5694 om.
3667 5642 3697 5694 Ε

2520 5678 2534 5695 .
2600 5640 2607 5642 “
2636 5641 2681 5673 ⁸⁸
2737 5640 3122 5711 εὕουλεύσαντο
3150 5643 3215 5693 Α.
3314 5642 3360 5673 ⁸⁷
3384 5642 3485 5711 μὲν
3521 5658 3629 5697 om.
3667 5642 3723 5695 Β.
