3960 6482
252 389 369 455 1481

1338 392 1861 452 BIBLIOTIIECA.
1904 417 1970 429 -
2008 394 2170 454 COD.
2214 394 2504 455 CCXLVI.

3364 395 3504 459 1482

249 479 653 550 προσέκρουσεν,
681 477 793 529 ἀλλ’
827 477 925 530 οὐκ
959 477 1018 542 ἐξ
1047 473 1121 532 ὧν
1155 479 1360 532 ἅπασιν
1393 481 1674 549 ὡμίλησεν
1704 481 1811 532 οὐδ’

1930 482 2266 545 ἮΙιΙΙΙΙΙΙῙὲὶΓῘ,
2325 480 2586 549 neglectis
2618 478 2996 534 communibus
3037 486 3200 548 atque
3234 481 3501 535 universis

244 574 303 623 ὲκ
335 568 429 634 τῆς
473 567 598 637 ὅλης
648 567 866 636 φύσεως
899 569 1192 640 κρινοῦμεν
1227 573 1308 635 ⁹⁸;
1352 571 1468 623 Οὐκ
1490 571 1672 640 οἴομαί
1730 587 1822 636 γε·

245 662 421 730 ῶσπερ
466 658 530 712 ἂν
581 658 633 712 εί
675 677 759 723 τις
790 661 1028 714 καὶτῶν
1074 661 1212 715 θεῶν
1234 661 1280 692 ³³
1314 663 1648 733 κατηγοροίη
1696 664 1824 726 τοὺς

244 753 508 822 σκηπτοὺς
547 753 640 804 καί
665 752 764 814 τὰς
801 752 1054 822 βροντὰς,
1083 754 1189 807 κᾶν
1218 755 1273 808 εἴ
1314 771 1364 807 τι
1404 755 1591 825 σεισθῇ
1618 756 1686 820 ³⁸,
1723 754 1824 817 τὰς

241 847 360 901 ὅλας
391 843 485 896 καὶ
515 844 699 906 κοινὰς
731 845 914 898 αὐτῶν
959 847 1283 916 εὐεργεσίας
1314 848 1600 919 ἀμελήσας
1623 849 1670 881 ⁹⁶
1693 867 1821 901 σκο-

241 939 378 990 πεῖν.
411 937 587 1007 Ἐχων
608 938 653 969 ³⁷
685 937 741 990 δὲ
771 938 944 991 πολλὰ
980 939 1210 992 καὶτῶν
1245 939 1472 1011 ὕστερον
1503 943 1698 1008 εἰπεῖν,
1729 943 1822 995 καὶ

1929 573 2228 629 beneﬁciis.
2266 573 2529 639 Quamvis
2559 583 2739 626 autem
2773 573 2943 625 multa
2976 587 3192 640 quoque
3233 574 3507 641 posterio-

1928 683 2050 723 rum
2082 677 2384 736 temporum
2406 665 2574 729 bella,
2603 665 2858 718 inusitata
2892 672 2948 718 et
2976 663 3215 718 inaudita
3249 672 3508 719 constan-

1929 760 2022 820 tia,
2060 758 2360 812 narrationi
2392 772 2524 811 mea:
2554 757 2760 825 reliqua
2797 755 2929 821 sint,
2968 767 3181 825 tempus
3211 767 3390 811 tamen
3424 773 3508 810 me

1928 847 2132 901 delicit.
2163 846 2509 916 QuaprOpter
2532 861 2697 899 unum
2725 846 2768 900 si
2795 845 3084 912 addidero,
3109 855 3283 899 totum
3310 847 3377 898 de
3407 845 3508 898 hac

1929 954 1986 993 re
2025 952 2331 992 sermonem
2372 937 2720 992 concludam.

243 1032 410 1102 μάχας
437 998 666 1094 ἀτόπους
699 1032 794 1084 καὶ
818 1034 1151 1104 τολμήματα
1173 998 1466 1105 θαυμαστά
1528 1038 1624 1090 καὶ
1686 998 1990 1103 ,καρτερίας
2035 1033 2352 1102 ὑπερφυεῖς,
2406 1031 2588 1085 οὐκέθ’
2657 1031 2769 1102 ὁρῶ
2814 1030 2906 1084 τδν
2957 1031 3150 1104 καιρὸν
3213 998 3504 1102 ἀρκοῦντα.

240 1118 495 1172 Τοσοῦτον
524 1117 568 1170 δ’
609 1117 687 1172 ἔτι
719 1119 763 1150 ⁹³
790 1123 1048 1189 προσθεὶς
1087 1126 1199 1186 τοῖς
1230 1124 1363 1194 περὶ
1392 1123 1596 1178 τούτων
1635 1125 1816 1192 λόγοις
1855 1123 2291 1194 ἀπαλλάττομαι.

307 1209 570 1279 Ὥσπερ⁹⁹
607 1211 714 1281 γὰρ
740 1213 1022 1281 προειδυῖα
1057 1214 1116 1280 ἐξ
1165 1217 1342 1286 ἀρχῆς
1390 1219 1424 1287 ἡ
1471 1215 1634 1284 φύσις
1691 1216 1820 1286 περὶ

235 1303 329 1372 τῆς
357 1302 586 1366 πόλεως,
626 1304 749 1357 ὅσον
772 1307 883 1368 τοῖς
915 1306 1098 1377 ἔργοις
1155 1309 1405 1379 προέίξειι
1440 1309 1548 1363 τῶν
1609 1309 1807 1372 ἄλλων,

236 1395 677 1448 κατεσκευάσατο
719 1398 856 1468 αὐτῇ
894 1400 1029 1467 πρὸς
1089 1400 1246 1466 ἀξίαν
1310 1403 1438 1464 τοὺς
1478 1403 1690 1472 λόγους,
1733 1402 1820 1454 ἵνα

233 1484 367 1555 αὐτή
402 1501 460 1536 τε
489 1489 750 1556 κοσμοῖτο
781 1488 888 1542 ὑπὸ
923 1491 1032 1544 τῶν
1065 1481 1261 1560 ἑαυτῆς
1295 1493 1539 1557 ἀγαθῶν,
1574 1495 1676 1547 κᾶν
1707 1511 1818 1546 τισι

232 1575 336 1626 τῶν
370 1575 550 1629 ἄλλων
581 1577 699 1648 δὲῃ,
741 1580 835 1631 καὶ
863 1579 1009 1633 τοῦτ’
1041 1581 1138 1653 ἔχῃ
1177 1585 1317 1652 μετά
1353 1583 1463 1634 τῶν
1516 1583 1690 1636 ἄλλων
1718 1601 1818 1653 χα-

234 1668 504 1738 ρίζεσθαι.
537 1670 812 1740 Πρότερον
837 1673 936 1744 μὲν
960 1669 1054 1728 οὖν
1092 1677 1218 1738 τοὺς
1251 1676 1702 1744 καταφεύγοντας
1737 1675 1823 1745 ἐφ’

231 1762 372 1830 ὑμᾶς
407 1760 519 1813 τῶν
594 1763 866 1834 Ἑλλήνων
922 1765 1250 1831 διεσώζετεο
1307 1769 1425 1820 νυνὶ
1474 1768 1521 1820 δ’
1585 1768 1823 1838 ἀτεχνῶς

231 1851 438 1914 πάντας
471 1850 798 1921 ἀνθρώπους
831 1853 926 1906 καὶ
953 1856 1132 1908 πάντα
1157 1853 1288 1926 γένη
1326 1857 1391 1926 τῇ
1424 1856 1690 1928 καλλίστῃ
1715 1858 1823 1909 τῶν

228 1942 562 2010 εὐεργεσιῶν
589 1944 836 2014 ἀνέχετε,
873 1945 1144 2015 ἡγεμόνες
1202 1947 1457 2009 παιδείας
1489 1949 1584 2000 καὶ
1631 1949 1824 2016 σοφίας

228 2035 444 2104 ἁπάσης
475 2035 781 2104 γινόμενοι.
830 2037 994 2090 Ἀλλά
1017 2038 1038 2069 ²
1077 2039 1185 2109 μὴν
1224 2039 1385 2092 πέντε
1419 2038 1518 2108 μὲν
1544 2039 1659 2093 ἔστι
1684 2041 1817 2110 μνή-
1861 2085 1902 2142 Β

225 2130 338 2200 μη³
374 2129 674 2197 βασιλειῶν
706 2142 723 2160 ⁸
762 2131 838 2202 μὴ
883 2131 1095 2200 γένοιτο
1151 2132 1209 2187 δὲ
1251 2133 1543 2191 πλειόνων.
1602 2135 1821 2190 Τούτων

221 2219 265 2272 δ’
299 2221 392 2272 ἐπὶ
427 2216 655 2290 μὲν’τῆς
702 2220 1003 2290 Ἀσσυρίων
1033 2223 1136 2294 τῆς
1170 2225 1562 2300 πρεσϐυτάτης
1594 2229 1825 2300 αίπρῶ-

217 2331 308 2366 ται
339 2314 444 2381 τῆς
470 2313 684 2376 πόλεώς
717 2317 823 2366 είσι
855 2315 1106 2386 πράξεις,
1141 2318 1237 2373 καὶ
1282 2317 1382 2374 ὅσα
1421 2320 1533 2374 τῶν
1561 2322 1721 2375 θείων
1746 2324 1826 2386 είς

218 2405 411 2458 τοῦτον
440 2406 710 2476 ἐμπίπτει
744 2407 836 2460 τὸν
861 2408 1088 2479 χρόνονο
1143 2414 1237 2466 ἐπὶ
1297 2413 1354 2467 δὲ
1414 2415 1514 2485 τῆς
1565 2414 1824 2486 δευτέρας

216 2497 384 2568 ᾔρετο
414 2500 448 2567 ή
478 2498 676 2564 πόλις⁴
711 2499 811 2570 τὴν
847 2501 903 2554 δὲ
938 2503 1130 2574 τρίτην
1169 2501 1260 2559 διὰ
1287 2507 1478 2569 τέλους
1531 2507 1783 2577 ἐνίκησεν
1807 2521 1821 2536 ·

215 2591 274 2645 ὲν
293 2590 352 2646 δὲ
374 2595 443 2662 τῇ
477 2593 720 2666 τετάρτῃ
745 2593 883 2664 μόνη
915 2596 1012 2666 μὲν
1033 2595 1320 2669 ἀντέσχεν,
1352 2600 1552 2670 ἄριστα
1569 2599 1615 2652 δ’
1647 2599 1823 2671 ἀπήλ-

213 2683 344 2748 λαξε
399 2685 518 2737 τῶν
561 2685 772 2739 ἄλλων·
829 2688 923 2739 ἐπὶ
975 2687 1032 2738 δὲ
1094 2691 1195 2759 τῆς
1230 2692 1412 2745 πάντα
1446 2692 1678 2762 ἀρίστης
1729 2692 1824 2745 καὶ

215 2774 516 2846 μεγίστης,
584 2775 685 2845 τῆς
739 2779 858 2829 νυνὶ
922 2777 1356 2850 καθεστηκυίας,
1425 2784 1495 2836 τὰ
1558 2784 1825 2853 πρεσϐεῖα

209 2865 420 2927 παντὸς
451 2865 575 2934 ἔχει
597 2865 695 2918 τοῦ
733 2866 1077 2937 Ἑλληνικοῦ,
1113 2875 1207 2925 καὶ
1264 2875 1595 2946 πέπραγενδ
1645 2875 1822 2941 οὕτως

208 2952 356 3008 ὥστε
397 2955 478 3025 μὴ
525 2955 728 3028 ῥᾳδίως
758 2956 824 3010 ἄν
853 2976 976 3012 τινα
1007 2963 1147 3034 αὐτῇ
1205 2963 1273 3018 τὰ
1303 2967 1505 3037 ἀρχαῖα
1559 2969 1682 3021 ἀντὶ
1713 2969 1823 3022 τῶν

206 3046 512 3116 παρόντων
542 3048 1118 3125 συνεύξασθαι.Γνοίη
1154 3054 1198 3106 δ’
1216 3055 1282 3108 ἄν
1308 3074 1391 3120 τις
1423 3059 1549 3112 ὅσον
1578 3063 1644 3130 τῇ
1673 3060 1823 3113 πόλει

207 3139 508 3208 περίεστιν
561 3141 625 3194 ὲκ
672 3141 766 3194 τοῦ
810 3149 1016 3208 παντὸς
1053 3147 1269 3210 αἰῶνος,
1312 3148 1475 3223 [1252
1509 3151 1602 3223 [1.]
1640 3155 1690 3206 εί
1757 3154 1824 3206 τὰ

204 3230 549 3302 ὑπάρχοντα
581 3234 742 3304 αὐτῇ,
780 3235 961 3292 πάντα
983 3239 1080 3310 μὲν
1117 3241 1217 3294 οὐκ
1247 3243 1376 3308 ἴσως
1403 3244 1652 3313 δυνατὸν,
1684 3246 1824 3315 μᾶλ-

202 3323 297 3377 λον
321 3325 383 3378 δὲ
406 3326 603 3393 σαφῶς
629 3326 918 3395 ἀδύνατον,
945 3333 1060 3385 ἀλλ’
1078 3333 1177 3387 ὅσα
1193 3352 1256 3404 γε
1288 3337 1545 3407 ἐγχωρεῖ,
1571 3340 1820 3409 μερίσας,

200 3414 381 3468 ἅλλοδ
411 3417 563 3488 ἄλλῃ
595 3418 752 3474 πόλει
800 3423 894 3477 καὶ
928 3423 1084 3496 χώρᾳ
1127 3427 1408 3496 προσθεὶς,
1459 3425 1581 3483 εἶτα
1639 3431 1827 3498 ἀγῶνα
1852 3423 1896 3481 C

196 3508 282 3578 τῷ
309 3509 474 3580 λόγῳ
512 3513 767 3582 ποιήσειε
786 3515 806 3545 ⁸
830 3515 1086 3588 καθάπερ
1114 3520 1355 3590 ποιητῶν
1383 3520 1416 3590 ἢ
1473 3522 1650 3592 χορῶν
1673 3524 1714 3576 ⁷.
1748 3523 1820 3576 Οὐ

196 3600 317 3671 γάρ
353 3617 458 3670 μοι
501 3601 657 3657 δοκεῖ
681 3605 779 3675 τήν
806 3607 1046 3662 νικῶσαν
1067 3611 1250 3680 εὑρεῖν
1281 3611 1346 3663 ἂν
1372 3611 1392 3642 ⁸
1425 3613 1647 3683 ῥᾳδίως.
1698 3609 1824 3666 Οἷον

193 3692 248 3744 εί
275 3692 648 3765 φιλοτιμοϊτο
680 3698 713 3768 ή
750 3697 848 3766 μὲν
899 3698 975 3762 ὡς
1031 3701 1226 3770 πρώτη
1271 3701 1400 3773 [665
1444 3702 1535 3775 1·1.]
1589 3703 1824 3757 τεκοῦσα

194 3786 261 3838 τὸ
288 3786 415 3841 τῶν
458 3789 772 3860 ἀνθρώπων
816 3792 996 3860 γένος,
1053 3796 1087 3866 ἡ
1123 3795 1181 3848 δὲ
1235 3795 1312 3859 ῶς
1369 3795 1563 3867 πρώτη
1603 3795 1826 3862 δείξασα

193 3883 338 3948 τοὺς
379 3885 670 3954 καρποὺς,
705 3888 739 3956 ἡ
770 3885 826 3939 δὲ
856 3888 933 3951 ῶς
962 3888 1240 3953 πλείστοις
1293 3890 1625 3960 μεταδοῦσα,
1679 3893 1711 3961 ἡ
1766 3891 1824 3944 δέ

191 3981 334 4044 τις⁹
367 3979 456 4042 ὡς
515 3980 714 4049 νόμους
746 3981 1138 4048 καταδείξασα,
1197 3985 1230 4052 ἡ
1286 3983 1344 4036 δὲ
1402 3982 1823 4054 πανηγύρεις¹⁰,

195 4076 231 4142 ὴ
273 4072 338 4124 δὲ
379 4073 468 4134 ὡς
498 4073 559 4125 ὲν
599 4073 909 4136 καλλίστοις
963 4075 1141 4127 κεῖται
1193 4079 1296 4145 γῆς
1330 4076 1448 4146 ἄμα
1477 4076 1573 4129 καὶ
1629 4075 1822 4130 θαλάτ-

192 4182 306 4234 της
339 4164 414 4230 “,
452 4167 491 4234 ἡ
525 4163 582 4216 δὲ
621 4167 734 4224 τοῖς
765 4166 864 4234 τῆς
908 4165 1100 4233 σοφίας
1134 4167 1359 4234 ἀγαθοῖς
1415 4167 1728 4234 ἀγάλλοιτο,
1791 4167 1824 4237 ἠ

189 4257 253 4310 δὲ
288 4258 405 4321 τὰς
442 4259 510 4309 ὲν
535 4259 646 4321 τοῖς
674 4258 932 4327 πολέμοις
987 4258 1216 4329 πράξεις
1247 4259 1565 4326 καταλέγοι,
1601 4259 1735 4329 ἄλλη
1767 4259 1825 4312 δὲ

190 4353 372 4414 ὅσους
403 4352 454 4382 η
518 4350 817 4413 ὑπεδέξατο
863 4351 973 4404 τῶν
1020 4352 1308 4422 Ἑλλήνων,
1347 4353 1379 4421 ἡ
1427 4352 1484 4404 δὲ
1518 4352 1615 4414 τὰς
1661 4355 1820 4405 ἀποι-

187 4443 332 4506 κίας
368 4442 448 4505 ἃς
488 4442 833 4504 ἀπέστειλεν,
866 4445 898 4510 ἡ
934 4443 990 4494 δὲ
1015 4444 1042 4495 ὃ
1075 4461 1126 4495 τι
1151 4444 1244 4496 καὶ
1267 4443 1382 4513 δοίη
1425 4461 1510 4505 τις
1539 4444 1675 4509 αὐτῇ
1708 4442 1820 4496 τῶν

186 4535 595 4605 ὑπαρχόντων
625 4536 689 4603 τῇ
726 4536 901 4594 πόλει.
932 4537 1069 4605 φήμ’
1097 4536 1275 4603 ἔγωγε
1323 4535 1540 4605 μάλιστ’
1584 4536 1651 4589 ἂν
1680 4536 1823 4589 οὕτω

179 4627 490 4695 γενέσθαι
517 4625 834 4695 καταφανὲς
866 4628 1086 4691 ὁπόσοις
1126 4628 1238 4680 τισὶ
1294 4629 1404 4692 τοῖς
1440 4628 1748 4698 κρείττοσιν
1789 4630 1822 4697 ἡ

1997 1213 2198 1268 Natura
2230 1214 2386 1284 quasi
2429 1215 2610 1270 sciens
2680 1213 2795 1268 fore
2839 1224 2898 1268 ut
2946 1214 3106 1268 rebus
3153 1215 3318 1283 gemis
3375 1213 3511 1268 alios

1927 1304 2058 1360 urbs
2092 1304 2250 1374 longe
2298 1305 2561 1370 vinceret,
2617 1305 2896 1358 orationes
2951 1303 3002 1358 ei
3051 1311 3105 1358 et
3155 1304 3365 1358 litteras
3412 1320 3512 1374 pro

1927 1395 2193 1465 dignitate
2228 1395 2441 1460 tribuit,
2473 1409 2582 1464 quo
2613 1403 2667 1448 et
2715 1395 2828 1462 ipsa
2874 1395 2988 1448 suis
3034 1397 3296 1461 gauderet
3346 1409 3513 1451 orna-

1927 1487 2148 1553 mentis,
2197 1496 2251 1540 et
2306 1487 2448 1550 aliis,
2495 1487 2540 1540 si
2589 1501 2725 1555 epus
2772 1497 2938 1550 esset,
2984 1485 3180 1558 4071)
3230 1502 3335 1543 una
3388 1505 3512 1543 cum

1930 1580 2153 1648 reliquis
2188 1579 2458 1648 impertiri
2493 1586 2698 1646 posset.
2735 1578 2868 1631 Cum
2915 1593 3048 1650 ergo
3095 1582 3248 1651 prius
3293 1580 3514 1635 Graecos

1929 1674 1994 1727 ad
2067 1687 2163 1728 vos
2217 1671 2597 1742 confugientes
2665 1675 3036 1739 servaveritis,
3105 1688 3247 1729 nunc
3320 1689 3512 1729 omnes

1931 1767 2181 1820 homines
2209 1773 2508 1837 gentesque
2571 1778 2799 1821 cunctas
2834 1768 3200 1836 pulcherrime
3236 1767 3509 1834 cxcipitis,

1930 1857 2091 1911 xenio
2132 1857 2437 1925 sapientize,
2485 1868 2539 1914 et
2595 1859 2857 1914 doctrinm
2905 1859 3073 1911 duces
3121 1857 3373 1911 omnibus
3416 1869 3514 1909 vos

1931 1951 2259 2016 praebentes,
2309 1963 2652 2020 cunctosque
2683 1961 2996 2021 purgantes.
3028 1949 3146 2004 Jam
3183 1965 3309 2005 cum
3350 1950 3507 2018 quin-

1930 2055 2035 2112 que
2069 2054 2446 2098 memorentur
2478 2059 2643 2113 regna
2671 2047 2794 2114 (nec
2824 2058 2952 2097 vero
2986 2043 3138 2110 plura
3167 2041 3511 2107 nascantur),

1933 2135 1983 2188 in
2033 2149 2223 2190 eorum
2279 2136 2722 2204 antiquissimum
2765 2136 3078 2207 Assyrium,
3128 2136 3318 2205 primae
3363 2133 3514 2187 urbis

1930 2242 2017 2282 res
2048 2239 2234 2296 gestae,
2281 2237 2336 2282 et
2364 2243 2483 2297 qua:
2527 2227 2595 2282 iis
2656 2227 2903 2298 propitiis
2945 2237 3067 2281 acta
3113 2235 3260 2293 sunt,
3307 2226 3515 2280 incide—

1931 2329 2092 2384 runt;
2148 2320 2200 2373 in
2254 2321 2493 2374 secundo
2537 2321 2708 2374 crevit
2752 2320 2880 2374 urbs
2916 2338 2932 2387 ;
2970 2319 3130 2374 tertio
3176 2319 3293 2388 ipsa
3351 2319 3510 2383 vicit;

1927 2421 2123 2480 quarto
2148 2426 2272 2468 cum
2314 2411 2426 2466 sola
2457 2413 2674 2478 restitit,
2715 2422 2823 2466 uim
2864 2411 3069 2481 optime
3100 2411 3340 2465 onmium
3375 2409 3512 2463 libe-

1930 2503 2071 2558 ravit
2103 2521 2116 2557 :
2149 2504 2199 2558 in
2235 2503 2340 2558 hoc
2367 2515 2547 2558 autem
2584 2505 2827 2558 omnium
2877 2504 3086 2572 optimo
3137 2519 3202 2558 ac
3242 2503 3508 2566 maximo,

1930 2597 2094 2650 totius
2136 2595 2364 2652 Graeciae
2414 2596 2622 2666 primas
2671 2604 2837 2660 tenet,
2872 2597 2944 2650 ita
2995 2606 3052 2650 ut
3093 2611 3197 2651 non
3232 2597 3428 2650 debeat
3460 2596 3510 2649 ei

1928 2692 2212 2759 quisquam
2237 2692 2524 2759 antiquum
2551 2698 2752 2743 statum
2783 2690 2898 2744 loco
2922 2689 3207 2757 praesentis
3227 2699 3510 2756 exoptare.

1927 2783 2142 2849 Quanta
2171 2797 2303 2838 vero
2335 2782 2498 2838 fuerit
2534 2782 2686 2837 urbis
2711 2783 2778 2836 ab
2804 2782 2951 2836 omni
2978 2793 3220 2850 tempore
3243 2790 3513 2849 prmstan-

1931 2876 2025 2937 tia,
2062 2873 2222 2928 facile
2258 2873 2552 2928 admodum
2600 2887 3061 2942 cognosceremus
3104 2871 3150 2925 si
3191 2869 3309 2938 ejus
3348 2885 3513 2922 orna-

1928 2976 2109 3022 menta
2143 2981 2249 3020 non
2274 2965 2495 3034 quidem
2533 2965 2716 3020 omnia
2751 2965 2897 3035 (nam
2930 2963 2983 3018 id
3013 2962 3234 3016 omnino
3256 2960 3372 3015 ﬁeri
3403 2974 3511 3013 non

1927 3059 2154 3128 potest),
2199 3059 2294 3114 sed
2340 3059 2548 3126 aliquot
2601 3058 2651 3112 in
2702 3057 2886 3110 varias
2927 3055 3093 3110 urbes
3145 3069 3209 3108 ac
3263 3053 3513 3122 regiones

1927 3151 2342 3213 distribuentes,
2385 3165 2577 3204 earum
2624 3149 2821 3204 deinde
2850 3147 3318 3217 comparationem
3355 3145 3511 3212 quasi

1927 3255 2210 3314 poetarum
2261 3252 2354 3297 aut
2395 3245 2722 3298 chorearum
2774 3241 3154 3305 instituamus;
3206 3253 3311 3292 non
3364 3237 3510 3290 enim

1929 3337 2062 3390 mihi
2097 3334 2254 3389 facile
2276 3335 2511 3398 videtur,
2538 3336 2845 3388 vincentem
2877 3332 3125 3386 invenire
3155 3348 3168 3384 :
3205 3338 3264 3384 ut
3296 3329 3339 3383 si
3371 3329 3510 3393 alite,

1933 3427 2079 3482 verbi
2112 3428 2310 3496 gratia,
2331 3427 2396 3480 de
2424 3426 2598 3494 prima
2629 3424 2864 3479 hominis
2895 3424 3169 3477 creatione
3189 3419 3508 3490 glorientur,

1926 3519 2173 3588 quaedam
2217 3519 2282 3572 de
2334 3516 2583 3587 frugibus
2641 3516 2726 3570 vel
2814 3517 3050 3585 primum
3108 3514 3367 3579 inventis,
3428 3512 3512 3565 vel

1928 3611 2222 3682 plurimum
2259 3607 2703 3671 communicatis,
2741 3605 3016 3662 nonnulla:
3063 3604 3128 3660 de
3171 3603 3380 3671 legibus
3418 3611 3514 3654 aut

1929 3704 2083 3759 feriis
2108 3704 2441 3759 solemnibus
2471 3704 2805 3770 constitutis,
2840 3702 3061 3764 aliae.dc
3105 3703 3215 3754 situ
3269 3715 3512 3755 commo-

1929 3798 2154 3852 dissimo
2180 3814 2195 3865 ;
2223 3796 2467 3866 quaedam
2502 3797 2569 3851 de
2617 3797 2910 3866 sapientia,
2947 3795 3030 3848 vel
3069 3795 3234 3850 rebus
3274 3793 3510 3857 bellicis,

1933 3890 2203 3945 nonnullae
2230 3892 2295 3944 de
2330 3889 2538 3945 Grmcis
2565 3890 2830 3959 exceptis,
2863 3888 2943 3943 vel
2975 3888 3200 3943 coloniis
3231 3887 3508 3952 deductis;

1929 3983 2150 4052 reliqum
2177 3982 2409 4050 denique
2437 3982 2502 4036 de
2533 3980 2634 4034 alia
2663 3995 2721 4035 re
2755 3981 2973 4050 quavis,
3017 3995 3135 4050 qua:
3173 3979 3289 4034 urbi
3335 3980 3512 4034 couti-

1929 4077 2090 4145 gerit.
2148 4075 2240 4130 Sic
2288 4075 2635 4144 apertissime
2684 4083 2890 4142 quanto
2937 4073 3174 4142 reliquas
3226 4071 3512 4126 intervallo

1929 4169 2059 4219 urbs
2092 4181 2334 4236 superet,
2377 4167 2762 4232 ostendemus,
2814 4180 2939 4220 cum
2985 4166 3125 4235 ipsa,
3177 4180 3515 4236 qumcunque

1931 4259 2026 4312 toti
2044 4257 2268 4312 Graecia:
2288 4258 2578 4325 separatim
2601 4257 2936 4322 subicerent,
2957 4258 3068 4311 sola
3095 4258 3511 4326 complectatur.

1927 4353 2069 4418 Quin
2099 4362 2155 4404 et
2185 4350 2387 4407 d0num
2420 4351 2566 4419 quod
2597 4350 2670 4405 sit
2704 4350 3025 4413 maximum,
3062 4365 3166 4403 non
3203 4349 3361 4403 facile
3395 4350 3512 4403 dis-

1928 4455 2209 4507 cernetur,
2239 4457 2428 4496 verum
2453 4442 2498 4497 si
2533 4442 2623 4495 hic
2656 4441 2939 4495 civitatum
2981 4455 3196 4509 quoque
3239 4440 3331 4493 ﬁat
3377 4455 3511 4495 con-

1931 4534 2124 4598 teutio,
2155 4543 2213 4587 ut
2247 4532 2354 4585 alia
2393 4531 2614 4586 Cereris
2648 4529 2858 4584 fructus
2903 4530 3115 4596 all‘erat,
3147 4529 3250 4583 alia
3284 4529 3510 4596 Bacchi,

1928 4643 2029 4682 nec
2071 4623 2240 4680 solius
2294 4625 2442 4690 vitis,
2501 4625 2595 4678 sed
2641 4632 2696 4678 et
2745 4621 3000 4686 aliorum,
3029 4638 3147 4693 quae
3197 4633 3457 4678 seruntur
3492 4643 3510 4679 :

181 4721 365 4784 πόλις
422 4721 566 4789 ἡμῖν
587 4719 629 4751 ’³
659 4721 758 4783 τὰς
784 4720 950 4781 ἄλλας
975 4721 1373 4792 παρελήλυθεν.
1411 4723 1476 4775 Ἃ
1507 4722 1616 4792 γὰρ
1662 4723 1822 4794 ἐξαρ-

1933 4721 2092 4774 tertia
2130 4733 2259 4772 vero
2298 4716 2554 4771 Minervae
2593 4715 2821 4780 donum,
2869 4716 3030 4782 idque
3065 4715 3282 4786 duplex,
3326 4715 3514 4771 multis

176 4813 281 4864 κεῖ
326 4812 670 4880 νειμαμὲνῃ
727 4812 794 4880 τῇ
842 4810 1072 4875 Ἑλλάδι,
1121 4811 1294 4864 ταῦτα
1349 4812 1486 4882 μόνη
1520 4811 1819 4880 συλλήϐδην

175 4899 335 4968 ἔχει.
380 4898 518 4950 Καὶ
568 4898 742 4968 μὴν³³
789 4900 899 4954 τῶν
951 4918 1015 4969 γε
1076 4901 1296 4973 δωρεῶν
1349 4902 1611 4966 ὡσαύτως
1637 4903 1680 4936 ³⁸
1722 4903 1821 4975 τὴν

170 4991 507 5060 μεγίστην
533 4991 593 5042 οὑ
646 4991 827 5063 ῥᾴδιον
856 4995 1056 5065 εὑρεῖν,
1093 4994 1408 5065 άμιλλάσθω
1465 4997 1522 5049 δὲ
1563 4996 1660 5050 καὶ
1693 4998 1822 5067 περὶ

166 5083 426 5135 τούτων
466 5080 609 5151 ἄλλη
635 5085 772 5154 πρὸς
801 5084 968 5156 ἄλλην
1001 5087 1180 5149 πόλις,
1208 5089 1241 5156 ἡ
1269 5086 1512 5157 μὲντοὺς
1535 5089 1821 5158 Δήμητρος

162 5175 484 5246 καρποὺς
525 5175 847 5245 κομίζουσα,
881 5178 915 5248 ἡ
951 5177 1006 5230 δὲ
1037 5178 1164 5240 τοὺς
1187 5179 1231 5209 ³⁸
1265 5176 1359 5232 τοῦ
1393 5177 1670 5242 Διονύσου,
1729 5177 1824 5232 καὶ

162 5266 450 5328 τούτους
477 5266 543 5319 οὐ
571 5267 732 5336 μόνον
778 5269 905 5331 τοὺς
943 5269 1050 5322 ἀπὸ
1073 5270 1173 5340 τῆς
1227 5268 1498 5340 ἀμπέλου,
1534 5271 1667 5324 ἀλλά
1727 5271 1820 5323 καὶ

1931 4810 2117 4877 utique
2177 4807 2487 4861 civitatibus
2560 4805 2825 4876 gloriandi
2889 4806 3216 4869 materiam,
3285 4821 3385 4861 ceu
3444 4807 3512 4861 de

1930 4900 2380 4970 prmstautissimo
2450 4911 2676 4952 munere
2725 4895 2952 4966 singulis
3003 4898 3270 4952 dabimus.
3309 4898 3511 4970 508a

1929 4995 2106 5064 Atque
2159 4994 2274 5046 hac
2325 4991 2544 5060 quidem
2601 4989 2891 5046 hactenus.
2951 4989 3266 5060 Magnitudo
3329 5001 3512 5046 autem

1932 5087 2082 5140 urbis
2112 5095 2168 5140 et
2197 5084 2437 5153 reliquus
2465 5094 2778 5152 apparatus,
2821 5084 3044 5137 omnino
3073 5081 3305 5136 fortuna:
3340 5082 3514 5136 Athe-

1933 5179 2204 5242 niensum,
2249 5185 2302 5229 et
2359 5175 2594 5229 nominis
2642 5175 2987 5244 amplitudini
3039 5175 3350 5243 respondet,
3395 5174 3513 5228 sive

1931 5271 2105 5340 ipsum
2136 5267 2377 5322 civitatis
2409 5266 2696 5332 ambitum,
2743 5267 2840 5336 qui
2876 5266 3147 5322 maximus
3183 5275 3264 5320 est
3293 5275 3347 5320 et
3386 5265 3510 5335 pul-

1532 5425 1767 5484 VARIAS
1799 5422 2203 5480 LECTIONES.

273 5549 335 5582 ⁸⁸
381 5558 670 5616 κινουμεν
707 5541 770 5596 Β.
830 5543 894 5616 _“
928 5543 994 5616 ἂν
1017 5547 1070 5616 εί
1099 5530 1301 5610 τιςῖξῖιὶ
1319 5547 1428 5600 τῶν
1448 5546 1607 5616 θεῶν]
1646 5547 1739 5599 καὶ
1754 5545 1862 5597 τῶν
1894 5544 2032 5616 θεῶν
2058 5541 2111 5593 ei’
2139 5558 2222 5616 τις
2259 5539 2346 5594 ἄν.
2422 5539 2611 5616 ’δυκειν
2633 5539 2686 5592 εἴ
2704 5557 2768 5616 τι.
2789 5540 2975 5616 σεισθῇ
3012 5553 3121 5616 om_.
3156 5539 3222 5592 Δ.
3267 5540 3346 5616 -.⁸⁸
3372 5541 3515 5611 ἀμε-

154 5615 417 5695 λήσας]
469 5613 687 5695 eaeis.
705 5617 792 5695 Αι,
820 5613 1012 5695 sesi-si
1043 5615 1102 5669 Β-

154 5695 400 5766 ἕργόις
434 5702 510 5759 ςτ

447 5729 473 5748 δ

153 5752 444 5818 έαῦἀπε
457 5752 520 5824 ρ]
548 5752 791 5825 ἔνθαπερ
809 5761 873 5810 A.
969 5757 990 5789 ⁷

1214 5618 1258 5701 ’ξ
1291 5617 1454 5701 ἔχων]
1475 5635 1526 5686 ι).
1556 5618 1679 5701 511ζ

1013 5760 1208 5829 χωρῶν
1243 5761 1306 5814 A.
1406 5760 1427 5791 ⁸
1453 5759 1518 5812 ἂν
1551 5774 1661 5813 om.
1691 5759 1757 5810 Λ.

85 5957 112 6005 ς
647 5923 913 5984 PATROL.
946 5923 1060 5982 Gn.
1107 5922 1268 5985 Clll.

587 5613 681 5678 λὴς
715 5617 779 5673 Δ,
820 5613 1012 5683 ἀμελεῖ
1043 5615 1102 5669 Β.
1214 5618 1258 5649 ³⁷
1291 5617 1526 5689 ἓχων]ι).
1556 5613 1679 5671 511.
1772 5616 1816 5646 ⁸⁸
1844 5615 1986 5666 δ’ἕτι
2016 5615 2057 5668 Α
2091 5627 2103 5664 :
2135 5613 2267 5664 δέτι
2309 5628 2371 5675 ς.
2470 5613 2515 5644 ⁹⁹
2556 5613 2768 5682 ὥσπερ]
2791 5625 2840 5678 p.
2869 5613 2994 5664 517.
3092 5613 3106 5641 ¹
3147 5613 3363 5679 προέξει
3403 5617 3511 5676 τοῖς

587 5681 794 5754 [ἀλλὰ]
823 5701 875 5752 p.
909 5683 1036 5740 320.
1113 5688 1134 5719 ³
1157 5688 1264 5741 εἰσὶ
1291 5690 1500 5754 μνῆμαι
1531 5706 1590 5752 ς.
1667 5688 1690 5720 ⁸
1720 5685 2000 5754 πέπρακεν
2029 5685 2107 5754 Α.
2169 5683 2190 5714 ⁸
2220 5681 2347 5734 ἄλλο
2376 5680 2414 5732 ll
2441 5698 2452 5733 :
2486 5680 2644 5754 ἄλλος
2671 5699 2731 5744 ς.
2809 5683 2828 5711 ⁶
2863 5681 3175 5754 ποιήσειᾼ,
3202 5684 3417 5754 ποιήσοι
3447 5684 3511 5738 Β.

1291 5706 1500 5760 μνημαι
1531 5706 1590 5752 ς.
1667 5701 1690 5720 ⁹
1720 5701 2000 5755 πεπραχεν
2029 5701 2092 5736 A.
2169 5701 2190 5714 ν
2220 5701 2347 5734 αλλο
2376 5701 2414 5732 ι)
2441 5701 2452 5733 :
2486 5701 2644 5743 αλιςος
2671 5701 2731 5744 ς.
2809 5701 2828 5711 ν
2863 5701 2947 5735 ποι

1293 5801 1306 5814 ο
1406 5760 1427 5791 ε
1453 5759 1518 5812 ἂν
1551 5774 1661 5813 om.
1691 5759 1757 5810 Α.
1859 5757 1954 5788 mo
2002 5757 2028 5825 ἡ
2133 5768 2218 5816 τις
2241 5781 2314 5793 .-
2345 5751 2678 5825 πανηγύρεις
2721 5766 2829 5825 om.
2885 5754 2947 5805 A.

160 5835 215 5868 ⁸³
262 5831 338 5887 δὲ
381 5821 536 5882 mite
555 5827 712 5890 ὅσους
745 5821 855 5882 om.
889 5829 954 5882 A.
1013 5821 1269 5902 ’⁵³’ὴμῖν1
1294 5831 1446 5902 ὑμῶν
1478 5829 1538 5886 Β.
1618 5829 1661 5862 ³⁵
1695 5830 1788 5882 καὶ
1819 5825 1952 5899 μὴν]
1985 5821 2181 5897 p.522.
2228 5906 2232 5908 _
2262 5825 2304 5855 ”
2329 5821 2590 5885 ὡσαύτως
2619 5837 2726 5877 om.
2765 5823 2828 5877 A.

2470 5613 2532 5682 '9_
2556 5609 2768 5682 ῶσπερ]
2791 5625 2840 5678 p.
2869 5598 2994 5664 δή.
3092 5611 3106 5641 ¹
3147 5610 3363 5679 προέξει
3403 5598 3514 5676 τοῖς

3061 5753 3099 5783 ¹¹
3136 5751 3414 5819 θαλάσσης
3446 5754 3514 5806 Α.

2953 5822 2996 5854 ¹⁹
3021 5823 3146 5883 τοὺς
3180 5823 3222 5875 Α
3258 5841 3270 5875 :
3321 5823 3420 5893 τῆς
3447 5841 3514 5887 ς,

3029 5914 3106 5977 ίιἸ
