3960 6430
443 374 575 439 1ι537

1606 359 1867 420 ΡΙ-ΙΟΤΙΙ
1907 357 2416 418 PATRIARCIUE
2454 360 2565 421 ΟΡ.

3571 361 3697 424 MSS

444 493 712 564 dignitate
738 489 844 545 dici
877 485 1106 543 audivit.
1163 481 1350 549 Itaque
1405 493 1526 534 cum
1578 483 1810 533 mirarer
1840 477 2029 532 audire

2148 476 2406 548 Πρότερον
2438 477 2536 546 μὲν
2570 471 2664 529 οὖν
2710 475 2934 548 ἠγάμην
2981 475 3190 531 ἀκούων
3220 477 3266 508 ⁷⁸
3285 476 3344 528 τὸ
3375 475 3478 544 τῆς
3519 481 3703 545 σοφίας

442 601 529 640 me
578 581 857 654 sapientiae
909 578 1137 635 curiam,
1161 571 1462 629 etGraeciaa
1491 571 1656 626 larem
1711 579 1873 638 atque
1929 584 2028 625 co-

445 681 646 740 lumen,
677 684 734 730 et
776 671 995 736 similia,
1024 682 1144 738 quae
1185 665 1252 719 de
1297 667 1428 719 urbe
1475 663 1832 730 canebantur,
1887 677 2032 716 nunc

444 769 576 825 mihi
618 782 682 821 ea
729 766 939 819 minora
998 762 1257 816 videnlur
1304 759 1510 811 omnia.
1563 756 1701 823 Quin
1740 756 1783 810 si
1829 756 2030 810 civitas

444 861 550 915 ulla
619 861 844 913 deorum
905 854 1155 908 ministra
1218 862 1273 907 et
1325 860 1575 917 cognata,
1635 847 1718 902 vel
1780 847 2031 899 humanae

445 964 651 1006 natura:
702 949 1053 1005 simulacrum
1099 946 1279 999 vocari
1331 943 1510 1004 debet,
1560 942 1676 995 haec
1708 941 1757 993 id
1796 938 2031 993 nominis

442 1044 566 1111 jure
617 1042 902 1096 obtinebit.
949 1042 1095 1104 Quas
1136 1037 1205 1089 ob
1259 1051 1368 1098 res,
1419 1049 1451 1088 o
1481 1032 1679 1095 Graeci,
1744 1046 1844 1085 nec
1898 1029 2033 1084 invi-

447 1135 578 1188 dere
647 1131 855 1186 debetis
930 1130 1074 1192 urbi,
1138 1141 1239 1180 nec
1301 1125 1610 1177 verecunde
1679 1124 1873 1176 cedere
1933 1136 2029 1188 po-

450 1227 580 1290 tius,
641 1237 804 1292 quam
854 1236 974 1275 eam
1027 1217 1276 1273 certatim
1326 1231 1423 1285 pro
1476 1215 1683 1268 viribus
1737 1211 2026 1266 extollere.

447 1316 582 1371 Nam
622 1316 665 1370 si
701 1314 1057 1368 Athenienses
1090 1309 1288 1363 fuerint
1319 1309 1647 1372 superiores,
1702 1307 1809 1360 erit
1853 1316 2030 1360 vestra

447 1407 697 1460 victoria.
755 1404 966 1456 Etenim
1036 1414 1161 1452 cum
1223 1413 1414 1453 omnes
1485 1398 1673 1464 optimi
1739 1412 1863 1450 esse
1927 1409 2029 1449 ne-

453 1507 682 1568 queunt,
740 1505 850 1549 tum
904 1503 963 1548 ut
996 1508 1061 1548 ex
1095 1492 1250 1546 ducis
1299 1489 1610 1560 praestantia
1665 1487 1877 1542 laudem
1935 1503 2032 1541 ca-

445 1592 525 1658 pit
576 1589 791 1652 civitas,
837 1587 910 1640 ita
962 1587 1005 1640 si
1048 1583 1303 1654 princeps
1335 1580 1466 1635 urbs
1514 1581 1776 1634 honorem
1823 1579 2021 1634 sortia-

448 1695 536 1736 tur
587 1696 645 1736 se
712 1681 960 1750 dignum,
1030 1680 1075 1732 is
1127 1685 1351 1732 ornatus
1409 1676 1476 1727 ad
1528 1687 1720 1727 omnes
1775 1674 2030 1740 pertinet.

447 1771 910 1838 Quemadmodum
951 1769 1116 1839 igitur
1159 1766 1519 1822 Athenienses
1575 1763 1675 1831 ipsi
1729 1777 1838 1816 non
1889 1777 2033 1833 aegre

449 1862 696 1929 tulerint,
736 1864 780 1918 si
811 1863 934 1932 quis
991 1863 1230 1930 ipsorum
1283 1872 1465 1912 arcem
1505 1856 1765 1911 celebret.

516 2042 674 2116 [Pro,
705 2039 1127 2116 pulcherrimam
1151 2046 1204 2092 et
1227 2030 1704 2116 honoratissimum
1731 2029 1910 2084 omnis
1940 2032 2036 2083 At-

450 2105 592 2176 ticae,
635 2105 676 2168 si
706 2105 830 2182 quis
857 2111 1002 2164 dicat
1043 2105 1280 2178 arcem.]

519 2205 596 2260 Ita
649 2219 744 2258 vos
802 2215 1019 2272 quoque
1078 2203 1269 2254 urbem
1312 2213 1411 2267 pro
1453 2211 1582 2252 arce
1634 2195 1894 2266 quadam,
1950 2189 2034 2244 vel

457 2297 672 2367 lastigio
709 2294 931 2351 Grznciae
959 2308 1022 2348 ac
1059 2293 1329 2348 sociorum
1367 2289 1654 2353 habentes,
1691 2286 1871 2341 verbis
1913 2297 2032 2337 eam

448 2399 504 2444 et
527 2389 686 2443 factis
711 2401 930 2452 ornare,
966 2386 1149 2454 itaque
1188 2383 1400 2437 laudem
1437 2379 1877 2442 communicare,
1936 2389 2037 2430 nec

447 2497 512 2537 ea
566 2495 663 2535 vos
730 2478 933 2548 privari
983 2478 1297 2531 existimare
1346 2474 1523 2528 decet.
1598 2469 1724 2525 Haec
1790 2469 1954 2540 igitur
2005 2481 2034 2520 a

449 2571 605 2627 nobis
637 2571 813 2624 oratio
857 2569 994 2638 pepli
1036 2569 1212 2624 instar
1255 2566 1318 2620 ad
1344 2573 1596 2619 ornatum
1637 2575 1848 2630 pompae
1892 2557 2036 2612 Pan-

450 2662 752 2718 athenaicaa
807 2661 1056 2716 confecta
1115 2661 1210 2724 sit,
1261 2672 1380 2727 quae
1429 2666 1489 2712 ut
1541 2654 1772 2725 gratiam
1830 2665 2037 2706 merea-

453 2767 562 2820 tur,
620 2753 817 2809 eﬂiciet
874 2753 1062 2808 eadem
1115 2751 1215 2805 dea
1260 2759 1316 2804 et
1347 2747 1434 2804 cui
1492 2745 1672 2803 oratio
1716 2751 1881 2799 estet
1909 2741 2038 2796 urbs

453 2853 799 2902 consecrata.

1054 2965 1360 3023 CCXLV".

455 3095 541 3151 Ea:
592 3095 829 3165 ejusdem
878 3094 1128 3165 Aristidis
1186 3087 1675 3165 I_V__0ra_tionibus
1730 3102 1825 3154 pro
1862 3086 2038 3138 rheto-

578 3155 692 3219 rica
730 3167 982 3218 adrersus
1015 3163 1253 3216 Platonis
1289 3155 1901 3227 Gorgiam—Excerpta.

524 3270 721 3345 [ιοθὺ
759 3269 940 3323 Lecta;
973 3278 1099 3322 sunt
1146 3267 1386 3336 ejusdem
1420 3264 1497 3318 De
1530 3265 1787 3317 rhetorica
1824 3261 2037 3315 Oratio-

457 3382 547 3418 nes
597 3365 847 3418 adversus
901 3361 1173 3414 Platonem
1199 3399 1213 3423 ,
1243 3358 1617 3413 necessitatem
1657 3355 1830 3409 eidem
1881 3353 2039 3422 hujus

453 3456 713 3512 nstcnden
722 3465 822 3510 tes.
1777 3458 1784 3482 ⁷

525 3547 794 3602 Existimo
829 3545 1079 3614 equidem
1114 3557 1260 3608 eum,
1295 3540 1385 3610 qui
1437 3537 1518 3593 vel
1561 3547 1713 3594 recte
1764 3536 2036 3600 dicturus,

455 3640 538 3693 vel
603 3653 818 3709 :rqnnm
870 3639 942 3691 sit
997 3634 1318 3705 suffragium
1381 3633 1619 3694 laturus,
1671 3629 1857 3684 nonid
1913 3644 2039 3700 Spe-

455 3741 607 3786 ctare
655 3731 878 3793 debere,
922 3744 1024 3783 nec
1062 3727 1322 3788 invidere,
1359 3724 1404 3778 si
1465 3737 1626 3792 quem
1676 3725 1920 3792 priorum
1972 3733 2038 3774 ac

455 3821 758 3876 celebrium
817 3820 1080 3881 virorum,
1128 3816 1288 3871 aliter
1349 3814 1536 3869 eadem
1599 3814 1665 3866 de
1712 3827 1768 3865 re
1834 3809 2041 3864 dixisse

455 3914 754 3982 contingat,
823 3912 918 3966 sed
987 3910 1143 3976 cujus
1215 3893 1414 3974 ubique
1464 3904 1757 3958 maximam
1826 3908 2041 3968 oportet

456 4005 643 4058 haberi
677 4003 965 4065 rationem,
993 4000 1122 4054 huic
1154 4012 1366 4067 quoque
1409 3997 1478 4050 ab
1551 4006 1668 4048 utra
1726 4003 1877 4060 parte
1909 4007 2040 4046 con-

454 4097 601 4151 sistit
652 4095 876 4160 veritas,
938 4091 1237 4160 inquirere,
1289 4098 1450 4157 atque
1485 4101 1548 4140 eo
1595 4085 1878 4140 victoriam
1945 4085 2040 4138 de-

458 4187 621 4242 ferre.
678 4183 894 4239 Etenim
958 4181 1097 4236 foret
1155 4179 1470 4242 absurdum,
1503 4177 1546 4231 si
1593 4179 1644 4229 in
1689 4173 2041 4230 concionibus

455 4288 512 4332 et
547 4275 791 4344 judiciis,
846 4289 952 4328 non
980 4272 1027 4326 ei
1061 4271 1151 4340 qui
1185 4270 1421 4337 primum
1489 4267 1721 4321 dixisset
1780 4265 1912 4319 ﬁdes
1945 4267 2040 4319 ha-

455 4377 695 4438 beretur,
731 4387 918 4426 verum
951 4369 1121 4439 probe
1148 4368 1351 4423 scirent
1383 4378 1576 4418 omnes
1608 4361 1722 4415 fore
1773 4370 1833 4414 ut
1860 4363 1906 4414 si
1941 4362 2039 4415 hac

2065 3169 2112 3231 ϐ

2135 571 2461 640 πρυτανεῖον
2486 570 2580 622 καὶ
2600 570 2698 640 τὴν
2726 570 2826 637 τῆς
2867 569 3112 632 Ἑλλάδος
3150 568 3332 622 ἑστίαν
3358 569 3449 621 καὶ
3485 569 3545 621 τὸ
3569 569 3707 637 ἐρει-

2135 679 2270 734 σμα,
2300 664 2396 715 καὶ
2440 661 2540 716 ὅσα
2577 662 2802 715 τοιαῦτα
2847 664 2928 725 εἰς
2954 663 3052 733 τὴν
3089 663 3240 715 πόλιν
3271 661 3428 732 ᾔδετο
3452 678 3465 691 ·
3513 661 3609 714 νῦν
3653 662 3706 715 δέ

2137 770 2228 824 μοι
2259 753 2409 806 δοκεῖ
2451 753 2626 804 ταῦτα
2652 753 2831 806 πάντα
2876 753 3006 804 είσω
3041 750 3276 805 πίπτειν.
3325 750 3463 803 Ἀλλ’
3500 752 3555 803 εί
3591 769 3710 806 τινα

2133 842 2240 914 χρὴ
2271 843 2427 896 πόλιν
2457 841 2594 894 θεῶν
2641 840 2888 911 ὕπαρχον
2918 840 3017 909 ⁷δῆ
3050 839 3282 908 συγγενῆ
3315 839 3708 910 προσειπῖν,ἦ

2132 939 2233 1005 τῆς
2255 935 2469 1005 φύσεως
2502 935 2602 1004 τῆς
2641 931 2983 1004 ἀνθρωπείας
3016 932 3198 985 εἰκόνα
3242 932 3338 984 καὶ
3364 933 3510 1002 ὅρον,
3537 932 3621 1001 ἧδ’
3650 933 3712 985 ἄν

2139 1047 2228 1098 μοι
2277 1030 2425 1082 δοκεῖ
2451 1027 2496 1058 ⁷⁸
2519 1025 2740 1088 δικαίως
2794 1024 3079 1094 κληθῆναι.
3133 1023 3271 1077 Ἀνθ’
3311 1017 3408 1090 ὧν,
3438 1018 3482 1076 ὦ
3524 1024 3712 1092 ἄνδρες

2136 1120 2423 1191 Ἕλληνες,
2456 1118 2580 1172 οὗτε
2607 1117 2800 1186 φθόνον
2831 1116 2979 1181 εἰκὸς
3007 1115 3148 1185 ἔχειν
3173 1117 3238 1185 τῇ
3271 1115 3421 1167 πόλει
3446 1112 3556 1167 οὗθ’
3579 1114 3711 1166 ὑπο·

2135 1212 2448 1283 χωροῦντας
2471 1210 2840 1282 αἰσχύνεσθαι,
2872 1208 3009 1261 ἀλλὰ
3034 1207 3313 1271 συναύξειν
3344 1208 3407 1258 ἐκ
3435 1207 3542 1259 τῶν
3567 1206 3711 1260 ἐνόν·

2134 1323 2242 1358 των
2271 1306 2365 1359 καὶ
2391 1303 2811 1374 φιλοτιμεῖσθαι.
2833 1301 2953 1354 Τῶν
2972 1300 3080 1370 γὰρ
3107 1300 3406 1370 ’Δθηναίων
3435 1297 3709 1350 νικώντων

2135 1398 2269 1468 παρ’
2308 1399 2435 1466 ὑμῖν
2465 1396 2513 1428 ’⁸
2543 1396 2662 1448 ἐστι
2690 1396 2751 1447 τὸ
2778 1395 2954 1462 νικᾷν.
2989 1391 3196 1454 Πάντας
3239 1391 3337 1459 μὲν
3367 1389 3475 1459 γὰρ
3501 1389 3713 1442 πάντων

2135 1487 2200 1542 ἂν
2227 1483 2368 1540 εἶναι
2396 1487 2655 1557 ἀρίστους
2687 1484 2947 1538 ἀδύνατον
2974 1503 2986 1515 υ
3021 1481 3209 1552 ὥσπερ
3239 1480 3295 1532 δὲ
3319 1481 3445 1532 ὅταν
3481 1496 3715 1548 στρατη-

2135 1579 2229 1648 γὸς
2263 1578 2490 1650 προέχῃ,
2541 1577 2759 1647 μετέχει
2788 1576 2887 1646 τῆς
2937 1575 3092 1645 δόξης
3128 1575 3161 1644 ή
3211 1574 3387 1634 πόλις,
3438 1570 3578 1624 οὕτω
3618 1573 3714 1638 τῆς

2136 1670 2448 1742 ἡγουμένης
2474 1669 2682 1732 πόλεως
2725 1669 2792 1720 τὰ
2821 1667 3004 1721 εἰκότα
3035 1666 3349 1735 τιμωμένης
3375 1662 3545 1716 ἅπασι
3581 1661 3713 1729 μέτ-

2137 1781 2252 1817 εστι
2280 1764 2378 1834 τῆς
2398 1761 2728 1831 φιλοτιμίας.
2752 1755 2920 1830 Οἶμαι
2956 1757 3002 1810 δ’
3047 1758 3155 1811 οὐδ’
3185 1757 3366 1817 αὐτοῖς
3415 1752 3716 1822 Ἀθηναίοις

2138 1855 2326 1926 φέρειν
2355 1853 2641 1923 αἰσχύνην,
2662 1851 2726 1904 ἀν
2753 1868 2835 1914 τις
2860 1850 3040 1912 αὐτοῖς
3064 1846 3336 1919 πρεσϐεόῃ
3358 1846 3401 1877 ⁷⁷
3433 1845 3533 1916 τὴν
3553 1844 3718 1915 ἀκρό-

2139 1949 2314 2002 πολιν.

2209 2040 2390 2113 [Ἀντὶ
2427 2036 2958 2113 ⁷⁸Ατοῦατιμιωτέραχ
2987 2036 3080 2113 καὶ
3112 2033 3456 2113 ενδοξοτέραγ
3487 2031 3590 2103 τῆς
3619 2029 3722 2086 πά-

2140 2103 2239 2183 σηξ
2281 2109 2534 2180 Ἀττικῆς
2560 2111 2613 2163 εί
2635 2103 2719 2170 τίς
2744 2103 2891 2175 λέγοι
2917 2107 2960 2138 ⁷³
2995 2106 3092 2176 τὴν
3109 2103 3446 2176 ἀκρόπολιν]

2208 2205 2330 2276 Χρὴ
2365 2202 2482 2236 ⁸⁰⁶⁸ί
2509 2203 2690 2255 τοίνυν
2722 2201 2818 2254 καὶ
2839 2201 2985 2270 ὑμᾶς
3013 2198 3201 2269 ὥσπερ
3221 2196 3515 2268 ἀκρόπολίν
3533 2211 3660 2248 τινα
3685 2192 3718 2264 ἢ

2138 2297 2384 2369 κορυφὴν
2409 2296 2738 2368 νομίσαντας
2769 2293 2870 2364 τῆς
2911 2292 3159 2356 Ἑλλάδος
3188 2291 3404 2344 καὶτῶν
3431 2288 3722 2360 ὁμοφύλων

2138 2390 2236 2460 τὴν
2264 2389 2439 2455 πόλιν,
2473 2389 2568 2441 καὶ
2591 2385 2736 2457 ἔργῳ
2762 2386 2857 2442 καὶ
2885 2384 3028 2455 λόγῳ
3051 2384 3294 2452 κοσμεῖν,
3325 2383 3420 2434 καὶ
3475 2380 3723 2451 μετέχειν

2137 2482 2236 2550 τῆς
2264 2478 2584 2549 δόξης,ἀλλ’
2618 2477 2720 2530 οὐκ
2760 2475 3184 2545 ἀποστερεῖσθαι
3214 2471 3555 2543 νομίζοντας.
3594 2471 3722 2539 Εἵρ-

2138 2589 2336 2640 γασται
2364 2571 2458 2623 καὶ
2474 2572 2608 2638 ἡμῖν
2635 2571 2662 2623 ὁ
2687 2568 2844 2637 λόγος
2864 2567 2985 2622 ἀντὶ
3005 2564 3100 2618 τοῦ
3120 2565 3322 2617 πέπλου
3352 2563 3557 2632 κόσμος
3578 2563 3722 2615 Παν-

2139 2663 2414 2732 αθηναίων
2461 2665 2527 2732 τῇ
2580 2660 2823 2730 θεωρίᾳ·
2859 2658 3043 2714 δοῦναι
3088 2659 3144 2711 δὲ
3185 2657 3345 2728 χάριν
3405 2657 3507 2726 τῆς
3541 2652 3713 2721 αὐτῆς

2141 2758 2288 2824 θεοῦ,
2320 2752 2503 2828 ἧσπερ
2532 2757 2629 2809 καὶ
2651 2757 2678 2809 ὁ
2716 2754 2873 2823 λόγος
2897 2752 2994 2808 καὶ
3031 2753 3065 2824 η
3102 2751 3257 2816 πόλις
3277 2751 3345 2804 δ’.

2854 2962 3026 3017 ΣΜΖ’.

2146 3077 2256 3135 Τοῦ
2307 3074 2496 3131 αὑτοῦ
2558 3071 2706 3141 πρὸς
2755 3069 3048 3192 Πλάτωέα
3096 3067 3249 3135 ὑπὲρ
3273 3062 3603 3136 ῥητορικῆς
3628 3065 3730 3120 ,ζόα

2833 3158 2924 3192 ’μοι
3009 3176 3025 3192 ο

2833 3158 2924 3210 γοι
2956 3158 3025 3192 0'.

2225 3256 2560 3326 Ἀνεγνώσθη
2571 3273 2667 3308 σαν
2684 3252 2777 3307 τοῦ
2811 3251 2975 3306 αὐτοῦ
3003 3250 3050 3284 ⁸³
3079 3249 3232 3317 Πρὸς
3254 3247 3546 3302 Πλάτωνα
3568 3246 3726 3316 ὑπὲρ

2132 3348 2455 3421 ῥητορικῆς
2474 3350 2646 3417 λόγοι
2676 3345 2992 3412 τέσσαρες,
3032 3341 3130 3412 τὴν
3155 3341 3327 3412 αὐτὴν
3351 3340 3426 3410 τῷ
3459 3355 3726 3412 προειρηο

2145 3444 2291 3514 μένῳ
2316 3441 2679 3512 παρεχόμενοι
2705 3437 2915 3508 χρείαν.

2213 3533 2381 3607 υῐμαι
2410 3537 2455 3566 ⁸⁸
2483 3534 2612 3598 δεῖν,
2648 3532 2796 3594 ὅστις
2835 3528 3016 3598 μέλλει
3044 3527 3114 3579 τὰ
3147 3526 3337 3580 δέοντα
3374 3525 3518 3595 ἐρεῖν
3556 3523 3592 3595 ἢ
3613 3523 3722 3593 ψή-

2142 3645 2246 3698 φου
2301 3626 2490 3697 κύριος
2516 3623 2692 3695 ὀρθῶς
2715 3619 2932 3675 ἔσεσθαι
2961 3620 3030 3686 ⁸⁵,
3065 3619 3140 3690 μὴ
3161 3616 3318 3671 τοῦτο
3339 3619 3561 3670 σκοπεῖν
3587 3615 3722 3686 μηδὲ

2144 3718 2478 3789 βασκαίνειν,
2515 3716 2570 3768 εῐ
2596 3731 2702 3768 τινι
2731 3712 2840 3766 τῶν
2878 3711 3141 3782 πρότερον
3179 3709 3274 3762 καὶ
3303 3708 3460 3773 δόξαν
3487 3708 3720 3777 ἐχόντων

2143 3813 2344 3884 ἑτέρως
2371 3809 2622 3881 εἰρῆσθαι
2665 3805 2926 3878 περὶτῶν
2973 3803 3156 3857 αὐτῶν
3192 3801 3558 3872 συμϐέϐηκεν,
3604 3798 3722 3853 ἀλλ’

2141 3898 2203 3958 οὗ
2235 3900 2513 3971 πανταχοῦ
2555 3901 2805 3952 πλεῖστον
2844 3895 2989 3960 εἰκός
3018 3898 3134 3947 ἐστι
3171 3894 3325 3961 λόγον
3355 3889 3544 3971 εἶναι,⁸
3561 3891 3722 3944 τοῦτο

2144 3957 2244 4051 κάν
2301 3993 2381 4064 τῷ
2417 3957 2662 4062 ’παρόντι
2715 3988 2917 4055 ζητεῖν,
2963 3957 3262 4054 όποτέρωθι
3312 3957 3565 4053 τάληθὲς,
3624 3982 3722 4036 καὶ

2140 4088 2298 4142 τοῦτο
2345 4081 2813 4154 συμϐούλεσθαι⁸⁶
2851 4081 3029 4150 νικᾷν.
3083 4080 3313 4131 ’Λτοπον
3364 4077 3469 4146 γὰρ
3516 4077 3577 4127 ἐν
3620 4075 3721 4145 μὲν

2142 4188 2260 4247 ταῖς
2293 4181 2612 4253 ἐκκλησίαις
2642 4177 2716 4249 μὴ
2737 4176 2826 4230 τὸν
2858 4174 3072 4244 πρῶτον
3099 4174 3316 4227 εἰπόντα
3342 4171 3721 4239 πιστεύεσθαι,

2145 4277 2280 4347 μηδὲ
2312 4277 2368 4327 ὲν
2399 4275 2510 4336 τοῖς
2535 4269 2928 4338 δικαστηρίοις,
2960 4266 3096 4321 ἀλλά
3135 4264 3291 4318 τοῦτό
3318 4281 3380 4332 γε
3426 4257 3482 4315 εὖ
3518 4263 3722 4315 εἰδέναι

2144 4371 2370 4430 πάντας,
2402 4367 2486 4418 ὃτι
2515 4364 2564 4416 εί
2585 4362 2759 4432 ταύτῃ
2782 4360 2951 4412 ταῦτα
2989 4356 3326 4429 κριθήσεται,
3355 4354 3462 4407 τῶν
3491 4353 3724 4420 φευγόν.

456 4470 671 4525 ratione
723 4465 1161 4532 disceptarentur
1220 4461 1344 4521 ista,
1412 4469 1628 4509 reorum
1692 4451 1870 4506 nullus
1913 4467 2035 4506 eva-

2148 4477 2250 4513 των
2274 4459 2448 4521 οὐδεὶς
2477 4451 2842 4520 ἀποφεύξεται
2869 4468 2882 4480 ⁸
2926 4452 3127 4511 πάντες
3151 4447 3255 4519 γὰρ
3287 4447 3459 4518 δήπου
3483 4445 3530 4477 ³⁷
3557 4445 3721 4497 ὓστε-

2328 4549 2351 4559 -
2390 4548 2412 4559 ι
2458 4545 2469 4559 ο
2719 4546 2776 4559 ιι
2992 4541 3161 4559 _tnnn
3191 4537 3278 4559 111
3320 4536 3692 4559 1__M.--!-\1

458 4559 632 4620 deret,
689 4555 908 4624 quando
959 4551 1176 4621 quidem
1239 4561 1430 4602 omnes
1476 4554 1600 4616 post
1653 4554 1891 4597 actorem
1953 4541 2040 4596 di-

458 4661 590 4706 cunt
626 4668 640 4704 :
669 4642 724 4703 in
770 4649 902 4718 ipsis
935 4657 1116 4700 autem
1154 4643 1368 4704 litteris,
1401 4650 1455 4695 et
1495 4639 1639 4710 quod
1671 4638 1742 4692 de
1769 4639 1836 4692 iis
1879 4651 2038 4690 exer-

459 4746 638 4801 cetur,
687 4735 894 4805 judicio
927 4749 1032 4788 non
1065 4732 1102 4784 ii
1163 4731 1255 4800 qui
1291 4727 1616 4784 sententiam
1689 4740 1840 4780 suam
1893 4739 2040 4778 com-

460 4830 779 4900 probarent,
827 4827 926 4880 sed
961 4833 1147 4880 essent
1180 4833 1422 4891 tempore
1472 4819 1702 4886 priores,
1733 4817 2036 4872 vincerent.

465 4922 559 4976 Est
589 4929 768 4975 autem
803 4917 1091 4972 admodum
1123 4916 1370 4983 iniquum
1404 4926 1497 4965 eos
1526 4909 1617 4978 qui
1641 4923 1839 4978 corpus
1886 4923 2040 4961 exer-

462 5023 588 5070 cent
638 5021 692 5066 et
719 5011 926 5075 colunt,
956 5010 1092 5063 adeo
1137 5021 1391 5076 magnam
1449 5011 1502 5059 et.
1545 5003 1784 5070 priorem
1841 4999 2044 5054 habere

463 5103 767 5160 honestatis
828 5117 893 5155 ac
938 5100 1167 5170 iustitia:
1207 5100 1466 5168 speciem.

536 5192 782 5266 [Scilicet
815 5188 955 5266 bona
987 5187 1354 5266 ordinatione,
1386 5200 1510 5266 cum
1561 5199 1722 5266 omne
1777 5183 1915 5236 bene
1956 5193 2049 5233 or—

465 5255 709 5316 dinatum
744 5260 1038 5315 sccuudum
1095 5257 1362 5312 rationem
1412 5257 1505 5321 sit,
1571 5255 1712 5308 male
1764 5267 1896 5307 vero
1949 5265 2046 5304 or-

466 5335 711 5387 dinatum
771 5339 970 5400 praeter
1012 5325 1325 5398 rationem]

2151 4569 2232 4621 ροι
2261 4549 2356 4602 τοῦ
2386 4545 2674 4611 διώκοντος
2719 4546 2969 4612 λέγουσιν
2989 4557 3004 4572 ⁶
3038 4541 3164 4612 [668
3191 4537 3279 4611 [1.]
3317 4541 3374 4591 ὲν
3402 4536 3456 4590 δὲ
3486 4539 3597 4598 τοῖς
3629 4536 3721 4588 λόο

2146 4654 2265 4705 γοις
2289 4636 2472 4698 αὐτοῖς
2499 4635 2594 4688 καὶ
2618 4637 2682 4705 τῇ
2710 4633 2838 4702 περὶ
2852 4630 3056 4683 τούτων
3081 4628 3257 4701 κρίσει
3286 4627 3411 4689 τοὺς
3437 4625 3514 4694 τῷ
3543 4626 3723 4696 χρόνῳ

2149 4727 2522 4797 προλαϐόντας
2572 4726 2816 4796 κρατεῖν,
2860 4721 2997 4774 ἀλλὰ
3043 4720 3115 4790 μὴ
3166 4719 3292 4781 τοὺς
3343 4717 3722 4783 ἀποδείξοντος

2151 4820 2280 4886 περὶ
2332 4810 2406 4870 ὧν
2448 4815 2828 4884 ἀγωνίζονται.
2880 4811 3075 4865 Καίτοι
3122 4810 3168 4842 ⁸⁸
3210 4809 3328 4872 πῶς
3384 4809 3484 4861 οὐκ
3533 4807 3724 4873 ἀλογία

2150 4909 2318 4978 πολλὴ
2371 4907 2497 4970 τοὺς
2532 4907 2648 4976 μὲν,
2683 4904 2718 4959 ἀ
2745 4905 2845 4974 τῆς
2891 4901 2987 4955 τοῦ
3029 4901 3274 4970 σώματος
3320 4899 3488 4968 τύχης
3517 4898 3720 4968 ἔχεται,

2150 5001 2488 5072 μελετῶντας
2519 4998 2551 5068 ἢ
2583 4996 2858 5067 τιμῶντας
2903 4993 3046 5046 οὕτω
3089 4991 3293 5060 σφόδρα
3322 4992 3414 5042 καὶ
3457 4989 3723 5058 πρότερον

2143 5093 2204 5145 τὸ
2231 5091 2324 5144 τοῦ
2351 5092 2510 5158 λόγου
2536 5087 2696 5141 καλὸν
2731 5086 2827 5140 καὶ
2857 5085 3064 5138 δίκαιον
3096 5081 3470 5150 τετιμηκέναι,

2217 5182 2402 5253 [Ἤτοι
2433 5181 2480 5212 ⁸⁸
2507 5180 2605 5253 τῆς
2635 5177 2907 5253 εὐταξίας,
2941 5173 3128 5253 ξπειόὴ
3181 5171 3388 5253 7:53.11)
3431 5171 3723 5253 εὲτεῑκτσγ

2145 5240 2287 5306 κατά
2314 5253 2472 5320 λόγον
2511 5240 2740 5318 γίνεται,
2772 5240 2832 5300 τὸ
2858 5247 2915 5300 δὲ
2940 5240 3199 5298 ἄτακτον
3225 5243 3434 5310 ἀλόγως
3461 5240 3558 5311 ⁹⁰.]

1778 5475 2016 5532 VARUE
2056 5471 2464 5531 LECTIONES.

535 5631 582 5666 ⁷³
615 5629 832 5685 ἀκούων
870 5635 991 5696 post
1031 5625 1360 5696 πρυτανεῖον
1383 5618 1530 5696 partit
1557 5618 1621 5671 A.
1673 5614 1978 5696 “7:61ale

472 5701 515 5733 ⁷³
537 5694 1026 5766 ἀντὶ-ἀκρόπολιν
1051 5711 1160 5766 om.
1283 5695 1328 5724 ⁷³
1345 5694 1592 5766 λέγει-ς.

471 5759 930 5840 τῷγᾼᾋριστέίδου
1114 5759 1463 5840 εξοίημαιλν.

472 5837 516 5868 ⁵⁷
543 5830 808 5907 δήπὸυθεν
836 5837 902 5888 Α.
977 5834 1021 5865 ⁸⁸
1050 5830 1250 5895 καίτοι]
1279 5848 1328 5900 p.
1361 5830 1415 5882 5.

1720 5617 1767 5654 ⁷⁸
1794 5614 2060 5684 ὑπᾶρχειν
2098 5612 2162 5664 Α.
2268 5612 2314 5640 ⁷⁵
2348 5612 2493 5660 δοκοῖ
2529 5620 2668 5657 corr.
2708 5612 2769 5656 ll.
2847 5612 2893 5634 ⁷⁸
2923 5612 3055 5672 ἡμῖν
3087 5619 3146 5664 ς.
3260 5612 3297 5629 ⁷¹¹
3327 5612 3612 5667 πρεσθευοι
3650 5612 3720 5653 :‘t.

1673 5687 1789 5718 “'3‘
1824 5686 1949 5754 χρὴ.
1978 5685 2028 5754 β’
2060 5683 2210 5754 πόλις
2239 5695 2347 5732 om.
2518 5673 3038 5754 “h'Avey‘u/tbebnciav
3066 5671 3160 5754 τρῦ
3192 5669 3384 5754 αὑτοῦ
3407 5666 3721 5754 ἀνεγινώτολ

1662 5758 1706 5788 ⁸³
1738 5750 1928 5825 ὀρθῶς
1963 5751 2180 5804 ἔσεσθαι
2233 5766 2341 5825 oin.
2375 5750 2442 5802 A.

1492 5827 1610 5860 sono
1643 5821 1860 5896 ἡτοί..
1881 5824 2090 5891 ἀλόγως
2115 5837 2222 5878 om.
2257 5821 2322 5872 A.

2268 5610 2314 5640 ⁷⁵
2348 5607 2493 5660 δοκοῖ
2529 5620 2668 5657 corr.
2708 5604 2769 5656 B.
2847 5603 2893 5634 ⁷⁸
2923 5604 3055 5672 ἡμῖν
3087 5619 3146 5672 ς.
3238 5599 3301 5672 ’⁷⁷
3327 5595 3612 5672 πρεσϐεύοι
3650 5599 3720 5653 Α.

2556 5744 2602 5778 ⁸⁸
2637 5737 3038 5814 συμϐούλεσοαι
3069 5743 3130 5808 Β,
3158 5737 3614 5810 συμϐουλεύεσθαι
3644 5739 3715 5789 Α.
