3960 6426
251 425 376 493 1-180

1221 414 1742 481 BIBLIOTHECA.
1781 441 1856 454 —
1882 415 2046 480 COD.
2075 421 2398 487 CCXLVII.

3367 433 3503 498 1490

311 537 442 597 Τοὺς
468 530 510 586 δ’
554 531 646 584 ὲπὶ
690 532 797 586 τῶν
826 533 875 564 ⁸³⁸
918 531 1094 602 λόγων
1140 535 1451 604 ἀνέχοντας,
1501 535 1596 589 καὶ
1641 537 1811 606 χωρὶς

1986 537 2087 604 Qui
2121 539 2174 592 in
2232 540 2430 594 litteris
2476 542 2764 610 excellunt,
2798 554 2853 601 et
2882 545 3089 617 absque
3147 563 3334 603 earum
3390 563 3504 607 stu-

246 628 340 696 τῆς
384 629 438 679 ὲν
485 623 695 687 τούτοις
747 625 1032 696 διατριϐῆς
1091 627 1200 680 οὐδ’
1240 629 1306 682 ἂν
1343 628 1441 699 ζῇν
1487 627 1816 697 δεξαμένους

247 717 398 791 [l237
427 713 492 785 Β]
540 713 714 778 οὕτως
754 716 960 786 ἀργῶς.
1005 716 1220 788 [ἀργῶς
1257 714 1398 783 εἷπε,
1445 717 1533 772 διὰ
1575 719 1701 782 τοὺς
1741 719 1815 788 μὴ

247 808 613 876 ἀντιλέγοντας
630 822 644 836 ο
673 807 914 872 ἀδίκως,
949 808 1036 863 διὰ
1051 811 1178 872 τοὺς
1205 810 1574 881 ἐπιτιμῶντας
1596 812 1710 874 τοῖς
1733 812 1819 865 ἀν·

245 897 582 970 τιλέγουσιν,]
618 899 819 968 μᾶλλον
845 900 901 953 δὲ
928 900 1128 964 ἀδίκως
1165 901 1331 972 ἔχειν,
1360 901 1501 956 ὥστε
1532 903 1614 955 ἑνὶ
1642 902 1819 973 πιστῷ

245 991 466 1063 χρῆσθαι
499 991 628 1061 περὶ
675 991 931 1045 ἁπάντων
964 991 1030 1057 θ’,
1061 993 1128 1045 ἄν
1172 1012 1256 1058 τις
1285 995 1464 1066 φθάσῃ
1505 996 1815 1064 γενόμενος,

245 1087 332 1137 καὶ
361 1082 424 1135 τὰ
454 1082 693 1151 ὀνόματα
723 1083 846 1136 ἀντὶ
877 1083 976 1154 τῆς
1005 1085 1268 1154 ἀληθείας
1299 1085 1601 1156 θαυμάζειν
1642 1089 1816 1156 αἱρεῖ-

247 1178 362 1231 σθαι
391 1177 457 1242 ⁸³,
492 1174 682 1246 ὤσπερ
711 1175 932 1246 νομίσαι
969 1176 1109 1243 δέον,
1141 1179 1238 1248 οὐχ
1276 1179 1457 1248 εὑρεῖν
1498 1179 1559 1231 τὸ
1585 1177 1816 1246 βέλτιον,

246 1270 334 1323 καὶ
378 1271 503 1332 τοὺς
547 1269 646 1337 μὲν
687 1269 886 1337 νόμους
929 1271 1149 1336 αὐτοὺς,
1200 1271 1266 1325 ἂν
1299 1273 1575 1344 συμφέρῃ,
1622 1274 1814 1334 κινεῖν,

243 1360 363 1422 τοὺς
393 1359 451 1413 δὲ
483 1359 612 1430 περὶ
631 1359 740 1412 τῶν
765 1361 852 1413 ἀεὶ
884 1363 1155 1432 μενόντων
1185 1366 1249 1434 τῇ
1295 1365 1454 1432 φύσει
1505 1364 1697 1432 λόγους
1727 1365 1819 1417 ἐπὶ

242 1454 349 1513 τοῖς
379 1451 618 1522 πρώτοις
651 1452 726 1524 μὴ
763 1453 1037 1524 δέχεσθαι,
1067 1455 1182 1508 ἀλλ’
1211 1455 1401 1527 ὥσπερ
1435 1456 1646 1526 ὅρουςῆ
1690 1459 1820 1527 στή-

241 1543 334 1606 λας
357 1544 481 1607 τοὺς
503 1548 1024 1617 προκατεσχηκότας
1055 1549 1400 1618 πρεσϐεύειν,
1431 1550 1526 1603 καὶ
1554 1550 1726 1604 ταῦτα
1755 1553 1816 1604 οὐ

240 1633 379 1688 λύειν
403 1635 597 1706 ὥσπερ
619 1638 676 1691 ἐν
716 1641 829 1701 τοῖς
863 1640 1048 1708 νόμοις
1075 1640 1200 1704 τοὺς
1250 1642 1550 1713 προτέρους
1582 1643 1671 1695 διὰ
1712 1643 1820 1695 τῶν

241 1728 492 1781 ἐναντίων
529 1729 670 1795 δέον,
718 1731 854 1784 ἀλλὰ
892 1732 994 1802 τῆς
1034 1735 1205 1802 αὐτῆς
1237 1735 1422 1805 χώρας
1465 1737 1557 1789 καὶ
1599 1736 1820 1804 ἐτέρους

1920 629 2010 682 dio
2044 645 2110 683 ne
2141 631 2312 684 vitam
2346 633 2561 701 quidem
2597 639 2954 704 expetendam
3006 650 3215 708 putent,
3251 657 3344 697 eos
3394 654 3504 698 tam

1921 721 2144 788 ignavos
2176 721 2336 793 [dixit
2390 725 2603 792 ignavos
2645 739 2864 797 propter
2893 745 2997 784 non
3035 735 3502 801 contradicentes;

1920 813 2149 883 iniquos,
2167 827 2384 885 propter
2401 820 2855 888 reprehendentes
2870 839 2960 880 eos
2977 826 3065 895 qui
3081 827 3503 900 contradicunt],

1923 916 2015 960 aut
2050 908 2228 974 potius
2282 909 2503 979 iniquos
2541 927 2684 977 esse,
2717 923 2774 967 ut
2825 930 2931 970 uno
2971 918 3251 974 ad'omnia
3283 931 3505 975 utantur

1921 1012 2261 1069 argumento,
2299 1004 2344 1057 si
2371 1007 2490 1073 quis
2534 1008 2811 1061 exstiterit
2845 1011 3012 1078 prior,
3047 1026 3108 1066 ac
3153 1027 3249 1081 pro
3274 1015 3504 1069 veritate

1923 1092 2143 1146 nomina
2195 1093 2554 1159 admirentur,
2583 1097 2740 1164 quasi
2780 1114 2882 1152 non
2917 1109 3169 1167 oportere
3207 1103 3502 1171 quidquam

1925 1184 2151 1251 reperiri
2189 1185 2384 1240 melius
2412 1187 2749 1250 existiment,
2784 1204 2846 1243 ac
2878 1190 3024 1258 leges
3050 1192 3269 1262 quidem
3298 1192 3506 1263 410a

1923 1276 2088 1342 ipsas,
2120 1275 2164 1327 si
2195 1276 2265 1330 sit
2291 1277 2420 1333 utile
2444 1288 2693 1347 mutare;
2724 1282 2814 1349 qui
2847 1293 3029 1336 autem
3060 1283 3126 1336 de
3155 1284 3239 1347 iis,
3278 1299 3503 1351 quorum

1922 1379 2005 1423 est
2034 1377 2230 1423 natura
2273 1379 2555 1439 perpetua,
2609 1382 2842 1427 tractant
2893 1391 3194 1441 sermones,
3242 1390 3337 1430 eos
3388 1387 3508 1445 post

1922 1463 2128 1531 primos
2155 1479 2258 1517 non
2289 1465 2551 1532 recipere,
2584 1481 2772 1521 verum
2799 1468 3008 1536 priores
3031 1472 3186 1538 quasi
3219 1471 3503 1533 terminos,

1923 1564 2018 1607 aut
2048 1555 2329 1610 columnas
2375 1558 2645 1622 venerari,
2701 1574 2800 1612 nec
2828 1574 2912 1623 ea,
2951 1562 3405 1629 quemadmodum
3451 1562 3502 1614 iu

1925 1641 2134 1709 legibus
2166 1642 2374 1710 priores
2409 1658 2504 1713 per
2536 1647 2845 1700 contrarias
2886 1647 3238 1716 abrogautur,
3272 1648 3503 1709 solvere,

1923 1750 2112 1790 verum
2146 1737 2335 1790 eodem
2375 1736 2492 1790 loco
2519 1740 2683 1792 etiam
2713 1739 2848 1794 alios
2875 1739 3077 1794 habere
3107 1759 3120 1793 :
3152 1752 3206 1795 et
3233 1741 3507 1809 iuramen-

241 1818 418 1882 ἀξιοῦν
455 1822 662 1885 αὐτοῖς,
695 1822 917 1887 καὶτοῖς
948 1824 1048 1895 μὲν
1076 1826 1260 1896 ὅρκοις
1285 1831 1398 1892 τοῖς
1423 1831 1624 1892 κοινοῖς
1651 1847 1818 1900 προσ-

1927 1829 1995 1882 tis
2029 1829 2249 1895 quidem
2289 1829 2524 1898 publicis
2575 1831 2677 1885 hoc
2718 1833 2992 1888 ascribere
3025 1833 3168 1898 licet,
3207 1834 3427 1888 demere
3451 1841 3507 1886 et

241 1912 625 1982 παραγράφειν
655 1914 856 1980 ἐξεῖναι
889 1918 1097 1970 ἀνελεῖν
1136 1920 1229 1972 καὶ
1262 1922 1580 1990 προσθεῖναι
1608 1924 1636 1976 ὅ
1672 1942 1723 1976 τι
1753 1924 1820 1978 ἂν

242 2005 634 2073 σκοπουμένοις
657 2005 884 2078 ὕστερον
910 2010 1162 2081 συνδοκῇ,
1189 2010 1283 2075 οὓς
1307 2012 1362 2066 δὲ
1389 2014 1496 2068 ἀπὸ
1524 2016 1623 2086 τῆς
1647 2017 1821 2082 αὐτῆς

237 2091 480 2156 ἐξουσίας
505 2095 595 2148 ἀεὶ
621 2098 714 2150 καὶ
740 2098 827 2150 διὰ
852 2101 1054 2164 παντὸς
1083 2101 1360 2166 ἐξετάζειν
1382 2105 1464 2157 δεῖ
1495 2105 1708 2174 λόγους,
1741 2107 1822 2178 τῷ

237 2185 560 2254 παρελθόντι
590 2189 770 2260 χρόνῳ
803 2191 950 2260 μόνῳ
977 2194 1314 2262 προσθεῖναι,
1343 2196 1531 2268 ὥσπερ
1565 2197 1632 2252 ἂν
1663 2199 1820 2264 εἴτις

237 2280 327 2330 καὶ
362 2279 633 2347 ὑγιαίνειν
663 2283 863 2350 φάσκοι
887 2284 934 2316 9"
967 2285 1163 2355 χρῆναι
1195 2287 1390 2356 μόνους
1420 2290 1546 2353 τοὺς
1570 2291 1819 2362 πρώτους

235 2374 581 2441 γενομένους,
627 2376 722 2429 καὶ
755 2376 894 2446 μηδὲ
935 2379 1114 2432 ἐκεῖνο
1139 2381 1272 2451 ὀρᾷν
1299 2383 1366 2448 9⁵,
1409 2384 1550 2454 ὅτιή
1595 2386 1819 2457 τοιαύτη

235 2467 410 2538 κρίσις
439 2469 541 2522 καὶ
571 2473 598 2523 ὁ
629 2470 886 2542 λογισμὸς
912 2477 940 2528 ό
971 2478 1211 2539 τοιοῦτος
1240 2481 1424 2544 αὐτοῖς
1460 2480 1695 2552 πρώτοις
1726 2482 1821 2547 οὓς

233 2559 464 2627 τιμῶσιν
491 2561 555 2614 οὐ
596 2563 885 2619 λυσιτελεῖ.
927 2567 986 2619 Ei
1019 2568 1128 2637 γὰρ
1162 2571 1240 2640 τῷ
1268 2572 1447 2642 χρόνῳ
1486 2572 1570 2625 δεῖ
1608 2590 1820 2644 συγχω-

236 2652 347 2719 ρεῖν
375 2652 471 2704 καὶ
500 2652 601 2722 τὴν
627 2653 784 2718 ἀξίαν
829 2657 937 2710 ἀπὸ
973 2657 1165 2712 τούτου
1217 2665 1459 2732 μετρεῖν,
1496 2664 1674 2716 οὐκέτ’
1703 2664 1817 2732 ἔχει

233 2739 391 2794 τόπον
439 2743 472 2812 ἡ
522 2743 618 2797 νῦν
646 2746 692 2778 ⁹⁶
721 2747 872 2816 παρὰ
931 2750 1150 2806 πάντων
1215 2754 1294 2815 είς
1357 2755 1601 2818 ἐκείνους
1632 2755 1815 2819 αἰδώς.

237 2829 414 2895 Ἴασος
448 2833 562 2905 γὰρ
598 2836 664 2890 ἂν
698 2839 742 2869 ⁸⁷
774 2839 918 2894 οὕτω
945 2858 1010 2909 γε
1041 2843 1085 2874 ³⁸
1113 2843 1285 2916 νικώῃ
1319 2847 1444 2917 περὶ
1474 2847 1684 2916 λόγους,
1726 2851 1820 2904 καὶ

231 2922 472 2992 Κρίασος
500 2929 597 2980 καί⁸
619 2928 908 2999 Κρότωτος
936 2933 980 2965 ’³
1011 2934 1106 2988 καὶ
1144 2936 1428 3008 Φορωνεὺς
1462 2939 1500 3004 ¹,
1533 2941 1628 2992 καὶ
1656 2940 1711 2993 εἴ
1731 2959 1814 3005 τις

244 3014 489 3085 Ἀργεῖος
524 3020 589 3072 ὲκ
621 3021 794 3089 μύθου
820 3024 915 3077 καὶ
943 3027 1253 3083 Δευκαλίων
1283 3033 1303 3063 ³
1326 3031 1526 3085 αίπιῶν
1553 3031 1822 3105 βεϐοημές

229 3125 354 3162 νων.
397 3111 528 3166 Ἐὰν
558 3112 701 3168 οὕτω
723 3119 1018 3190 κρίνωμεν,
1050 3121 1126 3184 ὡς
1151 3123 1213 3175 οὐ
1242 3124 1434 3195 Κόδρῳ
1461 3143 1523 3194 γε
1558 3129 1818 3193 μετέσται

1927 1919 2149 1982 addere,
2191 1921 2455 1989 quidquid
2513 1923 2784 1990 posterius
2835 1924 3272 1978 consultantibus
3325 1923 3504 1978 visum

1925 2009 2115 2075 fuerit,
2144 2026 2283 2081 quas
2335 2021 2516 2068 autem
2558 2015 2746 2068 eadem
2782 2029 2998 2084 semper
3027 2025 3082 2070 et
3109 2017 3308 2086 ubique
3339 2016 3503 2070 liber-

1925 2111 2037 2158 tate
2089 2105 2318 2158 decebat
2359 2105 2666 2159 examinari
2719 2105 2952 2172 litteras,
2998 2121 3092 2161 eas
3125 2107 3504 2175 superioribus

1925 2198 2190 2249 duntaxat
2240 2195 2576 2262 temporibus
2625 2195 2812 2264 tribui,
2863 2198 3027 2252 veluti
3065 2199 3109 2252 si
3151 2200 3273 2267 quis
3301 2198 3506 2266 primos

1924 2295 2135 2340 tantum
2193 2286 2440 2342 homines
2498 2302 2662 2341 sanos
2709 2302 2832 2342 esse
2879 2287 3028 2342 dicat
3074 2300 3353 2357 oportere,
3407 2303 3507 2343 nec

1925 2378 2066 2433 hanc
2095 2378 2567 2433 ratiocinationem
2605 2372 2738 2448 ipsis
2765 2381 3018 2450 primam,
3047 2396 3186 2449 quos
3217 2383 3504 2445 honorant,

1924 2470 2170 2524 inutilem
2200 2485 2322 2525 esse
2359 2471 2817 2526 animadvertere.
2868 2469 3004 2526 Nam
3037 2473 3080 2526 si
3122 2472 3348 2540 tempori
3387 2487 3506 2525 om-

1923 2562 2010 2615 nia
2074 2572 2204 2616 sunt
2275 2562 2585 2626 tribuenda,
2649 2579 2826 2632 eoque
2901 2565 3173 2619 metiemla
3249 2566 3504 2634 dignitas,

1924 2671 2030 2711 non
2071 2655 2306 2722 amplius
2356 2655 2423 2720 is,
2475 2657 2565 2725 qui
2630 2673 2773 2711 nunc
2823 2657 2930 2712 illis
2979 2655 3212 2712 habetur
3282 2659 3348 2713 ab
3386 2675 3506 2713 om-

1922 2749 2082 2802 nibus
2148 2751 2340 2813 honor,
2389 2748 2565 2802 locum
2618 2749 2860 2805 habebit.
2912 2748 3026 2804 Hac
3089 2751 3234 2803 enim
3290 2751 3504 2805 ratione

1919 2841 2084 2899 Jasus
2111 2854 2164 2898 et
2198 2845 2443 2910 Criasus,
2489 2852 2653 2914 atque
2693 2844 2964 2912 Crotopus
2993 2854 3044 2897 et
3072 2841 3412 2907 Phoroneus,
3443 2858 3508 2896 ac

1923 2936 2113 3004 siquis
2157 2947 2241 2992 est
2283 2939 2338 2992 in
2384 2936 2586 2992 fabulis
2614 2937 2791 3006 Argus
2820 2945 2875 2991 et
2905 2937 3184 3001 Deucalio,
3231 2937 3320 3007 qui
3365 2952 3510 2991 nunc

1923 3028 2285 3097 celebrantur,
2337 3029 2572 3099 palmam
2617 3029 2966 3085 obtinebunt.
3009 3031 3188 3099 Atque
3234 3031 3281 3085 si
3313 3031 3384 3084 ita
3425 3030 3512 3097 ju-

1924 3124 2188 3189 dicemus,
2243 3139 2308 3178 ne
2338 3123 2551 3179 Codrus
2597 3125 2815 3194 quidem
2845 3140 2942 3179 cur
2965 3124 3232 3195 glorietur
3260 3124 3508 3192 habebit,

227 3203 325 3271 τῆς
363 3204 705 3276 φιλοτιμίας,
739 3210 877 3265 ἀλλὰ
911 3215 1004 3266 καὶ
1032 3208 1188 3278 οὗτος
1216 3218 1345 3279 παῖς
1377 3213 1457 3281 οἷς
1494 3217 1646 3273 εἷπον
1678 3239 1818 3293 συμ-

1928 3218 2018 3286 qui
2052 3233 2176 3272 cum
2227 3217 2346 3272 istis
2375 3232 2513 3286 quos
2552 3217 2663 3271 dixi
2712 3227 3082 3286 comparatus,
3128 3231 3264 3285 puer
3295 3217 3364 3271 sit
3408 3233 3511 3273 nec

227 3295 411 3351 ϐαλεῖν
451 3299 474 3332 ³
506 3302 602 3354 καὶ
628 3303 730 3356 ούκ
761 3303 782 3335 ⁸
807 3306 1036 3376 ἀρχαῖος
1057 3325 1071 3339 ⁸
1106 3309 1199 3362 καὶ
1227 3311 1368 3365 κατὰ
1395 3312 1417 3344 ⁸
1448 3314 1646 3385 μικρὸν
1677 3315 1821 3370 οὕτω

226 3390 543 3462 ζητήσομεν
582 3397 602 3426 ⁸
628 3396 681 3449 εί
713 3414 799 3458 τις
835 3395 905 3470 ἦν
935 3401 1065 3474 πρὶν
1111 3403 1342 3474 σελήνην
1373 3402 1532 3462 εἶναι.
1577 3408 1818 3478 Ὀμήρου

224 3482 279 3536 δὲ
309 3490 406 3538 καὶ
443 3487 693 3542 Ἡσιόδου
716 3492 809 3544 καὶ
831 3492 941 3546 τῶν
971 3495 1051 3558 εἰς
1075 3497 1106 3564 ἡ
1117 3497 1223 3572 μᾶς
1243 3501 1630 3567 νενικηκότων,
1670 3500 1818 3554 Πλά-

224 3592 394 3640 τωνος
429 3580 503 3651 (εί
541 3580 744 3652 βούλει)
781 3585 875 3637 καὶ
905 3588 1281 3657 Δημοσθένους
1331 3592 1424 3644 κα)⁵
1453 3593 1560 3644 τῶν
1590 3593 1770 3662 ὀλίγον
1799 3597 1817 3628 ⁷

226 3669 333 3740 πρὸ
358 3671 572 3726 τούτων
611 3675 721 3727 οὐδ’
751 3678 832 3740 είς
878 3678 1171 3731 πολλοστὸν
1209 3681 1401 3751 χρόνον
1445 3683 1600 3747 ἐλπὶς
1628 3685 1822 3753 ὁμοίαν

222 3763 558 3832 ἐγγενέσθαι
583 3765 760 3831 δόξαν,
787 3785 850 3820 συ
859 3774 1184 3840 μπροῖόντος
1204 3772 1226 3803 ⁸
1255 3772 1368 3824 ίσου
1393 3773 1488 3827 τοῦ
1510 3775 1616 3844 πρὸ
1643 3776 1823 3830 αὐτῶν

223 3857 462 3920 ἐκείνοις
487 3858 594 3913 ἀεί.
629 3862 691 3913 Ei
721 3861 778 3915 δὲ
806 3863 966 3917 τοῦτο
993 3863 1214 3936 εὔδηλον
1244 3866 1468 3933 ἅπασιν,
1500 3869 1582 3922 ὅτι
1617 3871 1710 3924 καὶ
1742 3864 1825 3924 οὗ·

220 3962 304 4000 τοι
337 3949 508 4017 φύσει
539 3952 633 4004 καὶ
661 3952 889 4025 δυνάμει
922 3957 1294 4025 διενεγκόντες
1337 3961 1466 4023 τοὺς
1493 3961 1600 4032 πρὸ
1644 3964 1823 4016 αὑτῶν

221 4041 584 4112 ἀπέκρυψαν,
603 4045 724 4098 οὐδὲ
750 4049 874 4110 τοὺς
894 4047 1120 4121 ὕστερον
1141 4053 1160 4083 ⁹
1187 4055 1538 4108 παντάπασιν
1578 4054 1825 4120 ἅπαντας

222 4135 524 4205 ἀπείργειν
562 4139 730 4204 είκὸς,
780 4141 888 4195 οὐδ’
923 4144 1196 4211 ἀπιστεῖν,
1235 4147 1289 4199 εἴ
1327 4164 1411 4210 τις
1446 4149 1541 4201 καὶ
1578 4149 1674 4202 τοῦ
1707 4152 1825 4204 νυνὶ

220 4229 425 4296 χρόνου
491 4230 844 4304 μετεσχηκὼς
907 4235 1020 4306 ἔχει
1072 4237 1116 4269 ¹⁰
1165 4238 1545 4309 συμϐαλέσθαι
1597 4243 1826 4313 γνώμην

220 4323 357 4394 περὶ
387 4317 468 4378 ὧν
518 4326 811 4398 πρόκειται
854 4328 1032 4398 λόγος,
1083 4331 1219 4385 ἀλλὰ
1252 4334 1293 4364 “
1331 4333 1464 4404 παρ’
1513 4336 1713 4400 αὐτῶν,
1747 4339 1824 4401 ὡς

217 4414 432 4482 ἔοικεν,
461 4412 537 4472 ὧν
565 4421 816 4491 τιμῶμεν
859 4423 1128 4494 ὑπάρχειν
1155 4425 1364 4489 εἰδότας
1410 4428 1471 4480 τὸ
1499 4431 1825 4499 προσίεσθαι

220 4512 318 4564 καὶ
349 4514 649 4584 προσέχειν
683 4517 879 4570 ὁπόσον
899 4518 1146 4588 διαφέρει
1184 4521 1246 4572 ”.
1287 4520 1574 4586 ’Ἅπαντας
1604 4525 1702 4595 μὲν
1733 4525 1826 4578 οὖν

217 4605 357 4669 ἴσως
389 4608 523 4671 τοὺς
551 4609 818 4674 παλαιοὺς
836 4611 1100 4666 αἰδεῖσθαι
1130 4613 1226 4683 μὲν
1256 4613 1482 4681 δίκαιον,
1515 4618 1759 4688 φρίττειν
1779 4619 1824 4671 δ’

215 4700 322 4753 οὐκ
349 4701 529 4768 ἄξιον,
557 4704 719 4774 εῐπερ
759 4704 834 4775 μὴ
864 4705 905 4737 ¹³
932 4708 1059 4770 τοὺς
1102 4708 1195 4760 ἐπὶ
1248 4711 1360 4772 τοῖς
1398 4710 1578 4778 λόγοις
1621 4713 1823 4783 ὀνομα-

216 4797 464 4860 σθέντας
495 4797 695 4865 μᾶλλον
723 4798 756 4870 ἢ
802 4800 928 4862 τοὺς
963 4801 1160 4869 λόγους
1206 4803 1404 4869 αὐτοὺς
1429 4804 1510 4858 δεῖ
1533 4805 1711 4860 δοκεῖν
1746 4825 1826 4861 τι·

219 4890 368 4960 μᾷν·
397 4891 483 4942 ὅτι
511 4890 555 4922 ⁸⁸
582 4889 646 4956 δ’,
674 4893 722 4946 εί
757 4892 894 4962 πρὸς
915 4893 1072 4946 ἄλλον
1098 4895 1239 4961 τινὰ,
1270 4897 1374 4969 χρὴ
1406 4898 1631 4973 γνώμης
1652 4898 1826 4964 οὕτως

214 4982 376 5052 ἔχειν
417 4983 513 5035 καὶ
556 4984 694 5053 πρὸς
738 4985 1023 5050 Πλάτωνα,
1061 4988 1162 5041 οὐκ
1192 4989 1354 5044 ἄλλου
1383 4991 1575 5062 δέομαι
1617 4994 1824 5064 μάρτυ-

219 5089 342 5144 ρος,
370 5072 492 5125 ἀλλ’
517 5073 680 5139 αὐτὸς
709 5073 951 5146 ἐξαρκεῖ,
987 5076 1049 5130 οὐ
1085 5079 1244 5147 μόνον
1273 5073 1354 5142 οἷς
1375 5081 1694 5152 ἁπανταχοῦ
1726 5081 1824 5153 βοᾷ.

213 5172 320 5222 καὶ
365 5168 805 5236 παρακελεύεται
847 5169 974 5242 [669
1005 5170 1097 5244 Η.]
1135 5172 1301 5243 μηδὲν
1335 5175 1601 5245 πρότερον
1650 5179 1824 5229 ποιεῖ-

217 5258 356 5314 σθαι
411 5259 508 5329 τῆς
563 5258 842 5330 ἀληθείας,
900 5261 1036 5315 ἀλλὰ
1069 5264 1161 5315 καὶ
1219 5263 1386 5334 ὀλίγῳ
1433 5265 1513 5335 τῷ
1565 5265 1826 5336 παραδεί-

1927 3311 2228 3378 antiquus:
2273 3319 2436 3378 atque
2479 3311 2551 3364 ita
2600 3308 2861 3378 paulatim
2902 3309 2946 3364 si
2980 3310 3103 3380 quis
3147 3318 3274 3364 ante
3327 3309 3510 3364 lunam

1925 3402 2220 3467 exstiterit,
2254 3403 2613 3471 inquiremus.
2646 3401 2765 3455 Jam
2791 3400 3009 3456 Homeri
3051 3411 3214 3472 atque
3265 3400 3507 3464 Hesiodi,

1925 3507 2087 3564 atque
2115 3509 2300 3548 eorum
2336 3494 2428 3562 qui
2464 3494 2726 3548 hactenus
2759 3492 3155 3559 excelluerunt,
3182 3493 3428 3548 Platonis
3455 3496 3502 3550 si

1924 3587 2124 3657 placet,
2156 3595 2210 3640 et
2240 3585 2642 3648 Demosthenis,
2672 3595 2725 3639 et
2757 3586 2848 3655 qui
2887 3585 3050 3654 paulo
3079 3594 3204 3639 ante
3230 3585 3502 3648 vixerunt,

1927 3695 1994 3733 ne
2029 3680 2094 3732 ad
2133 3677 2505 3747 longissimum
2542 3676 2758 3745 quidem
2795 3687 3010 3744 tempus
3049 3677 3244 3731 similis
3277 3687 3360 3731 est
3388 3693 3510 3747 spe-

1928 3770 2093 3822 randa
2126 3767 2316 3836 gloria.
2346 3767 2452 3821 Sed
2479 3768 2521 3821 si
2545 3768 2596 3821 id
2627 3768 2880 3821 omnibus
2912 3779 2993 3822 est
3014 3767 3358 3823 manifestum
3391 3771 3510 3834 hos,

1927 3876 2048 3915 cum
2108 3872 2302 3913 natura
2352 3869 2408 3913 et
2483 3859 2750 3912 industria
2815 3860 3221 3929 praestitissent,
3281 3863 3514 3932 majores

1927 3969 2056 4008 suos
2087 3967 2396 4021 superasse,
2434 3966 2607 4021 neque
2631 3951 2964 4020 posteriores
2990 3961 3148 4007 erant
3170 3968 3358 4008 omnes
3392 3968 3514 4007 0m-

1931 4044 2090 4098 nibus
2128 4043 2302 4098 modis
2341 4045 2585 4109 arcendi,
2639 4057 2817 4113 neque
2851 4044 3153 4113 rejicieudi,
3185 4046 3228 4098 si
3261 4046 3383 4114 quis
3415 4047 3519 4102 hoc

1928 4138 2094 4190 etiam
2130 4145 2375 4206 tempore
2423 4136 2490 4189 de
2547 4152 2603 4190 re
2643 4137 2918 4206 proposita
2971 4138 3294 4192 sententiam
3354 4147 3520 4207 queat

1930 4227 2104 4293 ferre;
2169 4242 2358 4283 verum
2411 4243 2476 4281 ex
2534 4227 2666 4295 ipsis
2701 4241 2837 4296 quos
2898 4225 3150 4291 colimus,
3207 4227 3352 4281 aliud
3399 4242 3521 4282 esse

1929 4321 2260 4390 praecedere,
2311 4318 2455 4372 aliud
2508 4328 2798 4386 praestare,
2838 4319 3272 4387 cognoscendum
3316 4329 3416 4371 est.
3455 4320 3519 4373 Et

1929 4414 2184 4481 antiquos
2212 4412 2429 4480 quidem
2460 4425 2650 4464 omnes
2684 4410 2931 4463 venerari
2974 4419 3215 4477 oportet,
3249 4425 3353 4463 non
3387 4412 3516 4464 hor-

1935 4521 2076 4570 rere,
2105 4506 2205 4559 nisi
2242 4503 2384 4558 forte
2410 4503 2605 4557 litteris
2639 4501 2902 4571 insignes,
2932 4501 3140 4569 majore
3175 4515 3338 4570 quam
3371 4501 3517 4570 ipsas

1934 4600 2164 4663 litteras,
2195 4597 2401 4651 honore
2431 4609 2753 4649 censeamus
2773 4592 3082 4647 alliciendos
3117 4609 3132 4646 :
3167 4594 3308 4663 quod
3334 4605 3516 4648 autem

1933 4693 1980 4749 si
2015 4707 2146 4760 erga
2196 4688 2506 4758 quempiam
2543 4687 2728 4751 alium,
2763 4701 2892 4754 erga
2937 4683 3218 4739 Platonem
3252 4698 3401 4742 certe
3440 4693 3523 4742 sic

1934 4802 2055 4841 esse
2109 4785 2370 4839 debemus
2429 4781 2628 4846 alfecti,
2685 4796 2790 4834 non
2821 4779 2986 4834 alitun
3034 4781 3254 4848 requiro
3303 4791 3520 4846 testem,

1935 4891 2058 4933 cum
2104 4873 2334 4931 sufficiat
2383 4874 2520 4940 ipse,
2575 4888 2682 4926 non
2735 4882 2946 4926 tantum
2994 4873 3250 4940 quoniam
3323 4874 3526 4942 ubique

1935 4971 2135 5026 clamat
2187 4976 2244 5022 et
2286 4965 2451 5021 edicit
2493 4963 2626 5018 nihil
2679 4977 2800 5018 esse
2855 4962 3069 5019 veritati
3103 4962 3522 5032 praeferendum,

1934 5064 2028 5120 sed
2064 5071 2117 5117 et
2144 5060 2395 5127 exemplo
2427 5074 2532 5114 non
2575 5073 2793 5126 magno.
2824 5056 3034 5110 Etenim
3064 5056 3111 5109 si
3144 5055 3231 5109 ille
3259 5071 3382 5110 eum
3415 5053 3525 5109 llo-

1937 5175 2171 5224 merum,
2240 5155 2329 5224 qui
2383 5160 2540 5206 tanto
2604 5160 2729 5204 ante
2773 5151 2949 5217 ipsum
3012 5157 3256 5217 tempore
3311 5147 3520 5212 ﬂoruit,

1937 5255 2123 5311 multis
2159 5253 2224 5306 de
2253 5249 2434 5305 causis
2467 5247 2762 5307 incusaret,
2803 5241 3012 5295 ratione
3047 5255 3154 5293 non
3185 5240 3382 5303 caruit,
3416 5254 3522 5306 qua

1541 5379 1779 5436 VARI/['1
1822 5373 2231 5436 LECTIONES.

292 5493 343 5527 ει
519 5495 559 5548 Α
582 5496 906 5574 ys»
938 5511 991 5555 ει
1023 5499 1062 5574 ιδ
1090 5516 1305 5573 quoque
1489 5502 1600 5574 τῶν
1629 5502 2002 5574 habet
2030 5497 2160 5567 quid
2186 5511 2216 5549 ει
2249 5512 2279 5547 τ
2303 5491 2600 5574 ,ίιξοδρίοηε-
3121 5477 3435 5574 rasae
3458 5479 3520 5574 e-

213 5567 264 5600 r»
297 5564 594 5632 φάσκεις.
668 5570 712 5600 νδ
746 5551 989 5642 epis."
1012 5551 1058 5602 έσ
1083 5551 1307 5628 ὧῖὄιὲιῖ
1333 5551 1456 5627 It."
1479 5551 1909 5629 {favonii-AI"
1929 5551 1974 5602 δε
2005 5551 2070 5636 γὲ
2101 5599 2166 5610 -
2196 5565 2326 5642 περὶ
2349 5551 2542 5642 {diove
2574 5574 2685 5642 qm;
2716 5558 2820 5642 Ag.
2848 5556 2898 5642 ,9?
2920 5551 3522 5642 ,καλχὸξξρρτεζῖῗῨξ-,Ξ-

217 5638 236 5712 ξ
274 5627 385 5688 κάὶ
413 5627 694 5712 φορωνεὺς
720 5627 835 5695 om:
869 5643 932 5696 Α.
1006 5644 1029 5675 ³
1060 5646 1155 5698 καὶ
1184 5627 1494 5698 Δευκαλίων
1526 5627 1669 5697 αἱπί
1696 5643 1725 5712 β

213 5709 238 5740 ³
274 5707 619 5779 συμϐᾁλλειν
652 5727 714 5773 ς.
825 5712 846 5744 ⁵
878 5714 979 5768 ούκ
1008 5716 1086 5768 Α;
1119 5715 1230 5769 οὔτ’
1254 5733 1313 5779 ς.

215 5847 644 5922 παραδείγματι
674 5868 785 5906 om.
823 5857 886 5911 Λ.

1414 5716 1436 5747 ⁵
1461 5712 1625 5785 κατὰ]
1655 5717 1721 5767 τὰ
1752 5713 1894 5767 κατὰ

211 5781 236 5812 9
272 5771 418 5857 τοῦς
438 5775 586 5857 iier
615 5771 839 5844 τούτους
874 5784 992 5840 ὕστ.
1025 5792 1066 5840 Α
1095 5797 1147 5843 et
1179 5771 1349 5857 per.
1429 5786 1474 5818 '°
1495 5771 1690 5856 ἕχοιἹῖ.
1763 5785 1882 5816 ¹¹⁰¹²
1924 5782 2058 5836 ἀλλὰ
2094 5771 2163 5821 -ζ
2187 5771 2443 5847 ’διαφέρει
2476 5788 2586 5830 om.
2615 5771 2680 5824 A.

1732 5617 1958 5696 s6-."om.
1987 5617 2068 5694 AO.—
2103 5617 2210 5704 pro
2236 5617 2438 5690 α’ίπιῶν
2470 5617 2611 5699 apud
2658 5626 2949 5704 {inistidetu
2979 5622 3220 5704 est_dw'ci.
3251 5620 3371 5704 τῶν
3405 5617 3522 5671 νῦν.

3080 5693 3102 5725 ⁸
3143 5691 3425 5761 προϊόντος
3460 5704 3522 5752 ς’.

3278 5761 3318 5793 ιδ
3343 5760 3426 5814 ὅτι
3456 5787 3528 5799 -——

2663 5700 2681 5730 "
2716 5697 2914 5762 ὀλίγων
2939 5712 3001 5759 ς’.

2077 5711 2097 5741 ⁶
2131 5709 2458 5778 ζητήσωμεν
2509 5720 2568 5766 ς.
2663 5709 2679 5730 ⁷
2716 5709 2914 5762 ὀλίγων
2939 5712 3001 5759 ς’.
3080 5709 3102 5725 ο
3143 5709 3169 5744 11

2094 5812 2163 5821 ——
2195 5779 2443 5839 διαφέρει
2476 5788 2586 5830 om.
2615 5771 2680 5824 A.
2784 5768 2828 5799 ”
2853 5767 2926 5839 pa
2967 5781 3080 5821 om.
3104 5766 3169 5820 Α.
