3960 6414
502 366 632 435 1491

1672 395 1932 457 PHOTH
1959 401 2466 468 PATRIARCHE
2505 411 2614 471 (ΖΡ.

3648 420 3763 486 1492

498 503 686 547 contra
730 493 1078 566 indignantes
1127 509 1394 569 uteretur,
1450 504 1635 561 licebit
1693 513 1949 569 nimirum
1998 532 2065 572 se-

498 584 733 611 nsu-nl...“
770 584 1053 611 hl...-..-_..
1090 592 1257 611 εμμμη
1362 604 1374 611 Α
1619 601 1632 611 .
1682 603 1737 611 ...
1865 606 1877 611 -
1979 608 1988 611 -

2191 537 2383 589 γματι.
2454 525 2518 577 Εἰ
2581 525 2691 595 γὰρ
2731 526 2940 591 ἐκεῖνος
3001 528 3227 603 Ὁμήρῳ
3270 533 3348 601 τῷ
3392 534 3645 590 τοσοῦτον
3677 560 3763 611 πίω

496 584 735 638 cundum
770 584 1057 645 Platonem
1090 592 1290 662 ipsum,
1325 604 1379 650 et
1415 611 1511 653 eos
1540 601 1632 668 qui
1682 603 1833 657 illum
1864 606 2088 664 laudant

497 683 660 744 atque
695 682 843 733 omni
878 682 1172 739 absolvunt
1203 687 1458 753 crimine,
1495 693 1539 745 si
1564 694 1689 762 quis
1723 697 1931 767 aliquid
1964 715 2087 754 con-

498 774 579 815 tra
631 766 776 819 illum
829 769 1011 825 dicere
1073 776 1325 844 coeperit,
1383 781 1720 838 auditionem
1773 789 2082 847 sustinere:

422 922 425 929 ί
496 855 692 929 41οὺ
728 876 827 915 nec
862 864 1014 932 prius
1071 867 1124 922 id
1161 870 1376 926 crimini
1407 885 1643 941 vertere,
1679 894 1842 948 quam
1881 883 1970 939 ille
1996 901 2085 940 ra-

495 949 739 1005 tionibus
796 954 863 1007 ad
917 959 1256 1027 propositum
1320 965 1721 1032 pertinentibus
1776 972 2081 1032 deﬁciatur.

492 1037 779 1108 .‘ndignum
825 1048 969 1101 enim
1014 1050 1176 1115 foret,
1214 1068 1336 1108 cum
1372 1057 1482 1122 ille,
1515 1075 1677 1129 quam
1731 1066 1909 1137 palam
1955 1086 2084 1125 con-

494 1130 753 1188 stituerat
806 1152 1090 1206 accusare,
1154 1143 1475 1204 defensione
1525 1168 1625 1209 sua
1682 1160 2085 1226 quodammodo

494 1236 601 1275 non
634 1226 881 1293 privarit,
909 1245 1103 1287 verum
1132 1235 1344 1294 duobus
1369 1251 1464 1298 aut
1497 1245 1675 1303 tribus
1708 1249 2082 1311 defensionem

495 1314 668 1371 forma
704 1320 1042 1393 dialogorum
1069 1328 1320 1387 tribuerit
1350 1353 1365 1389 :
1403 1337 1448 1391 si
1484 1354 1603 1405 nos,
1627 1344 1718 1410 qui
1761 1360 1874 1400 rem
1915 1359 2082 1405 totam

493 1411 768 1468 sustinere
788 1429 1076 1482 possumus
1116 1431 1171 1477 et
1203 1425 1470 1495 volumus,
1503 1431 1555 1485 id
1596 1450 1702 1488 non
1737 1439 2081 1507 auderemus,

491 1501 645 1566 quasi
698 1518 804 1559 non
854 1520 1001 1564 esset
1057 1515 1291 1582 amplius
1352 1519 1565 1579 Platoni
1621 1533 2079 1598 respondendum,

493 1605 614 1657 quae
644 1594 760 1663 ipse
796 1600 900 1655 sibi
945 1604 1196 1662 voluerit.
1236 1611 1548 1670 Absurdum
1594 1594 1789 1677 deinde
1836 1626 1967 1680 mihi
2002 1630 2081 1681 vi-

491 1682 731 1751 debitur,
764 1690 809 1744 si
865 1691 1020 1750 Plato
1070 1701 1423 1770 rhetoricam,
1462 1710 1617 1777 cujus
1646 1724 1699 1767 et
1728 1715 1841 1782 ipse
1872 1727 2080 1782 partem

488 1773 724 1836 fortasse
770 1798 1104 1847 consecutus
1147 1794 1385 1864 aliquam
1427 1811 1567 1866 erat,
1616 1805 1930 1873 vituperare
1971 1827 2076 1865 non

486 1876 572 1922 est
602 1872 807 1928 veritus
841 1894 855 1930 :
890 1894 988 1933 nos
1026 1898 1123 1948 pro
1154 1885 1454 1956 rhetorica,
1490 1907 1558 1947 ne
1595 1896 1718 1964 quis
1742 1898 1886 1953 illius
1912 1916 2074 1956 causa
2112 1883 2152 1937 Β

484 1956 822 2030 indignetur,
863 1968 1046 2025 dicere
1092 1977 1336 2041 pudebit.
1366 1956 1662 2052 Praeterea,
1687 1987 1957 2058 siquidem
1989 1994 2075 2047 ni-

483 2050 564 2105 hil
593 2065 864 2122 oporteret
897 2068 1295 2135 contradicere,
1327 2076 1420 2127 scd
1450 2089 1571 2130 eam
1601 2079 1799 2134 deserti
1829 2084 2075 2139 vadimo-

483 2140 560 2194 nii
603 2143 839 2202 velttt'in
894 2154 1047 2207 curia
1103 2157 1372 2223 damnari.
1430 2165 1594 2237 idque
1641 2171 1856 2227 dicendi
1906 2177 2076 2246 magi-

484 2240 682 2299 stram,
706 2236 806 2291 alia
827 2244 1078 2310 quaedam
1112 2249 1226 2305 haec
1246 2265 1394 2310 esset
1428 2236 1585 2315 ratio.
1623 2260 1719 2316 Sin
1744 2280 2070 2337 quemquam

482 2333 753 2391 oporteat,
795 2330 951 2388 nobis
1001 2336 1102 2392 hoc
1131 2347 1521 2412 propemodum
1568 2354 1876 2420 conveniet,
1912 2368 1970 2411 ut
2005 2374 2070 2413 ex

483 2413 588 2469 hac
611 2432 827 2488 quoque
858 2439 916 2478 re
966 2428 1200 2495 primum
1242 2434 1472 2493 insiituti
1510 2444 1681 2498 nostri
1708 2447 1797 2515 jus
1823 2450 2071 2505 declare-

480 2521 625 2562 mus.
673 2507 785 2566 Nec
827 2516 971 2571 enim
1019 2535 1232 2590 aequum
1281 2538 1386 2593 est,
1428 2540 1552 2587 uta
1608 2540 1797 2606 quaid
1847 2546 2070 2616 accepi-

479 2611 629 2663 mus,
683 2615 791 2669 quo
827 2611 1043 2665 caeteris
1086 2618 1419 2682 patrocinari
1480 2638 1785 2693 possemus,
1837 2646 1901 2687 ea
1952 2638 2067 2694 suis

476 2686 808 2747 destituatur
867 2698 1049 2767 bonis,
1103 2720 1203 2761 nec
1260 2712 1442 2775 p0tius
1499 2717 1580 2769 vel
1640 2722 1786 2786 talis,
1849 2729 2064 2795 qualem

476 2776 632 2834 Plato
677 2785 869 2853 voluit,
903 2792 1173 2862 videatur,
1214 2799 1296 2853 vel
1334 2813 1392 2857 ut
1440 2805 1609 2862 videri
1644 2814 1813 2880 possit
1855 2776 2066 2874 cilicia-

476 2881 584 2925 tur.
629 2872 765 2930 Nam
801 2882 947 2947 quod
988 2886 1147 2956 vulgo
1191 2890 1393 2948 dicitur
1433 2897 1706 2956 silentium
1738 2909 2065 2968 conﬁrmare

474 2962 728 3031 crimina,
780 2970 832 3024 id
869 2987 1034 3028 unum
1076 2993 1141 3033 ac
1172 2982 1403 3047 simplex
1451 3003 1557 3043 non
1592 3003 1674 3046 est
1709 3009 1723 3049 :
1766 3011 1954 3054 verum
1985 3004 2062 3058 si-

472 3054 587 3108 mul
638 3066 694 3113 et
733 3058 859 3129 jure
912 3080 1012 3122 suo
1058 3072 1381 3143 privabitur,
1420 3088 1475 3134 et
1523 3080 1840 3151 dignitatem
1894 3099 2059 3148 totam

471 3148 706 3207 amittet.

2190 613 2358 667 αὐτοῦ
2408 617 2537 687 περὶ
2572 617 2782 672 πολλῶν
2812 620 2929 653 ¹⁵·⁸⁶
2962 622 3233 693 ἐπιτιμῶν
3265 625 3365 678 οὐκ
3411 628 3762 701 ἀπεστέρηται

2188 702 2371 772 λόγου,
2395 707 2509 760 ἀλλ’
2538 708 2651 779 ἔχει
2670 710 2807 781 πρὸς
2826 713 2951 776 τοὺς
2969 714 3413 783 ἀγανακτοῦντας
3430 719 3458 772 ὅ
3483 738 3533 774 τι
3559 720 3684 793 εἴπῃ
3704 727 3761 793 ’⁷,

2188 799 2309 850 κατ’
2370 798 2556 866 αὐτὸν,
2611 800 2688 865 ὼς
2717 801 2885 869 ἔοικε,
2936 805 3197 861 Πλάτωνα
3240 810 3338 862 καὶ
3382 812 3509 876 τοὺς
3573 814 3760 870 ἐκεῖνον

2187 884 2545 953 ἐπαινοῦντας
2587 892 2685 944 καὶ
2734 893 2919 963 πάσης
2955 896 3133 961 αἰτίας
3182 898 3446 968 ἀφιέντας
3490 902 3633 966 ἔστι,
3676 908 3759 961 κᾶν

2187 976 2344 1041 ἄλλος
2372 997 2458 1044 τις
2496 982 2692 1055 ἐκείνῳ
2719 985 2850 1058 δοκῇ
2892 984 2936 1017 ¹⁸
2970 1005 3023 1040 τι
3057 988 3235 1059 λέγειν
3288 993 3632 1061 ὑπεναντίον,
3667 1000 3763 1052 τολ-

2191 1072 2298 1141 μᾷν
2337 1073 2717 1144 ἀκροάσασθαι
2754 1079 2797 1112 ¹⁹
2831 1080 2998 1151 μήπω
3021 1083 3069 1115 ¹⁰
3095 1083 3250 1137 τοῦτο
3294 1085 3546 1158 ἔγκλημα
3600 1107 3764 1144 ποιου-

2191 1166 2408 1235 μένους,
2445 1168 2562 1221 ἀλλ⁹
2596 1169 2693 1223 ὲάν
2742 1173 2857 1235 τοῖς
2898 1173 3028 1243 περὶ
3069 1173 3178 1227 τῶν
3226 1180 3567 1248 πραγμάτων
3603 1180 3763 1248 λόγοις

2187 1261 2510 1335 ἀπολειφθῇ.
2545 1266 2656 1319 Καὶ
2686 1265 2796 1336 γὰρ
2826 1268 2869 1298 ’ί
2904 1266 2970 1320 ἂν
3000 1268 3086 1339 εῐη
3117 1270 3313 1335 δεινὸν,
3358 1273 3407 1324 εἰ
3444 1275 3654 1337 ἐκεῖνος
3682 1275 3762 1345 μὲν

2188 1352 2428 1417 ὑποστὰς
2469 1360 2796 1427 κατηγορεῖν
2837 1361 2901 1413 ἐκ
2934 1360 3245 1432 προφανοῦς
3284 1364 3386 1417 οὐκ
3433 1364 3761 1437 ἀπεστέρησε

2185 1447 2387 1515 τρόπον
2416 1450 2480 1515 γέ
2517 1466 2642 1503 τινα
2669 1452 2842 1522 αὐτὴν
2873 1454 2982 1507 τῶν
3016 1456 3157 1524 ὑπὲρ
3199 1457 3401 1528 ἑαυτῆς
3435 1459 3629 1527 λόγων,
3663 1462 3760 1516 ἀλλ’

2187 1538 2436 1592 ἀπέδωκε
2477 1542 2596 1594 δυσὶ
2626 1544 2719 1595 καὶ
2764 1546 2944 1613 τρισὶν
2976 1547 3254 1600 ἀντειπεῖν
3276 1550 3353 1611 ὡς
3384 1551 3517 1617 γοῦν
3548 1554 3603 1604 ὲν
3643 1557 3760 1624 σχή-

2190 1647 2321 1699 ματι
2354 1632 2640 1702 διαλόγων.
2678 1636 2840 1705 ἡμεῖς
2878 1637 2935 1690 δὲ
2967 1639 3016 1690 οἱ
3054 1640 3115 1691 τὸ
3145 1638 3264 1693 ὅλον
3302 1640 3518 1711 βοηθεῖν
3559 1644 3761 1714 ἔχοντες

2185 1724 2281 1775 καὶ
2304 1727 2679 1796 προῃρημένοι
2714 1726 2876 1799 [mo
2910 1730 3002 1802 IL]
3036 1731 3110 1801 μὴ
3155 1731 3537 1803 τολμήσωμεν,
3581 1735 3759 1810 ὥσπερ

2184 1814 2403 1868 τοσαῦτ’
2439 1817 2744 1886 ἀντιλέγειν
2795 1820 3040 1875 Πλάτωνι
3091 1822 3232 1886 δέον,
3286 1825 3458 1878 ὁπόσα
3499 1827 3565 1880 ἂν
3610 1828 3759 1893 αὐτὸς

2181 1908 2318 1974 πρὸς
2344 1908 2508 1961 αὑτὸν
2558 1908 2869 1981 βουληθείη.
2909 1914 3143 1967 ’Ἄτοπον
3184 1914 3242 1968 δέ
3284 1933 3375 1985 μοι
3420 1918 3673 1985 φαίνεται
3699 1924 3757 1989 ²¹,

2182 1998 2231 2050 εἰ
2261 1999 2485 2053 Πλάτων
2516 2002 2616 2069 μὲν
2643 2004 2744 2054 οὐκ
2769 2003 2971 2074 ᾐδέσθη
2991 2005 3174 2074 ψέγων
3200 2008 3516 2079 ῥητορικὴν,
3545 2004 3617 2082 ἧς
3644 2013 3758 2077 ἴσως

2178 2108 2228 2142 τι
2263 2091 2306 2121 ³³
2338 2093 2431 2145 καὶ
2474 2093 2625 2162 αὐτῷ
2686 2095 2878 2165 μετῆν,
2929 2098 3092 2166 ἡμεῖς
3134 2098 3180 2151 δ’
3212 2102 3579 2171 αἰσχυνόμεθα
3630 2105 3759 2175 ὑπὲρ

2181 2184 2480 2254 ῥητορικῆς
2529 2184 2800 2253 λέγοντες,
2848 2187 2924 2256 μή
2980 2204 3065 2251 τις
3112 2189 3158 2241 δ’
3202 2193 3408 2245 ἐκεῖνον
3446 2194 3753 2265 ἀχθεσθείη.

2176 2276 2360 2345 Χωρὶς
2388 2276 2445 2330 δὲ
2487 2278 2714 2344 τούτων,
2756 2282 2805 2330 εἱ
2853 2280 2951 2349 μὲν
2997 2280 3163 2352 μηδὲν
3196 2284 3475 2338 ἀντειπεῖν
3499 2286 3601 2353 δεῖ,
3651 2288 3757 2340 ἀλλ’

2175 2367 2392 2437 ἐρήμην
2442 2368 2743 2423 ἑαλωκέναι
2806 2371 3058 2441 καθάπερ
3121 2376 3180 2426 ὲν
3236 2374 3613 2447 δικαστηρίῳ,
3672 2379 3757 2432 καὶ

2171 2458 2345 2513 ταῦτα
2379 2459 2424 2492 ’⁸
2452 2459 2627 2531 λόγων
2666 2462 2864 2534 τέχνην
2894 2464 3083 2531 οὖσαν,
3128 2464 3256 2519 ἀλλο
3298 2485 3352 2519 τι
3390 2468 3537 2521 τοῦτ’
3565 2469 3637 2522 ἂν
3676 2471 3753 2539 εἴη

2171 2553 2547 2624 τούπίταγμα.
2575 2555 2637 2609 El
2683 2555 2728 2608 δ’
2765 2555 2913 2609 ἔστιν
2956 2557 3136 2611 ὅντινα
3174 2557 3273 2622 δεῖ,
3313 2559 3502 2630 σχεδὸν
3536 2562 3672 2631 ἡμῖν
3696 2562 3757 2616 ἂν

2172 2646 2375 2715 πρέποι
2409 2648 2477 2709 ’⁸,
2508 2646 2597 2699 ἴνα
2624 2648 2719 2701 καὶ
2761 2647 2821 2699 τὸ
2858 2648 3067 2701 δεκαιον
3106 2649 3268 2713 εὐθὺς
3306 2652 3365 2704 ὲν
3410 2652 3561 2721 αὐτῷ
3589 2652 3757 2723 τούτῳ

2172 2734 2374 2808 πρώτῳ
2400 2736 2686 2807 δείξωμεν,
2717 2732 2778 2790 οἵ)
2809 2740 3231 2810 π’ροεστήκαμεν
3256 2759 3270 2771 ο
3299 2741 3376 2803 ὡς
3406 2743 3553 2797 ἔστιν
3581 2747 3647 2797 ού
3672 2745 3755 2799 λό-

2169 2843 2266 2894 γον
2300 2828 2493 2893 σῶζον,
2529 2831 2660 2899 παρ’
2690 2825 2758 2900 ἦς
2787 2830 2848 2883 τὸ
2876 2834 2988 2895 τοῖς
3010 2831 3189 2895 ἀλλοις
3213 2837 3599 2905 συναγορεύειν
3624 2841 3757 2899 ἐστὶ,

2167 2918 2338 2989 ταύτῃ
2369 2919 2481 2971 τῶν
2523 2920 2655 2991 παρ’
2688 2921 2864 2990 αὐτῆς
2911 2922 2987 2993 μὴ
3031 2924 3373 2993 μεταδοῦναι,
3429 2928 3567 2982 ἀλλά
3619 2930 3758 2983 δυεῖν

2169 3008 2418 3081 θάτερον,
2451 3011 2485 3083 ἢ
2516 3011 2761 3067 τοιοῦτον
2796 3011 2936 3067 εἶναι
2982 3015 3163 3068 δοκεῖν
3192 3018 3363 3087 αὐτὴν
3390 3014 3503 3072 οἷον
3541 3022 3590 3053 ⁸⁸
3617 3023 3754 3076 [1λὰ-

2165 3116 2273 3152 των
2308 3098 2656 3173 βεϐούληται,
2703 3102 2738 3175 ἢ
2771 3102 3015 3157 τοιοῦτόν
3045 3106 3097 3171 γ’
3122 3106 3167 3137 ³⁷
3212 3102 3352 3161 εἶναι
3398 3109 3579 3163 δοκεῖν
3610 3112 3757 3181 πονῇ.

2168 3208 2281 3245 σαι.
2305 3192 2381 3247 Οὐ
2415 3192 2525 3262 γάρ
2574 3195 2726 3247 ἐστιν
2768 3194 2826 3248 ἓν
2868 3195 3030 3250 τοῦτο
3057 3198 3103 3229 ’⁸
3127 3196 3157 3250 ὃ
3188 3200 3485 3271 πανταχοῦ,
3531 3201 3618 3255 ὅτι
3662 3204 3755 3265 τὰς

470 3247 654 3314 αἰτίας
681 3254 715 3323 η
744 3260 921 3332 σιωπὴ
952 3261 1191 3333 βεϐαιοῖο
1241 3271 1359 3326 ἀλλ’
1387 3275 1505 3347 ἅμα
1562 3282 1673 3336 τῶν
1715 3303 1774 3339 τε
1814 3289 2039 3344 δικαίων
2075 3290 2137 3343 ού
2178 3293 2446 3363 τεύξεται,
2482 3297 2577 3351 καὶ
2624 3298 2688 3353 τὸ
2714 3299 2909 3369 σεμνὸν
2956 3300 3126 3369 αὐτῆς
3175 3302 3261 3355 ἐπ’
3300 3300 3469 3371 αὐτῆς
3496 3301 3541 3332 ’⁸
3573 3298 3757 3368 ἐξελή-

470 3339 717 3409 λεγκται.
746 3350 900 3417 Δόξει
922 3355 1030 3427 γὰρ
1054 3360 1152 3430 οὐχ
1173 3363 1261 3415 οἵα
1286 3382 1345 3418 τε
1372 3367 1512 3424 εἶναι
1539 3373 1735 3441 σώζειν
1765 3381 1833 3433 τὰ
1853 3382 2060 3441 δίκαια.

542 3437 599 3491 1η
648 3441 732 3496 his
775 3445 916 3499 nulla
953 3465 1176 3518 prorsus
1207 3458 1350 3514 inest
1393 3462 1812 3536 demonstratio,
1844 3490 1943 3531 nec
1970 3494 2061 3532 ar-
2091 3486 2133 3544 C

466 3541 782 3597 gementum
816 3544 1210 3610 necessarium,
1255 3551 1349 3606 sed
1390 3570 1488 3623 pro
1514 3565 1791 3621 concessis
1827 3583 2056 3624 sumun-

468 3630 580 3689 tur,
624 3625 691 3679 de
733 3630 931 3697 quibus
976 3646 1093 3689 erat
1142 3642 1295 3706 prius
1340 3649 1749 3721 disputandum,
1787 3662 1946 3726 quasi
1990 3664 2058 3719 ab

463 3715 804 3775 auditoribus
847 3738 909 3778 ea
961 3728 1063 3783 sibi
1111 3730 1231 3788 dari
1281 3715 1549 3805 petiisset.
1597 3746 1761 3817 Atqui
1796 3715 1842 3807 si
1885 3770 1949 3809 ea
1990 3759 2056 3812 tle

463 3806 667 3876 quibus
689 3820 956 3880 quaeritur
978 3820 1265 3881 ridiculum
1295 3840 1379 3885 est
1402 3848 1500 3902 pro
1528 3843 1803 3898 concessis
1827 3860 2052 3914 ponere,

460 3905 732 3966 quomodo
766 3910 852 3963 vel
890 3927 1102 3980 mqunm
1133 3922 1203 3973 sit
1248 3936 1308 3977 ea
1337 3942 1458 3996 qure
1494 3931 1781 3990 ridiculum
1810 3939 1883 3993 sit
1915 3957 2057 4011 quic-

1354 3990 1369 3996 _
1811 3990 1881 3993 _,_
1920 3990 2028 4011 ,ιη

458 4002 606 4057 rere,
639 3990 799 4050 initio
836 4014 1077 4064 ponere:
1136 4010 1219 4064 vel
1254 4030 1360 4069 non
1399 4019 1709 4093 ridiculum,
1749 4038 1929 4085 utrum
1963 4048 2054 4089 ars

458 4079 675 4138 dicendi
710 4096 765 4141 et
795 4097 1064 4160 coquendi
1096 4099 1334 4166 ejusdem
1367 4110 1477 4166 sint
1505 4126 1738 4186 naturae,
1762 4128 2053 4191 quaerere?

469 4168 528 4191 ι,
572 4173 679 4191 ._U
763 4178 774 4191 .

1566 4168 2045 4191 ._,__,.,.-...c....

457 4168 531 4223 At
572 4173 688 4241 ipse
761 4178 865 4235 hoc
934 4192 1142 4243 tantum
1176 4192 1377 4267 411a
1416 4216 1736 4263 concessum
1796 4219 2049 4285 sumpsit.

457 4260 479 4285 Ι
504 4263 666 4285 :_-I_2.
789 4281 800 4285 -
942 4276 954 4285 ⁵
978 4278 992 4285 “

1200 4260 1336 4267 -__
1626 4260 1638 4261 κ
1796 4260 2049 4285 -_...,.-...

452 4260 672 4320 Licebit
710 4281 894 4328 autem
941 4276 992 4332 id
1034 4295 1386 4356 cognoscere,
1420 4294 1464 4347 si
1497 4299 1620 4363 quis
1663 4303 1878 4359 sumam
1923 4308 2052 4363 ιιιιε.

454 4356 647 4411 toriea:
674 4364 912 4430 nomine,
951 4369 1345 4444 philosophiam
1396 4383 1448 4436 in
1480 4387 1597 4454 ejus
1639 4390 1815 4448 locutu
1851 4399 2052 4452 substi-

2252 3480 2520 3536 Ἐνταῦθα
2551 3484 2596 3516 ³⁰
2622 3485 2899 3550 ἀπόδειξις
2936 3486 3034 3556 μὲν
3060 3485 3171 3540 οὐδ’
3203 3483 3424 3555 ἡτισοῦν
3448 3485 3664 3539 ἔνεστιν
3688 3487 3752 3543 ³³.

2167 3574 2278 3628 οὐδ’
2337 3574 2559 3646 ἔλεγχος
2605 3578 2824 3651 ἀνάγκῃ
2879 3577 3303 3649 προεληλυθὼς’
3357 3578 3648 3631 ὑπόκειται
3695 3577 3749 3632 δὲ

2164 3664 2351 3729 ἁπλῶς
2375 3664 2565 3736 ὥσπερ
2590 3666 2730 3733 ἐξὸν,
2761 3686 2820 3723 ου
2848 3668 2893 3700 ³¹
2922 3670 3091 3733 πολὺς
3110 3666 3177 3740 ἦν
3207 3669 3251 3702 ³³
3280 3669 3436 3740 ἱδρὼς
3462 3669 3747 3740 πρότερον,

2162 3756 2313 3809 οὐδὲν
2344 3756 2709 3827 διαφερόντως
2740 3760 2785 3791 ³⁵
2815 3761 2847 3830 ἢ
2890 3763 2938 3813 εἰ
2965 3762 3127 3831 χάριν
3148 3761 3271 3832 ᾔτει
3293 3763 3419 3824 τοὺς
3450 3761 3745 3823 ἀκούοντας

2159 3846 2337 3902 ταῦτα
2364 3852 2741 3921 συγχωρῆσαι.
2778 3852 2971 3905 Καίτοι
2999 3854 3046 3906 εἰ
3077 3854 3144 3905 τὰ
3176 3852 3483 3923 ζητούμενα
3512 3853 3589 3915 ὡς
3616 3855 3744 3921 ὀμο-

2160 3939 2466 4010 λογούμενα
2507 3941 2862 3995 ὑποτίθεσθαι
2892 3944 3087 4011 γέλως,
3131 3944 3246 4007 πῶς
3282 3943 3448 4006 εἰκὸς,
3490 3943 3612 4012 ἆγε
3651 3943 3745 4011 ζη-

2157 4034 2270 4084 τεῖν
2295 4033 2491 4101 γέλως,
2520 4033 2696 4088 ταῦτα
2748 4034 2808 4098 ἐξ
2840 4036 3015 4107 ἀρχῆς
3064 4038 3452 4101 ὑποτίθεσθαι;
3489 4037 3609 4099 πῶς
3638 4038 3747 4105 γὰρ

2157 4126 2217 4177 οὐ
2254 4125 2449 4194 γέλως,
2479 4128 2528 4180 εἰ
2566 4128 2665 4197 τῆς
2711 4128 2880 4198 αὐτῆς
2933 4128 3149 4198 φύσεως
3185 4129 3448 4201 ῥητορικὴ
3477 4129 3575 4183 καὶ
3617 4128 3746 4197 ὀψο-

2156 4217 2438 4288 ποιητικὴ,
2470 4218 2690 4290 ζητεῖν;
2715 4221 2743 4273 ὁ
2768 4221 2823 4274 δὲ
2852 4220 2999 4274 ὥσπε
3010 4238 3041 4291 ρ
3067 4220 3502 4322 ὁμολογούμενον
3523 4220 3750 4322 εἴληφεν

2156 4310 2307 4364 αὐτό.
2340 4310 2499 4381 Γνοεη
2535 4311 2581 4364 δ’
2620 4312 2686 4365 ἄν
2716 4329 2801 4376 τις
2855 4313 3105 4379 ἐκείνως,
3134 4314 3183 4365 εἰ
3214 4314 3274 4366 τὸ
3305 4312 3403 4382 τῆς
3442 4312 3745 4383 ῥητορικῆς

2154 4400 2325 4470 ὄνομα
2349 4401 2548 4467 ἐξελὼν
2577 4402 2640 4455 τὸ
2671 4403 2771 4472 τῆς
2822 4403 3138 4473 φιλοσοφίας
3181 4402 3296 4457 ἀντ’
3328 4403 3535 4456 ἐκείνου
3571 4403 3746 4471 ὄνομα

453 4455 597 4517 tuat,
648 4460 810 4523 atque
848 4458 924 4513 ita
974 4461 1166 4520 iisdem
1213 4478 1398 4527 utatur
1439 4481 1713 4537 omnibus.
1764 4483 1874 4541 Nec
1921 4504 2050 4546 vero

454 4539 537 4567 -νηι
596 4547 852 4567 ...--.1-ηᾼε
993 4555 1004 4565 .
1348 4565 1358 4567 _

2172 4494 2453 4547 ιεταλάϐοι
2478 4494 2544 4559 ³⁵,
2581 4495 2677 4548 καὶ
2716 4496 2809 4548 ἐπὶ
2853 4496 3027 4567 τούτῳ
3058 4498 3193 4550 πᾶσι
3225 4498 3337 4558 τοῖς
3385 4496 3568 4556 αὐτοῖς
3601 4496 3744 4565 χρή-

454 4539 540 4594 vel
596 4547 859 4603 rusticum
913 4555 1226 4627 quisquam,
1276 4565 1361 4619 vel
1422 4567 1675 4640 frigidum
1727 4577 1871 4634 hunc
1928 4583 2044 4640 fore

454 4645 765 4691 sermonem
822 4644 1113 4704 existimet.
1169 4652 1411 4711 Primum
1458 4663 1603 4717 enim
1639 4681 1767 4721 cum
1812 4672 2040 4727 duarttm

451 4723 654 4778 artium
701 4731 783 4785 vel
833 4733 1171 4811 facultatum,
1214 4761 1307 4804 eos
1339 4752 1429 4821 qui
1475 4755 1702 4812 alteram
1736 4774 2038 4832 sectantur,

448 4812 497 4867 si
531 4814 599 4871 de
647 4819 837 4878 alteris
880 4831 1153 4899 quidpiam
1187 4853 1347 4896 secus
1390 4845 1652 4915 dixerint,
1688 4853 1822 4909 nihil
1871 4857 2038 4914 inele-

447 4915 645 4972 ganter
683 4926 846 4981 agere
872 4918 1073 4978 dicturi
1102 4943 1311 4997 sumus,
1347 4935 1534 4995 alteris
1568 4945 1761 4999 merito
1792 4952 2037 5006 eamdem

447 5001 814 5062 concedeinus
858 5010 1183 5074 defendendi
1227 5026 1514 5087 rationem.
1575 5037 1774 5094 Deinde
1804 5056 1911 5097 non
1957 5044 2038 5099 of-

447 5086 621 5147 fensa:
649 5099 843 5169 gratia,
881 5105 975 5159 sed
1019 5109 1525 5187 demonstrationis,
1561 5143 1681 5197 qua:
1711 5131 1761 5184 in
1796 5135 1879 5189 his
1910 5154 2037 5193 nus-

447 5196 609 5249 quam
642 5203 888 5260 apparet,
918 5198 1192 5267 prnierctu
1205 5222 1247 5260 r.

2156 4603 2329 4639 σαιτο.
2363 4587 2473 4640 Καὶ
2522 4587 2711 4657 μηδεὶς
2750 4588 2875 4658 μήτ’
2916 4588 3206 4659 ἀγροικίαν
3257 4588 3393 4659 μήτε
3421 4586 3744 4656 ψυχρότητα

2152 4678 2410 4749 καταγνῷ
2454 4677 2550 4731 τοῦ
2600 4678 2784 4746 λόγου.
2810 4668 3064 4734 Μάλιστα
3122 4681 3220 4751 μὲν
3257 4682 3365 4751 γὰρ
3413 4679 3476 4732 οὐ
3517 4679 3582 4749 δή
3636 4696 3741 4729 που

2148 4773 2293 4826 δυοῖν
2343 4773 2685 4844 ὲπιστήμαιν
2731 4773 2764 4843 ἢ
2802 4772 3090 4841 δυνάμεοιν
3119 4776 3231 4836 τοῖς
3269 4772 3369 4844 μὲν
3408 4771 3510 4875 τῆς
3544 4771 3744 4875 ἑτέρας

2150 4866 2578 4934 προϊσταμένοις
2610 4867 2657 4898 ³⁸
2694 4867 2803 4920 οὐδ’
2833 4866 2899 4919 ἂν
2942 4865 3119 4920 ὁτιοῦν
3154 4864 3550 4935 βλασφημῶσιν
3574 4864 3617 4896 ³⁷
3659 4866 3741 4925 εἰς

2148 4958 2272 5020 τοὺς
2302 4958 2548 5027 ἐτέρους,
2582 4960 2735 5012 οὐδὲν
2771 4960 3030 5031 ἄγροικον
3062 4960 3276 5013 ὑπεῖναι
3326 4960 3606 5058 φήσομεν,
3626 4959 3740 5058 τοῖς

2146 5049 2193 5100 δ’
2216 5049 2337 5102 οὐδὲ
2365 5054 2479 5115 τοῖς
2501 5053 2687 5116 αὐτοῖς
2712 5052 3014 5123 ἀμύνεσθαι
3038 5051 3282 5121 δώσομεν
3306 5069 3321 5081 ·
3354 5051 3526 5103 ἔπειτ’
3556 5050 3614 5103 ού
3645 5066 3737 5102 του

2148 5140 2412 5209 φορτικοῦ
2443 5144 2606 5214 χάριν
2636 5147 2941 5216 εἰρήσεται,
2970 5144 3109 5199 ἀλλά
3141 5145 3241 5214 τῆς
3270 5144 3633 5215 ξὰποδεξξεως,
3669 5144 3738 5214 ἢν

2146 5232 2385 5301 οὐδαμοῦ
2415 5236 2627 5300 τούτοις
2651 5235 2790 5291 εἶναι
2828 5255 3032 5307 φαμεν.

1707 5386 1941 5444 ’ΨΑΙΗΑΕ
1975 5391 2383 5452 LECTIONES.

514 5515 632 5550 ¹⁸⁶¹⁶
654 5523 781 5595 περὶ
814 5527 1028 5583 πολλῶν
1065 5546 1176 5588 om.
1208 5534 1270 5590 Β.

440 5600 544 5639 που
574 5605 637 5669 ς.
742 5595 785 5625 ¹¹
815 5599 911 5650 καὶ
957 5600 1102 5727 γὰρὶ
1141 5621 1191 5675 p.
1260 5608 1314 5664 8.

440 5652 506 5727 Β,
534 5663 886 5727 ἀνατρέπειν
920 5671 960 5721 Α
1016 5689 1028 5723 :
1103 5692 1133 5726 ν
1158 5680 1314 5727 ποέπ-

440 5652 507 5731 Β,
532 5726 545 5731 _
562 5659 886 5731 ἀνατρέπειν
920 5652 980 5721 Α’

1076 5726 1083 5727 κ
1165 5726 1194 5728 ν-
1240 5726 1325 5732 ----
1380 5726 1393 5731 κ
1422 5726 1435 5737 .
1617 5726 1735 5742 an...
1764 5726 1831 5746 η.
1964 5726 1969 5727 κ
2010 5726 2024 5742 η

441 5726 566 5777 add.
598 5726 710 5827 A.n'
740 5734 1064 5827 “cgnatGO‘aJ
1095 5761 1143 5812 p.
1179 5726 1261 5802 {5.
1316 5726 1628 5827 Ἢδὲνεστιν]
1662 5762 1809 5815 ἐστὶν
1837 5766 1898 5819 Α.
1980 5746 2024 5799 ³ί

446 5808 627 5827 ἢῆυηηρ
788 5826 791 5827 ν
859 5823 977 5827 ---κέ
1010 5824 1013 5827 ι
1044 5814 1097 5827 ’⁸
1196 5817 1234 5827 ““

1374 5539 1415 5570 ¹⁷
1439 5542 1581 5600 εἴποι
1648 5564 1706 5611 ς’.

1824 5552 1864 5627 ξε
1888 5552 2020 5627 δοκῇ
2064 5558 2106 5610 Β
2148 5574 2161 5610 :
2230 5560 2380 5616 δοκεῖ
2414 5581 2475 5627 ς.

1428 5615 1474 5644 ¹²
1502 5617 1777 5685 φαίνεται]
1823 5623 1970 5678 δοκεῖ
1995 5615 2068 5681 Ἄ.
2171 5630 2216 5662 ³³
2248 5615 2347 5702 τι]ί

1428 5724 1435 5737 .
1545 5688 1831 5764 ¹⁶οἴανΔΑ.
1934 5697 1978 5727 ³⁷
2008 5700 2060 5764 γ’
2112 5700 2237 5756 add.
2295 5703 2354 5757 Β.

2590 5562 2632 5597 ³⁸
2662 5566 2974 5650 Expediebat
3034 5566 3224 5650 ΑΠ’]
3255 5568 3419 5650 μήπιιξ
3474 5568 3517 5623 Α
3572 5582 3581 5614 ε
3657 5570 3734 5639 μὴ

2662 5637 2707 5668 ’⁵
2736 5638 2886 5690 ταῦτ’
2933 5655 2993 5701 ς.
3122 5639 3167 5669 ³⁸
3190 5638 3257 5692 ἂν
3316 5640 3516 5701 πρέποι
3576 5637 3731 5693 corr.

2171 5630 2216 5662 ³³
2248 5636 2324 5702 τι]
2373 5651 2436 5702 γε
2492 5636 2552 5688 Α.
2662 5637 2707 5668 ’⁵
2736 5630 2886 5690 ταῦτ’
2933 5655 2993 5701 ς.
3122 5639 3167 5669 ³⁸
3190 5630 3267 5692 ἄν’
3316 5630 3517 5727 πρέποι
3576 5630 3734 5723 τρὶ-ιζ

2171 5700 2237 5756 Id.
2295 5703 2354 5757 Β.
2466 5706 2512 5738 ³⁸
2540 5705 2599 5759 ἓν
2627 5705 2807 5774 τοῦτο]
2855 5709 2923 5761 ὲνι
2980 5708 3155 5775 τούτῳ
3188 5711 3249 5764 Β.
3359 5710 3406 5741 ³⁸
3429 5710 3503 5761 ἐπ
3556 5725 3737 5775 aus-qi;

2373 5651 2436 5702 γε
2492 5636 2552 5688 Α.

2057 5764 2144 5840 οὗ]
2166 5752 2234 5826 ὦ
2412 5777 2458 5809 ³³
2477 5752 2933 5849 ἦν’ὸιῖιῗᾸῖικῖἐι
2966 5752 3303 5848 ponit
3336 5777 3397 5833 Β.
3472 5781 3519 5815 ³⁸
3539 5752 3730 5848 διαιρέο

998 5810 1011 5821 ε
1042 5798 1063 5825 ἓ,
1095 5798 1113 5812 τ
1180 5798 1260 5802 -υ-
1400 5798 1628 5827 -γ---υλ
1662 5798 1719 5813 ωε
1738 5798 1807 5815 νιν
1837 5798 1915 5845 ηε.
2008 5798 2021 5799 ί
2057 5798 2141 5854 υζυ]
2170 5798 2232 5826 υυ
2269 5798 2360 5862 ﬂ."
2412 5798 2458 5809 ""
2576 5798 2685 5831 Olll.
2720 5798 2784 5843 ﬂ,
2814 5798 2933 5868 νοξι
2966 5798 3125 5901 top-t2;
3155 5798 3400 5901 ROIIIL’E);
3436 5798 3725 5905 d'.:%:01‘?$c

446 5798 727 5923 ff‘gfgag;
744 5808 1148 5923 μὲἒμῖταὶλαϐοι
1196 5817 1236 5871 Β
1277 5836 1289 5872 :
1324 5826 1615 5890 μεταϐάλοι
1647 5848 1707 5896 ς.
1786 5832 1828 5865 ³⁸
1856 5853 1953 5906 της
2008 5840 2198 5910 ἐτερας
2234 5861 2653 5919 προισταμενοις
2705 5848 2742 5901 Β
2795 5868 2807 5905 :
2862 5866 2959 5923 την
3009 5852 3063 5903 ὲ.
3102 5867 3203 5922 ραν
3238 5866 3364 5920 πρλι
3403 5866 3432 5903 τ
3476 5867 3539 5921 μ.
3604 5888 3628 5914 ν
3665 5868 3725 5915 ς.

723 5904 729 5923 l
1015 5920 1024 5923 _
