  <div class='ocr_page' id='page_1' title='image "/cluster/home/n/w/nwhite01/storage/ocr_20150623/103:no.3/coo.31924054870070/764.png"; bbox 0 0 3960 6426; ppageno 0'>
   <div class='ocr_carea' id='block_1_1' title="bbox 237 376 364 444">
    <p class='ocr_par' dir='ltr' id='par_1_1' title="bbox 237 376 364 444">
     <span class='ocr_line' id='line_1_1' title="bbox 237 376 364 444; baseline -0.047 0"><span class='ocrx_word' id='word_1_1' title='bbox 237 376 364 444; x_wconf 66' lang='grc'><strong>1197</strong></span> 
     </span>
    </p>
   </div>
   <div class='ocr_carea' id='block_1_2' title="bbox 1226 392 2415 464">
    <p class='ocr_par' dir='ltr' id='par_1_2' title="bbox 1226 392 2415 464">
     <span class='ocr_line' id='line_1_2' title="bbox 1226 392 2415 464; baseline 0.012 -14"><span class='ocrx_word' id='word_1_2' title='bbox 1226 392 1752 456; x_wconf 83' lang='lat' dir='ltr'><strong>BIBLIOTHECA.</strong></span> <span class='ocrx_word' id='word_1_3' title='bbox 1783 421 1853 432; x_wconf 84' lang='grc'><strong>·-</strong></span> <span class='ocrx_word' id='word_1_4' title='bbox 1888 397 2050 458; x_wconf 83' lang='lat' dir='ltr'><strong>COD.</strong></span> <span class='ocrx_word' id='word_1_5' title='bbox 2086 401 2415 464; x_wconf 82' lang='lat' dir='ltr'><strong>CCXLVII.</strong></span> 
     </span>
    </p>
   </div>
   <div class='ocr_carea' id='block_1_3' title="bbox 3349 407 3482 471">
    <p class='ocr_par' dir='ltr' id='par_1_3' title="bbox 3349 407 3482 471">
     <span class='ocr_line' id='line_1_3' title="bbox 3349 407 3482 471; baseline 0.008 -1"><span class='ocrx_word' id='word_1_6' title='bbox 3349 407 3482 471; x_wconf 77' lang='grc'><strong>1498</strong></span> 
     </span>
    </p>
   </div>
   <div class='ocr_carea' id='block_1_4' title="bbox 297 489 1780 584">
    <p class='ocr_par' dir='ltr' id='par_1_4' title="bbox 297 489 1780 577">
     <span class='ocr_line' id='line_1_4' title="bbox 297 489 1780 577; baseline 0.011 -34"><span class='ocrx_word' id='word_1_7' title='bbox 297 492 355 544; x_wconf 89' lang='grc' dir='ltr'><strong>Εἰ</strong></span> <span class='ocrx_word' id='word_1_8' title='bbox 377 489 432 545; x_wconf 82' lang='grc' dir='ltr'><strong>δὲ</strong></span> <span class='ocrx_word' id='word_1_9' title='bbox 457 491 503 523; x_wconf 79' lang='grc'><strong><em>’⁵</em></strong></span> <span class='ocrx_word' id='word_1_10' title='bbox 534 491 618 546; x_wconf 82' lang='grc' dir='ltr'><strong>δεῖ</strong></span> <span class='ocrx_word' id='word_1_11' title='bbox 662 494 756 549; x_wconf 74' lang='grc' dir='ltr'>καὶ</span> <span class='ocrx_word' id='word_1_12' title='bbox 793 496 1031 567; x_wconf 81' lang='grc' dir='ltr'><strong>ποιητῶν</strong></span> <span class='ocrx_word' id='word_1_13' title='bbox 1064 503 1441 571; x_wconf 81' lang='grc' dir='ltr'>παρασχέσθαι</span> <span class='ocrx_word' id='word_1_14' title='bbox 1480 506 1780 577; x_wconf 79' lang='grc' dir='ltr'>μαρτυρίας</span> 
     </span>
    </p>
   </div>
   <div class='ocr_carea' id='block_1_5' title="bbox 1888 489 3480 584">
    <p class='ocr_par' dir='ltr' id='par_1_5' title="bbox 1988 509 3480 584">
     <span class='ocr_line' id='line_1_5' title="bbox 1988 509 3480 584; baseline 0.008 -23"><span class='ocrx_word' id='word_1_15' title='bbox 1988 509 2139 574; x_wconf 84' lang='lat' dir='ltr'><strong>Quod</strong></span> <span class='ocrx_word' id='word_1_16' title='bbox 2188 512 2240 564; x_wconf 87' lang='lat' dir='ltr'><strong>si</strong></span> <span class='ocrx_word' id='word_1_17' title='bbox 2270 521 2547 581; x_wconf 89' lang='lat' dir='ltr'><strong>poetarum</strong></span> <span class='ocrx_word' id='word_1_18' title='bbox 2576 529 2792 584; x_wconf 85' lang='lat' dir='ltr'><strong>quoque</strong></span> <span class='ocrx_word' id='word_1_19' title='bbox 2821 523 2948 570; x_wconf 92' lang='lat' dir='ltr'><strong>sunt</strong></span> <span class='ocrx_word' id='word_1_20' title='bbox 2979 517 3299 572; x_wconf 84' lang='lat' dir='ltr'><strong>arcessenda</strong></span> <span class='ocrx_word' id='word_1_21' title='bbox 3328 524 3480 573; x_wconf 85' lang='lat' dir='ltr'><strong>testi-</strong></span> 
     </span>
    </p>
   </div>
   <div class='ocr_carea' id='block_1_6' title="bbox 232 582 1804 668">
    <p class='ocr_par' dir='ltr' id='par_1_6' title="bbox 232 582 1804 668">
     <span class='ocr_line' id='line_1_6' title="bbox 232 582 1804 668; baseline 0.011 -34"><span class='ocrx_word' id='word_1_22' title='bbox 232 582 339 635; x_wconf 80' lang='grc' dir='ltr'><strong>ἔστι</strong></span> <span class='ocrx_word' id='word_1_23' title='bbox 383 583 484 652; x_wconf 80' lang='grc' dir='ltr'>μὲν</span> <span class='ocrx_word' id='word_1_24' title='bbox 518 583 695 654; x_wconf 83' lang='grc' dir='ltr'>ἔργων</span> <span class='ocrx_word' id='word_1_25' title='bbox 727 585 760 656; x_wconf 85' lang='grc' dir='ltr'>ἣ</span> <span class='ocrx_word' id='word_1_26' title='bbox 802 588 900 651; x_wconf 82' lang='grc' dir='ltr'><strong>τὰς</strong></span> <span class='ocrx_word' id='word_1_27' title='bbox 935 589 1188 644; x_wconf 83' lang='grc' dir='ltr'><strong>ἁπάντων</strong></span> <span class='ocrx_word' id='word_1_28' title='bbox 1222 593 1254 662; x_wconf 81' lang='grc' dir='ltr'>ἢ</span> <span class='ocrx_word' id='word_1_29' title='bbox 1298 594 1397 656; x_wconf 83' lang='grc' dir='ltr'><strong>τὰς</strong></span> <span class='ocrx_word' id='word_1_30' title='bbox 1427 594 1536 649; x_wconf 87' lang='grc' dir='ltr'><strong>τῶν</strong></span> <span class='ocrx_word' id='word_1_31' title='bbox 1572 613 1804 668; x_wconf 89' lang='grc' dir='ltr'><strong>προκρι-</strong></span> 
     </span>
    </p>
   </div>
   <div class='ocr_carea' id='block_1_7' title="bbox 232 674 1804 754">
    <p class='ocr_par' dir='ltr' id='par_1_7' title="bbox 232 674 1804 754">
     <span class='ocr_line' id='line_1_7' title="bbox 232 674 1804 754; baseline 0.01 -27"><span class='ocrx_word' id='word_1_32' title='bbox 232 674 422 727; x_wconf 80' lang='grc' dir='ltr'><strong>θέντων</strong></span> <span class='ocrx_word' id='word_1_33' title='bbox 459 674 548 726; x_wconf 79' lang='grc' dir='ltr'><strong>διὰ</strong></span> <span class='ocrx_word' id='word_1_34' title='bbox 574 677 791 731; x_wconf 83' lang='grc' dir='ltr'><strong>πάντων</strong></span> <span class='ocrx_word' id='word_1_35' title='bbox 822 683 1227 752; x_wconf 74' lang='grc' dir='ltr'><strong>παρασχέσθαι,</strong></span> <span class='ocrx_word' id='word_1_36' title='bbox 1259 686 1407 754; x_wconf 83' lang='grc' dir='ltr'><strong>ὅμως</strong></span> <span class='ocrx_word' id='word_1_37' title='bbox 1446 687 1524 750; x_wconf 84' lang='grc' dir='ltr'><strong>δὲ,</strong></span> <span class='ocrx_word' id='word_1_38' title='bbox 1563 688 1639 750; x_wconf 86' lang='grc' dir='ltr'><strong>ὡς</strong></span> <span class='ocrx_word' id='word_1_39' title='bbox 1665 690 1712 720; x_wconf 70' lang='grc'><strong>’⁸</strong></span> <span class='ocrx_word' id='word_1_40' title='bbox 1739 691 1804 743; x_wconf 79' lang='grc' dir='ltr'><strong>ἄν</strong></span> 
     </span>
    </p>
   </div>
   <div class='ocr_carea' id='block_1_8' title="bbox 230 763 1803 850">
    <p class='ocr_par' dir='ltr' id='par_1_8' title="bbox 230 763 1803 850">
     <span class='ocr_line' id='line_1_8' title="bbox 230 763 1803 850; baseline 0.012 -35"><span class='ocrx_word' id='word_1_41' title='bbox 230 782 308 826; x_wconf 79' lang='grc' dir='ltr'><strong>τις</strong></span> <span class='ocrx_word' id='word_1_42' title='bbox 331 763 440 828; x_wconf 73' lang='grc' dir='ltr'><strong>ἕξοι</strong></span> <span class='ocrx_word' id='word_1_43' title='bbox 469 766 578 820; x_wconf 88' lang='grc' dir='ltr'><strong>τῶν</strong></span> <span class='ocrx_word' id='word_1_44' title='bbox 608 773 1051 840; x_wconf 78' lang='grc' dir='ltr'><strong>γνωριμωτάτων</strong></span> <span class='ocrx_word' id='word_1_45' title='bbox 1076 777 1298 843; x_wconf 76' lang='grc' dir='ltr'><strong>ἐκλέξας</strong></span> <span class='ocrx_word' id='word_1_46' title='bbox 1327 781 1520 843; x_wconf 80' lang='grc' dir='ltr'><strong>εἰπεῖν,</strong></span> <span class='ocrx_word' id='word_1_47' title='bbox 1563 780 1803 850; x_wconf 80' lang='grc' dir='ltr'>ῥᾳθυμία</span> 
     </span>
    </p>
   </div>
   <div class='ocr_carea' id='block_1_9' title="bbox 229 858 1802 942">
    <p class='ocr_par' dir='ltr' id='par_1_9' title="bbox 229 858 1802 942">
     <span class='ocr_line' id='line_1_9' title="bbox 229 858 1802 942; baseline 0.01 -32"><span class='ocrx_word' id='word_1_48' title='bbox 229 858 571 926; x_wconf 76' lang='grc' dir='ltr'><strong>παραλιπεῖν.</strong></span> <span class='ocrx_word' id='word_1_49' title='bbox 591 862 758 933; x_wconf 84' lang='grc' dir='ltr'><strong>Κοινῇ</strong></span> <span class='ocrx_word' id='word_1_50' title='bbox 789 864 887 931; x_wconf 88' lang='grc' dir='ltr'><strong>μὲν</strong></span> <span class='ocrx_word' id='word_1_51' title='bbox 902 861 994 919; x_wconf 78' lang='grc' dir='ltr'><strong>οὖν</strong></span> <span class='ocrx_word' id='word_1_52' title='bbox 1010 869 1208 931; x_wconf 85' lang='grc' dir='ltr'><strong>πάντες</strong></span> <span class='ocrx_word' id='word_1_53' title='bbox 1227 871 1446 940; x_wconf 70' lang='grc' dir='ltr'><strong>ποιηταὶ</strong></span> <span class='ocrx_word' id='word_1_54' title='bbox 1467 872 1802 942; x_wconf 81' lang='grc' dir='ltr'><strong>μάρτυροῦσι</strong></span> 
     </span>
    </p>
   </div>
   <div class='ocr_carea' id='block_1_10' title="bbox 226 949 1800 1034">
    <p class='ocr_par' dir='ltr' id='par_1_10' title="bbox 226 949 1800 1034">
     <span class='ocr_line' id='line_1_10' title="bbox 226 949 1800 1034; baseline 0.013 -36"><span class='ocrx_word' id='word_1_55' title='bbox 226 949 318 1016; x_wconf 84' lang='grc' dir='ltr'><strong>τὴν</strong></span> <span class='ocrx_word' id='word_1_56' title='bbox 338 950 483 1018; x_wconf 80' lang='grc' dir='ltr'><strong>ἔργῳ</strong></span> <span class='ocrx_word' id='word_1_57' title='bbox 504 955 834 1023; x_wconf 79' lang='grc' dir='ltr'>μαρτυρίαν,</span> <span class='ocrx_word' id='word_1_58' title='bbox 858 956 1015 1025; x_wconf 74' lang='grc' dir='ltr'><strong>εἴπερ</strong></span> <span class='ocrx_word' id='word_1_59' title='bbox 1037 960 1144 1011; x_wconf 74' lang='grc' dir='ltr'>εἰσὶ</span> <span class='ocrx_word' id='word_1_60' title='bbox 1163 964 1384 1030; x_wconf 74' lang='grc' dir='ltr'><strong>ποιηταὶ</strong></span> <span class='ocrx_word' id='word_1_61' title='bbox 1406 963 1482 1034; x_wconf 84' lang='grc' dir='ltr'><strong>τῷ</strong></span> <span class='ocrx_word' id='word_1_62' title='bbox 1510 965 1800 1033; x_wconf 79' lang='grc' dir='ltr'><strong>κρατοῦντι</strong></span> 
     </span>
    </p>
   </div>
   <div class='ocr_carea' id='block_1_11' title="bbox 227 1039 1799 1123">
    <p class='ocr_par' dir='ltr' id='par_1_11' title="bbox 227 1039 1799 1123">
     <span class='ocr_line' id='line_1_11' title="bbox 227 1039 1799 1123; baseline 0.011 -31"><span class='ocrx_word' id='word_1_63' title='bbox 227 1039 320 1112; x_wconf 83' lang='grc' dir='ltr'><strong>[τῷ</strong></span> <span class='ocrx_word' id='word_1_64' title='bbox 349 1042 484 1109; x_wconf 81' lang='grc' dir='ltr'><strong>ὑπὲρ</strong></span> <span class='ocrx_word' id='word_1_65' title='bbox 515 1043 612 1113; x_wconf 81' lang='grc' dir='ltr'><strong>τὴν</strong></span> <span class='ocrx_word' id='word_1_66' title='bbox 637 1045 832 1114; x_wconf 84' lang='grc' dir='ltr'><strong>τέχνην</strong></span> <span class='ocrx_word' id='word_1_67' title='bbox 855 1046 926 1118; x_wconf 72' lang='lat'><strong>’7]</strong></span> <span class='ocrx_word' id='word_1_68' title='bbox 950 1048 1093 1120; x_wconf 84' lang='grc' dir='ltr'><strong>λογῳ</strong></span> <span class='ocrx_word' id='word_1_69' title='bbox 1127 1051 1224 1120; x_wconf 81' lang='grc' dir='ltr'><strong>τῆς</strong></span> <span class='ocrx_word' id='word_1_70' title='bbox 1271 1054 1486 1123; x_wconf 82' lang='grc' dir='ltr'><strong>τέχνης.</strong></span> <span class='ocrx_word' id='word_1_71' title='bbox 1552 1057 1689 1108; x_wconf 83' lang='grc' dir='ltr'><strong>Ἀλλ’</strong></span> <span class='ocrx_word' id='word_1_72' title='bbox 1739 1059 1799 1110; x_wconf 81' lang='grc' dir='ltr'><strong>ού</strong></span> 
     </span>
    </p>
   </div>
   <div class='ocr_carea' id='block_1_12' title="bbox 225 1129 1798 1215">
    <p class='ocr_par' dir='ltr' id='par_1_12' title="bbox 225 1129 1798 1215">
     <span class='ocr_line' id='line_1_12' title="bbox 225 1129 1798 1215; baseline 0.013 -35"><span class='ocrx_word' id='word_1_73' title='bbox 225 1129 422 1200; x_wconf 82' lang='grc' dir='ltr'><strong>ταύτης</strong></span> <span class='ocrx_word' id='word_1_74' title='bbox 455 1131 648 1199; x_wconf 77' lang='grc' dir='ltr'><strong>δέομαι</strong></span> <span class='ocrx_word' id='word_1_75' title='bbox 677 1137 745 1186; x_wconf 81' lang='grc' dir='ltr'><strong>τὰ</strong></span> <span class='ocrx_word' id='word_1_76' title='bbox 769 1135 863 1189; x_wconf 82' lang='grc' dir='ltr'><strong>νῦν</strong></span> <span class='ocrx_word' id='word_1_77' title='bbox 902 1138 1038 1205; x_wconf 84' lang='grc' dir='ltr'><strong>(ἔστι</strong></span> <span class='ocrx_word' id='word_1_78' title='bbox 1071 1140 1178 1211; x_wconf 80' lang='grc' dir='ltr'><strong>γὰρ</strong></span> <span class='ocrx_word' id='word_1_79' title='bbox 1214 1142 1271 1196; x_wconf 85' lang='grc' dir='ltr'><strong>ἐν</strong></span> <span class='ocrx_word' id='word_1_80' title='bbox 1303 1146 1412 1206; x_wconf 86' lang='grc' dir='ltr'><strong>τοῖς</strong></span> <span class='ocrx_word' id='word_1_81' title='bbox 1441 1145 1798 1215; x_wconf 72' lang='grc' dir='ltr'><strong>εἰρημένοις),</strong></span> 
     </span>
    </p>
   </div>
   <div class='ocr_carea' id='block_1_13' title="bbox 224 1217 948 1295">
    <p class='ocr_par' dir='ltr' id='par_1_13' title="bbox 224 1217 948 1295">
     <span class='ocr_line' id='line_1_13' title="bbox 224 1217 948 1295; baseline 0.014 -25"><span class='ocrx_word' id='word_1_82' title='bbox 224 1217 355 1271; x_wconf 73' lang='grc' dir='ltr'><strong>ἀλλὰ</strong></span> <span class='ocrx_word' id='word_1_83' title='bbox 385 1223 480 1287; x_wconf 76' lang='grc' dir='ltr'><strong>τῆς</strong></span> <span class='ocrx_word' id='word_1_84' title='bbox 510 1221 555 1252; x_wconf 71' lang='grc'><strong>9⁸</strong></span> <span class='ocrx_word' id='word_1_85' title='bbox 588 1229 728 1276; x_wconf 78' lang='grc' dir='ltr'><strong>κατὰ</strong></span> <span class='ocrx_word' id='word_1_86' title='bbox 777 1227 948 1295; x_wconf 75' lang='grc' dir='ltr'><strong>ῥῆμα.</strong></span> 
     </span>
    </p>
   </div>
   <div class='ocr_carea' id='block_1_14' title="bbox 289 1309 1800 1396">
    <p class='ocr_par' dir='ltr' id='par_1_14' title="bbox 289 1309 1800 1396">
     <span class='ocr_line' id='line_1_14' title="bbox 289 1309 1800 1396; baseline 0.015 -36"><span class='ocrx_word' id='word_1_87' title='bbox 289 1309 423 1363; x_wconf 75' lang='grc' dir='ltr'><strong>Οὐδὲ</strong></span> <span class='ocrx_word' id='word_1_88' title='bbox 469 1313 513 1344; x_wconf 82' lang='grc'><strong>⁹⁹</strong></span> <span class='ocrx_word' id='word_1_89' title='bbox 558 1313 716 1367; x_wconf 80' lang='grc' dir='ltr'><strong>τοῦτο</strong></span> <span class='ocrx_word' id='word_1_90' title='bbox 763 1317 1040 1388; x_wconf 81' lang='grc' dir='ltr'><strong>πάρεργον</strong></span> <span class='ocrx_word' id='word_1_91' title='bbox 1069 1321 1324 1391; x_wconf 84' lang='grc' dir='ltr'><strong>προσθεὶς</strong></span> <span class='ocrx_word' id='word_1_92' title='bbox 1357 1325 1478 1377; x_wconf 79' lang='grc' dir='ltr'><strong>οὐδὲ</strong></span> <span class='ocrx_word' id='word_1_93' title='bbox 1509 1326 1634 1396; x_wconf 87' lang='grc' dir='ltr'><strong>είκῆ</strong></span> <span class='ocrx_word' id='word_1_94' title='bbox 1676 1329 1800 1382; x_wconf 76' lang='grc' dir='ltr'><strong>οὐδὲ</strong></span> 
     </span>
    </p>
   </div>
   <div class='ocr_carea' id='block_1_15' title="bbox 223 1403 1800 1488">
    <p class='ocr_par' dir='ltr' id='par_1_15' title="bbox 223 1403 1800 1488">
     <span class='ocr_line' id='line_1_15' title="bbox 223 1403 1800 1488; baseline 0.012 -34"><span class='ocrx_word' id='word_1_95' title='bbox 223 1403 467 1471; x_wconf 79' lang='grc' dir='ltr'><strong>ἐφόλκιον</strong></span> <span class='ocrx_word' id='word_1_96' title='bbox 498 1406 672 1470; x_wconf 81' lang='grc' dir='ltr'><strong>ἄλλως</strong></span> <span class='ocrx_word' id='word_1_97' title='bbox 704 1409 720 1439; x_wconf 78' lang='grc'>⁸</span> <span class='ocrx_word' id='word_1_98' title='bbox 757 1409 848 1462; x_wconf 76' lang='grc' dir='ltr'><strong>ἐπὶ</strong></span> <span class='ocrx_word' id='word_1_99' title='bbox 889 1414 1002 1474; x_wconf 87' lang='grc' dir='ltr'><strong>τοῖς</strong></span> <span class='ocrx_word' id='word_1_100' title='bbox 1048 1412 1181 1479; x_wconf 75' lang='grc' dir='ltr'><strong>ἄνω,</strong></span> <span class='ocrx_word' id='word_1_101' title='bbox 1229 1414 1343 1467; x_wconf 85' lang='grc' dir='ltr'><strong>ἀλλ’</strong></span> <span class='ocrx_word' id='word_1_102' title='bbox 1391 1417 1800 1488; x_wconf 80' lang='grc' dir='ltr'><strong>ἐνδεικνύμενος</strong></span> 
     </span>
    </p>
   </div>
   <div class='ocr_carea' id='block_1_16' title="bbox 219 1494 1798 1582">
    <p class='ocr_par' dir='ltr' id='par_1_16' title="bbox 219 1494 1798 1582">
     <span class='ocr_line' id='line_1_16' title="bbox 219 1494 1798 1582; baseline 0.012 -37"><span class='ocrx_word' id='word_1_103' title='bbox 219 1494 308 1546; x_wconf 74' lang='grc' dir='ltr'><strong>καὶ</strong></span> <span class='ocrx_word' id='word_1_104' title='bbox 340 1495 476 1566; x_wconf 77' lang='grc' dir='ltr'><strong>πρὸς</strong></span> <span class='ocrx_word' id='word_1_105' title='bbox 514 1497 573 1550; x_wconf 86' lang='grc' dir='ltr'><strong>ἒν</strong></span> <span class='ocrx_word' id='word_1_106' title='bbox 620 1501 1044 1571; x_wconf 81' lang='grc' dir='ltr'><strong>σημαινόμενος,</strong></span> <span class='ocrx_word' id='word_1_107' title='bbox 1092 1505 1175 1557; x_wconf 83' lang='grc' dir='ltr'><strong>ὅτι</strong></span> <span class='ocrx_word' id='word_1_108' title='bbox 1213 1506 1370 1559; x_wconf 80' lang='grc' dir='ltr'><strong>τοῦτο</strong></span> <span class='ocrx_word' id='word_1_109' title='bbox 1412 1509 1472 1560; x_wconf 76' lang='grc' dir='ltr'><strong>τὸ</strong></span> <span class='ocrx_word' id='word_1_110' title='bbox 1515 1510 1573 1561; x_wconf 80' lang='grc' dir='ltr'>ἐν</span> <span class='ocrx_word' id='word_1_111' title='bbox 1610 1512 1798 1582; x_wconf 87' lang='grc' dir='ltr'><strong>κόσμῳ</strong></span> 
     </span>
    </p>
   </div>
   <div class='ocr_carea' id='block_1_17' title="bbox 217 1586 1796 1672">
    <p class='ocr_par' dir='ltr' id='par_1_17' title="bbox 217 1586 1796 1672">
     <span class='ocr_line' id='line_1_17' title="bbox 217 1586 1796 1672; baseline 0.012 -34"><span class='ocrx_word' id='word_1_112' title='bbox 217 1587 304 1638; x_wconf 74' lang='grc' dir='ltr'><strong>καὶ</strong></span> <span class='ocrx_word' id='word_1_113' title='bbox 357 1586 626 1659; x_wconf 82' lang='grc' dir='ltr'><strong>λαμπρῶς</strong></span> <span class='ocrx_word' id='word_1_114' title='bbox 672 1593 773 1644; x_wconf 83' lang='grc' dir='ltr'><strong>οὐκ</strong></span> <span class='ocrx_word' id='word_1_115' title='bbox 823 1596 887 1646; x_wconf 80' lang='grc' dir='ltr'><strong>ἐκ</strong></span> <span class='ocrx_word' id='word_1_116' title='bbox 940 1595 1154 1665; x_wconf 87' lang='grc' dir='ltr'><strong>τέχνης,</strong></span> <span class='ocrx_word' id='word_1_117' title='bbox 1194 1598 1307 1650; x_wconf 78' lang='grc' dir='ltr'><strong>ἀλλ’</strong></span> <span class='ocrx_word' id='word_1_118' title='bbox 1357 1601 1612 1672; x_wconf 76' lang='grc' dir='ltr'><strong>ἐπιπνοίᾳ</strong></span> <span class='ocrx_word' id='word_1_119' title='bbox 1660 1605 1796 1657; x_wconf 87' lang='grc' dir='ltr'><strong>θεῶν</strong></span> 
     </span>
    </p>
   </div>
   <div class='ocr_carea' id='block_1_18' title="bbox 216 1679 1796 1766">
    <p class='ocr_par' dir='ltr' id='par_1_18' title="bbox 216 1679 1796 1766">
     <span class='ocr_line' id='line_1_18' title="bbox 216 1679 1796 1766; baseline 0.015 -40"><span class='ocrx_word' id='word_1_120' title='bbox 216 1679 629 1748; x_wconf 70' lang='grc' dir='ltr'><strong>παραγίνεταιὶ</strong></span> <span class='ocrx_word' id='word_1_121' title='bbox 664 1683 860 1754; x_wconf 79' lang='grc' dir='ltr'>Εὑρεῖν</span> <span class='ocrx_word' id='word_1_122' title='bbox 884 1685 904 1717; x_wconf 81' lang='grc'>⁸</span> <span class='ocrx_word' id='word_1_123' title='bbox 925 1682 1040 1752; x_wconf 79' lang='grc' dir='ltr'><strong>οὖν,</strong></span> <span class='ocrx_word' id='word_1_124' title='bbox 1069 1692 1255 1759; x_wconf 78' lang='grc' dir='ltr'><strong>φησὶν,</strong></span> <span class='ocrx_word' id='word_1_125' title='bbox 1279 1684 1325 1743; x_wconf 82' lang='grc' dir='ltr'>ὧ</span> <span class='ocrx_word' id='word_1_126' title='bbox 1348 1693 1595 1758; x_wconf 85' lang='grc' dir='ltr'><strong>Πλάτων,</strong></span> <span class='ocrx_word' id='word_1_127' title='bbox 1615 1699 1796 1766; x_wconf 83' lang='grc' dir='ltr'><strong>κρεῖτ-</strong></span> 
     </span>
    </p>
   </div>
   <div class='ocr_carea' id='block_1_19' title="bbox 213 1770 1794 1854">
    <p class='ocr_par' dir='ltr' id='par_1_19' title="bbox 213 1770 1794 1854">
     <span class='ocr_line' id='line_1_19' title="bbox 213 1770 1794 1854; baseline 0.015 -36"><span class='ocrx_word' id='word_1_128' title='bbox 213 1770 356 1835; x_wconf 79' lang='grc' dir='ltr'><strong>τονῆ</strong></span> <span class='ocrx_word' id='word_1_129' title='bbox 399 1771 612 1839; x_wconf 78' lang='grc' dir='ltr'>μαθεῖν,</span> <span class='ocrx_word' id='word_1_130' title='bbox 658 1776 750 1827; x_wconf 79' lang='grc' dir='ltr'><strong>καὶ</strong></span> <span class='ocrx_word' id='word_1_131' title='bbox 785 1777 947 1848; x_wconf 88' lang='grc' dir='ltr'><strong>τέχνη</strong></span> <span class='ocrx_word' id='word_1_132' title='bbox 997 1778 1211 1848; x_wconf 84' lang='grc' dir='ltr'><strong>φύσεως</strong></span> <span class='ocrx_word' id='word_1_133' title='bbox 1254 1780 1526 1854; x_wconf 86' lang='grc' dir='ltr'><strong>δεύτερον,</strong></span> <span class='ocrx_word' id='word_1_134' title='bbox 1565 1787 1794 1851; x_wconf 75' lang='grc' dir='ltr'><strong>εἰκότως</strong></span> 
     </span>
    </p>
   </div>
   <div class='ocr_carea' id='block_1_20' title="bbox 1906 601 3480 679">
    <p class='ocr_par' dir='ltr' id='par_1_20' title="bbox 1906 601 3480 679">
     <span class='ocr_line' id='line_1_20' title="bbox 1906 601 3480 679; baseline 0.008 -27"><span class='ocrx_word' id='word_1_135' title='bbox 1906 601 2107 666; x_wconf 90' lang='lat' dir='ltr'><strong>monia,</strong></span> <span class='ocrx_word' id='word_1_136' title='bbox 2162 618 2471 672; x_wconf 83' lang='lat' dir='ltr'><strong>quanquam</strong></span> <span class='ocrx_word' id='word_1_137' title='bbox 2521 607 2608 659; x_wconf 87' lang='lat' dir='ltr'><strong>vel</strong></span> <span class='ocrx_word' id='word_1_138' title='bbox 2643 609 2908 674; x_wconf 82' lang='lat' dir='ltr'><strong>Omnium,</strong></span> <span class='ocrx_word' id='word_1_139' title='bbox 2955 610 3039 662; x_wconf 86' lang='lat' dir='ltr'><strong>vel</strong></span> <span class='ocrx_word' id='word_1_140' title='bbox 3087 610 3480 679; x_wconf 70' lang='lat' dir='ltr'><strong>prmcipuornm</strong></span> 
     </span>
    </p>
   </div>
   <div class='ocr_carea' id='block_1_21' title="bbox 1904 692 3482 770">
    <p class='ocr_par' dir='ltr' id='par_1_21' title="bbox 1904 692 3482 770">
     <span class='ocr_line' id='line_1_21' title="bbox 1904 692 3482 770; baseline 0.008 -25"><span class='ocrx_word' id='word_1_141' title='bbox 1904 692 2159 760; x_wconf 80' lang='lat' dir='ltr'><strong>colligere</strong></span> <span class='ocrx_word' id='word_1_142' title='bbox 2195 695 2334 748; x_wconf 88' lang='lat' dir='ltr'><strong>dicta</strong></span> <span class='ocrx_word' id='word_1_143' title='bbox 2366 698 2436 749; x_wconf 91' lang='lat' dir='ltr'><strong>sit</strong></span> <span class='ocrx_word' id='word_1_144' title='bbox 2479 698 2716 765; x_wconf 81' lang='lat' dir='ltr'><strong>ditiicile,</strong></span> <span class='ocrx_word' id='word_1_145' title='bbox 2753 709 2927 755; x_wconf 89' lang='lat' dir='ltr'><strong>tamen</strong></span> <span class='ocrx_word' id='word_1_146' title='bbox 2952 716 3073 770; x_wconf 69' lang='lat' dir='ltr'><strong>qua}</strong></span> <span class='ocrx_word' id='word_1_147' title='bbox 3104 703 3170 756; x_wconf 92' lang='lat' dir='ltr'><strong>de</strong></span> <span class='ocrx_word' id='word_1_148' title='bbox 3206 703 3482 757; x_wconf 80' lang='lat' dir='ltr'><strong>nobilissi-</strong></span> 
     </span>
    </p>
   </div>
   <div class='ocr_carea' id='block_1_22' title="bbox 1903 785 3476 862">
    <p class='ocr_par' dir='ltr' id='par_1_22' title="bbox 1903 785 3476 862">
     <span class='ocr_line' id='line_1_22' title="bbox 1903 785 3476 862; baseline 0.007 -26"><span class='ocrx_word' id='word_1_149' title='bbox 1903 785 2007 838; x_wconf 86' lang='lat' dir='ltr'><strong>mis</strong></span> <span class='ocrx_word' id='word_1_150' title='bbox 2037 785 2236 840; x_wconf 85' lang='lat' dir='ltr'><strong>selecta</strong></span> <span class='ocrx_word' id='word_1_151' title='bbox 2277 788 2503 856; x_wconf 79' lang='lat' dir='ltr'><strong>proferri</strong></span> <span class='ocrx_word' id='word_1_152' title='bbox 2540 801 2786 857; x_wconf 85' lang='lat' dir='ltr'><strong>possunt,</strong></span> <span class='ocrx_word' id='word_1_153' title='bbox 2821 792 2999 862; x_wconf 80' lang='lat' dir='ltr'><strong>ignavi</strong></span> <span class='ocrx_word' id='word_1_154' title='bbox 3037 793 3176 846; x_wconf 80' lang='lat' dir='ltr'><strong>foret</strong></span> <span class='ocrx_word' id='word_1_155' title='bbox 3203 794 3476 848; x_wconf 86' lang='lat' dir='ltr'><strong>omittere.</strong></span> 
     </span>
    </p>
   </div>
   <div class='ocr_carea' id='block_1_23' title="bbox 1903 875 3480 951">
    <p class='ocr_par' dir='ltr' id='par_1_23' title="bbox 1903 875 3480 951">
     <span class='ocr_line' id='line_1_23' title="bbox 1903 875 3480 951; baseline 0.005 -23"><span class='ocrx_word' id='word_1_156' title='bbox 1903 875 1969 928; x_wconf 86' lang='lat' dir='ltr'><strong>Et</strong></span> <span class='ocrx_word' id='word_1_157' title='bbox 2001 881 2364 933; x_wconf 78' lang='lat' dir='ltr'><strong>communiter</strong></span> <span class='ocrx_word' id='word_1_158' title='bbox 2395 881 2613 949; x_wconf 84' lang='lat' dir='ltr'><strong>quidem</strong></span> <span class='ocrx_word' id='word_1_159' title='bbox 2670 893 2844 951; x_wconf 71' lang='lat' dir='ltr'><strong>poeta:</strong></span> <span class='ocrx_word' id='word_1_160' title='bbox 2875 898 3064 938; x_wconf 91' lang='lat' dir='ltr'><strong>omnes</strong></span> <span class='ocrx_word' id='word_1_161' title='bbox 3102 883 3278 951; x_wconf 87' lang='lat' dir='ltr'><strong>reipsa</strong></span> <span class='ocrx_word' id='word_1_162' title='bbox 3328 884 3480 938; x_wconf 87' lang='lat' dir='ltr'><strong>testi—</strong></span> 
     </span>
    </p>
   </div>
   <div class='ocr_carea' id='block_1_24' title="bbox 1902 967 3478 1044">
    <p class='ocr_par' dir='ltr' id='par_1_24' title="bbox 1902 967 3478 1044">
     <span class='ocr_line' id='line_1_24' title="bbox 1902 967 3478 1044; baseline 0.006 -24"><span class='ocrx_word' id='word_1_163' title='bbox 1902 967 2141 1022; x_wconf 89' lang='lat' dir='ltr'><strong>monium</strong></span> <span class='ocrx_word' id='word_1_164' title='bbox 2184 971 2445 1037; x_wconf 72' lang='lat' dir='ltr'><strong>prmbent,</strong></span> <span class='ocrx_word' id='word_1_165' title='bbox 2494 973 2762 1040; x_wconf 85' lang='lat' dir='ltr'><strong>siquidem</strong></span> <span class='ocrx_word' id='word_1_166' title='bbox 2801 989 2864 1028; x_wconf 87' lang='lat' dir='ltr'><strong>ea</strong></span> <span class='ocrx_word' id='word_1_167' title='bbox 2900 977 3108 1029; x_wconf 84' lang='lat' dir='ltr'><strong>ratione</strong></span> <span class='ocrx_word' id='word_1_168' title='bbox 3153 991 3271 1044; x_wconf 70' lang='lat' dir='ltr'><strong>qua:</strong></span> <span class='ocrx_word' id='word_1_169' title='bbox 3304 988 3478 1030; x_wconf 89' lang='lat' dir='ltr'><strong>artem</strong></span> 
     </span>
    </p>
   </div>
   <div class='ocr_carea' id='block_1_25' title="bbox 1901 1064 3480 1128">
    <p class='ocr_par' dir='ltr' id='par_1_25' title="bbox 1901 1064 3480 1128">
     <span class='ocr_line' id='line_1_25' title="bbox 1901 1064 3480 1128; baseline 0.006 -17"><span class='ocrx_word' id='word_1_170' title='bbox 1901 1066 2122 1125; x_wconf 89' lang='lat' dir='ltr'><strong>superat</strong></span> <span class='ocrx_word' id='word_1_171' title='bbox 2153 1072 2324 1128; x_wconf 68' lang='lat' dir='ltr'><strong>poeta:</strong></span> <span class='ocrx_word' id='word_1_172' title='bbox 2357 1073 2482 1116; x_wconf 90' lang='lat' dir='ltr'><strong>sunt</strong></span> <span class='ocrx_word' id='word_1_173' title='bbox 2517 1064 2717 1120; x_wconf 84' lang='lat' dir='ltr'><strong>cli‘ecti.</strong></span> <span class='ocrx_word' id='word_1_174' title='bbox 2766 1065 2964 1118; x_wconf 86' lang='lat' dir='ltr'><strong>Verum</strong></span> <span class='ocrx_word' id='word_1_175' title='bbox 3017 1067 3118 1120; x_wconf 88' lang='lat' dir='ltr'><strong>hoc</strong></span> <span class='ocrx_word' id='word_1_176' title='bbox 3169 1067 3480 1121; x_wconf 87' lang='lat' dir='ltr'><strong>testimonio</strong></span> 
     </span>
    </p>
   </div>
   <div class='ocr_carea' id='block_1_26' title="bbox 1895 1149 3480 1226">
    <p class='ocr_par' dir='ltr' id='par_1_26' title="bbox 1895 1149 3480 1226">
     <span class='ocr_line' id='line_1_26' title="bbox 1895 1149 3480 1226; baseline 0.007 -25"><span class='ocrx_word' id='word_1_177' title='bbox 1895 1149 2006 1216; x_wconf 82' lang='lat' dir='ltr'><strong>jam</strong></span> <span class='ocrx_word' id='word_1_178' title='bbox 2042 1168 2145 1206; x_wconf 91' lang='lat' dir='ltr'><strong>non</strong></span> <span class='ocrx_word' id='word_1_179' title='bbox 2204 1153 2441 1220; x_wconf 79' lang='lat' dir='ltr'><strong>indigeo,</strong></span> <span class='ocrx_word' id='word_1_180' title='bbox 2485 1157 2738 1223; x_wconf 85' lang='lat' dir='ltr'><strong>quoniam</strong></span> <span class='ocrx_word' id='word_1_181' title='bbox 2790 1172 2954 1226; x_wconf 90' lang='lat' dir='ltr'><strong>supra</strong></span> <span class='ocrx_word' id='word_1_182' title='bbox 2988 1158 3218 1211; x_wconf 86' lang='lat' dir='ltr'><strong>relatum</strong></span> <span class='ocrx_word' id='word_1_183' title='bbox 3257 1168 3362 1223; x_wconf 90' lang='lat' dir='ltr'><strong>est,</strong></span> <span class='ocrx_word' id='word_1_184' title='bbox 3386 1159 3480 1212; x_wconf 88' lang='lat' dir='ltr'><strong>sed</strong></span> 
     </span>
    </p>
   </div>
   <div class='ocr_carea' id='block_1_27' title="bbox 1900 1244 2730 1304">
    <p class='ocr_par' dir='ltr' id='par_1_27' title="bbox 1900 1244 2730 1304">
     <span class='ocr_line' id='line_1_27' title="bbox 1900 1244 2730 1304; baseline 0.004 -8"><span class='ocrx_word' id='word_1_185' title='bbox 1900 1257 1964 1296; x_wconf 89' lang='lat' dir='ltr'><strong>eo</strong></span> <span class='ocrx_word' id='word_1_186' title='bbox 1989 1245 2132 1304; x_wconf 85' lang='lat' dir='ltr'><strong>quod</strong></span> <span class='ocrx_word' id='word_1_187' title='bbox 2161 1244 2211 1296; x_wconf 93' lang='lat' dir='ltr'><strong>in</strong></span> <span class='ocrx_word' id='word_1_188' title='bbox 2247 1245 2426 1298; x_wconf 81' lang='lat' dir='ltr'><strong>verbis</strong></span> <span class='ocrx_word' id='word_1_189' title='bbox 2455 1246 2730 1299; x_wconf 87' lang='lat' dir='ltr'><strong>consistit.</strong></span> 
     </span>
    </p>
   </div>
   <div class='ocr_carea' id='block_1_28' title="bbox 1971 1332 3480 1406">
    <p class='ocr_par' dir='ltr' id='par_1_28' title="bbox 1971 1332 3480 1406">
     <span class='ocr_line' id='line_1_28' title="bbox 1971 1332 3480 1406; baseline 0.001 -21"><span class='ocrx_word' id='word_1_190' title='bbox 1971 1332 2080 1387; x_wconf 86' lang='lat' dir='ltr'><strong>Nec</strong></span> <span class='ocrx_word' id='word_1_191' title='bbox 2135 1334 2233 1388; x_wconf 86' lang='lat' dir='ltr'><strong>hoc</strong></span> <span class='ocrx_word' id='word_1_192' title='bbox 2267 1335 2489 1398; x_wconf 82' lang='lat' dir='ltr'><strong>frustra,</strong></span> <span class='ocrx_word' id='word_1_193' title='bbox 2541 1336 2624 1390; x_wconf 94' lang='lat' dir='ltr'><strong>vel</strong></span> <span class='ocrx_word' id='word_1_194' title='bbox 2653 1338 2806 1404; x_wconf 90' lang='lat' dir='ltr'><strong>quasi</strong></span> <span class='ocrx_word' id='word_1_195' title='bbox 2839 1338 3194 1406; x_wconf 88' lang='lat' dir='ltr'><strong>appendicem</strong></span> <span class='ocrx_word' id='word_1_196' title='bbox 3228 1337 3480 1405; x_wconf 84' lang='lat' dir='ltr'><strong>superio-</strong></span> 
     </span>
    </p>
   </div>
   <div class='ocr_carea' id='block_1_29' title="bbox 1900 1421 3476 1500">
    <p class='ocr_par' dir='ltr' id='par_1_29' title="bbox 1900 1421 3476 1500">
     <span class='ocr_line' id='line_1_29' title="bbox 1900 1421 3476 1500; baseline 0.003 -23"><span class='ocrx_word' id='word_1_197' title='bbox 1900 1439 2017 1479; x_wconf 91' lang='lat' dir='ltr'><strong>rum</strong></span> <span class='ocrx_word' id='word_1_198' title='bbox 2072 1421 2390 1495; x_wconf 22' lang='lat' dir='ltr'><strong>adjungens‘,</strong></span> <span class='ocrx_word' id='word_1_199' title='bbox 2447 1429 2540 1481; x_wconf 87' lang='lat' dir='ltr'><strong>sed</strong></span> <span class='ocrx_word' id='word_1_200' title='bbox 2597 1428 2701 1482; x_wconf 89' lang='lat' dir='ltr'><strong>hoc</strong></span> <span class='ocrx_word' id='word_1_201' title='bbox 2757 1430 3137 1483; x_wconf 85' lang='lat' dir='ltr'><strong>demonstrans</strong></span> <span class='ocrx_word' id='word_1_202' title='bbox 3197 1439 3251 1484; x_wconf 91' lang='lat' dir='ltr'><strong>et</strong></span> <span class='ocrx_word' id='word_1_203' title='bbox 3281 1428 3476 1500; x_wconf 61' lang='lat'><strong>412!)</strong></span> 
     </span>
    </p>
   </div>
   <div class='ocr_carea' id='block_1_30' title="bbox 1899 1517 3476 1589">
    <p class='ocr_par' dir='ltr' id='par_1_30' title="bbox 1899 1517 3476 1589">
     <span class='ocr_line' id='line_1_30' title="bbox 1899 1517 3476 1589; baseline 0.001 -19"><span class='ocrx_word' id='word_1_204' title='bbox 1899 1517 2166 1582; x_wconf 87' lang='lat' dir='ltr'><strong>indicans,</strong></span> <span class='ocrx_word' id='word_1_205' title='bbox 2220 1527 2468 1571; x_wconf 86' lang='lat' dir='ltr'><strong>ornatum</strong></span> <span class='ocrx_word' id='word_1_206' title='bbox 2528 1521 2687 1572; x_wconf 90' lang='lat' dir='ltr'><strong>istum</strong></span> <span class='ocrx_word' id='word_1_207' title='bbox 2736 1528 2792 1573; x_wconf 92' lang='lat' dir='ltr'><strong>et</strong></span> <span class='ocrx_word' id='word_1_208' title='bbox 2830 1519 3193 1589; x_wconf 83' lang='lat' dir='ltr'><strong>splendorem,</strong></span> <span class='ocrx_word' id='word_1_209' title='bbox 3231 1534 3335 1574; x_wconf 90' lang='lat' dir='ltr'><strong>non</strong></span> <span class='ocrx_word' id='word_1_210' title='bbox 3370 1531 3476 1574; x_wconf 87' lang='lat' dir='ltr'><strong>tam</strong></span> 
     </span>
    </p>
   </div>
   <div class='ocr_carea' id='block_1_31' title="bbox 1896 1609 3477 1680">
    <p class='ocr_par' dir='ltr' id='par_1_31' title="bbox 1896 1609 3477 1680">
     <span class='ocr_line' id='line_1_31' title="bbox 1896 1609 3477 1680; baseline 0.002 -18"><span class='ocrx_word' id='word_1_211' title='bbox 1896 1624 1958 1662; x_wconf 83' lang='lat' dir='ltr'><strong>ex</strong></span> <span class='ocrx_word' id='word_1_212' title='bbox 2003 1617 2141 1672; x_wconf 90' lang='lat' dir='ltr'><strong>arte,</strong></span> <span class='ocrx_word' id='word_1_213' title='bbox 2195 1623 2360 1676; x_wconf 89' lang='lat' dir='ltr'><strong>quam</strong></span> <span class='ocrx_word' id='word_1_214' title='bbox 2411 1611 2591 1663; x_wconf 82' lang='lat' dir='ltr'><strong>divino</strong></span> <span class='ocrx_word' id='word_1_215' title='bbox 2631 1609 2808 1664; x_wconf 81' lang='lat' dir='ltr'><strong>amatu</strong></span> <span class='ocrx_word' id='word_1_216' title='bbox 2865 1611 3156 1680; x_wconf 78' lang='lat' dir='ltr'><strong>proficisci.</strong></span> <span class='ocrx_word' id='word_1_217' title='bbox 3208 1611 3477 1665; x_wconf 83' lang='lat' dir='ltr'><strong>Iuventio-</strong></span> 
     </span>
    </p>
   </div>
   <div class='ocr_carea' id='block_1_32' title="bbox 1898 1700 3478 1772">
    <p class='ocr_par' dir='ltr' id='par_1_32' title="bbox 1898 1700 3478 1772">
     <span class='ocr_line' id='line_1_32' title="bbox 1898 1700 3478 1772; baseline 0.002 -21"><span class='ocrx_word' id='word_1_218' title='bbox 1898 1715 2018 1752; x_wconf 89' lang='lat' dir='ltr'><strong>nem</strong></span> <span class='ocrx_word' id='word_1_219' title='bbox 2075 1700 2264 1768; x_wconf 86' lang='lat' dir='ltr'><strong>igitur,</strong></span> <span class='ocrx_word' id='word_1_220' title='bbox 2322 1715 2355 1754; x_wconf 96' lang='lat' dir='ltr'><strong>o</strong></span> <span class='ocrx_word' id='word_1_221' title='bbox 2401 1700 2578 1765; x_wconf 83' lang='lat' dir='ltr'><strong>Plato,</strong></span> <span class='ocrx_word' id='word_1_222' title='bbox 2632 1703 2914 1772; x_wconf 87' lang='lat' dir='ltr'><strong>disciplina</strong></span> <span class='ocrx_word' id='word_1_223' title='bbox 2970 1703 3248 1756; x_wconf 84' lang='lat' dir='ltr'><strong>meliorem</strong></span> <span class='ocrx_word' id='word_1_224' title='bbox 3293 1713 3478 1757; x_wconf 86' lang='lat' dir='ltr'><strong>censet</strong></span> 
     </span>
    </p>
   </div>
   <div class='ocr_carea' id='block_1_33' title="bbox 1897 1789 3476 1861">
    <p class='ocr_par' dir='ltr' id='par_1_33' title="bbox 1897 1789 3476 1861">
     <span class='ocr_line' id='line_1_33' title="bbox 1897 1789 3476 1861; baseline 0.003 -19"><span class='ocrx_word' id='word_1_225' title='bbox 1897 1789 2186 1856; x_wconf 80' lang='lat' dir='ltr'><strong>Hesiodus,</strong></span> <span class='ocrx_word' id='word_1_226' title='bbox 2223 1801 2279 1846; x_wconf 91' lang='lat' dir='ltr'><strong>et</strong></span> <span class='ocrx_word' id='word_1_227' title='bbox 2309 1802 2481 1846; x_wconf 89' lang='lat' dir='ltr'><strong>artem</strong></span> <span class='ocrx_word' id='word_1_228' title='bbox 2527 1794 2885 1861; x_wconf 86' lang='lat' dir='ltr'><strong>posteriorem</strong></span> <span class='ocrx_word' id='word_1_229' title='bbox 2929 1803 3122 1846; x_wconf 87' lang='lat' dir='ltr'><strong>natura</strong></span> <span class='ocrx_word' id='word_1_230' title='bbox 3150 1812 3164 1860; x_wconf 93' lang='lat'><strong>;</strong></span> <span class='ocrx_word' id='word_1_231' title='bbox 3197 1803 3252 1847; x_wconf 89' lang='lat' dir='ltr'><strong>et</strong></span> <span class='ocrx_word' id='word_1_232' title='bbox 3277 1795 3476 1846; x_wconf 79' lang='lat' dir='ltr'><strong>merito</strong></span> 
     </span>
    </p>
   </div>
   <div class='ocr_carea' id='block_1_34' title="bbox 210 1852 1780 1952">
    <p class='ocr_par' dir='ltr' id='par_1_34' title="bbox 210 1852 1780 1947">
     <span class='ocr_line' id='line_1_34' title="bbox 210 1852 1780 1947; baseline 0.015 -38"><span class='ocrx_word' id='word_1_233' title='bbox 210 1859 236 1908; x_wconf 84' lang='grc' dir='ltr'><strong>ό</strong></span> <span class='ocrx_word' id='word_1_234' title='bbox 284 1859 526 1925; x_wconf 78' lang='grc' dir='ltr'><strong>Ἠσίοδος</strong></span> <span class='ocrx_word' id='word_1_235' title='bbox 562 1863 691 1935; x_wconf 76' lang='grc'><strong>[672</strong></span> <span class='ocrx_word' id='word_1_236' title='bbox 742 1867 836 1940; x_wconf 73' lang='lat' dir='ltr'><strong>IL]</strong></span> <span class='ocrx_word' id='word_1_237' title='bbox 880 1870 974 1922; x_wconf 78' lang='grc' dir='ltr'><strong>καὶ</strong></span> <span class='ocrx_word' id='word_1_238' title='bbox 1020 1870 1232 1941; x_wconf 72' lang='grc' dir='ltr'><strong>φρονῶν</strong></span> <span class='ocrx_word' id='word_1_239' title='bbox 1276 1852 1551 1929; x_wconf 78' lang='grc' dir='ltr'><strong>οὕτωκαὶ</strong></span> <span class='ocrx_word' id='word_1_240' title='bbox 1592 1878 1780 1947; x_wconf 83' lang='grc' dir='ltr'><strong>λέγων,</strong></span> 
     </span>
    </p>
   </div>
   <div class='ocr_carea' id='block_1_35' title="bbox 1888 1852 3477 1952">
    <p class='ocr_par' dir='ltr' id='par_1_35' title="bbox 1893 1881 3477 1952">
     <span class='ocr_line' id='line_1_35' title="bbox 1893 1881 3477 1952; baseline 0.006 -23"><span class='ocrx_word' id='word_1_241' title='bbox 1893 1881 2111 1949; x_wconf 88' lang='lat' dir='ltr'><strong>quidem</strong></span> <span class='ocrx_word' id='word_1_242' title='bbox 2169 1882 2242 1935; x_wconf 91' lang='lat' dir='ltr'><strong>ita</strong></span> <span class='ocrx_word' id='word_1_243' title='bbox 2293 1883 2536 1936; x_wconf 86' lang='lat' dir='ltr'><strong>sentiens</strong></span> <span class='ocrx_word' id='word_1_244' title='bbox 2573 1893 2737 1952; x_wconf 84' lang='lat' dir='ltr'><strong>atque</strong></span> <span class='ocrx_word' id='word_1_245' title='bbox 2778 1883 2982 1949; x_wconf 90' lang='lat' dir='ltr'><strong>dicens,</strong></span> <span class='ocrx_word' id='word_1_246' title='bbox 3041 1901 3140 1939; x_wconf 83' lang='lat' dir='ltr'><strong>nec</strong></span> <span class='ocrx_word' id='word_1_247' title='bbox 3189 1885 3477 1939; x_wconf 87' lang='lat' dir='ltr'><strong>innuemor</strong></span> 
     </span>
    </p>
   </div>
   <div class='ocr_carea' id='block_1_36' title="bbox 210 1952 1787 2040">
    <p class='ocr_par' dir='ltr' id='par_1_36' title="bbox 210 1952 1787 2040">
     <span class='ocr_line' id='line_1_36' title="bbox 210 1952 1787 2040; baseline 0.013 -37"><span class='ocrx_word' id='word_1_248' title='bbox 210 1952 299 2004; x_wconf 72' lang='grc' dir='ltr'>καὶ</span> <span class='ocrx_word' id='word_1_249' title='bbox 330 1955 432 2023; x_wconf 84' lang='grc' dir='ltr'><strong>τῆς</strong></span> <span class='ocrx_word' id='word_1_250' title='bbox 460 1954 667 2028; x_wconf 78' lang='grc' dir='ltr'><strong>δάφνης</strong></span> <span class='ocrx_word' id='word_1_251' title='bbox 698 1959 796 2012; x_wconf 83' lang='grc' dir='ltr'><strong>οὐκ</strong></span> <span class='ocrx_word' id='word_1_252' title='bbox 827 1961 1180 2031; x_wconf 85' lang='grc' dir='ltr'><strong>ἀμνημονῶν,</strong></span> <span class='ocrx_word' id='word_1_253' title='bbox 1215 1966 1281 2036; x_wconf 83' lang='grc' dir='ltr'><strong>ἢν</strong></span> <span class='ocrx_word' id='word_1_254' title='bbox 1301 1965 1418 2036; x_wconf 78' lang='grc' dir='ltr'>ἅμα</span> <span class='ocrx_word' id='word_1_255' title='bbox 1447 1969 1524 2040; x_wconf 80' lang='grc' dir='ltr'><strong>τῷ</strong></span> <span class='ocrx_word' id='word_1_256' title='bbox 1550 1969 1732 2023; x_wconf 76' lang='grc' dir='ltr'>λαϐεῖν</span> <span class='ocrx_word' id='word_1_257' title='bbox 1765 1976 1787 2004; x_wconf 74' lang='grc'><strong>⁴⁵</strong></span> 
     </span>
    </p>
   </div>
   <div class='ocr_carea' id='block_1_37' title="bbox 208 2041 1786 2126">
    <p class='ocr_par' dir='ltr' id='par_1_37' title="bbox 208 2041 1786 2126">
     <span class='ocr_line' id='line_1_37' title="bbox 208 2041 1786 2126; baseline 0.013 -32"><span class='ocrx_word' id='word_1_258' title='bbox 208 2043 435 2114; x_wconf 77' lang='grc' dir='ltr'><strong>ποιητὴς</strong></span> <span class='ocrx_word' id='word_1_259' title='bbox 471 2041 538 2114; x_wconf 78' lang='grc' dir='ltr'><strong>ἦν</strong></span> <span class='ocrx_word' id='word_1_260' title='bbox 575 2045 862 2122; x_wconf 80' lang='grc' dir='ltr'><strong>[γεγονὼς]</strong></span> <span class='ocrx_word' id='word_1_261' title='bbox 908 2055 972 2105; x_wconf 81' lang='grc' dir='ltr'><strong>ἐκ</strong></span> <span class='ocrx_word' id='word_1_262' title='bbox 1003 2055 1024 2084; x_wconf 73' lang='grc'>⁸</span> <span class='ocrx_word' id='word_1_263' title='bbox 1059 2055 1316 2124; x_wconf 78' lang='grc' dir='ltr'><strong>ποιμένος</strong></span> <span class='ocrx_word' id='word_1_264' title='bbox 1351 2075 1364 2089; x_wconf 89' lang='grc'><strong>·</strong></span> <span class='ocrx_word' id='word_1_265' title='bbox 1394 2058 1519 2111; x_wconf 78' lang='grc' dir='ltr'><strong>ἐπεὶ</strong></span> <span class='ocrx_word' id='word_1_266' title='bbox 1561 2063 1652 2114; x_wconf 73' lang='grc' dir='ltr'><strong>καὶ</strong></span> <span class='ocrx_word' id='word_1_267' title='bbox 1686 2063 1786 2126; x_wconf 81' lang='grc' dir='ltr'><strong>τὰς</strong></span> 
     </span>
    </p>
   </div>
   <div class='ocr_carea' id='block_1_38' title="bbox 205 2135 1778 2224">
    <p class='ocr_par' dir='ltr' id='par_1_38' title="bbox 205 2135 1778 2224">
     <span class='ocr_line' id='line_1_38' title="bbox 205 2135 1778 2224; baseline 0.015 -39"><span class='ocrx_word' id='word_1_268' title='bbox 205 2135 396 2204; x_wconf 84' lang='grc' dir='ltr'><strong>τέχνας</strong></span> <span class='ocrx_word' id='word_1_269' title='bbox 455 2139 625 2199; x_wconf 72' lang='grc' dir='ltr'><strong>αὑτὰς</strong></span> <span class='ocrx_word' id='word_1_270' title='bbox 677 2142 770 2193; x_wconf 75' lang='grc' dir='ltr'><strong>καὶ</strong></span> <span class='ocrx_word' id='word_1_271' title='bbox 823 2143 888 2196; x_wconf 74' lang='grc' dir='ltr'><strong>τά</strong></span> <span class='ocrx_word' id='word_1_272' title='bbox 935 2145 1351 2218; x_wconf 73' lang='grc' dir='ltr'><strong>ἐπιτηδεύματα</strong></span> <span class='ocrx_word' id='word_1_273' title='bbox 1395 2151 1558 2219; x_wconf 81' lang='grc' dir='ltr'><strong>φύσει</strong></span> <span class='ocrx_word' id='word_1_274' title='bbox 1605 2153 1778 2224; x_wconf 84' lang='grc' dir='ltr'><strong>δήπου</strong></span> 
     </span>
    </p>
   </div>
   <div class='ocr_carea' id='block_1_39' title="bbox 203 2225 1782 2314">
    <p class='ocr_par' dir='ltr' id='par_1_39' title="bbox 203 2225 1782 2314">
     <span class='ocr_line' id='line_1_39' title="bbox 203 2225 1782 2314; baseline 0.015 -37"><span class='ocrx_word' id='word_1_275' title='bbox 203 2225 573 2293; x_wconf 84' lang='grc' dir='ltr'><strong>διενεγκόντες</strong></span> <span class='ocrx_word' id='word_1_276' title='bbox 629 2233 906 2304; x_wconf 83' lang='grc' dir='ltr'><strong>ἄνθρωποι</strong></span> <span class='ocrx_word' id='word_1_277' title='bbox 965 2240 1062 2291; x_wconf 68' lang='lat' dir='ltr'><strong>acati.</strong></span> <span class='ocrx_word' id='word_1_278' title='bbox 1102 2241 1422 2310; x_wconf 86' lang='grc' dir='ltr'><strong>κινήσαντες</strong></span> <span class='ocrx_word' id='word_1_279' title='bbox 1454 2243 1682 2314; x_wconf 83' lang='grc' dir='ltr'><strong>ἀνεῦρον</strong></span> <span class='ocrx_word' id='word_1_280' title='bbox 1722 2247 1782 2300; x_wconf 80' lang='grc' dir='ltr'><strong>τὺ</strong></span> 
     </span>
    </p>
   </div>
   <div class='ocr_carea' id='block_1_40' title="bbox 203 2314 1778 2403">
    <p class='ocr_par' dir='ltr' id='par_1_40' title="bbox 203 2314 1778 2403">
     <span class='ocr_line' id='line_1_40' title="bbox 203 2314 1778 2403; baseline 0.015 -38"><span class='ocrx_word' id='word_1_281' title='bbox 203 2314 258 2377; x_wconf 83' lang='grc' dir='ltr'>ἐξ</span> <span class='ocrx_word' id='word_1_282' title='bbox 285 2315 481 2387; x_wconf 70' lang='grc' dir='ltr'><strong>ἀρχῆς.</strong></span> <span class='ocrx_word' id='word_1_283' title='bbox 521 2320 594 2372; x_wconf 83' lang='grc' dir='ltr'><strong>Οὐ</strong></span> <span class='ocrx_word' id='word_1_284' title='bbox 638 2322 658 2353; x_wconf 76' lang='grc'>⁸</span> <span class='ocrx_word' id='word_1_285' title='bbox 695 2322 805 2394; x_wconf 77' lang='grc' dir='ltr'><strong>γὰρ</strong></span> <span class='ocrx_word' id='word_1_286' title='bbox 831 2325 887 2376; x_wconf 89' lang='grc' dir='ltr'><strong>αί</strong></span> <span class='ocrx_word' id='word_1_287' title='bbox 921 2326 1107 2394; x_wconf 83' lang='grc' dir='ltr'><strong>τέχναι</strong></span> <span class='ocrx_word' id='word_1_288' title='bbox 1137 2328 1236 2391; x_wconf 75' lang='grc' dir='ltr'><strong>τὰς</strong></span> <span class='ocrx_word' id='word_1_289' title='bbox 1270 2329 1463 2399; x_wconf 84' lang='grc' dir='ltr'><strong>φύσεις</strong></span> <span class='ocrx_word' id='word_1_290' title='bbox 1492 2333 1778 2403; x_wconf 80' lang='grc' dir='ltr'><strong>ἐποίησαν,</strong></span> 
     </span>
    </p>
   </div>
   <div class='ocr_carea' id='block_1_41' title="bbox 201 2407 1778 2497">
    <p class='ocr_par' dir='ltr' id='par_1_41' title="bbox 201 2407 1778 2497">
     <span class='ocr_line' id='line_1_41' title="bbox 201 2407 1778 2497; baseline 0.015 -39"><span class='ocrx_word' id='word_1_291' title='bbox 201 2407 312 2459; x_wconf 83' lang='grc' dir='ltr'><strong>ἀλλ’</strong></span> <span class='ocrx_word' id='word_1_292' title='bbox 334 2409 394 2461; x_wconf 79' lang='grc' dir='ltr'><strong>αἱ</strong></span> <span class='ocrx_word' id='word_1_293' title='bbox 421 2413 710 2480; x_wconf 85' lang='grc' dir='ltr'><strong>κράτισται</strong></span> <span class='ocrx_word' id='word_1_294' title='bbox 754 2415 945 2482; x_wconf 76' lang='grc' dir='ltr'><strong>φύσεις</strong></span> <span class='ocrx_word' id='word_1_295' title='bbox 970 2418 1075 2482; x_wconf 71' lang='grc' dir='ltr'><strong>τὰς</strong></span> <span class='ocrx_word' id='word_1_296' title='bbox 1117 2419 1397 2490; x_wconf 78' lang='grc' dir='ltr'><strong>βελτίστας</strong></span> <span class='ocrx_word' id='word_1_297' title='bbox 1433 2424 1542 2477; x_wconf 85' lang='grc' dir='ltr'><strong>τῶν</strong></span> <span class='ocrx_word' id='word_1_298' title='bbox 1575 2428 1778 2497; x_wconf 85' lang='grc' dir='ltr'><strong>τεχνῶν</strong></span> 
     </span>
    </p>
   </div>
   <div class='ocr_carea' id='block_1_42' title="bbox 200 2489 1775 2588">
    <p class='ocr_par' dir='ltr' id='par_1_42' title="bbox 200 2489 1775 2588">
     <span class='ocr_line' id='line_1_42' title="bbox 200 2489 1775 2588; baseline 0.015 -42"><span class='ocrx_word' id='word_1_299' title='bbox 200 2489 374 2564; x_wconf 76' lang='grc' dir='ltr'><strong>εὗρον.</strong></span> <span class='ocrx_word' id='word_1_300' title='bbox 411 2499 575 2552; x_wconf 81' lang='grc' dir='ltr'><strong>Ὥστε</strong></span> <span class='ocrx_word' id='word_1_301' title='bbox 611 2504 703 2554; x_wconf 74' lang='grc' dir='ltr'><strong>καὶ</strong></span> <span class='ocrx_word' id='word_1_302' title='bbox 731 2507 798 2574; x_wconf 76' lang='grc' dir='ltr'><strong>τῇ</strong></span> <span class='ocrx_word' id='word_1_303' title='bbox 834 2506 985 2570; x_wconf 78' lang='grc' dir='ltr'><strong>τάξει</strong></span> <span class='ocrx_word' id='word_1_304' title='bbox 1024 2508 1118 2560; x_wconf 74' lang='grc' dir='ltr'><strong>καὶ</strong></span> <span class='ocrx_word' id='word_1_305' title='bbox 1148 2513 1213 2580; x_wconf 80' lang='grc' dir='ltr'><strong>τῇ</strong></span> <span class='ocrx_word' id='word_1_306' title='bbox 1255 2511 1482 2581; x_wconf 82' lang='grc' dir='ltr'><strong>δυνάμει</strong></span> <span class='ocrx_word' id='word_1_307' title='bbox 1524 2517 1675 2585; x_wconf 78' lang='grc' dir='ltr'><strong>παρὰ</strong></span> <span class='ocrx_word' id='word_1_308' title='bbox 1709 2520 1775 2588; x_wconf 84' lang='grc' dir='ltr'><strong>τῇ</strong></span> 
     </span>
    </p>
   </div>
   <div class='ocr_carea' id='block_1_43' title="bbox 200 2589 1776 2673">
    <p class='ocr_par' dir='ltr' id='par_1_43' title="bbox 200 2589 1776 2673">
     <span class='ocr_line' id='line_1_43' title="bbox 200 2589 1776 2673; baseline 0.015 -35"><span class='ocrx_word' id='word_1_309' title='bbox 200 2589 354 2654; x_wconf 75' lang='grc' dir='ltr'><strong>φύσει</strong></span> <span class='ocrx_word' id='word_1_310' title='bbox 406 2589 475 2643; x_wconf 84' lang='grc' dir='ltr'><strong>τὰ</strong></span> <span class='ocrx_word' id='word_1_311' title='bbox 521 2595 786 2662; x_wconf 81' lang='grc' dir='ltr'><strong>πρεσϐεῖα</strong></span> <span class='ocrx_word' id='word_1_312' title='bbox 834 2593 975 2649; x_wconf 79' lang='grc' dir='ltr'><strong>εἷναι</strong></span> <span class='ocrx_word' id='word_1_313' title='bbox 1003 2599 1046 2652; x_wconf 85' lang='grc'><strong>⁷.</strong></span> <span class='ocrx_word' id='word_1_314' title='bbox 1089 2601 1146 2652; x_wconf 78' lang='lat' dir='ltr'><strong>Ei</strong></span> <span class='ocrx_word' id='word_1_315' title='bbox 1175 2601 1230 2653; x_wconf 80' lang='grc' dir='ltr'><strong>δὲ</strong></span> <span class='ocrx_word' id='word_1_316' title='bbox 1269 2601 1333 2672; x_wconf 79' lang='grc' dir='ltr'><strong>δὴ</strong></span> <span class='ocrx_word' id='word_1_317' title='bbox 1373 2604 1394 2634; x_wconf 84' lang='grc'><strong><em>⁸</em></strong></span> <span class='ocrx_word' id='word_1_318' title='bbox 1426 2605 1550 2673; x_wconf 82' lang='grc' dir='ltr'><strong>μηδ’</strong></span> <span class='ocrx_word' id='word_1_319' title='bbox 1589 2607 1776 2672; x_wconf 84' lang='grc' dir='ltr'><strong>ἁπλῶς</strong></span> 
     </span>
    </p>
   </div>
   <div class='ocr_carea' id='block_1_44' title="bbox 196 2679 1773 2765">
    <p class='ocr_par' dir='ltr' id='par_1_44' title="bbox 196 2679 1773 2765">
     <span class='ocr_line' id='line_1_44' title="bbox 196 2679 1773 2765; baseline 0.012 -36"><span class='ocrx_word' id='word_1_320' title='bbox 196 2679 506 2748; x_wconf 73' lang='grc' dir='ltr'><strong>ἀνθρώποις</strong></span> <span class='ocrx_word' id='word_1_321' title='bbox 544 2684 644 2754; x_wconf 81' lang='grc' dir='ltr'><strong>τὴν</strong></span> <span class='ocrx_word' id='word_1_322' title='bbox 685 2684 902 2755; x_wconf 75' lang='grc' dir='ltr'><strong>εὕρεσιν</strong></span> <span class='ocrx_word' id='word_1_323' title='bbox 946 2690 1312 2760; x_wconf 82' lang='grc' dir='ltr'><strong>προστίθεμεν</strong></span> <span class='ocrx_word' id='word_1_324' title='bbox 1351 2692 1459 2745; x_wconf 88' lang='grc' dir='ltr'><strong>τῶν</strong></span> <span class='ocrx_word' id='word_1_325' title='bbox 1489 2696 1693 2765; x_wconf 87' lang='grc' dir='ltr'><strong>τεχνῶν</strong></span> <span class='ocrx_word' id='word_1_326' title='bbox 1730 2700 1773 2759; x_wconf 73' lang='grc'><strong>³,</strong></span> 
     </span>
    </p>
   </div>
   <div class='ocr_carea' id='block_1_45' title="bbox 196 2769 1772 2852">
    <p class='ocr_par' dir='ltr' id='par_1_45' title="bbox 196 2769 1772 2852">
     <span class='ocr_line' id='line_1_45' title="bbox 196 2769 1772 2852; baseline 0.01 -32"><span class='ocrx_word' id='word_1_327' title='bbox 196 2769 326 2824; x_wconf 85' lang='grc' dir='ltr'><strong>ἀλλὰ</strong></span> <span class='ocrx_word' id='word_1_328' title='bbox 357 2771 516 2836; x_wconf 74' lang='grc' dir='ltr'><strong>θεοὺς</strong></span> <span class='ocrx_word' id='word_1_329' title='bbox 553 2776 864 2846; x_wconf 79' lang='grc' dir='ltr'><strong>ἡγήσασθαί</strong></span> <span class='ocrx_word' id='word_1_330' title='bbox 899 2795 1080 2848; x_wconf 80' lang='grc' dir='ltr'><strong>φαμεν</strong></span> <span class='ocrx_word' id='word_1_331' title='bbox 1105 2781 1405 2844; x_wconf 67' lang='grc' dir='ltr'><strong>αὐτοῖςκαὶ</strong></span> <span class='ocrx_word' id='word_1_332' title='bbox 1435 2785 1772 2852; x_wconf 63' lang='grc' dir='ltr'><strong>καταδεῖξαι,</strong></span> 
     </span>
    </p>
   </div>
   <div class='ocr_carea' id='block_1_46' title="bbox 195 2861 1776 2941">
    <p class='ocr_par' dir='ltr' id='par_1_46' title="bbox 195 2861 1776 2941">
     <span class='ocr_line' id='line_1_46' title="bbox 195 2861 1776 2941; baseline 0.012 -29"><span class='ocrx_word' id='word_1_333' title='bbox 195 2861 307 2924; x_wconf 87' lang='grc' dir='ltr'><strong>πῶς</strong></span> <span class='ocrx_word' id='word_1_334' title='bbox 342 2863 444 2916; x_wconf 86' lang='grc' dir='ltr'><strong>οὐκ</strong></span> <span class='ocrx_word' id='word_1_335' title='bbox 492 2863 713 2936; x_wconf 81' lang='grc' dir='ltr'><strong>εῠδηλον</strong></span> <span class='ocrx_word' id='word_1_336' title='bbox 762 2868 844 2921; x_wconf 82' lang='grc' dir='ltr'><strong>ὅτι</strong></span> <span class='ocrx_word' id='word_1_337' title='bbox 899 2870 1078 2941; x_wconf 86' lang='grc' dir='ltr'><strong>πολλῷ</strong></span> <span class='ocrx_word' id='word_1_338' title='bbox 1127 2889 1274 2936; x_wconf 87' lang='grc' dir='ltr'><strong>τινος</strong></span> <span class='ocrx_word' id='word_1_339' title='bbox 1331 2869 1468 2928; x_wconf 74' lang='grc' dir='ltr'><strong>εἶναι</strong></span> <span class='ocrx_word' id='word_1_340' title='bbox 1515 2877 1776 2941; x_wconf 72' lang='grc' dir='ltr'><strong>νικῶντος</strong></span> 
     </span>
    </p>
   </div>
   <div class='ocr_carea' id='block_1_47' title="bbox 193 2953 1775 3040">
    <p class='ocr_par' dir='ltr' id='par_1_47' title="bbox 193 2953 1775 3040">
     <span class='ocr_line' id='line_1_47' title="bbox 193 2953 1775 3040; baseline 0.012 -35"><span class='ocrx_word' id='word_1_341' title='bbox 193 2953 271 3006; x_wconf 87' lang='grc' dir='ltr'><strong>δεῖ</strong></span> <span class='ocrx_word' id='word_1_342' title='bbox 299 2955 624 3027; x_wconf 76' lang='grc' dir='ltr'><strong>προσθήκην</strong></span> <span class='ocrx_word' id='word_1_343' title='bbox 650 2958 748 3029; x_wconf 82' lang='grc' dir='ltr'><strong>τὴν</strong></span> <span class='ocrx_word' id='word_1_344' title='bbox 790 2961 832 2992; x_wconf 81' lang='grc'><strong>¹⁰</strong></span> <span class='ocrx_word' id='word_1_345' title='bbox 866 2961 1063 3031; x_wconf 73' lang='grc' dir='ltr'><strong>τέχνην</strong></span> <span class='ocrx_word' id='word_1_346' title='bbox 1088 2982 1101 3028; x_wconf 88' lang='lat'><strong>;</strong></span> <span class='ocrx_word' id='word_1_347' title='bbox 1135 2964 1248 3018; x_wconf 73' lang='grc' dir='ltr'><strong>Καὶ</strong></span> <span class='ocrx_word' id='word_1_348' title='bbox 1281 2966 1387 3036; x_wconf 85' lang='grc' dir='ltr'><strong>μὴν</strong></span> <span class='ocrx_word' id='word_1_349' title='bbox 1412 2968 1460 3019; x_wconf 90' lang='grc' dir='ltr'><strong>εί</strong></span> <span class='ocrx_word' id='word_1_350' title='bbox 1490 2967 1650 3023; x_wconf 80' lang='grc' dir='ltr'><strong>τοῦτο</strong></span> <span class='ocrx_word' id='word_1_351' title='bbox 1677 2970 1775 3040; x_wconf 83' lang='grc' dir='ltr'><strong>δῆ-</strong></span> 
     </span>
    </p>
   </div>
   <div class='ocr_carea' id='block_1_48' title="bbox 193 3045 1776 3131">
    <p class='ocr_par' dir='ltr' id='par_1_48' title="bbox 193 3045 1776 3131">
     <span class='ocr_line' id='line_1_48' title="bbox 193 3045 1776 3131; baseline 0.013 -34"><span class='ocrx_word' id='word_1_352' title='bbox 193 3045 279 3099; x_wconf 87' lang='grc' dir='ltr'><strong>λον</strong></span> <span class='ocrx_word' id='word_1_353' title='bbox 309 3048 547 3111; x_wconf 73' lang='grc' dir='ltr'><strong>ἅπασαι,</strong></span> <span class='ocrx_word' id='word_1_354' title='bbox 579 3051 675 3104; x_wconf 68' lang='grc' dir='ltr'><strong>καὶ</strong></span> <span class='ocrx_word' id='word_1_355' title='bbox 715 3054 915 3118; x_wconf 88' lang='grc' dir='ltr'><strong>πάντες</strong></span> <span class='ocrx_word' id='word_1_356' title='bbox 962 3057 1002 3088; x_wconf 85' lang='grc'>¹¹</span> <span class='ocrx_word' id='word_1_357' title='bbox 1059 3056 1126 3110; x_wconf 83' lang='grc' dir='ltr'><strong>ἂν</strong></span> <span class='ocrx_word' id='word_1_358' title='bbox 1171 3062 1444 3128; x_wconf 77' lang='grc' dir='ltr'>συμφαῖεν</span> <span class='ocrx_word' id='word_1_359' title='bbox 1494 3061 1569 3131; x_wconf 82' lang='grc' dir='ltr'><strong>μὴ</strong></span> <span class='ocrx_word' id='word_1_360' title='bbox 1618 3063 1776 3126; x_wconf 84' lang='grc' dir='ltr'><strong>θεοὺς</strong></span> 
     </span>
    </p>
   </div>
   <div class='ocr_carea' id='block_1_49' title="bbox 192 3141 1748 3226">
    <p class='ocr_par' dir='ltr' id='par_1_49' title="bbox 192 3141 1748 3226">
     <span class='ocr_line' id='line_1_49' title="bbox 192 3141 1748 3226; baseline 0.01 -35"><span class='ocrx_word' id='word_1_361' title='bbox 192 3141 318 3210; x_wconf 88' lang='grc' dir='ltr'><strong>παρ’</strong></span> <span class='ocrx_word' id='word_1_362' title='bbox 352 3141 658 3214; x_wconf 86' lang='grc' dir='ltr'><strong>ἀνθρώπων</strong></span> <span class='ocrx_word' id='word_1_363' title='bbox 689 3143 875 3198; x_wconf 81' lang='grc' dir='ltr'>λαϐεῖν</span> <span class='ocrx_word' id='word_1_364' title='bbox 900 3146 999 3209; x_wconf 84' lang='grc' dir='ltr'><strong>τὰς</strong></span> <span class='ocrx_word' id='word_1_365' title='bbox 1027 3149 1356 3221; x_wconf 77' lang='grc' dir='ltr'><strong>ἐπιστήμας,</strong></span> <span class='ocrx_word' id='word_1_366' title='bbox 1399 3152 1517 3204; x_wconf 88' lang='grc' dir='ltr'><strong>ἀλλ’</strong></span> <span class='ocrx_word' id='word_1_367' title='bbox 1565 3153 1748 3226; x_wconf 85' lang='grc' dir='ltr'><strong>ἀνθρώ</strong></span> 
     </span>
    </p>
   </div>
   <div class='ocr_carea' id='block_1_50' title="bbox 191 3235 1772 3312">
    <p class='ocr_par' dir='ltr' id='par_1_50' title="bbox 191 3235 1772 3312">
     <span class='ocr_line' id='line_1_50' title="bbox 191 3235 1772 3312; baseline 0.009 -28"><span class='ocrx_word' id='word_1_368' title='bbox 191 3250 320 3296; x_wconf 83' lang='grc' dir='ltr'><strong>πους</strong></span> <span class='ocrx_word' id='word_1_369' title='bbox 356 3235 400 3266; x_wconf 82' lang='grc'>¹¹</span> <span class='ocrx_word' id='word_1_370' title='bbox 440 3238 592 3304; x_wconf 76' lang='grc' dir='ltr'><strong>παρὰ</strong></span> <span class='ocrx_word' id='word_1_371' title='bbox 636 3237 794 3304; x_wconf 89' lang='grc' dir='ltr'><strong>θεῶν,</strong></span> <span class='ocrx_word' id='word_1_372' title='bbox 849 3241 945 3292; x_wconf 75' lang='grc' dir='ltr'><strong>καὶ</strong></span> <span class='ocrx_word' id='word_1_373' title='bbox 989 3240 1328 3294; x_wconf 75' lang='grc' dir='ltr'><strong>διδασκάλων</strong></span> <span class='ocrx_word' id='word_1_374' title='bbox 1376 3244 1476 3312; x_wconf 83' lang='grc' dir='ltr'>μὲν</span> <span class='ocrx_word' id='word_1_375' title='bbox 1510 3245 1772 3310; x_wconf 77' lang='grc' dir='ltr'><strong>ἐκείνους,</strong></span> 
     </span>
    </p>
   </div>
   <div class='ocr_carea' id='block_1_51' title="bbox 193 3320 1786 3400">
    <p class='ocr_par' dir='ltr' id='par_1_51' title="bbox 193 3320 1786 3400">
     <span class='ocr_line' id='line_1_51' title="bbox 193 3320 1786 3400; baseline 0.008 -28"><span class='ocrx_word' id='word_1_376' title='bbox 193 3320 457 3390; x_wconf 83' lang='grc' dir='ltr'><strong>μαθητῶν</strong></span> <span class='ocrx_word' id='word_1_377' title='bbox 490 3323 534 3374; x_wconf 89' lang='grc' dir='ltr'><strong>δ’</strong></span> <span class='ocrx_word' id='word_1_378' title='bbox 567 3325 716 3394; x_wconf 81' lang='grc' dir='ltr'><strong>ἡμᾶς</strong></span> <span class='ocrx_word' id='word_1_379' title='bbox 741 3323 894 3390; x_wconf 77' lang='grc' dir='ltr'><strong>τάξιν</strong></span> <span class='ocrx_word' id='word_1_380' title='bbox 940 3325 1106 3395; x_wconf 78' lang='grc' dir='ltr'><strong>ἔχειν,</strong></span> <span class='ocrx_word' id='word_1_381' title='bbox 1138 3327 1381 3398; x_wconf 83' lang='grc' dir='ltr'><strong>τοσούτῳ</strong></span> <span class='ocrx_word' id='word_1_382' title='bbox 1414 3333 1686 3400; x_wconf 88' lang='grc' dir='ltr'><strong>κρεῖττον,</strong></span> <span class='ocrx_word' id='word_1_383' title='bbox 1707 3331 1786 3394; x_wconf 84' lang='grc' dir='ltr'><strong>ὡς</strong></span> 
     </span>
    </p>
   </div>
   <div class='ocr_carea' id='block_1_52' title="bbox 189 3414 1782 3493">
    <p class='ocr_par' dir='ltr' id='par_1_52' title="bbox 189 3414 1782 3493">
     <span class='ocr_line' id='line_1_52' title="bbox 189 3414 1782 3493; baseline 0.006 -26"><span class='ocrx_word' id='word_1_384' title='bbox 189 3414 393 3477; x_wconf 73' lang='grc' dir='ltr'><strong>ἔοικεν,</strong></span> <span class='ocrx_word' id='word_1_385' title='bbox 443 3415 629 3485; x_wconf 84' lang='grc' dir='ltr'>εὑρεῖν</span> <span class='ocrx_word' id='word_1_386' title='bbox 678 3416 710 3486; x_wconf 79' lang='grc' dir='ltr'>ἢ</span> <span class='ocrx_word' id='word_1_387' title='bbox 762 3418 976 3486; x_wconf 86' lang='grc' dir='ltr'>μαθεῖν,</span> <span class='ocrx_word' id='word_1_388' title='bbox 1029 3418 1140 3488; x_wconf 84' lang='grc' dir='ltr'><strong>ὅσῳ</strong></span> <span class='ocrx_word' id='word_1_389' title='bbox 1184 3421 1451 3488; x_wconf 76' lang='grc' dir='ltr'><strong>κρείττων</strong></span> <span class='ocrx_word' id='word_1_390' title='bbox 1487 3421 1782 3493; x_wconf 82' lang='grc' dir='ltr'><strong>ἀνθρώπου</strong></span> 
     </span>
    </p>
   </div>
   <div class='ocr_carea' id='block_1_53' title="bbox 187 3508 1783 3584">
    <p class='ocr_par' dir='ltr' id='par_1_53' title="bbox 187 3508 1783 3584">
     <span class='ocr_line' id='line_1_53' title="bbox 187 3508 1783 3584; baseline 0.004 -25"><span class='ocrx_word' id='word_1_391' title='bbox 187 3509 340 3572; x_wconf 82' lang='grc' dir='ltr'><strong>Θεός.</strong></span> <span class='ocrx_word' id='word_1_392' title='bbox 388 3509 452 3562; x_wconf 75' lang='lat' dir='ltr'><strong>Oi</strong></span> <span class='ocrx_word' id='word_1_393' title='bbox 489 3509 588 3579; x_wconf 82' lang='grc' dir='ltr'><strong>μὲν</strong></span> <span class='ocrx_word' id='word_1_394' title='bbox 628 3508 738 3579; x_wconf 79' lang='grc' dir='ltr'><strong>γὰρ</strong></span> <span class='ocrx_word' id='word_1_395' title='bbox 779 3510 1080 3581; x_wconf 84' lang='grc' dir='ltr'><strong>εὑρήκασιν</strong></span> <span class='ocrx_word' id='word_1_396' title='bbox 1119 3512 1236 3579; x_wconf 77' lang='grc' dir='ltr'>ἅμα</span> <span class='ocrx_word' id='word_1_397' title='bbox 1284 3511 1464 3564; x_wconf 88' lang='grc' dir='ltr'><strong>πάντα</strong></span> <span class='ocrx_word' id='word_1_398' title='bbox 1508 3512 1570 3578; x_wconf 84' lang='grc'><strong>¹³,</strong></span> <span class='ocrx_word' id='word_1_399' title='bbox 1623 3515 1783 3584; x_wconf 72' lang='grc' dir='ltr'><strong>ἡμεῖς</strong></span> 
     </span>
    </p>
   </div>
   <div class='ocr_carea' id='block_1_54' title="bbox 185 3599 1780 3675">
    <p class='ocr_par' dir='ltr' id='par_1_54' title="bbox 185 3599 1780 3675">
     <span class='ocr_line' id='line_1_54' title="bbox 185 3599 1780 3675; baseline 0.004 -22"><span class='ocrx_word' id='word_1_400' title='bbox 185 3600 260 3662; x_wconf 81' lang='grc' dir='ltr'><strong>δὲ,</strong></span> <span class='ocrx_word' id='word_1_401' title='bbox 315 3599 497 3671; x_wconf 77' lang='grc' dir='ltr'><strong>οἶμαι,</strong></span> <span class='ocrx_word' id='word_1_402' title='bbox 552 3602 809 3666; x_wconf 77' lang='grc' dir='ltr'><strong>λαϐόντες</strong></span> <span class='ocrx_word' id='word_1_403' title='bbox 849 3603 1132 3675; x_wconf 80' lang='grc' dir='ltr'><strong>χρώμεθα.</strong></span> <span class='ocrx_word' id='word_1_404' title='bbox 1178 3603 1386 3673; x_wconf 86' lang='grc' dir='ltr'><strong>Ὀρθῶς</strong></span> <span class='ocrx_word' id='word_1_405' title='bbox 1429 3605 1538 3674; x_wconf 78' lang='grc' dir='ltr'><strong>ἄρα</strong></span> <span class='ocrx_word' id='word_1_406' title='bbox 1576 3606 1672 3659; x_wconf 77' lang='grc' dir='ltr'><strong>καὶ</strong></span> <span class='ocrx_word' id='word_1_407' title='bbox 1708 3607 1780 3659; x_wconf 87' lang='grc' dir='ltr'><strong>δι-</strong></span> 
     </span>
    </p>
   </div>
   <div class='ocr_carea' id='block_1_55' title="bbox 187 3693 1780 3766">
    <p class='ocr_par' dir='ltr' id='par_1_55' title="bbox 187 3693 1780 3766">
     <span class='ocr_line' id='line_1_55' title="bbox 187 3693 1780 3766; baseline 0.003 -22"><span class='ocrx_word' id='word_1_408' title='bbox 187 3693 357 3756; x_wconf 87' lang='grc' dir='ltr'><strong>καίως</strong></span> <span class='ocrx_word' id='word_1_409' title='bbox 405 3695 431 3745; x_wconf 85' lang='grc' dir='ltr'>ὁ</span> <span class='ocrx_word' id='word_1_410' title='bbox 477 3694 572 3746; x_wconf 82' lang='grc' dir='ltr'><strong>τοῦ</strong></span> <span class='ocrx_word' id='word_1_411' title='bbox 633 3695 924 3757; x_wconf 78' lang='grc' dir='ltr'><strong>Ἑλικῶνος</strong></span> <span class='ocrx_word' id='word_1_412' title='bbox 961 3696 1272 3766; x_wconf 74' lang='grc' dir='ltr'><strong>πρόσοικος,</strong></span> <span class='ocrx_word' id='word_1_413' title='bbox 1317 3696 1408 3748; x_wconf 74' lang='grc' dir='ltr'><strong>καὶ</strong></span> <span class='ocrx_word' id='word_1_414' title='bbox 1440 3695 1516 3759; x_wconf 86' lang='grc' dir='ltr'><strong>ὡς</strong></span> <span class='ocrx_word' id='word_1_415' title='bbox 1554 3697 1596 3728; x_wconf 67' lang='grc'><strong>³⁸</strong></span> <span class='ocrx_word' id='word_1_416' title='bbox 1631 3698 1780 3761; x_wconf 72' lang='grc' dir='ltr'><strong>είκδς</strong></span> 
     </span>
    </p>
   </div>
   <div class='ocr_carea' id='block_1_56' title="bbox 186 3777 1779 3858">
    <p class='ocr_par' dir='ltr' id='par_1_56' title="bbox 186 3777 1779 3858">
     <span class='ocr_line' id='line_1_56' title="bbox 186 3777 1779 3858; baseline 0.004 -22"><span class='ocrx_word' id='word_1_417' title='bbox 186 3777 252 3852; x_wconf 83' lang='grc' dir='ltr'><strong>ἧν</strong></span> <span class='ocrx_word' id='word_1_418' title='bbox 297 3785 396 3838; x_wconf 82' lang='grc' dir='ltr'><strong>τὸν</strong></span> <span class='ocrx_word' id='word_1_419' title='bbox 445 3786 607 3838; x_wconf 78' lang='grc' dir='ltr'><strong>αὑτὸν</strong></span> <span class='ocrx_word' id='word_1_420' title='bbox 655 3788 717 3840; x_wconf 82' lang='grc' dir='ltr'><strong>ὲκ</strong></span> <span class='ocrx_word' id='word_1_421' title='bbox 763 3786 902 3839; x_wconf 88' lang='grc' dir='ltr'><strong>θεῶν</strong></span> <span class='ocrx_word' id='word_1_422' title='bbox 943 3787 1230 3850; x_wconf 80' lang='grc' dir='ltr'><strong>ἐπιπνοίας</strong></span> <span class='ocrx_word' id='word_1_423' title='bbox 1275 3787 1455 3854; x_wconf 84' lang='grc' dir='ltr'><strong>λέγειν</strong></span> <span class='ocrx_word' id='word_1_424' title='bbox 1497 3789 1779 3858; x_wconf 72' lang='grc' dir='ltr'><strong>εἰληφότα,</strong></span> 
     </span>
    </p>
   </div>
   <div class='ocr_carea' id='block_1_57' title="bbox 1895 1970 3476 2046">
    <p class='ocr_par' dir='ltr' id='par_1_57' title="bbox 1895 1970 3476 2046">
     <span class='ocr_line' id='line_1_57' title="bbox 1895 1970 3476 2046; baseline 0.006 -24"><span class='ocrx_word' id='word_1_425' title='bbox 1895 1970 2110 2036; x_wconf 64' lang='lat' dir='ltr'><strong>lani-ear,</strong></span> <span class='ocrx_word' id='word_1_426' title='bbox 2154 1988 2316 2041; x_wconf 87' lang='lat' dir='ltr'><strong>quam</strong></span> <span class='ocrx_word' id='word_1_427' title='bbox 2373 1984 2429 2027; x_wconf 93' lang='lat' dir='ltr'><strong>ut</strong></span> <span class='ocrx_word' id='word_1_428' title='bbox 2470 1985 2778 2044; x_wconf 83' lang='lat' dir='ltr'><strong>acceperat,</strong></span> <span class='ocrx_word' id='word_1_429' title='bbox 2835 1993 2961 2030; x_wconf 82' lang='lat' dir='ltr'><strong>mox</strong></span> <span class='ocrx_word' id='word_1_430' title='bbox 3016 1987 3287 2046; x_wconf 87' lang='lat' dir='ltr'><strong>epastore</strong></span> <span class='ocrx_word' id='word_1_431' title='bbox 3321 1991 3476 2044; x_wconf 84' lang='lat' dir='ltr'><strong>poeta</strong></span> 
     </span>
    </p>
   </div>
   <div class='ocr_carea' id='block_1_58' title="bbox 1892 2059 3473 2136">
    <p class='ocr_par' dir='ltr' id='par_1_58' title="bbox 1892 2059 3473 2136">
     <span class='ocr_line' id='line_1_58' title="bbox 1892 2059 3473 2136; baseline 0.006 -27"><span class='ocrx_word' id='word_1_432' title='bbox 1892 2059 2070 2112; x_wconf 80' lang='lat' dir='ltr'><strong>fuerat</strong></span> <span class='ocrx_word' id='word_1_433' title='bbox 2108 2061 2370 2117; x_wconf 89' lang='lat' dir='ltr'><strong>redditus.</strong></span> <span class='ocrx_word' id='word_1_434' title='bbox 2427 2062 2561 2116; x_wconf 84' lang='lat' dir='ltr'><strong>Nam</strong></span> <span class='ocrx_word' id='word_1_435' title='bbox 2596 2073 2649 2118; x_wconf 91' lang='lat' dir='ltr'><strong>et</strong></span> <span class='ocrx_word' id='word_1_436' title='bbox 2677 2077 2820 2119; x_wconf 85' lang='lat' dir='ltr'><strong>artes</strong></span> <span class='ocrx_word' id='word_1_437' title='bbox 2865 2068 3010 2132; x_wconf 87' lang='lat' dir='ltr'><strong>ipsas</strong></span> <span class='ocrx_word' id='word_1_438' title='bbox 3039 2077 3202 2136; x_wconf 86' lang='lat' dir='ltr'><strong>atque</strong></span> <span class='ocrx_word' id='word_1_439' title='bbox 3229 2067 3473 2136; x_wconf 82' lang='lat' dir='ltr'><strong>opiﬁcia,</strong></span> 
     </span>
    </p>
   </div>
   <div class='ocr_carea' id='block_1_59' title="bbox 1890 2155 3476 2223">
    <p class='ocr_par' dir='ltr' id='par_1_59' title="bbox 1890 2155 3476 2223">
     <span class='ocr_line' id='line_1_59' title="bbox 1890 2155 3476 2223; baseline 0.006 -21"><span class='ocrx_word' id='word_1_440' title='bbox 1890 2157 2088 2203; x_wconf 80' lang='lat' dir='ltr'><strong>natura</strong></span> <span class='ocrx_word' id='word_1_441' title='bbox 2139 2162 2460 2218; x_wconf 66' lang='lat' dir='ltr'><strong>praestantes</strong></span> <span class='ocrx_word' id='word_1_442' title='bbox 2510 2155 2702 2223; x_wconf 83' lang='lat' dir='ltr'><strong>utique</strong></span> <span class='ocrx_word' id='word_1_443' title='bbox 2747 2156 2984 2222; x_wconf 87' lang='lat' dir='ltr'><strong>primum</strong></span> <span class='ocrx_word' id='word_1_444' title='bbox 3027 2156 3351 2211; x_wconf 79' lang='lat' dir='ltr'><strong>invenerunt</strong></span> <span class='ocrx_word' id='word_1_445' title='bbox 3381 2159 3476 2211; x_wconf 82' lang='lat' dir='ltr'><strong>lio-</strong></span> 
     </span>
    </p>
   </div>
   <div class='ocr_carea' id='block_1_60' title="bbox 1888 2241 3479 2311">
    <p class='ocr_par' dir='ltr' id='par_1_60' title="bbox 1888 2241 3479 2311">
     <span class='ocr_line' id='line_1_60' title="bbox 1888 2241 3479 2311; baseline 0.006 -19"><span class='ocrx_word' id='word_1_446' title='bbox 1888 2241 2104 2295; x_wconf 86' lang='lat' dir='ltr'><strong>mines:</strong></span> <span class='ocrx_word' id='word_1_447' title='bbox 2139 2257 2237 2297; x_wconf 89' lang='lat' dir='ltr'><strong>nec</strong></span> <span class='ocrx_word' id='word_1_448' title='bbox 2287 2245 2432 2296; x_wconf 89' lang='lat' dir='ltr'><strong>enim</strong></span> <span class='ocrx_word' id='word_1_449' title='bbox 2482 2259 2630 2298; x_wconf 85' lang='lat' dir='ltr'><strong>artes</strong></span> <span class='ocrx_word' id='word_1_450' title='bbox 2685 2258 2905 2300; x_wconf 88' lang='lat' dir='ltr'><strong>naturas</strong></span> <span class='ocrx_word' id='word_1_451' title='bbox 2949 2249 3329 2311; x_wconf 80' lang='lat' dir='ltr'><strong>condiderunt,</strong></span> <span class='ocrx_word' id='word_1_452' title='bbox 3389 2263 3479 2301; x_wconf 84' lang='lat' dir='ltr'><strong>vc-</strong></span> 
     </span>
    </p>
   </div>
   <div class='ocr_carea' id='block_1_61' title="bbox 1883 2336 3473 2405">
    <p class='ocr_par' dir='ltr' id='par_1_61' title="bbox 1883 2336 3473 2405">
     <span class='ocr_line' id='line_1_61' title="bbox 1883 2336 3473 2405; baseline 0.006 -22"><span class='ocrx_word' id='word_1_453' title='bbox 1883 2347 2004 2385; x_wconf 91' lang='lat' dir='ltr'><strong>rnm</strong></span> <span class='ocrx_word' id='word_1_454' title='bbox 2055 2343 2264 2387; x_wconf 67' lang='lat' dir='ltr'><strong>natura:</strong></span> <span class='ocrx_word' id='word_1_455' title='bbox 2302 2336 2766 2402; x_wconf 64' lang='lat' dir='ltr'><strong>priestantissimm</strong></span> <span class='ocrx_word' id='word_1_456' title='bbox 2810 2340 3128 2392; x_wconf 89' lang='lat' dir='ltr'><strong>invenerunt</strong></span> <span class='ocrx_word' id='word_1_457' title='bbox 3155 2351 3322 2394; x_wconf 78' lang='lat' dir='ltr'><strong>artes.</strong></span> <span class='ocrx_word' id='word_1_458' title='bbox 3355 2338 3473 2405; x_wconf 86' lang='lat' dir='ltr'><strong>Quo</strong></span> 
     </span>
    </p>
   </div>
   <div class='ocr_carea' id='block_1_62' title="bbox 1882 2424 3472 2499">
    <p class='ocr_par' dir='ltr' id='par_1_62' title="bbox 1882 2424 3472 2499">
     <span class='ocr_line' id='line_1_62' title="bbox 1882 2424 3472 2499; baseline 0.004 -24"><span class='ocrx_word' id='word_1_459' title='bbox 1882 2424 1940 2475; x_wconf 89' lang='lat' dir='ltr'><strong>lit</strong></span> <span class='ocrx_word' id='word_1_460' title='bbox 1995 2432 2052 2475; x_wconf 89' lang='lat' dir='ltr'><strong>ut</strong></span> <span class='ocrx_word' id='word_1_461' title='bbox 2086 2433 2138 2476; x_wconf 87' lang='lat' dir='ltr'><strong>et</strong></span> <span class='ocrx_word' id='word_1_462' title='bbox 2186 2425 2396 2478; x_wconf 86' lang='lat' dir='ltr'><strong>ordinis</strong></span> <span class='ocrx_word' id='word_1_463' title='bbox 2426 2436 2478 2479; x_wconf 93' lang='lat' dir='ltr'><strong>et</strong></span> <span class='ocrx_word' id='word_1_464' title='bbox 2518 2426 2793 2483; x_wconf 82' lang='lat' dir='ltr'><strong>faetiltatis</strong></span> <span class='ocrx_word' id='word_1_465' title='bbox 2823 2431 3033 2483; x_wconf 87' lang='lat' dir='ltr'><strong>ratione</strong></span> <span class='ocrx_word' id='word_1_466' title='bbox 3065 2431 3276 2499; x_wconf 91' lang='lat' dir='ltr'><strong>priores</strong></span> <span class='ocrx_word' id='word_1_467' title='bbox 3314 2441 3472 2483; x_wconf 88' lang='lat' dir='ltr'><strong>natu-</strong></span> 
     </span>
    </p>
   </div>
   <div class='ocr_carea' id='block_1_63' title="bbox 1881 2514 3478 2588">
    <p class='ocr_par' dir='ltr' id='par_1_63' title="bbox 1881 2514 3478 2588">
     <span class='ocr_line' id='line_1_63' title="bbox 1881 2514 3478 2588; baseline 0.005 -23"><span class='ocrx_word' id='word_1_468' title='bbox 1881 2528 1955 2566; x_wconf 75' lang='lat' dir='ltr'><strong>rae</strong></span> <span class='ocrx_word' id='word_1_469' title='bbox 1986 2514 2310 2568; x_wconf 83' lang='lat' dir='ltr'><strong>debeantur.</strong></span> <span class='ocrx_word' id='word_1_470' title='bbox 2346 2516 2496 2582; x_wconf 84' lang='lat' dir='ltr'><strong>Quod</strong></span> <span class='ocrx_word' id='word_1_471' title='bbox 2547 2519 2590 2572; x_wconf 88' lang='lat' dir='ltr'><strong>si</strong></span> <span class='ocrx_word' id='word_1_472' title='bbox 2644 2534 2743 2572; x_wconf 87' lang='lat' dir='ltr'><strong>nec</strong></span> <span class='ocrx_word' id='word_1_473' title='bbox 2768 2520 3074 2574; x_wconf 88' lang='lat' dir='ltr'><strong>hominibus</strong></span> <span class='ocrx_word' id='word_1_474' title='bbox 3120 2535 3342 2588; x_wconf 84' lang='lat' dir='ltr'><strong>prorsus</strong></span> <span class='ocrx_word' id='word_1_475' title='bbox 3388 2536 3478 2573; x_wconf 91' lang='lat' dir='ltr'><strong>ar-</strong></span> 
     </span>
    </p>
   </div>
   <div class='ocr_carea' id='block_1_64' title="bbox 1882 2605 3466 2686">
    <p class='ocr_par' dir='ltr' id='par_1_64' title="bbox 1882 2605 3466 2686">
     <span class='ocr_line' id='line_1_64' title="bbox 1882 2605 3466 2686; baseline 0.005 -29"><span class='ocrx_word' id='word_1_476' title='bbox 1882 2605 2016 2686; x_wconf 58' lang='lat' dir='ltr'><strong>tium</strong></span> <span class='ocrx_word' id='word_1_477' title='bbox 2052 2606 2405 2661; x_wconf 83' lang='lat' dir='ltr'><strong>concedimus</strong></span> <span class='ocrx_word' id='word_1_478' title='bbox 2458 2610 2848 2674; x_wconf 82' lang='lat' dir='ltr'><strong>inventionem,</strong></span> <span class='ocrx_word' id='word_1_479' title='bbox 2899 2613 2992 2666; x_wconf 87' lang='lat' dir='ltr'><strong>sed</strong></span> <span class='ocrx_word' id='word_1_480' title='bbox 3050 2612 3134 2666; x_wconf 86' lang='lat' dir='ltr'><strong>his</strong></span> <span class='ocrx_word' id='word_1_481' title='bbox 3183 2613 3314 2665; x_wconf 76' lang='lat' dir='ltr'><strong>deos</strong></span> <span class='ocrx_word' id='word_1_482' title='bbox 3373 2628 3466 2666; x_wconf 78' lang='lat' dir='ltr'><strong>cas</strong></span> 
     </span>
    </p>
   </div>
   <div class='ocr_carea' id='block_1_65' title="bbox 1881 2698 3467 2772">
    <p class='ocr_par' dir='ltr' id='par_1_65' title="bbox 1881 2698 3467 2772">
     <span class='ocr_line' id='line_1_65' title="bbox 1881 2698 3467 2772; baseline 0.004 -23"><span class='ocrx_word' id='word_1_483' title='bbox 1881 2698 2292 2755; x_wconf 70' lang='lat' dir='ltr'><strong>demonsuasse</strong></span> <span class='ocrx_word' id='word_1_484' title='bbox 2356 2701 2606 2767; x_wconf 83' lang='lat' dir='ltr'><strong>dicinms,</strong></span> <span class='ocrx_word' id='word_1_485' title='bbox 2669 2703 2734 2756; x_wconf 89' lang='lat' dir='ltr'><strong>ad</strong></span> <span class='ocrx_word' id='word_1_486' title='bbox 2800 2714 3147 2772; x_wconf 71' lang='lat' dir='ltr'><strong>prmstantem</strong></span> <span class='ocrx_word' id='word_1_487' title='bbox 3211 2705 3467 2758; x_wconf 85' lang='lat' dir='ltr'><strong>nimirum</strong></span> 
     </span>
    </p>
   </div>
   <div class='ocr_carea' id='block_1_66' title="bbox 1881 2787 3472 2867">
    <p class='ocr_par' dir='ltr' id='par_1_66' title="bbox 1881 2787 3472 2867">
     <span class='ocr_line' id='line_1_66' title="bbox 1881 2787 3472 2867; baseline 0.008 -28"><span class='ocrx_word' id='word_1_488' title='bbox 1881 2796 2041 2841; x_wconf 88' lang='lat' dir='ltr'><strong>erant</strong></span> <span class='ocrx_word' id='word_1_489' title='bbox 2069 2787 2304 2857; x_wconf 89' lang='lat' dir='ltr'><strong>aliquem</strong></span> <span class='ocrx_word' id='word_1_490' title='bbox 2357 2793 2678 2847; x_wconf 62' lang='lat' dir='ltr'><strong>referendae.</strong></span> <span class='ocrx_word' id='word_1_491' title='bbox 2723 2791 2842 2848; x_wconf 85' lang='lat' dir='ltr'><strong>Jam</strong></span> <span class='ocrx_word' id='word_1_492' title='bbox 2892 2796 2933 2850; x_wconf 92' lang='lat' dir='ltr'><strong>si</strong></span> <span class='ocrx_word' id='word_1_493' title='bbox 2978 2798 3079 2851; x_wconf 87' lang='lat' dir='ltr'><strong>hoc</strong></span> <span class='ocrx_word' id='word_1_494' title='bbox 3115 2798 3252 2867; x_wconf 92' lang='lat' dir='ltr'><strong>apud</strong></span> <span class='ocrx_word' id='word_1_495' title='bbox 3282 2813 3472 2852; x_wconf 87' lang='lat' dir='ltr'><strong>onmes</strong></span> 
     </span>
    </p>
   </div>
   <div class='ocr_carea' id='block_1_67' title="bbox 1881 2880 3470 2955">
    <p class='ocr_par' dir='ltr' id='par_1_67' title="bbox 1881 2880 3470 2955">
     <span class='ocr_line' id='line_1_67' title="bbox 1881 2880 3470 2955; baseline 0.007 -23"><span class='ocrx_word' id='word_1_496' title='bbox 1881 2880 1989 2933; x_wconf 89' lang='lat' dir='ltr'><strong>erit</strong></span> <span class='ocrx_word' id='word_1_497' title='bbox 2019 2880 2388 2948; x_wconf 81' lang='lat' dir='ltr'><strong>manifestum,</strong></span> <span class='ocrx_word' id='word_1_498' title='bbox 2425 2899 2530 2940; x_wconf 93' lang='lat' dir='ltr'><strong>non</strong></span> <span class='ocrx_word' id='word_1_499' title='bbox 2574 2885 2704 2940; x_wconf 88' lang='lat' dir='ltr'><strong>deos</strong></span> <span class='ocrx_word' id='word_1_500' title='bbox 2739 2887 2807 2940; x_wconf 90' lang='lat' dir='ltr'><strong>ab</strong></span> <span class='ocrx_word' id='word_1_501' title='bbox 2859 2888 3193 2955; x_wconf 84' lang='lat' dir='ltr'><strong>hominibus,</strong></span> <span class='ocrx_word' id='word_1_502' title='bbox 3242 2892 3338 2945; x_wconf 89' lang='lat' dir='ltr'><strong>sed</strong></span> <span class='ocrx_word' id='word_1_503' title='bbox 3371 2891 3470 2943; x_wconf 82' lang='lat' dir='ltr'><strong>lio-</strong></span> 
     </span>
    </p>
   </div>
   <div class='ocr_carea' id='block_1_68' title="bbox 1893 2971 3472 3052">
    <p class='ocr_par' dir='ltr' id='par_1_68' title="bbox 1893 2971 3472 3052">
     <span class='ocr_line' id='line_1_68' title="bbox 1893 2971 3472 3052; baseline 0.008 -29"><span class='ocrx_word' id='word_1_504' title='bbox 1893 2971 2069 3027; x_wconf 89' lang='lat' dir='ltr'><strong>mines</strong></span> <span class='ocrx_word' id='word_1_505' title='bbox 2097 2989 2124 3026; x_wconf 92' lang='lat' dir='ltr'><strong>a</strong></span> <span class='ocrx_word' id='word_1_506' title='bbox 2159 2974 2262 3028; x_wconf 89' lang='lat' dir='ltr'><strong>diis</strong></span> <span class='ocrx_word' id='word_1_507' title='bbox 2308 2986 2454 3030; x_wconf 90' lang='lat' dir='ltr'><strong>artes</strong></span> <span class='ocrx_word' id='word_1_508' title='bbox 2483 2979 2763 3048; x_wconf 88' lang='lat' dir='ltr'><strong>accepisse</strong></span> <span class='ocrx_word' id='word_1_509' title='bbox 2788 2996 2803 3046; x_wconf 85' lang='lat'><strong>;</strong></span> <span class='ocrx_word' id='word_1_510' title='bbox 2835 2990 2998 3050; x_wconf 88' lang='lat' dir='ltr'><strong>atque</strong></span> <span class='ocrx_word' id='word_1_511' title='bbox 3026 2981 3145 3036; x_wconf 86' lang='lat' dir='ltr'><strong>illos</strong></span> <span class='ocrx_word' id='word_1_512' title='bbox 3173 2991 3472 3052; x_wconf 65' lang='lat' dir='ltr'><strong>praecepto-</strong></span> 
     </span>
    </p>
   </div>
   <div class='ocr_carea' id='block_1_69' title="bbox 1887 3068 3473 3142">
    <p class='ocr_par' dir='ltr' id='par_1_69' title="bbox 1887 3068 3473 3142">
     <span class='ocr_line' id='line_1_69' title="bbox 1887 3068 3473 3142; baseline 0.009 -26"><span class='ocrx_word' id='word_1_513' title='bbox 1887 3077 2002 3128; x_wconf 85' lang='lat' dir='ltr'><strong>res,</strong></span> <span class='ocrx_word' id='word_1_514' title='bbox 2041 3080 2140 3120; x_wconf 91' lang='lat' dir='ltr'><strong>nos</strong></span> <span class='ocrx_word' id='word_1_515' title='bbox 2186 3082 2310 3122; x_wconf 91' lang='lat' dir='ltr'><strong>esse</strong></span> <span class='ocrx_word' id='word_1_516' title='bbox 2341 3068 2659 3139; x_wconf 91' lang='lat' dir='ltr'><strong>discipulos,</strong></span> <span class='ocrx_word' id='word_1_517' title='bbox 2695 3079 2843 3126; x_wconf 82' lang='lat' dir='ltr'><strong>tanto</strong></span> <span class='ocrx_word' id='word_1_518' title='bbox 2868 3073 3144 3128; x_wconf 78' lang='lat' dir='ltr'><strong>videbitur</strong></span> <span class='ocrx_word' id='word_1_519' title='bbox 3169 3075 3473 3142; x_wconf 65' lang='lat' dir='ltr'><strong>disciplina:</strong></span> 
     </span>
    </p>
   </div>
   <div class='ocr_carea' id='block_1_70' title="bbox 1804 3158 3469 3242">
    <p class='ocr_par' dir='ltr' id='par_1_70' title="bbox 1804 3158 3469 3242">
     <span class='ocr_line' id='line_1_70' title="bbox 1804 3158 3469 3242; baseline 0.008 -35"><span class='ocrx_word' id='word_1_520' title='bbox 1804 3180 1849 3242; x_wconf 65' lang='grc' dir='ltr'><strong>Ο</strong></span> <span class='ocrx_word' id='word_1_521' title='bbox 1883 3167 2140 3222; x_wconf 83' lang='lat' dir='ltr'><strong>praestare</strong></span> <span class='ocrx_word' id='word_1_522' title='bbox 2173 3158 2436 3232; x_wconf 86' lang='lat' dir='ltr'><strong>inventio,</strong></span> <span class='ocrx_word' id='word_1_523' title='bbox 2475 3170 2679 3230; x_wconf 90' lang='lat' dir='ltr'><strong>quanto</strong></span> <span class='ocrx_word' id='word_1_524' title='bbox 2715 3163 2912 3218; x_wconf 88' lang='lat' dir='ltr'><strong>melior</strong></span> <span class='ocrx_word' id='word_1_525' title='bbox 2943 3174 3028 3240; x_wconf 86' lang='lat' dir='ltr'><strong>est</strong></span> <span class='ocrx_word' id='word_1_526' title='bbox 3059 3165 3277 3219; x_wconf 84' lang='lat' dir='ltr'><strong>homine</strong></span> <span class='ocrx_word' id='word_1_527' title='bbox 3310 3166 3469 3221; x_wconf 89' lang='lat' dir='ltr'><strong>Deus.</strong></span> 
     </span>
    </p>
   </div>
   <div class='ocr_carea' id='block_1_71' title="bbox 1884 3245 3470 3321">
    <p class='ocr_par' dir='ltr' id='par_1_71' title="bbox 1884 3245 3470 3321">
     <span class='ocr_line' id='line_1_71' title="bbox 1884 3245 3470 3321; baseline 0.007 -21"><span class='ocrx_word' id='word_1_528' title='bbox 1884 3245 1957 3301; x_wconf 86' lang='lat' dir='ltr'><strong>Ut</strong></span> <span class='ocrx_word' id='word_1_529' title='bbox 2008 3248 2153 3302; x_wconf 90' lang='lat' dir='ltr'><strong>enim</strong></span> <span class='ocrx_word' id='word_1_530' title='bbox 2212 3249 2285 3303; x_wconf 93' lang='lat' dir='ltr'><strong>illi</strong></span> <span class='ocrx_word' id='word_1_531' title='bbox 2339 3252 2662 3306; x_wconf 88' lang='lat' dir='ltr'><strong>invenerunt</strong></span> <span class='ocrx_word' id='word_1_532' title='bbox 2709 3255 2918 3320; x_wconf 90' lang='lat' dir='ltr'><strong>omnia,</strong></span> <span class='ocrx_word' id='word_1_533' title='bbox 2963 3255 3036 3309; x_wconf 88' lang='lat' dir='ltr'><strong>ita</strong></span> <span class='ocrx_word' id='word_1_534' title='bbox 3087 3271 3185 3321; x_wconf 79' lang='lat' dir='ltr'><strong>nos</strong></span> <span class='ocrx_word' id='word_1_535' title='bbox 3235 3257 3470 3311; x_wconf 88' lang='lat' dir='ltr'><strong>inventis</strong></span> 
     </span>
    </p>
   </div>
   <div class='ocr_carea' id='block_1_72' title="bbox 1883 3338 3469 3416">
    <p class='ocr_par' dir='ltr' id='par_1_72' title="bbox 1883 3338 3469 3416">
     <span class='ocr_line' id='line_1_72' title="bbox 1883 3338 3469 3416; baseline 0.009 -25"><span class='ocrx_word' id='word_1_536' title='bbox 1883 3339 2111 3394; x_wconf 88' lang='lat' dir='ltr'><strong>utimur.</strong></span> <span class='ocrx_word' id='word_1_537' title='bbox 2143 3338 2310 3396; x_wconf 80' lang='lat' dir='ltr'><strong>Recte</strong></span> <span class='ocrx_word' id='word_1_538' title='bbox 2354 3343 2518 3414; x_wconf 74' lang='lat' dir='ltr'><strong>igitur</strong></span> <span class='ocrx_word' id='word_1_539' title='bbox 2545 3359 2608 3398; x_wconf 91' lang='lat' dir='ltr'><strong>ac</strong></span> <span class='ocrx_word' id='word_1_540' title='bbox 2645 3347 2863 3409; x_wconf 89' lang='lat' dir='ltr'><strong>merito,</strong></span> <span class='ocrx_word' id='word_1_541' title='bbox 2892 3356 2948 3400; x_wconf 92' lang='lat' dir='ltr'><strong>et</strong></span> <span class='ocrx_word' id='word_1_542' title='bbox 2974 3357 3030 3398; x_wconf 92' lang='lat' dir='ltr'><strong>ut</strong></span> <span class='ocrx_word' id='word_1_543' title='bbox 3062 3361 3184 3400; x_wconf 88' lang='lat' dir='ltr'><strong>eum</strong></span> <span class='ocrx_word' id='word_1_544' title='bbox 3217 3349 3304 3416; x_wconf 88' lang='lat' dir='ltr'><strong>qui</strong></span> <span class='ocrx_word' id='word_1_545' title='bbox 3339 3349 3469 3404; x_wconf 82' lang='lat' dir='ltr'><strong>deo-</strong></span> 
     </span>
    </p>
   </div>
   <div class='ocr_carea' id='block_1_73' title="bbox 1882 3431 3445 3506">
    <p class='ocr_par' dir='ltr' id='par_1_73' title="bbox 1882 3431 3445 3506">
     <span class='ocr_line' id='line_1_73' title="bbox 1882 3431 3445 3506; baseline 0.006 -21"><span class='ocrx_word' id='word_1_546' title='bbox 1882 3446 2002 3485; x_wconf 89' lang='lat' dir='ltr'><strong>rum</strong></span> <span class='ocrx_word' id='word_1_547' title='bbox 2034 3431 2216 3487; x_wconf 82' lang='lat' dir='ltr'><strong>aﬂiatn</strong></span> <span class='ocrx_word' id='word_1_548' title='bbox 2265 3435 2379 3489; x_wconf 60' lang='lat' dir='ltr'><strong>hinc</strong></span> <span class='ocrx_word' id='word_1_549' title='bbox 2414 3435 2529 3502; x_wconf 83' lang='lat' dir='ltr'><strong>ipse</strong></span> <span class='ocrx_word' id='word_1_550' title='bbox 2570 3437 2914 3506; x_wconf 81' lang='lat' dir='ltr'><strong>loquebatur,</strong></span> <span class='ocrx_word' id='word_1_551' title='bbox 2961 3438 3217 3505; x_wconf 89' lang='lat' dir='ltr'><strong>decebat,</strong></span> <span class='ocrx_word' id='word_1_552' title='bbox 3260 3439 3445 3494; x_wconf 82' lang='lat' dir='ltr'><strong>llelico</strong></span> 
     </span>
    </p>
   </div>
   <div class='ocr_carea' id='block_1_74' title="bbox 1881 3519 3468 3596">
    <p class='ocr_par' dir='ltr' id='par_1_74' title="bbox 1881 3519 3468 3596">
     <span class='ocr_line' id='line_1_74' title="bbox 1881 3519 3468 3596; baseline 0.005 -24"><span class='ocrx_word' id='word_1_553' title='bbox 1881 3519 1967 3573; x_wconf 91' lang='lat' dir='ltr'><strong>nis</strong></span> <span class='ocrx_word' id='word_1_554' title='bbox 1995 3519 2200 3583; x_wconf 88' lang='lat' dir='ltr'><strong>accola,</strong></span> <span class='ocrx_word' id='word_1_555' title='bbox 2241 3536 2362 3574; x_wconf 90' lang='lat' dir='ltr'><strong>eum</strong></span> <span class='ocrx_word' id='word_1_556' title='bbox 2393 3523 2611 3592; x_wconf 84' lang='lat' dir='ltr'><strong>quidem</strong></span> <span class='ocrx_word' id='word_1_557' title='bbox 2657 3524 2759 3577; x_wconf 76' lang='lat' dir='ltr'><strong>sibi</strong></span> <span class='ocrx_word' id='word_1_558' title='bbox 2787 3526 2876 3595; x_wconf 84' lang='lat' dir='ltr'><strong>qui</strong></span> <span class='ocrx_word' id='word_1_559' title='bbox 2904 3536 3090 3578; x_wconf 84' lang='lat' dir='ltr'><strong>cuncta</strong></span> <span class='ocrx_word' id='word_1_560' title='bbox 3120 3529 3312 3580; x_wconf 78' lang='lat' dir='ltr'><strong>invenit</strong></span> <span class='ocrx_word' id='word_1_561' title='bbox 3340 3531 3468 3596; x_wconf 77' lang='lat' dir='ltr'><strong>ipse,</strong></span> 
     </span>
    </p>
   </div>
   <div class='ocr_carea' id='block_1_75' title="bbox 1885 3610 3472 3686">
    <p class='ocr_par' dir='ltr' id='par_1_75' title="bbox 1885 3610 3472 3686">
     <span class='ocr_line' id='line_1_75' title="bbox 1885 3610 3472 3686; baseline 0.008 -27"><span class='ocrx_word' id='word_1_562' title='bbox 1885 3610 2115 3678; x_wconf 90' lang='lat' dir='ltr'><strong>primum</strong></span> <span class='ocrx_word' id='word_1_563' title='bbox 2142 3625 2204 3663; x_wconf 85' lang='lat' dir='ltr'><strong>ac</strong></span> <span class='ocrx_word' id='word_1_564' title='bbox 2237 3613 2768 3680; x_wconf 67' lang='lat' dir='ltr'><strong>prmstantissimum,</strong></span> <span class='ocrx_word' id='word_1_565' title='bbox 2801 3630 2898 3669; x_wconf 91' lang='lat' dir='ltr'><strong>ceu</strong></span> <span class='ocrx_word' id='word_1_566' title='bbox 2931 3616 3092 3670; x_wconf 88' lang='lat' dir='ltr'><strong>deum</strong></span> <span class='ocrx_word' id='word_1_567' title='bbox 3121 3631 3184 3671; x_wconf 89' lang='lat' dir='ltr'><strong>ac</strong></span> <span class='ocrx_word' id='word_1_568' title='bbox 3215 3617 3314 3672; x_wconf 92' lang='lat' dir='ltr'><strong>diis</strong></span> <span class='ocrx_word' id='word_1_569' title='bbox 3346 3633 3472 3686; x_wconf 87' lang='lat' dir='ltr'><strong>pro-</strong></span> 
     </span>
    </p>
   </div>
   <div class='ocr_carea' id='block_1_76' title="bbox 1887 3700 3468 3771">
    <p class='ocr_par' dir='ltr' id='par_1_76' title="bbox 1887 3700 3468 3771">
     <span class='ocr_line' id='line_1_76' title="bbox 1887 3700 3468 3771; baseline 0.005 -19"><span class='ocrx_word' id='word_1_570' title='bbox 1887 3700 2151 3768; x_wconf 84' lang='lat' dir='ltr'><strong>pinquum</strong></span> <span class='ocrx_word' id='word_1_571' title='bbox 2225 3703 2425 3771; x_wconf 89' lang='lat' dir='ltr'><strong>posuit,</strong></span> <span class='ocrx_word' id='word_1_572' title='bbox 2493 3704 2795 3760; x_wconf 86' lang='lat' dir='ltr'><strong>auditorem</strong></span> <span class='ocrx_word' id='word_1_573' title='bbox 2853 3721 2984 3762; x_wconf 87' lang='lat' dir='ltr'><strong>vero</strong></span> <span class='ocrx_word' id='word_1_574' title='bbox 3051 3722 3115 3762; x_wconf 85' lang='lat' dir='ltr'><strong>ac</strong></span> <span class='ocrx_word' id='word_1_575' title='bbox 3171 3706 3468 3762; x_wconf 78' lang='lat' dir='ltr'><strong>discentem</strong></span> 
     </span>
    </p>
   </div>
   <div class='ocr_carea' id='block_1_77' title="bbox 1889 3791 2190 3844">
    <p class='ocr_par' dir='ltr' id='par_1_77' title="bbox 1889 3791 2190 3844">
     <span class='ocr_line' id='line_1_77' title="bbox 1889 3791 2190 3844; baseline 0 0"><span class='ocrx_word' id='word_1_576' title='bbox 1889 3791 2190 3844; x_wconf 84' lang='lat' dir='ltr'><strong>secundum</strong></span> 
     </span>
    </p>
   </div>
   <div class='ocr_carea' id='block_1_78' title="bbox 180 3879 3468 3956">
    <p class='ocr_par' dir='ltr' id='par_1_78' title="bbox 180 3879 3468 3956">
     <span class='ocr_line' id='line_1_78' title="bbox 180 3879 3468 3956; baseline 0.003 -25"><span class='ocrx_word' id='word_1_577' title='bbox 180 3879 272 3932; x_wconf 72' lang='grc' dir='ltr'><strong>τὸν</strong></span> <span class='ocrx_word' id='word_1_578' title='bbox 328 3880 432 3948; x_wconf 80' lang='grc' dir='ltr'><strong>μὲν</strong></span> <span class='ocrx_word' id='word_1_579' title='bbox 478 3879 716 3932; x_wconf 80' lang='grc' dir='ltr'><strong>τοιοῦτον</strong></span> <span class='ocrx_word' id='word_1_580' title='bbox 761 3881 929 3949; x_wconf 81' lang='grc' dir='ltr'><strong>ἄνδρα</strong></span> <span class='ocrx_word' id='word_1_581' title='bbox 973 3879 1048 3942; x_wconf 84' lang='grc' dir='ltr'><strong>ὠς</strong></span> <span class='ocrx_word' id='word_1_582' title='bbox 1103 3879 1222 3933; x_wconf 77' lang='grc' dir='ltr'><strong>θεὸν</strong></span> <span class='ocrx_word' id='word_1_583' title='bbox 1267 3881 1362 3934; x_wconf 79' lang='grc' dir='ltr'><strong>καὶ</strong></span> <span class='ocrx_word' id='word_1_584' title='bbox 1413 3879 1520 3950; x_wconf 83' lang='grc' dir='ltr'><strong>θεῷ</strong></span> <span class='ocrx_word' id='word_1_585' title='bbox 1559 3883 1728 3951; x_wconf 75' lang='grc' dir='ltr'><strong>ἐγγὺς</strong></span> <span class='ocrx_word' id='word_1_586' title='bbox 1793 3883 2012 3954; x_wconf 89' lang='grc' dir='ltr'><strong>πρῶτον</strong></span> <span class='ocrx_word' id='word_1_587' title='bbox 2081 3885 2174 3938; x_wconf 78' lang='grc' dir='ltr'><strong>καὶ</strong></span> <span class='ocrx_word' id='word_1_588' title='bbox 2202 3887 2244 3918; x_wconf 74' lang='grc'><strong>’⁵</strong></span> <span class='ocrx_word' id='word_1_589' title='bbox 2315 3885 2601 3956; x_wconf 87' lang='grc' dir='ltr'><strong>κράτιστον</strong></span> <span class='ocrx_word' id='word_1_590' title='bbox 2647 3887 2746 3956; x_wconf 80' lang='grc' dir='ltr'><strong>μὲν</strong></span> <span class='ocrx_word' id='word_1_591' title='bbox 2789 3887 2940 3942; x_wconf 75' lang='grc' dir='ltr'><strong>ἔθετο</strong></span> <span class='ocrx_word' id='word_1_592' title='bbox 2979 3889 3046 3954; x_wconf 82' lang='grc'><strong>¹⁸,</strong></span> <span class='ocrx_word' id='word_1_593' title='bbox 3095 3888 3164 3956; x_wconf 81' lang='grc' dir='ltr'><strong>ὃς</strong></span> <span class='ocrx_word' id='word_1_594' title='bbox 3222 3889 3468 3956; x_wconf 69' lang='grc' dir='ltr'><strong>ιιὺτὸς¹⁷</strong></span> 
     </span>
    </p>
   </div>
   <div class='ocr_carea' id='block_1_79' title="bbox 180 3970 1920 4044">
    <p class='ocr_par' dir='ltr' id='par_1_79' title="bbox 180 3970 1920 4044">
     <span class='ocr_line' id='line_1_79' title="bbox 180 3970 1920 4044; baseline 0.005 -23"><span class='ocrx_word' id='word_1_595' title='bbox 180 3970 385 4023; x_wconf 62' lang='grc' dir='ltr'><strong>πάντα</strong></span> <span class='ocrx_word' id='word_1_596' title='bbox 416 3971 647 4036; x_wconf 75' lang='grc' dir='ltr'><strong>νοήσει,</strong></span> <span class='ocrx_word' id='word_1_597' title='bbox 689 3972 778 4026; x_wconf 75' lang='grc' dir='ltr'><strong>τὸν</strong></span> <span class='ocrx_word' id='word_1_598' title='bbox 819 3972 862 4024; x_wconf 89' lang='grc' dir='ltr'><strong>δ’</strong></span> <span class='ocrx_word' id='word_1_599' title='bbox 895 3971 1208 4025; x_wconf 82' lang='grc' dir='ltr'><strong>ἀκούσαντα</strong></span> <span class='ocrx_word' id='word_1_600' title='bbox 1240 3973 1334 4025; x_wconf 74' lang='grc' dir='ltr'><strong>καὶ</strong></span> <span class='ocrx_word' id='word_1_601' title='bbox 1379 3972 1619 4043; x_wconf 85' lang='grc' dir='ltr'><strong>μαθόντα</strong></span> <span class='ocrx_word' id='word_1_602' title='bbox 1647 3974 1920 4044; x_wconf 84' lang='grc' dir='ltr'><strong>δεύτερον.</strong></span> 
     </span>
    </p>
   </div>
   <div class='ocr_carea' id='block_1_80' title="bbox 250 4057 1772 4133">
    <p class='ocr_par' dir='ltr' id='par_1_80' title="bbox 250 4057 1772 4133">
     <span class='ocr_line' id='line_1_80' title="bbox 250 4057 1772 4133; baseline 0.001 -18"><span class='ocrx_word' id='word_1_603' title='bbox 250 4065 314 4116; x_wconf 73' lang='lat' dir='ltr'><strong>Ei</strong></span> <span class='ocrx_word' id='word_1_604' title='bbox 355 4065 461 4131; x_wconf 79' lang='grc' dir='ltr'><strong>γάρ</strong></span> <span class='ocrx_word' id='word_1_605' title='bbox 506 4063 547 4094; x_wconf 81' lang='grc'><strong>¹⁸</strong></span> <span class='ocrx_word' id='word_1_606' title='bbox 588 4057 652 4132; x_wconf 83' lang='grc' dir='ltr'><strong>ἦν</strong></span> <span class='ocrx_word' id='word_1_607' title='bbox 679 4063 739 4114; x_wconf 79' lang='grc' dir='ltr'><strong>τὸ</strong></span> <span class='ocrx_word' id='word_1_608' title='bbox 778 4062 970 4130; x_wconf 88' lang='grc' dir='ltr'>μαθεῖν</span> <span class='ocrx_word' id='word_1_609' title='bbox 1015 4062 1238 4133; x_wconf 80' lang='grc' dir='ltr'><strong>ἄριστον</strong></span> <span class='ocrx_word' id='word_1_610' title='bbox 1272 4065 1364 4116; x_wconf 71' lang='grc' dir='ltr'><strong>καὶ</strong></span> <span class='ocrx_word' id='word_1_611' title='bbox 1394 4064 1630 4133; x_wconf 83' lang='grc' dir='ltr'><strong>πρῶτον,</strong></span> <span class='ocrx_word' id='word_1_612' title='bbox 1665 4065 1772 4118; x_wconf 76' lang='grc' dir='ltr'><strong>οὐδ’</strong></span> 
     </span>
    </p>
   </div>
   <div class='ocr_carea' id='block_1_81' title="bbox 180 4148 1771 4226">
    <p class='ocr_par' dir='ltr' id='par_1_81' title="bbox 180 4148 1771 4226">
     <span class='ocr_line' id='line_1_81' title="bbox 180 4148 1771 4226; baseline 0 -20"><span class='ocrx_word' id='word_1_613' title='bbox 180 4153 246 4206; x_wconf 88' lang='grc' dir='ltr'><strong>ἂν</strong></span> <span class='ocrx_word' id='word_1_614' title='bbox 285 4155 327 4186; x_wconf 80' lang='grc'>¹⁹</span> <span class='ocrx_word' id='word_1_615' title='bbox 368 4154 503 4205; x_wconf 71' lang='grc' dir='ltr'><strong>αὐτὸ</strong></span> <span class='ocrx_word' id='word_1_616' title='bbox 533 4154 746 4220; x_wconf 80' lang='grc' dir='ltr'><strong>πρῶτον</strong></span> <span class='ocrx_word' id='word_1_617' title='bbox 788 4153 833 4183; x_wconf 81' lang='grc'><strong>²⁰</strong></span> <span class='ocrx_word' id='word_1_618' title='bbox 890 4154 951 4204; x_wconf 75' lang='grc' dir='ltr'><strong>τὺ</strong></span> <span class='ocrx_word' id='word_1_619' title='bbox 1007 4153 1198 4222; x_wconf 81' lang='grc' dir='ltr'><strong>μαθεῖν</strong></span> <span class='ocrx_word' id='word_1_620' title='bbox 1242 4148 1329 4223; x_wconf 84' lang='grc' dir='ltr'><strong>ἦν.</strong></span> <span class='ocrx_word' id='word_1_621' title='bbox 1406 4153 1605 4226; x_wconf 77' lang='grc' dir='ltr'><strong>Ἐχρῆν</strong></span> <span class='ocrx_word' id='word_1_622' title='bbox 1663 4155 1771 4223; x_wconf 79' lang='grc' dir='ltr'><strong>γὰρ</strong></span> 
     </span>
    </p>
   </div>
   <div class='ocr_carea' id='block_1_82' title="bbox 177 4241 1772 4316">
    <p class='ocr_par' dir='ltr' id='par_1_82' title="bbox 177 4241 1772 4316">
     <span class='ocr_line' id='line_1_82' title="bbox 177 4241 1772 4316; baseline 0 -19"><span class='ocrx_word' id='word_1_623' title='bbox 177 4246 352 4314; x_wconf 81' lang='grc' dir='ltr'><strong>δήπου</strong></span> <span class='ocrx_word' id='word_1_624' title='bbox 397 4247 440 4276; x_wconf 81' lang='grc'><strong>’¹</strong></span> <span class='ocrx_word' id='word_1_625' title='bbox 495 4245 684 4315; x_wconf 83' lang='grc' dir='ltr'><strong>μαθεῖν</strong></span> <span class='ocrx_word' id='word_1_626' title='bbox 739 4245 870 4316; x_wconf 88' lang='grc' dir='ltr'><strong>παρ’</strong></span> <span class='ocrx_word' id='word_1_627' title='bbox 907 4245 1117 4313; x_wconf 83' lang='grc' dir='ltr'><strong>ἐτέρου,</strong></span> <span class='ocrx_word' id='word_1_628' title='bbox 1171 4245 1313 4298; x_wconf 81' lang='grc' dir='ltr'><strong>ὥστε</strong></span> <span class='ocrx_word' id='word_1_629' title='bbox 1366 4245 1467 4298; x_wconf 76' lang='grc' dir='ltr'><strong>οὐκ</strong></span> <span class='ocrx_word' id='word_1_630' title='bbox 1517 4246 1584 4298; x_wconf 83' lang='grc' dir='ltr'><strong>ἂν</strong></span> <span class='ocrx_word' id='word_1_631' title='bbox 1625 4241 1692 4315; x_wconf 78' lang='grc' dir='ltr'><strong>ἦν</strong></span> <span class='ocrx_word' id='word_1_632' title='bbox 1743 4247 1772 4297; x_wconf 85' lang='grc' dir='ltr'><strong>ό</strong></span> 
     </span>
    </p>
   </div>
   <div class='ocr_carea' id='block_1_83' title="bbox 176 4337 1771 4406">
    <p class='ocr_par' dir='ltr' id='par_1_83' title="bbox 176 4337 1771 4406">
     <span class='ocr_line' id='line_1_83' title="bbox 176 4337 1771 4406; baseline 0 -18"><span class='ocrx_word' id='word_1_633' title='bbox 176 4337 447 4390; x_wconf 80' lang='grc' dir='ltr'><strong>διδάσκων</strong></span> <span class='ocrx_word' id='word_1_634' title='bbox 482 4337 724 4404; x_wconf 80' lang='grc' dir='ltr'><strong>πρῶτος,</strong></span> <span class='ocrx_word' id='word_1_635' title='bbox 749 4338 797 4389; x_wconf 81' lang='grc' dir='ltr'>εἰ</span> <span class='ocrx_word' id='word_1_636' title='bbox 830 4337 890 4389; x_wconf 84' lang='grc' dir='ltr'><strong>τὸ</strong></span> <span class='ocrx_word' id='word_1_637' title='bbox 929 4339 1120 4406; x_wconf 87' lang='grc' dir='ltr'>μαθεῖν</span> <span class='ocrx_word' id='word_1_638' title='bbox 1147 4339 1394 4406; x_wconf 89' lang='grc' dir='ltr'><strong>κρεῖττον</strong></span> <span class='ocrx_word' id='word_1_639' title='bbox 1428 4338 1522 4390; x_wconf 71' lang='grc' dir='ltr'><strong>καὶ</strong></span> <span class='ocrx_word' id='word_1_640' title='bbox 1554 4337 1771 4406; x_wconf 87' lang='grc' dir='ltr'><strong>πρῶτον</strong></span> 
     </span>
    </p>
   </div>
   <div class='ocr_carea' id='block_1_84' title="bbox 172 4421 1772 4499">
    <p class='ocr_par' dir='ltr' id='par_1_84' title="bbox 172 4421 1772 4499">
     <span class='ocr_line' id='line_1_84' title="bbox 172 4421 1772 4499; baseline 0.001 -21"><span class='ocrx_word' id='word_1_641' title='bbox 172 4423 261 4496; x_wconf 81' lang='grc' dir='ltr'><strong>ἦν.</strong></span> <span class='ocrx_word' id='word_1_642' title='bbox 315 4427 478 4498; x_wconf 68' lang='grc' dir='ltr'><strong>Παρὰ</strong></span> <span class='ocrx_word' id='word_1_643' title='bbox 521 4427 615 4480; x_wconf 78' lang='grc' dir='ltr'><strong>τοῦ</strong></span> <span class='ocrx_word' id='word_1_644' title='bbox 657 4427 786 4499; x_wconf 82' lang='grc' dir='ltr'><strong>γὰρ,</strong></span> <span class='ocrx_word' id='word_1_645' title='bbox 829 4421 873 4480; x_wconf 85' lang='grc' dir='ltr'><strong>ῶ</strong></span> <span class='ocrx_word' id='word_1_646' title='bbox 916 4428 1009 4481; x_wconf 73' lang='grc' dir='ltr'>καὶ</span> <span class='ocrx_word' id='word_1_647' title='bbox 1055 4427 1118 4480; x_wconf 81' lang='grc' dir='ltr'>σὺ</span> <span class='ocrx_word' id='word_1_648' title='bbox 1155 4427 1253 4497; x_wconf 81' lang='grc' dir='ltr'><strong>τὴν</strong></span> <span class='ocrx_word' id='word_1_649' title='bbox 1303 4427 1560 4494; x_wconf 84' lang='grc' dir='ltr'><strong>Ποικίλην</strong></span> <span class='ocrx_word' id='word_1_650' title='bbox 1611 4428 1772 4480; x_wconf 77' lang='grc' dir='ltr'><strong>στοὰν</strong></span> 
     </span>
    </p>
   </div>
   <div class='ocr_carea' id='block_1_85' title="bbox 173 4519 1768 4591">
    <p class='ocr_par' dir='ltr' id='par_1_85' title="bbox 173 4519 1768 4591">
     <span class='ocr_line' id='line_1_85' title="bbox 173 4519 1768 4591; baseline 0.001 -20"><span class='ocrx_word' id='word_1_651' title='bbox 173 4522 482 4590; x_wconf 75' lang='grc' dir='ltr'><strong>κοσμήσας,</strong></span> <span class='ocrx_word' id='word_1_652' title='bbox 521 4519 729 4591; x_wconf 81' lang='grc' dir='ltr'><strong>ἀκούσῃ</strong></span> <span class='ocrx_word' id='word_1_653' title='bbox 780 4521 844 4585; x_wconf 82' lang='grc'><strong>²²,</strong></span> <span class='ocrx_word' id='word_1_654' title='bbox 888 4520 1000 4572; x_wconf 88' lang='grc' dir='ltr'><strong>τίσι</strong></span> <span class='ocrx_word' id='word_1_655' title='bbox 1051 4519 1244 4590; x_wconf 86' lang='grc' dir='ltr'><strong>πεισθῇ</strong></span> <span class='ocrx_word' id='word_1_656' title='bbox 1289 4519 1356 4585; x_wconf 80' lang='grc'><strong>⁸³,</strong></span> <span class='ocrx_word' id='word_1_657' title='bbox 1401 4521 1450 4572; x_wconf 82' lang='grc' dir='ltr'><strong>εἰ</strong></span> <span class='ocrx_word' id='word_1_658' title='bbox 1502 4520 1768 4591; x_wconf 82' lang='grc' dir='ltr'><strong>κρείττων</strong></span> 
     </span>
    </p>
   </div>
   <div class='ocr_carea' id='block_1_86' title="bbox 169 4608 1759 4681">
    <p class='ocr_par' dir='ltr' id='par_1_86' title="bbox 169 4608 1759 4681">
     <span class='ocr_line' id='line_1_86' title="bbox 169 4608 1759 4681; baseline 0.001 -19"><span class='ocrx_word' id='word_1_659' title='bbox 169 4614 197 4662; x_wconf 86' lang='grc' dir='ltr'><strong>ό</strong></span> <span class='ocrx_word' id='word_1_660' title='bbox 236 4608 433 4677; x_wconf 85' lang='grc' dir='ltr'><strong>μαθών</strong></span> <span class='ocrx_word' id='word_1_661' title='bbox 466 4612 584 4662; x_wconf 79' lang='grc' dir='ltr'><strong>ἐστι</strong></span> <span class='ocrx_word' id='word_1_662' title='bbox 627 4614 719 4663; x_wconf 80' lang='grc' dir='ltr'><strong>τοῦ</strong></span> <span class='ocrx_word' id='word_1_663' title='bbox 760 4611 820 4663; x_wconf 74' lang='grc' dir='ltr'><strong>τὸ</strong></span> <span class='ocrx_word' id='word_1_664' title='bbox 861 4611 907 4642; x_wconf 64' lang='grc'><strong>’⁵</strong></span> <span class='ocrx_word' id='word_1_665' title='bbox 950 4611 1167 4679; x_wconf 89' lang='grc' dir='ltr'><strong>πρῶτον</strong></span> <span class='ocrx_word' id='word_1_666' title='bbox 1210 4611 1496 4681; x_wconf 84' lang='grc' dir='ltr'><strong>εὑρόντος,</strong></span> <span class='ocrx_word' id='word_1_667' title='bbox 1538 4611 1631 4663; x_wconf 81' lang='grc' dir='ltr'><strong>καὶ</strong></span> <span class='ocrx_word' id='word_1_668' title='bbox 1687 4612 1759 4681; x_wconf 84' lang='grc' dir='ltr'><strong>μὴ</strong></span> 
     </span>
    </p>
   </div>
   <div class='ocr_carea' id='block_1_87' title="bbox 167 4703 1761 4776">
    <p class='ocr_par' dir='ltr' id='par_1_87' title="bbox 167 4703 1761 4776">
     <span class='ocr_line' id='line_1_87' title="bbox 167 4703 1761 4776; baseline 0.002 -22"><span class='ocrx_word' id='word_1_669' title='bbox 167 4704 387 4775; x_wconf 74' lang='grc' dir='ltr'><strong>ἀνάγκη</strong></span> <span class='ocrx_word' id='word_1_670' title='bbox 419 4705 690 4776; x_wconf 85' lang='grc' dir='ltr'><strong>δεύτερος,</strong></span> <span class='ocrx_word' id='word_1_671' title='bbox 724 4704 883 4774; x_wconf 77' lang='grc' dir='ltr'><strong>εἴπερ</strong></span> <span class='ocrx_word' id='word_1_672' title='bbox 915 4721 969 4756; x_wconf 85' lang='grc' dir='ltr'><strong>τι</strong></span> <span class='ocrx_word' id='word_1_673' title='bbox 1006 4704 1187 4773; x_wconf 88' lang='grc' dir='ltr'><strong>μέλλοι</strong></span> <span class='ocrx_word' id='word_1_674' title='bbox 1241 4703 1615 4772; x_wconf 88' lang='grc' dir='ltr'><strong>μαθήσεσθαι;</strong></span> <span class='ocrx_word' id='word_1_675' title='bbox 1645 4705 1761 4767; x_wconf 87' lang='grc' dir='ltr'><strong>Πᾶς</strong></span> 
     </span>
    </p>
   </div>
   <div class='ocr_carea' id='block_1_88' title="bbox 164 4783 1762 4867">
    <p class='ocr_par' dir='ltr' id='par_1_88' title="bbox 164 4783 1762 4867">
     <span class='ocr_line' id='line_1_88' title="bbox 164 4783 1762 4867; baseline 0.001 -20"><span class='ocrx_word' id='word_1_676' title='bbox 164 4796 276 4866; x_wconf 75' lang='grc' dir='ltr'><strong>γὰρ</strong></span> <span class='ocrx_word' id='word_1_677' title='bbox 317 4799 347 4848; x_wconf 86' lang='grc' dir='ltr'><em>ὁ</em></span> <span class='ocrx_word' id='word_1_678' title='bbox 372 4783 375 4786; x_wconf 43' lang='grc'><em>’</em></span> <span class='ocrx_word' id='word_1_679' title='bbox 399 4796 684 4866; x_wconf 85' lang='grc' dir='ltr'><strong>μανθάνων</strong></span> <span class='ocrx_word' id='word_1_680' title='bbox 709 4796 1029 4867; x_wconf 78' lang='grc' dir='ltr'><strong>ῶμόλογηκε</strong></span> <span class='ocrx_word' id='word_1_681' title='bbox 1060 4795 1328 4866; x_wconf 87' lang='grc' dir='ltr'><strong>δήπουθεν</strong></span> <span class='ocrx_word' id='word_1_682' title='bbox 1375 4791 1516 4848; x_wconf 81' lang='grc' dir='ltr'><strong>εἶναι</strong></span> <span class='ocrx_word' id='word_1_683' title='bbox 1563 4797 1762 4866; x_wconf 88' lang='grc' dir='ltr'><strong>χείρων</strong></span> 
     </span>
    </p>
   </div>
   <div class='ocr_carea' id='block_1_89' title="bbox 166 4888 1762 4959">
    <p class='ocr_par' dir='ltr' id='par_1_89' title="bbox 166 4888 1762 4959">
     <span class='ocr_line' id='line_1_89' title="bbox 166 4888 1762 4959; baseline -0.001 -18"><span class='ocrx_word' id='word_1_684' title='bbox 166 4889 322 4958; x_wconf 78' lang='grc' dir='ltr'><strong>αὐτῷ</strong></span> <span class='ocrx_word' id='word_1_685' title='bbox 345 4906 408 4956; x_wconf 84' lang='grc' dir='ltr'><strong>γε</strong></span> <span class='ocrx_word' id='word_1_686' title='bbox 435 4889 512 4958; x_wconf 78' lang='grc' dir='ltr'><strong>τῷ</strong></span> <span class='ocrx_word' id='word_1_687' title='bbox 537 4889 745 4942; x_wconf 83' lang='grc' dir='ltr'><strong>δεῖσθαι</strong></span> <span class='ocrx_word' id='word_1_688' title='bbox 790 4888 1006 4959; x_wconf 89' lang='grc' dir='ltr'>μαθεῖν.</span> <span class='ocrx_word' id='word_1_689' title='bbox 1051 4888 1138 4950; x_wconf 84' lang='grc' dir='ltr'><strong>Ὦς</strong></span> <span class='ocrx_word' id='word_1_690' title='bbox 1168 4890 1212 4921; x_wconf 74' lang='grc'><strong><em>’⁸</em></strong></span> <span class='ocrx_word' id='word_1_691' title='bbox 1243 4889 1297 4941; x_wconf 88' lang='grc' dir='ltr'><strong>εῖ</strong></span> <span class='ocrx_word' id='word_1_692' title='bbox 1323 4905 1387 4955; x_wconf 85' lang='grc' dir='ltr'><strong>γε</strong></span> <span class='ocrx_word' id='word_1_693' title='bbox 1415 4888 1490 4959; x_wconf 79' lang='grc' dir='ltr'><strong>μὴ</strong></span> <span class='ocrx_word' id='word_1_694' title='bbox 1521 4889 1762 4941; x_wconf 82' lang='grc' dir='ltr'><strong>πείσειεν</strong></span> 
     </span>
    </p>
   </div>
   <div class='ocr_carea' id='block_1_90' title="bbox 162 4978 1762 5050">
    <p class='ocr_par' dir='ltr' id='par_1_90' title="bbox 162 4978 1762 5050">
     <span class='ocr_line' id='line_1_90' title="bbox 162 4978 1762 5050; baseline -0.002 -17"><span class='ocrx_word' id='word_1_695' title='bbox 162 4982 336 5033; x_wconf 72' lang='grc' dir='ltr'><strong>αὐτὸν</strong></span> <span class='ocrx_word' id='word_1_696' title='bbox 377 4979 585 5045; x_wconf 65' lang='grc' dir='ltr'><strong>δεῖσθαι</strong></span> <span class='ocrx_word' id='word_1_697' title='bbox 638 4981 940 5050; x_wconf 76' lang='grc' dir='ltr'><strong>πρότερον,</strong></span> <span class='ocrx_word' id='word_1_698' title='bbox 1000 4978 1118 5042; x_wconf 88' lang='grc' dir='ltr'><strong>πῶς</strong></span> <span class='ocrx_word' id='word_1_699' title='bbox 1161 4979 1226 5032; x_wconf 84' lang='grc' dir='ltr'>ἂν</span> <span class='ocrx_word' id='word_1_700' title='bbox 1280 4980 1485 5048; x_wconf 87' lang='grc' dir='ltr'><strong>μάθοι;</strong></span> <span class='ocrx_word' id='word_1_701' title='bbox 1531 4983 1599 5032; x_wconf 88' lang='grc' dir='ltr'>Ἢ</span> <span class='ocrx_word' id='word_1_702' title='bbox 1646 4980 1762 5042; x_wconf 85' lang='grc' dir='ltr'><strong>πῶς</strong></span> 
     </span>
    </p>
   </div>
   <div class='ocr_carea' id='block_1_91' title="bbox 159 5070 1762 5144">
    <p class='ocr_par' dir='ltr' id='par_1_91' title="bbox 159 5070 1762 5144">
     <span class='ocr_line' id='line_1_91' title="bbox 159 5070 1762 5144; baseline 0 -19"><span class='ocrx_word' id='word_1_703' title='bbox 159 5072 314 5141; x_wconf 83' lang='grc' dir='ltr'><strong>ἄλλῳ</strong></span> <span class='ocrx_word' id='word_1_704' title='bbox 351 5073 404 5140; x_wconf 82' lang='grc' dir='ltr'>γ’</span> <span class='ocrx_word' id='word_1_705' title='bbox 439 5072 503 5125; x_wconf 86' lang='grc' dir='ltr'><strong>ἂν</strong></span> <span class='ocrx_word' id='word_1_706' title='bbox 531 5072 736 5126; x_wconf 78' lang='grc' dir='ltr'><strong>εἰπόντι</strong></span> <span class='ocrx_word' id='word_1_707' title='bbox 779 5072 944 5144; x_wconf 63' lang='lat'><strong>[1245</strong></span> <span class='ocrx_word' id='word_1_708' title='bbox 988 5070 1081 5143; x_wconf 82' lang='lat' dir='ltr'><strong>R.]</strong></span> <span class='ocrx_word' id='word_1_709' title='bbox 1116 5070 1363 5142; x_wconf 84' lang='grc' dir='ltr'><strong>πεισθείη</strong></span> <span class='ocrx_word' id='word_1_710' title='bbox 1415 5071 1501 5135; x_wconf 77' lang='grc' dir='ltr'><strong>¹⁰ς</strong></span> <span class='ocrx_word' id='word_1_711' title='bbox 1552 5071 1762 5125; x_wconf 79' lang='grc' dir='ltr'><strong>Οὐκοῦν</strong></span> 
     </span>
    </p>
   </div>
   <div class='ocr_carea' id='block_1_92' title="bbox 1961 4065 3472 4140">
    <p class='ocr_par' dir='ltr' id='par_1_92' title="bbox 1961 4065 3472 4140">
     <span class='ocr_line' id='line_1_92' title="bbox 1961 4065 3472 4140; baseline 0.008 -21"><span class='ocrx_word' id='word_1_712' title='bbox 1961 4065 2174 4120; x_wconf 82' lang='lat' dir='ltr'><strong>Etenim</strong></span> <span class='ocrx_word' id='word_1_713' title='bbox 2244 4068 2288 4120; x_wconf 91' lang='lat' dir='ltr'><strong>si</strong></span> <span class='ocrx_word' id='word_1_714' title='bbox 2329 4066 2617 4136; x_wconf 83' lang='lat' dir='ltr'><strong>disciplina</strong></span> <span class='ocrx_word' id='word_1_715' title='bbox 2673 4079 2820 4124; x_wconf 85' lang='lat' dir='ltr'><strong>esset</strong></span> <span class='ocrx_word' id='word_1_716' title='bbox 2879 4071 3102 4140; x_wconf 87' lang='lat' dir='ltr'><strong>optima,</strong></span> <span class='ocrx_word' id='word_1_717' title='bbox 3167 4088 3273 4126; x_wconf 89' lang='lat' dir='ltr'><strong>non</strong></span> <span class='ocrx_word' id='word_1_718' title='bbox 3327 4088 3472 4132; x_wconf 81' lang='lat' dir='ltr'><strong>esset</strong></span> 
     </span>
    </p>
   </div>
   <div class='ocr_carea' id='block_1_93' title="bbox 1875 4155 3469 4231">
    <p class='ocr_par' dir='ltr' id='par_1_93' title="bbox 1875 4155 3469 4231">
     <span class='ocr_line' id='line_1_93' title="bbox 1875 4155 3469 4231; baseline 0.006 -23"><span class='ocrx_word' id='word_1_719' title='bbox 1875 4157 2070 4226; x_wconf 91' lang='lat' dir='ltr'><strong>prima.</strong></span> <span class='ocrx_word' id='word_1_720' title='bbox 2121 4155 2256 4210; x_wconf 86' lang='lat' dir='ltr'><strong>Nam</strong></span> <span class='ocrx_word' id='word_1_721' title='bbox 2295 4158 2361 4211; x_wconf 88' lang='lat' dir='ltr'><strong>ab</strong></span> <span class='ocrx_word' id='word_1_722' title='bbox 2391 4157 2496 4212; x_wconf 88' lang='lat' dir='ltr'><strong>alio</strong></span> <span class='ocrx_word' id='word_1_723' title='bbox 2542 4159 2858 4213; x_wconf 82' lang='lat' dir='ltr'><strong>discendum</strong></span> <span class='ocrx_word' id='word_1_724' title='bbox 2903 4161 3058 4214; x_wconf 78' lang='lat' dir='ltr'><strong>foret.</strong></span> <span class='ocrx_word' id='word_1_725' title='bbox 3118 4161 3298 4231; x_wconf 89' lang='lat' dir='ltr'><strong>Itaque</strong></span> <span class='ocrx_word' id='word_1_726' title='bbox 3368 4181 3469 4219; x_wconf 87' lang='lat' dir='ltr'><strong>non</strong></span> 
     </span>
    </p>
   </div>
   <div class='ocr_carea' id='block_1_94' title="bbox 1873 4246 3470 4320">
    <p class='ocr_par' dir='ltr' id='par_1_94' title="bbox 1873 4246 3470 4320">
     <span class='ocr_line' id='line_1_94' title="bbox 1873 4246 3470 4320; baseline 0.004 -19"><span class='ocrx_word' id='word_1_727' title='bbox 1873 4256 2020 4301; x_wconf 89' lang='lat' dir='ltr'><strong>esset</strong></span> <span class='ocrx_word' id='word_1_728' title='bbox 2067 4246 2216 4314; x_wconf 86' lang='lat' dir='ltr'><strong>prior</strong></span> <span class='ocrx_word' id='word_1_729' title='bbox 2260 4247 2470 4313; x_wconf 87' lang='lat' dir='ltr'><strong>doctor,</strong></span> <span class='ocrx_word' id='word_1_730' title='bbox 2521 4249 2565 4302; x_wconf 94' lang='lat' dir='ltr'><strong>si</strong></span> <span class='ocrx_word' id='word_1_731' title='bbox 2609 4248 2894 4318; x_wconf 84' lang='lat' dir='ltr'><strong>disciplina</strong></span> <span class='ocrx_word' id='word_1_732' title='bbox 2959 4249 3148 4304; x_wconf 90' lang='lat' dir='ltr'><strong>melior</strong></span> <span class='ocrx_word' id='word_1_733' title='bbox 3187 4266 3248 4304; x_wconf 91' lang='lat' dir='ltr'><strong>ac</strong></span> <span class='ocrx_word' id='word_1_734' title='bbox 3297 4253 3470 4320; x_wconf 81' lang='lat' dir='ltr'><strong>prima</strong></span> 
     </span>
    </p>
   </div>
   <div class='ocr_carea' id='block_1_95' title="bbox 1877 4339 3469 4413">
    <p class='ocr_par' dir='ltr' id='par_1_95' title="bbox 1877 4339 3469 4413">
     <span class='ocr_line' id='line_1_95' title="bbox 1877 4339 3469 4413; baseline 0.006 -21"><span class='ocrx_word' id='word_1_735' title='bbox 1877 4351 2194 4408; x_wconf 90' lang='lat' dir='ltr'><strong>poneretur.</strong></span> <span class='ocrx_word' id='word_1_736' title='bbox 2227 4339 2381 4395; x_wconf 90' lang='lat' dir='ltr'><strong>Unde</strong></span> <span class='ocrx_word' id='word_1_737' title='bbox 2409 4343 2556 4395; x_wconf 87' lang='lat' dir='ltr'><strong>enim</strong></span> <span class='ocrx_word' id='word_1_738' title='bbox 2581 4342 2645 4403; x_wconf 87' lang='lat' dir='ltr'><strong>is,</strong></span> <span class='ocrx_word' id='word_1_739' title='bbox 2677 4345 2767 4412; x_wconf 88' lang='lat' dir='ltr'><strong>qui</strong></span> <span class='ocrx_word' id='word_1_740' title='bbox 2797 4354 2888 4397; x_wconf 91' lang='lat' dir='ltr'><strong>tuo</strong></span> <span class='ocrx_word' id='word_1_741' title='bbox 2913 4359 3126 4413; x_wconf 87' lang='lat' dir='ltr'><strong>quoque</strong></span> <span class='ocrx_word' id='word_1_742' title='bbox 3154 4345 3469 4401; x_wconf 88' lang='lat' dir='ltr'><strong>testimonio</strong></span> 
     </span>
    </p>
   </div>
   <div class='ocr_carea' id='block_1_96' title="bbox 1877 4430 3463 4503">
    <p class='ocr_par' dir='ltr' id='par_1_96' title="bbox 1877 4430 3463 4503">
     <span class='ocr_line' id='line_1_96' title="bbox 1877 4430 3463 4503; baseline 0.004 -20"><span class='ocrx_word' id='word_1_743' title='bbox 1877 4430 2096 4487; x_wconf 78' lang='lat' dir='ltr'><strong>Variam</strong></span> <span class='ocrx_word' id='word_1_744' title='bbox 2155 4434 2266 4502; x_wconf 77' lang='lat'><strong>(83)</strong></span> <span class='ocrx_word' id='word_1_745' title='bbox 2314 4434 2623 4497; x_wconf 80' lang='lat' dir='ltr'><strong>exornavit,</strong></span> <span class='ocrx_word' id='word_1_746' title='bbox 2660 4434 2803 4503; x_wconf 87' lang='lat' dir='ltr'><strong>quod</strong></span> <span class='ocrx_word' id='word_1_747' title='bbox 2859 4445 3189 4502; x_wconf 82' lang='lat' dir='ltr'><strong>sequeretur</strong></span> <span class='ocrx_word' id='word_1_748' title='bbox 3222 4437 3463 4490; x_wconf 79' lang='lat' dir='ltr'><strong>audivis-</strong></span> 
     </span>
    </p>
   </div>
   <div class='ocr_carea' id='block_1_97' title="bbox 1873 4524 3468 4593">
    <p class='ocr_par' dir='ltr' id='par_1_97' title="bbox 1873 4524 3468 4593">
     <span class='ocr_line' id='line_1_97' title="bbox 1873 4524 3468 4593; baseline 0.003 -16"><span class='ocrx_word' id='word_1_749' title='bbox 1873 4533 1977 4589; x_wconf 87' lang='lat' dir='ltr'><strong>set,</strong></span> <span class='ocrx_word' id='word_1_750' title='bbox 2023 4525 2065 4578; x_wconf 92' lang='lat' dir='ltr'><strong>si</strong></span> <span class='ocrx_word' id='word_1_751' title='bbox 2111 4524 2410 4593; x_wconf 86' lang='lat' dir='ltr'><strong>discipulus</strong></span> <span class='ocrx_word' id='word_1_752' title='bbox 2455 4525 2721 4578; x_wconf 89' lang='lat' dir='ltr'><strong>inventori</strong></span> <span class='ocrx_word' id='word_1_753' title='bbox 2772 4534 3098 4592; x_wconf 67' lang='lat' dir='ltr'><strong>prazstaret,</strong></span> <span class='ocrx_word' id='word_1_754' title='bbox 3153 4541 3251 4580; x_wconf 90' lang='lat' dir='ltr'><strong>nec</strong></span> <span class='ocrx_word' id='word_1_755' title='bbox 3322 4541 3468 4582; x_wconf 61' lang='lat' dir='ltr'><strong>esset</strong></span> 
     </span>
    </p>
   </div>
   <div class='ocr_carea' id='block_1_98' title="bbox 1867 4615 3470 4684">
    <p class='ocr_par' dir='ltr' id='par_1_98' title="bbox 1867 4615 3470 4684">
     <span class='ocr_line' id='line_1_98' title="bbox 1867 4615 3470 4684; baseline 0.001 -14"><span class='ocrx_word' id='word_1_756' title='bbox 1867 4615 2179 4670; x_wconf 87' lang='lat' dir='ltr'><strong>necessario</strong></span> <span class='ocrx_word' id='word_1_757' title='bbox 2207 4615 2499 4678; x_wconf 85' lang='lat' dir='ltr'><strong>secundus,</strong></span> <span class='ocrx_word' id='word_1_758' title='bbox 2526 4615 2571 4668; x_wconf 92' lang='lat' dir='ltr'><strong>si</strong></span> <span class='ocrx_word' id='word_1_759' title='bbox 2614 4616 2743 4679; x_wconf 88' lang='lat' dir='ltr'><strong>quid</strong></span> <span class='ocrx_word' id='word_1_760' title='bbox 2777 4631 3011 4684; x_wconf 88' lang='lat' dir='ltr'><strong>unquam</strong></span> <span class='ocrx_word' id='word_1_761' title='bbox 3049 4617 3361 4670; x_wconf 71' lang='lat' dir='ltr'><strong>discendum</strong></span> <span class='ocrx_word' id='word_1_762' title='bbox 3395 4617 3470 4672; x_wconf 77' lang='lat' dir='ltr'><strong>fo-</strong></span> 
     </span>
    </p>
   </div>
   <div class='ocr_carea' id='block_1_99' title="bbox 1860 4705 3469 4778">
    <p class='ocr_par' dir='ltr' id='par_1_99' title="bbox 1860 4705 3469 4778">
     <span class='ocr_line' id='line_1_99' title="bbox 1860 4705 3469 4778; baseline 0.002 -19"><span class='ocrx_word' id='word_1_763' title='bbox 1860 4716 1940 4760; x_wconf 91' lang='lat' dir='ltr'><strong>ret</strong></span> <span class='ocrx_word' id='word_1_764' title='bbox 1969 4706 1992 4758; x_wconf 90' lang='lat'><strong>?</strong></span> <span class='ocrx_word' id='word_1_765' title='bbox 2022 4707 2212 4759; x_wconf 87' lang='lat' dir='ltr'><strong>Omnis</strong></span> <span class='ocrx_word' id='word_1_766' title='bbox 2229 4706 2372 4759; x_wconf 89' lang='lat' dir='ltr'><strong>enim</strong></span> <span class='ocrx_word' id='word_1_767' title='bbox 2407 4705 2724 4775; x_wconf 88' lang='lat' dir='ltr'><strong>discipulus,</strong></span> <span class='ocrx_word' id='word_1_768' title='bbox 2751 4721 2816 4760; x_wconf 91' lang='lat' dir='ltr'><strong>eo</strong></span> <span class='ocrx_word' id='word_1_769' title='bbox 2845 4707 3033 4775; x_wconf 78' lang='lat' dir='ltr'><strong>utique</strong></span> <span class='ocrx_word' id='word_1_770' title='bbox 3072 4707 3189 4777; x_wconf 80' lang='lat' dir='ltr'><strong>ipso</strong></span> <span class='ocrx_word' id='word_1_771' title='bbox 3209 4709 3350 4778; x_wconf 87' lang='lat' dir='ltr'><strong>quod</strong></span> <span class='ocrx_word' id='word_1_772' title='bbox 3389 4711 3469 4763; x_wconf 82' lang='lat' dir='ltr'><strong>in-</strong></span> 
     </span>
    </p>
   </div>
   <div class='ocr_carea' id='block_1_100' title="bbox 1861 4797 3465 4876">
    <p class='ocr_par' dir='ltr' id='par_1_100' title="bbox 1861 4797 3465 4876">
     <span class='ocr_line' id='line_1_100' title="bbox 1861 4797 3465 4876; baseline 0.001 -24"><span class='ocrx_word' id='word_1_773' title='bbox 1861 4799 2004 4868; x_wconf 85' lang='lat' dir='ltr'><strong>digct</strong></span> <span class='ocrx_word' id='word_1_774' title='bbox 2048 4797 2356 4864; x_wconf 87' lang='lat' dir='ltr'><strong>disciplina,</strong></span> <span class='ocrx_word' id='word_1_775' title='bbox 2386 4797 2708 4851; x_wconf 88' lang='lat' dir='ltr'><strong>deteriorem</strong></span> <span class='ocrx_word' id='word_1_776' title='bbox 2740 4814 2796 4852; x_wconf 87' lang='lat' dir='ltr'><strong>se</strong></span> <span class='ocrx_word' id='word_1_777' title='bbox 2823 4803 3128 4867; x_wconf 86' lang='lat' dir='ltr'><strong>prolitelur.</strong></span> <span class='ocrx_word' id='word_1_778' title='bbox 3148 4799 3329 4867; x_wconf 89' lang='lat' dir='ltr'><strong>Itaque</strong></span> <span class='ocrx_word' id='word_1_779' title='bbox 3359 4801 3465 4876; x_wconf 69' lang='lat' dir='ltr'><strong>nisi</strong></span> 
     </span>
    </p>
   </div>
   <div class='ocr_carea' id='block_1_101' title="bbox 1859 4891 3467 4960">
    <p class='ocr_par' dir='ltr' id='par_1_101' title="bbox 1859 4891 3467 4960">
     <span class='ocr_line' id='line_1_101' title="bbox 1859 4891 3467 4960; baseline 0 -16"><span class='ocrx_word' id='word_1_780' title='bbox 1859 4891 1961 4945; x_wconf 89' lang='lat' dir='ltr'><strong>sibi</strong></span> <span class='ocrx_word' id='word_1_781' title='bbox 2004 4891 2234 4959; x_wconf 91' lang='lat' dir='ltr'><strong>primum</strong></span> <span class='ocrx_word' id='word_1_782' title='bbox 2289 4892 2401 4958; x_wconf 85' lang='lat' dir='ltr'><strong>ipse</strong></span> <span class='ocrx_word' id='word_1_783' title='bbox 2432 4905 2490 4944; x_wconf 89' lang='lat' dir='ltr'><strong>se</strong></span> <span class='ocrx_word' id='word_1_784' title='bbox 2546 4891 2787 4959; x_wconf 72' lang='lat' dir='ltr'><strong>indigere</strong></span> <span class='ocrx_word' id='word_1_785' title='bbox 2828 4893 3168 4959; x_wconf 89' lang='lat' dir='ltr'><strong>persuadeat,</strong></span> <span class='ocrx_word' id='word_1_786' title='bbox 3199 4893 3467 4960; x_wconf 78' lang='lat' dir='ltr'><strong>quomodo</strong></span> 
     </span>
    </p>
   </div>
   <div class='ocr_carea' id='block_1_102' title="bbox 1859 4975 3468 5048">
    <p class='ocr_par' dir='ltr' id='par_1_102' title="bbox 1859 4975 3468 5048">
     <span class='ocr_line' id='line_1_102' title="bbox 1859 4975 3468 5048; baseline 0 -17"><span class='ocrx_word' id='word_1_787' title='bbox 1859 4980 1943 5032; x_wconf 89' lang='lat' dir='ltr'><strong>vel</strong></span> <span class='ocrx_word' id='word_1_788' title='bbox 1993 4981 2188 5044; x_wconf 87' lang='lat' dir='ltr'><strong>discat,</strong></span> <span class='ocrx_word' id='word_1_789' title='bbox 2231 4977 2429 5048; x_wconf 66' lang='lat' dir='ltr'><strong>413a</strong></span> <span class='ocrx_word' id='word_1_790' title='bbox 2483 4979 2565 5034; x_wconf 87' lang='lat' dir='ltr'><strong>vel</strong></span> <span class='ocrx_word' id='word_1_791' title='bbox 2622 4980 2778 5032; x_wconf 86' lang='lat' dir='ltr'><strong>alteri</strong></span> <span class='ocrx_word' id='word_1_792' title='bbox 2829 4979 3042 5034; x_wconf 90' lang='lat' dir='ltr'><strong>docenti</strong></span> <span class='ocrx_word' id='word_1_793' title='bbox 3093 4975 3468 5048; x_wconf 70' lang='lat' dir='ltr'><strong>obtemperet?</strong></span> 
     </span>
    </p>
   </div>
   <div class='ocr_carea' id='block_1_103' title="bbox 1875 5070 3464 5142">
    <p class='ocr_par' dir='ltr' id='par_1_103' title="bbox 1875 5070 3464 5142">
     <span class='ocr_line' id='line_1_103' title="bbox 1875 5070 3464 5142; baseline 0.001 -20"><span class='ocrx_word' id='word_1_794' title='bbox 1875 5070 2143 5133; x_wconf 77' lang='lat' dir='ltr'><strong>Quocirca</strong></span> <span class='ocrx_word' id='word_1_795' title='bbox 2188 5081 2272 5124; x_wconf 89' lang='lat' dir='ltr'><strong>est</strong></span> <span class='ocrx_word' id='word_1_796' title='bbox 2301 5071 2593 5126; x_wconf 84' lang='lat' dir='ltr'><strong>absurdum</strong></span> <span class='ocrx_word' id='word_1_797' title='bbox 2635 5085 2782 5138; x_wconf 91' lang='lat' dir='ltr'><strong>eum,</strong></span> <span class='ocrx_word' id='word_1_798' title='bbox 2817 5071 2906 5140; x_wconf 91' lang='lat' dir='ltr'><strong>qui</strong></span> <span class='ocrx_word' id='word_1_799' title='bbox 2933 5071 3284 5142; x_wconf 88' lang='lat' dir='ltr'><strong>semetipsum</strong></span> <span class='ocrx_word' id='word_1_800' title='bbox 3316 5075 3464 5126; x_wconf 81' lang='lat' dir='ltr'><strong>dete-</strong></span> 
     </span>
    </p>
   </div>
   <div class='ocr_carea' id='block_1_104' title="bbox 1473 5188 2154 5246">
    <p class='ocr_par' dir='ltr' id='par_1_104' title="bbox 1473 5188 2154 5246">
     <span class='ocr_line' id='line_1_104' title="bbox 1473 5188 2154 5246; baseline 0 -4"><span class='ocrx_word' id='word_1_801' title='bbox 1473 5189 1707 5244; x_wconf 71' lang='lat' dir='ltr'><strong>VARl/E</strong></span> <span class='ocrx_word' id='word_1_802' title='bbox 1741 5188 2154 5246; x_wconf 78' lang='lat' dir='ltr'><strong>LECTIONES.</strong></span> 
     </span>
    </p>
   </div>
   <div class='ocr_carea' id='block_1_105' title="bbox 229 5281 3462 5372">
    <p class='ocr_par' dir='ltr' id='par_1_105' title="bbox 229 5281 3462 5372">
     <span class='ocr_line' id='line_1_105' title="bbox 229 5281 3462 5372; baseline -0.001 -36"><span class='ocrx_word' id='word_1_803' title='bbox 229 5284 278 5315; x_wconf 82' lang='lat'>”</span> <span class='ocrx_word' id='word_1_804' title='bbox 303 5283 351 5336; x_wconf 83' lang='grc' dir='ltr'><strong>εί</strong></span> <span class='ocrx_word' id='word_1_805' title='bbox 376 5281 533 5372; x_wconf 50' lang='lat' dir='ltr'><strong>seu).</strong></span> <span class='ocrx_word' id='word_1_806' title='bbox 561 5285 649 5339; x_wconf 81' lang='grc'><strong>57.</strong></span> <span class='ocrx_word' id='word_1_807' title='bbox 725 5285 772 5320; x_wconf 69' lang='grc'><strong>³⁸</strong></span> <span class='ocrx_word' id='word_1_808' title='bbox 791 5285 867 5372; x_wconf 68' lang='grc' dir='ltr'><strong>ῶς</strong></span> <span class='ocrx_word' id='word_1_809' title='bbox 901 5285 948 5372; x_wconf 47' lang='lat' dir='ltr'><strong>A.</strong></span> <span class='ocrx_word' id='word_1_810' title='bbox 973 5299 983 5313; x_wconf 86' lang='lat'><strong>&#39;</strong></span> <span class='ocrx_word' id='word_1_811' title='bbox 1016 5285 1237 5372; x_wconf 47' lang='grc' dir='ltr'><strong>ᾗσιξςἾς.</strong></span> <span class='ocrx_word' id='word_1_812' title='bbox 1273 5284 1428 5372; x_wconf 43' lang='grc' dir='ltr'><strong>’ξ’-,τῷ</strong></span> <span class='ocrx_word' id='word_1_813' title='bbox 1449 5285 1711 5372; x_wconf 46' lang='lat' dir='ltr'><strong>base.th</strong></span> <span class='ocrx_word' id='word_1_814' title='bbox 1739 5287 1932 5372; x_wconf 65' lang='grc' dir='ltr'><strong>τέχνην</strong></span> <span class='ocrx_word' id='word_1_815' title='bbox 1949 5302 2055 5372; x_wconf 50' lang='lat' dir='ltr'><strong>om;</strong></span> <span class='ocrx_word' id='word_1_816' title='bbox 2081 5289 2144 5339; x_wconf 76' lang='grc' dir='ltr'><strong>Δ.</strong></span> <span class='ocrx_word' id='word_1_817' title='bbox 2211 5286 2258 5318; x_wconf 75' lang='grc'><strong>⁸⁵</strong></span> <span class='ocrx_word' id='word_1_818' title='bbox 2288 5283 2408 5372; x_wconf 67' lang='grc' dir='ltr'><strong>τῆς]</strong></span> <span class='ocrx_word' id='word_1_819' title='bbox 2435 5284 2560 5347; x_wconf 79' lang='grc' dir='ltr'><strong>τοὺς</strong></span> <span class='ocrx_word' id='word_1_820' title='bbox 2591 5285 2670 5372; x_wconf 43' lang='grc' dir='ltr'><strong>ιδ...</strong></span> <span class='ocrx_word' id='word_1_821' title='bbox 2698 5283 2914 5371; x_wconf 48' lang='grc' dir='ltr'><strong>’θὀὑδὲ]</strong></span> <span class='ocrx_word' id='word_1_822' title='bbox 2929 5281 3154 5372; x_wconf 41' lang='lat' dir='ltr'><strong>rp.</strong></span> <span class='ocrx_word' id='word_1_823' title='bbox 3188 5284 3254 5372; x_wconf 43' lang='lat' dir='ltr'><strong>&#39;l&#39;</strong></span> <span class='ocrx_word' id='word_1_824' title='bbox 3288 5283 3462 5372; x_wconf 59' lang='grc' dir='ltr'><strong>ἄλλως</strong></span> 
     </span>
    </p>
   </div>
   <div class='ocr_carea' id='block_1_106' title="bbox 154 5353 1378 5426">
    <p class='ocr_par' dir='ltr' id='par_1_106' title="bbox 154 5353 1378 5426">
     <span class='ocr_line' id='line_1_106' title="bbox 154 5353 1378 5426; baseline 0.002 -21"><span class='ocrx_word' id='word_1_825' title='bbox 154 5387 224 5396; x_wconf 89' lang='lat'><strong>——</strong></span> <span class='ocrx_word' id='word_1_826' title='bbox 251 5353 622 5426; x_wconf 59' lang='grc' dir='ltr'><strong>παραγίνεσαι</strong></span> <span class='ocrx_word' id='word_1_827' title='bbox 656 5371 766 5410; x_wconf 83' lang='grc' dir='ltr'><strong>οιιι.</strong></span> <span class='ocrx_word' id='word_1_828' title='bbox 801 5357 864 5408; x_wconf 83' lang='grc' dir='ltr'><strong>Α.</strong></span> <span class='ocrx_word' id='word_1_829' title='bbox 930 5353 949 5386; x_wconf 83' lang='grc'><em>³</em></span> <span class='ocrx_word' id='word_1_830' title='bbox 977 5355 1180 5426; x_wconf 60' lang='grc' dir='ltr'><strong>εἰρείν]</strong></span> <span class='ocrx_word' id='word_1_831' title='bbox 1213 5370 1263 5426; x_wconf 92' lang='lat' dir='ltr'><strong>p_.</strong></span> <span class='ocrx_word' id='word_1_832' title='bbox 1290 5355 1378 5410; x_wconf 75' lang='grc'><strong>45.</strong></span> 
     </span>
    </p>
   </div>
   <div class='ocr_carea' id='block_1_107' title="bbox 149 5423 1044 5494">
    <p class='ocr_par' dir='ltr' id='par_1_107' title="bbox 149 5423 1044 5494">
     <span class='ocr_line' id='line_1_107' title="bbox 149 5423 1044 5494; baseline 0.004 -20"><span class='ocrx_word' id='word_1_833' title='bbox 149 5441 264 5478; x_wconf 75' lang='lat' dir='ltr'><strong>«in.</strong></span> <span class='ocrx_word' id='word_1_834' title='bbox 297 5423 369 5477; x_wconf 81' lang='grc' dir='ltr'><strong>Α.</strong></span> <span class='ocrx_word' id='word_1_835' title='bbox 431 5428 450 5455; x_wconf 81' lang='grc'>⁹</span> <span class='ocrx_word' id='word_1_836' title='bbox 476 5426 583 5478; x_wconf 82' lang='grc' dir='ltr'><strong>τῶν</strong></span> <span class='ocrx_word' id='word_1_837' title='bbox 610 5427 814 5494; x_wconf 68' lang='grc' dir='ltr'><strong>τεχνῶν</strong></span> <span class='ocrx_word' id='word_1_838' title='bbox 837 5442 945 5480; x_wconf 90' lang='lat' dir='ltr'><strong>om.</strong></span> <span class='ocrx_word' id='word_1_839' title='bbox 980 5427 1044 5478; x_wconf 81' lang='grc' dir='ltr'><strong>Α.</strong></span> 
     </span>
    </p>
   </div>
   <div class='ocr_carea' id='block_1_108' title="bbox 151 5493 1474 5566">
    <p class='ocr_par' dir='ltr' id='par_1_108' title="bbox 151 5493 1474 5566">
     <span class='ocr_line' id='line_1_108' title="bbox 151 5493 1474 5566; baseline 0.002 -21"><span class='ocrx_word' id='word_1_840' title='bbox 151 5494 302 5566; x_wconf 86' lang='grc' dir='ltr'><strong>θεῶν</strong></span> <span class='ocrx_word' id='word_1_841' title='bbox 322 5494 442 5566; x_wconf 76' lang='lat' dir='ltr'><strong>liis:</strong></span> <span class='ocrx_word' id='word_1_842' title='bbox 472 5493 793 5566; x_wconf 78' lang='grc' dir='ltr'><strong>ἀνθρώπους</strong></span> <span class='ocrx_word' id='word_1_843' title='bbox 818 5495 1000 5548; x_wconf 79' lang='grc' dir='ltr'><strong>λαϐεῖν</strong></span> <span class='ocrx_word' id='word_1_844' title='bbox 1032 5495 1126 5566; x_wconf 69' lang='grc' dir='ltr'><strong>τὰς</strong></span> <span class='ocrx_word' id='word_1_845' title='bbox 1145 5493 1474 5566; x_wconf 70' lang='grc' dir='ltr'><strong>ἐπιστήμας.</strong></span> 
     </span>
    </p>
   </div>
   <div class='ocr_carea' id='block_1_109' title="bbox 151 5563 1485 5636">
    <p class='ocr_par' dir='ltr' id='par_1_109' title="bbox 151 5563 1485 5636">
     <span class='ocr_line' id='line_1_109' title="bbox 151 5563 1485 5636; baseline 0.001 -18"><span class='ocrx_word' id='word_1_846' title='bbox 151 5568 193 5600; x_wconf 84' lang='grc'><strong>’⁷</strong></span> <span class='ocrx_word' id='word_1_847' title='bbox 232 5565 405 5636; x_wconf 68' lang='grc' dir='ltr'><strong>αὐτος</strong></span> <span class='ocrx_word' id='word_1_848' title='bbox 437 5567 514 5617; x_wconf 81' lang='lat' dir='ltr'><strong>A:</strong></span> <span class='ocrx_word' id='word_1_849' title='bbox 549 5563 641 5619; x_wconf 71' lang='grc' dir='ltr'><strong>καὶ</strong></span> <span class='ocrx_word' id='word_1_850' title='bbox 665 5567 825 5628; x_wconf 72' lang='grc' dir='ltr'><strong>αὐτὸς</strong></span> <span class='ocrx_word' id='word_1_851' title='bbox 852 5584 914 5630; x_wconf 81' lang='grc' dir='ltr'><strong>ς.</strong></span> <span class='ocrx_word' id='word_1_852' title='bbox 1007 5565 1050 5597; x_wconf 76' lang='grc'><strong>³⁸</strong></span> <span class='ocrx_word' id='word_1_853' title='bbox 1081 5567 1130 5618; x_wconf 82' lang='grc' dir='ltr'><strong>εί</strong></span> <span class='ocrx_word' id='word_1_854' title='bbox 1153 5563 1284 5636; x_wconf 65' lang='grc' dir='ltr'><strong>γάρ]</strong></span> <span class='ocrx_word' id='word_1_855' title='bbox 1395 5565 1485 5619; x_wconf 72' lang='grc'><strong>46.</strong></span> 
     </span>
    </p>
   </div>
   <div class='ocr_carea' id='block_1_110' title="bbox 147 5635 1035 5706">
    <p class='ocr_par' dir='ltr' id='par_1_110' title="bbox 147 5635 1035 5706">
     <span class='ocr_line' id='line_1_110' title="bbox 147 5635 1035 5706; baseline 0.001 -17"><span class='ocrx_word' id='word_1_856' title='bbox 147 5636 194 5666; x_wconf 82' lang='grc'><strong>⁸¹</strong></span> <span class='ocrx_word' id='word_1_857' title='bbox 231 5635 467 5689; x_wconf 81' lang='grc' dir='ltr'><strong>ἀκούσει</strong></span> <span class='ocrx_word' id='word_1_858' title='bbox 494 5639 559 5690; x_wconf 84' lang='grc' dir='ltr'><strong>Α.</strong></span> <span class='ocrx_word' id='word_1_859' title='bbox 632 5637 677 5678; x_wconf 77' lang='grc'><strong>’³</strong></span> <span class='ocrx_word' id='word_1_860' title='bbox 705 5636 947 5706; x_wconf 84' lang='grc' dir='ltr'><strong>πεισθείη</strong></span> <span class='ocrx_word' id='word_1_861' title='bbox 973 5637 1035 5690; x_wconf 80' lang='grc' dir='ltr'><strong>Δ.</strong></span> 
     </span>
    </p>
   </div>
   <div class='ocr_carea' id='block_1_111' title="bbox 1457 5355 1916 5410">
    <p class='ocr_par' dir='ltr' id='par_1_111' title="bbox 1457 5355 1916 5410">
     <span class='ocr_line' id='line_1_111' title="bbox 1457 5355 1916 5410; baseline 0.007 -4"><span class='ocrx_word' id='word_1_862' title='bbox 1457 5359 1478 5386; x_wconf 72' lang='grc'>⁸</span> <span class='ocrx_word' id='word_1_863' title='bbox 1502 5355 1686 5408; x_wconf 77' lang='grc' dir='ltr'><strong>λαϐεῖν</strong></span> <span class='ocrx_word' id='word_1_864' title='bbox 1710 5374 1818 5410; x_wconf 84' lang='grc' dir='ltr'><strong>οιιι.</strong></span> <span class='ocrx_word' id='word_1_865' title='bbox 1851 5355 1916 5409; x_wconf 74' lang='grc' dir='ltr'><strong>Α.</strong></span> 
     </span>
    </p>
   </div>
   <div class='ocr_carea' id='block_1_112' title="bbox 1125 5359 3463 5496">
    <p class='ocr_par' dir='ltr' id='par_1_112' title="bbox 1125 5359 3463 5496">
     <span class='ocr_line' id='line_1_112' title="bbox 1125 5359 3459 5434; baseline 0 -30"><span class='ocrx_word' id='word_1_866' title='bbox 1125 5359 1180 5421; x_wconf 77' lang='grc' dir='ltr'><strong>ν]</strong></span> <span class='ocrx_word' id='word_1_867' title='bbox 1213 5370 1263 5422; x_wconf 92' lang='lat' dir='ltr'><strong>p.</strong></span> <span class='ocrx_word' id='word_1_868' title='bbox 1290 5359 1378 5410; x_wconf 74' lang='grc'><strong>45.</strong></span> <span class='ocrx_word' id='word_1_869' title='bbox 1457 5359 1478 5386; x_wconf 72' lang='grc'>⁸</span> <span class='ocrx_word' id='word_1_870' title='bbox 1502 5359 1686 5408; x_wconf 78' lang='grc' dir='ltr'><strong>λαϐεῖν</strong></span> <span class='ocrx_word' id='word_1_871' title='bbox 1710 5374 1818 5410; x_wconf 84' lang='grc' dir='ltr'><strong>οιιι.</strong></span> <span class='ocrx_word' id='word_1_872' title='bbox 1851 5359 1916 5409; x_wconf 86' lang='grc' dir='ltr'><strong>Α.</strong></span> <span class='ocrx_word' id='word_1_873' title='bbox 1989 5359 2010 5388; x_wconf 84' lang='grc'>⁸</span> <span class='ocrx_word' id='word_1_874' title='bbox 2031 5359 2096 5426; x_wconf 82' lang='grc' dir='ltr'><strong>ἦν</strong></span> <span class='ocrx_word' id='word_1_875' title='bbox 2119 5359 2356 5424; x_wconf 84' lang='grc' dir='ltr'><strong>γεγονὼς</strong></span> <span class='ocrx_word' id='word_1_876' title='bbox 2393 5360 2456 5409; x_wconf 81' lang='grc' dir='ltr'><strong>ἐκ</strong></span> <span class='ocrx_word' id='word_1_877' title='bbox 2479 5373 2539 5418; x_wconf 75' lang='grc' dir='ltr'><strong>ς.</strong></span> <span class='ocrx_word' id='word_1_878' title='bbox 2603 5359 2670 5386; x_wconf 84' lang='grc'><strong>⁸-⁷</strong></span> <span class='ocrx_word' id='word_1_879' title='bbox 2706 5359 2765 5407; x_wconf 79' lang='grc' dir='ltr'><strong>οὐ</strong></span> <span class='ocrx_word' id='word_1_880' title='bbox 2802 5384 2869 5392; x_wconf 96' lang='grc'><strong><em>-</em></strong></span> <span class='ocrx_word' id='word_1_881' title='bbox 2898 5359 3037 5407; x_wconf 73' lang='grc' dir='ltr'><strong>εἶναι</strong></span> <span class='ocrx_word' id='word_1_882' title='bbox 3070 5367 3179 5405; x_wconf 88' lang='lat' dir='ltr'><strong>om.</strong></span> <span class='ocrx_word' id='word_1_883' title='bbox 3348 5359 3370 5384; x_wconf 79' lang='grc'>⁸</span> <span class='ocrx_word' id='word_1_884' title='bbox 3396 5359 3459 5422; x_wconf 80' lang='grc' dir='ltr'><strong>δὴ</strong></span> 
     </span>
     <span class='ocr_line' id='line_1_113' title="bbox 1125 5424 3463 5496; baseline -0.002 -16"><span class='ocrx_word' id='word_1_885' title='bbox 1125 5424 1168 5455; x_wconf 79' lang='grc'><strong>¹⁰</strong></span> <span class='ocrx_word' id='word_1_886' title='bbox 1200 5424 1300 5494; x_wconf 80' lang='grc' dir='ltr'><strong>τὴν</strong></span> <span class='ocrx_word' id='word_1_887' title='bbox 1320 5441 1430 5480; x_wconf 86' lang='lat' dir='ltr'><strong>om.</strong></span> <span class='ocrx_word' id='word_1_888' title='bbox 1453 5424 1496 5478; x_wconf 82' lang='grc' dir='ltr'>Α</span> <span class='ocrx_word' id='word_1_889' title='bbox 1525 5437 1687 5496; x_wconf 79' lang='lat' dir='ltr'><strong>etpr.</strong></span> <span class='ocrx_word' id='word_1_890' title='bbox 1721 5426 1782 5480; x_wconf 86' lang='grc' dir='ltr'><strong>Β.</strong></span> <span class='ocrx_word' id='word_1_891' title='bbox 1851 5427 1968 5458; x_wconf 81' lang='grc'>⁸¹·¹²</span> <span class='ocrx_word' id='word_1_892' title='bbox 2001 5428 2092 5478; x_wconf 69' lang='grc' dir='ltr'><strong>καὶ</strong></span> <span class='ocrx_word' id='word_1_893' title='bbox 2120 5425 2510 5488; x_wconf 80' lang='grc' dir='ltr'><strong>πάντες-ἀλλ’</strong></span> <span class='ocrx_word' id='word_1_894' title='bbox 2537 5424 2856 5496; x_wconf 73' lang='grc' dir='ltr'><strong>ἀνθρώπους</strong></span> <span class='ocrx_word' id='word_1_895' title='bbox 2882 5441 3004 5496; x_wconf 89' lang='lat' dir='ltr'><strong>om._</strong></span> <span class='ocrx_word' id='word_1_896' title='bbox 3023 5424 3319 5496; x_wconf 29' lang='lat' dir='ltr'><strong>A_,Aaddit_is</strong></span> <span class='ocrx_word' id='word_1_897' title='bbox 3342 5435 3463 5496; x_wconf 75' lang='lat' dir='ltr'><strong>post</strong></span> 
     </span>
    </p>
   </div>
   <div class='ocr_carea' id='block_1_113' title="bbox 1555 5492 3456 5566">
    <p class='ocr_par' dir='ltr' id='par_1_113' title="bbox 1555 5492 3456 5566">
     <span class='ocr_line' id='line_1_114' title="bbox 1555 5492 3456 5566; baseline -0.002 -18"><span class='ocrx_word' id='word_1_898' title='bbox 1555 5495 1599 5526; x_wconf 79' lang='grc'>¹³</span> <span class='ocrx_word' id='word_1_899' title='bbox 1619 5498 1838 5566; x_wconf 5' lang='grc' dir='ltr'><strong>,ἅπαντα</strong></span> <span class='ocrx_word' id='word_1_900' title='bbox 1856 5515 1916 5562; x_wconf 84' lang='grc' dir='ltr'><strong>ς.</strong></span> <span class='ocrx_word' id='word_1_901' title='bbox 1961 5496 2078 5529; x_wconf 64' lang='grc'><strong>¹⁵’¹⁸</strong></span> <span class='ocrx_word' id='word_1_902' title='bbox 2111 5499 2203 5550; x_wconf 81' lang='grc' dir='ltr'><strong>καὶ</strong></span> <span class='ocrx_word' id='word_1_903' title='bbox 2225 5497 2588 5566; x_wconf 82' lang='grc' dir='ltr'><strong>ὼς-πρῶτον</strong></span> <span class='ocrx_word' id='word_1_904' title='bbox 2614 5492 2710 5549; x_wconf 78' lang='grc' dir='ltr'><strong>καὶ</strong></span> <span class='ocrx_word' id='word_1_905' title='bbox 2729 5511 2838 5566; x_wconf 78' lang='grc' dir='ltr'><strong>οιιι.</strong></span> <span class='ocrx_word' id='word_1_906' title='bbox 2867 5495 2957 5566; x_wconf 52' lang='grc' dir='ltr'><strong>Α,Δ</strong></span> <span class='ocrx_word' id='word_1_907' title='bbox 2992 5493 3034 5523; x_wconf 81' lang='grc'><strong>¹⁶</strong></span> <span class='ocrx_word' id='word_1_908' title='bbox 3063 5492 3236 5566; x_wconf 48' lang='grc' dir='ltr'><strong>ἔθετο]</strong></span> <span class='ocrx_word' id='word_1_909' title='bbox 3265 5493 3367 5566; x_wconf 75' lang='grc' dir='ltr'><strong>ἔφη</strong></span> <span class='ocrx_word' id='word_1_910' title='bbox 3391 5495 3456 5544; x_wconf 81' lang='grc' dir='ltr'><strong>Α.</strong></span> 
     </span>
    </p>
   </div>
   <div class='ocr_carea' id='block_1_114' title="bbox 1590 5565 1969 5623">
    <p class='ocr_par' dir='ltr' id='par_1_114' title="bbox 1590 5565 1969 5623">
     <span class='ocr_line' id='line_1_115' title="bbox 1590 5565 1969 5623; baseline 0.013 -5"><span class='ocrx_word' id='word_1_911' title='bbox 1590 5565 1632 5597; x_wconf 85' lang='grc'><strong>¹⁹</strong></span> <span class='ocrx_word' id='word_1_912' title='bbox 1667 5566 1732 5618; x_wconf 87' lang='grc' dir='ltr'>ἂν</span> <span class='ocrx_word' id='word_1_913' title='bbox 1760 5583 1870 5621; x_wconf 89' lang='grc' dir='ltr'><strong>οιιι.</strong></span> <span class='ocrx_word' id='word_1_914' title='bbox 1904 5569 1969 5623; x_wconf 86' lang='grc' dir='ltr'><strong>Λ.</strong></span> 
     </span>
    </p>
   </div>
   <div class='ocr_carea' id='block_1_115' title="bbox 1114 5633 2321 5710">
    <p class='ocr_par' dir='ltr' id='par_1_115' title="bbox 1114 5633 2321 5710">
     <span class='ocr_line' id='line_1_116' title="bbox 1114 5633 2321 5710; baseline 0.004 -22"><span class='ocrx_word' id='word_1_915' title='bbox 1114 5639 1161 5674; x_wconf 62' lang='grc' dir='ltr'><strong>²δ</strong></span> <span class='ocrx_word' id='word_1_916' title='bbox 1182 5633 1242 5688; x_wconf 76' lang='grc' dir='ltr'><strong>τὸ</strong></span> <span class='ocrx_word' id='word_1_917' title='bbox 1265 5633 1380 5690; x_wconf 76' lang='lat' dir='ltr'><strong>om.</strong></span> <span class='ocrx_word' id='word_1_918' title='bbox 1402 5638 1470 5691; x_wconf 88' lang='lat' dir='ltr'><strong>A.</strong></span> <span class='ocrx_word' id='word_1_919' title='bbox 1545 5635 1661 5668; x_wconf 79' lang='grc'>²³⁸²⁶</span> <span class='ocrx_word' id='word_1_920' title='bbox 1689 5637 2085 5710; x_wconf 81' lang='grc' dir='ltr'><strong>ὼς-πεισθείη</strong></span> <span class='ocrx_word' id='word_1_921' title='bbox 2113 5633 2224 5696; x_wconf 72' lang='lat' dir='ltr'><strong>oni.</strong></span> <span class='ocrx_word' id='word_1_922' title='bbox 2256 5641 2321 5693; x_wconf 81' lang='grc' dir='ltr'><strong>Α.</strong></span> 
     </span>
    </p>
   </div>
   <div class='ocr_carea' id='block_1_116' title="bbox 1989 5353 3459 5426">
    <p class='ocr_par' dir='ltr' id='par_1_116' title="bbox 1989 5353 3459 5426">
     <span class='ocr_line' id='line_1_117' title="bbox 1989 5353 3459 5426; baseline -0.001 -20"><span class='ocrx_word' id='word_1_923' title='bbox 1989 5356 2010 5388; x_wconf 82' lang='grc'>⁸</span> <span class='ocrx_word' id='word_1_924' title='bbox 2031 5355 2096 5426; x_wconf 82' lang='grc' dir='ltr'><strong>ἦν</strong></span> <span class='ocrx_word' id='word_1_925' title='bbox 2119 5353 2356 5424; x_wconf 82' lang='grc' dir='ltr'><strong>γεγονὼς</strong></span> <span class='ocrx_word' id='word_1_926' title='bbox 2393 5353 2456 5409; x_wconf 79' lang='grc' dir='ltr'><strong>ἐκ</strong></span> <span class='ocrx_word' id='word_1_927' title='bbox 2479 5373 2557 5426; x_wconf 48' lang='grc' dir='ltr'><strong>ς,</strong></span> <span class='ocrx_word' id='word_1_928' title='bbox 2603 5355 2670 5386; x_wconf 80' lang='grc'><strong>⁸-⁷</strong></span> <span class='ocrx_word' id='word_1_929' title='bbox 2695 5356 2765 5426; x_wconf 33' lang='grc' dir='ltr'><strong>-ού</strong></span> <span class='ocrx_word' id='word_1_930' title='bbox 2802 5384 2869 5392; x_wconf 96' lang='grc'><strong><em>-</em></strong></span> <span class='ocrx_word' id='word_1_931' title='bbox 2897 5353 3052 5426; x_wconf 69' lang='grc' dir='ltr'><strong>εἶναι</strong></span> <span class='ocrx_word' id='word_1_932' title='bbox 3070 5367 3188 5426; x_wconf 68' lang='lat' dir='ltr'><strong>om.</strong></span> <span class='ocrx_word' id='word_1_933' title='bbox 3348 5355 3370 5384; x_wconf 83' lang='grc'>⁸</span> <span class='ocrx_word' id='word_1_934' title='bbox 3396 5354 3459 5422; x_wconf 81' lang='grc' dir='ltr'><strong>δὴ</strong></span> 
     </span>
    </p>
   </div>
   <div class='ocr_carea' id='block_1_117' title="bbox 2695 5560 3454 5636">
    <p class='ocr_par' dir='ltr' id='par_1_117' title="bbox 2695 5560 3454 5636">
     <span class='ocr_line' id='line_1_118' title="bbox 2695 5560 3454 5636; baseline -0.001 -19"><span class='ocrx_word' id='word_1_935' title='bbox 2695 5566 2735 5597; x_wconf 85' lang='grc'><strong>²¹</strong></span> <span class='ocrx_word' id='word_1_936' title='bbox 2767 5564 2874 5636; x_wconf 83' lang='grc' dir='ltr'><strong>γὰρ</strong></span> <span class='ocrx_word' id='word_1_937' title='bbox 2904 5560 3100 5635; x_wconf 88' lang='grc' dir='ltr'><strong>δήπου]</strong></span> <span class='ocrx_word' id='word_1_938' title='bbox 3135 5560 3235 5634; x_wconf 73' lang='grc' dir='ltr'><strong>μὲν</strong></span> <span class='ocrx_word' id='word_1_939' title='bbox 3255 5560 3366 5634; x_wconf 64' lang='grc' dir='ltr'><strong>γὰρ</strong></span> <span class='ocrx_word' id='word_1_940' title='bbox 3390 5567 3454 5616; x_wconf 76' lang='grc' dir='ltr'><strong>Α.</strong></span> 
     </span>
    </p>
   </div>
   <div class='ocr_carea' id='block_1_118' title="bbox 2077 5567 2596 5637">
    <p class='ocr_par' dir='ltr' id='par_1_118' title="bbox 2077 5567 2596 5637">
     <span class='ocr_line' id='line_1_119' title="bbox 2077 5567 2596 5637; baseline -0.002 -18"><span class='ocrx_word' id='word_1_941' title='bbox 2077 5569 2123 5599; x_wconf 83' lang='grc'><strong>²⁰</strong></span> <span class='ocrx_word' id='word_1_942' title='bbox 2149 5567 2365 5637; x_wconf 85' lang='grc' dir='ltr'><strong>πρῶτον</strong></span> <span class='ocrx_word' id='word_1_943' title='bbox 2389 5583 2497 5624; x_wconf 85' lang='grc' dir='ltr'><strong>οιιι.</strong></span> <span class='ocrx_word' id='word_1_944' title='bbox 2530 5567 2596 5619; x_wconf 81' lang='grc' dir='ltr'><strong>Α.</strong></span> 
     </span>
    </p>
   </div>
   <div class='ocr_carea' id='block_1_119' title="bbox 1715 5751 1952 5810">
    <p class='ocr_par' dir='ltr' id='par_1_119' title="bbox 1715 5751 1952 5810">
     <span class='ocr_line' id='line_1_120' title="bbox 1715 5751 1952 5810; baseline 0.021 -5"><span class='ocrx_word' id='word_1_945' title='bbox 1715 5751 1952 5810; x_wconf 64' lang='lat' dir='ltr'><strong>NOTAE.</strong></span> 
     </span>
    </p>
   </div>
   <div class='ocr_carea' id='block_1_120' title="bbox 223 5820 1632 5893">
    <p class='ocr_par' dir='ltr' id='par_1_120' title="bbox 223 5820 1632 5893">
     <span class='ocr_line' id='line_1_121' title="bbox 223 5820 1632 5893; baseline -0.002 -16"><span class='ocrx_word' id='word_1_946' title='bbox 223 5822 345 5887; x_wconf 72' lang='lat'><strong>(85)</strong></span> <span class='ocrx_word' id='word_1_947' title='bbox 382 5820 625 5878; x_wconf 86' lang='lat' dir='ltr'><strong>Porticus</strong></span> <span class='ocrx_word' id='word_1_948' title='bbox 653 5821 879 5878; x_wconf 86' lang='lat' dir='ltr'><strong>Athenis</strong></span> <span class='ocrx_word' id='word_1_949' title='bbox 910 5823 1126 5878; x_wconf 89' lang='lat' dir='ltr'><strong>nomine</strong></span> <span class='ocrx_word' id='word_1_950' title='bbox 1164 5822 1347 5887; x_wconf 78' lang='lat' dir='ltr'><strong>Varia,</strong></span> <span class='ocrx_word' id='word_1_951' title='bbox 1381 5821 1632 5893; x_wconf 79' lang='grc' dir='ltr'><strong>Ποικίλη.</strong></span> 
     </span>
    </p>
   </div>
  </div>
