3960 6410
484 340 618 402 1499

1645 333 1852 394 ΡῙΙΟΤ
1865 335 1880 392 ι
1899 329 1948 392 [’
2007 330 2513 394 PATRIARCH/E
2547 330 2654 389 ΕΡ.

3613 327 3746 390 15οθ

479 451 678 504 riorem
726 445 979 511 fateatur,
1023 453 1182 514 atque
1213 442 1280 498 ob
1328 442 1380 497 id
1423 441 1596 512 ipsum
1629 441 1894 505 laudetur,
1924 456 2053 510 prte-

2168 440 2367 493 ἄτοπον
2419 439 2510 492 τόν
2543 455 2608 506 γε
2645 434 2806 490 αὐτὸν
2833 435 2877 467 ⁸⁷
2927 433 3313 505 ὡμολογηκότα
3365 431 3506 488 εἰναι
3551 435 3742 504 χείρω,

479 538 802 594 stantiorem
858 537 1058 590 dicere.
1106 533 1352 590 Alienum
1405 547 1434 586 a
1483 533 1688 587 ratione
1733 531 1895 599 foret,
1927 533 1972 585 si
2005 546 2072 587 ne

480 632 583 686 hoc
613 629 830 698 quidem
886 625 1476 690 animadverteremus,
1512 641 1618 678 non
1663 626 1824 679 modo
1851 635 2071 679 naturas

480 722 633 777 initio
700 728 844 774 artes
909 707 1281 782 constituisse,
1331 717 1427 772 sed
1470 716 1616 770 etin
1676 715 1807 786 ipsis
1859 716 2071 770 artibus

476 828 592 875 eos,
644 811 734 882 qui
788 819 979 864 natura
1032 809 1292 872 valerent,
1359 807 1699 862 excelluisse.
1751 806 1886 860 Nam
1932 806 2069 860 artis

477 905 692 974 quidem
748 918 909 958 causa
965 901 1174 956 similes
1222 901 1510 969 oportebat
1551 914 1741 954 omnes
1777 913 1918 964 esse,
1974 897 2065 968 qui

477 995 662 1048 eadem
699 994 1033 1054 didicissent,
1093 1000 1258 1060 atque
1303 993 1465 1044 etiam
1505 990 1838 1068 posteriores
1867 989 2066 1058 priori-

479 1089 580 1142 bus
613 1101 828 1156 semper
871 1085 1188 1148 deteriores,
1225 1084 1395 1137 donec
1444 1083 1511 1137 ad
1559 1083 1697 1137 artis
1738 1081 2063 1137 solutionem

477 1185 616 1229 esset
651 1183 869 1228 ventum
933 1173 1054 1241 (nec
1087 1173 1232 1226 enim
1272 1181 1483 1238 poterat
1509 1174 1630 1239 quis
1663 1171 1731 1226 ab
1766 1171 1872 1226 alio
1901 1185 2064 1224 accu-

477 1274 593 1317 rate
626 1265 904 1332 percipere
950 1264 1156 1329 omnia,
1195 1263 1324 1331 quin
1373 1263 1576 1330 aliquid
1612 1277 1828 1332 semper
1856 1261 2062 1331 eifuge-

477 1355 602 1426 ret),
644 1367 856 1409 naturae
905 1365 1086 1408 autem
1118 1355 1166 1408 vi
1214 1363 1266 1409 et
1310 1355 1632 1410 excellentia
1671 1356 1897 1425 gloriam
1954 1355 2059 1410 sibi

477 1449 575 1501 viri
627 1447 1026 1515 praeclarissitui
1072 1456 1420 1516 pepererunt.
1476 1445 1585 1501 Nec
1637 1449 1923 1516 quisquam
1975 1449 2060 1503 vel

476 1537 747 1591 Daedalum
782 1536 866 1591 vel
888 1538 1196 1606 superiores
1219 1553 1329 1606 pra:
1360 1537 1550 1590 Pbidia
1578 1537 1830 1603 miratur,
1864 1553 2056 1592 verum

475 1637 664 1682 contra
705 1638 851 1682 artes
878 1645 940 1681 ex
986 1628 1168 1696 parvis
1197 1637 1251 1682 et
1281 1627 1476 1682 vilibus
1522 1629 1692 1683 initiis
1724 1629 1960 1696 majores
1994 1645 2058 1684 ac

475 1720 828 1790 perleCtiores
858 1729 982 1774 sunt
1007 1720 1254 1774 redditae.
1298 1720 1450 1787 Quod
1496 1722 1540 1775 si
1573 1731 1655 1775 est
1685 1720 2054 1784 manifestum,

475 1812 602 1867 licet
628 1827 772 1866 nunc
797 1812 1030 1881 primum
1067 1813 1273 1867 dictum
1305 1813 1398 1877 sit,
1428 1812 1648 1864 maximi
1676 1810 1916 1865 artiﬁces
1949 1826 2055 1865 non
2091 1795 2132 1847 Β

475 1913 748 1972 quatenus
777 1914 924 1957 artes
949 1913 1343 1972 cognoverunt,
1379 1903 1604 1957 tuaximi
1641 1902 1926 1966 exstitere,
1959 1903 2054 1956 sed

475 2005 742 2064 quatenus
775 2009 868 2048 eas
910 2005 1261 2062 superarunt.
1299 1994 1392 2048 liis
1429 1995 1594 2064 igitur
1622 1993 1852 2056 artibus,
1883 1999 1940 2044 ut
1963 2007 2059 2060 par

475 2095 578 2149 est.
619 2101 725 2140 non
779 2101 990 2154 aequum
1027 2087 1244 2140 videtur
1291 2096 1464 2140 artem
1503 2095 1711 2139 natura;
1758 2084 1998 2153 praeponi
2039 2099 2052 2134 :

476 2191 582 2230 non
609 2191 738 2246 ergo
764 2187 892 2232 ante
932 2177 1074 2232 hanc
1103 2177 1227 2243 fuit,
1257 2192 1431 2247 neque
1460 2192 1525 2234 eo
1556 2192 1665 2248 quo
1701 2190 1848 2232 nunc
1871 2178 2055 2240 modo,

477 2283 654 2335 neque
687 2267 913 2339 gloriata
938 2278 1042 2322 cst.

545 2359 768 2423 Verum,
805 2369 863 2413 ut
886 2371 1032 2428 puto,
1074 2375 1178 2415 tton
1213 2368 1359 2416 artes
1402 2361 1692 2416 sustulisse
1742 2363 1896 2417 viros
1932 2376 2053 2414 ma-

473 2462 630 2516 gnos,
691 2448 784 2501 sed
815 2449 906 2516 qui
947 2449 1186 2517 potentia
1221 2449 1380 2516 primi
1433 2458 1617 2504 essent
1673 2449 2052 2516 honorabiles,

475 2549 622 2593 artes
646 2538 860 2604 fecisse,
910 2555 1013 2592 ttou
1049 2550 1331 2594 manentes
1378 2556 1405 2592 ιι
1448 2542 1647 2610 quibus
1687 2542 2052 2610 accepissent,

471 2640 660 2679 verum
689 2625 928 2694 inspecta
947 2626 1256 2691 verborum,
1280 2627 1369 2679 alii
1400 2642 1583 2680 rerum
1615 2636 1831 2692 natura,
1857 2644 2056 2696 pueros

473 2732 585 2787 prae
618 2731 676 2772 se
703 2717 938 2788 majores
981 2715 1231 2773 fecerunt
1275 2719 1473 2772 videri.
1517 2718 1623 2772 Sed
1659 2730 1803 2776 artes
1839 2737 2052 2787 omnes,

473 2816 534 2861 ut
569 2808 705 2874 dixi,
758 2820 964 2863 naturae
1016 2819 1142 2864 sunt
1187 2811 1490 2863 inventum.
1547 2810 1763 2864 Etenim
1812 2813 1856 2867 si
1905 2823 2055 2868 artes

473 2907 657 2954 essent
691 2907 839 2953 artes
893 2899 1256 2967 productum,
1289 2899 1496 2952 nullum
1541 2910 1786 2956 exstaret
1841 2905 2052 2971 princi-

473 2988 646 3057 pium.
681 2988 814 3042 Cum
871 2990 1018 3044 enim
1074 2991 1315 3044 nondum
1356 3001 1543 3046 essent
1595 3002 1766 3060 artes,
1821 2995 2047 3064 reperiri

475 3095 582 3136 non
614 3089 925 3151 potuerunt,
972 3081 1418 3152 quandoquidem
1463 3099 1584 3153 quae
1624 3100 1730 3138 non
1787 3095 1936 3149 erat,
1969 3085 2052 3139 in-

471 3173 663 3227 venire
695 3174 832 3227 nihil
863 3181 1099 3243 poterat.
1145 3173 1508 3240 Quamobrem
1558 3188 1669 3229 tum
1705 3176 2047 3231 inventorqu

472 3264 702 3329 ratione,
736 3273 849 3318 tum
875 3265 1217 3334 sequentium
1244 3266 1525 3320 victoriam
1562 3279 1806 3336 reportat
1832 3277 2046 3322 natura.

471 3355 585 3410 llac
615 3356 779 3424 igitur
799 3371 1016 3428 quoque
1056 3358 1270 3413 ratione
1295 3368 1525 3429 apparet
1549 3368 1802 3413 naturam
1828 3361 2048 3431 quidem

469 3448 755 3518 principis,
790 3460 964 3503 artem
1014 3465 1146 3505 vero
1187 3450 1480 3520 disciplina
1520 3462 1890 3517 constantem,
1942 3453 2049 3508 mi-

474 3541 630 3595 nistri
673 3557 737 3595 ac
765 3543 1008 3597 melioris
1046 3543 1309 3611 parentis,
1339 3544 1590 3600 obtinere
1626 3546 1828 3600 locum.
1863 3545 2047 3618 Atque

470 3646 533 3685 ea
565 3633 810 3701 quidem,
851 3648 969 3702 quae
1003 3649 1100 3703 pro
1126 3634 1421 3701 rhetorica,
1481 3637 1696 3691 etiamsi
1722 3647 1898 3693 artem
1939 3655 2044 3693 non

469 3738 592 3778 esse
617 3739 737 3778 eam
776 3724 1138 3793 posuerimus,
1172 3723 1367 3796 4131)
1415 3727 1521 3782 dici
1574 3738 1818 3798 possent,
1863 3731 2050 3785 multis

470 3816 709 3882 omissis,
743 3814 860 3869 haec
893 3815 1007 3870 fere
1039 3826 1168 3871 sunt
1198 3833 1262 3871 ac
1290 3818 1440 3872 talia.
1480 3817 1580 3874 llis
1617 3829 1798 3875 autem
1838 3822 1908 3877 ita
1943 3823 2040 3878 de-

472 3906 810 3972 monstratis,
873 3908 1214 3963 existimabit
1269 3907 1497 3964 forsitan
1560 3911 1765 3982 aliquis
1803 3913 2043 3984 peiorem

470 4013 570 4053 nos
598 3999 856 4068 deinceps
889 4009 1098 4068 partem
1132 4003 1355 4066 sectari,
1385 4003 1430 4057 si
1487 4005 1656 4059 etiam
1716 4019 1890 4062 artem
1923 4023 2048 4063 esse

471 4091 805 4146 voluerimus
856 4091 1076 4146 docere.
1130 4091 1242 4160 Ego
1273 4107 1402 4149 vero
1452 4111 1552 4151 nec
1580 4097 1647 4153 de
1703 4102 2035 4168 supradictis

466 4182 766 4254 quidquam
796 4195 967 4250 muto,
1010 4198 1110 4238 nec
1135 4182 1348 4239 Platoni
1381 4193 1642 4258 concedo,
1686 4194 1819 4248 nihil
1845 4195 2050 4251 habere

467 4275 603 4329 artis
641 4276 992 4344 rhetoricam,
1037 4279 1133 4331 sed
1164 4287 1426 4346 quantum
1462 4283 1512 4333 in
1551 4299 1612 4336 ea
1669 4286 1803 4338 artis
1843 4297 1925 4340 est
1966 4288 2051 4355 (nt

462 4363 632 4429 ipsius
661 4374 780 4416 utar
806 4361 1047 4418 Platonis
1081 4363 1306 4430 verbis),
1342 4367 1677 4420 tantumdem
1725 4382 2046 4437 prosequar.

2171 529 2359 583 τοῦτον
2385 528 2594 598 ἀμείνω
2636 527 2821 580 καλεῖν
2851 524 2920 591 ³⁸,
2953 526 3050 578 καὶ
3075 525 3250 580 ταῦτα
3274 529 3318 558 ¹⁹
3344 526 3411 580 δι’
3438 525 3573 578 αὐτὸ
3599 526 3742 579 τοῦτ’

2169 621 2584 691 ἐπαινούμενον,
2628 620 2711 673 ὅτι
2749 617 3099 688 ὡμολόγηκεν
3154 613 3235 680 οἷς
3275 617 3510 688 ἐζήτησε
3551 619 3744 688 μαθεῖν

2168 714 2369 786 χείρων
2395 709 2552 766 εἶναι.
2601 713 2834 766 ’Δτοπον
2867 711 2924 763 δὲ
2952 710 2996 762 ’°.
3033 711 3127 764 καὶ
3156 712 3198 743 ³¹
3231 709 3353 781 μηδ’
3383 713 3560 765 ἐκεῖνο
3589 713 3745 782 όρᾷν,

2167 805 2251 859 ὅτι
2277 807 2338 858 οὑ
2373 806 2531 875 μόνον
2562 804 2622 869 ἐξ
2649 805 2825 875 ἀρχῆς
2849 804 2907 859 αἱ
2931 803 3119 874 φύσεις
3146 804 3244 867 τὰς
3267 804 3462 874 τέχνας
3486 807 3746 873 συνεστήο

2168 914 2329 951 σαντο
2367 898 2434 962 ³²,
2481 896 2618 950 ἀλλὰ
2649 899 2742 950 καὶ
2793 897 2924 968 περὶ
2967 896 3136 960 αὐτὰς
3179 896 3278 958 τὰς
3323 896 3518 966 τέχνας
3576 899 3624 949 οἰ
3679 899 3743 965 τῇ

2166 987 2326 1056 φύσει
2381 989 2708 1056 νικήσαντες
2775 986 3165 1058 διενηνόχασιν.
3221 988 3425 1040 Ἕνεκα
3483 987 3584 1058 μὲν
3635 988 3745 1058 γάρ

2164 1081 2263 1148 τῆς
2297 1077 2491 1148 τέχνης
2548 1079 2759 1141 πάντας
2805 1078 2911 1132 ἔδει
2966 1078 3378 1149 παραπλησίους
3421 1075 3565 1132 εἶναι
3618 1079 3744 1142 τοὺς

2164 1168 2334 1233 αὑτάς
2365 1168 2635 1239 μαθόντας
2663 1169 2730 1236 ³³,
2760 1165 2916 1236 οἶμαι
2947 1169 3004 1221 δὲ
3040 1170 3134 1222 καὶ
3167 1169 3380 1239 χείρους
3400 1170 3526 1233 τοὺς
3560 1169 3745 1222 δευτέ-

2167 1275 2293 1328 ρους
2331 1259 2417 1310 ἀεὶ
2445 1257 2555 1310 τῶν
2597 1258 2902 1328 προτέρων,
2938 1259 3042 1321 ἓως
3065 1261 3145 1321 εἰς
3172 1258 3232 1310 τὸ
3258 1259 3485 1327 λυθῆναι
3506 1257 3606 1328 τὴν
3658 1259 3745 1310 τέο

2164 1370 2298 1424 χνην
2325 1351 2556 1422 ἀφίκετο
2583 1368 2596 1383 ·
2626 1352 2687 1404 οὑ
2728 1351 2837 1420 γάρ
2875 1351 2940 1404 ἂν
2959 1346 3026 1420 ἦν
3065 1351 3245 1404 πάντα
3273 1350 3459 1404 λαϐεῖν
3501 1349 3744 1420 ἀκριϐῶς

2164 1446 2294 1518 παρ’
2321 1445 2511 1517 ἑτέρου
2545 1444 2912 1513 λαμϐάνοντα,
2962 1443 3078 1496 ἀλλ’
3118 1443 3225 1495 ἔδει
3255 1443 3540 1510 διαφυγεῖν
3575 1442 3620 1474 ³⁵
3655 1443 3741 1494 ἀεί

2160 1558 2232 1592 τι.
2277 1538 2465 1610 Ῥώμῃ
2487 1537 2565 1603 δὲ,
2590 1534 2760 1606 οἶμαι,
2789 1536 3003 1605 φύσεως
3033 1538 3125 1590 καὶ
3151 1539 3435 1608 περιουσίᾳ
3460 1537 3558 1607 τὴν
3585 1536 3742 1601 δόξαν

2159 1632 2208 1684 οἱ
2238 1631 2614 1702 κρατήσαντες
2653 1628 2912 1699 εἰλήφασι
2941 1644 2956 1660 ⁸
3006 1629 3100 1682 καὶ
3133 1628 3311 1690 οὐδεὶς
3352 1628 3445 1680 τὸν
3484 1628 3741 1680 Δαίδαλον

2160 1723 2281 1775 οὑδὲ
2312 1723 2439 1784 τοὺς
2467 1720 2580 1775 ἄνω
2624 1720 2896 1790 θαυμάζει
2927 1720 3077 1790 παρά
3111 1719 3202 1772 τὸν
3241 1720 3286 1751 ³⁵
3333 1719 3568 1779 Φειδίαν,
3606 1719 3742 1772 ἀλλὰ

2159 1814 2470 1866 τούναντίον
2499 1814 2564 1865 ὲκ
2609 1812 2821 1882 μικρῶν
2850 1812 2944 1864 καὶ
2971 1810 3190 1879 φαύλων
3225 1810 3286 1862 τὸ
3312 1810 3431 1864 κατ’
3460 1809 3637 1880 ἀρχάς
3663 1813 3742 1874 εἰς

2158 1901 2221 1955 τὸ
2263 1901 2446 1970 μεῖζον
2487 1902 2580 1954 καὶ
2624 1901 2957 1970 τελειότερον
3003 1900 3048 1932 ³⁸
3075 1902 3131 1954 αἱ
3162 1902 3346 1971 τέχναι
3379 1902 3738 1972 κατέστησαν.

2161 1992 2291 2065 [6Ἱῦ
2322 1992 2410 2064 IL]
2445 1995 2641 2058 Αὑταῖς
2678 1994 2722 2025 ³⁷
2747 1994 2947 2056 τοίνυν,
2991 1993 3064 2057 ὡς
3089 1993 3254 2059 ἔοικε,
3282 1996 3401 2054 ταῖς
3437 1992 3654 2062 τέχναις
3681 1994 3740 2046 ού

2159 2085 2470 2139 λυσιτελοῦν
2503 2086 2752 2154 φαίνεται
2791 2086 2891 2157 τήν
2916 2086 3112 2157 τέχνην
3138 2087 3244 2156 πρὸ
3277 2085 3380 2150 τῆς
3405 2086 3620 2154 φύσεως
3657 2105 3745 2138 τε-

2159 2176 2447 2247 τιμῆσθαι.
2506 2177 2718 2231 Οὐκοῦν
2757 2177 3040 2247 προελθεῖν
3087 2178 3140 2246 γ’
3174 2177 3239 2231 ἂν
3289 2179 3477 2241 αὑταῖς
3513 2173 3582 2248 ἦν
3623 2179 3742 2231 οὐδὲ

2157 2271 2343 2338 τυχεῖν
2376 2268 2469 2321 τοῦ
2497 2268 2592 2322 νῦν
2620 2271 2897 2338 σχήματος
2927 2268 3047 2321 οὐδὲ
3076 2267 3456 2336 σεμνύνεσθαι.

2243 2357 2381 2410 Ἀλλ’
2405 2353 2581 2427 οἶμαι,
2639 2359 2736 2428 οὑχ
2763 2359 2819 2411 αἱ
2863 2358 3049 2428 τέχναι
3073 2357 3197 2422 τοὺς
3239 2358 3436 2429 ἄνδρας
3465 2354 3612 2430 ἦραν
3645 2376 3739 2429 με·

2163 2449 2593 2517 γάλους,άλλόί
2643 2453 2710 2521 τῇ
2757 2451 2988 2520 δυνάμει
3036 2452 3451 2522 πρωτεύσαντες
3488 2453 3736 2522 ἐντίμους

2159 2540 2259 2603 τὰς
2283 2541 2480 2610 τέχνας
2507 2541 2791 2610 ἐποίησαν,
2844 2543 2906 2594 οὑ
2949 2542 3230 2612 μείναντες
3264 2542 3351 2610 ἐφ’
3385 2536 3460 2595 ὧν
3500 2543 3734 2614 παρέλα-

2161 2632 2274 2686 ϐον.
2310 2634 2372 2686 Εἰ
2404 2633 2462 2686 δὲ
2530 2633 2676 2686 τοῦθ’
2713 2633 2919 2687 ἅπασιν
2978 2632 3220 2703 εὔδηλον,
3268 2636 3318 2687 εἰ
3373 2635 3469 2688 καὶ
3499 2637 3572 2704 μὴ
3604 2637 3737 2705 πρό-

2159 2739 2339 2793 τερον,
2375 2724 2510 2777 ἀλλὰ
2538 2722 2634 2777 νῦν
2683 2741 2748 2791 γε
2802 2725 3112 2795 εἰρημένον,
3165 2725 3216 2779 οἱ
3267 2726 3512 2796 μέγιστοι
3553 2728 3660 2780 τῶν
3680 2729 3737 2779 ὲν

2157 2819 2277 2880 ταῖς
2299 2817 2516 2886 τέχναις
2540 2818 2639 2887 οὑχ
2653 2816 2769 2851 ³⁸⁸³⁸
2799 2810 2842 2883 ᾧ
2861 2819 3232 2888 μετεσχήκασι
3248 2818 3348 2888 τῆς
3375 2820 3567 2888 τέχνης
3585 2819 3740 2888 μέγι-

2161 2927 2276 2964 στοι
2302 2910 2612 2978 γεγόνασιν,
2642 2909 2758 2962 ἀλλ’
2785 2903 2829 2977 ᾧ
2851 2910 2950 2979 τὴν
2972 2910 3170 2981 τέχνην
3196 2909 3642 2980 παρεληλύθασιν
3668 2911 3735 2964 ⁸⁸.

2171 3001 2312 3054 Ἀλλ’
2343 3002 2387 3033 ⁴¹
2447 3001 2740 3064 ἐνδιδόντες
2770 3004 2835 3071 τῇ
2891 2999 3052 3070 φύσει
3089 3002 3200 3054 τῶν
3230 3001 3423 3069 λόγων,
3461 3001 3512 3054 οἱ
3541 3001 3600 3054 δὲ
3632 3000 3739 3054 τῶν

2158 3094 2522 3164 πραγμάτων,
2565 3095 2764 3156 παῖδας
2803 3096 2928 3157 τοὺς
2969 3095 3077 3165 πρὸ
3120 3095 3300 3147 αὑτῶν
3339 3092 3590 3166 [δυνάμει
3639 3095 3740 3162 φύ-

2161 3204 2298 3249 σεως
2333 3183 2402 3257 Μ]
2431 3184 2744 3248 ἀπέδειξαν.
2777 3184 2938 3238 ama:
2966 3185 3012 3216 ”
3030 3185 3209 3248 πάσας
3228 3185 3324 3248 τὰς
3356 3185 3573 3256 τέχνας,
3604 3186 3738 3255 ὅπερ

2157 3273 2334 3341 εἷπον,
2378 3278 2412 3346 ή
2438 3275 2600 3345 φύσις
2629 3270 2808 3348 ε’ὑρεν.
2845 3277 2908 3329 Εἰ
2939 3277 3048 3348 γάρ
3091 3280 3146 3330 αἰ
3195 3279 3381 3348 τέχναι
3420 3279 3518 3340 τὰς
3547 3279 3740 3346 τέχνας

2157 3367 2383 3439 ἔμελλον
2439 3369 2714 3439 εὑρήσειν,
2755 3369 2854 3421 οὐκ
2883 3368 2950 3422 ἂν
2978 3364 3047 3438 ἦν
3087 3369 3274 3423 λαϐεῖν
3304 3371 3404 3439 τὴν
3437 3369 3633 3440 ἀρχήν.
3661 3369 3738 3422 Ού

2156 3460 2266 3530 γάρ
2295 3477 2382 3512 πω
2410 3459 2614 3529 τεχνῶν
2641 3458 2815 3512 οὐσῶν
2841 3459 2942 3513 οὑκ
2997 3459 3064 3512 ἂν
3096 3455 3164 3530 ἦν
3188 3461 3386 3530 τέχνην
3420 3461 3600 3530 εὑρεῖν
3618 3476 3631 3492 ·
3665 3462 3734 3530 τῇ

2156 3554 2266 3622 γὰρ
2322 3553 2369 3583 ⁸⁵
2429 3551 2506 3622 μὴ
2565 3549 2699 3622 οὑσῃ
2757 3550 2874 3613 πῶς
2915 3550 3043 3619 ὲνῆν
3085 3552 3266 3621 εὑρεῖν
3295 3553 3374 3616 ⁴⁸;
3408 3551 3619 3604 Οὐκοῦν
3641 3555 3733 3603 καὶ

2157 3643 2297 3698 κατὰ
2321 3643 2448 3706 τοὺς
2479 3641 2739 3711 εὑρόντας
2792 3641 2892 3706 τὰς
2943 3642 3139 3711 τέχνας
3173 3643 3231 3708 ἐξ
3266 3643 3441 3712 ἀρχῆς
3471 3644 3566 3695 καὶ
3599 3643 3734 3696 κατὰ

2156 3735 2279 3797 τοὺς
2331 3733 2697 3803 ὑπερέχοντας
2739 3735 2800 3786 ὲν
2865 3733 3056 3796 αὑταῖς
3078 3733 3124 3764 ⁸⁸
3166 3735 3200 3802 ή
3241 3732 3398 3802 φύσις
3428 3734 3576 3804 νικᾷ.
3606 3734 3734 3786 Φαί-

2157 3841 2306 3878 νεται
2340 3823 2384 3855 ⁸⁷
2413 3824 2594 3877 τοίνυν
2643 3825 2737 3879 καὶ
2781 3825 2923 3879 κατὰ
2966 3825 3154 3878 τοῦτον
3180 3825 3224 3857 ⁸³
3249 3827 3338 3879 τὸν
3375 3826 3531 3894 λόγον
3571 3829 3603 3896 ή
3639 3826 3736 3894 μὲν

2158 3915 2321 3984 φύσις
2345 3914 2605 3986 ἄρχοντος
2644 3915 2829 3988 χώραν
2855 3918 2899 3950 ⁸⁹
2934 3916 3154 3987 ἔχουσα,
3191 3919 3221 3987 ή
3260 3917 3400 3970 δὲέκ
3422 3917 3516 3974 τοῦ
3544 3915 3733 3987 μαθεῖν

2156 4007 2320 4078 τέχνη
2378 4006 2630 4061 διακόνου
2675 4009 2769 4064 καὶ⁴
2817 4008 3140 4078 πειθομένου
3200 4007 3277 4078 τῷ
3335 4007 3627 4077 κρείττονι.
3669 4008 3729 4060 Ἀ

2159 4099 2256 4170 μὲν
2286 4099 2331 4130 ⁸
2360 4097 2474 4164 οὖν,
2513 4099 2562 4150 εἰ
2583 4098 2677 4151 καὶ
2712 4097 2784 4167 μὴ
2809 4099 3007 4168 τέχνην
3039 4092 3184 4168 εἶναι
3203 4097 3426 4168 δοίημεν
3449 4096 3546 4163 τὴν
3575 4097 3728 4165 ῥητο-

2159 4189 2338 4261 ρικὴν,
2363 4189 2474 4259 ἔχοι
2509 4190 2552 4221 ⁵¹
2592 4205 2674 4252 τις
2696 4188 2762 4242 ἂν
2792 4187 2970 4256 λέγειν
3004 4189 3143 4260 ὑπὲρ
3187 4188 3375 4258 αὐτῆς,
3408 4185 3582 4238 πολλὰ
3607 4189 3734 4252 ἀφε-

2158 4279 2300 4333 λόντι
2322 4279 2430 4332 τῶν
2460 4277 2720 4332 ἐπιόντων
2741 4277 2982 4332 τοσαῦτα
3005 4280 3100 4331 καὶ
3130 4277 3354 4330 τοιαῦτά
3381 4278 3551 4330 ἐστιν.
3576 4275 3730 4334 Ἴσως

2156 4371 2215 4424 δέ
2247 4372 2292 4403 ⁸⁹
2313 4387 2398 4429 τις
2429 4370 2695 4439 οἰήσεται,
2727 4367 2932 4420 τούτων
2953 4368 3124 4429 οὑτως
3161 4364 3644 4435 ἀποδεδειγμένων,
3674 4361 3730 4413 τὺ

460 4454 542 4508 An
576 4469 709 4511 vero
757 4459 1038 4516 contraria
1078 4477 1183 4518 non
1221 4469 1373 4523 sunt,
1402 4457 1446 4512 si
1495 4467 1551 4511 et
1590 4458 1876 4514 intendere
1926 4477 2048 4516 eam

2162 4455 2492 4528 φαυλότερον
2517 4455 2768 4508 σπεύδειν
2790 4457 2938 4526 ἡμᾶς
2967 4456 3176 4523 λοιπὸν,
3215 4454 3308 4509 ἐάν
3341 4456 3424 4508 ὅτι
3455 4456 3550 4507 καὶ
3579 4455 3741 4522 τέχνη

462 4543 629 4600 veluti
665 4547 716 4601 in
773 4563 997 4620 scepum
1053 4552 1280 4619 dixeris,
1313 4563 1369 4608 et
1397 4553 1586 4608 eadem
1619 4549 1688 4606 de
1731 4566 1922 4616 causa,
1964 4567 2050 4605 ra-

465 4635 611 4691 tione
639 4642 862 4695 carere?
891 4641 1094 4698 Omnes
1149 4645 1410 4716 euintqtti
1463 4645 1782 4711 eollineaut,
1839 4645 2052 4698 ratione

464 4727 650 4796 utique
680 4737 920 4798 utentes,
953 4735 1290 4800 colliueant;
1327 4751 1430 4792 nec
1471 4737 1618 4789 enim
1670 4735 1797 4790 licet
1834 4736 2050 4789 ratione

465 4833 570 4871 non
596 4827 835 4874 utentem
865 4823 1180 4891 collineare,
1207 4826 1476 4894 siquidem
1504 4825 2048 4896 ratiojaculationem

462 4905 680 4963 t-iliciat.
722 4909 858 4964 Nam
896 4914 1192 4970 collineare
1232 4926 1320 4970 est
1365 4932 1478 4970 rem
1524 4918 1818 4986 attingere,
1861 4924 1923 4968 ut
1958 4914 2048 4983 qui

464 5002 751 5069 aberrant,
789 5020 894 5058 non
952 5005 1089 5060 bene
1141 5008 1456 5063 collineant.
1532 5007 1722 5078 itaque
1785 5024 1891 5062 non
1950 5009 2042 5079 qui

2157 4548 2432 4602 διδάσκειν
2467 4547 2809 4618 πειρώμεθα.
2846 4548 2989 4617 Ἐγὼ
3013 4548 3070 4602 δὲ
3099 4547 3221 4602 οὑτε
3238 4550 3283 4582 ⁸³
3310 4547 3418 4601 τῶν
3436 4547 3738 4618 εἰρημένων

2157 4641 2311 4695 οὐδὲν
2372 4640 2734 4711 μετατίθεμαι
2785 4641 2853 4706 ⁵⁵,
2917 4639 3041 4695 οὔτε
3097 4641 3342 4694 Πλάτωνι
3381 4640 3652 4710 συγχωρῶ
3683 4637 3740 4690 τὸ

2162 4731 2328 4802 μηδὲν
2352 4733 2593 4800 μετεῖναι
2645 4732 2909 4802 ῥητορικῇ
2962 4733 3155 4802 τέχνης
3177 4730 3388 4792 manv
3433 4732 3559 4784 ὅσον
3605 4731 3737 4799 αὐτῇ

2160 4826 2358 4896 τέχνης
2399 4826 2700 4896 (χρήσομαι
2739 4826 2784 4857 ⁵³
2805 4827 2913 4897 γὰρ
2974 4829 3086 4889 τοῖς
3128 4825 3224 4878 τοῦ
3258 4824 3547 4886 Πλάτωνος
3581 4821 3740 4875 αὑτοῦ

2167 4919 2406 4989 ῥήμασιν
2460 4917 2552 4985 ⁸⁷),
2611 4917 2760 4970 τοῦτ’
2815 4919 3084 4987 ἐπέξειμι.
3141 4918 3333 4970 Καίτοι
3372 4917 3418 4949 ⁸⁸
3473 4916 3593 4978 πῶς
3648 4917 3738 4983 οὑχ

2159 5010 2476 5064 ὑπεναντίον
2548 5009 2780 5078 φάσκειν
2831 5010 2931 5080 μὲν
2977 5009 3333 5080 στοχάζεσθαι
3390 5009 3489 5080 τὴν
3529 5013 3741 5080 ῥητορι-

1792 5149 2026 5206 νΑιιιΑι
2068 5150 2360 5206 LECTION
2369 5151 2473 5206 ES.

538 5242 583 5273 ²⁷
607 5257 672 5308 γε
701 5240 864 5294 αὑτὸν
884 5255 995 5294 om.
1019 5240 1082 5293 A.
1158 5240 1206 5272 ³⁸
1234 5239 1329 5292 καὶ
1358 5239 1535 5294 ταῦτα
1571 5269 1639 5282 -—
1671 5243 1830 5307 1515,
1857 5243 1920 5297 l6
1949 5245 1994 5298 ii
2027 5241 2223 5314 κρίνω]
2246 5259 2344 5312 pro
2377 5243 2462 5297 bis
2489 5242 2541 5295 in
2573 5241 2614 5294 Β
2649 5256 2858 5310 pagina:
2889 5256 3070 5295 vacuae
3096 5250 3223 5294 sunt
3249 5238 3513 5308 quinque.
3592 5247 3607 5278 ε

538 5314 695 5368 ἥτησε
723 5311 911 5368 μαθεῖν
929 5327 1038 5365 om.
1071 5327 1152 5368 Dr.
1184 5311 1244 5366 C.
1323 5311 1366 5347 ³⁰
1397 5311 1597 5365 ἄτοπον
1615 5313 1670 5366 δὲ
1695 5329 1804 5367 om.
1835 5330 1915 5368 nr.
1938 5314 2000 5367 C.
2035 5317 2284 5368 leguntur
2314 5330 2364 5368 υ.
2389 5314 2478 5368 51.
2548 5314 2590 5346 ³⁸
2628 5313 2726 5366 καὶ
2748 5314 2937 5366 om.A.
3003 5313 3044 5342 ³³
3072 5311 3402 5368 συνέστησαν
3432 5310 3498 5362 Α.
3561 5315 3607 5350 ³³

1323 5326 1366 5347 δ”
1397 5326 1597 5365 ατοπον
1615 5326 1670 5366 δε
1695 5329 1804 5367 Ol“.
1835 5330 1915 5382 pr.
1938 5326 2000 5367 (λ.
2036 5326 2284 5383 leguntur
2314 5330 2364 5383 β.
2389 5326 2478 5368 51.
2548 5326 2590 5346 ﬂ
2628 5326 2726 5366 καὶ
2748 5326 2937 5366 OHLA.
3003 5326 3044 5342 "
3072 5326 3402 5379 συνέστησαν
3432 5326 3498 5362 Α.
3561 5326 3607 5350 ³³
3639 5328 3738 5378 μί·

1315 5380 1360 5414 δ”
1390 5381 1672 5424 Stamina-iu
1706 5383 1789 5424 ΔΩ
1818 5385 2157 5424 '8rnmet'ivcru
2187 5401 2226 5424 ρ·
2341 5386 2385 5417 ³⁸
2419 5385 2510 5424 ιιι-δυ
2542 5384 2663 5424 allii-
2707 5384 2765 5424 Δ-
2889 5381 2934 5412 ³⁸
2959 5381 3178 5424 τςλςιῖιτς
3191 5399 3280 5424 nnu
3308 5397 3366 5424 ι’-
3462 5380 3508 5410 ³⁷
3535 5376 3736 5424 ain-abl

1390 5383 1672 5449 διαφυγεῖν
1703 5383 1789 5437 AC
1815 5385 2157 5454 ;διαφεύγειν
2187 5401 2247 5448 ς.
2341 5386 2385 5417 ³⁸
2419 5385 2510 5438 τὸν
2541 5384 2663 5437 add.
2703 5384 2766 5435 A.
2889 5383 2934 5412 ³⁸
2959 5383 3280 5447 τελεώτερον
3308 5397 3367 5445 ς.
3462 5383 3508 5410 ³⁷
3535 5383 3676 5432 αὐτα

1491 5453 1536 5525 ’ξθ
1569 5455 1616 5504 εἰ
1672 5453 1728 5525 δὲ
1777 5453 2239 5525 παρεληλύθασιν]
2295 5454 2408 5511 htrc
2459 5464 2590 5525 ante
2635 5453 2829 5516 αὑταῖς
2881 5451 3282 5525 τοίνονωειηίυ
3308 5460 3492 5525 supra)
3529 5454 3676 5517 ponit

463 5309 695 5380 ἐζήτησε
723 5311 911 5380 μαθεῖν
929 5327 1052 5380 om.
1071 5327 1152 5377 pr.
1184 5311 1244 5366 C.

463 5379 675 5454 θόντας]
715 5379 985 5454 μαθόντας
1007 5379 1150 5454 εἶναι
1173 5381 1236 5436 C.

467 5467 519 5520 ρ.
551 5451 639 5506 5'2.
662 5451 673 5454 ⁷
715 5452 830 5486 ³⁸⁸³⁹
857 5453 954 5520 οὐχ
990 5452 1076 5506 AC
1129 5472 1140 5505 :
1201 5453 1296 5505 καὶ
1329 5469 1389 5516 ς.

466 5511 604 5592 humi
622 5539 684 5585 ς.
785 5523 827 5560 ﬂ
863 5511 976 5592 ἀλλ’
1001 5522 1312 5592 ἐνδιδόντες
1338 5511 1403 5592 τῇ

1437 5521 1598 5591 φύσει
1644 5524 1749 5576 τῶν
1788 5521 1962 5592 λόγων
1977 5521 2045 5580 ὀι
2071 5542 2190 5578 mox
2227 5525 2334 5578 τῶν
2367 5524 2711 5594 πραγμάτων
2739 5539 2846 5594 mu.
2882 5523 2940 5574 Α.

2341 5386 2385 5417 ³⁸
2419 5385 2510 5438 τὸν
2541 5384 2663 5437 add.
2703 5384 2766 5435 A.
2889 5381 2934 5412 ³⁸
2959 5376 3367 5447 τελεώτερονς.
3462 5380 3508 5410 ³⁷
3535 5376 3738 5502 caesae

2341 5471 2408 5502 re.
2459 5464 2584 5502 ante
2635 5453 2829 5502 αὑταῖς
2881 5451 3058 5502 τοίνυν
3101 5451 3492 5502 (tumlnsunrat
3529 5454 3676 5502 nouit

3053 5522 3099 5554 “
3127 5521 3352 5588 δυνάμει
3388 5519 3603 5586 φύσεως
3635 5538 3739 5571 om.

468 5605 549 5656 ιη’.
575 5577 649 5665 βξ
705 5592 760 5665 ξι
791 5591 1037 5665 etiam.
1064 5594 1154 5648 55.
1230 5577 1348 5625 ⁸⁸³⁸
1374 5577 1580 5665 τῆν’γὰρ
1599 5623 1665 5633 -
1688 5577 1872 5665 εὑρεῖν
1893 5577 2115 5650 om:
2139 5577 2144 5578 ν
2177 5594 2225 5626 ’⁵⁸
2244 5577 2302 5646 έν
2326 5577 2651 5654 αὑήταῖξὶοηι.
2686 5610 2766 5657 pr.
2804 5593 2866 5648 C.
2945 5577 3294 5665 δτίφαίζθεξαῦ
3319 5606 3370 5665 [ις
3401 5577 3522 5665 Ἠέιλ-
3550 5577 3620 5665 ξ⁸
3654 5592 3741 5665 ξαὶ

466 5661 606 5713 κατὰ
637 5660 824 5714 τοῦτον
845 5660 948 5713 τὸν
963 5663 1119 5729 λόγον
1150 5679 1260 5716 om.
1298 5665 1362 5718 A.

470 5755 529 5864 Β·-
555 5729 955 5851 Ξξίἑετατίθεμαι]
982 5733 1148 5802 οὑμαι
1185 5737 1243 5786 A.

1441 5664 1484 5696 ⁵⁸
1509 5664 1715 5735 χώραν]
1749 5664 1904 5735 λόγον
1939 5669 2002 5722 Α.

2081 5667 2126 5698 ⁵ο
2152 5665 2188 5719 ὃ.
2209 5667 2339 5737 μὲν]
2369 5684 2400 5737 p
2443 5666 2531 5737 57.
2610 5665 2665 5737 “_
2688 5665 2799 5732 ἔχει
2829 5681 2890 5727 ς.
2942 5735 2951 5737 _
2976 5665 3030 5737 ,δ’
3061 5665 3140 5731 δέ]
3167 5665 3212 5713 δ’
3239 5665 3304 5713 ἄν
3335 5665 3402 5737 ᾼ.
3475 5665 3595 5737 ff”
3621 5665 3731 5737 οὕτε

1327 5735 1372 5766 ⁵⁵
1398 5729 1541 5804 αὑτῇ
1569 5729 1789 5808 τέχνης]
1821 5729 1940 5792 imo
1965 5737 2132 5806 αὐτῆς
2157 5729 2343 5807 τέ’χνηξ
2369 5729 2380 5737 ’
2419 5736 2535 5770 δι’-’τ
2570 5729 3168 5806 χρήσομαι-ῥήμασιν
3190 5747 3301 5787 om.
3331 5729 3401 5785 A.
3475 5731 3524 5766 ⁸⁸
3546 5731 3732 5793 miser;

2610 5665 2652 5696 ⁵¹
2688 5665 2799 5732 ἔχει
2829 5681 2890 5727 ς.
2984 5657 3044 5695 δ”
3061 5661 3140 5731 δέ]
3167 5660 3212 5713 δ’
3239 5661 3304 5713 ἄν
3335 5658 3402 5732 ᾼ.
3475 5657 3595 5732 im”
3621 5659 3737 5732 οὒτε
