3960 6430
234 433 367 501 1501

1265 429 1793 495 BIBLIOTHECA.
1832 456 1903 468 ·-
1936 433 2101 495 COD.
2142 431 2468 493 CCXLVII.

3380 423 3399 487 i
3415 425 3518 488 502

226 546 335 617 κῆν
364 544 432 609 ⁸⁵,
461 541 641 611 λέγειν
665 539 724 596 δὲ
753 539 830 605 ὡς
858 538 919 592 οὑ
953 537 1155 609 χρῆται
1205 538 1437 609 λόγῳζδϋ
1467 540 1601 593 αὑτὸ
1632 540 1825 608 τοὺτος

1934 542 2191 598 collineat
2219 545 2463 607 aberrat,
2496 540 2591 595 sed
2616 539 2709 607 qui
2737 538 3015 595 aberravit
3048 553 3151 591 non
3190 535 3523 599 collineavit.

226 637 433 700 πάντες
462 636 571 707 γὰρ
601 637 649 688 οἱ
682 632 1073 707 στοχαζόμενοι
1110 631 1174 701 δή
1211 648 1312 685 που
1357 631 1437 703 τῷ
1466 632 1612 704 λόγῳ
1644 649 1819 703 προσ-

227 731 460 798 άγοντες
482 728 527 760 ⁶⁰
555 727 801 790 ἐαυτοὺς,
855 724 1001 779 οὕτω
1038 723 1415 794 στοχάζονται.
1458 725 1534 777 Οὑ
1562 725 1675 796 γὰρ
1707 724 1826 777 ἐστι

230 823 313 893 μὴ
333 822 478 891 λόγῳ
509 818 794 890 χρώμενον
856 815 1241 886 στοχάζεσθαι,
1292 815 1409 869 ἀλλ’
1438 818 1467 869 ὁ
1491 816 1535 847 ⁸⁸
1562 815 1655 868 τοῦ
1687 816 1829 885 πρά-

226 928 443 982 γματος
460 910 620 976 λόγος
644 902 799 970 οὗτός
814 908 963 961 ἐστιν
994 909 1022 961 ὁ
1049 905 1219 959 ποιῶν
1246 903 1629 974 στοχάζεσθαι.
1673 906 1828 958 Ἐστι

226 1005 290 1058 δέ
320 1002 681 1073 στοχάζεσθαι
706 1002 768 1054 τὸ
804 1002 991 1070 τυχεῖν
1043 997 1140 1053 τοῦ
1172 998 1519 1069 πράγματος,
1562 996 1639 1060 ὡς
1686 996 1744 1050 of
1764 1014 1828 1064 γε

227 1094 737 1161 ἀποτυγχάνοντες·⁴
765 1090 941 1161 ἀρχὴν
1012 1089 1134 1143 οὑδέ
1190 1089 1563 1159 στοχάζονται.
1615 1088 1829 1141 Οὐκοῦν

226 1187 333 1256 οὐχ
363 1179 407 1253 ᾧ
435 1186 479 1216 θ’
509 1182 868 1253 στοχάζεσθαι
907 1182 1211 1251 ἁμαρτάνει
1248 1199 1353 1246 τις,
1378 1180 1492 1234 ἀλλ’
1516 1172 1562 1249 ᾧ
1591 1178 1830 1252 διήμαρ-

225 1296 326 1330 τεν
348 1279 450 1331 οὑκ
489 1278 848 1346 ἐστοχάσατο.
875 1274 1118 1338 Εἰκότως
1140 1290 1154 1305 ·
1178 1274 1355 1337 οὐδεὶς
1379 1275 1488 1342 γὰρ
1520 1274 1831 1344 ἁμαρτάνει

226 1371 381 1439 λόγῳ
408 1371 712 1439 χρώμενος,
746 1367 865 1421 ἀλλ’
912 1368 1031 1436 ἅμα
1084 1366 1293 1436 ἐσφάλη
1331 1367 1427 1419 καὶ
1471 1366 1562 1419 τὸν
1589 1366 1745 1434 λόγον
1769 1366 1829 1418 οὑ

226 1463 555 1517 διεσώσατο.
580 1461 678 1534 [Τὸ
714 1460 907 1531 μέλλον
930 1460 977 1492 ⁸³
1026 1459 1244 1528 ἑκάστῳ
1283 1458 1553 1511 συνοίσειν
1578 1459 1830 1525 ἐκλέγον-

226 1575 327 1621 τες
361 1557 453 1626 “.]
480 1557 587 1610 Καὶ
617 1553 812 1614 ταῦτα,
860 1546 905 1605 ὦ
945 1551 1192 1611 Πλάτων,
1234 1553 1354 1611 ταῖς
1389 1552 1509 1611 σαῖς
1533 1550 1832 1617 ἀδαμαντίο

225 1667 356 1712 ναις
385 1650 655 1716 ἀνάγκαις
686 1646 1096 1700 ἀποδείκνυται.
1140 1642 1305 1714 [1248
1336 1640 1426 1713 R.]
1462 1642 1527 1694 Τί
1556 1642 1613 1694 δέ
1638 1643 1681 1674 ⁸⁸
1704 1643 1833 1713 περὶ

230 1740 557 1811 ῥητορικῆς,
609 1740 659 1791 εἰ
709 1734 1055 1807 στοχάζεται,
1106 1732 1409 1803 Θαυμάζεις
1458 1732 1831 1800 ⁶⁸;φαίνεται

226 1829 344 1899 γὰρ
374 1829 417 1860 ⁸⁷
451 1827 714 1898 ῥητορικὴ
737 1825 938 1895 ὁμοίως
960 1823 1278 1893 διακειμένη
1307 1826 1371 1893 τῇ
1400 1826 1658 1894 μαντικῇ,
1691 1822 1833 1893 πλὴν

1929 639 1986 689 et
2003 634 2236 699 merito;
2264 632 2531 701 siquidem
2560 644 2721 684 nemo
2748 631 2873 682 dum
2900 629 3112 683 ratione
3131 628 3323 691 utitur,
3350 635 3522 690 errat,

1929 736 2115 777 verum
2151 722 2486 791 simulatque
2514 721 2784 775 rationem
2810 720 3016 780 amisit,
3055 728 3225 773 errat.
3253 716 3335 791 [ld
3378 717 3523 787 quod

1930 814 2127 882 cuique
2152 812 2493 881 profuturum
2521 820 2625 874 est,
2658 809 3006 881 deligentes.]
3039 810 3217 877 Atque
3251 811 3365 864 haec
3391 809 3521 878 qui-

1930 904 2076 968 dem,
2120 904 2293 966 Plato,
2344 901 2722 957 adamantinis
2773 902 2879 955 luis
2904 901 3355 955 demonstrantur
3417 914 3515 953 ne-

1930 995 2311 1051 cessitatibus.
2364 994 2499 1049 Cum
2537 994 2871 1048 rhetoricam
2923 990 3195 1058 conjicere
3260 989 3525 1045 miraris?

1931 1088 2136 1143 Eodem
2164 1086 2308 1141 enim
2337 1087 2497 1140 modo
2535 1096 2700 1155 atque
2746 1085 3010 1139 divinatio
3050 1085 3268 1138 videtur
3323 1098 3380 1138 se
3422 1084 3521 1137 ha—

1936 1181 2081 1244 bere,
2134 1177 2239 1233 nisi
2289 1178 2434 1249 quod
2474 1192 2597 1231 cum
2646 1176 2911 1230 divinatio
2974 1182 3097 1243 post
3145 1171 3519 1241 conjecturam

1934 1272 2165 1333 desinat,
2221 1269 2496 1323 rhetorica
2537 1283 2643 1323 non
2677 1276 2887 1321 tantum
2932 1266 3180 1336 conjicit,
3215 1264 3307 1318 sed
3348 1274 3401 1317 et
3435 1278 3522 1325 ea,

1934 1377 2055 1431 qua:
2088 1361 2291 1428 optima
2320 1362 2617 1424 censuerit,
2637 1373 2733 1429 per
2765 1359 3049 1413 ministros
3072 1359 3307 1428 perﬁcit.
3334 1356 3524 1425 Itaque

1935 1454 2284 1507 divinationis
2304 1462 2536 1520 occupat
2560 1452 2760 1513 locum,
2782 1459 2838 1505 et
2878 1451 3015 1504 artis
3045 1449 3321 1510 militaris,
3360 1464 3521 1517 quam

1933 1548 2155 1614 quidem
2183 1546 2249 1598 ad
2280 1545 2496 1601 civilem
2533 1546 2823 1599 scientiam
2848 1544 3127 1612 pertinere
3158 1557 3263 1596 non
3304 1541 3525 1609 negabit

1934 1640 2107 1694 Plato.
2140 1640 2259 1706 Quo
2316 1640 2483 1710 igitur
2514 1639 2676 1692 modo
2718 1637 2896 1691 civilis
2928 1638 3169 1690 scientize
3202 1634 3372 1705 partis
3406 1644 3524 1686 erat

1935 1732 2290 1785 simulacrum
2328 1732 2624 1795 rhetorica,
2666 1731 2709 1785 si
2744 1745 2851 1784 non
2895 1728 3042 1783 isto?
3090 1730 3161 1781 At
3191 1731 3263 1781 ita
3290 1726 3519 1780 simula-

1938 1839 2093 1878 crum
2129 1839 2234 1878 non
2270 1824 2396 1878 erit.

226 1926 359 1977 ὅσον
389 1921 624 1991 μαντικὴ
656 1920 752 1989 μέν
769 1918 1120 1988 ἀπήλλακται
1152 1915 1530 1985 στοχασαμένη
1562 1915 1631 1980 ⁸⁸,
1695 1915 1960 1986 ῥητορικὴ
2031 1917 2355 1986 στοχάζεται
2414 1915 2577 1986 μόνον
2623 1913 2733 1968 τῶν
2786 1915 3153 1984 πραγμάτων,
3229 1909 3365 1965 ἀλλὰ
3430 1914 3520 1967 καὶ

225 2015 465 2087 πράττει
493 2013 579 2065 διὰ
608 2011 716 2067 τῶν
747 2009 1035 2081 ὑπηρετῶν
1055 2009 1193 2062 ἄττα
1215 2007 1280 2060 ἂν
1301 2006 1529 2078 εὑρίσκῃ
1544 2005 1813 2076 βέλτιστα.
1858 2006 2021 2058 Ὥστε
2050 2009 2146 2060 καὶ
2170 2007 2261 2060 τὸν
2292 2007 2391 2077 τῆς
2420 2008 2687 2077 μαντικῆς
2725 2008 2910 2077 ἐπέχει
2936 2008 3090 2075 λόγον
3114 2009 3207 2057 καὶ
3271 2004 3361 2056 τὸν
3421 2004 3523 2072 τῆς

228 2107 629 2177 στρατηγικῆς,
662 2103 729 2172 ἢν
754 2101 919 2172 μηδὲν
949 2102 1251 2170 προσήκειν
1284 2102 1351 2170 τῇ
1384 2100 1633 2171 πολιτικῇ
1670 2099 1895 2152 Πλάτων
1936 2100 2036 2153 οὑκ
2106 2103 2241 2174 ἐρεῖ.
2300 2102 2425 2165 Πῶς
2492 2100 2584 2154 οὑν
2644 2102 2909 2173 ῥητορικὴ
2986 2100 3268 2170 πολιτικῆς
3334 2099 3522 2169 μορίου

222 2198 471 2262 εἴδωλον,
535 2197 583 2248 sl
641 2196 716 2266 μή
768 2193 978 2258 οὑτωςς
1023 2193 1186 2245 Ἀλλὰ
1218 2194 1262 2225 ⁸⁸
1300 2192 1408 2262 μὴν
1447 2191 1591 2245 οὑτω
1630 2209 1692 2257 γε
1717 2193 1817 2246 οὑκ
1855 2191 1983 2264 [674
2007 2192 2104 2266 Η.]
2144 2194 2366 2248 εἴδωλον
2397 2190 2528 2250 εἷεν.

304 2310 469 2385 ἶΚοιτ’
518 2310 801 2380 εἰρωνείαν
825 2308 885 2361 τὸ
924 2306 1108 2385 οὓτως
1129 2308 1175 2385 ’ξ’
1206 2303 1317 2385 οἷον
1368 2308 1426 2385 εί
1464 2306 1544 2385 ,μὴ
1578 2305 1719 2385 κατὰ
1760 2306 1822 2359 τὸ

1995 2306 2254 2385 _[_l_loe_per
2282 2309 2535 2385 ironiam,
2568 2308 2672 2363 nisi
2697 2317 2994 2385 _quatenus
3045 2308 3242 2385 similis
3296 2318 3379 2361 est
3414 2311 3521 2363 arti

224 2376 468 2436 ἐοίκέναι
500 2376 583 2450 τῇ
612 2381 975 2450 στρατηγικῇ,
1009 2378 1104 2450 καὶ
1150 2376 1429 2450 λοιπ-δν-ἐξ
1460 2376 1817 2450 ἐπικρίσεως,

223 2455 313 2508 ὅτι
346 2452 469 2506 οὕτε
495 2440 635 2504 κείτά
652 2440 815 2503 τοῦτο’
833 2440 1038 2501 δύναιτ’
1062 2450 1127 2501 ἂν
1147 2450 1191 2480 ⁷¹
1216 2448 1433 2501 εἴδωλον
1458 2440 1644 2518 εἶναι]

306 2565 432 2617 Ὀτι
462 2564 507 2596 ⁷³
536 2562 716 2615 τοίνυν
746 2561 882 2623 ὅλως
903 2559 949 2590 ⁷³
974 2559 1092 2612 ἐστὶ
1144 2559 1387 2627 σόφισμα
1411 2558 1470 2610 τὸ
1494 2559 1730 2625 φάσκειν
1753 2559 1821 2612 τὰ

221 2656 491 2710 δοκοῦντα
516 2657 629 2717 τοῖς
662 2653 911 2723 πλήθεσι,
948 2651 1123 2704 ταῦτα
1153 2669 1215 2703 συ
1227 2650 1545 2720 μεουλεύειν
1568 2652 1695 2714 τοὺς
1726 2652 1824 2723 ρή-

222 2766 399 2817 τορας
429 2748 523 2800 καὶ
552 2746 741 2799 τούτου
774 2744 936 2812 μόνου
958 2742 1339 2813 στοχάζεσθαι,
1375 2746 1422 2797 εί
1456 2746 1551 2799 καὶ
1594 2743 1668 2814 μὴ
1696 2746 1825 2807 παῖς

223 2837 564 2906 ἐξελέγξειεν
595 2836 661 2898 ⁷⁵,
695 2834 810 2888 ἀλλ’
854 2834 1002 2897 ὅστις
1033 2833 1083 2865 ⁷⁸
1104 2850 1169 2902 γε
1196 2828 1255 2887 εὖ
1292 2838 1501 2906 φρονεῖ.
1541 2837 1693 2907 Ἐμοὶ
1726 2838 1824 2909 μὲν

222 2930 342 2998 γὰρ
360 2928 667 2982 τούναντίον
706 2927 815 2981 πᾶν
864 2926 1137 2996 φαίνεται.
1174 2928 1312 2995 μήτε
1354 2928 1413 2979 ἐν
1436 2930 1499 2997 τῇ
1528 2928 1627 2997 τῆς
1663 2931 1823 2999 ῥητο-

227 3021 400 3091 ρικῆς
423 3022 585 3089 φύσει
605 3020 787 3072 πλεῖον
816 3017 955 3071 εἶναι
999 3018 1165 3088 μηδὲν
1191 3017 1224 3090 ἢ
1252 3018 1312 3071 τὸ
1348 3019 1423 3090 μὴ
1454 3020 1521 3073 τά
1560 3021 1820 3075 δοκοῦντα

220 3115 344 3175 τοῖς
378 3111 635 3181 πλήθεσιν
664 3110 826 3173 εὐθὺς
854 3110 897 3141 ⁷⁸
922 3110 1305 3182 ἐᾷνγίνεσθαι,
1331 3112 1470 3179 μήτε
1498 3111 1623 3174 τοὺς
1647 3112 1693 3143 ⁷⁷
1724 3113 1823 3182 ρή-

218 3219 398 3271 τορας
425 3203 480 3263 ἐς
511 3201 639 3255 ἄλλο
682 3219 736 3253 τι
793 3200 994 3271 μᾶλλον
1045 3202 1273 3254 σκοπεῖν
1300 3200 1348 3231 ⁷⁸
1377 3200 1410 3267 ἢ
1434 3200 1500 3253 τὰ
1546 3200 1820 3271 βέλτιστα,

224 3295 377 3364 μήτε
400 3293 529 3356 τοὺς
552 3294 615 3363 δή
627 3310 761 3362 μους
784 3292 985 3356 αὑτοὺς
1007 3290 1166 3345 τυῦτό
1217 3308 1282 3360 γε
1312 3293 1593 3359 ἐκφυγεῖν,
1619 3292 1695 3356 ὡς
1724 3294 1824 3347 οὑκ

219 3387 491 3457 ἀμείνους
536 3385 688 3453 σφῶν
737 3385 790 3437 οἱ
848 3385 1079 3453 ῥήτορες
1110 3382 1436 3450 λογίσασθαι
1467 3383 1513 3415 ⁷³
1560 3385 1692 3455 περὶ
1714 3384 1825 3438 τῶν

219 3480 578 3549 πραγμάτων
603 3476 699 3529 καὶ
734 3476 915 3528 πᾶσαν
951 3474 1089 3537 ὅλως
1121 3475 1220 3543 τὴν
1241 3473 1337 3528 τοῦ
1377 3474 1492 3544 βίου
1524 3475 1710 3544 σχέσιν
1731 3477 1823 3529 καὶ

216 3571 332 3643 τὴν
358 3570 550 3641 τύχην,
578 3570 673 3623 καὶ
694 3568 853 3622 τοῦτο
879 3569 939 3631 ἐξ
959 3568 1138 3621 αὑτῶν
1163 3567 1272 3619 τῶν
1295 3566 1471 3637 τιμῶν
1492 3565 1632 3620 εἶναι
1663 3568 1824 3635 δῆλον

1938 2379 2183 2439 militari,
2218 2389 2273 2432 el.
2314 2380 2543 2447 reliqua,
2576 2394 2639 2432 ex
2680 2378 3033 2435 discretione.
3065 2378 3192 2443 quia
3228 2394 3403 2447 neque
3436 2394 3523 2431 se-

1933 2451 2170 2502 cundum
2193 2449 2292 2504 llos
2326 2458 2510 2519 posset
2545 2449 2902 2504 simulacrum
2934 2448 3105 2519 esse]

2000 2560 2120 2617 Jam
2141 2565 2283 2632 quod
2311 2564 2408 2628 ait,
2454 2570 2706 2618 oratores
2740 2578 2803 2618 ea
2834 2577 2956 2632 quae
2990 2562 3190 2633 populo
3236 2566 3517 2631 placeant,

1932 2655 2189 2718 suadere,
2225 2664 2388 2725 atque
2419 2655 2471 2709 id
2508 2656 2685 2711 solum
2734 2664 3005 2724 spectare,
3050 2656 3101 2708 id
3139 2654 3365 2708 omnino
3428 2669 3520 2707 so-

1933 2742 2227 2812 phistieum
2252 2759 2395 2807 esse,
2417 2745 2462 2799 si
2491 2760 2601 2799 non
2635 2759 2791 2814 puer,
2809 2744 2891 2797 vir
2910 2753 3059 2798 certe
3084 2744 3322 2812 prudens
3340 2754 3523 2799 osten.

1932 2834 2094 2889 derit.
2122 2832 2255 2887 Nam
2306 2835 2439 2888 mihi
2470 2835 2695 2905 quidem
2753 2845 2948 2888 contra
2989 2835 3231 2897 videtur,
3264 2850 3362 2889 nec
3394 2838 3523 2889 rhe-

1935 2925 2161 2980 toricam
2203 2926 2497 2994 quidquam
2533 2928 2737 2980 habere
2760 2927 2931 2995 magis
2948 2927 3249 2996 proprium,
3284 2942 3444 2996 quam
3468 2935 3526 2980 ιιι

1931 3032 2017 3085 ea,
2050 3033 2168 3086 quae
2191 3019 2387 3088 populo
2407 3020 2683 3085 videntur,
2716 3036 2819 3072 non
2846 3029 3030 3073 statim
3067 3019 3181 3074 fieri
3218 3021 3522 3088 permittat,

1934 3123 2035 3164 nec
2055 3111 2622 3180 oratoresquidquam
2643 3114 2842 3181 potius,
2864 3127 3026 3181 quam
3050 3112 3256 3182 optima
3288 3127 3517 3182 qumque

1930 3201 2130 3274 ἀιῇα
2162 3213 2432 3273 spectare,
2470 3220 2572 3260 nec
2612 3206 2697 3260 vel
2728 3208 2840 3275 ipse
2870 3206 3100 3275 populus
3121 3205 3357 3270 dilﬁteri,
3391 3207 3521 3275 quin

1933 3294 1985 3347 in
2016 3296 2180 3349 rebus
2212 3295 2650 3362 considerandis,
2677 3312 2738 3351 ac
2774 3307 2887 3351 toto
2916 3298 3039 3351 vitae
3070 3299 3256 3352 habitu
3287 3308 3341 3351 et
3378 3315 3509 3353 cono

1932 3386 2161 3454 ditione,
2199 3397 2460 3456 prrestent
2482 3388 2580 3456 ipsi
2617 3398 2889 3453 oratores,
2912 3389 3075 3458 idque
3098 3404 3164 3442 ex
3198 3390 3521 3456 honoribus,

1931 3494 2067 3546 quos
2095 3480 2176 3535 eis
2207 3481 2414 3545 tribuit,
2460 3480 2808 3535 manifestum
2877 3482 2991 3536 lieri
3041 3483 3254 3551 objicit.
3296 3482 3391 3537 Sin
3428 3499 3523 3538 eos

1932 3570 2129 3640 popqu
2150 3570 2290 3625 dicis
2320 3572 2543 3637 cedere,
2569 3583 2622 3627 et
2653 3573 2838 3629 facere
2876 3575 3145 3644 imperata
3189 3592 3294 3629 non
3340 3577 3517 3643 impe-

218 3657 311 3717 ὧν
343 3664 527 3726 αὐτοῖς
553 3662 940 3733 ἀπονέμουσιν.
971 3662 1035 3715 EE
1065 3661 1122 3713 δέ
1150 3661 1195 3693 ⁸⁰
1222 3661 1423 3723 αὐτοὺς
1452 3661 1497 3693 ⁸⁸
1538 3663 1652 3724 τοῖς
1686 3661 1823 3732 πλή-

1934 3678 2079 3727 rare,
2116 3661 2378 3718 famulam
2400 3680 2498 3733 pro
2532 3664 2751 3718 domina
2771 3669 3041 3728 sumis,et
3067 3682 3189 3720 cum
3225 3667 3521 3735 plebicolas

218 3760 384 3811 θεσιν
408 3755 656 3808 ὑπείκειν
686 3754 797 3824 φὴς
826 3754 921 3806 καὶ
951 3754 1126 3805 ποιεῖν
1146 3752 1215 3805 τὰ
1242 3752 1599 3822 κελευόμενα,
1619 3752 1737 3805 ἀλλ’
1759 3754 1820 3805 οὑ

218 3846 501 3915 κελεύειν,
536 3847 635 3918 τὴν
658 3847 996 3916 θεράπαιναν
1010 3844 1243 3913 εἴληφας
1263 3846 1384 3897 ἀντὶ
1401 3845 1497 3914 τῆς
1516 3845 1827 3916 δεσποίνης,

217 3942 329 3997 καὶ
373 3942 500 4004 τοὺς
547 3940 840 4010 δημοσίους
887 3939 1073 4008 ψέγων
1109 3939 1285 4001 δοκεῖς
1313 3937 1359 3969 ⁸⁸
1403 3939 1531 4001 τοὺς
1567 3939 1826 4007 ῥήτορας.

232 4034 389 4087 Ἀλλ’
416 4034 530 4086 οὗθ’
560 4034 611 4086 οἱ
642 4033 896 4103 δημόσιοι
949 4031 1092 4101 μέγα
1144 4029 1434 4100 φρονοῦσιν
1468 4030 1553 4098 ἐφ’
1588 4032 1827 4095 ἑαυτοῖς,

218 4130 317 4181 ὅτι
347 4125 659 4180 δουλεύουσι
683 4128 797 4186 τοῖς
848 4124 949 4191 τῆς
981 4123 1189 4186 πόλεως
1222 4121 1552 4193 βουλήμασι,
1586 4122 1683 4175 καὶ
1716 4125 1829 4185 τοῖς

225 4221 465 4292 ῥήτορσι
484 4217 578 4271 τοῦ
599 4220 817 4288 φρονεῖν
848 4214 983 4269 αὑτὸ
1011 4214 1170 4267 τοῦτο
1210 4215 1386 4268 αἴτιόν
1416 4217 1534 4268 ἐστι
1564 4215 1626 4267 τὸ
1660 4215 1735 4287 μὴ
1760 4217 1829 4268 τὰ

221 4309 495 4363 δοκοῦντα
518 4310 631 4371 τοῖς
666 4307 860 4377 δήμοις
916 4305 1115 4373 λέγειν,
1148 4303 1276 4357 ἀλλ’
1325 4304 1360 4358 ἃ
1396 4304 1646 4358 δοκοῦσιν
1675 4306 1831 4358 αὐτοὶ

227 4403 489 4472 βέλτιστα
512 4395 673 4453 εἶναι.
706 4400 766 4451 Ei
791 4399 846 4450 δὲ
870 4399 916 4431 ⁸³
941 4394 1084 4468 ἦσαν
1137 4396 1375 4450 διάκονοι
1404 4396 1505 4465 τῆς
1547 4397 1658 4449 τῶν
1694 4397 1829 4450 πολ-

223 4494 344 4548 λῶν
366 4493 658 4562 ἐπιθυμίας
690 4492 787 4545 καὶ
813 4492 877 4544 τὰ
898 4488 1159 4543 δοκοῦντα
1186 4491 1298 4551 τοῖς
1329 4488 1664 4559 καθημένοις
1708 4489 1830 4560 ἐδη-

227 4587 537 4659 μηγόρουν,
562 4586 671 4640 οὐδ’
697 4587 760 4639 ἂν
789 4581 1276 4656 παρῤησιάσασθαί
1314 4583 1434 4634 ποτ’
1461 4583 1649 4645 αὑτοῖς
1678 4581 1826 4652 ἐξῆν,

221 4680 333 4749 οὐχ
363 4678 507 4739 ὅπως
542 4677 682 4747 ὑπὲρ
731 4678 855 4739 τοὺς
901 4676 1097 4738 ἄλλους
1132 4678 1351 4744 φρονεῖν
1393 4674 1461 4728 ⁸⁸.
1506 4674 1650 4727 Ἀλλ’
1673 4672 1829 4744 οἶμαι

224 4769 522 4824 συνίσασιν
544 4770 755 4830 ἑαυτοῖς
780 4768 841 4820 οὑ
874 4768 971 4827 τὰς
995 4766 1190 4831 ἡδονὰς
1233 4766 1654 4836 θεραπεύουσιν,
1692 4766 1830 4819 ἀλλὰ

220 4861 346 4914 τῶν
374 4860 562 4929 δήμιον
608 4859 705 4922 τὰς
752 4857 1049 4926 ἐπιθυμίας
1106 4856 1561 4923 σωφρονίζουσιν·
1608 4856 1728 4908 οὑδέ
1780 4855 1828 4887 ⁸⁵

221 4953 437 5024 ὁρῶσιν
459 4954 537 5014 είς
566 4952 691 5014 τοὺς
719 4950 969 5013 πολλοὺς,
994 4948 1131 5001 ἀλλὰ
1172 4948 1359 5001 πολλοὶ
1382 4948 1583 5018 ὁρῶσιν
1607 4949 1687 5009 είς
1707 4945 1828 4999 τού-

1932 3754 2231 3824 vituperes,
2251 3764 2412 3825 putas
2434 3755 2526 3809 tibi
2544 3771 2657 3810 rem
2681 3771 2803 3811 esse
2826 3772 2949 3811 cum
2977 3757 3521 3813 oratoribits.Veri1m

1933 3861 2035 3901 nec
2063 3847 2339 3915 plebicola:
2368 3848 2549 3917 magni
2586 3864 2644 3903 se
2682 3849 2911 3913 faciunt,
2948 3850 3095 3918 quod
3141 3851 3351 3905 civitati
3385 3867 3519 3905 ser—

1936 3939 2105 4003 viant,
2146 3948 2201 3992 et
2237 3948 2491 3993 oratores
2533 3940 2635 3994 bac
2666 3940 2784 4009 ipsa
2834 3943 2899 3995 de
2931 3955 3097 3995 causa
3133 3943 3235 3997 sibi
3270 3946 3515 4021 placent,

1932 4031 2074 4098 quod
2122 4044 2225 4084 non
2282 4046 2402 4099 quae
2468 4032 2688 4101 populo,
2742 4033 2835 4087 sed
2903 4048 3028 4102 qua:
3078 4034 3181 4087 sibi
3236 4036 3525 4089 videantur

1933 4123 2135 4189 optima
2164 4123 2371 4176 dicant.
2406 4122 2560 4189 Quod
2600 4124 2644 4178 si
2672 4124 3042 4179 multitudinis
3073 4127 3522 4195 obtemperarent

1935 4213 2173 4278 libidini,
2200 4223 2255 4269 et
2295 4230 2394 4284 pro
2441 4214 2684 4283 judicum
2737 4217 2971 4271 arbitrio
3028 4218 3520 4282 com-ionarentur,

1935 4323 2001 4361 ne
2032 4306 2203 4365 libere
2263 4307 2408 4376 loqui
2469 4308 2689 4376 quidem
2732 4317 2961 4378 possent
3003 4325 3266 4378 unquam,
3325 4312 3523 4365 nedum

1939 4400 2065 4454 aliis
2104 4414 2164 4454 se
2203 4400 2469 4469 proferre.
2516 4401 2588 4453 At
2622 4410 2825 4455 norunt
2872 4416 2932 4455 se
2976 4417 3081 4455 nou
3149 4401 3517 4470 voluptatibus

1934 4492 2163 4551 servire.
2206 4491 2301 4543 sed
2339 4489 2663 4559 cupiditates
2700 4491 2998 4553 moderari,
3034 4505 3132 4544 nec
3163 4491 3351 4559 vulgus
3396 4506 3525 4559 spe-

1932 4591 2102 4645 ctare,
2158 4582 2243 4634 vel
2280 4582 2327 4635 ei
2383 4596 2595 4651 parere,
2651 4582 2745 4635 sed
2794 4583 2862 4636 ab
2924 4596 2989 4636 eo
3046 4585 3305 4652 spectari,
3348 4584 3510 4652 eique

1933 4674 2219 4741 imperare,
2242 4683 2405 4742 atque
2432 4674 2554 4727 inde
2575 4688 2766 4727 nomen
2798 4684 3146 4742 acceperunt,
3174 4677 3225 4728 iu
3248 4677 3526 4733 libertatis

1932 4766 2169 4834 signum,
2233 4774 2292 4818 ut
2348 4766 2629 4836 demagogi
2702 4777 3056 4830 vocarentur,
3118 4783 3224 4823 non
3284 4758 3426 4837 quod
3488 4790 3518 4826 a

1930 4856 2128 4926 populo
2162 4856 2457 4919 ducuntur,
2486 4870 2518 4909 ο
2546 4856 2636 4924 qui
2673 4872 2889 4911 sursum
2926 4862 3107 4912 omnia
3140 4874 3204 4914 ac
3261 4861 3519 4918 deorsum

1933 4949 2179 5012 iuvertis,
2222 4951 2317 5003 sed
2348 4948 2490 5017 quod
2546 4964 2669 5003 eum
2705 4949 2951 5017 ducunt,
2978 4953 3429 5022 quemadmodum
3474 4964 3530 5009 et

223 5064 365 5107 τους
389 5045 434 5076 ⁸⁸
456 5062 469 5074 ·
498 5043 609 5096 οὐδ’
637 5043 960 5112 ἀρχομένοις
982 5041 1089 5093 ὑπὸ
1121 5039 1231 5092 τῶν
1264 5038 1491 5092 ἰδιωτῶν
1515 5039 1732 5101 ἑαυτοῖς
1759 5038 1826 5103 ⁸⁷,

1939 5041 2277 5109 paedagogos,
2310 5040 2523 5109 opinor,
2546 5040 2905 5110 appellamus,
2932 5059 3035 5096 non
3066 5044 3156 5111 qui
3195 5045 3377 5112 pueris
3407 5059 3526 5097 ser-

227 5139 355 5192 ἀλλ⁹
377 5136 635 5207 ἄρχουσιν
652 5135 831 5196 αὐτοῖς
854 5135 963 5185 τῶν
993 5130 1224 5185 πολλῶν.
1248 5131 1360 5183 Καὶ
1386 5128 1481 5201 τὴν
1512 5130 1831 5199 ἐπωνυμίαν

223 5236 327 5290 διὰ
378 5234 538 5287 τοῦτο
590 5231 845 5301 εἰλήφασι
882 5230 1012 5298 παρ’
1054 5228 1234 5281 αὐτῶν
1286 5228 1398 5280 ἀντ’
1432 5226 1594 5281 ἄλλου
1628 5226 1833 5296 συμϐό-

1938 5133 2109 5198 viant,
2146 5131 2241 5185 sed
2277 5132 2368 5201 qui
2416 5147 2510 5186 eos
2549 5134 2773 5191 ducant.
2829 5134 3103 5203 Quidquid
3136 5136 3279 5189 enim
3332 5136 3524 5188 horum

1939 5225 2167 5289 dixeris,
2193 5225 2468 5296 princeps,
2499 5226 2815 5297 praefectus,
2876 5236 3200 5298 praeceptor,
3230 5228 3281 5282 id
3318 5230 3520 5284 oratori

1532 5413 1769 5469 VARIE
1808 5412 2223 5470 LECTIONES.

312 5532 357 5565 ὀ
379 5533 476 5602 τὴν
507 5529 802 5601 ῥητορικὴν
834 5543 946 5602 οιιττ
982 5527 1088 5602 οι
1110 5528 1164 5602 ⁶,⁰,
1185 5526 1517 5602 «remove;
1536 5545 1594 5591 ς-

1675 5527 1716 5557 ⁶¹
1750 5525 1931 5600 όᾉᾼϐξι
1963 5528 2023 5579 οὑ
2051 5516 2137 5600 ς.¹
2188 5528 2233 5559 ⁸³
2259 5527 2357 5600 οὑχ
2480 5519 2540 5600 οὗ
2566 5527 2629 5583 Α.

2708 5525 2829 5562 ea.“
2857 5526 2918 5579 τὸ
2943 5525 3525 5594 μέλλον-ἐκλέγοντες

225 5619 350 5656 om.
385 5596 769 5702 ACfle'guntur
801 5615 853 5665 p.
882 5598 973 5652 64.
1045 5598 1167 5631 ⁶⁸⁰⁶⁶
1190 5596 1242 5649 τί
1272 5598 1327 5650 δὲ
1351 5600 1425 5666 (p.
1455 5596 1925 5666 69)-Θαυμάζεις
1945 5613 2057 5650 om.
2091 5598 2156 5651 A.
2222 5601 2267 5633 ⁸⁷
2290 5596 2493 5671 γάρ]“δ’
2523 5601 2584 5651 Α.
2661 5598 2707 5630 ⁸³
2748 5598 3127 5668 στοχασαμένη
3160 5601 3233 5650 A:
3263 5598 3525 5666 στοχαζο-

232 5674 415 5702 ..λυυρ
440 5690 475 5702 .-
602 5670 695 5702 οιτο
721 5670 855 5702 ,ιιῖἸᾹι
875 5699 944 5702 ___
965 5668 1138 5702 ’.τἰριηι
1192 5683 1278 5702 Arn
1336 5673 1363 5702 Λ
1470 5669 1512 5699 τι
1540 5668 1605 5702 ἣν
1632 5685 1716 5702 nm
1799 5674 1827 5702 Δ
1956 5669 2002 5698 ’12
2027 5668 2133 5702 ila-.1
2182 5684 2214 5702 η
2268 5669 2338 5702 ’7η
2457 5670 2501 5702 τι
2548 5668 2683 5702 ἕδρην
2737 5683 2823 5702 nm
2895 5668 2920 5702 Α
3052 5669 3100 5702 τι
3132 5668 3405 5702 ἐλλνεροιιη
3461 5672 3488 5702 Δ

602 5670 695 5703 ⁰’⁷⁰
720 5670 944 5723 ἀλλὰ-
965 5668 1138 5731 οὕτως
1192 5683 1300 5721 om.
1329 5673 1393 5723 A.
1470 5669 1512 5699 '”
1539 5668 1605 5721 ἂν
1632 5685 1740 5721 om.
1794 5674 1855 5719 Α.

1276 5738 1413 5808 μήτε
1445 5739 1594 5809 τοὺς.
1670 5735 1718 5769 ⁷⁸
1750 5736 1995 5801 σκοπεῖν]
2031 5738 2156 5811 μήθ’
2185 5735 2235 5791 οἱ
2259 5740 2501 5864 δρήτορες
2548 5739 2676 5791 ἄλλο
2710 5739 2931 5790 σκοπεῖν
2954 5738 3018 5793 Α.
3095 5740 3141 5771 ⁷9
3174 5739 3527 5805 λογίσασθαιῖ

1296 5810 1339 5839 ⁸¹
1374 5808 1595 5864 αὑτοὺςι
1626 5808 1749 5864 τοὺς
1778 5809 2013 5864 ῥήτορας
2045 5810 2109 5864 Α.
2189 5811 2235 5843 ⁸⁸
2288 5810 2459 5864 οκεῖεῖ
2499 5809 2704 5864 ἀδικεῖς
2744 5811 2811 5863 Α.
2885 5806 3008 5846 3""
3038 5810 3084 5863 εί
3124 5809 3179 5864 δέ
3211 5839 3280 5850 --
3305 5812 3522 5864 φρονεῖν

288 5674 415 5725 iur:
438 5690 499 5725 ς.

224 5690 415 5776 ξένης
438 5690 499 5737 ς.
577 5690 695 5703 “’”¹“’
720 5690 944 5723 αΛΛα-
965 5690 1138 5731 ουτως
1192 5690 1242 5719 ΠΙ

259 5745 285 5774 ⁵
321 5742 486 5805 ῶστις
508 5741 573 5794 Α.
652 5740 696 5770 τά
728 5739 889 5804 εὐθὺς
920 5752 1030 5795 om.
1064 5742 1128 5795 Α.
1198 5740 1242 5770 ⁷⁷

230 5810 587 5881 βουλεύονται
614 5810 680 5864 Α.

794 5810 839 5841 ³ο
864 5812 914 5862 εί
1050 5824 1101 5877 p.
1132 5810 1219 5863 Ἡ.
1286 5810 1339 5881 ν⁸¹
1374 5808 1595 5881 αὑτοὺς]
1626 5808 1749 5871 τοὺς
1776 5809 2013 5878 ῥήτορας
2045 5808 2109 5864 Α.
2189 5811 2235 5843 ⁸⁸

1956 5669 2002 5698 ⁷²
2027 5668 2133 5732 ὅτι]
2182 5684 2233 5737 p.
2268 5666 2375 5722 70.
2403 5666 2422 5671 ’⁷
2457 5670 2501 5705 ⁷³
2548 5668 2683 5729 ὅλως
2737 5683 2845 5720 oni.
2885 5668 2951 5720 A.
2993 5666 3002 5668 “
3052 5669 3100 5706 ⁷⁸
3131 5668 3405 5733 ἐλέγξειεν
3454 5672 3520 5725 Α.

2288 5806 2459 5884 οκεῖε]
2499 5809 2704 5873 ἀδικεῖς
2744 5811 2811 5863 Α.
2885 5806 3008 5846 3""
3038 5810 3084 5863 εί
3124 5809 3179 5864 δέ
3211 5839 3280 5850 --
3305 5812 3522 5877 φρονεῖν

228 5880 439 5940 OHLA.
518 5883 561 5913 ⁸⁵
586 5880 728 5934 οὐδὲ.
806 5881 852 5913 ⁸⁸
875 5880 1098 5943 τούτους
1129 5896 1239 5936 om.
1269 5880 1335 5935 Α.
1412 5880 1457 5911 ⁸⁷
1494 5880 1703 5943 ἑαυτοῖς
1734 5896 1840 5936 οιιι.
1875 5881 1937 5935 Δ.
