3960 6456
414 421 552 487 1533

1592 415 1855 476 PHOTII
1886 416 2397 478 'PATRIARCH/E
2421 417 2531 477 ΟΡ.

3557 412 3694 480 1504

410 534 719 599 conveniet,
761 539 922 600 atque
939 529 1058 598 ejus
1090 528 1195 583 erit
1222 542 1442 585 nomen.
1467 527 1532 582 Et
1559 543 1751 584 omnes
1779 530 2001 598 quidem

2137 544 2197 580 ou
2228 528 2273 560 ⁸⁸
2307 526 2608 598 μαρτύριον
2641 524 2740 596 τῆς
2784 522 3055 590 ἐξουσίας,
3083 524 3227 594 λέγω
3250 525 3349 597 τὴν
3371 525 3483 579 τῶν
3511 526 3696 597 δημα-

410 627 687 696 principes
731 633 923 677 natura
966 619 1228 686 subjectis
1269 621 1381 674 suis
1410 628 1723 688 praestant;
1768 620 1814 674 si
1871 622 2000 689 quis

409 728 589 772 autem
617 717 668 770 in
702 723 972 784 potestate
1005 713 1169 766 etiam
1213 712 1573 781 gratificatur,
1605 721 1658 763 et
1689 710 2002 779 persuadet,

413 823 516 861 nor.
551 805 712 876 .ogit,
739 815 904 875 atque
931 804 1070 858 ultra
1101 803 1334 857 olIicium
1370 818 1549 867 suum,
1587 804 1752 858 etiam
1781 819 2002 858 suormn

413 897 762 966 cupiditatem
837 903 1065 965 spectat,
1131 895 1219 949 hic
1275 905 1359 949 est
1416 909 1544 950 vere
1610 895 1873 965 politicns
1915 896 2006 952 ille

414 987 656 1039 llotueri.

2104 616 2326 685 γωγῶν,
2346 618 2447 670 οὐκ
2484 616 2671 688 ἐπειδὴ
2715 628 2824 686 περ
2876 616 2982 669 ὑπὸ
3020 615 3131 669 τῶν
3158 616 3348 686 δήμων
3375 618 3627 686 ἄγονται,
3651 611 3696 672 ὧ

2103 710 2281 764 πάντα
2309 709 2422 762 ἄνω
2469 709 2565 762 καὶ
2625 709 2780 762 κάτω
2826 707 3019 774 ποιῶν,
3049 708 3164 761 ἀλλ’
3210 710 3293 763 ὅτι
3337 712 3466 772 τοὺς
3491 710 3698 780 δήμους

2104 802 2350 869 ἄγουσιν,
2377 798 2567 867 ὥσπερ
2591 798 2655 870 δὴ
2675 799 2771 852 καὶ
2822 801 2950 864 τοὺς
2981 802 3364 870 παιδαγωγοὺς
3405 799 3565 872 οἶμαι
3604 821 3702 855 κα-

2103 893 2306 963 λοῦμεν
2327 893 2426 945 οὑκ
2457 891 2648 963 ἐπειδή
2703 910 2811 963 περ
2843 892 3279 948 ὑποπεπτώκασι
3330 897 3442 958 τοῖς
3483 895 3697 958 παισὶν,

2105 982 2220 1036 ἀλλ’
2247 983 2330 1035 ὅτι
2375 983 2560 1045 αὐτοῖς
2605 982 2890 1053 ἡγοῦνται.
2929 984 2997 1036 ’Ὀ
3047 1001 3100 1036 τι
3138 984 3248 1054 γάρ
3281 983 3347 1037 ἂν
3377 986 3567 1056 φαίης,
3600 986 3700 1054 ἁρ-

416 1079 600 1149 μόττει
651 1077 712 1130 τὸ
758 1077 1002 1131 τοιοῦτον
1055 1076 1286 1129 ἀκοῦσαι
1321 1075 1365 1107 ⁸³
1409 1073 1487 1145 τῷ
1535 1074 1749 1146 ῥήτορι,
1788 1074 2004 1144 ἄρχων,
2047 1075 2380 1144 προστάτης,
2411 1073 2749 1136 διδάσκαλος.
2802 1073 2986 1126 Πάντα
3026 1072 3200 1129 ταῦτά
3225 1075 3271 1107 ⁹⁰
3312 1076 3427 1127 ἐστι
3472 1075 3566 1126 τοῦ
3608 1077 3702 1145 ρή·

413 1188 571 1240 τορος
601 1171 669 1223 τὰ
693 1169 951 1240 ὀνόματα.
984 1169 1189 1232 Πάντες
1210 1170 1252 1201 ⁹¹
1292 1168 1393 1239 μὲν
1409 1164 1502 1222 οὖν
1564 1167 1825 1238 ἄρχοντες
1871 1169 1931 1221 ἐν
1990 1167 2197 1239 ἑκάστῃ
2248 1169 2448 1238 πράξει
2486 1167 2770 1237 κρείττους
2806 1166 2965 1234 φύσει
3000 1166 3107 1220 τῶν
3147 1165 3238 1236 ὑφ’
3279 1169 3489 1231 ἑαυτοῖς
3515 1169 3592 1199 θ’·
3655 1168 3700 1220 εί

2716 1257 2742 1270 ιο
2788 1257 2835 1270 Α.
2923 1257 2983 1270 1-
3126 1257 3137 1270 I
3271 1259 3284 1270 ι
3362 1260 3386 1270 ο

415 1262 472 1314 δέ
495 1278 578 1323 τις
626 1262 742 1331 μετ’
783 1260 1028 1324 ἐξουσίας
1055 1262 1149 1312 καὶ
1186 1260 1471 1330 χαρίζεται
1501 1261 1728 1326 πείθων,
1778 1260 1880 1312 οὐκ
1922 1259 2273 1326 ἀναγκάζων,
2334 1260 2428 1312 καὶ
2477 1258 2614 1330 πρὸς
2673 1257 2752 1328 τῷ
2788 1257 2836 1290 9³
2871 1257 3066 1322 σώζειν
3086 1257 3184 1329 τὴν
3224 1259 3390 1312 αὑτοῦ
3429 1260 3494 1324 ,⁸⁸
3551 1259 3700 1324 τάξιν

420 1356 745 1424 στοχάζεται
793 1356 888 1407 καὶ
956 1353 1057 1423 τῆς
1096 1353 1395 1424 ἐπιθυμίας
1457 1353 1556 1424 τῆς
1595 1352 1705 1406 τῶν
1736 1352 1825 1421 ὑφ’
1849 1351 2050 1422 ἐαυτῷ,
2091 1345 2244 1413 οὗτος
2289 1351 2497 1414 ἐκεῖνός
2536 1352 2684 1403 ἐστιν
2716 1351 2744 1402 ὁ
2785 1349 2862 1419 τῷ
2893 1350 3007 1404 ὄντι
3036 1353 3333 1415 πολιτικός.

489 1445 566 1502 Ne
595 1448 757 1516 igitur
789 1455 1037 1500 oratores
1070 1461 1164 1514 per
1180 1446 1485 1500 convicium
1512 1446 1809 1515 gratilicari
1832 1446 2006 1508 dicas,

421 1539 515 1594 sed
555 1540 690 1592 bene
719 1538 949 1592 dicendo
990 1538 1217 1606 gratiam
1275 1553 1493 1606 quoque
1546 1547 1792 1607 captare,
1848 1546 2011 1605 atque

426 1632 497 1684 ita
559 1629 808 1682 meritam
872 1629 1087 1683 laudem
1142 1629 1431 1684 rhetoricae
1491 1630 1720 1697 tribues,
1789 1629 2004 1701 4141)

424 1734 651 1788 eamque
689 1719 957 1773 similibus
990 1719 1430 1774 remuneraberis
1467 1719 1683 1774 oﬂiciis.
1725 1719 2011 1786 Quomodo

424 1826 554 1880 ergo
591 1811 788 1880 aliquis
825 1820 933 1864 tam
981 1813 1148 1865 Variis
1200 1812 1381 1879 populi
1443 1813 1735 1866 sententiis
1784 1814 2009 1877 serviet,

2183 1441 2275 1512 Μὴ
2303 1441 2365 1512 δὴ
2392 1442 2437 1473 ⁸⁸
2466 1441 2622 1494 τοῦτο
2653 1441 2782 1509 λέγε
2817 1441 2894 1502 ὡς
2941 1441 3145 1504 ὄνειδος
3161 1440 3306 1494 κατὰ
3327 1441 3436 1494 τῶν
3456 1442 3706 1512 ρητόρων

2113 1533 2526 1606 είχαρίζονται,
2563 1533 2676 1586 ἀλλ’
2719 1535 2766 1586 εί
2804 1532 2942 1603 μετὰ
2987 1533 3079 1588 τοῦ
3142 1533 3421 1605 βελτίστου
3470 1542 3565 1590 καὶ
3606 1539 3705 1609 τῆς

2115 1626 2338 1696 χάριτος
2372 1625 2746 1696 στοχάζονται.
2802 1626 2912 1677 Καὶ
2942 1627 3085 1680 κατὰ
3111 1627 3272 1680 τοῦτο
3306 1629 3502 1692 ἀπόδος
3528 1633 3593 1701 τῇ
3619 1633 3706 1700 ρη-

2112 1720 2303 1787 τορικῇ
2332 1717 2434 1788 τὴν
2472 1718 2790 1788 πρέπουσαν
2821 1717 3118 1786 εὐφημίαν,
3165 1718 3253 1772 ἵνα
3284 1719 3330 1750 ³⁸
3353 1723 3464 1783 τοῖς
3501 1722 3705 1791 ὁμοίοις

2114 1808 2284 1880 αὐτὴν
2309 1809 2677 1880 ἀμειϐόμενος
2740 1808 2969 1878 φανείης
2998 1810 3065 1865 ⁸⁷.
3100 1810 3226 1874 Πῶς
3258 1810 3316 1863 δέ
3354 1829 3438 1875 τις
3473 1816 3566 1866 καὶ
3591 1814 3708 1867 δια-

425 1913 520 1956 aut
550 1904 824 1972 quomodo
890 1905 1288 1972 cupiditatibus
1344 1904 1580 1957 aliorum
1640 1905 2012 1972 obsequetur?

2136 1902 2408 1970 ιονήσεται
2440 1901 2665 1972 μυρίαις
2720 1901 2966 1970 γνώμαις
2993 1900 3164 1972 δήμου
3209 1905 3302 1956 καὶ
3329 1904 3582 1974 ἀλλήλαις
3617 1925 3712 1976 μα-

425 1993 720 2062 Postquam
752 1993 900 2047 enim
960 1994 1143 2048 Innltis
1203 1995 1555 2049 serviendmu
1605 2004 1710 2058 est,
1754 1995 1789 2049 ii
1829 2003 2011 2049 autem

428 2101 533 2138 non
547 2085 894 2140 consentiunt
919 2086 1062 2140 inter
1089 2101 1169 2150 se,
1199 2101 1298 2140 nec
1321 2088 1574 2141 omnibus
1593 2087 1786 2141 eadem
1809 2087 2017 2141 rrtione

429 2176 723 2244 gratiﬁcari
757 2178 1040 2246 quisquam
1068 2179 1259 2247 possit,
1289 2179 1564 2248 quomodo
1596 2179 1797 2245 poterit
1828 2194 2018 2234 eorum

429 2267 644 2322 libidini
685 2278 874 2323 orator
907 2271 1166 2324 servire?
1223 2270 1386 2324 simul
1447 2269 1591 2323 enim
1640 2282 1695 2324 et
1734 2271 1818 2325 his
1851 2271 2019 2341 grati-

431 2359 707 2433 licabitur,
741 2370 795 2414 et
825 2360 945 2413 illus
967 2357 1226 2416 offendet.
1257 2359 1443 2430 Itaque
1473 2376 1580 2415 non
1614 2369 1721 2415 tam
1755 2361 2022 2432 jucunda,

429 2467 593 2521 quam
659 2452 885 2508 molesta
914 2454 1019 2507 erit
1077 2456 1194 2520 ejus
1245 2454 1447 2509 oratio.
1491 2453 1763 2520 Quocirca
1812 2453 1856 2508 si
1889 2467 2013 2522 per-

431 2545 706 2600 suasionis
773 2545 1022 2601 effectrix
1080 2555 1165 2600 est
1212 2547 1515 2610 rhetorica,
1579 2556 1634 2600 et
1693 2548 2025 2615 persuadere

433 2639 635 2692 debent
699 2649 971 2704 oratores,
1034 2655 1138 2693 non
1195 2640 1514 2708 adulantur,
1571 2640 2022 2710 quandoquidem

434 2731 767 2786 multitudini
808 2749 914 2787 non
959 2733 1226 2801 serviunt,
1257 2732 1352 2790 sed
1408 2735 1456 2788 ei
1513 2735 1866 2802 persuadent.
1927 2732 2024 2787 Sin

434 2830 682 2876 oratores
723 2823 907 2890 p0puli
941 2833 1249 2892 sequuntur
1283 2823 1594 2884 libidinem.
1629 2839 1738 2878 non
1781 2831 1865 2877 est
1899 2837 2026 2891 per-

437 2915 710 2970 suasionis
752 2913 996 2970 cll‘ectrix
1057 2917 1353 2982 rhetorica,
1429 2916 1881 2985 quandoquidem
1935 2929 2031 2968 eos

441 3021 470 3059 a
507 3006 856 3060 multitudine
912 3009 1254 3077 persuaderi,
1319 3022 1426 3062 non
1485 3008 1630 3075 ipsos
1701 3007 2034 3076 persuadere

442 3098 620 3152 docet.
658 3096 897 3151 Proinde
933 3100 1022 3153 ubi
1058 3099 1129 3152 sit
1175 3099 1520 3153 mendacium
1559 3100 1874 3152 considera.
1943 3098 2034 3150 [St--

441 3189 586 3242 enim
623 3187 778 3244 Plato
799 3190 953 3244 nobis
986 3189 1266 3244 Platonem
1301 3190 1522 3251 refutat.
1557 3200 1612 3244 et
1639 3193 1780 3260 quod
1807 3199 1892 3245 est
1918 3206 2036 3244 ma-

440 3280 670 3344 ximum,
711 3295 815 3334 non
849 3282 1057 3351 procul,
1087 3298 1270 3336 verum
1303 3283 1356 3336 in
1392 3283 1478 3337 his
1509 3284 1642 3351 ipsis
1683 3284 2034 3338 sermonibus

441 3373 725 3441 permiste.
761 3372 870 3428 Nec
904 3376 1045 3428 inter
1074 3375 1210 3428 alias
1242 3384 1412 3442 artes,
1463 3390 1602 3444 quas
1635 3377 1798 3430 modo
1831 3391 2038 3430 memo-

447 3469 659 3531 rabam,
692 3468 763 3521 sit
819 3466 1317 3533 recensenda;sed
1368 3477 1423 3522 et
1459 3468 1753 3537 plurimum
1812 3469 2040 3524 rationis

448 3560 666 3615 habeat.
697 3568 792 3612 aut
831 3560 1010 3628 potius
1042 3569 1153 3614 tota
1192 3560 1404 3614 ratione
1457 3570 1699 3620 constet.
1754 3571 1810 3613 et
1864 3560 2041 3613 maxi-

449 3669 618 3714 mum,
650 3654 906 3722 primmn,
941 3667 1005 3706 ac
1049 3649 1508 3720 perfectissimum
1547 3652 1618 3707 sit
1655 3652 1706 3705 in
1735 3653 1896 3705 rebus
1932 3652 2040 3704 hu-

451 3746 646 3811 manis,
677 3746 964 3814 omnisque
994 3745 1125 3810 voti,
1169 3754 1227 3799 ut
1259 3745 1333 3798 ita
1358 3745 1558 3810 dicam,
1596 3744 1741 3800 linis.
1773 3744 2042 3798 Existimo

452 3838 617 3904 igitur
649 3853 839 3892 omnes
906 3838 980 3900 id,
1032 3838 1346 3907 quicunque
1402 3847 1654 3908 possunt,
1720 3851 2044 3892 assensuros

451 3946 594 3993 esse,
626 3947 733 3986 non
771 3932 960 3984 eadem
998 3943 1190 3984 natura
1226 3931 1478 3986 homines
1519 3946 1641 3986 esse
1674 3941 1851 3995 natos,
1890 3931 1982 3985 sed
2015 3945 2044 3983 e

454 4027 664 4079 duabus
691 4025 933 4093 partibus
967 4040 982 4077 :
1014 4025 1238 4077 alteram
1274 4027 1378 4078 vim
1423 4025 1644 4089 inferre,
1680 4033 1736 4078 et
1763 4024 1936 4077 aliena
1965 4024 2047 4077 in-

455 4120 652 4171 vadere
685 4118 884 4180 solere,
935 4133 1098 4184 quam
1138 4118 1574 4186 prtcstantiorem
1619 4115 1744 4184 quis
1813 4115 2040 4176 dixerit,

454 4223 562 4260 non
581 4208 796 4275 quidem
828 4206 1028 4258 virtute
1053 4207 1147 4260 sed
1173 4207 1383 4260 viribus
1410 4220 1424 4257 :
1460 4207 1686 4260 alteram
1723 4220 1852 4260 vero
1876 4205 2042 4270 vinci,

453 4309 508 4353 et
538 4315 660 4353 cum
693 4298 982 4366 prohibere
1020 4306 1274 4365 nequeat,
1306 4298 1532 4350 invitam
1574 4299 1897 4364 concedere,
1923 4313 2046 4366 quae

455 4401 539 4445 est
589 4390 1030 4444 imbecilliornm.
1081 4389 1194 4444 Hac
1233 4404 1363 4460 ergo
1421 4391 1487 4442 de
1549 4403 1713 4442 causa
1770 4389 2043 4453 homines,

455 4484 538 4538 vel
566 4485 636 4539 dii
673 4486 951 4538 hominum
983 4486 1177 4554 gratia,
1219 4483 1326 4536 tale
1359 4482 1489 4552 quid
1527 4481 1876 4546 invenerunt,
1902 4482 2047 4550 quod

456 4583 513 4629 et
546 4577 654 4630 vim
685 4579 988 4641 cohiberet,
1023 4586 1078 4631 et
1121 4577 1396 4644 aequitatis
1442 4575 1696 4628 omnibus
1733 4590 1795 4628 ac
1821 4574 2047 4642 iustitia:

456 4671 651 4739 pignus
691 4682 856 4736 esset,
897 4671 1149 4740 idemque
1192 4681 1298 4724 tam
1347 4669 1510 4737 vulgo
1549 4668 1837 4738 prodesset
1880 4683 2044 4738 quam

462 4763 528 4814 iis
557 4763 648 4830 qui
687 4763 792 4815 vim
823 4765 1206 4817 excercebant.
1238 4761 1373 4815 Nam
1417 4777 1516 4816 nec
1551 4763 1604 4816 hi
1638 4777 1859 4815 snarmn
1893 4771 2054 4817 erant

463 4852 784 4920 injuriarnm
817 4856 1125 4909 mercedem
1151 4853 1393 4916 evasuri,
1443 4854 1572 4923 quin
1601 4852 2053 4908 imbecillioribus

463 4959 493 4998 a
536 4961 597 4999 se
650 4945 879 5000 invicem
916 4947 1151 5014 primum
1198 4947 1459 5015 paulatim
1516 4945 1844 5010 interfectis,
1889 4955 2055 5011 atque

464 5038 536 5091 ita
571 5037 797 5107 reliquis
826 5053 1045 5106 semper
1086 5038 1334 5102 sublatis,
1369 5054 1427 5092 se
1472 5047 1660 5092 mutuo
1705 5038 1938 5106 denique
1973 5037 2055 5090 in-

463 5130 745 5194 vaderent,
765 5131 1218 5198 quemadmodum
1238 5131 1303 5182 de
1321 5128 1532 5199 Spartis
1548 5129 1765 5197 legitur,
1791 5129 1890 5182 nisi
1915 5127 2054 5183 forte

464 5223 570 5277 hoc
599 5223 766 5277 etiam
804 5222 1014 5276 indicat
1043 5220 1249 5276 fabula.

2122 1991 2383 2060 χομέναις
2410 1993 2528 2053 ταῖς
2563 1990 2608 2023 ⁸⁸
2627 1991 2949 2060 ἐπιθυμίαις
2974 2008 2989 2056 ;
3020 1991 3193 2046 Ὅταν
3213 1993 3325 2060 γάρ
3349 1993 3440 2064 δέῃ
3469 1995 3567 2064 μὲν
3600 1995 3709 2048 δια-

2123 2083 2300 2134 κονεῖν
2332 2080 2569 2146 πολλοῖς,
2596 2075 2742 2134 οὗτοι
2770 2082 2815 2134 δ’
2856 2081 2931 2144 ὼς
2967 2081 3041 2153 μὴ
3072 2084 3213 2136 κατὰ
3230 2084 3400 2137 ταύτὰ
3420 2085 3712 2153 γινώσκον-

2122 2191 2236 2238 τες,
2264 2175 2400 2227 πᾶσι
2431 2174 2488 2228 δὲ
2530 2173 2811 2244 ἀμήχανον
2870 2175 2984 2236 τοῖς
3042 2175 3306 2238 τοιούτοις
3345 2175 3473 2247 [675
3508 2176 3605 2249 Η.]
3648 2180 3711 2231 ἐκ

2123 2265 2232 2319 τῶν
2262 2265 2442 2319 αὐτῶν
2497 2266 2567 2319 τὰ
2606 2266 2744 2318 αὐτὰ
2777 2267 2822 2298 ⁸³
2867 2265 3206 2336 χαρίζεσθαι,
3245 2266 3406 2339 [1219
3447 2268 3540 2341 IL]
3597 2270 3712 2334 πῶς

2125 2355 2220 2412 οὖν
2255 2359 2284 2411 ὁ
2317 2359 2503 2429 ῥήτωρ
2575 2357 2906 2428 θεραπεύσει
2952 2358 3054 2420 τὰς
3095 2357 3389 2428 ἐπιθυμίας
3432 2361 3450 2391 ί
3496 2360 3708 2423 αὐτῶν;

2127 2451 2245 2522 ἅμα
2306 2452 2418 2523 γάρ
2475 2455 2752 2522 χαριεῖται
2801 2453 2913 2515 τοῖς
2947 2452 3162 2522 ἑτέροις
3191 2454 3286 2506 καὶ
3332 2453 3458 2516 τοὺς
3493 2454 3714 2525 ἐτέρους

2129 2545 2369 2607 ἀνιάσει,
2397 2546 2539 2599 ὥστε
2575 2547 2636 2598 οὐ
2677 2545 2879 2616 μᾶλλον
2908 2545 3047 2617 πρὸς
3075 2547 3325 2618 ἡδονὴνῆ
3360 2547 3497 2618 πρὸς
3521 2548 3714 2618 ἀηδίαν

2129 2640 2265 2708 ἐρεῖ.
2320 2637 2534 2692 Οὐκοῦν
2565 2640 2584 2670 ’
2613 2640 2662 2690 εί
2709 2639 2807 2708 μὲν
2836 2640 2870 2710 ἡ
2899 2640 3166 2709 ῥητορικὴ
3205 2639 3426 2701 πειθοῦς
3456 2641 3717 2710 δημιουρ-

2131 2733 2226 2801 γὸς
2263 2733 2358 2786 καὶ
2389 2731 2450 2785 τὸ
2488 2731 2702 2785 πείθειν
2757 2731 2868 2785 τῶν
2927 2731 3195 2802 ρητόρων,
3231 2732 3292 2784 οὑ
3330 2732 3719 2788 κολακεύουσιν

2131 2826 2180 2878 οἱ
2205 2825 2555 2895 ῥήτορεςοού
2619 2825 2729 2892 γὰρ
2780 2821 3092 2876 διακονοῦσι
3141 2825 3253 2886 τοῖς
3303 2823 3535 2888 πολλοῖς,
3583 2824 3720 2878 άλλά

2134 2917 2436 2971 πείθουσιν.
2464 2917 2528 2969 Εἰ
2546 2916 2590 2969 δ’
2620 2917 2670 2968 οἱ
2695 2916 2925 2986 ῥήτορες
2950 2914 3019 2968 τὰ
3056 2914 3316 2969 δοκοῦντα
3339 2915 3556 2983 λέγουσι
3609 2918 3723 2978 τοῖς

2135 3011 2373 3076 πολλοῖς,
2403 3011 2464 3064 οὐ
2500 3009 2890 3080 δημιουργὸςή
2934 3009 3199 3082 ῥητορικὴ
3236 3009 3457 3074 πειθοῦς
3483 3026 3498 3040 ο
3535 3009 3723 3063 mdio-

2141 3105 2336 3172 μένους
2370 3103 2479 3172 γὰρ
2507 3104 2618 3165 τοῖς
2659 3101 2897 3164 πολλοῖς,
2938 3102 3052 3155 ἀλλ’
3081 3102 3140 3155 οὗ
3174 3102 3458 3166 πείθοντας
3487 3104 3728 3172 παρέχε-

2141 3212 2254 3249 ται.
2281 3193 2426 3265 Πρὸς
2474 3193 2648 3247 ταῦτα
2699 3191 2818 3245 ἐλοῦ
2852 3190 3151 3263 όποτέρωθι
3171 3192 3231 3245 τὸ
3258 3191 3470 3262 ψεῦδος.
3500 3191 3727 3244 Πλάτων

2143 3287 2402 3359 γάρήμῖν
2459 3285 2673 3355 ἐλέγχει
2741 3284 3025 3351 Πλάτωνα,
3082 3285 3177 3339 κα)⁵
3229 3284 3289 3338 τὸ
3329 3285 3636 3349 κάλλιστον,
3664 3284 3728 3336 οὐ

2146 3379 2455 3452 πόρρωθεν,
2484 3377 2601 3432 ἀλλ’
2624 3379 2690 3430 ἐκ
2725 3376 2845 3432 τῶν·
2872 3377 3053 3431 αὐτῶν
3083 3379 3103 3409 ³
3135 3377 3232 3430 καὶ
3258 3379 3371 3440 τοῖς
3395 3377 3579 3436 αὐτοῖς
3606 3375 3731 3428 τού-

2142 3489 2256 3534 τοις
2288 3471 2470 3539 λόγοις
2497 3467 2720 3541 ἀναμίξ.
2774 3469 2909 3522 Οὐδὲ
2962 3468 3080 3540 μεθ’
3115 3467 3137 3498 ⁸
3166 3461 3240 3522 ὧν
3267 3469 3470 3538 ἀρτίως
3500 3466 3732 3538 διεξῄειν

2143 3561 2351 3633 τεχνῶν
2384 3557 2526 3616 εἶναι
2562 3560 2672 3615 τῶν
2733 3561 2967 3625 πολλῶν,
3028 3559 3166 3614 ἀλλὰ
3216 3562 3310 3615 καὶ
3337 3560 3357 3591 ⁸
3390 3559 3494 3632 [ὅτι
3527 3557 3730 3631 τοίνυν]

2146 3656 2400 3708 πλεῖστον
2425 3654 2586 3722 λόγου
2612 3654 2842 3724 μετέχον
2872 3655 2904 3724 ἡ
2934 3653 3219 3726 ῥητορικὴ,
3247 3653 3446 3723 μᾶλλον
3467 3653 3512 3706 δ’
3545 3653 3688 3706 άπαν
3709 3654 3730 3684 ⁶

2146 3749 2203 3801 ἐν
2237 3747 2437 3815 λόγοις,
2465 3746 2560 3800 καὶ
2577 3747 2833 3816 μέγιστον
2854 3746 2949 3799 καὶ
2980 3745 3194 3815 πρῶτον
3215 3744 3322 3798 τῶν
3344 3745 3402 3799 ἐν
3425 3743 3731 3816 ἀνθρώποις

2147 3839 2243 3893 καὶ
2271 3839 2615 3893 τελεώτατον
2643 3839 2737 3892 καὶ
2774 3837 2969 3908 πέρας,
3001 3838 3050 3891 εί
3096 3832 3209 3891 οἷόν
3236 3838 3285 3892 τ’
3313 3838 3512 3898 είπεῖν,
3548 3837 3730 3906 εὐχῆς,

2147 3930 2298 3996 ἄξιον
2338 3930 2532 3994 δεῖξαι.
2567 3927 2737 4001 Οϊμαι
2763 3931 2783 3963 ⁷
2812 3931 2992 3986 τοίνυν
3055 3929 3301 3994 ἅπαντας
3356 3928 3422 3983 ἂν
3455 3930 3500 3994 ⁸,
3535 3923 3617 3991 οἷς
3646 3930 3731 3982 ξυ-

2149 4022 2331 4087 νατὸν,
2368 4022 2657 4091 συμφῆσαι
2690 4022 2749 4075 τὸ
2777 4022 2850 4092 μὴ
2882 4023 3002 4074 κατ’
3021 4022 3161 4075 αὐτὰ
3189 4021 3348 4091 φῦναι
3369 4021 3496 4084 τοὺς
3525 4018 3732 4090 ἀνθρώ-

2149 4132 2306 4178 πους,
2342 4112 2480 4168 ἀλλὰ
2500 4113 2644 4168 δυοῖν
2679 4113 2700 4144 ⁹
2735 4113 2999 4184 μερίδοιν,
3041 4111 3139 4182 τὴν
3167 4112 3264 4183 μὲν
3303 4113 3422 4165 οἷαν
3455 4110 3732 4181 βιάζεσθαι

2150 4209 2246 4261 καὶ
2275 4206 2626 4260 πλεονεκτεῖν
2661 4202 2802 4260 εἶναι
2839 4207 2905 4272 ¹⁰,
2955 4207 3021 4278 ἣν
3056 4207 3164 4259 τῶν
3203 4205 3532 4276 κρειττόνων
3560 4221 3646 4265 τις
3670 4203 3733 4255 ἂν

2150 4303 2314 4366 εἴποι,
2342 4302 2488 4369 λέγω
2519 4301 2563 4354 δ’
2605 4301 2704 4355 οὐκ
2748 4302 2915 4372 ἀρετῇ
2955 4299 3262 4370 βελτιόνων,
3304 4298 3420 4350 ἀλλ’
3464 4295 3735 4366 ίσχυροτέο

2159 4411 2266 4464 ρων
2297 4394 2362 4456 υ,
2387 4391 2490 4461 τὴν
2521 4393 2579 4446 δὲ
2607 4394 2726 4447 οἵαν
2753 4391 3106 4447 ἐλαττοῦσθαι
3136 4392 3230 4445 καὶ
3257 4391 3408 4461 παρὰ
3442 4391 3485 4420 ¹²
3512 4388 3737 4460 γνώμην

2155 4487 2462 4556 συγχωρεῖν
2494 4486 2722 4557 ἀπειρίᾳ
2749 4485 2844 4539 τοῦ
2874 4485 3127 4550 κωλύειν,
3160 4485 3225 4554 ἦν
3270 4482 3378 4537 τῶν
3417 4481 3736 4535 ἀσθενεστέ-

2080 4604 2124 4658 D
2159 4597 2266 4651 ρων
2293 4579 2457 4634 οὖσαν
2484 4579 2827 4649 γινώσκομεν
2845 4579 2911 4633 ¹³.
2940 4578 3110 4632 Τοῦτο
3138 4572 3230 4631 οὖν
3251 4572 3388 4629 εἶναι
3413 4576 3459 4606 ¹⁸
3488 4575 3661 4629 αἴτιον
3681 4571 3740 4625 τὸ

2155 4672 2390 4741 ποιῆσαν
2425 4675 2607 4744 εὑρεῖν
2630 4690 2683 4726 τι
2709 4667 2957 4726 τοιοῦτον
2983 4671 3304 4742 ἀνθρώπους
3337 4671 3378 4703 ¹⁸
3397 4669 3539 4738 ὑπὲρ
3563 4667 3738 4721 αὐτῶν

2153 4765 2187 4836 ἢ
2221 4764 2378 4827 θεούς
2413 4781 2476 4832 γε
2508 4765 2649 4836 ὑπὲρ
2695 4764 2805 4817 τῶν
2835 4764 2879 4796 ³⁸
2909 4762 3235 4835 ἀνθρώπων,
3271 4761 3298 4815 ὃ
3333 4761 3432 4831 τὴν
3462 4761 3564 4831 μὲν
3594 4760 3740 4828 ἰσχὺν

2155 4855 2466 4924 ἐπισχήσει,
2519 4853 2614 4906 τοῦ
2675 4853 2731 4907 δέ
2789 4854 2904 4907 ἴσου
2953 4853 3046 4907 καὶ
3097 4851 3308 4906 δικαίου
3347 4853 3515 4904 πᾶσιν
3554 4849 3734 4919 ὥσπερ

2158 4947 2415 5018 ἐνέχυρον
2437 4947 2753 5017 γενήσεται.
2777 4945 2970 5000 ταύτὸν
2995 4947 3106 5008 τοῖς
3134 4962 3192 4997 τε
3220 4944 3432 5005 πολλοῖς
3463 4941 3737 5012 συμφέρον

2159 5040 2256 5092 καὶ
2285 5040 2399 5101 τοῖς
2425 5037 2564 5109 πρὸς
2602 5037 2663 5091 τὸ
2699 5036 2986 5107 βιάζεσθαι
3041 5035 3343 5105 πεφυκόσιν
3374 5034 3581 5096 αὐτοῖς.
3613 5031 3736 5085 usas

2160 5130 2271 5201 γὰρ
2313 5132 2513 5183 ἐκεῖνοι
2568 5130 2792 5201 ἔμελλον
2857 5130 3214 5199 ἐκφεύξεσθαι
3257 5127 3364 5180 τῶν
3409 5126 3609 5178 ἀδίκων
3653 5121 3740 5175 καὶ

2160 5219 2351 5272 κακῶν
2399 5219 2578 5291 ἔργων
2632 5221 2955 5291 τάπίχειρα,
3009 5219 3146 5274 ἀλλὰ
3195 5219 3307 5272 τῶν
3337 5215 3739 5271 ἀσθενεστάτων

465 5317 700 5389 πρώτων
727 5319 1128 5390 ἀναιρεθέντων
1155 5317 1333 5371 ἄλλων
1355 5313 1446 5368 ὑπ’
1477 5314 1654 5368 ἄλλων
1689 5313 1833 5368 κατὰ
1860 5314 2058 5387 μικρὸν
2095 5313 2269 5380 οὕτως
2334 5316 2422 5369 ἀεὶ
2475 5317 2584 5370 τῶν
2627 5316 2830 5369 λοιπῶν
2872 5314 3351 5386 ὑπεξαιρουμὲνων
3400 5309 3593 5381 ἔμελλε
3659 5325 3736 5360 τε·

1770 5432 2006 5488 νΑιιιΑς
2045 5430 2344 5488 LECTIUN
2354 5432 2458 5487 ES.

537 5530 585 5563 ⁸⁸
617 5531 925 5602 συμϐούλου
955 5549 1016 5596 ς.
1076 5599 1086 5602 _
1120 5529 1170 5602 θ’,
1201 5527 1435 5602 ἀκοῦσαι
1469 5544 1578 5602 om.
1605 5530 1672 5584 A.

471 5602 520 5636 ”
543 5599 737 5655 ἑαυτοῦ
775 5619 836 5665 ς.
948 5603 994 5634 9⁵
1030 5599 1104 5671 μὴ
1125 5600 1214 5671 δὴ]
1250 5619 1302 5666 p.
1337 5601 1425 5654 79.

1781 5532 1825 5563 9"
1861 5530 2035 5583 ταῦτα
2061 5546 2171 5583 om.
2201 5531 2269 5584 A.

1528 5599 1646 5633 οωτ
1675 5600 2063 5668 ἵνα-..φανείης
2098 5616 2209 5654 om.
2242 5602 2306 5655 Α.

2372 5529 2416 5560 ⁹¹
2449 5527 2676 5596 πάντες]
2702 5544 2754 5596 p.
2788 5525 2878 5579 76.
2953 5526 3002 5596 Ρ¹
3036 5523 3236 5596 ἑαυτῆς
3263 5539 3321 5585 ς-

3398 5521 3446 5552 ⁹³
3475 5517 3573 5590 τῷ]
3599 5518 3655 5570 τὸ

2431 5600 2552 5631 93-”
2586 5595 2916 5661 ταῖς-πᾶσι
2945 5595 2999 5648 δὲ
3033 5612 3140 5648 oni.
3179 5595 3239 5646 A.

3343 5592 3357 5622 ¹
3396 5588 3592 5653 θεραπ.
3647 5588 3740 5645 τάς

475 5672 620 5725 ἐπιθ.
647 5657 916 5741 χαριεῖται
941 5657 1057 5734 ταῖς
1086 5657 1403 5741 ἐπιθυμίαις
1435 5671 1502 5724 Α.
1573 5673 1593 5702 ³
1619 5657 1921 5741 ούκοῦν]’ρ.
1943 5657 2059 5724 8οΪ
2106 5670 2127 5700 ³
2157 5669 2362 5734 αὐτῶν]
2393 5669 2574 5741 αὐτῶν
2604 5657 2778 5741 λόγων
2805 5672 2868 5724 Α.
2942 5663 3169 5741 ⁸ς⁵λοὺδέ
3197 5661 3315 5732 μεθ’
3330 5661 3420 5741 _(_D.
3447 5657 3740 5741 81)-ῖάλῖιά

477 5743 572 5792 καὶ
591 5757 702 5794 om.
733 5744 805 5811 7A.
915 5742 935 5773 ⁸
962 5742 1131 5811 ἆπαν]
1171 5743 1235 5795 αὐ
1269 5743 1376 5794 πᾶν
1406 5743 1470 5796 A.

479 5811 650 5881 κτεῖν.
729 5810 767 5842 “
806 5810 1169 5881 ἰσχυροτέρών
1193 5827 1301 5864 om.
1338 5814 1402 5864 A.

484 5875 664 5942 εὑρεῖν
707 5875 968 5948 ponit"A'.
1061 5875 1122 5912 ἠ
1146 5881 1255 5936 τῶν
1284 5896 1396 5937 om.
1425 5882 1490 5935 Α.

1578 5742 1597 5772 ⁷
1631 5739 1811 5810 οἶμαι]
1841 5739 1894 5808 pi.
1923 5743 2016 5798 8|.

2118 5741 2139 5773 ⁸
2171 5741 2260 5810 ἂν]
2290 5741 2390 5803 τάς
2442 5739 2861 5810 ἀνθρώπουςλΑ.

1483 5812 1598 5844 ¹²·¹³
1624 5809 1716 5868 καὶ
1746 5809 2314 5883 παρά-γινώσκομεν
2347 5827 2460 5869 om.
2508 5809 2574 5866 Αν.

2963 5738 2983 5768 ⁹
3013 5736 3156 5789 δυεῖν
3193 5729 3249 5796 ξ.
3330 5734 3373 5763 "
3408 5731 3501 5784 καὶ
3532 5729 3737 5780 πλεονε-

2679 5812 2721 5847 ¹δ
2745 5805 2909 5871 εἶναι]
2939 5803 3006 5878 ἦν
3044 5807 3111 5860 Α.
3194 5806 3234 5837 ¹³
3259 5801 3582 5872 ἀνθρώπους
3621 5805 3736 5854 ante
