3960 6418
220 383 343 447 1505
1250 376 1325 435 BI
1334 376 1774 436 BLIOTHECA.

1879 405 1882 412 -
1922 377 2084 438 COD.
2118 376 2441 440 CCXLVII.
3346 383 3484 448 1506

209 494 499 555 λευτῶντας
558 488 758 554 αὐτοὺς
805 489 897 560 ὑφ’
996 490 1223 554 ἑαυτοὺς
1294 491 1505 560 ὲλθεϊν,
1582 494 1776 565 ὥσπερ
1818 494 1954 564 φασὶ
1988 493 2115 557 τοὺς
2142 494 2442 562 σπαρτοὺς,
2473 493 2521 545 εί
2567 492 2679 563 ἄρα
2731 492 2826 546 καὶ
2861 494 2889 547 ὁ
2932 493 3103 565 μῦθος
3170 495 3328 551 τοῦτο
3396 504 3482 552 αἰ-

208 589 454 643 νίττεται.

278 681 422 735 Ἔδει
472 677 537 740 δὴ
594 676 639 709 "
687 675 867 730 κοινόν
918 692 974 730 τι
1027 677 1323 749 φάρμακον
1368 679 1660 750 εὑρεθῆναι
1687 686 1765 751 τῷ

1941 681 2241 737 Commune
2284 681 2555 753 quoddam
2590 683 2683 738 toti
2741 686 2922 755 generi
2960 685 3293 758 fuit'415a
3327 688 3483 743 inve-

210 774 363 845 γένει,
417 765 611 823 ταύτὸν
654 768 827 822 ἅπασι
874 770 1179 841 συμφέρον,
1209 773 1321 834 τοῖς
1358 772 1621 843 ἰσχυροῖς,
1669 774 1783 835 τοῖς

206 870 399 939 ἥττοσι,
448 864 562 926 τοῖς
621 862 945 929 ἐπιεικέσιν,
991 864 1066 927 ὡς
1093 864 1221 929 τοὺς
1264 866 1364 935 μὲν
1394 867 1427 936 ἢ
1462 866 1503 898 ¹⁸
1536 866 1782 920 κωλῦσαι

212 963 312 1030 πρὸ
336 959 440 1011 τῶν
493 957 912 1027 ἀδικημάτωνῆ
968 957 1102 1027 παρ’
1128 958 1270 1010 αὐτά
1333 959 1779 1030 τιμωρήσασθαι,

206 1056 307 1113 τοῖς
335 1050 389 1102 δὲ
410 1049 594 1103 ἄδειαν
626 1046 719 1100 τοῦ
760 1048 877 1116 βίου
947 1050 1392 1119 παρασκευάσαι,
1435 1053 1547 1113 τοῖς
1592 1050 1652 1103 δὲ
1685 1051 1783 1121 χά-

207 1159 284 1211 ριν
308 1140 403 1209 τήν
430 1138 771 1207 πρέπουσαν,
810 1137 927 1191 ὅσοι
949 1138 1009 1190 τὸ
1041 1139 1250 1193 δίκαιον
1280 1140 1484 1210 ἐτίμων
1540 1142 1793 1203 ὲκόντες.“

206 1231 408 1302 Εὑρέθη
436 1230 616 1283 τοίνυν
669 1231 733 1282 ἐκ
783 1230 990 1284 τούτων
1043 1233 1329 1303 ῥητορικὴ,
1384 1233 1479 1285 κα)⁹
1530 1232 1781 1302 παρῆλθε

202 1325 558 1395 φυλακτήριον
616 1324 963 1395 δικαιοσύνης
1006 1326 1101 1380 καὶ
1162 1327 1459 1396 σύνδεσμος
1509 1326 1603 1379 τοῦ
1664 1326 1780 1396 βίου

202 1422 304 1482 τοῖς
336 1417 663 1489 ἀνθρώποις,
720 1419 870 1481 ὅπως
929 1419 1005 1489 μὴ
1074 1421 1196 1482 ταῖς
1248 1419 1428 1489 χερσὶ,
1476 1419 1611 1489 μηδὲ
1670 1420 1781 1482 τοῖς

200 1508 395 1570 ὅπλοις,
426 1507 562 1577 μηδὲ
595 1508 672 1577 τῷ
704 1509 1018 1579 προλαϐεῖν,
1057 1511 1192 1580 μηδὲ
1255 1511 1448 1580 πλήθει
1474 1511 1567 1563 καὶ
1615 1511 1783 1581 μεγέ-

202 1602 276 1653 θει
314 1602 373 1665 ¹⁹,
406 1601 529 1670 μηδ’
557 1601 704 1670 ἄλλῳ
727 1602 834 1654 τῶν
870 1602 1071 1657 ἀνίσων
1124 1604 1314 1674 μηδενὶ
1348 1606 1392 1636 ¹⁰
1439 1606 1683 1674 κρίνοιτο
1710 1604 1780 1658 τὰ

201 1690 518 1761 πράγματα,
578 1690 693 1744 ἀλλ’
740 1694 767 1745 ό
828 1694 986 1761 λόγος
1027 1694 1089 1747 τὸ
1159 1696 1366 1749 δίκαιον
1435 1698 1520 1764 ἐφ’
1548 1698 1779 1768 ἡσυχίας

200 1784 406 1855 διαιροῖ.
451 1782 620 1852 Ἀρχὴ
671 1784 773 1852 μὲν
820 1779 912 1837 οὖν
942 1786 986 1816 ¹¹
1014 1785 1152 1857 αὕτη
1196 1788 1292 1840 καὶ
1354 1790 1515 1857 φύσις
1556 1793 1776 1860 ῥητορι-

203 1875 317 1944 κῆς,
371 1875 465 1928 καὶ
498 1873 749 1944 βούλημα
785 1876 963 1942 τοῦτο,
992 1877 1169 1931 σῶσαι
1205 1881 1414 1944 πάντας
1453 1881 1779 1952 ἀνθρώπους

202 1966 288 2018 καὶ
318 1964 414 2036 τὴν
448 1964 571 2034 βίαν
592 1968 680 2019 διὰ
712 1966 811 2036 τῆς
840 1968 1064 2032 πειθοῦς
1085 1968 1432 2025 ἀπώσασθαι.
1453 1974 1706 2026 Φαίνεται
1729 1975 1774 2006 ²²

1891 773 2148 827 niendum
2202 776 2527 840 remedium,
2609 777 2754 843 quod
2783 779 3036 833 omnibus
3100 792 3246 834 esset
3298 782 3472 835 utile:

1887 863 2146 929 fortibus,
2186 864 2570 931 imhecillibus,
2612 866 2798 935 justis,
2844 868 2916 920 ita
2948 879 3004 921 ut
3036 869 3109 922 illi
3155 870 3238 924 vel
3278 872 3477 939 injnSte

1887 972 2050 1026 agere
2079 968 2415 1025 vetarentur,
2450 959 2532 1013 vel
2556 975 2677 1013 cum
2707 960 2901 1029 injuria
2934 963 3238 1030 puniretur,
3274 963 3325 1017 lii
3347 978 3476 1017 vero

1886 1064 2079 1105 secure
2130 1050 2401 1111 viverent.
2464 1054 2725 1121 postremi
2784 1062 2965 1107 autem
3026 1064 3295 1123 quotquot
3326 1056 3469 1110 ultro

1881 1139 2153 1209 justitiam
2179 1141 2454 1206 colebant,
2496 1144 2801 1195 mercedem
2836 1142 3124 1198 decentem
3162 1160 3471 1212 conseque-

1887 1242 2098 1287 rentur.
2139 1234 2360 1287 Inventa
2388 1234 2659 1304 estigitur
2716 1236 3012 1301 rhetorica,
3058 1237 3472 1305 prodiitqneju-

1886 1325 2051 1379 stitia:
2083 1327 2354 1392 custodia,
2381 1336 2435 1381 et
2476 1327 2729 1379 humana:
2761 1326 2886 1381 vita:
2916 1329 3133 1397 copula,
3167 1344 3233 1380 ne
3254 1332 3333 1381 vel
3360 1344 3474 1380 ma-

1885 1415 2069 1477 nibus,
2104 1415 2186 1469 vel
2224 1417 2413 1481 armis,
2451 1416 2534 1471 vel
2579 1419 2962 1486 occupatione,
2999 1420 3082 1471 vel
3126 1418 3474 1473 multitudine

1884 1518 1947 1557 ac
1972 1507 2360 1574 magnitudine,
2396 1508 2478 1559 vel
2514 1508 2616 1562 alia
2646 1523 2704 1563 re
2735 1508 2915 1576 aliqua
2956 1509 3208 1577 inaequali
3238 1523 3325 1562 res
3354 1510 3472 1562 dis-

1882 1608 2259 1661 cernerentur.
2289 1601 2466 1668 potius
2504 1618 2666 1667 quam
2695 1604 2833 1656 ratio
2882 1619 3039 1657 suum
3073 1604 3271 1671 cuique
3317 1614 3469 1658 tran-

1881 1690 2051 1758 quille
2099 1692 2385 1746 tribueret.
2421 1692 2545 1747 llzec
2575 1694 2741 1763 igitur
2769 1705 2851 1749 est
2902 1698 3056 1759 origo
3093 1697 3379 1750 rhetoriczc
3418 1706 3474 1751 et

1884 1792 2098 1845 natura,
2135 1782 2239 1836 hoc
2280 1782 2399 1850 ejus
2450 1787 2813 1853 propositum.
2853 1798 2913 1841 ut
2977 1804 3170 1843 omnes
3216 1789 3471 1844 homines

1881 1883 2195 1937 conservet,
2226 1886 2280 1929 et
2307 1876 2410 1928 vim
2439 1879 2793 1945 persuasione
2821 1880 3071 1949 repellat.
3124 1881 3473 1950 Quapropter

1882 1964 2129 2018 eamdem
2160 1966 2431 2020 rhetorica
2454 1983 2618 2035 quam
2655 1984 2747 2024 ars
2787 1969 2964 2039 legum
2995 1970 3351 2025 ferendarum
3387 1980 3473 2027 est

194 2057 366 2109 τοίνυν
393 2058 426 2128 ἡ
456 2058 727 2129 ῥητορικὴ
761 2062 826 2129 τῇ
853 2061 899 2091 ’³
922 2061 1247 2133 νομοθετικῇ
1274 2062 1373 2132 τῆς
1393 2064 1565 2134 αὐτῆς
1595 2082 1774 2135 μετει-

1886 2064 2135 2108 naturam
2182 2058 2400 2121 sortita,
2474 2059 2517 2112 si
2571 2060 2792 2128 quidem
2845 2070 3134 2130 utramque
3180 2063 3475 2131 diligenter

196 2146 392 2216 ληφυῖα
420 2147 659 2217 φύσεως,
709 2150 871 2221 εἴπερ
898 2150 941 2181 ’⁵
966 2153 1027 2204 τό
1058 2170 1121 2221 γε
1153 2155 1382 2225 ἀκριϐὲς
1424 2156 1511 2207 ἐπ’
1535 2156 1779 2225 ἀμφοτέ-

198 2258 298 2311 ρων
318 2242 398 2295 δεῖ
447 2244 678 2314 θεωρεῖν
708 2244 755 2276 ’⁸
782 2261 796 2276 ο
838 2246 1039 2315 μᾶλλον
1067 2247 1123 2300 δὲ
1157 2249 1325 2319 μέρος
1381 2244 1517 2302 οὖσα
1546 2250 1644 2319 τῆς
1681 2251 1778 2321 ρη-

192 2331 406 2401 τορικῆς
436 2335 467 2403 ή
502 2333 850 2405 νομοθετική,
881 2336 975 2390 καὶ
1005 2342 1119 2401 τοῖς
1144 2341 1281 2392 πᾶσι
1317 2340 1567 2410 δευτέρα.
1610 2340 1733 2404 Πῶς
1760 2359 1774 2406 ;

194 2420 410 2492 Πρῶτον
462 2426 564 2491 μὲν
612 2427 694 2479 ὃτι
744 2429 841 2481 καὶ
908 2429 1034 2500 περὶ
1083 2431 1265 2484 αὐτῶν
1320 2432 1426 2485 ἔδει
1466 2432 1574 2486 τῶν
1597 2434 1778 2503 νόμων

194 2513 342 2581 λόγου
369 2516 606 2592 [ϐῗϐΗ]
630 2520 723 2573 τοῦ
780 2521 1084 2587 πείθοντος.
1122 2524 1184 2575 El
1214 2524 1323 2595 γάρ
1364 2525 1409 2556 ⁸⁸
1438 2526 1586 2579 ἐστιν
1615 2525 1776 2595 εὔδη-

201 2610 286 2662 λον
324 2610 404 2663 ὅτι
439 2612 488 2663 οἱ
520 2613 677 2683 νόμοι
714 2614 814 2684 μὲν
850 2614 992 2686 ὑπὲρ
1017 2615 1109 2668 τοῦ
1151 2617 1362 2679 πάντας
1393 2617 1455 2669 τὸ
1496 2619 1776 2689 προσῆκον

192 2701 330 2773 ἔχειν
350 2702 580 2773 ἔμελλον
601 2704 953 2776 τεθήσεσθαι,
978 2706 1135 2761 τοῦτο
1165 2708 1221 2760 δὲ
1253 2709 1302 2760 οί
1334 2712 1399 2779 τῇ
1434 2711 1578 2779 χειρὶ
1595 2711 1776 2781 κρείτ-

192 2807 310 2853 τους
341 2790 576 2859 έμελλον
634 2794 1139 2863 συμϐουλήσεσθαι,
1175 2795 1293 2859 πῶς
1327 2797 1427 2849 οὐκ
1458 2797 1775 2865 ἀναγκαίως

191 2885 293 2939 ἔδει
323 2887 480 2956 λόγου
504 2888 601 2943 τοῦ
638 2891 918 2953 πείθοντος
943 2892 1043 2962 ἤδη
1084 2892 1130 2921 ²⁷
1169 2909 1185 2957 ;
1217 2891 1279 2944 οὐ
1319 2893 1428 2962 γὰρ
1482 2892 1774 2961 βιάσασθαί

190 2992 249 3044 γε
275 2978 319 3010 ’⁸
347 2980 475 3051 ἐνῆν
504 2982 632 3045 τοὺς
670 2982 806 3052 πρὸς
838 2981 975 3036 αὐτὸ
1009 2981 1168 3035 τοῦτο
1211 2983 1527 3051 πεφυκότας
1562 2982 1627 3047 ¹⁹,
1665 2984 1774 3035 οὐδ’

185 3065 250 3139 ἦν
278 3070 416 3143 αῦτη
443 3076 627 3143 νόμων
661 3075 833 3145 ἀρχήο
870 3074 1012 3143 ὑπὲρ
1043 3074 1153 3145 γὰρ
1182 3074 1347 3127 αὐτοῦ
1393 3074 1488 3127 τοῦ
1539 3074 1616 3145 μὴ
1657 3073 1770 3143 βιά-

188 3164 369 3229 ζεσθαι
404 3166 537 3229 τοὺς
563 3167 763 3236 νόμους
793 3167 900 3221 ἔδει
952 3166 1162 3220 θέσθαι.
1197 3165 1406 3221 Οὔκουν
1445 3163 1513 3238 ἦν
1566 3167 1775 3220 τιθέναι

187 3258 538 3329 βιασάμενον,
577 3259 739 3333 [1252
778 3259 873 3333 IL]
901 3261 1038 3314 ἀλλά
1068 3260 1214 3313 τοῦτ’
1243 3256 1310 3331 ἦν
1373 3262 1590 3331 πρῶτον
1622 3261 1775 3330 παρὰ

182 3350 305 3413 τοὺς
324 3352 547 3421 νόμους.
561 3352 813 3405 Φαίνεται
832 3352 876 3383 ³⁸
892 3352 1071 3404 τοίνυν
1095 3350 1377 3405 κάνταῦθα
1393 3351 1433 3382 ³¹
1455 3352 1487 3421 η
1511 3351 1773 3421 ῥητορικὴ
1803 3380 1844 3436 C

186 3440 485 3513 βουλομένη
554 3442 656 3513 μὲν
708 3443 883 3498 ταὺτά
934 3446 999 3514 τῇ
1056 3443 1378 3513 δικαστικῇ,
1410 3441 1667 3495 τοσοῦτον
1715 3443 1773 3496 δὲ

182 3534 388 3589 νικῶσα
411 3536 555 3589 ὅσων
586 3536 903 3606 ἀμφοτέρας
931 3535 1051 3607 [τὴν
1083 3534 1442 3607 νομοθετικην
1475 3536 1570 3587 καὶ
1618 3535 1766 3587 δικα-

183 3626 393 3699 στικὴν]
420 3628 464 3659 ³²
497 3627 715 3699 συνέχει
758 3629 891 3697 μόνη
937 3628 1193 3697 βεϐαίως.
1257 3626 1566 3697 Βουλομένη
1609 3627 1770 3697 γὰρὴ

180 3718 468 3792 δικαστικὴ
499 3722 755 3795 καθάπερ
778 3723 835 3774 ὲν
880 3722 1028 3791 μάχη
1077 3723 1144 3790 τῇ
1206 3718 1530 3788 νομοθετικῇ
1574 3718 1771 3787 βοηθῆ-

180 3828 289 3878 σαι,
330 3814 533 3867 ταύτδν
566 3813 767 3867 ἔπαθεν
795 3812 933 3883 αῦτη
972 3814 1015 3843 ³³
1046 3814 1111 3882 τῇ
1155 3811 1505 3880 νομοθετικῇ.
1559 3810 1771 3878 Ἐκείνη

179 3918 237 3954 τε
261 3902 371 3972 γὰρ
406 3904 713 3975 ῥητορικῆς
736 3904 1002 3974 πρότερον
1036 3902 1081 3933 ³⁵
1099 3900 1342 3971 ἐδέησεν,
1370 3898 1509 3951 ὥστε
1535 3898 1708 3969 ταύτῃ
1726 3898 1770 3927 ³⁵

176 3997 321 4068 ἔχειν
354 3998 597 4069 πάροδον
627 3998 753 4059 τοῦς
791 3997 1013 4064 νόμους,
1063 3995 1098 4064 ἦ
1122 4011 1181 4047 τε
1230 3990 1521 4061 δικαστικὴ
1586 3992 1771 4060 σχῆμα

136 4092 141 4097 ’
176 4092 479 4162 ἐπικούρου
500 4090 741 4143 λαϐοῦσα
759 4091 867 4152 τοῖς
892 4089 1098 4156 νόμοις,
1129 4086 1267 4156 αὐτὴ
1300 4086 1563 4155 πρότερον
1599 4100 1770 4154 προσ⁹

172 4185 370 4255 εδεήθη
409 4186 455 4217 ³⁸
492 4186 593 4253 τῆς
632 4185 783 4250 παρά
823 4180 922 4251 τῆς
959 4181 1257 4251 ῥητορικῆς
1315 4177 1590 4247 βοηθείας.
1621 4177 1770 4228 Ἔδει

174 4278 283 4346 γὰρ
308 4274 614 4346 δυνηθῆναι
651 4274 940 4345 βοηθῆσαι,
979 4271 1139 4325 τοῦτο
1170 4270 1215 4323 δ’
1246 4270 1347 4323 οὐκ
1394 4267 1463 4340 ἦν
1509 4269 1640 4322 ἄνευ
1673 4269 1772 4337 ῥηα

171 4369 427 4438 τορικῆς.
482 4368 757 4439 Πρότερον
793 4367 836 4397 ³⁷
892 4361 985 4418 οῦν
1048 4363 1335 4432 πολιτικῆς
1398 4363 1585 4432 μορίου
1620 4361 1772 4413 εἴδω-

172 4459 262 4512 λον
311 4462 347 4527 ἡ
378 4458 673 4530 ῥητορικὴ,
710 4457 841 4529 ἢτά
895 4460 995 4528 τῆς
1030 4456 1339 4524 πολιτικῆς,
1392 4454 1467 4516 ὡς
1523 4453 1586 4505 σὺ
1641 4453 1749 4523 φῂς

174 4551 344 4621 μόρια
376 4552 488 4605 ὑπὸ
542 4550 641 4621 τῆς
705 4552 1002 4620 ῥητορικῆς
1051 4549 1384 4617 συνέχεται;
1426 4545 1550 4613 ἐμοὶ
1582 4544 1627 4576 ³⁸
1670 4545 1770 4612 μὲν

168 4642 279 4715 γὰρ
304 4644 384 4708 ὼς
440 4642 661 4711 ἀληθῶς
691 4642 752 4694 ού
806 4643 1107 4713 ῥητορικὴν
1158 4640 1216 4692 ὲν
1260 4637 1475 4700 τούτοις
1520 4635 1769 4699 κακίζειν

1883 2145 2115 2199 velimus
2161 2149 2452 2216 inspicere,
2481 2160 2644 2217 atque
2680 2151 2817 2205 adeo
2870 2168 2999 2220 pars
3049 2163 3133 2207 est
3182 2155 3472 2208 rlietorirze

1882 2254 1972 2291 ars
2009 2238 2210 2308 legum,
2235 2250 2399 2310 atque
2452 2243 2506 2295 in
2554 2243 2811 2298 omnibus
2858 2244 3110 2299 inferior.
3140 2245 3473 2312 Quomodo?

1879 2329 2121 2384 Primum
2152 2334 2297 2386 enim
2328 2333 2459 2401 ipsis
2490 2334 2654 2387 etiam
2691 2335 2900 2405 legibus
2923 2338 3173 2392 oratione
3195 2349 3314 2392 erat
3335 2355 3472 2409 opus

1881 2423 1947 2476 ad
1989 2426 2447 2491 persuadendum.
2506 2428 2716 2482 Etenim
2745 2429 2788 2482 si
2820 2429 2971 2499 leges
2994 2446 3055 2485 ea
3089 2432 3155 2485 de
3190 2447 3379 2495 causa,
3413 2442 3471 2486 ut

1878 2528 2035 2567 suum
2062 2516 2257 2583 cuique
2277 2518 2695 2583 concederetur,
2721 2532 2878 2575 erant
2912 2520 3170 2589 ferendae,
3202 2524 3253 2579 id
3284 2536 3467 2579 autem

1880 2604 2194 2663 fortissimis
2223 2612 2531 2679 quibusque
2557 2612 2885 2679 placiturum
2918 2631 3023 2668 non
3054 2629 3194 2681 erat,
3241 2621 3467 2673 omnino

1880 2696 1982 2750 fttit
2020 2700 2282 2753 adhibere
2327 2703 2632 2757 orationem
2710 2706 3108 2759 necessarium.
3154 2706 3289 2762 Nam
3346 2710 3455 2764 vim

1879 2792 2097 2860 quidem
2136 2809 2242 2847 non
2301 2795 2503 2849 licebat
2570 2798 2637 2851 iis
2700 2798 2926 2865 inferre,
2982 2800 3073 2869 qui
3130 2800 3286 2855 liberi
3353 2803 3467 2857 nati

1879 2893 2084 2946 essent,
2114 2899 2211 2937 nec
2248 2886 2361 2940 ltrec
2399 2896 2517 2941 erat
2562 2887 2740 2957 legum
2768 2890 2946 2957 origo,
2979 2906 3099 2960 qum
3125 2902 3315 2947 contra
3354 2894 3465 2949 vim

1878 2972 2007 3026 ferri
2042 2976 2334 3030 debebant.
2378 2977 2564 3047 Itaque
2595 2995 2691 3048 per
2723 2982 2828 3034 vim
2871 2981 3003 3036 ferri
3035 3000 3138 3037 non
3178 2993 3466 3053 poterant,

1880 3083 2001 3120 cum
2028 3069 2082 3121 id
2127 3069 2360 3137 primum
2390 3083 2577 3125 contra
2633 3074 2781 3144 leges
2812 3075 3051 3128 futurum
3085 3078 3268 3130 fuerit.
3315 3078 3467 3144 Qua-

1880 3168 2103 3227 propter
2132 3169 2187 3213 et
2222 3161 2309 3215 hic
2347 3162 2621 3217 rhetorica
2676 3176 2887 3233 spectat
2939 3168 3079 3221 idem
3131 3169 3276 3235 quod
3316 3168 3465 3235 judi-

1880 3250 2073 3306 cialis:
2126 3251 2230 3307 hoc
2280 3268 2406 3308 vero
2462 3266 2708 3324 superat,
2756 3259 2901 3326 quod
2958 3270 3243 3328 utramque
3298 3259 3464 3333 [legis

1881 3342 2167 3399 factoriam
2200 3355 2254 3401 et
2277 3347 2619 3420 judicialem]
2658 3350 2770 3403 sola
2799 3353 3207 3418 complectitur.
3243 3352 3461 3410 Etenim

1878 3451 2001 3491 cum
2025 3437 2487 3505 velletjudicialis
2519 3442 2622 3493 arti
2674 3442 2851 3512 legum
2885 3444 3261 3509 ferendarum,
3307 3451 3465 3515 quasi

1879 3526 1930 3579 in
1959 3527 2177 3596 prtelio,
2212 3543 2368 3597 Opem
2409 3528 2575 3595 ferre,
2608 3531 2750 3586 idem
2789 3535 2889 3604 ipsi
2929 3538 3072 3604 quod
3115 3538 3189 3592 illi
3214 3541 3465 3609 contigit.

1877 3618 2011 3673 Nam
2049 3630 2104 3673 et
2137 3621 2212 3675 illi
2249 3623 2525 3677 rhetorica
2564 3626 2822 3695 primum,
2878 3637 2937 3682 ut
2972 3645 3067 3695 per
3097 3646 3216 3685 eam
3253 3632 3465 3703 legibus

1876 3715 2057 3770 aditus
2092 3723 2320 3783 pateret,
2364 3730 2501 3785 opus
2560 3718 2685 3787 fuit,
2734 3730 2791 3774 ct
2819 3721 3099 3787 judicialis
3150 3740 3271 3779 cum
3310 3730 3467 3781 auxi-

1875 3805 2062 3859 liantis
2112 3806 2357 3861 habitum
2406 3811 2753 3878 sumpsisset,
2809 3815 2924 3880 ipsa
2985 3816 3138 3883 prius
3175 3817 3465 3873 rhetorica:

1877 3899 2208 3954 desideravit
2263 3901 2549 3956 auxilium.
2619 3901 2887 3969 Quoniam
2952 3908 3098 3960 enim
3152 3910 3465 3966 facultatem

1870 3993 2095 4062 juvandi
2153 3995 2487 4062 requirebat.
2544 4012 2663 4050 eam
2703 3998 2820 4052 sine
2890 4000 3165 4055 rhetorica
3206 4007 3465 4072 consequi

1877 4102 1981 4139 uou
2007 4096 2242 4155 poterat.
2280 4087 2477 4141 Utrum
2514 4103 2647 4158 ergo
2684 4090 2863 4145 civilis
2891 4094 3065 4161 partis
3095 4096 3455 4151 simulacrum

1875 4188 1959 4231 est
1990 4180 2283 4245 rhetorica,
2310 4196 2375 4234 an
2409 4193 2593 4250 partes
2621 4184 2863 4237 scientiae
2888 4185 3088 4249 civilis,
3134 4202 3271 4254 quas
3304 4190 3463 4253 dicis,

1872 4267 2068 4339 4151)
2121 4269 2223 4323 sub
2257 4270 2532 4323 rhetorica
2562 4272 2917 4326 continentur
2948 4272 2970 4324 ?
2998 4273 3127 4327 Nam
3156 4274 3289 4327 milii
3336 4277 3463 4345 qni-

1874 4364 1996 4414 dem
2031 4368 2089 4414 ut
2112 4360 2264 4434 [vere
2292 4377 2400 4416 nou
2433 4363 2791 4435 rhetoricum]
2815 4366 2865 4417 in
2900 4365 3016 4419 istis
3036 4366 3465 4435 videtursuggil-

1875 4450 2009 4516 lare,
2036 4467 2136 4506 nec
2169 4453 2345 4505 civiiis
2371 4454 2542 4521 partis
2571 4468 2689 4506 eam
2716 4454 3070 4507 simulacrum
3103 4470 3227 4510 esse
3277 4468 3463 4511 osten-

1875 4546 2026 4605 dere.
2067 4560 2260 4600 verum
2308 4547 2464 4615 quasi
2504 4547 2795 4600 rhetorica:
2836 4547 3189 4602 simulacrum
3238 4550 3460 4617 aliquod

1877 4638 2225 4706 sumpsisset,
2259 4637 2311 4690 in
2343 4653 2409 4692 eo
2441 4638 2683 4691 studium
2716 4653 2878 4692 omne
2903 4653 3125 4707 ponere.
3152 4654 3251 4695 nec
3284 4641 3461 4711 ipsam

169 4736 458 4802 φαίνεται,
483 4735 602 4789 οὐδὲ
648 4736 934 4803 πολιτικῆς
962 4734 1155 4803 μορίου
1206 4730 1428 4784 εἴδωλον
1466 4727 1763 4791 δεικνύναι,

1879 4728 2168 4796 attingere,
2194 4728 2341 4781 velut
2377 4727 2679 4783 Stesichori
2714 4728 2938 4796 Troiani

166 4829 284 4881 ἀλλ’
307 4828 491 4891 οὕτως
516 4828 705 4900 ὥσπερ
745 4828 963 4881 εἴδωλον
1018 4826 1318 4898 ῥητορικῆς
1366 4822 1689 4896 ἀπειληφὼς
1722 4823 1765 4853 ³³
1807 4821 1902 4874 ἐπὶ
1921 4824 2095 4892 τούτῳ
2131 4822 2475 4887 σπουδάζειν,
2506 4823 2676 4894 αὐτῆς
2703 4824 2760 4877 δὲ
2795 4824 2904 4877 οὐδ’
2943 4826 3233 4895 ἅπτεσθαι,
3272 4826 3463 4898 ὥσπερ

164 4924 213 4975 οἱ
236 4921 582 4992 Στησιχόρου
620 4922 829 4991 Τρῶες,
862 4923 911 4973 οἱ
938 4920 997 4972 τὸ

400 5057 413 5069 ,
434 5055 449 5069 .
466 5055 480 5069 .
503 5054 517 5069 .
552 5014 667 5084 Τῆς
708 5017 954 5082 Ἑλένης
977 5014 1239 5068 εἰδωλον
1273 5013 1305 5065 ἕ
1316 5030 1536 5082 χογτες

163 5109 241 5173 ὡς
271 5110 480 5180 αὐτήν.
518 5110 777 5180 Διαφέροι
801 5110 844 5162 δ’
877 5109 944 5162 ἂν
975 5107 1255 5174 τοσοῦτον,
1282 5108 1364 5160 ὅτι
1394 5105 1549 5159 οὐδὲν
1581 5105 1766 5176 ὅμοιον

164 5205 229 5273 τῇ
252 5205 530 5275 ῥητορικῇ
564 5203 624 5256 τὸ
645 5201 1378 5257 είδωλονθθυύκοῦνδίὸπότε
1412 5201 1537 5270 μήτ’
1559 5200 1765 5252 ἀδικεῖν

2187 5046 2202 5061 .
2224 5048 2240 5062 .
2259 5044 2274 5059 .
2297 5046 2312 5062 .
2345 5006 2561 5062 Helena:
2584 5008 2877 5065 simulacra
2902 5021 3150 5077 tenentes,

1876 5102 2032 5172 quasi
2074 5102 2252 5171 ipsam
2284 5102 2573 5157 haberent.
2609 5102 2843 5159 Tantum
2882 5116 3062 5161 tamen
3110 5105 3216 5160 erit
3242 5105 3443 5161 discri-

1876 5198 2067 5263 minis,
2099 5197 2243 5266 quod
2272 5205 2355 5250 est
2411 5198 2700 5253 rhetorica:
2751 5199 3017 5255 dissimile
3081 5199 3456 5254 simulacrum.

1483 5363 1723 5419 VARUE
1761 5362 2167 5420 LECTIONES.

242 5467 285 5496 ¹⁷
315 5468 384 5533 δη
414 5474 492 5515 A:
526 5463 582 5515 δὲ
611 5479 672 5525 ς.
774 5462 817 5493 ¹⁸
850 5461 882 5533 ἢ
915 5476 1025 5515 om.
1055 5462 1121 5515 A.

161 5537 205 5571 ²¹
234 5534 335 5585 οὖν
371 5528 500 5588 ὀιιι.
538 5536 604 5586 Α.
685 5534 729 5563 ²²
768 5528 1039 5599 φαίνεται]
1070 5548 1118 5600 p.
1155 5531 1242 5585 85.
1278 5528 1284 5529 ί
1317 5532 1364 5565 ³³
1392 5532 1458 5600 τῇ
1491 5545 1601 5600 om.
1626 5528 1691 5582 A.

161 5608 207 5642 ,η
246 5622 312 5671 γε
351 5621 465 5658 οη..
505 5606 568 5657 Α,
648 5604 693 5637 l9
720 5603 854 5671 πρὸς
882 5602 1014 5654 αὐτὸ
1038 5602 1128 5654 τοῦ

160 5676 206 5713 ³³
240 5674 531 5728 κάνταῦθα
585 5690 695 5729 om.
753 5677 820 5726 A.

162 5747 212 5775 ³⁵
251 5744 468 5814 ταύτην
501 5763 561 5809 ς.

162 5816 400 5867 εἴδωλον
426 5811 494 5884 τῇ
532 5811 915 5887 ῥητορικῇ”Λζ
1016 5811 1057 5845 δι
1088 5814 1307 5882 οὐκοῦν]
1340 5830 1391 5883 ι).
1423 5814 1540 5870 105.

1202 5461 1243 5492 ¹⁹
1274 5460 1410 5529 μηδὲ
1434 5455 1527 5527 [τῷ
1555 5488 1625 5496 -
1658 5457 1877 5527 μεγέθει
1914 5472 2024 5509 om.
2059 5458 2125 5508 A.
2202 5455 2249 5486 '°
2275 5455 2383 5506 τῶν
2420 5455 2605 5507 ἀνίσως

1202 5532 1242 5578 ἵ-
1317 5532 1364 5565 ³³
1392 5532 1456 5578 ei":
1491 5545 1601 5578 om.
1626 5528 1690 5578 A.
1789 5528 1907 5565 ’νη
1934 5524 2393 5578 εἴπεο-θεωρεῖν
2420 5538 2529 5577 om.
2566 5525 2605 5575 A

685 5542 729 5563 "
768 5542 1039 5599 φαίνεται]
1070 5548 1118 5600 p.
1155 5542 1242 5585 85.
1317 5542 1364 5565 ³³
1392 5542 1458 5600 τῇ
1491 5545 1601 5581 om.
1626 5542 1691 5582 A.
1790 5542 1907 5565 ’νη
1934 5542 2393 5611 ειπερ-υεωρειν
2420 5542 2529 5577 om.
2566 5542 2631 5578 Α.
2708 5542 2795 5557 ἰν·

648 5604 693 5637 ²⁹
720 5603 854 5674 πρὸς
882 5602 1014 5654 αὐτὸ
1038 5602 1195 5654 τοῦτο
1236 5598 1575 5671 πεφυκότας]
1607 5600 1704 5668 τὴν
1732 5599 1954 5651 ἐκείνων
1985 5597 2205 5664 ἰσότητα
2237 5613 2311 5666 μη
2350 5594 2705 5663 αἱρουμένους
2732 5595 2795 5648 Α.

648 5691 670 5702 η
762 5677 786 5702 Α
936 5673 979 5702 Μ
1004 5672 1101 5702 ..ἓ-ι..
1134 5672 1296 5702 ..ωηο
1380 5673 1469 5702 νηὶ
1522 5669 1711 5702 λυξιαν-μμ
1781 5685 1865 5702 nun
1959 5670 1986 5702 Δ
2133 5672 2178 5702 33
2208 5666 2345 5702 ηἶίη-νι
2393 5682 2477 5702 nm
2540 5668 2570 5702 Δ
2678 5670 2721 5702 ιδ
2749 5681 2791 5702 επ·

643 5691 695 5726 n.
753 5670 820 5726 Ᾱ.
936 5672 1101 5744 "trp;
1134 5670 1327 5740 νομοθ,
1380 5673 1474 5723 καὶ
1522 5670 1730 5723 δικαστ.
1781 5685 1889 5721 om.
1951 5670 2017 5720 A.
2133 5672 2178 5703 ³³
2208 5670 2336 5734 αῦτη

642 5747 688 5784 ³⁸
720 5742 916 5816 ἐδεήθη
940 5744 1053 5816 Αην
1080 5744 1138 5816 "_
1158 5743 1409 5816 πότερον]
1429 5758 1495 5816 _p.
1527 5743 1646 5795 91.τ
1719 5739 1929 5810 "suo".
1962 5740 2007 5792 A
2044 5756 2059 5792 :
2102 5737 2232 5806 ἐμὸν
2255 5739 2336 5807 ξς.

2202 5454 2249 5486 ²⁰
2275 5452 2383 5506 τῶν
2420 5452 2622 5507 ἀνίσων
2648 5450 2860 5523 μηδενὶ]
2889 5452 3005 5507 τινὶο
3023 5453 3129 5506 τῶν
3159 5454 3360 5508 ἀνίσων
3389 5458 3454 5511 Α.

2204 5527 2393 5557 Ponite?“
2420 5538 2506 5557 nun
2572 5525 2600 5557 Δ
2708 5524 2824 5557 ²⁶ι²⁷
2859 5526 2905 5557 ει
2936 5525 3044 5557 υλιη
3074 5556 3077 5557 ,
3118 5527 3216 5557 απ...
3248 5543 3334 5557 nm
3404 5535 3419 5557 ε

2761 5525 2824 5555 ’³⁷
2857 5526 2906 5576 εί
2936 5525 3217 5597 γάρ--ἦδη
3248 5543 3357 5581 om.
3397 5535 3455 5580 ιλ.

2761 5607 2795 5648 t.
2898 5598 2943 5629 3"
2971 5597 3241 5662 φαίνεται]
3279 5612 3330 5665 p.
3366 5599 3457 5651 87.

2678 5670 2721 5705 8‘
2749 5665 3015 5734 πρότερον
3056 5668 3350 5738 ῥητορικῆς
3392 5670 3456 5722 Α.

2678 5736 2798 5789 ιϐὼν
2840 5739 3134 5789 ὸητοοικίς
3158 5740 3223 5789 Α.
3326 5739 3373 5773 ιο
3401 5740 3460 5789 τὸ

2393 5682 2500 5720 om.
2536 5668 2600 5717 A.

2133 5672 2178 5703 ³³
2208 5666 2308 5717 αῦτ

2208 5684 2345 5737 αυτη
2393 5684 2500 5720 om.
2536 5684 2600 5717 Α.
2678 5684 2721 5705 δ’
2749 5684 3015 5734 προτερον
3056 5684 3223 5738 ρητορ

2208 5755 2232 5792 ν
2255 5739 2336 5807 ξς.
2435 5736 2481 5767 ³³
2508 5734 2798 5790 ἀπολαϐὼν
2839 5739 3134 5809 ῥητορικῆς
3158 5740 3223 5795 Α.
