3960 6452
220 411 347 478 1509

1270 406 1806 471 BIBLIOTHECA.
1844 434 1913 443 -·
1952 409 2118 471 COD.
2147 409 2470 472 CCXLV”.

3348 413 3482 479 1510

214 526 377 580 κακὸν
415 520 601 592 ἡλίκον
625 517 687 571 τὸ
719 517 947 584 ἀδικεῖν,
978 517 1031 570 τί
1059 517 1263 571 κωλύει
1297 522 1395 574 καὶ
1424 522 1553 585 τοὺς
1582 522 1782 592 νόμους

1900 522 2101 592 legibus
2137 539 2258 593 qua!
2306 524 2448 578 idem
2500 521 2761 590 sentiunt,
2793 521 3111 592 expelletur,
3140 537 3204 577 ac
3234 532 3346 578 tum
3378 526 3499 581 rhe-

214 616 373 671 αὐτὸν
405 613 448 645 ⁷⁸
504 613 754 672 ἅπαντας
814 612 926 673 τοῖς
960 610 1145 673 αὐτοῖς
1185 610 1399 675 τούτοις
1460 613 1789 684 διαγράφειν

213 712 427 778 λόγοις;
474 704 612 758 Ἀλλ’
634 704 680 735 ⁷³
729 702 920 770 ὥσπερ
970 704 1248 774 ἑταιρείας
1277 706 1787 776 καταγνωσθείσης,

217 804 347 874 μετὰ
376 801 472 853 καὶ
500 798 608 852 τῶν
635 795 811 851 ταῦτα
838 796 1300 867 συμϐουλομένων
1325 799 1506 867 νόμων
1535 799 1793 871 ὲξελαθή-

170 944 175 947 .
216 911 357 948 σεται
378 893 443 945 ⁷⁵.
494 891 605 949 Καὶ
633 890 754 945 τότε
779 892 1075 962 ῥητορικὴν
1103 891 1463 964 ὲκπέμψομεν
1499 894 1597 947 κοιλ⁸
1631 911 1775 964 προ-

186 991 192 996 ’
215 984 604 1054 πηλακιοῦμεν,
635 984 765 1037 ὅταν
790 984 885 1037 καὶ
921 985 1049 1047 τοὺς
1073 984 1275 1055 νόμους
1305 984 1717 1057 [συνεκπέμψαι
1744 986 1791 1018 ⁷⁵

154 1058 386 1140 «Qum;
437 1078 569 1147 ἡμῖν
606 1075 727 1149 ἔχῃ]
779 1074 1132 1145 ἐκϐάλλωμεν
1191 1077 1291 1146 τῆς
1330 1077 1543 1139 πόλεως
1575 1077 1671 1129 καὶ
1695 1075 1792 1128 τοῦ

215 1174 345 1245 βίου.
387 1168 549 1233 Ἀλλ’,
577 1162 621 1221 ὦ
652 1167 895 1237 δαιμόνιε
921 1170 1014 1220 καὶ
1044 1168 1218 1221 πάντα
1241 1169 1306 1222 σὺ
1330 1167 1619 1238 θαυμαστὰ
1640 1168 1792 1238 εὑρί-

218 1279 376 1326 σκων,
420 1261 469 1312 εί
496 1260 666 1329 μηδέν
710 1260 827 1311 ἐστι
859 1259 905 1289 ⁷⁸
937 1259 1173 1329 πρᾶγμα
1193 1258 1254 1311 τὸ
1289 1259 1619 1322 ἀδικεῖσθαι,
1662 1257 1792 1329 μηδ’

213 1352 429 1424 ήτοῦτο
456 1350 743 1403 κωλύουσα
794 1349 1028 1419 δύναμις
1085 1350 1383 1421 μηδενὸςττ
1434 1351 1561 1414 ἀξία
1608 1351 1790 1417 λόγου,

217 1444 338 1514 μηδ’
384 1443 559 1495 ὁπόσα
593 1441 709 1494 ἔστι
767 1442 864 1496 καὶ
911 1442 1121 1510 γίνεται
1175 1442 1250 1513 μὴ
1304 1443 1373 1497 δι’
1421 1442 1594 1511 αὐτῆς
1627 1441 1793 1512 μηδὲν

213 1540 461 1611 χρηστὸν,
517 1537 634 1591 ἀλλ’
664 1536 838 1601 οὕτως
886 1537 1084 1607 ἄτιμον
1139 1538 1234 1590 καὶ
1281 1536 1636 1608 ἀνελεύθερον
1664 1535 1792 1589 ὥστ’

214 1629 343 1685 εἶναι
369 1630 557 1702 μόριον
585 1630 872 1691 κολακείας
894 1630 989 1681 καὶ
1012 1630 1169 1693 σκιᾶς
1199 1627 1266 1693 ⁷⁸,
1287 1628 1381 1681 τοῦ
1406 1630 1568 1701 χάριν
1587 1645 1793 1698 ταύτην

213 1723 424 1787 οίκίζων
445 1721 545 1791 τὴν
575 1723 634 1774 ὲν
658 1724 723 1791 τῇ
766 1720 934 1791 βίϐλῳ
967 1720 1126 1773 πόλιν
1159 1720 1425 1789 καθίστης
1466 1721 1603 1791 αὐτῇ
1636 1720 1792 1774 πολι-

1896 615 2121 670 toricam
2154 616 2470 669 emittemus
2500 629 2565 668 ac
2604 614 2972 679 traducemus,
3000 630 3123 669 cum
3161 616 3307 687 leges
3337 618 3494 671 simul

1892 706 2122 762 honeste
2155 716 2409 777 poterunt
2438 707 2636 761 emitti.
2671 706 2716 762 Ο
2751 707 2834 762 vir
2862 708 3121 776 praeclare
3155 719 3210 762 et
3252 710 3493 763 omnium

1892 800 2145 855 inventor
2190 800 2519 854 mirabilium
2561 816 2767 866 rerum,
2807 802 2851 855 si
2885 801 3081 855 nullius
3116 811 3197 856 est
3234 802 3493 857 momenti

1894 890 2105 959 injuriae
2152 892 2422 960 acceptio,
2474 908 2706 963 qumque
2756 908 2875 948 eam
2936 893 3189 961 prohibet
3239 893 3491 961 facultas,

1896 982 2094 1037 nullius
2124 990 2208 1037 est
2250 984 2524 1052 ponderis,
2557 998 2657 1039 nec
2692 986 2987 1054 quidquam
3022 985 3149 1040 boni
3187 985 3371 1051 elﬁcit,
3397 989 3491 1040 sed

1896 1076 2032 1131 adeo
2072 1076 2322 1146 ignobilis
2362 1085 2445 1130 est
2497 1087 2551 1131 et
2595 1077 2876 1132 illiberalis
2925 1087 2986 1132 ut
3031 1078 3353 1133 adulationis
3410 1090 3496 1132 at-

1896 1180 2001 1235 que
2048 1168 2256 1221 umbra:
2300 1168 2373 1222 sit
2422 1168 2680 1237 particula
2713 1186 2727 1222 :
2758 1185 2875 1233 cur,
2931 1169 3182 1234 obsecro,
3222 1181 3276 1224 tu
3332 1171 3496 1224 libra—

1896 1258 2033 1312 riam
2082 1258 2243 1312 istam
2308 1260 2647 1315 constituens
2700 1263 2925 1327 urbem,
2981 1263 3141 1316 talem
3190 1263 3237 1316 ei
3298 1264 3494 1317 tribuis

1897 1351 2283 1420 rempublicam
2308 1367 2429 1422 quae
2462 1354 2593 1407 nihil
2628 1353 2700 1406 illi
2736 1363 2947 1419 noceat,
2985 1370 3048 1408 ac
3077 1354 3363 1409 militarem
3396 1358 3496 1410 tri-

1895 1442 2021 1496 bum
2060 1458 2302 1499 seorsum
2353 1444 2605 1499 collocari
2651 1445 2814 1514 jubes
2861 1448 3038 1518 primo
3087 1449 3227 1512 loco,
3264 1463 3329 1502 ne
3365 1451 3493 1518 quid

1900 1534 2160 1603 patiatur,
2189 1550 2286 1590 nec
2316 1537 2382 1589 ab
2414 1536 2661 1589 hostibus
2696 1536 2948 1602 injuriam
2981 1538 3257 1605 accipiat?
3285 1538 3418 1592 Nam
3447 1531 3492 1593 si

1896 1627 1999 1681 hoc
2046 1627 2347 1683 suﬂiciebat
2390 1627 2651 1697 injuriam
2705 1644 2808 1683 non
2847 1630 3048 1695 facere,
3094 1632 3222 1701 quid
3266 1641 3383 1686 erat
3428 1634 3495 1686 ti-

1895 1719 2147 1771 mendum
2188 1729 2472 1789 postquam
2506 1722 2581 1773 ad
2619 1721 2669 1774 id
2705 1737 2823 1775 eam
2859 1725 3233 1792 praepararas?
3264 1724 3414 1791 Quod
3448 1725 3493 1780 si

214 1816 373 1879 τείαν,
414 1815 505 1882 ἀφ’
541 1810 609 1884 ἦς
639 1813 764 1883 μηδ’
790 1811 970 1865 ὁτιοῦν
1025 1812 1295 1880 πείσεται,
1338 1814 1432 1866 καὶ
1461 1812 1521 1866 τὸ
1550 1814 1791 1883 μάχιμον

1900 1809 2055 1863 etiam
2089 1823 2246 1865 nocet
2277 1812 2532 1881 injuriam
2553 1812 2933 1880 inferentibus,
2964 1816 3007 1870 si
3040 1830 3230 1884 pmnas
3257 1833 3363 1871 non
3399 1819 3495 1873 de-

216 1905 372 1976 χωρὶς
394 1903 502 1956 τῶν
523 1883 698 1955 ἄλλων
726 1902 976 1973 ἱδρῦσθαι
1011 1902 1280 1965 κελεύεις,
1309 1901 1476 1973 τιμὴν
1507 1902 1608 1972 τὴν
1637 1901 1791 1974 πρώ-

1900 1900 2098 1965 derint,
2126 1915 2189 1955 ac
2215 1899 2374 1956 debet
2399 1902 2630 1971 quisque
2662 1905 2959 1958 secundum
2989 1883 3135 1959 tuam
3163 1907 3490 1963 sententiam

216 2015 310 2068 την
333 1996 590 2059 ἀποδοὺς,
636 1995 723 2047 ἴνα
748 1996 875 2066 μήτι
906 1993 1052 2065 πάθῃ
1085 1995 1207 2065 μηδ’
1230 1996 1275 2027 ⁷⁸
1322 1995 1428 2048 ὑπό
1475 2012 1639 2050 τινων
1678 1994 1793 2049 ἀδι-

216 2090 349 2161 κηθῇ
413 2089 729 2160 πολεμίων;
768 2090 832 2141 El
881 2089 991 2159 γὰρ
1036 2088 1331 2160 ὲξήρκει⁸⁰
1384 2088 1459 2159 μὴ
1489 2089 1715 2151 ἀδικεῖν,
1741 2089 1793 2141 τί

215 2182 468 2246 οὲδοικας,
523 2184 573 2235 εί
637 2182 776 2252 πρὸς
805 2181 963 2234 τοῦτό
1005 2180 1052 2234 τ’
1082 2180 1255 2251 αὐτὴν
1280 2181 1701 2251 παρεσκεύασας
1723 2181 1790 2248 Is‘;

217 2276 260 2327 el
289 2274 342 2327 δὲ
369 2274 432 2342 δὴ
460 2273 506 2304 ⁸³
541 2274 636 2326 καὶ
662 2276 844 2344 χεῖρον
873 2273 986 2335 τοῖς
1017 2271 1320 2338 ἀδικοῦσιν,
1344 2274 1473 2325 ὅταν
1504 2272 1579 2342 μὴ
1609 2272 1794 2325 διδῶσι

214 2365 383 2434 δίκην,
437 2365 536 2418 καὶ
572 2365 680 2435 χρὴ
731 2364 796 2433 δὴ
841 2364 985 2417 κατὰ
1014 2364 1060 2394 ⁸³
1101 2362 1162 2414 σὲ
1194 2364 1289 2416 καὶ
1315 2364 1480 2417 αὐτὸν
1513 2364 1559 2396 ⁸⁸
1594 2363 1791 2417 ἑαυτοῦ

217 2457 538 2526 κατήγορον,
558 2456 686 2508 ὅταν
710 2455 966 2525 ἀδικήσῃ,
991 2451 1240 2520 γίνεσθαι
1269 2455 1363 2505 καὶ
1394 2453 1603 2505 παίδων
1625 2453 1670 2484 ⁸⁵
1700 2452 1794 2504 καὶ

216 2547 414 2617 πατρὸς
440 2543 636 2608 αὑτοῦ,
689 2545 815 2607 τοὺς
875 2544 921 2595 δ’
958 2543 1192 2614 ἐχθροὺς
1236 2543 1352 2613 ὲᾷν,
1379 2542 1432 2594 τί
1460 2542 1520 2593 οὐ
1560 2541 1795 2612 συνεύχῃ

216 2642 319 2701 τοῖς
341 2638 623 2708 πολεμίοις
651 2636 909 2690 ἐπελθεῖν
943 2637 1038 2689 καὶ
1063 2635 1246 2688 λαϐεῖν
1279 2634 1376 2704 τὴν
1406 2634 1582 2698 πόλιν,
1611 2635 1707 2688 καὶ
1728 2635 1794 2705 νὴ

217 2730 310 2781 Δία
338 2730 461 2790 τοὺς
504 2729 604 2797 μὲν
626 2727 686 2779 ἐν
721 2726 908 2797 ἡλικίᾳ
935 2728 1144 2789 πάντας
1163 2724 1495 2793 κατακόψαι,
1521 2724 1796 2777 καὶταῦτα

218 2821 346 2891 πρὸς
371 2822 483 2883 τοῖς
512 2819 739 2889 βωμοῖς,
770 2819 967 2879 παῖδας
989 2817 1046 2870 δὲ
1103 2816 1199 2870 καὶ
1231 2818 1497 2885 γυναῖκας
1543 2815 1798 2884 ἐξανδρα-

217 2914 539 2967 ποδίσασθαι
564 2913 708 2981 πέρα
736 2912 807 2977 ⁸⁸,
841 2913 890 2964 εί
921 2911 1121 2981 βούλει,
1154 2910 1450 2981 Γαδείρων,
1480 2909 1549 2961 τὰ
1574 2909 1633 2961 δὲ
1676 2909 1797 2978 ίερᾶι

218 3006 552 3076 συλήσαντας
573 3002 929 3073 κατασκάψαι
960 3004 1160 3067 πάντα,
1219 3002 1295 3071 μὴ
1347 3001 1523 3053 λιπεῖν
1566 3001 1623 3053 δὲ
1657 3000 1798 3069 μηδὲ

217 3103 337 3166 τοὺς
374 3102 584 3171 τάφους
638 3098 850 3163 ἁθώους
895 3101 996 3169 τῆς
1044 3097 1254 3151 ἑαυτῶν
1296 3093 1609 3160 πλεονεξίας
1632 3095 1699 3160 ⁸⁷,
1732 3095 1798 3148 ἵν’

218 3195 574 3265 ἀδικήσαντες
604 3193 672 3245 τά
697 3193 932 3262 μέγιστα
961 3191 1019 3242 ἐν
1049 3192 1162 3252 τοῖς
1190 3190 1469 3259 μεγίστοις
1520 3187 1584 3255 δὴ
1611 3188 1799 3248 κακοῖς

1897 1994 2063 2047 etiam
2088 1994 2328 2063 seipsum
2354 2009 2479 2048 cum
2511 1995 2767 2065 injuriam
2794 1996 2939 2062 fecit,
2966 2012 3245 2064 accusare,
3276 2011 3331 2055 et
3363 2000 3496 2056 libe-

1896 2098 1986 2137 ros
2008 2092 2064 2136 et
2100 2093 2350 2151 parentes
2385 2084 2556 2154 ipsos,
2590 2087 2811 2141 omissis
2865 2088 3142 2145 inimicis:
3177 2090 3306 2161 quin
3337 2099 3495 2161 optas

1895 2182 1955 2227 ut
2002 2174 2186 2229 hostes
2232 2174 2429 2246 4161)
2485 2178 2673 2231 urbem
2706 2180 2945 2248 aggressi
2994 2182 3211 2251 capiant
3260 2184 3396 2255 (83),
3431 2199 3497 2239 ac

1894 2263 2041 2317 viros
2090 2264 2307 2332 quidem
2360 2280 2552 2319 omnes
2603 2269 2669 2320 ad
2718 2282 2843 2322 aras
2892 2270 3186 2336 trucident,
3236 2274 3497 2329 mulieres

1895 2363 2075 2409 autem
2126 2370 2247 2408 cum
2279 2355 2468 2411 liberis
2497 2357 2740 2425 captivas
2772 2358 2912 2413 ultra
2942 2358 3143 2426 Gades,
3176 2362 3221 2417 si
3255 2366 3492 2434 videtur,

1896 2446 2212 2512 divendant,
2240 2447 2453 2514 templis
2484 2463 2612 2502 vero
2644 2448 2885 2518 spoliatis
2908 2454 3087 2505 omnia
3120 2455 3359 2520 diruant,
3389 2472 3491 2512 nec

1896 2540 1980 2594 vel
2015 2540 2262 2609 sepulcra
2294 2555 2409 2595 sua:
2441 2541 2756 2610 petulantia:
2790 2543 3099 2613 relinquant
3131 2548 3409 2615 expertia;
3436 2559 3495 2603 ut

1896 2640 2184 2700 postquam
2238 2632 2501 2687 maximas
2548 2632 2780 2688 fecerint
2824 2635 3084 2704 injurias,
3137 2638 3188 2692 in
3241 2641 3494 2696 maximis

1897 2723 2007 2777 sint
2057 2723 2236 2788 malis,
2286 2724 2413 2777 dum
2460 2738 2651 2793 poenas
2698 2742 2801 2781 non
2859 2728 3057 2784 luunt?
3112 2729 3493 2788 Verumtamen

1900 2821 2108 2867 tantum
2160 2815 2317 2870 abest
2372 2824 2432 2871 ut
2494 2817 2596 2872 ista
2658 2824 2911 2885 studeas,
2973 2832 3031 2875 ut
3079 2824 3400 2891 prohibeas,
3440 2833 3499 2879 et

1900 2904 2182 2973 impedias,
2218 2906 2496 2976 vitamque
2544 2907 2862 2976 militarem,
2897 2927 2963 2966 ue
2994 2913 3122 2981 quid
3171 2912 3325 2967 ﬁeret
3368 2914 3494 2978 tale,

1901 2996 2203 3051 institueris
2231 3015 2246 3053 :
2278 3012 2345 3053 ac
2376 2999 2420 3052 si
2452 3000 2575 3068 quis
2619 3002 2895 3055 exSIiterit
2925 3005 3192 3071 proditor,
3220 3020 3343 3060 eum
3388 3022 3496 3060 non

1895 3089 2054 3157 jubes
2100 3091 2353 3144 coronari
2403 3106 2503 3145 nec
2555 3093 2875 3159 praedicari,
2930 3096 3025 3150 sed
3078 3097 3219 3149 idem
3274 3098 3338 3151 de
3379 3100 3497 3167 ipso

1903 3182 2045 3248 quod
2078 3182 2169 3234 alii
2199 3183 2415 3237 statuis.
2454 3182 2571 3246 Dic,
2602 3199 2697 3253 per
2726 3182 2913 3240 Jovem
2947 3188 3335 3258 prodigiosum,
3368 3191 3499 3258 quid

216 3280 333 3351 ὦσι,
358 3261 446 3358 μὴ
468 3286 654 3348 δόντες
674 3261 849 3353 δίκην.
891 3281 1054 3335 Ἀλλὰ
1078 3280 1337 3333 τοσοῦτον
1365 3279 1594 3348 ἀπέχεις
1626 3277 1721 3330 τοῦ
1750 3277 1795 3309 ⁸⁸

1907 3272 2063 3326 nobis
2096 3274 2162 3327 de
2196 3275 2344 3328 hisce
2372 3284 2454 3329 est
2497 3277 2968 3333 existimandum?
2996 3278 3116 3333 Jam
3152 3296 3269 3350 age,
3300 3296 3332 3335 0
3358 3283 3498 3337 bone

218 3377 383 3431 ταῦτα
412 3377 819 3446 συμπράττειν,
882 3373 1023 3426 ὥστε
1077 3372 1309 3434 κωλύεις
1337 3371 1431 3423 καὶ
1469 3370 1581 3437 βίον
1606 3370 1663 3421 ὲν
1686 3369 1798 3430 τοῖς

214 3470 392 3531 ὅπλοις
417 3468 687 3539 εὕρηκας,
729 3466 818 3519 ἵνα
850 3467 926 3535 μή
984 3480 1037 3517 τι
1072 3462 1313 3517 τοιοῦτον
1338 3462 1382 3493 ⁸⁸
1414 3464 1625 3529 γένοιτο
1645 3474 1658 3487 ·
1697 3457 1800 3512 κάν

214 3578 293 3622 τις
306 3561 601 3629 ἐγγένηται
619 3552 907 3629 προδότης,
934 3555 1127 3609 τοῦτον
1139 3555 1200 3608 οὐ
1225 3553 1527 3622 στεφανοῦν
1553 3550 1799 3613 κελεύεις

215 3652 331 3705 οὐδὲ
369 3652 666 3722 κηρύττειν
695 3650 765 3715 ³⁸,
805 3648 941 3703 ἀλλὰ
991 3647 1166 3702 ταύτὰ
1207 3647 1323 3708 τοῖς
1356 3644 1545 3705 ἄλλοις
1574 3640 1800 3711 νομοθέ-

1906 3365 2009 3427 vir,
2047 3363 2190 3434 leges
2212 3380 2317 3434 qua
2343 3366 2408 3420 de
2438 3381 2600 3444 causa
2630 3376 2779 3422 tanto
2814 3384 3041 3425 numero
3077 3374 3303 3427 seorsim
3341 3374 3499 3430 nobis

1908 3453 2058 3509 fers!
2088 3454 2299 3509 Etenim
2332 3456 2437 3510 nisi
2483 3473 2738 3527 magnum
2771 3462 3024 3529 quiddam
3059 3472 3145 3519 est
3184 3478 3373 3533 ptenas
3405 3480 3498 3520 su-

1909 3558 2056 3597 mere
2100 3553 2154 3597 et
2204 3544 2430 3611 injurias
2476 3548 2786 3615 prohibere,
2817 3564 2915 3604 cur
2956 3550 3061 3606 ista
3097 3568 3307 3619 narras,
3336 3564 3391 3609 et
3436 3564 3499 3609 ut

1908 3648 2068 3689 nemo
2098 3634 2150 3689 in
2191 3635 2326 3690 urbe
2354 3636 2600 3702 laedatur,
2629 3639 2823 3693 caves?

214 3769 329 3815 ταις
374 3752 506 3822 περὶ
538 3750 755 3803 πούτων
779 3748 1040 3819 νομίζεις.
1079 3746 1217 3799 Εἰπὲ
1243 3747 1315 3811 ⁹¹,
1349 3742 1477 3815 [678
1516 3743 1607 3815 ΙΙ.]
1666 3742 1801 3813 πρὸς
1839 3739 1961 3803 Διὸς
1985 3738 2293 3810 τεραστίου,
2316 3739 2369 3790 τί
2401 3742 2508 3812 χρὴ
2540 3743 2669 3812 περὶ
2697 3741 2904 3795 τούτων
2961 3744 3114 3813 ἡμᾶς
3150 3745 3392 3812 νομίζειν
3416 3744 3495 3811 9’;

214 3839 337 3907 εἷεν,
366 3837 410 3897 ὧ
438 3844 680 3911 γενναίε⁶
704 3840 903 3909 νόμους
921 3840 978 3893 δὲ
992 3839 1057 3909 δὴ
1081 3837 1175 3891 τοῦ
1199 3838 1357 3907 χάριν
1376 3838 1508 3908 ἡμῖν
1530 3836 1715 3904 ὲτίθης
1750 3835 1797 3867 ⁹³
1818 3848 1835 3901 ;

1878 3833 1943 3887 Εί
1977 3833 2107 3904 γὰρ,
2145 3826 2191 3885 ὦ
2222 3835 2345 3899 τὰν,
2390 3833 2451 3885 τὸ
2487 3833 2645 3903 δίκην
2677 3832 2975 3903 λαμόάνειν
3013 3836 3109 3887 καὶ
3161 3836 3221 3888 τὸ
3274 3834 3349 3905 μὴ
3404 3837 3501 3904 ὲᾷν

213 3939 410 3991 ἀδικεῖν
434 3937 536 4006 οὐχ
567 3936 625 3987 ἓν
649 3951 700 3987 τι
720 3933 831 3986 τῶν
863 3931 1165 3986 σπουδαίων
1191 3927 1281 4001 ἦν,
1302 3930 1397 3983 τοῦ
1429 3931 1592 4001 χάριν
1623 3928 1796 3982 ταῦτα
1834 3926 2200 3999 πραγματεύῃ
2225 3929 2294 3996 ’⁸,
2330 3928 2423 3981 καὶ
2446 3929 2667 3991 σκοπεῖς
2682 3927 2831 3991 ὅπως
2865 3927 3056 3998 μηδείς
3127 3926 3252 4000 [που
3317 3930 3363 3963 ⁸⁸
3388 3929 3499 3981 τῶν

213 4030 269 4082 ιν
292 4032 356 4099 τῇ
397 4025 573 4097 πόλει]
600 4026 948 4095 ἀδικήσεται;

281 4125 390 4177 Καὶ
427 4123 541 4194 μὴν
566 4123 613 4155 ⁸⁸
635 4125 693 4174 ὲν
722 4123 824 4192 μὲν
851 4116 933 4184 οἷς
964 4120 1127 4189 ἡμεῖς
1159 4119 1414 4191 λέγομεν,
1455 4120 1685 4181 καὶτοῖς
1707 4117 1796 4171 άλ-

214 4215 323 4278 λοις
345 4211 642 4267 συνδοκοῦν
680 4214 798 4264 ἐστι
832 4212 929 4265 καὶ
974 4209 1050 4281 τῷ
1074 4211 1323 4264 Πλάτωνι
1348 4210 1672 4281 πρόσεστιν·
1706 4206 1803 4262 ἅδ’

214 4300 365 4371 οῦτος
394 4304 631 4361 ἐνταῦθα
663 4305 909 4375 εἴρηκεν,
969 4304 1030 4356 οὐ
1109 4304 1273 4374 μόνον
1319 4305 1432 4365 τοῖς
1459 4301 1568 4355 τῶν
1590 4302 1635 4335 ⁸⁷
1663 4317 1807 4371 πρα-

214 4399 439 4468 γμάτων
466 4397 673 4466 λόγοις,
703 4395 840 4450 ἀλλὰ
862 4396 1084 4458 καὶτοῖς
1102 4393 1266 4448 αὐτοῦ
1294 4394 1578 4457 Πλάτωνος
1591 4394 1805 4464 ἐξελέγ-

213 4507 365 4558 χεται
418 4489 513 4541 καὶ
581 4488 760 4556 λόγοις
831 4487 927 4541 καὶ⁵
989 4486 1345 4557 βουλήμασιν.
1393 4485 1650 4539 Ἐκείνων
1698 4487 1797 4557 μὲν

212 4578 384 4649 ὀρθῶς
407 4579 554 4648 ἔχειν
584 4577 1075 4649 συγχωρουμένων,
1110 4577 1206 4629 καὶ
1228 4578 1260 4644 ὴ
1294 4574 1449 4646 παρὰ
1472 4576 1581 4629 τῶν
1621 4576 1797 4631 ἄλλων

1973 4111 2161 4178 Atqui,
2210 4124 2330 4179 quae
2364 4109 2480 4164 'nos
2528 4109 2797 4175 dicimus,
2846 4123 2909 4164 ea
2960 4110 3121 4165 simul
3177 4119 3233 4165 et
3279 4110 3397 4165 aliis
3446 4119 3501 4165 et

1900 4204 2112 4257 Platoni
2150 4202 2436 4268 videntur;
2473 4216 2593 4269 qua:
2616 4217 2744 4256 vero
2788 4203 2876 4257 hic
2908 4203 3006 4268 ait,
3039 4219 3143 4257 non
3182 4205 3342 4259 rebus
3378 4216 3500 4257 Ian-

1906 4306 2043 4360 tuin,
2076 4297 2172 4350 sed
2205 4306 2260 4349 et
2288 4295 2456 4365 ipsius
2483 4295 2725 4349 Platonis
2752 4295 2933 4350 verbis
2965 4306 3019 4350 et
3056 4296 3301 4351 consiliis
3334 4312 3496 4365 repu-

1905 4397 2093 4460 gnant.
2134 4391 2205 4445 Ac
2238 4388 2282 4443 si
2312 4387 2400 4441 illa
2436 4389 2655 4457 quidem
2687 4395 2837 4443 recte
2871 4402 2929 4443 se
2956 4389 3156 4442 habere
3180 4389 3495 4443 concedan-

1910 4490 2023 4545 tur,
2055 4481 2284 4535 aliorum
2316 4495 2534 4550 quoque
2567 4481 2836 4535 sententia
2882 4489 2937 4534 et
2975 4479 3287 4549 suifragium
3337 4494 3495 4535 acce-

1907 4575 2017 4638 det,
2071 4575 2154 4628 sin
2206 4573 2290 4627 his
2338 4574 2721 4637 assentiamur,
2759 4574 2911 4627 deest
2964 4572 3192 4627 aliorum
3249 4573 3491 4628 omnium

216 4674 485 4742 μαρτυρεῖ
513 4670 641 4738 δόξα
683 4671 779 4724 καὶ
819 4669 1003 4740 ψῆφος
1059 4668 1217 4740 ὀρθή.
1259 4668 1448 4723 Ταῦτα
1490 4668 1549 4722 δὲ
1578 4669 1795 4739 είδοίη-

1908 4667 2171 4722 calculus.
2226 4667 2321 4721 Est
2370 4676 2550 4722 autem
2603 4668 2820 4733 fortius,
2857 4669 2999 4737 quod
3052 4677 3106 4722 et
3140 4670 3392 4724 omnibus
3440 4680 3496 4725 et

214 4779 313 4830 μεν
340 4764 585 4831 κρατεῖν,
614 4762 813 4816 ἄπεστι
834 4760 895 4814 τὸ
914 4759 1117 4831 ὁτῳοῦν
1147 4761 1426 4814 συνδοκεῖν
1447 4760 1558 4813 τῶν
1588 4759 1790 4814 ἄλλων.

213 4852 374 4923 [i256
406 4853 499 4925 8.]
557 4854 928 4926 Ἰσχυρότερον
964 4853 1020 4906 δὲ
1076 4853 1139 4905 τὸ
1182 4853 1277 4905 καὶ
1330 4851 1503 4906 ἅπασι
1532 4851 1626 4904 καὶ
1648 4850 1795 4904 Πλά-

209 4964 338 4999 τωνι
361 4947 458 5000 τοῦ
498 4946 687 5017 μηδενὶ
733 4945 827 5000 καὶ
856 4945 993 5016 μηδὲ
1018 4944 1269 4998 Πλάτωνι
1299 4943 1595 5007 συνδοκεῖν,
1637 4942 1713 5005 ὡς
1747 4942 1793 4973 ⁸⁸

210 5030 364 5099 οὗτος
421 5034 676 5107 ἀλλαχοῦ.
735 5034 948 5089 Οὐκοῦν
999 5035 1063 5088 οὐ
1109 5033 1211 5105 τὴν
1240 5034 1392 5103 παρὰ
1426 5032 1616 5087 τούτου
1653 5049 1795 5102 μαρ-

1909 4758 2118 4814 Platoni
2166 4760 2399 4825 videtur,
2434 4774 2593 4827 quam
2631 4760 2773 4829 quod
2814 4773 2913 4815 nec
2944 4761 3195 4829 cuiquam
3231 4776 3331 4816 nec
3371 4762 3494 4817 Pla-

1906 4851 2036 4904 toni.
2075 4849 2414 4919 Quapropter
2448 4865 2552 4904 non
2594 4860 2700 4903 tam
2748 4851 2906 4918 hujus
2969 4851 3336 4905 testimonium
3368 4868 3496 4922 pro-

1904 4951 2023 5009 pter
2068 4942 2296 4995 aliorum
2351 4939 2665 5010 suifragium
2718 4942 3021 5013 fugiemus,
3056 4957 3216 5011 quam
3262 4944 3492 4997 aliorum

1906 5034 2217 5089 testimonio
2250 5033 2408 5104 hujus
2442 5034 2760 5104 adjiciemus
2788 5033 3126 5106 suifragium.
3159 5036 3335 5103 Atque
3375 5035 3489 5089 haec

1510 5142 1740 5197 VARIIE
1797 5143 2206 5202 LECTIONES.

303 5241 345 5273 "
371 5240 557 5312 αὑτὸν]
596 5238 852 5293 αύτῶνΑ.
925 5235 1049 5312 77""
1073 5237 1188 5312 ἀλλ’
1213 5232 1527 5312 (p._‘107
1547 5232 1931 5312 ὲξελαθήσεται
1964 5251 2074 5312 om.
2094 5236 2158 5289 A.
2236 5238 2282 5312 ’ξ’
2315 5235 2877 5312 συᾳνεκπέμψαιέέχῃ
2905 5252 3014 5312 om.
3044 5235 3109 5290 Α.
3164 5236 3207 5267 ⁷⁸
3232 5238 3347 5312 ἐστι
3378 5250 3492 5290 οιη.

212 5312 276 5366 Α,
355 5312 474 5342 ἰτ-⁷⁸
505 5304 966 5380 μῖηδενὸς-σκιᾶς
996 5323 1108 5380 om.
1140 5310 1205 5380 Α.
1242 5304 1249 5305 ί
1283 5304 1612 5380 ⁷⁹ὴμηδξύπό
1646 5321 1809 5380 τινων
1833 5305 2062 5380 genus?)
2095 5322 2204 5380 om.
2228 5306 2318 5380 AL
2370 5308 2415 5380 δέ)
2446 5304 2665 5380 ἐξαρκεῖ
2692 5310 2756 5361 Α.

2821 5305 2875 5338 π
2897 5310 2944 5360 εί
2976 5335 3042 5345 --
3073 5305 3496 5375 παρεσκεύασας

212 5398 323 5435 om.
346 5384 415 5435 A.
488 5372 533 5412 δ”
559 5372 622 5447 δὴ
653 5372 774 5432 add.
808 5382 870 5432 A.
932 5379 979 5410 ⁸³
1004 5376 1107 5447 χρὴ
1133 5378 1197 5446 δὴ
1221 5372 1384 5443 κατὰ]
1412 5372 1671 5447 χρήματα
1695 5376 1760 5429 Α.
1836 5374 1891 5447 ff
1909 5372 2071 5429 αὑτὸν
2100 5377 2319 5447 ἑαυτοῦ]
2352 5379 2516 5430 αὑτοῦ
2547 5372 2611 5432 Ἀ.
2664 5380 2732 5447 ,⁸⁵
2759 5378 2963 5429 παίδων
2990 5377 3031 5447 Α
3056 5392 3070 5428 :
3103 5372 3330 5447 παιδίων
3358 5394 3417 5440 ς.

150 5460 157 5465 ’
210 5452 326 5483 ⁸⁶οδ⁷
359 5443 908 5521 πέρα-πλεονεξίαςῖ
940 5443 1196 5517 καῖ’ἱερὸι
1216 5445 1518 5521 advsque!)
1544 5444 1751 5521 τᾴφοιρς
1768 5443 1872 5521 gul

209 5522 299 5574 τόν
326 5539 380 5574 τι
410 5512 473 5574 Ᾰ.
553 5523 598 5554 ⁰⁰
628 5521 747 5573 οὐδὲ
771 5512 1062 5591 κηρύττειν
1092 5512 1201 5591 (ξιη.
1235 5517 1300 5569 Α.
1329 5588 1337 5591 Α
1380 5514 1422 5544 ⁹¹
1450 5512 1595 5591 alitis]
1618 5512 1814 5591 p.199:

209 5592 407 5662 νόμους
438 5592 715 5661 εἰσφέρεις
755 5588 859 5645 Α(
926 5590 971 5621 ³³
1000 5589 1128 5655 που]
1172 5603 1266 5639 σου
1312 5588 1378 5640 Α.

1482 5584 1529 5615 ⁵⁸
1554 5584 1651 5637 καὶ
1681 5583 1812 5655 μὴν]
1840 5600 1893 5654 p.
1928 5586 2053 5640 HO.

1876 5445 2011 5545 ήσιξιὲ
2032 5448 2126 5499 καὶ
2152 5444 2584 5545 κατασκάψὲκιΑ.
2658 5446 3053 5545 “fatigent.
3129 5445 3172 5476 ³⁵
3202 5446 3278 5516 μὴ
3310 5444 3489 5539 τοιοῦς

1945 5530 1957 5543 .
2033 5518 2155 5545 ..ηυξ
2197 5535 2274 5545 ρ...
2352 5520 2427 5545 :_:
2466 5536 2532 5545 ..-
2562 5535 2647 5545 η..-
2899 5532 3070 5545 --.ι-μ..
3095 5514 3459 5545 ...λαυ..--ρ.ξ..ι

1917 5514 2532 5590 ¹-·ξ³⁴νομίζεινέ-ἐτίθης
2560 5535 2669 5573 οιιι.
2696 5520 2770 5590 Aa
2834 5515 3073 5590 νδ-ταῦτα
3095 5514 3487 5590 πραγματεύῃξ

2157 5579 2201 5619 9⁷⁷
2238 5589 2346 5642 τῶν
2379 5579 2587 5643 οιηί-Α.
2663 5590 2707 5621 ⁸⁸
2742 5589 2815 5651 ὡς
2845 5579 3024 5657 οὗτος,

1761 5699 1998 5755 NOTAE.

281 5794 398 5865 (83)
435 5795 651 5866 Direpta
678 5795 828 5851 urbis
859 5793 1046 5849 facies.
1078 5792 1401 5866 Propertius
1434 5806 1500 5866 an
1528 5790 1788 5866 Catulus?

1210 5863 1347 5926 Quid
1377 5864 1575 5926 faciant
1606 5863 1777 5919 hostes
1801 5871 1951 5928 capta
1993 5857 2257 5913 crudelius
2288 5857 2456 5911 urbe?
