3960 6468
420 406 549 471 1511

1604 406 1867 466 ΡΗΟΤῘΙ
1899 401 2405 465 PATRIARCH/E
2439 400 2549 461 (ΖΡ.

3561 398 3697 462 1512

413 526 630 592 quidem
661 522 825 578 etiam
858 521 985 577 facti
1030 521 1396 577 testimonium
1430 520 1712 575 continere
1744 520 1989 574 credideo

2124 515 2293 585 πυρίαν
2346 515 2438 567 διὰ
2490 514 2592 583 τὴν
2644 515 2798 582 παρὰ
2823 511 2934 563 τῶν
2968 508 3141 564 ἄλλων
3170 508 3506 580 φευξόμεθα,
3564 514 3699 569 ἀλλὰ

415 618 542 672 rim.
574 616 710 670 Nam
743 617 835 686 qui
883 617 1064 671 verbis
1109 632 1229 670 cum
1260 616 1432 670 altero
1459 615 1791 683 disceptans,
1826 614 2005 667 verbis

420 710 542 764 aliis
574 710 942 763 adversarium
975 709 1077 762 sibi
1118 708 1261 762 serio
1291 706 1661 762 testimonium
1707 709 1835 759 dare
1870 718 2003 758 cou-

419 799 619 864 lirmat,
668 799 714 853 is
750 799 877 853 lacti
912 799 1161 866 producit
1193 795 1586 851 testimonium.
1622 795 2004 850 Verumtamen

416 890 582 944 etiam
620 889 846 942 ulterius
882 889 1004 941 volo
1047 888 1321 959 progredi,
1365 895 1424 940 ut
1465 885 1721 955 quoniam
1765 883 1923 937 unius
1953 891 2009 935 et

418 981 684 1051 ejusdem,
720 997 842 1034 cum
892 996 1000 1048 quo
1033 982 1343 1048 disputatur
1371 978 1686 1047 suffragium
1716 975 1927 1046 probat,
1954 982 2010 1029 et

418 1076 603 1129 verbis
640 1091 762 1127 eum
799 1084 852 1129 et
899 1074 1056 1129 factis
1103 1090 1310 1127 mecum
1363 1074 1565 1127 sentire
1594 1073 1893 1125 ostendam.
1927 1068 2005 1121 Tu

419 1169 633 1236 quidem
668 1167 896 1235 hospitis
929 1166 1257 1237 Syracusani
1287 1164 1592 1219 communis
1623 1162 1811 1232 patria:
1838 1161 2009 1215 hostis

422 1274 582 1313 causa
635 1274 738 1311 non
781 1258 968 1322 semel,
1020 1260 1112 1311 sed
1163 1258 1357 1310 iterum
1401 1272 1465 1310 ac
1502 1263 1586 1309 ter
1628 1254 1826 1326 417α
1859 1267 2009 1306 mare

423 1365 585 1404 senex
619 1352 929 1420 navigahas.
966 1348 1073 1403 Nec
1106 1349 1320 1418 tyranni
1358 1349 1805 1402 consuetudinem
1834 1344 2008 1413 fngie-

422 1441 539 1500 has.
577 1441 729 1507 quasi
765 1456 927 1493 mora:
965 1449 1256 1508 praetextus
1289 1448 1339 1491 te
1368 1438 1762 1501 consolaretur,
1793 1451 1899 1506 quo
1927 1436 2005 1487 vi-

421 1533 614 1586 delicet
658 1533 753 1585 Dio
779 1534 920 1586 domi
960 1540 1225 1595 maneret,
1265 1548 1327 1586 ac
1369 1533 1531 1586 rebus
1573 1532 1685 1585 suis
1716 1530 2005 1583 frueretur.

425 1624 481 1679 Si
509 1625 631 1691 quis
660 1634 837 1678 autem
871 1626 923 1677 in
966 1640 1060 1678 sua
1110 1626 1280 1692 patria
1314 1640 1383 1678 ne
1412 1625 1558 1679 cives
1588 1626 1696 1690 sui,
1728 1636 2008 1694 parentes,

424 1733 489 1771 ac
525 1716 718 1770 fratres
751 1718 1028 1785 patiantur
1062 1718 1338 1783 injuriam,
1373 1726 1583 1783 caveat,
1615 1727 1670 1773 et
1701 1733 1820 1772 sese
1848 1728 2011 1787 atque

428 1809 546 1864 illos
585 1819 788 1872 servet,
819 1818 981 1879 atque
1024 1810 1159 1862 adeo
1208 1819 1494 1879 tyrannum
1528 1808 1770 1864 futurum
1801 1818 1854 1864 et
1886 1808 2010 1862 Dio-

427 1902 584 1971 nysio
639 1874 1106 1969 similem—possit
1164 1901 1482 1969 reprimere,
1535 1901 1821 1969 verbisque
1868 1900 2009 1955 facta
2046 1874 2088 1930 Β

426 2007 704 2056 coercere,
746 2002 801 2047 et
835 1992 1042 2061 legibus
1088 2002 1301 2062 partam
1336 1994 1686 2048 securitatem
1728 1994 1866 2061 apud
1893 2008 2013 2048 om-

428 2100 526 2140 nos
550 2084 895 2149 conﬁrmare,
946 2084 1079 2138 nihil
1125 2101 1244 2139 eum
1294 2084 1475 2139 facere
1532 2086 1707 2154 magni
1753 2086 2015 2149 dicemus,

430 2192 530 2231 nec
573 2177 913 2231 laudabimus
962 2177 1145 2243 talem,
1193 2178 1310 2231 sive
1356 2179 1447 2243 sit,
1496 2179 1612 2232 sive
1659 2193 1765 2232 non
1795 2180 1886 2246 sit,
1930 2192 2019 2232 ars

430 2267 693 2322 dicenda?
722 2268 801 2321 Au
839 2266 964 2336 quia
1017 2267 1130 2321 sola
1174 2267 1385 2335 injuriae
1417 2267 1579 2322 factio
1620 2284 1871 2339 maguum
1902 2276 2022 2323 erat

432 2358 656 2425 malum,
677 2359 878 2412 nullmn
903 2367 1081 2414 autem
1106 2360 1387 2429 acceptio?
1416 2360 1528 2428 Ego
1551 2361 1749 2415 etenim
1777 2375 1876 2415 nec
1910 2361 2022 2430 ipse

432 2454 533 2506 hoc
569 2451 778 2505 Platoni
826 2452 1040 2506 crimini
1076 2465 1249 2518 verto,
1300 2454 1344 2507 si
1415 2455 1482 2508 de
1532 2468 1696 2507 causa
1730 2454 1920 2522 quavis
1966 2455 2020 2508 in

434 2544 671 2599 Siciliam
702 2545 973 2611 proﬁcisci
1006 2543 1197 2609 voluit,
1226 2559 1326 2599 nec
1369 2543 1416 2598 si
1452 2545 1574 2612 quis
1617 2544 1667 2597 id
1700 2543 1836 2597 alius
1864 2543 2018 2613 obje-

433 2635 604 2700 cerit,
653 2650 846 2689 sanum
894 2634 1264 2702 crediderim,
1324 2650 1423 2688 nec
1468 2635 1693 2689 omnino
1726 2634 2021 2705 quidquam

433 2738 633 2795 pra-ter
674 2744 736 2782 ea
785 2744 905 2798 qua:
951 2729 1017 2783 ad
1074 2744 1186 2783 rem
1237 2728 1510 2797 pertinent
1558 2729 1772 2782 curiose
1819 2736 2023 2791 sector,

434 2818 869 2887 quandoquidem
919 2818 1122 2871 nullum
1169 2818 1306 2872 tanti
1345 2819 1412 2873 sit
1445 2819 1687 2873 victorize
1716 2819 2022 2886 prtemium.

436 2909 542 2963 Sed
568 2925 631 2962 ea
660 2926 778 2977 qua:
810 2908 937 2963 fecit
973 2911 1109 2979 ipse,
1138 2920 1191 2964 et
1224 2924 1328 2978 qua
1361 2909 1426 2963 de
1458 2924 1624 2964 causa
1670 2908 1860 2964 fecerit
1882 2909 2027 2964 clare

436 3002 593 3066 dixit,
629 3017 725 3069 pro
757 3002 1032 3056 rhetorica
1085 3002 1265 3057 facere
1305 3002 1535 3059 aliirmo.
1568 3002 1824 3068 Quiuimo
1851 3018 2028 3071 quau-

437 3100 550 3145 tum
596 3092 899 3146 fortitudini
937 3094 1249 3162 prudentia,
1285 3102 1495 3148 tantum
1528 3094 1796 3148 rhetorica
1826 3094 2028 3149 bellica!

2108 610 2175 678 τῇ
2226 606 2337 659 τῶν
2380 606 2561 661 ἄλλων
2616 603 2716 675 τὴν
2772 602 2925 672 παρὰ
2954 603 3146 655 τούτου
3224 603 3611 674 προσθήσομαι
3631 609 3696 661 ”.

2120 699 2394 769 Ἥγοῦμαι
2425 699 2526 768 μὲν
2559 696 2744 750 τοίνυν
2781 696 2885 748 κάν
2938 696 3152 759 τούτοις
3187 695 3284 761 τὴν
3318 695 3467 766 ἔργῳ
3497 715 3705 768 μαρτυ-

2113 793 2233 863 ρίαν
2253 790 2614 860 παρέχεσθαι·
2648 788 2710 841 τὸ
2733 787 2865 858 γὸιρι
2896 786 2960 858 δὴ
2982 787 3164 858 λόγοις
3184 787 3320 858 πρὸς
3345 787 3539 856 λόγους
3559 793 3705 857 ἀγω-

2109 882 2395 952 νιζόμενον
2450 882 2631 949 λόγοις
2692 881 2902 952 ἑτέροις
2955 881 3269 944 σπουδαίοις
3318 881 3703 951 μαρτυροῦντα

2108 973 2434 1042 ἀποφαίνειν
2492 974 2584 1027 τὸν
2652 974 2951 1028 ἀντίπαλον
3004 974 3111 1044 τὴν
3161 972 3307 1043 ἔργῳ
3363 975 3703 1045 παρέχεσθαι

2115 1066 2425 1137 μαρτυρίαν
2453 1066 2625 1120 ἐστίν.
2682 1066 2756 1118 Οὐ
2783 1067 2891 1135 μὴν
2921 1065 3039 1120 ἀλλ’
3089 1066 3170 1119 ἔτι
3209 1068 3305 1121 καὶ
3364 1068 3703 1137 προσωτέρω

2110 1156 2396 1225 προελθεῖν
2421 1156 2704 1226 βούλομαι,
2756 1156 2863 1219 ἵνα,
2916 1156 3104 1227 ἐπειδὴ
3132 1160 3268 1229 τιμᾷ
3292 1159 3353 1211 τὸ
3375 1160 3473 1211 ἕνα
3503 1159 3702 1228 ἐπιψη-

2111 1248 2290 1315 φίζειν
2314 1251 2411 1303 καὶ
2441 1248 2603 1301 αὐτὸν
2632 1250 2769 1319 πρὸς
2800 1248 2858 1301 ὃν
2899 1249 2965 1303 ἂν
2998 1250 3048 1302 οἱ
3082 1249 3233 1318 λόγοι
3258 1251 3583 1318 γίγνωνται,
3611 1252 3703 1305 καὶ

2109 1340 2252 1410 λόγῳ
2268 1342 2363 1393 καὶ
2375 1340 2523 1410 ἔργῳ
2540 1340 2837 1411 σύμψηφον
2859 1342 2991 1396 ὄντα
3011 1344 3176 1395 αὐτόν
3201 1362 3291 1414 μοι
3307 1345 3594 1409 δείξω.Σὺ¹
3610 1347 3705 1414 μὲν

2068 1456 2083 1469 ο
2111 1431 2261 1495 ξένου
2284 1433 2450 1502 χάριν
2484 1433 2877 1504 Συρακουσίου,
2895 1432 3075 1487 κοινοῦ
3087 1435 3187 1503 τῆς
3212 1437 3473 1505 πατρίδος
3484 1436 3702 1505 ἐχθροῦν

2110 1523 2294 1587 ἐπλεις
2317 1526 2415 1593 οὐχ
2439 1524 2607 1589 ἅπαξ,
2629 1525 2767 1579 ἀλλά
2786 1526 2882 1579 xui.
2897 1526 2979 1589 δὶς
3002 1526 3095 1580 xui
3119 1528 3263 1598 τρὶς,
3288 1530 3347 1580 ὲν
3368 1530 3536 1598 γήρᾳ,
3552 1529 3705 1580 πέλα-

2110 1632 2204 1683 γος
2232 1616 2508 1683 τοσοῦτον,
2541 1619 2637 1672 καὶ
2665 1620 2743 1689 τῷ
2773 1621 3022 1692 τυράννῳ
3054 1622 3329 1675 συνεῖναι³
3378 1622 3556 1674 δοκεῖν
3603 1623 3701 1674 οὐκ

2110 1708 2329 1777 ἔφυγες,
2364 1709 2441 1771 ὡς
2468 1709 2606 1778 ἔχων
2638 1712 2997 1781 παραμυθίαν
3030 1716 3090 1767 τὸ
3125 1716 3314 1785 σχῆμα
3360 1718 3460 1785 τῆς
3500 1717 3709 1790 διατρι-

2113 1800 2212 1869 ϐῆς
2233 1840 2247 1863 ,
2278 1800 2305 1851 ὃ
2332 1799 2545 1854 Δίωνα⁸
2577 1803 2761 1871 μένειν
2792 1804 2932 1857 οίκοι
2973 1806 3066 1859 xui
3103 1808 3240 1877 τῆς⁸
3270 1809 3460 1870 οὐσίας
3489 1812 3709 1877 κρατεῖν

2115 1889 2203 1962 ἦν.
2236 1893 2347 1964 Τὴν
2376 1893 2421 1946 δ’
2445 1894 2611 1947 αὑτοῦ
2654 1912 2738 1957 τις
2779 1896 2945 1949 οἰκῶν
2981 1898 3077 1950 καὶ
3118 1900 3233 1962 τοῖς
3262 1899 3430 1952 αὑτοῦ
3464 1900 3712 1961 πολίταις

2118 1984 2213 2037 καὶ
2239 1984 2460 2052 γονεῦσι
2496 1987 2591 2039 καὶ
2614 1986 2867 2056 ἀδελφοῖς
2895 1989 2945 2041 εί
2973 1990 3074 2059 τὴν
3100 1991 3249 2055 ὅπως
3293 1990 3370 2059 μὴ
3402 1992 3713 2061 ἀδικήσων-

2116 2092 2207 2128 ται
2234 2075 2480 2147 φυλακὴν
2506 2076 2638 2147 ἔχοι,
2674 2079 2771 2131 καὶ
2802 2079 2964 2143 σώζοι
2992 2079 3087 2133 xui.
3112 2081 3337 2145 τούτους
3370 2084 3466 2134 καὶ
3492 2083 3711 2143 ἑαυτὸν.

2119 2169 2216 2221 xui.
2244 2170 2310 2236 νὴ
2356 2170 2455 2222 Δία
2484 2187 2547 2238 γε
2579 2172 2627 2223 εί
2660 2169 2809 2223 τοῦτ’
2841 2172 2973 2225 αὐτὸ
3018 2173 3284 2242 τύραννον
3335 2174 3556 2228 ἔσεσθαί
3592 2193 3713 2229 τινα

2124 2260 2386 2327 μέλλοντα
2415 2262 2509 2315 καὶ
2543 2262 2804 2333 Διονυσίῳ
2837 2264 3166 2335 προσόμοιον
3191 2257 3302 2329 οἷός
3331 2284 3390 2319 τε
3418 2267 3503 2336 εἴη
3535 2268 3715 2321 κωλῦο

2124 2369 2236 2418 σαι,
2271 2352 2366 2405 καὶ
2414 2352 2747 2423 παρελέσθαι
2781 2354 2925 2425 λόγῳ
2955 2357 3054 2420 τὰς
3100 2357 3354 2426 πράξεις,
3392 2359 3486 2413 καὶ
3516 2362 3617 2428 τὴν
3651 2362 3713 2411 ἐκ

2120 2443 2230 2496 τῶν
2273 2445 2455 2514 νόμων
2505 2445 2691 2499 ἄδειαν
2748 2446 2958 2501 ἆπασιθ
3010 2448 3332 2519 βεϐαιῶσαι,
3362 2450 3715 2505 ἐπειτ“ούδὲν

2125 2538 2413 2611 σπουδαῖον
2442 2538 2588 2593 τοῦτ’
2609 2535 2748 2593 εἶναι
2777 2542 3046 2611 φήσομεν,
3082 2543 3190 2596 οὐδ’
3215 2546 3461 2598 ἐπαινεῖν
3488 2546 3597 2615 χρὴ
3616 2546 3715 2615 τὴν

2123 2631 2380 2699 τοιαύτην
2429 2630 2539 2686 εἴτε
2590 2633 2787 2703 τέχνην
2820 2635 2929 2686 εἴτε
2966 2635 3099 2705 μηδὲ
3131 2636 3327 2708 τέχνην
3357 2639 3567 2690 εἰπεῖν’
3598 2639 3712 2703 δεῖς

2127 2724 2250 2777 Ὅτι
2279 2724 2344 2794 νὴ
2375 2725 2473 2777 Δία
2499 2722 2555 2775 ἒν
2592 2724 2734 2794 μέγα
2768 2724 2911 2778 τοῦτ’
2941 2722 3009 2796 ἦν
3030 2727 3051 2758 ⁸
3082 2728 3269 2793 κακὸν,
3302 2728 3364 2782 τὸ
3396 2729 3625 2791 ἀδικεῖν,
3658 2731 3718 2781 τὸ

2124 2814 2180 2867 δὲ
2214 2814 2518 2867 ἀδικεῖσθαι
2569 2815 2806 2883 πρᾶγμα
2851 2815 3216 2883 οὐδέν.Ἐγὼ⁹
3258 2818 3368 2887 γὰρ
3410 2816 3525 2870 οὔτ’
3554 2817 3722 2881 αὐτὸς

2126 2907 2453 2977 ὲπέγκλημα
2509 2908 2574 2977 δή
2633 2925 2735 2960 που
2753 2909 2794 2938 ¹⁰
2839 2906 2999 2961 τοῦτο
3055 2908 3339 2979 ποιοῦμαι,
3374 2910 3427 2962 εί
3478 2926 3573 2962 ποι
3627 2912 3724 2962 καὶ

2126 2998 2378 3051 ὁπωσοῦν
2402 2997 2695 3068 ᾠήθηξδεῖν
2726 3000 2805 3062 εἰς
2833 2997 3083 3052 Σικελίαν
3114 3000 3338 3054 Πλάτων
3368 3001 3547 3055 ἐλθεῖν
3571 3003 3726 3073 ἡστιο

2129 3089 2319 3144 νοσοῦν
2366 3091 2529 3144 ἓνεκα
2562 3091 2761 3155 αἰτίας,
2809 3090 2924 3145 οὔθ’
2952 3093 3101 3156 ὅστις
3150 3093 3311 3159 ἄλλος
3355 3096 3624 3166 προφέρει
3671 3114 3725 3149 τι

439 3194 659 3252 praestat
708 3185 998 3239 alacritati.
1057 3184 1128 3241 Ut
1178 3187 1324 3241 enim
1382 3188 1691 3242 summatim
1744 3186 2022 3251 dicamus,

2132 3179 2370 3234 τοιοῦτον
2401 3175 2458 3233 εὗ
2489 3183 2709 3252 φρονεῖν
2743 3182 3006 3252 ἡγοῦμαι,
3036 3183 3150 3237 οὔθ’
3174 3183 3313 3248 ὅλως
3357 3184 3462 3249 ἔξω
3491 3185 3601 3237 τῶν
3647 3188 3724 3246 εἰς

441 3274 578 3329 nihil
612 3286 695 3330 est
748 3276 894 3330 aliud
932 3278 1201 3332 rhetorica
1249 3293 1411 3346 quam
1460 3278 1745 3346 prudentia
1778 3292 1899 3330 cum
1947 3277 2029 3330 fa-

437 3366 639 3421 cultate
663 3367 877 3422 dicendi
914 3367 1238 3437 conjuncta;
1268 3378 1325 3423 ut
1362 3383 1470 3422 non
1508 3368 1624 3438 ipse
1665 3375 1878 3422 tantum
1909 3368 2031 3437 quis

437 3456 641 3524 optima
677 3472 904 3528 qumque
943 3458 1146 3522 facere,
1196 3461 1290 3514 sed
1335 3462 1501 3516 etiam
1543 3462 1665 3517 aliis
1706 3465 2034 3532 persuadere

438 3548 631 3618 possit.
662 3548 843 3618 Atque
876 3550 991 3615 haec
1026 3552 1246 3621 quidem
1278 3553 1444 3607 etiam
1482 3554 1616 3608 satis
1646 3555 1884 3608 arbitror
1910 3569 2035 3609 esse

441 3638 784 3705 confirmata,
817 3640 902 3693 vel
935 3641 1099 3693 etiam
1154 3641 1318 3696 nimis
1366 3640 1622 3697 fortasse.
1670 3642 1824 3697 Nunc
1852 3655 2032 3699 autem

442 3732 509 3781 ad
561 3731 732 3800 ipsum
788 3731 1168 3801 colophouem,
1216 3742 1274 3786 ut
1319 3735 1443 3802 quis
1487 3734 1704 3799 dixerit,
1747 3735 2033 3790 verborum

441 3823 682 3879 Platonis
710 3824 999 3878 contendo.
1036 3822 1148 3879 Nec
1192 3826 1334 3878 enim
1373 3826 1547 3879 solum
1594 3842 1660 3880 ex
1696 3826 1759 3881 iis
1791 3842 1889 3895 per
1918 3843 2037 3896 qme

445 3918 732 3979 ri-l'ulatur,
770 3917 910 3969 idem
941 3933 1063 3971 eum
1113 3917 1296 3970 testari
1331 3920 1636 3984 ostendam,
1670 3919 1762 3973 sed
1799 3929 1853 3973 et
1884 3919 2038 3987 quasi

444 4024 628 4062 coram
661 4024 789 4062 voce
819 4025 914 4062 sua
942 4010 1315 4063 testimonium
1343 4011 1517 4064 daret.
1549 4009 1891 4081 Quapropter
1915 4027 2037 4066 cum

445 4102 526 4156 vel
564 4100 758 4155 laedere
798 4109 973 4169 cogat,
1008 4100 1091 4155 vel
1126 4102 1243 4155 laedi
1282 4104 1585 4171 permittat,
1615 4114 1669 4157 et
1701 4112 1757 4158 ut
1805 4121 1873 4158 ex
1905 4120 2041 4172 pra:-

445 4194 764 4248 cedentibus
791 4204 872 4247 est
902 4192 1175 4255 eﬂ‘ectum,
1213 4209 1314 4248 nec
1354 4195 1547 4251 laedere
1574 4212 1673 4249 nec
1700 4196 1816 4250 laedi
1848 4213 2039 4266 quem-

450 4299 613 4351 quam
649 4284 925 4352 permittat
954 4302 968 4339 :
997 4284 1268 4353 siquidem
1300 4285 1489 4338 eadem
1538 4298 1623 4338 est
1670 4286 1833 4340 etiam
1866 4286 2044 4354 philo-

2132 3272 2225 3324 τὸν
2263 3272 2419 3341 λόγον
2458 3273 2701 3344 ἡκόντων
2731 3275 2881 3327 οὐδὲν
2910 3275 3348 3347 περιεργάζομαι
3371 3293 3385 3306 ’
3425 3280 3501 3347 μὴ
3532 3280 3726 3332 τοσού-

2133 3366 2285 3417 του¹¹
2322 3365 2491 3435 μηδὲν
2537 3365 2688 3433 ἄξιον
2729 3366 2871 3420 ἔστω
2891 3368 2933 3397 ⁸⁸
2963 3369 3302 3439 νικητήριον.
3323 3370 3459 3422 Ἀλλ’
3490 3370 3528 3425 ἃ
3565 3373 3731 3437 αὐτὸς

2134 3455 2339 3527 ἔπραξε
2369 3458 2465 3511 καὶ
2495 3457 2531 3510 ἃ
2558 3457 2719 3511 τίνων
2748 3457 2951 3529 ἔπραξε
2976 3459 3139 3529 χάριν
3166 3461 3331 3524 αὐτὸς
3354 3462 3613 3533 καθαρῶς
3643 3464 3725 3515 εἷ-

2137 3564 2296 3617 ρηκε,
2325 3547 2498 3601 ταῦτα
2529 3549 2848 3617 συμϐαίνειν
2882 3551 3026 3621 φημὶ
3055 3555 3168 3615 τοῖς
3214 3552 3355 3622 ὑπὲρ
3379 3554 3481 3624 τῆς
3507 3557 3730 3625 ῥητορι-

2135 3642 2239 3710 κῆς
2267 3640 2466 3709 λόγοις.
2498 3641 2664 3694 Καὶ¹³
2701 3642 2807 3713 μὴν
2835 3643 3003 3713 ὃσῳίξ
3031 3643 3247 3698 κάλλιον
3268 3645 3310 3675 η
3341 3647 3607 3717 φρόνησις
3639 3650 3733 3700 ἀνθ

2134 3731 2340 3802 δρείας,
2368 3732 2608 3803 τοσούτῳ
2628 3734 2673 3764 "
2706 3735 2971 3805 ῥητορικὴ
2994 3736 3093 3805 τῆς
3123 3736 3265 3789 κατὰ
3296 3737 3535 3807 πόλεμον
3564 3739 3730 3808 εὐψυ-

2137 3824 2282 3894 χίας.
2341 3825 2405 3876 Εί
2473 3825 2581 3895 γὰρ
2630 3824 2711 3878 δεῖ
2758 3827 3051 3881 συνελόντα
3097 3830 3273 3881 εἰπεῖν
3302 3868 3319 3894 ,
3380 3829 3536 3883 οὐδέν
3582 3834 3729 3884 ἐστιν

2138 3916 2266 3971 ἄλλο
2306 3916 2574 3988 ῥητορικὴ
2618 3917 2651 3988 ἢ
2688 3919 2948 3988 φρόνησις
2979 3918 3153 3987 λόγων
3183 3919 3410 3991 δύναμιν
3441 3923 3732 3991 προσειλη-

2142 4012 2296 4078 φυῖα,
2323 4009 2397 4072 ὼς
2418 4010 2460 4040 ¹⁷
2499 4010 2572 4079 μὴ
2613 4010 2772 4080 μόνον
2804 4011 2927 4081 [679
2952 4010 3045 4083 Η.]
3072 4015 3233 4075 αὐτὸς
3259 4013 3432 4081 ’έρδειν
3459 4015 3529 4066 τὰ
3560 4014 3734 4083 βέλτι-

2145 4118 2267 4166 στα,
2310 4100 2449 4153 ἀλλὰ
2493 4101 2589 4155 καὶ
2620 4101 2840 4172 ἐτέρους
2869 4102 3077 4155 πείθειν
3118 4103 3603 4173 ἕχοι¹⁸.Ἡγοῦμαι
3639 4108 3733 4175 μὲν

2141 4189 2319 4242 τοίνυν
2344 4191 2384 4224 ‘9
2416 4190 2508 4243 καὶ
2563 4190 2738 4245 ταῦτα
2792 4191 3005 4253 πίστεις
3057 4193 3249 4255 ἱκανὰς
3296 4194 3439 4263 ἔχειν
3470 4196 3568 4264 τῆς
3604 4197 3736 4263 ἀλη-

2146 4279 2318 4345 θείας,
2347 4282 2397 4333 ei
2434 4282 2509 4351 μὴ
2542 4282 2635 4335 καὶ
2672 4281 2890 4344 πλείους
2941 4282 3049 4352 ἄρα
3096 4284 3204 4335 τῶν
3253 4286 3483 4337 ἱκανῶν·
3534 4282 3652 4355 εἶμι
3682 4284 3737 4336 δ’

444 4372 648 4441 sophia:
700 4374 946 4427 deﬁnitio
977 4415 992 4437 ,
1050 4375 1341 4444 philophia:
1392 4375 1660 4444 quoddam
1720 4391 1890 4445 genus
1939 4378 2014 4431 eri

2145 4373 2233 4424 ἐπ’
2266 4373 2427 4426 αὐτὸν
2459 4374 2561 4444 ἤδη
2588 4372 2679 4426 τὸν
2713 4373 2995 4443 κολοφῶνα
3023 4374 3114 4427 τοῦ
3137 4377 3179 4407 ²⁰
3215 4376 3522 4443 Πλάτωνος,
3556 4376 3633 4438 ὡς
3672 4377 3736 4429 ἄν

446 4464 748 4532 rhetorica;
787 4467 869 4517 sin
896 4467 1236 4535 philosOphia
1259 4464 1452 4521 sulIicit
1478 4476 1534 4520 ut
1564 4467 1833 4522 nemiuem
1864 4467 2041 4536 laedat,

446 4551 735 4617 perfectior
769 4562 851 4607 est
883 4554 1171 4607 rhetorica.

2146 4485 2230 4530 τις
2258 4467 2425 4533 εἴποι,
2458 4469 2720 4539 ῥημάτων
2738 4469 2806 4524 ²¹.
2838 4472 2912 4523 UO
2946 4471 3055 4540 γὰρ
3091 4472 3247 4542 μόνον
3275 4472 3333 4537 ἐξ
3360 4466 3431 4525 ὧν
3454 4472 3737 4541 ἐλέγχεται

2070 4552 2125 4611 1)
2154 4558 2422 4630 βούλομαι
2484 4561 2721 4630 φανῆναι
2781 4564 3166 4634 μαρτυροῦντα
3217 4565 3399 4629 αὑτὸν,
3446 4565 3584 4618 ἀλλὰ
3647 4567 3739 4626 καὶ

442 4645 635 4728 cbo-nep
659 4645 723 4697 ἂν
751 4647 799 4697 εί
829 4647 923 4699 xui.
958 4645 1244 4716 παραστὰς
1273 4646 1435 4709 αὐτὸς
1464 4646 1766 4716 ἐμαρτύρει
1798 4650 1865 4720 τῇ
1900 4650 2098 4706 ἑαυτοῦ
2128 4657 2303 4726 φωνῇ.
2329 4654 2594 4709 Οὑκοῦν²¹
2628 4656 2707 4707 ὅτ’
2763 4656 2809 4687 ³³
2840 4658 3049 4712 ἀδικεῖν
3113 4659 3213 4728 μὲν
3268 4659 3369 4711 οὐκ
3427 4658 3739 4727 ἐπηνάγκαι

446 4723 560 4799 ζεν,
587 4737 888 4791 ἀδικεῖσθαι
932 4739 975 4791 δ’
1005 4741 1107 4792 οὐκ
1137 4740 1221 4810 ἐᾷ,
1256 4738 1329 4802 ὡς
1378 4738 1423 4792 δ’
1452 4740 1518 4795 ὲκ
1554 4739 1645 4793 τοῦ
1699 4740 1858 4809 λόγου
1908 4744 2248 4813 συνέϐαινεν,
2275 4746 2559 4818 οὐδέτερον
2605 4748 2810 4803 τούτων
2854 4752 2939 4819 ὲᾷ,
2999 4750 3108 4805 οὒτ’
3176 4752 3382 4805 ἀδικεῖν
3447 4753 3560 4805 οὔτ’
3630 4752 3739 4804 ἀδι-

446 4831 746 4897 κεῖσθαιη,
775 4833 823 4883 εἰ
859 4832 955 4901 μὲν
988 4833 1083 4884 καὶ
1127 4833 1230 4901 τῆς
1274 4832 1596 4902 φιλοσοφίας
1636 4836 1664 4887 ὁ
1698 4835 1861 4897 αὐτός
1890 4837 2040 4891 ἐστιν
2077 4837 2226 4908 ὄρος,
2262 4838 2551 4908 φιλοσοφία
2574 4857 2656 4904 τις
2695 4836 2831 4895 οῦσα
2861 4844 2894 4913 ἡ
2936 4843 3199 4915 ῥητορικὴ
3229 4845 3509 4914 φαίνεται·
3576 4846 3627 4899 εἰ
3683 4846 3737 4899 δὲ

447 4924 673 4991 ἐξαρκεῖ
721 4926 786 4994 τῇ
839 4924 1130 4997 φιλοσοφίᾳ
1180 4926 1301 4996 μηδ’
1327 4927 1371 4957 ’³
1397 4927 1629 4989 ἀδικεῖν,
1670 4928 1704 4995 ἡ
1757 4928 2023 4999 ῥητορικὴ
2060 4929 2413 5003 τελεώτερον.

517 5017 715 5091 4171)
753 5017 883 5082 Quis
931 5018 1074 5070 enim
1108 5018 1275 5071 nescit
1308 5018 1634 5071 rhetoricam
1685 5033 1714 5070 a
1759 5019 2022 5087 tyrannidi

2218 5023 2373 5085 Τὶς²⁶
2407 5023 2574 5093 γὰρ¹⁷
2602 5025 2703 5077 οὐκ
2744 5019 2884 5079 οἶδεν
2930 5025 3013 5078 ὃτι
3047 5027 3315 5098 ῥητορικὴ
3350 5028 3447 5082 καὶ
3480 5034 3738 5099 τυραννές

450 5119 660 5162 tantum
717 5109 919 5162 distare
970 5119 1232 5177 quantum
1289 5124 1319 5162 a
1370 5109 1423 5163 vi
1481 5109 1939 5176 persuasionem?
1991 5126 2019 5163 a

2144 5115 2400 5168 τοσοῦτον
2450 5116 2701 5186 ἀλλήλων
2736 5120 3094 5189 κεχώρισται,
3128 5122 3252 5174 ὅσον
3297 5122 3391 5175 τοῦ
3439 5122 3649 5176 πείθειν
3682 5126 3739 5175 τὸ

451 5202 568 5255 haec
610 5216 768 5254 nemo
815 5201 1088 5255 contraria
1131 5201 1311 5255 dicere
1357 5201 1653 5255 verebitur.
1691 5200 1905 5257 Etenim
1951 5205 2043 5274 qui

2146 5209 2430 5279 βιάζεσθαι
2458 5228 2472 5276 ;
2506 5210 2672 5263 Ἀλλὰ
2686 5213 2732 5245 ³⁸
2769 5212 2875 5284 μὴν
2911 5213 3086 5267 ταῦτά
3114 5232 3178 5283 γε
3211 5216 3386 5278 οὐδεὶς
3415 5216 3564 5270 ἔστιν
3592 5218 3647 5280 ὃς
3677 5218 3741 5269 ἂν

450 5294 566 5348 lieri
604 5301 864 5364 potestut
890 5303 1138 5349 oratores
1166 5296 1371 5363 pariter
1395 5304 1450 5347 ct
1475 5293 1787 5361 adolentur,
1825 5304 1880 5350 et
1907 5296 2051 5351 inter

2156 5303 2256 5373 τὴν
2299 5302 2550 5357 ἐναντίαν
2592 5303 2754 5374 φύσιν
2806 5305 2976 5361 εἰπὼν
3007 5307 3153 5378 ἔχειν
3187 5309 3504 5380 αἰσχυνθείη
3522 5311 3587 5366 ³³.
3614 5311 3743 5373 ,Πῶς

1782 5487 2016 5543 VARIAS
2061 5488 2477 5547 LECTIONES.

522 5592 1222 5686 Ϊ⁹⁷Ξρ⁰σ⁶ὶήεὲ³εέαι9ηικλτ
1301 5598 1692 5686 ἶγάροη3·Α;
1760 5600 1991 5686 ’.σέῌο
2033 5603 2180 5686 ¹¹¹·.
2264 5604 3114 5686 “iure?Améwvaiyem
3212 5606 3524 5686 ⁸Αίιιξνιςς.
3604 5606 3708 5686 ’τῖε

453 5676 571 5757 om.‘
600 5664 665 5714 Α.
730 5664 783 5741 ~“
834 5666 1059 5757 πᾶριΔΑ.
1098 5664 1597 5757 ..τεείπεξνὀἰι].ΔΑ.
1726 5664 1976 5757 τοῦτ’ξῆν
2007 5674 2220 5757 οιιιικιδ.
2288 5672 2511 5757 [ἐγὼ]
2564 5692 2630 5757 ι)ἰ
2674 5675 2797 5729 118.
2908 5679 2950 5707 ¹⁰
2977 5664 3149 5757 δῄπου
3192 5692 3300 5731 om.
3339 5682 3404 5731 A.
3458 5664 3745 5757 “50605;

599 5736 851 5816 τοσοῦτον
874 5736 1015 5786 ούΑ.
1098 5737 1138 5766 ¹²
1156 5736 1318 5802 ἔστω]
1340 5741 1397 5800 ἐς
1414 5740 1473 5790 τὸ
1503 5740 1569 5791 Α.
1647 5741 1690 5772 ’³
1714 5743 1808 5794 καὶ
1841 5736 1969 5822 μὴν]
2002 5759 2053 5811 p.
2085 5744 2206 5797 1‘22.
2288 5745 2331 5775 “’
2357 5736 2466 5813 ὃσὶρ
2495 5736 2535 5798 Ᾱ
2559 5736 2581 5800 ε’
2605 5747 2705 5799 ὅσα
2730 5762 2790 5809 ς,
2870 5748 2912 5779 ω
2938 5736 3173 5800 καλλίων
3191 5751 3256 5801 Α.
3333 5749 3377 5779 ιε
3403 5747 3653 5799 τοσοῦτον
3682 5752 3743 5800 Α.

462 5806 1098 5885 ,ηυξρς-έεχοιριιιμΑ-
1150 5809 1220 5885 λθ
1254 5809 1457 5885 Ἒφίνιξν]
1481 5808 1572 5885 οἷψ
1760 5813 1805 5841 ’°
1825 5830 1925 5885 του
1964 5830 2076 5868 om.
2118 5818 2215 5885 A,
2293 5816 2337 5846 “
2377 5817 2578 5885 ῥήματι
2606 5818 2669 5869 Α.
2749 5819 2794 5847 ²²
2816 5816 3036 5882 οὐκοῦν]
3061 5835 3112 5883 p.
3149 5818 3271 5872 124.
3348 5818 3469 5850 ’Μ’
3490 5818 3744 5871 erasae

524 5869 543 5881 υ
600 5833 861 5870 ultr—anu.
890 5833 999 5856 mu.
1035 5833 1098 5856 η.
1177 5833 1217 5890 _-~
1254 5833 1457 5874 τυινυν]
1481 5833 1572 5861 υυν
1600 5833 1661 5862 n.
1761 5833 1804 5841 ’ν
1830 5833 1925 5864 του
1964 5833 2076 5868 om.
2118 5833 2184 5870 Α.
2294 5833 2337 5846 υ
2377 5833 2578 5885 ρηματι
2606 5833 2669 5869 Λ.
2750 5833 3036 5882 ³³ουκουν]
3061 5835 3112 5883 p.
3149 5833 3271 5872 124.
3349 5833 3716 5871 "mor-nues

460 5867 673 5919 κεισθαι
699 5884 810 5923 om.
846 5871 911 5924 Δ.
988 5875 1034 5905 ³⁵
1068 5875 1183 5945 μηδ’
1213 5878 1336 5933 add.
1370 5880 1434 5931 A.
1511 5880 1557 5910 ⁸⁸
1588 5880 1691 5949 τίς]
1730 5897 1783 5950 p.
1818 5883 1942 5939 195.
2018 5886 2059 5916 ³⁷
2096 5884 2225 5956 γὰρ]
2252 5885 2295 5937 δ’
2330 5886 2395 5941 Α.
2463 5887 2591 5920 ³⁸⁸³⁸
2620 5885 3142 5955 ἀλλὰ--αἰσχυνθείη
3173 5903 3283 5945 om.
3314 5890 3381 5945 Α.

3604 5608 3625 5639 σ
3651 5606 3746 5673 τῆς
