3960 6466
227 394 354 461 1513

223 509 322 572 γάρ
341 502 383 533 ιο
411 497 540 567 ὁμοῦ
584 497 680 566 μὲν
696 499 736 531 ³¹
767 498 1151 552 κολακεύουσιν
1182 503 1231 554 oi
1268 504 1528 572 ῥήτορες,
1561 507 1694 574 ὁμοῦ
1723 506 1779 558 δ’
1809 511 1851 563 Α

222 595 275 644 ἑν
301 592 404 652 τοῖς
436 587 722 651 δυνάσταις
754 589 928 655 είσίν;
970 591 1035 642 Ol
1063 591 1109 642 δ’
1139 586 1206 644 αὖ
1235 591 1486 662 τύραννοι
1515 595 1779 664 ἀπέχουσι
1823 613 1838 624 ³

219 681 457 735 τοσοῦτον
473 679 516 710 ³⁸
545 677 642 730 τοῦ
670 679 987 732 κολακεύειν
1024 680 1164 734 ὥστε
1195 682 1284 752 βίᾳ
1316 685 1522 748 πάντας
1554 685 1777 751 ὠθοῦσι,

218 772 307 824 καὶ
331 769 536 831 οὐδενὸς
555 767 670 821 ἐστι
691 770 820 840 παρ’
841 770 1020 824 αὐτῶν
1039 774 1223 842 τυχεῖν
1246 773 1366 825 οὐδὲ
1386 773 1495 826 τῶν
1519 776 1778 844 μετρίων,

220 860 370 933 [1257
405 859 494 928 IL]
527 860 600 928 μή
635 859 688 911 τί
736 877 800 928 γε
830 860 894 930 δὴ
920 864 1020 933 τῆς
1054 863 1194 931 ὑπὲρ
1223 863 1284 915 τὸ
1313 865 1588 935 προσῆκον
1619 864 1779 935 θερα-

215 952 396 1013 πείας·
425 948 555 1001 ὥσθ’
574 950 619 982 ³³
647 951 677 1002 ὁ
703 950 963 1022 τύραννος
990 951 1188 1024 μικροῦ
1213 953 1324 1005 δεῖν
1361 956 1454 1007 καὶ
1481 955 1542 1007 τὸ
1569 955 1663 1008 τοῦ
1691 957 1778 1007 δε-

217 1044 403 1095 σπότου
429 1040 624 1109 μέτρον
646 1040 983 1111 παρελήλυθε
998 1041 1062 1096 ⁸⁸.
1080 1036 1188 1095 Καὶ
1209 1042 1435 1105 κόλακος
1455 1043 1554 1113 μὲν
1570 1042 1698 1115 [γὰρ
1711 1042 1778 1116 ⁸³]

212 1129 357 1183 οὐδέν
379 1131 491 1182 ἐστι
516 1129 578 1200 δή
609 1146 711 1182 που
738 1131 1138 1202 ταπεινότερον,
1162 1131 1269 1184 οὐδ’
1285 1133 1313 1185 ὅ
1335 1149 1387 1184 τι
1419 1131 1620 1202 μᾶλλον
1644 1132 1784 1203 ᾑρῆ-

215 1219 331 1272 σθαι
360 1218 629 1271 δουλεύειν
643 1219 688 1250 ³⁸
708 1235 723 1249 ·
749 1219 1010 1288 τυράννου
1035 1222 1090 1274 δὲ
1111 1222 1263 1274 οὐδὲν
1288 1224 1352 1276 ἂν
1375 1224 1546 1284 εῖποις
1575 1221 1784 1293 ἀγριώ-

209 1327 378 1380 τερον,
413 1311 522 1361 οὐδ’
552 1310 580 1362 ὅ
611 1327 660 1361 τι
689 1309 890 1378 μᾶλλον
933 1311 1070 1378 πρὸς
1119 1311 1196 1378 τῷ
1247 1311 1529 1375 δεσπόζειν
1581 1311 1783 1364 ἐθέλειν

209 1401 542 1456 inhians
582 1403 631 1454 εί
685 1403 782 1471 μὲν
805 1403 848 1434 ³⁷
879 1401 1137 1456 κολακεία
1171 1404 1203 1471 ἡ
1243 1404 1527 1474 ῥητορικὴ,
1558 1403 1628 1456 τὰ
1675 1403 1784 1456 τῶν

206 1494 479 1562 τυράννων
523 1493 846 1564 ἐγκλήματα
879 1495 939 1546 οὑ
993 1495 1128 1564 πρὸς
1164 1496 1332 1564 αὐτῆς
1354 1495 1400 1526 ³⁸
1429 1496 1598 1549 ἐστιν.
1634 1489 1697 1548 Εἰ
1727 1495 1785 1549 δ’

203 1581 334 1648 ὁμοῦ
355 1584 420 1650 τῇ
442 1582 715 1650 τυραννίδι
744 1583 843 1652 τὴν
868 1583 1154 1636 κολακείαν
1191 1583 1449 1652 μεγάλοις
1478 1585 1590 1645 τοῖς
1612 1585 1783 1654 ὁρίοις

206 1672 595 1744 παρελήλυθεν,
645 1674 846 1727 οὐκοῦν
884 1675 954 1728 τά
1015 1692 1078 1741 γε
1131 1674 1295 1746 ἔτερα
1352 1676 1631 1742 πάντωςίπ
1681 1676 1780 1747 ήδη

201 1764 388 1833 ψευδῆ.
429 1762 761 1816 Τοσοῦτονδθ
809 1764 976 1832 γὰρ⁶¹
1038 1767 1071 1836 ἡ
1131 1765 1392 1836 ῥητορικὴ
1451 1765 1780 1836 κεχώρισται

203 1852 519 1915 δυναστείας
550 1855 694 1916 ὅσον,
727 1856 775 1906 εί
800 1855 893 1907 καὶ
915 1855 1058 1908 τοῦτ’
1083 1858 1258 1908 εἰπεῖν
1283 1856 1384 1920 δεῖ,
1418 1855 1641 1908 Πλάτων
1661 1859 1782 1907 Διο.
1813 1833 1856 1888 Β

199 1943 404 1996 νυσίου.
445 1944 808 2012 Φανήσεται⁸¹
851 1946 958 2015 γὰρ
996 1943 1110 1998 οὗθ’
1141 1946 1275 1997 ὅπου
1309 1947 1574 2017 ῥητορικὴ
1606 1944 1779 2010 σώζε-

200 2048 287 2085 ται
302 2033 350 2064 ⁸⁸
376 2033 643 2104 τύραννος
689 2035 1112 2104 ὲγγινόμενοςιδ,
1152 2036 1343 2107 μέχρις
1359 2037 1408 2068 ⁸⁸
1439 2039 1506 2090 ἂν
1550 2036 1780 2101 σώζεται

197 2123 424 2193 λόγῳ“,
473 2124 588 2177 οὔτ’
615 2120 680 2178 αὖ
735 2125 864 2179 ἔνθα
881 2126 925 2158 ⁸⁷
973 2127 1226 2197 τυραννὶς
1272 2128 1469 2196 κρατεῖ
1516 2127 1781 2199 ῥητορικὴ

197 2215 501 2286 περιοῦσα·
531 2216 648 2270 ἀλλ’
679 2217 709 2271 ὅ
754 2234 813 2270 τε
860 2218 1048 2290 ῥήτωρ
1079 2220 1259 2274 πάντα
1290 2221 1545 2290 πράττων
1577 2221 1724 2283 ὅπως
1737 2221 1782 2252 ⁸⁸

198 2304 385 2374 μηδεὶς
436 2304 702 2376 τύραννος
753 2307 1080 2377 ἐγγένηται,
1114 2308 1176 2360 τό
1205 2326 1264 2361 τε
1286 2309 1332 2341 ⁸⁸
1361 2309 1525 2363 αὑτοῦ
1577 2311 1672 2363 κα)¹
1723 2309 1784 2363 τὸ

196 2392 378 2446 κοινὸν
413 2394 554 2463 ὁμοῦ
585 2396 855 2466 προορῶν,
885 2397 1036 2460 ὅπως
1088 2399 1278 2467 μηδεὶς
1308 2399 1472 2451 αὑτὸν
1520 2399 1598 2468 τῷ
1639 2399 1783 2469 λόγῳ

195 2483 412 2536 πείθειν
447 2486 821 2556 παρελόμενος
849 2488 1011 2551 αὐτὸς
1038 2490 1147 2559 ἄγῃ
1171 2489 1294 2541 κατ’
1325 2490 1501 2559 ἀρχὴν
1537 2490 1606 2542 τὰ
1643 2489 1784 2560 πρά-

191 2591 380 2644 γματα
395 2577 469 2638 ³⁸,
502 2576 554 2628 οῖ
592 2592 651 2629 τε
688 2577 942 2647 τύραννοι
978 2579 1306 2642 σκοποῦντες
1331 2582 1425 2633 καὶ
1457 2580 1783 2650 φοϐούμενοι

186 2664 300 2718 τῶν
345 2666 578 2720 πάντων
606 2667 757 2720 οὐδὲν
785 2670 986 2738 μᾶλλον
1014 2669 1111 2740 ﬂ“
1153 2672 1226 2740 μή
1266 2687 1350 2732 τις
1381 2671 1671 2741 ἐγγένηται
1696 2671 1784 2723 λέ-

188 2771 311 2820 γειν
339 2757 438 2808 καὶ
463 2754 676 2809 πείθειν
706 2755 950 2822 δυνατὸς,
980 2759 1129 2820 ὅστις
1161 2757 1480 2827 συναγαγὼν
1509 2760 1577 2812 τὰ
1602 2759 1782 2830 πλήθη

187 2846 285 2898 καὶ
311 2843 626 2916 σύμϐουλος
656 2848 750 2899 καὶ
776 2848 1017 2917 μηνυτὴς
1047 2845 1142 2900 τοῦ
1171 2852 1539 2918 προσήκοντος
1565 2850 1787 2919 γινόμε-

186 2943 279 2999 νος
309 2936 455 3007 ὁμοῦ
489 2937 589 3008 τῆς
615 2937 792 3008 ἀρχῆς
819 2939 912 2992 καὶ
937 2941 1036 3010 τῆς
1059 2938 1303 3004 ἐξουσίας
1323 2939 1562 3012 ἀκύρους
1590 2943 1786 3006 αὐτοὺς

185 3030 545 3098 καταστήσῃ.
579 3029 777 3100 Διόπερ
807 3030 908 3100 τὴν
936 3030 1136 3100 ἔχθραν
1183 3031 1493 3100 ἀναγκαίως
1537 3032 1787 3104 ἀλλήλοις

1199 371 1722 457 BIBLIOTHECA.
1749 418 1819 432 —-
1853 393 2015 455 eoo.
2044 391 2376 458 CCXLVII.

3319 395 3454 461 151$

1879 516 2125 574 satrapas
2165 507 2313 558 sint?
2342 503 2582 574 Tyranni
2626 518 2751 559 vero
2797 514 2998 557 tantum
3049 518 3118 557 an
3145 504 3455 562 adulatione

1881 595 2108 659 absunt,
2141 603 2200 648 ut
2225 607 2414 648 omnes
2455 594 2510 648 vi
2544 603 2766 663 cogant,
2816 608 2914 647 nec
2963 595 3031 648 ab
3078 594 3144 648 iis
3188 594 3269 647 vel
3315 601 3453 665 arqui

1880 685 2172 754 quidquam
2201 684 2378 754 possit
2403 683 2687 753 quisquam
2719 685 2996 752 consequi,
3031 687 3226 740 nedum
3259 697 3454 755 praeter

1879 773 2112 829 oﬂlcium
2149 774 2400 842 cuiquam
2442 772 2762 837 inserviant,
2799 775 2932 828 adeo
2958 783 3016 828 ιιι
3048 785 3308 844 tyrannus
3337 775 3455 829 heri

1880 877 2093 932 quoque
2122 877 2428 917 mensuram
2459 861 2842 931 propemodum
2872 871 3131 918 transeat.
3156 863 3291 918 Nam
3324 865 3456 918 adu-

1881 952 2052 1007 latore
2080 953 2296 1022 quidem
2339 953 2472 1006 nihil
2505 962 2588 1007 est
2632 951 2907 1016 humilius,
2939 967 3038 1007 nec
3069 955 3209 1024 quod
3237 955 3303 1008 ad
3334 969 3458 1011 ser-

1882 1042 2106 1096 vitutem
2160 1041 2233 1096 sit
2276 1041 2639 1110 pr0pensius:
2681 1050 2910 1110 tyranno
2957 1050 3135 1094 autem
3188 1041 3321 1095 nihil
3372 1053 3460 1098 est

1884 1133 2139 1198 ferocius,
2170 1147 2270 1188 nec
2295 1133 2435 1202 quod
2480 1132 2764 1201 imperium
2804 1143 2948 1188 amet
2981 1133 3172 1202 magis.
3203 1132 3380 1199 Quare
3409 1135 3458 1188 si

1885 1223 2124 1278 adulatio
2160 1224 2321 1277 fuerit
2346 1224 2636 1288 rhetorica,
2669 1223 2804 1277 nihil
2847 1224 2914 1278 ad
2960 1239 3078 1277 eam
3108 1234 3458 1294 tyrannorum

1884 1313 2154 1382 pertinent
2205 1315 2432 1368 crimina
2477 1330 2494 1367 :
2544 1313 2626 1368 sin
2659 1329 2766 1368 una
2799 1328 2919 1367 cum
2955 1315 3240 1384 tyrannide
3286 1316 3459 1384 magis

1883 1403 2244 1457 adulationem
2280 1403 2525 1457 terminis
2569 1403 2864 1471 superavit,
2910 1401 3254 1458 manifestum
3285 1414 3367 1458 est
3404 1405 3457 1459 iu

1885 1495 2070 1549 alteris
2100 1497 2456 1550 mendacium.
2485 1494 2717 1550 Tantum
2744 1497 2888 1549 enim
2917 1511 2945 1548 a
2979 1495 3264 1564 tyrannide
3293 1497 3461 1549 distat

1890 1587 2184 1651 rhetorica,
2213 1596 2474 1657 quantum
2518 1602 2549 1641 a
2592 1587 2846 1656 Dionysio
2876 1584 3049 1650 Plato,
3081 1586 3125 1639 si
3155 1595 3208 1641 et
3247 1587 3348 1640 hoc
3379 1587 3460 1640 di-

1885 1678 2112 1732 cendum
2151 1687 2254 1732 est.
2305 1677 2517 1733 Etenim
2562 1693 2738 1748 neque
2785 1677 2872 1732 ubi
2921 1675 3120 1730 valebit
3164 1677 3459 1741 rhetorica,

1889 1767 2132 1838 tyrannis
2172 1768 2398 1833 orietur,
2443 1769 2618 1823 donec
2662 1783 2726 1822 ea
2762 1767 2998 1822 valebit:
3039 1781 3213 1835 neque
3245 1767 3332 1820 ubi
3378 1781 3462 1820 rei

1883 1857 2066 1924 gnabit
2116 1860 2378 1927 tyrannis,
2430 1859 2633 1914 valebit
2680 1860 2946 1913 rhetorica
2982 1877 2996 1912 :
3028 1859 3123 1913 sed
3172 1864 3228 1912 et
3275 1869 3462 1911 orator

1884 1948 2016 2002 nihil
2064 1965 2173 2003 non
2223 1951 2333 2018 agit
2371 1965 2438 2004 ne
2483 1950 2606 2020 quis
2635 1949 2843 2004 oriatur
2875 1959 3158 2020 tyrannus,
3205 1955 3313 2001 tam
3359 1948 3463 2002 sibi

1883 2051 2044 2104 quam
2079 2037 2389 2105 reiphblica
2415 2038 2767 2107 providendo,
2803 2053 2869 2090 ne
2898 2038 3018 2106 quis
3046 2037 3145 2104 ipsi
3175 2034 3465 2089 verborum

1883 2129 2233 2194 persuasione
2268 2127 2566 2197 intercepta
2602 2142 2690 2182 res
2721 2127 2835 2197 ipse
2875 2127 3215 2180 administrat
3246 2141 3261 2178 :
3294 2133 3348 2179 et
3381 2134 3466 2194 ty-

1883 2217 2039 2272 ranni
2086 2217 2222 2272 nihil
2251 2200 2480 2282 curant,
2531 2231 2632 2272 nec
2683 2226 2930 2271 metuunt
2977 2217 3169 2286 magis,
3199 2231 3360 2284 quam
3400 2227 3468 2267 ne

1882 2310 2004 2378 quis
2054 2308 2264 2363 dicendi
2317 2307 2789 2378 persuadendique
2839 2308 3044 2376 peritus
3093 2307 3319 2368 oriatur,
3374 2305 3468 2372 qui

1882 2400 2108 2455 collecta
2141 2399 2505 2465 multitudine,
2535 2413 2708 2467 eoque
2743 2399 2885 2468 quod
2939 2397 3054 2451 fieri
3104 2397 3296 2450 debeat
3340 2411 3464 2463 per-

1883 2505 2043 2547 suaso
2075 2504 2139 2545 ac
2174 2489 2462 2560 patefacto,
2497 2489 2723 2557 imperio
2751 2488 2912 2543 simul
2943 2489 3086 2556 ipsos
3112 2495 3166 2540 et
3196 2495 3470 2555 p0testate

1881 2583 2088 2653 privet.
2137 2581 2322 2650 Itaque
2373 2581 2680 2636 necessaria
2741 2579 2884 2634 inter
2935 2589 3192 2648 tttrosque
3256 2588 3472 2632 constat

1884 2673 2168 2729 inimicitia
2201 2687 2367 2728 :cum
2411 2672 2706 2727 alterorum
2747 2672 2894 2725 salus
2938 2686 3004 2726 ac
3041 2681 3280 2739 potestas
3320 2670 3372 2723 iu
3405 2681 3470 2724 e'o

1885 2765 2166 2830 consistat,
2196 2773 2259 2817 ut
2302 2762 2458 2818 alteri
2497 2762 2720 2817 omnino
2768 2778 2875 2815 non
2911 2762 3039 2816 sint.
3067 2761 3176 2814 (Zur
3208 2775 3334 2829 ergo
3365 2760 3470 2814 sibi

1885 2855 2118 2910 invicem
2144 2853 2523 2909 contradicunt
2551 2853 2834 2908 oratores?
2858 2867 3167 2922 quanquam
3196 2852 3339 2904 enim
3370 2852 3474 2905 hoc

1887 2961 1918 2999 a
1945 2945 2172 3000 Platone
2205 2945 2410 2999 dictum
2454 2957 2558 2997 non
2589 2953 2693 3008 est,
2740 2951 2917 2996 tamen
2950 2954 3008 2996 ut
3053 2943 3288 3008 undique
3323 2941 3471 2994 deci-

1887 3036 2049 3090 datur
2071 3033 2466 3098 controversia,
2493 3048 2592 3088 nec
2613 3035 2716 3088 hoc
2746 3049 2850 3087 non
2875 3033 3180 3086 discussum
3207 3032 3475 3100 relinque-

184 3120 413 3190 ἔχουσιν
432 3137 448 3152 ο
491 3121 524 3190 ἡ
555 3120 664 3187 γὰρ
692 3119 799 3172 τῶν
832 3122 1037 3191 ἑτέρων
1064 3124 1308 3192 σωτηρία
1333 3123 1427 3176 καὶ
1455 3123 1682 3194 δύναμις
1712 3127 1786 3195 μὴ

1893 3139 2035 3191 mus,
2072 3139 2193 3179 cum
2225 3124 2528 3193 praesertim
2577 3123 2649 3178 sit
2691 3123 2951 3186 Omnium,
3003 3120 3202 3192 418a
3230 3136 3348 3189 quae
3386 3121 3476 3173 ille

182 3209 332 3266 εἶναι
385 3213 522 3275 τοὺς
567 3213 788 3282 ἑτέρους
820 3214 938 3266 ἐστὶ
970 3213 1068 3284 τὴν
1097 3215 1293 3283 ἀρχήν.
1330 3214 1451 3276 Πῶς
1468 3215 1512 3247 ⁸⁸
1543 3211 1635 3268 οὖν
1660 3217 1790 3268 τάν-

179 3305 353 3357 αντία
377 3344 395 3368 ,
448 3304 646 3373 φησὶν,
698 3304 945 3374 ἀλλήλοις
978 3307 1027 3357 οἱ
1063 3308 1290 3375 ῥήτορες
1319 3307 1598 3374 λέγουσιν;
1635 3304 1792 3360 Ἐστι

181 3395 294 3464 μὲν
345 3395 547 3448 οὐκέτι
564 3396 612 3427 ⁵³
657 3395 803 3448 τοῦτ’
851 3397 908 3448 ὲν
963 3397 1272 3466 εἰρημένοις
1317 3397 1423 3449 ὑπὸ
1473 3395 1788 3459 Πλάτωνοςο

177 3487 341 3554 ὅμως
380 3487 446 3538 δὲ
487 3486 627 3557 ὑπὲρ
670 3486 765 3539 τοῦ
817 3490 1093 3558 πανταχῆ.
1120 3487 1450 3558 διακαθᾶραι
1496 3489 1588 3542 τὸν
1633 3489 1792 3557 λόγον

179 3577 332 3647 μηδὲ
348 3576 404 3608 ⁸⁸
437 3575 588 3629 τοῦθ’
615 3578 747 3646 ἡμῖν
769 3577 1120 3642 ἀνεξέταστον
1148 3576 1410 3644 ἀφείσθω.
1447 3577 1556 3630 Καὶ
1589 3576 1733 3630 τοῦτ’
1747 3577 1792 3610 ⁸⁸

175 3669 280 3721 οῦν
320 3668 693 3738 ἰσχυρότατον
714 3668 930 3722 πάντων
959 3667 1019 3720 δν
1050 3668 1234 3738 σχεδον
1256 3669 1302 3699 ⁵⁸
1329 3669 1403 3731 ὡς
1434 3672 1492 3720 ὲν
1519 3669 1791 3737 ψεύδεσιν,

176 3751 260 3810 ὧν
318 3759 547 3820 ἐκεῖνος
598 3759 818 3827 εῖρηκεν
838 3758 907 3820 ⁵⁷,
942 3759 1024 3812 ὃτι
1069 3754 1223 3827 οἶμαι
1239 3759 1286 3789 ⁵⁸
1311 3759 1403 3810 καὶ
1450 3760 1581 3828 ἡμῖν
1610 3760 1795 3821 αὐτοῖς

172 3850 546 3920 ἀπαντῶμεν
597 3847 722 3922 [680
749 3849 844 3920 Η.]
873 3851 931 3901 ὲν
961 3848 1040 3919 τῷ
1068 3849 1230 3918 λόγῳ,
1262 3848 1393 3912 αὐτὸ
1437 3848 1594 3902 τοῦτο
1637 3850 1793 3917 κάγὼ

171 3943 282 3995 νῦν
337 3939 870 4010 πεποίηκα⁸’.Ἀλλ’
903 3940 1056 3992 οὐδὲν
1107 3939 1306 4010 μᾶλλον
1349 3941 1377 3993 ὅ
1421 3957 1486 4008 γε
1523 3939 1582 4007 ἐξ
1620 3941 1794 4010 ἀρχῆς

166 4034 348 4102 λόγος
375 4032 782 4104 διαφθείρεται,
816 4031 936 4084 ἐπεὶ
968 4031 1062 4083 καὶ
1108 4031 1158 4083 οἱ
1203 4031 1513 4100 φιλοσοφεῖν
1541 4031 1682 4085 οὕτω
1707 4033 1794 4084 λε-

167 4127 426 4195 γόμενοι
457 4124 520 4176 οὐ
555 4127 668 4188 τοῖς
697 4125 883 4182 αὐτοῖς
914 4123 1092 4191 λόγοις
1123 4122 1360 4186 ἅπαντες
1385 4124 1448 4194 δή
1479 4141 1582 4176 που
1619 4125 1792 4195 χρῶν-

162 4235 294 4280 ται,
327 4214 491 4268 ἀλλὰ
517 4215 626 4267 ’καὶ
663 4217 777 4276 τοῖς
809 4215 1220 4276 ἐναντιωτάτοις
1236 4215 1282 4245 ⁵ο
1333 4214 1612 4284 ἀλλήλοις·
1665 4215 1792 4267 ἀλλ’

164 4309 343 4360 οὐδὲν
395 4306 606 4361 κωλύει
648 4307 787 4360 κατὰ
829 4306 955 4369 τοὺς
999 4307 1361 4375 τυγχάνοντας
1395 4309 1494 4376 τῆς
1536 4305 1792 4376 ἀληθείας

160 4399 534 4468 φιλοσοφίαν
561 4393 700 4451 εἶναι
729 4397 912 4451 καλόν.
935 4397 1008 4449 Οὐ
1029 4396 1094 4466 δή
1123 4411 1226 4448 που
1248 4395 1470 4449 διπλοῦν
1499 4397 1646 4449 ἐστιν
1671 4397 1794 4450 οὐδ’

1894 3215 2138 3285 protulit,
2174 3224 2234 3269 ut
2264 3215 2320 3269 in
2356 3212 2650 3269 mendaciis
2683 3214 3074 3268 ﬁrmissimum.
3109 3213 3314 3281 Nempe
3345 3215 3470 3281 quia

1897 3307 2050 3360 nobis
2073 3306 2172 3376 ipsi
2201 3321 2415 3376 quoque
2447 3306 2501 3359 in
2530 3320 2782 3360 sermone
2810 3304 3254 3366 contradicimus,
3287 3311 3344 3356 ut
3373 3318 3472 3372 ego

1887 3397 1998 3466 jam
2030 3413 2174 3452 nunc
2208 3398 2330 3452 feel.
2367 3396 2552 3465 Neque
2599 3405 2779 3449 tamen
2828 3395 2947 3449 ideo
2979 3394 3157 3463 priora
3205 3409 3310 3447 non
3359 3409 3474 3446 uta-

1896 3503 2045 3547 nent.
2079 3492 2210 3546 Nam
2238 3502 2293 3546 et
2319 3491 2409 3561 qui
2439 3490 2804 3560 philosophari
2836 3489 3111 3551 dicuntur,
3147 3503 3250 3541 non
3281 3488 3470 3539 iisdem

1895 3598 2083 3638 omnes
2124 3580 2366 3652 profecto
2394 3589 2616 3633 utuntur
2655 3579 2976 3642 rationibus,
3021 3591 3204 3630 verum
3241 3577 3474 3629 maxime

1895 3675 2205 3730 contrariis.
2234 3673 2375 3727 Nihil
2411 3680 2591 3726 tamen
2614 3678 2784 3732 vetat,
2816 3668 3104 3738 quominus
3133 3667 3471 3736 philosophia

1896 3766 2191 3823 secundum
2231 3779 2324 3819 eos
2359 3764 2449 3832 qui
2495 3761 2775 3816 veritatem
2803 3769 3183 3827 assequuntur,
3212 3753 3470 3825 pra-clara

1896 3856 1966 3910 sit
1994 3869 2102 3918 res,
2138 3870 2238 3908 nec
2273 3853 2494 3921 duplex,
2528 3865 2703 3920 neque
2733 3850 2833 3903 sibi
2877 3850 2977 3917 ipsi
3007 3850 3302 3903 contraria.
3332 3848 3471 3914 Quid

1896 3963 2025 4018 ergo
2051 3946 2324 4000 dicemus?
2347 3946 2427 3997 An
2464 3953 2722 4012 utrosque
2747 3941 3112 4012 philosophari
3143 3955 3263 3995 cum
3289 3942 3474 3994 dicunt

1900 4039 2188 4104 contraria,
2230 4050 2320 4092 aut
2354 4037 2744 4106 philosophiam
2795 4035 2888 4096 ita,
2919 4041 2977 4087 ut
3020 4033 3152 4091 dixi.
3185 4047 3304 4085 esse
3337 4047 3475 4098 [ιι-εει

1900 4131 2139 4186 claram)?
2165 4130 2302 4194 Quin
2345 4129 2505 4182 etiam
2547 4126 2936 4196 gubernatores
2966 4122 3150 4176 videas
3182 4131 3370 4175 contra
3415 4135 3474 4173 se

1899 4219 2128 4274 invicem
2159 4234 2226 4272 ex
2271 4217 2497 4270 navibus
2539 4217 2837 4278 decertare,
2880 4227 3003 4267 cum
3050 4222 3226 4264 tamen
3259 4225 3349 4262 ars
3375 4226 3474 4278 gu-

1897 4308 2160 4364 bernandi
2205 4322 2394 4361 navem
2441 4314 2640 4360 servet.
2676 4304 2936 4358 Similiter
2981 4312 3035 4356 et
3063 4312 3311 4356 oratores
3351 4315 3473 4353 cum

1897 4398 1999 4451 sibi
2045 4397 2275 4450 invicem
2319 4394 2716 4455 contradicunt,
2765 4401 2824 4445 ut
2867 4391 3062 4458 aliquis
3104 4389 3323 4452 dixerit,
3371 4403 3474 4440 non

161 4492 456 4544 ἐναντίον
489 4489 620 4542 αὐτὸ
635 4490 679 4521 ⁶¹
706 4487 904 4559 ἑαυτῷ.
933 4488 1056 4551 Πῶς
1087 4483 1200 4551 οὗν,
1236 4488 1302 4541 ἂν
1330 4490 1465 4557 φαίη
1493 4506 1580 4552 τις
1601 4530 1616 4555 ,
1644 4489 1676 4559 ἢ
1709 4506 1788 4557 φι-

1905 4489 2107 4542 tollitur
2134 4487 2380 4541 ultimum
2430 4485 2711 4539 rhetoricae
2753 4482 3189 4543 fundamentum,
3226 4479 3317 4533 sed
3350 4479 3476 4546 quid

157 4582 462 4649 λοσοφεῖν
487 4580 828 4650 ἀμφοτέρους
874 4580 1118 4649 φήσομεν
1145 4580 1407 4632 τάναντία
1448 4579 1726 4648 λέγοντας,
1759 4579 1792 4650 ἦ

154 4674 228 4724 τὸ
287 4671 632 4740 φιλοσοφεῖν
661 4669 800 4722 εἶναι
852 4669 1050 4732 καλόν;
1093 4668 1264 4731 οὕτως
1279 4670 1324 4701 ⁸³
1353 4670 1429 4732 ὼς
1467 4671 1795 4740 ἐφην.¹Ἱδοις

149 4764 207 4816 δ’
244 4763 330 4817 ἂν
363 4762 477 4814 καὶ
501 4762 840 4831 κυϐερνήτας
865 4759 1083 4812 ἐναντία
1107 4761 1356 4829 ἀλλήλοις
1376 4761 1421 4792 ⁸³
1450 4762 1796 4831 ναυμαχοῦν-

151 4872 273 4916 στας
304 4871 322 4884 ’
369 4852 505 4906 ἀλλ’
537 4854 686 4923 ὅμως
709 4852 810 4922 τῆς
841 4851 1242 4921 κυϐερνητικῆς
1292 4854 1408 4905 ἐστι
1456 4851 1652 4915 σώζειν
1698 4852 1797 4920 τὴν

1900 4577 2096 4633 rationi
2135 4579 2206 4632 sit
2244 4586 2667 4630 consentaneum
2707 4579 2954 4640 spectare
2992 4571 3270 4624 debemus.
3293 4567 3477 4635 cujus-

1898 4684 2004 4739 que
2054 4669 2130 4721 rei
2177 4681 2340 4721 causa
2389 4665 2462 4720 sit
2501 4664 2718 4718 inventa
2764 4662 3077 4716 meminisse
3105 4661 3346 4730 (iuventa
3393 4668 3479 4712 est

1901 4769 2079 4816 autem
2131 4774 2220 4812 ars
2249 4758 2460 4812 dicendi
2495 4770 2525 4810 a
2558 4755 2770 4826 iustis).
2800 4754 3165 4821 Quamobrem
3197 4755 3263 4808 de
3297 4755 3479 4806 rheto-

1899 4853 2013 4906 rica
2043 4851 2161 4904 haec
2188 4850 2258 4904 sit
2285 4848 2479 4902 oratio.

148 4955 343 5008 ναῦν,
390 4951 564 5005 Οὕτω
592 4951 770 5004 τοίνυν
800 4951 894 5004 καὶ
920 4951 1048 5002 ὅταν
1085 4950 1134 5001 οἱ
1166 4951 1393 5020 ῥήτορες
1421 4950 1670 5018 ἀλλήλοις
1698 4948 1937 5013 ἐναντία,
2000 4947 2075 5011 ὡς
2109 4947 2174 5000 ἄν
2242 4963 2328 5007 τις
2398 4943 2560 5014 φαίη,
2615 4942 2868 5012 λέγωσιν,
2909 4943 2971 4996 οὐ
3019 4942 3292 4996 κωλύεται
3324 4945 3382 4995 τὸ
3422 4951 3481 5012 ἐξ

147 5046 375 5116 ἀρχῆς
425 5042 727 5110 κεφάλαιον
767 5044 867 5112 τῆς
900 5039 1213 5111 ῥητορικῆς,
1242 5039 1376 5092 ἀλλὰ
1403 5039 1464 5092 τὸ
1495 5040 1789 5110 συμϐαῖνον
1827 5039 1906 5108 τῷ
1934 5038 2079 5108 λόγῳ
2105 5037 2210 5107 χρὴ
2246 5037 2494 5099 σκοπεῖν,
2563 5036 2946 5106 μεμνημένους
2988 5027 3064 5089 ὧν
3108 5035 3271 5088 ἓνεκα
3332 5038 3487 5107 εὑρέ-

145 5140 256 5211 θη.
449 5137 576 5206 ρέθη
604 5135 661 5189 δὲ
687 5135 747 5188 τὸ
770 5133 951 5201 λέγειν
980 5132 1120 5202 ὑπὲρ
1149 5131 1257 5184 τῶν
1283 5130 1557 5203 δικαιων.]
1593 5132 1651 5184 '0
1690 5131 1789 5202 μὲν
1826 5124 1920 5182 οὖν
1939 5129 1986 5160 ⁸⁸
2011 5127 2150 5200 ὑπὲρ
2190 5127 2490 5197 ῥητορικῆς
2515 5126 2673 5193 λόγος
2703 5120 2877 5189 οὗτος.

1486 5264 1722 5320 VARIAS
1767 5265 2062 5319 LEC'l‘lON
2074 5264 2177 5318 ES.

231 5373 292 5405 ³ο
333 5365 520 5438 γὰρ]
546 5365 589 5418 δ’
628 5366 717 5438 Α.-
752 5362 806 5438 _’_‘
850 5363 958 5438 ⁸μὲν
985 5363 1108 5438 add.
1158 5360 1260 5438 Α..-
1321 5361 1367 5438 ξ’
1410 5361 1458 5414 οἱ
1491 5359 1535 5412 δ’
1568 5356 1633 5438 αὖ
1667 5358 2126 5438 τύρηὲπκτοσῇ
2172 5358 2350 5412 καίτοι
2393 5355 2654 5438 ’τοσοῦτον
2689 5354 2985 5438 ἀπέχουσιν
3018 5355 3078 5438 ὀἱ
3123 5354 3376 5438 τύραννοι

138 5447 198 5478 ³³
241 5422 421 5495 ibo-'0’
444 5422 456 5436 ’
478 5422 531 5466 ³⁸
561 5422 903 5504 παρελήλυθε
931 5447 1044 5504 om.
1078 5432 1140 5485 A.
1217 5429 1261 5504 ’ἦ
1279 5429 1388 5504 γὰρ
1405 5446 1522 5504 om.
1557 5432 1621 5504 A_.
1689 5422 1788 5504 ‘f'o

1888 5428 2445 5504 :800}e:35_tv_oin._A.
2489 5499 2497 5504 Δ
2512 5424 2561 5504 ξ’
2599 5425 2696 5504 μὲν
2724 5422 2835 5477 om.
2867 5428 2932 5477 A.
2983 5422 3294 5504 _0.t’):cﬁ;]'
3317 5427 3488 5504 αὐτὴν

129 5491 295 5570 οῡδῖ
317 5491 490 5576 ἐμοῦ
518 5504 581 5576 lt.
646 5491 702 5535 ἐν
732 5491 947 5576 τεάντως
964 5502 1066 5576 san
1086 5516 1204 5576 om.
1231 5491 1303 5554 Αἱ
1327 5491 1422 5576 ,ξω
1454 5500 1780 5576 τ-οσοετον]ιυ

1888 5501 1971 5576 27,
2034 5500 2077 5530 δι
2113 5496 2242 5576 γὰρ]
2273 5495 2410 5576 δ’γᾼ.
2442 5565 2456 5576 _
2487 5498 2532 5526 “
2557 5491 2853 5576 φανήσεται
2877 5504 2952 5559 (p.
2979 5491 3101 5576 12.8)
3161 5491 3461 5576 ganea-:3;

129 5512 281 5570 οὐδ’
317 5505 490 5576 ὁμοῦ
518 5505 581 5559 Α.
658 5505 702 5535 ³’
732 5508 947 5565 πάντως
967 5505 1066 5573 ἤδη
1092 5516 1204 5556 om.
1231 5505 1298 5554 A.
1377 5505 1422 5532 ⁸⁰
1454 5505 1726 5566 τοσοῦτον]
1751 5518 1800 5562 p.
1844 5505 1965 5555 1'27.
2034 5505 2077 5530 “
2113 5505 2242 5569 γὰρ]
2273 5505 2316 5550 δ’
2343 5505 2410 5550 Α.
2487 5505 2532 5526 ⁸⁸
2557 5505 2853 5562 φανήσεται
2877 5505 2952 5559 (p.
2979 5505 3101 5558 ηδ)
3161 5505 3208 5524 "
3233 5505 3461 5559 σωςεται

89 5591 106 5604 '
133 5583 470 5642 calva/cry
501 5575 544 5628 δ’
560 5575 692 5627 ὅπου
729 5574 992 5642 ῥητορικὴ
1033 5571 1264 5642 σώζεται
1289 5569 1539 5642 οὐδαμῶς
1709 5572 1757 5642 ‘f
1786 5569 2141 5642 ἐγγενόμενος
2174 5569 2238 5621 Α.
2392 5565 2601 5642 μέχρις.
2663 5562 2869 5642 ’δξ-λόγξρ
2883 5579 2998 5642 pm.
3021 5562 3119 5642 ᾼέλ
3162 5561 3300 5642 ⁵⁷-ᾳῦ
3322 5505 3492 5642 .5191}

130 5631 342 5708 ἐξ
363 5641 480 5723 Αοῖς
603 5642 696 5723 ..⁸³
729 5631 899 5723 ῦπωέ]
931 5631 1072 5723 (It-crte
1102 5631 1183 5723 Ᾱί.
1249 5639 1378 5723 ⁸⁹ιτό
1407 5631 1500 5723 τε..
1521 5631 1532 5634 ’
1567 5640 1614 5673 ⁸⁸
1641 5631 1940 5723 πράγματα
1968 5631 2076 5694 ὀιιι.
2259 5638 2303 5670 ⁵³
2335 5637 2368 5706 ἦ
2395 5631 2610 5723 Loth—Lf.
2634 5701 2656 5723 ν
2685 5633 2731 5665 ⁸³
2764 5631 2985 5723 mild}.
3021 5631 3155 5723 129.!
3213 5631 3485 5723 nausia:

127 5701 211 5759 ἷῖ
245 5701 759 5792 ελὴδὲέιιιύὶᾱίηθι
804 5701 1064 5792 Aristide.
1140 5710 1184 5742 ⁸⁸
1221 5711 1327 5792 ’καὶ
1357 5709 1500 5792 τρῦτζ
1527 5725 1644 5792 om:

1891 5709 1950 5792 δν
2005 5709 2190 5792 σχεδον
2230 5701 2446 5792 omg'A‘.
2490 5704 2570 5792 fl,
2602 5701 3161 5792 Efpn'28ﬂ‘éfpfnt3V'6
3184 5703 3398 5792 πλάτων
3421 5708 3486 5792 ι).

131 5797 196 5828 as
375 5769 578 5850 ίοῑμαι.
654 5783 700 5816 ⁸⁹
732 5781 1008 5850 πεποίηκα
1058 5797 1167 5833 om.
1209 5785 1286 5850 ΑΣ
1389 5780 1432 5811 ⁶⁰
1466 5778 1730 5844 ἐναντίοις
1757 5781 1822 5833 Α.
1896 5781 1937 5812 ⁵³
1971 5769 2102 5834 αὑτὴ
2148 5775 2348 5848 ἑαυτῷ]
2376 5773 2525 5845 αὐτῷ
2555 5769 2824 5842 ἐπ”αύτῷ
2851 5769 2945 5828 Α(
2991 5773 3034 5802 ⁸⁸
3063 5769 3234 5836 οὕτως
3262 5774 3385 5828 add.
3420 5778 3486 5825 Α.

136 5865 196 5896 ω
235 5844 546 5925 suam;
577 5851 794 5906 ἐναντία
829 5853 891 5905 Α.
923 5844 934 5850 ’
972 5849 1017 5882 οι
1046 5853 1073 5902 ὁ
1103 5850 1201 5919 μὲν
1227 5844 1339 5904 οὖν.

593 5945 861 6006 Ριιτιιοιι.
896 5943 1010 6002 Gn.
1061 5942 1217 6003 Clll.
3020 5933 3099 5998 [ιθ
