3960 6414
513 355 649 419 1515

510 532 782 590 rhetorica
807 544 860 587 et
888 532 1241 603 rhetoribus.]

508 627 594 681 Ea;
645 627 895 681 Aristidis
925 635 1108 679 contra
1138 624 1414 678 Platonem
1448 640 1542 694 pro
1572 625 1831 677 rhetorica
1875 622 2008 695 (8i).
2035 654 2105 662 —

849 696 1167 749 Praemium
1198 697 1441 748 secunda:
1461 695 1733 748 orationis.

577 786 845 852 Quoniam
892 799 1043 839 vero.
1076 782 1369 837 Miltiadem
1422 797 1638 851 quicque
1697 796 1762 836 ac
1792 780 2103 835 Themisto-

513 878 673 942 clem,
715 887 770 932 et
796 876 1077 932 Cimonem
1115 884 1277 943 atque
1315 873 1581 929 Periclem
1607 874 1806 942 attigit,
1840 887 1939 927 nec
2010 886 2104 927 eos

506 971 750 1024 omnium
774 969 986 1036 'optimc
1006 968 1391 1037 rempublicam
1444 966 1519 1021 ait
1549 966 1982 1029 administrasse,
2018 968 2101 1017 ni-

506 1059 582 1113 hil
642 1058 877 1113 fortasse
909 1072 1052 1109 nunc
1088 1057 1153 1110 de
1179 1056 1245 1110 iis
1277 1070 1412 1125 Opus
1440 1053 1897 1109 estcontendere.
1962 1052 2099 1105 Nam

505 1151 561 1203 hi
586 1148 827 1216 quidem,
862 1149 906 1201 si
929 1162 1055 1201 vere
1088 1162 1181 1200 eos
1230 1147 1510 1200 accusavit
1542 1144 1717 1211 Plato,
1753 1148 1947 1200 merito
1975 1143 2100 1197 mali

505 1249 849 1303 censeantur,
919 1252 1021 1291 nec
1060 1250 1235 1291 tamen
1270 1237 1571 1302 rhetorica,
1606 1237 1815 1291 etiamsi
1878 1235 2099 1306 pessimi

510 1332 733 1394 fuerint,
773 1332 823 1383 in
857 1344 1127 1398 quoquam
1180 1330 1466 1383 refutatur.
1509 1327 1692 1397 Itaque
1716 1328 1966 1396 quamvis
1997 1327 2101 1381 hoc

506 1422 889 1489 concedamus,
949 1421 1080 1475 nihil
1139 1432 1316 1474 tamen
1374 1419 1589 1489 injuriae
1640 1420 1733 1473 fiet
1788 1419 2095 1473 rhetoricae.

511 1512 895 1567 Verumtamen
951 1512 996 1565 si
1049 1512 1116 1566 de
1155 1511 1238 1565 his
1292 1525 1505 1580 quoque
1542 1526 1644 1563 non
1686 1509 1819 1564 satis
1868 1506 2098 1561 candide

514 1605 729 1659 loeutus
774 1602 940 1657 fuisse
995 1603 1374 1667 convincatur,
1437 1600 1660 1656 omnino
1725 1602 2098 1655 contentiosus

508 1712 630 1751 esse
651 1695 1473 1766 deprehendetur.Quamobrem
1499 1696 1564 1749 de
1584 1696 1666 1748 his
1687 1709 1902 1764 quoque
1918 1693 2098 1748 dicere

500 1791 570 1844 sit
591 1803 768 1859 operm
790 1787 1041 1856 pretium.

562 1966 884 2035 Exemplum
940 1966 1037 2034 ipsi
1079 1965 1202 2020 aliis
1267 1967 1545 2034 patientia:
1614 1964 1666 2017 in
1710 1961 1966 2031 periculis
2036 1971 2088 2014 et

500 2059 917 2113 necessitatibus
983 2056 1307 2111 exhibendae
1372 2064 1587 2110 nosmet
1632 2053 1946 2122 prmbendo,
1992 2067 2089 2106 no-

496 2161 797 2218 stramque,
828 2149 874 2204 si
905 2149 1087 2203 dicere
1106 2147 1397 2217 permittis,
1427 2148 1678 2201 virtutem
1703 2146 2087 2199 demonstran-

498 2244 564 2297 do
592 2240 812 2295 fuimus.
846 2240 955 2294 Cur
980 2255 1112 2307 ergo
1139 2239 1296 2295 nobis
1330 2238 1691 2292 adulatiOnem
1728 2245 1783 2290 et
1838 2235 2088 2289 ministe-

497 2335 636 2385 rium
669 2331 896 2399 objicis?
923 2331 1032 2385 Cur
1062 2345 1183 2384 cum
1216 2344 1331 2393 eos,
1374 2330 1463 2398 qui
1500 2328 1753 2399 privatim
1784 2328 2089 2382 nutricatus

495 2420 716 2485 prmmia
769 2433 878 2472 non
932 2417 1226 2482 solverent,
1264 2418 1539 2485 improbos
1598 2415 2085 2485 sisjudicaturus,

496 2513 612 2580 ipse
644 2524 747 2565 non
776 2525 1025 2579 magnam
1052 2510 1207 2565 nobis
1227 2509 1533 2564 communis
1560 2508 1872 2563 Graecorum
1901 2508 2089 2564 salutis

493 2618 559 2657 ac
592 2602 908 2657 nutrimenti
944 2640 959 2666 ,
984 2602 1124 2671 quod
1153 2616 1316 2671 Opera
1349 2609 1530 2655 nostra
1564 2601 1758 2671 partim
1780 2608 1856 2664 tu,
1890 2600 2088 2668 partim

494 2695 582 2749 alii
614 2696 667 2750 in
707 2694 958 2749 libertate
988 2695 1123 2749 estis
1164 2694 1462 2758 consecuti,
1505 2693 1737 2763 gratiam
1764 2692 1964 2764 4181)
2005 2707 2090 2748 re-

492 2786 730 2854 pendis?
757 2785 880 2841 Hsec
933 2786 978 2841 si
1011 2786 1260 2840 dicerent
1290 2784 1365 2838 illi
1396 2799 1664 2853 quosnam
1714 2785 1966 2840 evolvens
2000 2801 2089 2841 sa-

495 2877 713 2947 pientiae
744 2877 1107 2947 labyrinthus,
1152 2886 1247 2931 aut
1294 2876 1423 2944 quid
1477 2876 1700 2932 omnino
1754 2877 1963 2943 dicens,
2000 2892 2085 2932 re-

495 2969 763 3039 spondere
800 2970 1033 3038 posset?
1074 2967 1327 3034 Quinimo
1361 2968 1521 3022 citius
1573 2966 1641 3022 ad
1695 2969 1810 3023 hzec
1857 2968 2033 3037 quivis
2070 3007 2087 3033 ,

495 3076 657 3131 quam
685 3060 859 3124 Plato,
923 3060 1300 3128 responderet.
1332 3058 1470 3124 Quid
1507 3059 1623 3111 ita?
1652 3057 1919 3125 Quoniam
1945 3060 1996 3113 in
2025 3060 2089 3114 iis

1674 349 1938 411 ΡΗΟΤΠ
1976 348 2483 411 PATRIARCHJE
2506 351 2617 412 CP.

587 461 796 537 {Prima
832 479 946 537 haec
968 464 1141 537 oratio
1166 462 1338 537 solum
1373 462 1438 516 de
1469 459 1768 523 rhetorica,
1807 470 2005 514 caetera
2039 459 2107 513 de
2132 462 2186 520 Α

3653 354 3783 418 1516

2245 531 2257 544 σ
2280 457 2391 546 ['0‘
2412 461 2519 546 ista
2541 460 2589 513 α’
2610 459 2775 546 λόγος
2816 460 2959 542 ύπὲρ
2990 463 3287 546 ῥητορικῆς
3313 436 3479 546 ’μόνον
3498 461 3611 546 ip):
3640 462 3786 531 οὗτος

2208 528 2567 600 δὲ’καὶύπὲρ
2595 532 2893 601 ῥητορικῆς
2920 528 3016 585 καὶ
3046 528 3185 601 ύπὲρ
3216 528 3466 603 ρητόρων
3496 528 3591 607 ⁶⁶.]

2221 619 2323 674 Ἐκ
2351 620 2471 699 ζῶν
2503 622 2869 699 Ἀριστείδου
2887 624 3037 689 πρὸς
3066 625 3357 699 [lituram-ct
3385 626 3536 692 ὑπὲρ
3549 628 3785 699 ῥητορι-

2314 692 2450 757 κῆς.
2482 720 2554 729 —
2590 692 2661 745 Τὸ
2687 692 3010 761 Προοίμιον
3036 695 3142 747 τοῦ
3170 694 3453 764 δευτέρου

2277 779 2434 831 Ἐπεὶ
2476 779 2533 832 δὲ
2583 782 2675 833 καὶ
2726 780 3019 835 Μιλτιάδου
3063 784 3155 836 καὶ
3201 783 3629 853 Θεμιστοκλέους
3659 788 3785 840 καθ-

2206 867 2381 937 ήψατο
2411 867 2508 921 καὶ
2542 868 2798 938 Κίμωνος
2828 870 2921 922 καὶ
2953 870 3301 939 Περικλέους,
3328 873 3387 924 ού
3416 872 3553 942 πρὸς
3578 872 3639 926 τὸ
3670 872 3787 941 βέλ-

2204 974 2387 1012 τιστον
2418 958 2642 1029 φάσκων
2673 961 2977 1031 προστῆναι
3007 963 3104 1031 τῆς
3134 962 3361 1026 πόλεως,
3390 964 3504 1018 ἐστι
3555 965 3657 1033 μὲν
3698 961 3786 1018 οὖν

2207 1046 2336 1111 ι’σως
2370 1048 2526 1101 οὐδὲν
2549 1053 2874 1118 κατεπεῖγον
2902 1053 3031 1122 περὶ
3056 1051 3261 1106 τούτων
3292 1054 3386 1107 νῦν
3411 1054 3781 1125 διαφέρεσθαι.

2204 1134 2366 1193 Οὗτοι
2393 1141 2491 1209 μὲν
2517 1142 2647 1211 γὰρ,
2675 1144 2724 1194 εί
2749 1142 2930 1195 δίκαια
2959 1145 3183 1198 Πλάτων
3208 1145 3389 1199 αὐτῶν
3414 1147 3780 1216 κατηγόρηκε,

2202 1229 2428 1293 δικαίως
2459 1231 2525 1285 ἂν
2556 1232 2748 1300 φαῦλοι
2774 1233 3081 1303 νομίζοιντο
3098 1236 3143 1267 ⁸⁸
3166 1251 3179 1265 ⁸
3218 1236 3481 1307 ῥητορικὴ
3508 1237 3585 1299 δὲ,
3618 1238 3668 1289 εί
3696 1237 3783 1289 καὶ

2202 1322 2421 1376 πάντων
2440 1324 2482 1355 ⁸⁷
2546 1325 2983 1396 μοχθηροτάτους
3039 1327 3260 1390 τούτους
3321 1329 3578 1398 Θείημεν,
3637 1330 3782 1381 οὐδὲν

2205 1414 2406 1483 μᾶλλον
2461 1413 2762 1485 ἐλέγχεται.
2797 1417 3231 1487 Συγχωρούντων
3287 1417 3387 1486 μὲν
3439 1416 3531 1470 οὖν
3588 1418 3778 1485 ἡμῶν·

2203 1504 2365 1578 [1260
2397 1506 2491 1578 lt]
2521 1508 2549 1560 ὅ
2582 1524 2646 1575 γε
2677 1507 2818 1578 ὑπὲρ
2850 1509 3145 1579 ῥητορικῆς
3188 1510 3289 1562 οὐκ
3331 1510 3575 1563 ἀπόλωλε
3606 1511 3780 1579 λόγος.

2201 1594 2264 1647 Ei
2292 1594 2350 1646 δὲ
2387 1594 2451 1665 δὴ
2499 1596 2593 1648 καὶ
2643 1596 2774 1666 περὶ
2807 1596 3009 1650 τούτων
3040 1598 3318 1667 ἐλέγχοιτο
3344 1599 3407 1651 ού
3439 1600 3781 1654 παντάπασιν

2200 1683 2558 1754 εὐγνωμόνως
2604 1684 2681 1756 τῷ
2720 1685 2864 1755 λόγῳ
2899 1688 3258 1756 κεχρημένος,
3292 1692 3537 1760 πανταχῆ
3568 1689 3782 1761 δειχθή-

2123 1817 2166 1872 B
2202 1792 2355 1829 σεται
2401 1777 2744 1843 φιλονεικῶν.
2775 1779 2936 1831 Τοῦτ’
2966 1780 3081 1833 ἐστι
3128 1778 3404 1850 προύργου
3435 1782 3495 1833 τὸ
3529 1784 3621 1835 καὶ
3652 1784 3782 1853 περὶ

2191 1868 2400 1922 τούτων
2439 1870 2635 1924 εἰπεῖν.

2267 1958 2432 2012 Αὐτοὶ
2452 1959 2497 1991 εδ
2537 1960 2886 2031 παράδειγμα
2913 1962 3027 2026 τοῖς
3052 1961 3233 2026 ἄλλοις
3254 1963 3525 2032 γινόμενοι
3546 1964 3643 2016 τοῦ
3666 1964 3782 2027 πῶς

2190 2048 2271 2102 δεῖ
2308 2054 2620 2122 καρτερεῖν,
2644 2055 2701 2107 ἐν
2728 2054 2911 2116 αὐτοῖς
2930 2056 3041 2117 τοῖς
3070 2053 3261 2118 δεινοῖς
3301 2056 3394 2108 καὶ
3427 2056 3544 2118 ταῖς
3571 2056 3781 2123 ἀκμαῖς

2191 2142 2300 2196 τῶν
2334 2142 2600 2199 κινδύνων
2629 2144 2728 2216 τὴν
2762 2146 3041 2218 ἡμετέραν
3074 2146 3274 2212 αὐτῶν,
3298 2148 3348 2200 εί
3376 2151 3679 2218 συγχωρεῖς
3704 2150 3782 2201 εί-

2191 2235 2337 2301 πεῖν,
2371 2235 2574 2307 ἀρετὴν
2626 2236 3086 2309 ἐπιδεικνύμενοι.
3128 2239 3193 2291 Τί
3243 2238 3333 2291 οὖν
3385 2240 3517 2308 ἡμῖν
3569 2240 3779 2312 προφέ-

2195 2341 2308 2393 ρεις
2324 2325 2367 2357 ⁸⁸
2391 2324 2685 2381 κολακείαν
2706 2328 2799 2381 καὶ
2819 2328 3117 2391 διακονίαν,
3144 2328 3237 2380 καὶ
3266 2328 3390 2389 τοὺς
3419 2326 3527 2396 ἰδίᾳ
3555 2329 3783 2397 τροςςεῖα

2194 2416 2270 2487 μὴ
2298 2416 2608 2481 ἐκτίνοντας
2631 2418 2867 2489 φαύλους
2891 2419 2957 2473 ἂν
2983 2415 3122 2471 εἶναι
3149 2419 3441 2488 συμψήσας
3468 2418 3631 2479 αὐτὸς
3651 2421 3782 2487 ἡμῖν

2190 2506 2250 2559 οὐ
2298 2508 2472 2579 καλὴν
2512 2508 2671 2579 χάριν
2705 2510 2936 2573 ἐκτίνεις
2984 2512 3084 2580 τῆς
3135 2510 3317 2578 κοινῆς
3362 2510 3473 2562 τῶν
3510 2508 3782 2578 Ἐλλήνων

2193 2599 2467 2670 σωτηρίας
2491 2602 2585 2654 καὶ
2610 2602 2840 2672 τροφῆς,
2870 2602 2937 2672 ἢν
2968 2602 3031 2654 σύ
3067 2620 3125 2655 τε
3162 2604 3256 2655 καὶ
3284 2603 3331 2654 oi
3359 2602 3511 2655 ἄλλοι
3540 2602 3609 2655 δι’
3634 2604 3785 2671 ἡμᾶς

2191 2691 2248 2743 ἐν
2280 2692 2564 2763 ἐλευθερίᾳ
2592 2694 2887 2764 τέτραφθε.
2924 2695 2987 2746 Ei
3038 2693 3209 2747 ταῦτα
3248 2693 3453 2763 λέγοιεν
3482 2696 3530 2746 οἱ
3566 2694 3783 2764 ἄνδρες,

2192 2783 2379 2846 ποίους
2412 2782 2767 2853 λαϐυρίνθους
2797 2784 2987 2853 σοφίας
3017 2784 3307 2838 ἀνελίττων
3332 2785 3363 2854 ἦ
3390 2784 3442 2837 τί
3470 2784 3648 2851 λέγων
3671 2785 3785 2837 τῶν

2193 2872 2412 2926 πάντων
2458 2868 2568 2937 οἷός
2613 2892 2671 2927 τε
2717 2876 2913 2942 γένοιτ’
2942 2876 3008 2929 ἂν
3061 2877 3554 2940 ἀντειπεῖνςιηᾶσι
3603 2878 3786 2930 τοίνυν

2192 2964 2478 3035 προτέροις
2528 2966 2645 3018 ἐστὶ
2692 2966 2849 3035 λόγος
2879 2966 3017 3037 πρὸς
3052 2966 3224 3021 ταῦτα
3242 2968 3285 2999 ⁷⁰
3317 2968 3351 3037 ἢ
3382 2968 3652 3023 Πλάτωνι.
3686 2967 3788 3020 Διὰ

2191 3055 2278 3121 τίς
2308 3056 2451 3108 ὅτιτι
2485 3058 2544 3110 ἐν
2571 3057 2755 3121 αὐτοῖς
2789 3057 2998 3122 τούτοις
3042 3058 3077 3113 ἃ
3110 3059 3245 3131 πρὸς
3275 3060 3400 3123 τοὺς
3447 3059 3648 3123 Δίωνος
3696 3061 3786 3126 γέ-

494 3153 649 3223 ipsis,
682 3166 804 3222 quae
838 3152 904 3204 ad
940 3151 1128 3205 Dionis
1157 3150 1360 3204 amicos
1384 3151 1626 3219 scripsit,
1697 3162 1751 3205 et
1783 3152 1834 3205 in
1890 3152 2089 3220 quibus

2200 3164 2406 3217 γραφεν
2434 3146 2706 3218 ἑταίρους,
2739 3149 2832 3201 καὶ
2860 3151 2917 3201 ἐν
2947 3145 3029 3213 οἷς
3058 3151 3086 3202 ὁ
3112 3150 3249 3204 Δίων
3283 3151 3434 3222 αὐτῷ
3462 3151 3786 3219 τετελευτη-

444 3230 450 3235 ’
493 3256 739 3299 mortuus
771 3246 838 3298 ab
871 3245 987 3311 ipso
1014 3244 1112 3298 Dio
1161 3243 1408 3312 loquens,
1453 3252 1710 3311 tanquam
1734 3244 1887 3296 vivus
1912 3245 2083 3297 intro-

494 3338 730 3401 ducitur,
766 3337 880 3391 haec
908 3338 1275 3392 continentur.

569 3430 873 3483 Estautem
933 3430 1171 3484 omnium
1232 3429 1710 3493 absurdissimum,
1758 3430 1902 3498 quod
1958 3443 2083 3483 cum

496 3521 582 3575 his
612 3530 815 3582 utatur,
850 3520 1068 3588 quando
1097 3520 1421 3574 rhetoricam
1474 3520 1631 3574 docet
1660 3534 1780 3575 esse
1812 3519 2081 3572 adulatio-

491 3628 636 3673 nem,
684 3612 838 3680 quasi
891 3612 943 3663 hi
978 3608 1183 3665 fuerint
1210 3621 1485 3675 oratores,
1540 3626 1760 3666 rursum
1814 3625 1910 3665 eos
1968 3610 2084 3678 ipse

494 3703 816 3757 adulatione
876 3702 1096 3769 liberat,
1150 3704 1592 3773 quandoquidem
1653 3704 1756 3757 hac
1810 3718 1906 3757 eos
1955 3717 2082 3757 usos

491 3809 599 3849 non
638 3793 735 3861 ait,
794 3808 917 3848 cum
959 3795 1026 3849 de
1076 3794 1482 3849 calamitatibus
1530 3795 1775 3863 ipsorum
1820 3793 2080 3863 loquitur.

487 3886 832 3953 Quapropter
852 3894 905 3939 et
939 3884 1026 3938 hic
1060 3885 1114 3937 in
1151 3884 1412 3938 alterutro
1442 3884 1685 3938 cernitur
1712 3882 2077 3937 mendacium.

488 3976 624 4031 Nam
667 3978 712 4031 si
743 3975 982 4031 adulatio
1016 3984 1102 4030 est
1133 3976 1425 4041 rhetorica,
1497 3975 1809 4029 adulatores
1849 3974 2078 4029 omnino

390 4128 393 4129 ν
489 4065 545 4119 hi
574 4066 813 4127 fuerunt,
849 4063 1107 4133 quoniam
1136 4071 1401 4126 oratores,
1440 4073 1500 4117 ut
1550 4064 1669 4127 ait;
1725 4062 1808 4117 sin
1858 4062 1911 4116 hi
1945 4062 2079 4116 nihil

490 4157 693 4211 habent
718 4154 1069 4217 adulationis,
1119 4157 1393 4223 quomodo
1433 4166 1656 4226 propter
1704 4169 1799 4210 eos
1836 4154 2077 4210 adulatio

487 4249 700 4302 dicetur
736 4248 1032 4313 rhetorica,
1072 4257 1165 4300 aut
1215 4248 1341 4316 quid
1370 4249 1454 4303 his
1481 4257 1597 4302 erat
1623 4263 1759 4318 opus
1785 4250 2069 4317 exemplis.

486 4339 606 4394 Jam
646 4354 745 4394 nec
782 4354 888 4394 non
936 4354 1151 4409 aequum
1180 4341 1413 4403 videtur,
1446 4340 1664 4395 omissis
1694 4341 1909 4395 illorum
1941 4357 2074 4395 con-

487 4431 644 4497 siliis,
680 4429 1020 4485 calamitates
1068 4429 1122 4482 in
1176 4445 1312 4498 quas
1370 4430 1698 4493 inciderunt,
1752 4443 2071 4500 praetexere.

2188 3239 2309 3302 xc‘og
2332 3240 2616 3293 ὑπόκειται
2644 3240 2817 3307 λέγων
2847 3241 2921 3304 ὠς
2948 3241 3186 3311 ἔμπνους
3204 3282 3220 3307 ,
3251 3242 3425 3295 ἔνεστι
3455 3245 3633 3296 ταυτί.

2258 3332 2332 3383 Τὸ
2348 3331 2404 3385 δὲ
2419 3333 2461 3363 ⁷²
2493 3332 2708 3384 πάντων
2726 3333 3094 3395 ἀτοπώτατον,
3110 3334 3192 3386 ὃτι
3223 3336 3420 3404 χρῆται
3442 3334 3543 3403 μὲν
3562 3334 3776 3397 τούτοις

2188 3424 2246 3476 ἐν
2272 3424 2479 3493 ἐλέγχῳ
2510 3424 2601 3476 τοῦ
2634 3424 2922 3478 κολακείαν
2954 3420 3090 3478 εἶναι
3119 3425 3218 3495 τὴν
3247 3426 3542 3496 ῥητορικὴν
3568 3466 3583 3491 ,
3615 3427 3694 3488 ὡς
3720 3427 3783 3494 δὴ

2188 3513 2414 3577 τούτους
2444 3514 2605 3577 ὄντας
2632 3516 2893 3586 ῥήτορας,
2924 3516 3087 3569 πάλιν
3115 3516 3161 3568 δ’
3191 3517 3353 3580 αὐτὸς
3379 3518 3582 3580 αὐτοὺς
3615 3519 3780 3586 ἀφίη-

2188 3622 2271 3658 σιν
2323 3605 2427 3674 τῆς
2474 3605 3023 3670 κολακείας,οΰκουν
3059 3607 3192 3675 φησί
3246 3624 3309 3675 γε
3357 3608 3560 3672 αὐτοὺς
3606 3610 3777 3680 ταύτῃ

2184 3695 2445 3767 χρῆσθαι,
2472 3697 2528 3749 ἐν
2555 3696 2678 3768 [(381
2701 3698 2794 3771 Η.]
2821 3691 2901 3761 οἷς
2926 3699 3056 3770 περ)⁸
3080 3692 3154 3752 ὧν
3173 3699 3371 3754 ἔπαθον
3390 3701 3538 3770 λέγει
3558 3703 3628 3755 ⁷³.
3664 3703 3776 3756 Κάν

2184 3786 2395 3850 τούτοις
2428 3783 2521 3840 οὖν
2563 3789 2780 3858 ἀνάγκη
2829 3789 3032 3859 θάτερα
3063 3790 3344 3858 ἐψεῦσθαι.
3382 3790 3443 3842 Εἰ
3480 3789 3583 3859 μὲν
3604 3791 3714 3857 γὰρ
3739 3792 3772 3859 ἠ

2186 3881 2452 3951 ῥητορικὴ
2478 3880 2759 3945 κολακεία,
2779 3881 2996 3941 πάντως
3014 3882 3095 3935 δεῖ
3117 3881 3351 3945 κόλακας
3370 3881 3592 3945 τούτους
3612 3878 3773 3946 εἶναι,

2185 3973 2422 4043 ῥήτοράς
2445 3990 2506 4040 γε
2527 3972 2706 4038 ὄντας,
2722 3972 2796 4036 ὥς
2814 3991 2979 4044 φησιν
3001 3991 3015 4006 ο
3038 3975 3085 4026 εί
3108 3974 3165 4027 δὲ
3184 3974 3332 4027 οὐδὲν
3347 3968 3491 4028 οὗτοι
3514 3974 3775 4045 κολακείᾳ⁵

2184 4062 2608 4133 προσήκουσιτδ,
2632 4062 2735 4116 ποῦ
2763 4064 3026 4135 ῥητορικὴ
3059 4064 3317 4136 κολακείᾳ
3340 4066 3667 4134 προσήκειπ
3691 4064 3774 4116 διὰ.

2181 4155 2475 4225 τούτους,ἣ
2501 4156 2552 4209 τί
2575 4154 2783 4210 τούτων
2802 4156 2908 4209 ἔδει
2934 4156 3043 4209 τῶν
3070 4158 3566 4227 παραδειγμάτων;
3594 4159 3773 4229 ᾬμην

2179 4246 2237 4299 δὲ
2265 4247 2386 4299 οὐδὲ
2417 4246 2574 4300 τοῦτο
2606 4248 2715 4303 τῶν
2744 4248 2970 4301 δικαίων
3000 4246 3157 4311 εἶναι,
3180 4249 3278 4311 τὰς
3301 4249 3651 4319 προαιρέσεις
3674 4251 3774 4311 τὰς

2178 4336 2407 4391 ἐκείνων
2456 4338 2808 4403 ἐξετάζοντας
2834 4340 2881 4370 ⁷⁸
2908 4340 3007 4403 τὰς
3040 4339 3321 4410 συμφορὰς
3350 4334 3437 4403 αἷς
3465 4342 3774 4409 ἐχρήσαντο

2181 4430 2624 4498 ὑπολογίζεσθαι.
2658 4431 2733 4484 Οὐ
2777 4431 2885 4499 γὰρ
2918 4432 2967 4482 εί
3004 4430 3079 4502 μὴ
3110 4431 3248 4484 κατὰ
3279 4432 3403 4485 νοῦν
3430 4433 3768 4501 ἀπήλλαξαν,

485 4522 596 4577 Nec
636 4523 807 4589 enim,
850 4525 894 4579 si
937 4537 1024 4577 res
1054 4523 1187 4589 ipsis
1240 4536 1271 4576 e
1300 4522 1599 4592 sententia)
1625 4538 1729 4577 non
1778 4524 2064 4587 successit,

2200 4521 2376 4590 ραῦλοι
2407 4523 2714 4591 γεγόνασιν,
2746 4524 2861 4577 ἀλλ’
2884 4527 2932 4577 εί
2968 4500 3043 4595 μῆ
3069 4500 3140 4578 τὰ
3171 4525 3423 4594 βέλτιστα
3454 4500 3769 4578 ἐϐουλεύον-

487 4616 718 4686 improbi
757 4618 1105 4680 exstiterunt,
1151 4630 1339 4668 verum
1396 4615 1440 4668 si
1490 4630 1596 4669 non
1661 4615 1884 4683 optimis
1945 4624 2073 4669 sunt

489 4708 572 4761 usi
609 4707 871 4762 consiliis.
914 4706 986 4763 Ut
1024 4708 1166 4760 enim
1191 4707 1322 4761 illud
1367 4716 1451 4761 est
1489 4706 1760 4760 fortunam
1780 4720 2067 4770 accusare,

488 4799 564 4853 ita
599 4798 701 4852 hoc
726 4798 1050 4852 sententiam
1088 4798 1347 4851 refutare.

559 4885 840 4951 Quomodo
865 4901 991 4939 vero
1020 4885 1143 4938 ferri
1222 4887 1323 4938 hoc
1371 4893 1555 4955 queat,
1587 4901 1708 4939 cum
1740 4886 2072 4941 Alcibiadem

488 4977 705 5046 quidem
750 4984 797 5029 et
850 4974 1077 5029 Critiam
1112 4975 1225 5046 (85)
1277 4976 1523 5030 Socratis
1568 4977 1807 5041 sodales,
1855 4979 1947 5046 qui
2000 4988 2078 5032 tot

2179 4629 2241 4665 το
2259 4612 2300 4645 ⁷⁷
2331 4617 2445 4677 τοῖς
2475 4616 2817 4686 πράγμασιν.
2837 4616 3042 4669 Ἐκεῖνο
3073 4617 3168 4685 μὲν
3196 4617 3302 4686 γάρ
3331 4621 3446 4669 ἐστι
3474 4618 3573 4687 τῆς
3605 4619 3772 4687 τύχας

2182 4709 2530 4777 κατηγορεῖν,
2553 4707 2712 4761 τοῦτο
2732 4708 2789 4761 δὲ
2825 4708 2921 4779 τὴν
2954 4709 3178 4779 γνώμην
3206 4710 3469 4778 ἐλέγχειν.

2269 4888 2645 4961 Ἐνθυμοῦμαι
2667 4892 2712 4923 ⁷⁸
2745 4892 2801 4945 δὲ
2828 4892 3002 4962 ἔγωγε
3027 4894 3142 4956 πῶς
3166 4896 3454 4964 ἀνέχεσθαι
3485 4896 3612 4966 χρὴ,
3646 4897 3771 4950 ὃεαν

2178 4980 2525 5054 Ἀλκιϐιάδην
2548 4987 2644 5055 μέν
2661 4986 2755 5039 καὶ
2774 4988 2817 5038 Κ
2830 4988 3002 5057 ριτίαν
3022 4990 3298 5059 Σωκράτει
3318 4991 3773 5059 συγγενομένους.

487 5085 550 5124 ac
603 5069 768 5123 tantis
832 5068 1154 5122 criminibus
1199 5077 1253 5121 et
1311 5070 1453 5137 apud
1505 5069 1755 5136 pupulum
1808 5077 1862 5123 et
1942 5070 2081 5137 apud

2200 5073 2223 5125 ›’ί
2245 5076 2516 5139 τοσαύτας
2543 5079 2637 5131 καὶ
2651 5078 2982 5148 τηλικαύτας
3007 5080 3181 5144 αἰτίας
3200 5082 3466 5152 ἐσχήκασι
3490 5085 3584 5135 καὶ
3608 5084 3705 5135 ὑπὸ
3730 5083 3775 5112 τθ

1154 5254 1157 5255 ν
1800 5184 2029 5241 vanu-13
2070 5186 2475 5246 LECTIONES.

556 5282 874 5364 δέ’-ῥητόρων
898 5298 1008 5336 Om.
1175 5280 1218 5364 ⁶⁶ξ
1245 5276 1572 5364 νοξςζευνῖαι
1602 5280 1667 5361 A_.
1746 5282 1789 5314 ⁸⁷
1816 5282 2503 5364 πάντωντμοχθηροτάτους
2528 5290 2568 5339 Α
2601 5306 2613 5340 :
2642 5292 2784 5342 πάνυ
2813 5288 2921 5342 τῶν
2940 5292 3355 5360 μοχθηροτάτων
3382 5310 3442 5356 ς.
3523 5294 3568 5325 ⁸⁸
3597 5294 3774 5364 autat}

484 5368 538 5422 p.
572 5349 696 5409 132.
766 5349 813 5384 ⁸9
837 5352 1168 5422 προσφέρεις
1190 5352 1254 5402 Α.
1308 5351 1377 5422 βο
1407 5349 1736 5422 πρὸςμταῦτα
1754 5367 1864 5405 om.
1892 5355 1955 5405 Α.

485 5420 696 5493 ἥκουσι.
768 5422 814 5457 ⁷⁵
845 5420 1115 5493 προσήκει
1150 5438 1255 5475 mu.
1291 5420 1356 5474 Α.

2036 5355 2078 5384 ⁷¹
2114 5356 2220 5422 ὅτι]
2239 5356 2371 5409 διότι
2402 5360 2463 5409 Α.

1438 5421 1485 5455 ⁷⁸
1515 5419 1837 5485 ἐξετάζοντα
1868 5441 1928 5486 ς’.
2001 5426 2048 5455 ⁷⁷
2086 5419 2481 5481 ἐϐουλεύσαντο
2531 5428 2595 5480 Α.

2545 5360 2588 5431 ξ’
2623 5359 2682 5409 τὸ
2715 5360 2866 5431 δὲ]ιι.
2900 5362 3019 5415 156.
3100 5359 3144 5394 ⁷³
3171 5364 3347 5415 λέγειν
3382 5371 3447 5417 Α.

2676 5432 2719 5467 ⁷⁸
2762 5431 3124 5502 ἐνθυμοῦμαι]
3170 5448 3221 5503 ρ.
3259 5435 3379 5489 159.

3528 5366 3574 5395 7‘
3607 5383 3778 5435 προς-

3462 5435 3504 5465 ⁷⁹
3527 5437 3620 5487 καὶ
3647 5437 3771 5488 ὑπὸ.

1980 5518 2022 5571 Ν
2031 5517 2212 5572 ΟΤΛΞ.

558 5606 668 5675 (85)
721 5607 981 5675 Excerpta
1008 5620 1040 5661 ο
1082 5607 1322 5661 secunda
1355 5608 1603 5663 oratione
1633 5609 1916 5671 AriSLidis,
1946 5608 2069 5662 Pla-

492 5678 669 5752 tonica
733 5693 827 5744 pro
865 5677 1155 5752 rhetorica.
1180 5678 1499 5746 Quanquam
1534 5677 1759 5733 Plautius
1806 5683 1941 5733 duas
1983 5682 2069 5734 hic

492 5748 763 5798 orationes
816 5748 1135 5813 constituat,
1194 5762 1295 5799 una
1333 5761 1509 5802 tamen
1553 5760 1719 5818 atque
1753 5752 1944 5804 eadem
1988 5762 2072 5805 est

2185 5612 2237 5665 in
2274 5612 2535 5667 Aristide.

2224 5683 2368 5762 .(85)
2424 5684 2628 5739 Critias
2665 5701 2805 5741 unus
2833 5698 2947 5742 erat
2983 5702 3011 5743 e
3055 5688 3271 5759 triginta
3317 5691 3567 5759 tyrannis
3606 5690 3774 5744 Alite.

2182 5768 2287 5809 1118.
