3960 6428
224 401 349 467 1517

1250 400 1774 470 BIBLIOTHECA.
1816 432 1883 441 ·-
1915 405 2078 468 COD.
2119 406 2443 468 CCXLVlI.

3336 408 3475 474 1518

212 519 311 570 τῶν
326 513 527 568 πολλῶν
542 513 636 567 καὶ
653 513 757 567 ὑπὸ
772 514 881 568 τῶν
894 516 1172 579 ἐπιεικῶν,
1189 517 1329 571 ὥστε
1348 522 1390 572 Κ
1403 523 1569 591 ριτίου
1583 540 1645 591 γε
1659 523 1752 575 οὐδ

1884 521 2173 588 eptimates
2202 519 2421 572 obnoxii
2478 517 2733 582 fuerunt,
2789 527 2849 575 ut
2880 519 3048 575 Critia
3084 522 3302 589 quidem
3341 526 3473 577 nihil

209 606 478 674 ἐπινοῆσαι
514 605 692 674 ῥᾴδιον
724 605 1105 679 ἐξωλέστερον,
1136 607 1193 670 ὃς
1237 612 1294 662 ἐν
1327 611 1617 682 τριάκοντα
1665 615 1775 675 τοῖς
1814 614 1834 630 ⁵

209 698 578 770 πονηροτάτοις
605 698 996 769 τῶνἙλλήνων
1024 703 1237 772 πρῶτος
1254 703 1298 734 ⁸ο
1326 699 1414 774 ἦν,
1446 706 1570 768 τοὺς
1597 708 1693 775 μὲν
1712 705 1773 760 οὗ

208 809 329 860 φασι
360 790 466 843 δεῖν
490 792 546 842 ἐν
574 792 858 864 τεκμηρίῳ
886 794 1152 847 ποιεῖσθαι
1177 795 1256 846 ὅτι
1278 796 1625 867 Σωκράτης⁹¹¹
1649 800 1774 861 τοὺς

206 885 349 943 νέους
379 882 699 952 διέφθειρεν,
741 884 849 935 οὐδ’
874 879 1011 937 εἶναι
1045 884 1115 938 τὰ
1145 886 1367 939 ἐκείνων
1403 890 1774 958 ἁμαρτήματα

204 972 307 1024 οὐδ’
333 970 505 1023 ὁτιοῦν
543 973 679 1042 πρὸς
714 974 1013 1044 Σωκράτην
1048 975 1139 1028 τὸν
1184 976 1307 1027 οὐδὲ
1350 978 1510 1029 αὑτὸν
1555 977 1775 1047 ἔξαρνον

202 1065 322 1117 Ιἄντα
348 1063 406 1115 τὸ
437 1062 511 1132 μὴ
537 1064 597 1115 οὐ
629 1064 971 1132 διαλέγεσθαι
997 1067 1107 1128 τοῖς
1130 1067 1301 1130 νέοις·
1334 1070 1381 1121 εί
1404 1069 1448 1121 δ’
1473 1071 1774 1139 Ἀθηναίων

199 1156 358 1223 δῆμος
388 1156 443 1206 ἐν
472 1154 687 1217 πολλοῖς
715 1160 810 1209 καὶ
842 1158 1098 1224 μεγάλοις
1129 1155 1210 1222 οἷς
1238 1160 1332 1213 καὶ
1348 1160 1393 1191 ⁸³
1436 1161 1573 1231 ὑπὲρ
1608 1161 1773 1214 αὑτοῦ

199 1269 285 1321 καὶ
314 1268 448 1335 ὑπὲρ
470 1267 580 1318 τῶν
605 1268 875 1336 Ἑλλήνιον
896 1271 1240 1341 διεχείρισεν,
1269 1273 1383 1324 ἐσθ’
1404 1273 1440 1326 ἃ
1471 1275 1569 1342 μὲν
1595 1274 1774 1342 ὀρθῶς

196 1360 283 1411 καὶ
310 1358 749 1427 προσηκόντως⁸⁸
793 1360 1173 1425 ἐϐουλεύσατο,
1206 1363 1321 1414 ἔστι
1367 1364 1422 1415 δὲ
1472 1364 1506 1417 ἂ
1556 1365 1652 1418 καὶ
1684 1366 1771 1429 ἐξ·

196 1450 431 1518 ήμαρτεν
459 1452 539 1511 είς
563 1450 689 1513 τοὺς
720 1454 1152 1521 προεστηκότας,
1194 1454 1347 1507 ταῦτ’
1380 1455 1622 1519 ἀξιοῦσιν
1668 1457 1769 1509 αύ-

193 1542 296 1601 τοῖς
321 1541 433 1601 τοῖς
460 1542 793 1610 προστάταις
824 1542 1434 1617 λογίζεσθαι.Ὣσπερ⁸δ
1470 1546 1535 1601 ἂν
1548 1549 1592 1580 ⁸⁸
1621 1548 1774 1615 εῐτις

193 1634 281 1684 καὶ
326 1631 417 1684 τοῦ
473 1631 678 1685 θείου⁸⁶
725 1637 1060 1708 κατηγοροίη
1110 1640 1226 1700 τοῖς
1276 1639 1458 1703 αὐτοῖς
1499 1639 1678 1707 λόγοις
1699 1640 1768 1703 ",

190 1724 265 1774 ὅτι
312 1722 449 1793 χρῆν
501 1725 668 1778 αὐτοῦ
687 1726 733 1757 ⁸⁸
780 1726 879 1797 τὴν
931 1730 1191 1798 πρόνοιαν
1242 1726 1380 1782 εἶναι
1440 1731 1696 1799 τοιαύτην
1720 1732 1769 1764 ⁸³

1883 610 2122 678 potuerit
2175 609 2253 662 vel
2310 608 2435 679 fingi
2483 609 2843 677 sceleratius,
2912 612 3001 679 qui
3059 613 3201 665 inter
3256 614 3473 682 triginta

1879 700 2190 754 Graecorum
2220 702 2481 768 pessimos
2495 701 2700 767 primus
2721 701 2905 766 fuerit,
2941 718 3062 756 cum
3088 705 3206 766 bos,
3229 705 3471 773 inquam,

1881 802 2077 861 negant
2109 801 2427 861 argumento
2477 793 3152 861 esse,quodiuventutem
3211 795 3467 848 Socrates

1879 893 2269 947 corrumperet,
2300 891 2391 935 aut
2412 898 2595 936 eorum
2623 892 2843 952 peccata
2865 885 3155 953 quidquam
3187 887 3250 939 ad
3279 884 3474 941 Socra.

1880 986 1986 1028 tem
2003 976 2295 1043 pertinere,
2322 976 2410 1045 qui
2439 989 2536 1029 nec
2559 976 2671 1044 ipse
2693 990 2751 1028 se
2784 990 2904 1029 cum
2934 976 3219 1045 juvenibus
3235 978 3461 1048 colloqui

1881 1077 2103 1135 negaret
2129 1086 2141 1120 :
2168 1082 2354 1121 verum
2378 1067 2423 1121 si
2453 1066 2681 1136 populus
2701 1068 3072 1132 Atheniensis,
3108 1070 3249 1123 inter
3274 1071 3471 1124 multas

1877 1174 1941 1212 ac
1997 1175 2218 1228 magnas
2274 1174 2360 1213 res
2406 1175 2541 1229 quas
2582 1168 2694 1213 tum
2733 1175 2829 1228 pro
2872 1176 2932 1215 se
2982 1170 3092 1213 tum
3124 1178 3218 1229 pro
3264 1162 3470 1216 Graecis

1877 1251 2075 1319 gessit,
2108 1253 2350 1320 qumdam
2387 1264 2532 1307 recte
2558 1269 2622 1307 ac
2658 1255 2913 1309 decenter
2936 1255 3177 1308 decrevit
3210 1255 3466 1307 nonnulla

1876 1355 2091 1417 quoque
2113 1341 2164 1393 in
2202 1340 2486 1408 przefectos
2514 1344 2783 1406 peccavit,
2817 1359 2878 1396 ea
2904 1354 3131 1398 censent
3193 1347 3467 1413 prmfertis

1878 1432 2011 1499 ipsis
2048 1447 2168 1486 esse
2205 1434 2556 1501 imputanda?
2607 1432 2771 1503 Atqui
2836 1435 2966 1488 deos
3021 1449 3236 1504 quoque
3272 1437 3464 1490 eadem

1879 1523 2087 1577 ratione
2149 1522 2340 1578 liceret
2420 1539 2701 1589 accusare,
2770 1540 3000 1592 quorum
3072 1534 3219 1579 tanta
3275 1527 3467 1579 debeat

1874 1628 1995 1667 esse
2033 1613 2372 1681 providentia
2408 1624 2466 1667 ut
2496 1631 2711 1670 omnem
2767 1617 3084 1685 iniustitiam
3107 1629 3160 1671 et
3191 1619 3462 1687 ingratum
3546 1656 3563 1671 ρ

1876 1706 2115 1758 animum
2145 1702 2342 1777 ήιθα
2374 1722 2439 1759 ex
2468 1707 2728 1760 humanis
2773 1707 3043 1773 tollerent,
3084 1724 3150 1761 ne
3189 1710 3315 1776 quid
3342 1725 3463 1761 am-

188 1813 308 1865 ῶστ⁹
343 1814 557 1867 ἀδικίαν
596 1817 693 1868 καὶ
733 1818 1135 1888 ἀγνωμοσύνην
1175 1820 1383 1873 ἀνελεῖν
1421 1798 1762 1875 παντάπασιν

1878 1798 2020 1866 plius
2070 1800 2316 1851 homines
2354 1813 2583 1867 usquam
2620 1798 3017 1868 delinquerent.
3078 1799 3231 1853 Nunc
3274 1810 3458 1853 autem

186 1904 240 1966 ἐξ
269 1904 568 1975 ἀνθρώπων
600 1906 760 1959 καὶ⁹⁰
799 1909 967 1977 μηδὲν
1002 1912 1339 1980 ἁμαρτάνειν
1376 1912 1610 1982 μηδένας
1659 1915 1756 1966 ἀν-

187 1997 413 2067 θρώπων
441 1999 694 2069 μηδαμῆ.
758 2000 873 2055 Νῦν
911 2002 966 2053 δὲ
1005 2003 1143 2065 πῶς,
1177 2005 1226 2055 εί
1271 2008 1521 2076 προνοεῖν
1570 2007 1768 2069 αὐτοὺς

184 2090 282 2159 χρὴ
340 2090 620 2159 νομίζειν,
670 2093 798 2145 ὅταν
830 2093 966 2164 μὴ⁹¹
1017 2093 1153 2165 [εί⁹¹
1191 2096 1236 2147 δ’
1286 2096 1370 2166 οὐ]
1423 2097 1770 2151 παύωνται⁹³

187 2180 629 2250 πλημμελοῦντες
675 2176 751 2236 ὧν
771 2184 817 2216 ⁸⁸
876 2184 1151 2255 ἄρχουσι,
1208 2189 1284 2255 μὴ
1341 2188 1623 2250 δικαίως⁹⁵
1678 2188 1768 2241 ὑπ’

181 2271 329 2325 ἐνίων
357 2272 713 2342 ἀμελεῖσθαι;
763 2274 874 2326 Ka‘t
904 2276 931 2326 6
962 2274 1060 2343 μὲν
1081 2276 1127 2307 ⁸⁸
1166 2276 1379 2345 ἡνίοχος
1410 2276 1755 2346 παραλαϐὼν

184 2363 529 2428 λακτίζοντας
580 2366 711 2428 τοὺς
764 2364 967 2429 ἵππους
1003 2368 1238 2437 πραΰνει
1284 2369 1378 2423 καὶ
1427 2370 1762 2435 τιθασσεύει,

186 2458 276 2511 καὶ
300 2457 631 2512 τελευτῶν⁹⁷
686 2461 774 2513 ἐπ’
825 2462 1005 2516 αὐτῶν
1055 2464 1316 2530 ἀσφαλῶς
1364 2466 1505 2517 κατὰ
1565 2466 1764 2535 πολλὴν

186 2548 465 2618 ῥᾳστώνην
499 2546 642 2603 εἶσιν
671 2552 795 2604 ὅποι
845 2552 1094 2621 βούλεται
1114 2554 1159 2585 ⁸⁸
1180 2571 1193 2585 ·
1230 2556 1279 2606 οἱ
1323 2555 1436 2607 θεοὶ
1474 2555 1529 2607 δὲ
1554 2555 1763 2609 οῦπωθθ

182 2641 272 2692 καὶ
312 2641 404 2694 νῦν
430 2642 770 2714 ἐξῃρήκασιν
810 2644 1024 2698 ἀδικίαν
1053 2646 1111 2711 ἐξ
1145 2644 1450 2716 ἀνθρώπων
1483 2648 1546 2699 ἐκ
1572 2647 1765 2699 τοσού-

180 2747 291 2793 του,
341 2730 502 2802 [1261
549 2734 643 2804 8.]
677 2736 773 2787 καὶ
814 2735 990 2789 ταῦτα
1037 2738 1102 2788 ἐκ
1149 2738 1349 2799 παντὸς
1393 2737 1485 2790 τοῦ
1520 2739 1757 2801 αἰῶνοςί

184 2820 615 2892 πολιτευόμενοι,
662 2827 756 2876 κοιλ⁵
802 2825 1071 2895 προσέτι²
1114 2828 1191 2889 είς
1234 2827 1461 2890 ἑαυτοὺς
1501 2829 1762 2897 ἁμαρτά-

182 2929 366 2975 νοντας
414 2915 655 2985 δρῶντες
709 2916 853 2968 ἐστιν
885 2916 979 2979 οὒς
1006 2917 1187 2968 αὐτῶν
1211 2918 1251 2971 ³.
1292 2919 1455 2970 Ἀλλὰ
1488 2920 1594 2990 μὴν
1632 2922 1721 2972 ὅτε
1742 2920 1763 2950 ’⁵

178 3005 344 3058 ταῦτα
407 3007 521 3059 οὐδ’
581 3009 647 3061 ἂν
682 3003 763 3070 εἷς
807 3009 1070 3073 ὑγιαίνων
1118 3009 1263 3062 εἴποι
1326 3012 1563 3081 σπουδῇ,
1622 3011 1762 3080 πλὴν

177 3096 247 3158 ὡς
274 3098 477 3166 ἡμεῖς’
528 3097 624 3150 νῦν
670 3100 747 3162 εἰς
798 3099 1020 3169 ἔλεγχον
1056 3100 1240 3167 λόγου,
1294 3101 1412 3163 πῶς
1453 3103 1513 3152 οὐ
1562 3103 1760 3173 κομιδῇ

181 3187 400 3241 Πλάτων
436 3192 797 3258 συκοφαντεῖς
824 3193 873 3243 εί
924 3192 1032 3262 γὰρ
1071 3191 1107 3245 ἃ.
1139 3192 1261 3263 μηδ’
1297 3193 1346 3245 oi
1388 3193 1501 3245 θεοὶ
1543 3196 1760 3246 πώποτε

175 3281 535 3351 πεποιήκασι,
571 3281 707 3350 μηδὲ
748 3283 877 3348 παρῗ
920 3283 1090 3351 αὐτῆς
1117 3284 1216 3353 τῆς
1269 3283 1504 3354 Ἀθηνᾶς
1531 3286 1631 3353 τῆς
1662 3301 1763 3336 πο-

175 3370 348 3434 λιάδος
383 3370 535 3442 εἶχεν
560 3374 884 3444 ἀπαιτῆσαι,
921 3375 1096 3429 ταῦτα
1128 3376 1285 3445 παρὰ
1320 3375 1761 3444 Θεμιστοκλέους

174 3464 265 3516 καὶ
312 3464 687 3535 Περικλέους⁶
732 3468 991 3529 ἀπαιτεῖ,
1060 3468 1222 3522 αὑτὸν
1261 3469 1483 3539 ἐρωτῶν
1534 3468 1652 3530 πῶς
1700 3469 1761 3521 οὐ

178 3559 536 3624 συκοφαντεῖς
589 3557 703 3609 ἀλλ’
739 3554 891 3627 οἶμαι
924 3558 1024 3629 τὴν
1074 3561 1173 3627 μὲν
1224 3560 1321 3612 τοῦ
1363 3560 1559 3630 δήμουι
1597 3560 1762 3630 φύσιν

173 3649 272 3700 οὐκ
315 3648 667 3718 ἠδυνήθησαν
724 3652 1086 3720 μεταποιῆσαι
1130 3651 1237 3703 οὐδ’
1271 3653 1601 3720 ἀφανίσαι⁷’
1647 3653 1762 3705 ἔστι

169 3738 378 3811 δἀύτη
417 3741 690 3810 μηδέποτε
716 3738 1167 3809 γενέσθαίπάντα
1216 3745 1451 3814 χρηστὸν
1503 3745 1624 3814 μηδ’
1671 3747 1762 3797 ἀν-

168 3832 518 3900 αμάρτητον·
551 3834 651 3886 ὅσα
688 3834 743 3886 δέ
774 3835 1183 3897 κινδυνεύοντας
1200 3835 1306 3887 ἔδει
1334 3838 1757 3907 προνοήσασθαι,

166 3926 223 3976 ἐν
247 3924 329 3989 οἷς
358 3928 477 3997 ἅμα
506 3929 598 3981 καὶ
620 3929 728 3981 τῶν
755 3930 965 3983 πολλῶν
989 3930 1083 3983 καὶ
1108 3930 1218 3983 τῶν
1240 3930 1497 3983 ἐπιεικῶν
1518 3928 1585 4002 ἦν
1607 3933 1759 4003 εὐερ-

162 4016 332 4083 γέτας
363 4016 527 4077 εἶναι.
582 4019 615 4089 ἢ
661 4020 781 4073 κατ’
832 4018 1083 4084 ἐξουσίαν
1125 4022 1467 4089 πράττοντας
1517 4022 1755 4089 ἀπάγειν

164 4110 269 4163 ἀπὸ
307 4112 420 4164 τῶν
452 4112 901 4181 δυσχερεστάτων
929 4112 1020 4165 ἀεὶ
1048 4112 1142 4165 καὶ
1164 4113 1242 4175 είς
1261 4113 1282 4143 ³
1312 4112 1595 4181 ἐλάχιστον
1622 4112 1751 4182 τρέ-

162 4218 285 4254 πειν
308 4204 381 4256 τὰ
414 4205 515 4273 τῆς
542 4203 759 4271 φύσεως
813 4206 1213 4275 ἁμαρτήματα,
1248 4203 1422 4256 ταῦτα
1466 4204 1567 4255 οὐκ
1606 4203 1752 4256 ἔστιν

158 4296 304 4359 ὅπως
334 4296 399 4348 οὐ
424 4296 581 4366 παρὰ
612 4296 825 4359 τούτοις
855 4296 988 4368 [68⁸2
1020 4296 1111 4367 IL]
1138 4298 1269 4348 ὄντα
1299 4296 1624 4365 φανήσεται,
1658 4296 1750 4347 καὶ

154 4384 329 4438 ταῦτα
360 4386 503 4456 πρὸς
532 4386 608 4455 τῷ
648 4386 793 4457 λόγῳ
823 4386 899 4456 τῷ
934 4389 1063 4458 παρ’
1092 4386 1250 4457 ἡμῶν
1269 4388 1289 4417 9
1318 4386 1413 4437 καὶ
1462 4386 1585 4447 ταῖς
1611 4384 1749 4436 ἀπο-

153 4475 355 4540 δείξεσι
398 4477 630 4529 Πλάτων
694 4478 859 4541 αὐτὸς
908 4478 1388 4546 ἐπισφραγίζεται,
1453 4480 1547 4529 καὶ
1600 4476 1747 4529 ἔστιν

1878 1891 2148 1958 quomodo
2197 1891 2283 1944 vel
2341 1891 2627 1959 providere
2668 1892 2823 1944 nobis
2857 1901 3138 1959 putentur,
3197 1893 3371 1945 donec
3421 1891 3457 1945 ii

1874 1984 2070 2051 quibus
2101 1984 2370 2051 imperant
2436 1996 2662 2050 peccare
2715 1998 2821 2036 non
2885 1984 3161 2045 desinant,
3199 1984 3285 2038 vel
3344 1998 3453 2035 uou

1874 2074 2070 2126 merito
2112 2090 2139 2126 a
2191 2076 2511 2143 quibusdam
2564 2065 2877 2129 contemni?
2924 2074 2993 2128 Et
3024 2075 3207 2143 auriga
3234 2075 3455 2143 quidem

1873 2166 1917 2217 si
1945 2166 2260 2220 raleitrosos
2291 2166 2452 2220 habet
2480 2181 2670 2235 equos,
2728 2167 2946 2221 cicures
3002 2182 3066 2221 ac
3137 2177 3459 2220 mansuetos

1874 2258 2069 2322 reddit,
2097 2269 2146 2311 et
2184 2260 2417 2327 denique
2450 2268 2566 2313 tuto
2597 2270 2651 2313 et
2688 2261 2969 2313 commode
2993 2273 3317 2327 quocunque
3344 2257 3461 2311 vult

1872 2349 2105 2415 vehitur,
2150 2349 2222 2402 dii
2257 2364 2384 2401 vero
2425 2349 2665 2403 nondum
2699 2366 2763 2403 ex
2795 2350 3103 2403 hominibus
3136 2348 3454 2418 iujustitiam

1870 2441 2230 2507 sustulerunt,
2263 2456 2385 2493 eum
2418 2454 2596 2493 tamen
2637 2444 2704 2494 ab
2746 2441 2895 2495 omni
2962 2455 3078 2493 aevo
3115 2456 3295 2493 rerum
3358 2440 3456 2491 ad-

1871 2534 2252 2588 ministrationi
2337 2534 2675 2602 prrefuerint,
2730 2544 2891 2601 atque
2957 2534 3122 2585 etiam
3190 2530 3452 2599 quosdam

1868 2639 2055 2677 corum
2107 2624 2157 2676 in
2212 2638 2334 2679 sese
2385 2639 2610 2692 peCCare
2658 2624 3027 2691 cognoverint.
3077 2621 3213 2675 Cum
3272 2630 3452 2673 autem

1868 2714 1983 2767 lucc
2028 2729 2185 2767 nemo
2213 2731 2378 2769 sanus
2417 2716 2557 2769 serio
2612 2715 2830 2776 dixerit,
2863 2713 2963 2767 nisi
2987 2713 3049 2765 ad
3080 2712 3452 2771 refutandum,

1868 2813 1926 2857 ut
1973 2820 2088 2868 nos,
2124 2805 2331 2873 liquido
2357 2807 2596 2858 cernitur
2628 2805 2866 2859 Platonis
2893 2803 3183 2857 calumnia.
3243 2800 3454 2854 Etenim

1867 2894 1909 2945 si
1955 2910 2074 2959 qua:
2128 2910 2224 2947 nec
2257 2893 2329 2946 dii
2363 2910 2596 2961 unquam
2631 2895 2893 2956 fecerunt,
2924 2908 3027 2947 nec
3057 2893 3124 2945 ab
3165 2893 3279 2959 ipsa
3305 2892 3459 2944 urbis

1866 2986 2098 3053 praeside
2133 2984 2370 3038 Minerva
2428 2986 2575 3053 justo
2613 2996 2794 3053 posset
2843 2995 3046 3053 petere,
3090 2985 3201 3037 haec
3236 2999 3263 3035 a
3315 2983 3459 3037 The-

1869 3077 2115 3131 mistocle
2145 3089 2198 3129 et
2240 3076 2447 3131 Pericle
2504 3077 2776 3145 requiret,
2826 3077 3098 3145 quomodo
3165 3075 3457 3129 calumnize

1791 3181 1833 3238 ο
1868 3171 2073 3224 crimen
2120 3170 2362 3237 eﬂugiat,
2409 3184 2618 3237 quaero.
2685 3168 2813 3233 Sed,
2867 3176 2925 3219 ut
2967 3166 3222 3230 arbitror,
3276 3164 3455 3233 populi

1872 3262 2088 3330 quidem
2123 3270 2369 3315 naturam
2398 3275 2497 3313 nec
2565 3268 2775 3312 mutare
2808 3266 3118 3326 potuerunt,
3165 3270 3267 3312 nec
3320 3256 3457 3310 abo-

1871 3350 2005 3415 lere,
2057 3365 2177 3418 qua:
2211 3350 2427 3417 quidem
2457 3358 2539 3402 est
2572 3365 2656 3413 ea,
2690 3363 2961 3415 nunquam
2995 3359 3051 3401 ut
3082 3362 3272 3402 omnes
3300 3347 3458 3415 probi

1866 3449 1922 3495 et.
1975 3440 2232 3505 inculpati
2256 3439 2549 3502 exsistant,
2572 3454 2694 3492 cum
2729 3448 2908 3491 autem
2942 3438 3025 3491 vel
3058 3438 3453 3506 providendum

1865 3539 1983 3583 erat
2046 3529 2246 3597 aliquid
2296 3543 2399 3583 non
2441 3530 2558 3582 sine
2583 3529 2846 3596 periculo,
2902 3542 3007 3596 qua
3036 3528 3255 3597 quidem
3287 3529 3340 3582 in
3396 3544 3457 3583 re

1863 3620 2026 3675 simul
2084 3631 2139 3673 et
2163 3620 2328 3687 vulgi,
2365 3629 2419 3673 et
2448 3620 2767 3689 optimatqu
2821 3619 3048 3687 gratiam
3079 3620 3452 3683 merebantur,

1864 3712 1946 3764 vel
2005 3726 2127 3765 cum
2180 3718 2452 3779 potestate
2510 3709 2741 3778 populus
2804 3726 2835 3764 a
2909 3711 3071 3764 rebus
3112 3710 3453 3777 gravissimis

1861 3804 2209 3870 avertendus,
2263 3818 2327 3856 ac
2361 3811 2565 3856 natura:
2588 3815 2809 3871 peccata
2845 3802 2927 3855 vel
2970 3802 3236 3855 tantillum
3276 3802 3451 3856 corri-

1859 3897 2056 3965 genda,
2105 3896 2191 3949 his
2219 3893 2461 3963 proiecto
2520 3909 2792 3962 nunquam
2826 3894 2926 3947 sibi
2964 3907 3064 3947 nec
3136 3894 3331 3962 populo
3359 3894 3451 3947 de-

1864 3988 2104 4043 fuerunt.
2155 3986 2362 4054 Quibus
2414 3985 2576 4042 rebus
2630 3986 2772 4039 ultra
2827 3994 3066 4038 nostram
3122 3984 3449 4052 disputatio-

1857 4095 1980 4133 nem
2020 4088 2074 4133 et
2144 4080 2648 4143 conﬁrmationem,
2705 4077 2857 4131 Plato
2898 4076 3228 4143 suffragatur
3288 4076 3445 4145 ipse,

1856 4180 2016 4238 atque
2044 4170 2133 4224 hic
2182 4172 2345 4225 etiam
2378 4171 2532 4225 nobis
2564 4170 2936 4224 testimonium
2987 4167 3235 4238 perbibet
3254 4169 3445 4222 eadem

1861 4263 2195 4317 dexteritate
2236 4278 2342 4333 qua
2374 4275 2429 4316 et
2480 4264 2533 4314 in
2589 4262 2986 4330 superioribus,
3012 4261 3445 4328 quotiescunque

1854 4367 1957 4421 fuit
2009 4384 2169 4437 opus.
2202 4369 2514 4421 Absurdum
2546 4376 2628 4421 est
2655 4376 2835 4420 autem
2875 4380 3104 4434 quorum
3138 4365 3276 4419 facta
3300 4380 3440 4434 pra:-

1853 4460 1997 4512 dicat
2040 4475 2227 4513 eorum
2260 4460 2707 4526 gubernationem
2738 4457 3048 4524 suggillare,
3082 4470 3312 4523 qumque
3341 4470 3438 4509 eo-

150 4526 285 4637 ἡμῖν
315 4567 605 4621 κάνταῦθα
654 4526 867 4639 μάρτυς
925 4569 1030 4620 ὑπὸ
1048 4526 1175 4634 Ῐτιῖλς.
1200 4526 1388 4637 αὐτῆς⁷
1416 4567 1743 4637 δεξιότητος,

1867 4565 1972 4603 rum
2036 4551 2127 4617 qui
2184 4561 2486 4618 paruerunt
2516 4551 2731 4603 virtutis
2761 4550 2910 4615 ponit
2942 4548 3164 4612 iudicia,
3197 4564 3307 4601 non
3370 4548 3437 4600 iis

147 4656 333 4730 ἧσπερ
355 4662 399 4692 ¹⁰
428 4662 531 4713 κάν
561 4662 673 4723 τοῖς
702 4661 815 4714 ἄνω
840 4660 979 4713 κατὰ
1011 4662 1109 4729 τὴν
1131 4660 1323 4729 χρείαν
1349 4660 1457 4712 ἀεί.
1492 4659 1684 4713 Καίτοι
1707 4660 1746 4690 ¹¹

147 4752 265 4815 πῶς
291 4754 399 4806 οὐκ
425 4753 629 4805 ἄτοπον
663 4749 732 4823 ἦν
754 4756 797 4785 ¹¹
846 4754 913 4805 τά
946 4753 1082 4822 ἔργα
1125 4756 1353 4822 κοσμεῖν
1383 4753 1615 4818 τούτων,
1651 4752 1749 4821 τὴν

144 4844 202 4896 δὲ
232 4845 523 4897 πολιτείαν
549 4845 833 4912 φαυλίζειν
857 4846 922 4875 ⁸³·
960 4846 1059 4897 καὶ
1088 4844 1122 4897 ἃ
1142 4845 1239 4913 τῆς
1275 4843 1382 4895 τῶν
1416 4844 1747 4896 πεισθέντων

144 4935 355 5003 ἀρετῆς
384 4934 599 4988 τίθεταί
619 4953 702 4997 τις
733 4936 1023 5005 δείγματα,
1055 4936 1226 4987 ταῦτα
1264 4937 1336 5004 μὴ
1366 4936 1463 5003 τῆς
1489 4935 1594 4987 τῶν
1622 4952 1743 4987 πει-

146 5029 363 5080 σάντων
401 5026 621 5096 πρῶτον
674 5028 942 5097 ὑπάρχειν
968 5026 1010 5057 ⁸⁸
1052 5027 1337 5093 ἡγεῖσθαι;
1383 5025 1670 5091 ’Έγκειται
1702 5025 1743 5054 ⁸⁸

145 5118 245 5186 μὲν
273 5120 387 5191 γάρ
420 5138 523 5173 που
550 5120 591 5151 ¹⁶
624 5118 799 5172 ταῦτα
832 5118 1032 5188 μεταξὺ
1062 5118 1150 5170 τοῦ
1185 5118 1351 5169 ιιύθου
1380 5116 1569 5187 [χωρίς
1600 5134 1744 5179 τινος

1851 4658 1943 4724 qui
1997 4666 2387 4724 persuaserunt
2416 4656 2651 4724 primum
2683 4656 2941 4708 tribuere.
2979 4654 3101 4707 llam
3125 4656 3269 4708 enim
3295 4655 3437 4708 intra

1854 4748 2090 4801 fabulam
2119 4754 2246 4801 sunt
2303 4747 2499 4799 alicubi
2545 4745 2786 4812 conjeCIa
2846 4764 2950 4800 non
3010 4747 3331 4810 oscitanter,
3384 4759 3441 4800 ut

1848 4841 2059 4905 opinor,
2122 4854 2220 4892 nec
2251 4850 2470 4901 temere,
2511 4840 2603 4892 sed
2639 4851 2696 4891 ut
2726 4839 2887 4892 simul
2936 4848 2990 4891 et
3025 4838 3435 4907 laterentquam

1858 4932 2113 4993 maxime,
2151 4938 2205 4981 et
2250 4929 2292 4980 si
2343 4930 2463 4996 quis
2497 4944 2558 4981 ea
2608 4938 2729 4995 post
2759 4928 3076 4990 invenisset,
3113 4944 3179 4981 ne
3228 4928 3295 4979 ab
3324 4928 3440 4992 ipso

1855 5021 2071 5089 quidem
2144 5020 2465 5071 viderentur
2520 5033 2638 5072 esse
2693 5021 2991 5087 praeterita.
3058 5017 3131 5070 Ita
3202 5018 3437 5072 mediam

1854 5116 2143 5180 quamdam
2169 5111 2371 5164 invenit
2410 5109 2575 5173 viam,
2603 5121 2765 5178 atque
2799 5110 2961 5163 etiam
2986 5110 3050 5162 ad
3087 5109 3244 5162 linem
3274 5107 3439 5160 totius

1432 5248 1519 5302 VA
1532 5248 1671 5302 [HAS
1708 5241 2115 5301 LEC'I‘IONES.

215 5350 261 5382 "°
320 5347 545 5418 πρῶτος
594 5343 630 5417 ἦ

135 5424 183 5449 ⁸⁸
212 5417 441 5489 ὥσπερ]
470 5436 521 5487 p.
559 5419 680 5471 Mil.
758 5417 802 5451 ⁸⁵
828 5418 892 5470 ἂν
918 5433 1025 5489 οιιιἶ
1058 5419 1119 5471 Α.

134 5493 179 5543 ’ξ’
212 5486 506 5543 εἶναι’καὶ
535 5489 791 5557 τοιαύτην
823 5506 883 5551 ς.
985 5488 1030 5517 ⁹⁰
1060 5486 1171 5538 καὶ.

131 5563 345 5622 ἀδίκως
382 5560 515 5611 αὐτὸ
564 5560 627 5610 A.
699 5553 869 5609 96’καὶ
897 5559 924 5609 6
949 5559 1072 5625 μὲν]
1100 5573 1149 5622 p.
1185 5553 1305 5625 ML

130 5633 340 5693 αἰῶνος
374 5629 577 5690 παντὸς
606 5630 668 5681 Λ,
712 5630 731 5659 ¹
763 5630 857 5680 καὶ
887 5630 1131 5696 προσέτι.

128 5719 245 5754 ιιιη.
281 5702 352 5752 Α.

1248 5484 1299 5528 9‘.
1326 5482 1397 5550 μὴ
1430 5498 1538 5532 mu.
1586 5484 1651 5533 Α.

131 5772 176 5801 ³³
207 5773 311 5838 τὴν
345 5769 407 5821 δὲ
440 5769 557 5821 πολ.
605 5762 906 5835 φαῦλίξειν]
939 5762 1013 5819 ὧν
1043 5767 1141 5835 τὴν
1186 5764 1304 5815 πολ.
1340 5762 1617 5829 φαυλίζειν
1645 5762 1759 5811 ἐστὶ
1788 5762 1847 5812 Α.

129 5856 235 5892 που
265 5856 391 5894 om.
422 5839 485 5892 A.

1386 5552 1429 5583 ⁸⁷
1478 5554 1570 5603 καὶ
1601 5551 1867 5602 τελευτῶν
1894 5550 1938 5578 ⁸⁸

1205 5626 1226 5653 ³
1250 5622 1429 5676 αὐτῶν
1454 5637 1561 5694 om.
1590 5622 1655 5673 A.
1697 5621 1718 5651 ⁵
1743 5622 1855 5687 ὅτε]
1879 5619 1958 5694 είς
1975 5612 2238 5694 Ἀλώᾁς.

440 5678 883 5765 θ’όὺὲίάφανιάάι
915 5678 1024 5765 εἶμι.
1052 5698 1117 5748 Α.
1196 5695 1216 5724 ιι
1244 5693 1415 5765 εἰςΑε
1447 5691 1607 5765 ᾠςᾲς.
1648 5693 1703 5765 -ν
1737 5678 1867 5765 ἡμῖν
1895 5678 1963 5765 Α)⁹
2014 5678 2303 5765 ,ιορῖσπερ
2337 5678 2416 5738 A'.‘
2455 5686 2520 5765 λιι
2552 5678 2752 5765 καίτρι]
2782 5701 2831 5751 ι).
2868 5682 2988 5765 ita.
3063 5678 3201 5765 ςξῇν
3225 5696 3332 5765 om.
3365 5684 3431 5765 ᾼ.

636 5366 663 5400 ν
693 5362 802 5401 οιιι.
854 5347 915 5400 Α.
998 5346 1039 5376 ⁸⁸
1096 5345 1175 5398 ὅτι
1221 5345 1247 5395 6
1300 5342 1595 5409 Σωκράτης
1644 5358 1705 5404 ς.
1780 5340 1826 5371 ⁸³
1858 5338 1950 5391 καὶ
2005 5341 2127 5409 μυεῖ
2160 5326 2265 5409 μοῖς*
2287 5347 2393 5409 om.
2447 5336 2511 5386 Λ.
2590 5334 2636 5365 ⁸³
2664 5334 2757 5409 καὶ
2802 5332 3187 5409 προσηκόντως
3207 5346 3334 5409 _om.
3368 5336 3434 5389 Α,

1196 5414 1242 5443 ⁸⁸
1276 5412 1369 5463 τοῦ
1407 5412 1551 5462 θείου
1592 5413 1719 5463 add.
1752 5412 1813 5463 Α.

1276 5412 1369 5463 τοῦ
1407 5412 1551 5462 θείου
1592 5413 1719 5463 add.
1752 5409 1813 5463 Α.
1894 5409 1936 5438 ⁸⁷
1970 5409 2082 5466 τοῖς
2112 5409 2295 5465 αὐτοῖς
2328 5409 2502 5470 λόγοις
2530 5420 2636 5459 οιιι.
2663 5409 2727 5455 Α.
2804 5409 2849 5434 ⁸⁸
2878 5409 3041 5455 αὑτοῦ
3071 5409 3113 5455 Α
3141 5409 3339 5463 εαὺτοῖς
3372 5420 3435 5465 ς.

1278 5486 1299 5528 ι.
1326 5482 1397 5550 μὴ
1430 5498 1538 5532 nni.
1586 5484 1651 5533 Α.
1731 5481 1777 5511 9'
1801 5478 1872 5549 ei]
1896 5480 1949 5553 οἱ
2120 5473 2167 5512 ⁹³
2199 5472 2459 5553 παύονται
2499 5474 2582 5553 Αἰ*
2642 5474 2688 5553 εδ
2720 5466 2817 5553 ὧνἶ
2847 5474 2893 5507 ’⁸
2922 5470 3166 5553 δικαίως]
3204 5470 3436 5553 διδμηδξ

1894 5409 1936 5438 ⁸⁷
1970 5402 2082 5466 τοῖς
2112 5403 2295 5465 αὐτοῖς
2328 5404 2502 5470 λόγοις
2530 5420 2636 5459 οιιι.
2663 5405 2754 5470 Α.-
2804 5405 2849 5434 ⁸⁸
2878 5402 3041 5455 αὑτοῦ
3071 5407 3113 5455 Α
3141 5402 3339 5463 εαὺτοῖς
3372 5420 3435 5465 ς.

2539 5544 2583 5576 ⁸⁸
2610 5542 2761 5595 οῦπω
2792 5547 2833 5596 Δ
2869 5558 2882 5593 :
2913 5544 3124 5595 οὐδέπω
3155 5559 3215 5604 ς’.
3296 5544 3310 5572 ¹
3339 5542 3434 5593 τοῦ

1974 5544 2222 5616 βούλεται
2253 5560 2364 5616 om.
2401 5547 2461 5597 Α.

2561 5614 2659 5682 μὲν
2689 5614 2783 5665 νῦν
2809 5615 2872 5667 Α.
2950 5614 2969 5643 ⁸
2995 5614 3083 5664 καὶ
3109 5611 3435 5682 ηερικλέους

2310 5613 2331 5643 ⁵
2366 5616 2526 5683 ἡμεῖς

3260 5751 3301 5781 ιο

1931 5760 1971 5787 ¹λ
2008 5754 2273 5819 ὑπάρχειν
2308 5770 2414 5807 οιιι.
2442 5755 2504 5807 Α.
2599 5755 2641 5785 ’⁵
2674 5752 2940 5823 ἔγκειται]
2974 5769 3026 5825 p.
3057 5752 3176 5807 M7.
