3960 6434
388 644 399 667 ³
478 648 767 718 potuisset,
800 640 985 703 credo,
1024 637 1230 703 reliqua
1277 632 1564 687 deducere.

484 441 619 508 1519
1636 424 1899 486 ΡΠΟΤΙΙ
1934 422 2111 483 ΡΑΤΓ

2218 423 2440 484 RCH/E
2477 426 2585 487 ΟΡ.
3610 414 3744 478 15Ξθ

473 553 750 613 sermonis
777 547 997 620 rejeclt,
1049 558 1169 614 quae
1213 542 1255 596 si
1298 539 1569 608 posuisset
1621 538 1675 590 in
1732 536 1908 600 initio,
1965 550 2111 593 non,

2214 535 2503 605 ’ροφάσεως
2523 534 2590 607 ¹⁷]
2645 536 2745 589 οὐκ
2782 534 3073 596 ἀσκέπτως
3110 533 3234 603 ἐμοὶ
3260 532 3441 586 δοκεῖν
3462 528 3584 583 οὐδὲ
3610 530 3746 597 (pati-

2171 624 2275 687 ὶως
2297 626 2359 688 ’⁸,
2379 626 2489 679 οὐδ’
2512 627 2586 688 ὡς
2604 624 2880 691 ἐξέπεσεν,
2895 625 3008 679 ἀλλ’
3028 626 3173 688 ὅπως,
3198 620 3570 692 συγκρυφθείη
3586 636 3647 672 τε
3676 619 3748 683 ὡς

476 709 705 796 δυνατὸν
728 734 982 807 μάλιστα,
1001 730 1095 782 καὶ⁹
1120 729 1171 781 εῐ
1194 744 1275 789 τις
1301 724 1477 796 εὑρὼν
1499 721 1700 794 χρῷτο,
1724 720 1844 792 μηδ’
1870 718 2033 782 αὐτὸς
2045 717 2172 786 δοκῇ
2200 720 2511 787 παρελθεῖν,
2536 720 2656 791 ἀλλ’¹
2672 720 2821 789 ἐνείη
2840 721 2883 752 ¹⁹
2907 736 2920 750 ·
2940 719 3083 772 οὕτω
3114 718 3283 790 μέσην
3296 716 3419 769 τινὰ
3436 709 3563 786 εὗρε
3574 712 3747 777 τάξιν,

485 837 578 894 καὶ
600 835 718 902 ἅμα
732 827 868 899 πρὸς
881 828 947 897 τῇ
976 824 1197 892 τελευτῇ
1218 819 1309 873 τοῦ
1330 819 1491 888 λόγου
1502 817 1595 870 τοῦ
1620 816 1841 879 παντὸς,
1872 814 1908 869 ἃ
1929 812 2041 875 θεὶς
2069 811 2127 865 ὲν
2150 812 2290 883 ἀρχῇ
2317 818 2429 877 τοῖς
2456 814 2654 885 ἐφεξῆς
2676 815 2776 867 οὐκ
2794 812 3018 882 ἔμελλεν
3038 812 3180 878 ἕξειν
3201 814 3270 878 ⁸⁸,
3296 807 3474 878 οἶμαι,
3495 807 3747 879 χρῆσθαι.

558 897 754 999 4191)
782 897 901 973 Nec
956 915 1101 969 enim
1135 913 1186 966 id
1216 911 1582 980 qumrebatur,
1632 916 1812 961 utrum
1853 904 2067 959 facilius

2243 905 2319 956 Οὐ
2344 906 2451 975 γὰρ
2488 906 2597 958 si“
2628 904 2810 976 ῥᾴδιον
2833 903 2867 975 ἢ
2910 901 2986 973 μὴ
3011 900 3088 971 τῷ
3115 900 3229 954 δντι
3252 899 3505 969 γενέσθαι
3550 897 3751 968 ῥήτορα

486 1030 634 1076 esset
665 1019 938 1072 exsistere
984 1013 1070 1067 νει
1107 1027 1211 1067 non
1244 1009 1506 1064 exsistere
1533 1018 1721 1058 verum
1765 1011 2066 1054 oratorem.

2214 992 2466 1064 τροῦκειτο
2525 996 2777 1060 σκοπεῖν,
2833 991 2956 1046 ἐπεὶ
2997 989 3154 1043 τοῦτό
3194 1006 3259 1057 γε
3310 988 3402 1041 καὶ
3443 988 3605 1056 ἡμεῖς
3637 1023 3654 1046 ,
3704 985 3751 1036 εί

486 1112 627 1166 Nam
659 1110 764 1164 hoc
789 1106 1011 1177 quidem
1053 1114 1110 1158 et
1141 1118 1240 1157 nos
1271 1109 1557 1161 testamur,
1600 1110 1686 1159 ac,
1727 1093 1773 1147 si
1798 1089 2072 1145 Stentoris

2214 1085 2379 1149 οὖλει,
2433 1083 2820 1156 μαρτυροῦμεν
2843 1124 2856 1141 .
2900 1082 3006 1136 κᾶν
3036 1082 3084 1134 εί
3127 1079 3227 1151 τὴν
3259 1078 3548 1149 Στέντορος
3576 1073 3753 1145 φωνὴν

488 1202 817 1256 haberemus
882 1211 1071 1251 vocem
1146 1192 1610 1263 proclamaremus
1644 1224 1660 1250 ,
1723 1193 1779 1239 et
1830 1179 1984 1235 Nilus
2026 1178 2073 1233 si

2215 1175 2544 1247 τησαίμεθα,
2573 1173 2803 1244 φθεγξαί
2810 1172 2926 1244 μεθ’
2948 1172 3033 1237 ἂν,
3062 1169 3137 1234 ὡς
3158 1171 3216 1223 οὺ
3237 1170 3437 1241 ῥᾴδιον,
3462 1166 3564 1221 κᾶν
3582 1168 3613 1219 ό
3632 1166 3754 1217 Νεῖ-

492 1294 650 1349 ostiis
681 1300 889 1360 septem
923 1288 1066 1356 loqui
1105 1258 1319 1355 posset,
1353 1290 1412 1335 ut
1441 1278 1580 1350 apud
1607 1276 1903 1331 Homerum
1940 1271 2072 1326 Sca-

2214 1286 2292 1335 ος,
2320 1263 2365 1322 ὦ
2395 1268 2655 1339 μακάριε,
2691 1269 2803 1330 τοῖς
2842 1266 2979 1319 ἑπτὰ
3006 1265 3266 1334 στόμασιν
3300 1262 3348 1315 εἰ
3377 1260 3533 1313 λάϐοι
3554 1258 3753 1328 φωνὴν,

492 1386 742 1441 mander.
790 1382 895 1436 Sed
944 1389 1126 1434 utrum
1162 1376 1279 1431 ﬁeri
1309 1389 1410 1444 per
1462 1379 1712 1426 naturam
1756 1372 1962 1436 posset,
2003 1377 2072 1415 an

2214 1373 2369 1431 ῖσπερ
2397 1362 2426 1413 ὁ
2449 1359 2801 1429 Σκάμανδρος
2834 1357 2955 1411 καθ’
2981 1357 3250 1426 Ὅμηρον.
3286 1352 3430 1405 Ἀλλ’
3458 1352 3509 1403 εί
3536 1349 3755 1402 δυνατόν

493 1477 698 1535 minus,
734 1473 835 1526 hoc
876 1479 992 1524 erat
1038 1468 1090 1521 in
1126 1464 1426 1535 qua‘stione
1474 1459 1731 1529 positum.
1776 1454 1889 1510 Nec
1929 1452 2075 1507 enim

2214 1510 2215 1521 η
2245 1452 2339 1525 μὴ,
2375 1454 2468 1505 καὶ
2502 1451 2665 1519 φύσιν
2693 1448 2804 1503 ἐστ’
2834 1448 2957 1519 ἔχον
2990 1446 3283 1517 συμϐῆναι,
3311 1441 3455 1496 τοῦτ’
3474 1437 3543 1513 ἦν
3582 1443 3648 1493 ὲκ
3666 1438 3758 1491 τοῦ

493 1566 817 1635 simpliciter
849 1563 1030 1624 modo,
1052 1572 1228 1627 neque
1260 1564 1318 1609 ut
1350 1568 1495 1608 nunc
1515 1552 1881 1615 ostendimus,
1904 1549 2078 1615 ipsum

2217 1543 2366 1611 όγου.
2403 1542 2709 1613 Φανήσεται
2731 1542 2777 1573 ’⁸
2811 1540 2920 1611 γὰρ
2935 1540 2982 1572 ³³
3032 1538 3130 1606 οὐχ
3162 1534 3373 1599 ἁπλῶς,
3424 1533 3532 1586 οὐδ’
3560 1533 3637 1593 ὼς
3668 1529 3762 1583 νῦν

498 1622 617 1712 sibi.
649 1622 1092 1715 contradixisse,
1139 1622 1234 1702 sed
1286 1656 1343 1701 et
1394 1646 1520 1700 dum
1558 1644 1681 1698 illos
1728 1635 2083 1711 reprehendit

2214 1635 2351 1687 ιόνον
2382 1630 2749 1702 δείκνυμεν²⁸,
2782 1631 2863 1692 είς
2893 1630 3019 1691 τοὺς
3051 1627 3329 1687 ἐναντίους
3362 1622 3636 1693 ἐληλυθὼς
3663 1622 3763 1673 αὐ-

498 1749 647 1803 hunc
673 1744 993 1806 Aristidem,
1018 1754 1178 1810 quem
1212 1737 1476 1801 laudavit,
1508 1736 1733 1790 laudare
1762 1709 1869 1788 non
1901 1743 2079 1801 posse,

2214 1722 2275 1786 τὸς
2299 1721 2497 1791 ἑαυτῷ,
2526 1720 2661 1773 ἀλλὰ
2682 1719 2776 1773 καὶ
2802 1718 2863 1783 ἐξ
2884 1712 2958 1771 ὧν
2981 1718 3221 1778 ἐκείνους
3239 1715 3456 1785 ᾐτίαται
3485 1709 3763 1783 [τοῦτονιδ]

503 1848 598 1892 aut
630 1836 676 1890 si
705 1836 849 1889 hunc
881 1842 1029 1886 recte
1074 1829 1276 1893 laudat,
1319 1826 1445 1881 illos
1477 1825 1667 1879 eadem
1694 1822 1763 1877 de
1786 1834 1951 1876 causa
1998 1833 2084 1872 re-

2214 1815 2537 1885 Δριστείδην
2561 1814 2619 1867 ὃν
2648 1813 2911 1883 ἐπῄνεσεν
2942 1811 3195 1864 ἐπαινεῖν
3217 1810 3318 1862 οὐκ
3344 1807 3508 1876 ἔχων,
3537 1804 3573 1874 ἢ
3614 1806 3769 1874 εἰπερ

503 1926 843 1997 prehendere
884 1936 991 1975 non
1047 1932 1206 1987 posse
1263 1916 1680 1971 declarabimus.
1732 1910 1946 1966 Etenim
1981 1909 2086 1963 hoc

2214 1904 2365 1976 ιρθῶς
2403 1906 2617 1959 ἐπαινεῖ
2645 1903 2856 1968 τοῦτον,
2892 1902 2979 1955 διὰ
3000 1902 3060 1954 τὸ
3079 1901 3212 1954 αὐτὸ
3238 1898 3397 1952 τοῦτο
3418 1896 3528 1950 οὐδ’
3552 1896 3601 1927 ’⁸
3631 1894 3771 1946 ὲκεί-

506 2019 664 2072 maiae
704 2017 945 2084 ipsorum
974 2007 1467 2073 administrationis
1502 2008 1718 2074 signum
1733 2003 1905 2073 ponit,
1937 2000 2083 2070 quod

2214 2016 2311 2062 ὀυς
2348 1998 2488 2068 ἔχων
2508 1996 2874 2052 αἰτιάσασθαι.
2900 1996 3057 2061 Πῶς;
3091 1994 3174 2047 ὅτι
3214 1991 3480 2062 σύμὸολον
3498 1991 3565 2055 ³⁷,
3597 1984 3770 2057 οῐμαι,

509 2113 578 2166 ab
608 2081 1038 2163 Atheniensibus
1072 2104 1213 2157 male
1244 2101 1355 2157 sint
1388 2098 1625 2163 tractati,
1659 2096 1814 2166 quasi
1840 2095 1932 2166 qui
1967 2092 2086 2149 fue-

2214 2093 2429 2145 τοιεῖται
2462 2089 2559 2143 τοῦ
2614 2089 2798 2151 κακῶς
2843 2087 3143 2158 ’Δθηναίων
3175 2084 3416 2146 ἐκείνους
3472 2081 3774 2153 προστῆναι

508 2211 632 2255 rant
664 2199 730 2251 ab
756 2197 888 2264 ipsis
920 2193 1111 2263 Optimi
1144 2190 1339 2247 redditi
1372 2231 1385 2253 ,
1420 2203 1527 2241 non
1569 2187 1886 2240 debuissent
1908 2184 1963 2237 in
1996 2197 2090 2236 eos

2214 2182 2252 2235 πὸ
2278 2182 2473 2234 παθεῖν
2506 2181 2704 2243 αὐτοὺς
2735 2179 2826 2233 ὑπ’
2870 2177 3173 2248 Ἀθηναίων
3206 2176 3411 2239 κακῶς,
3443 2174 3519 2236 ὡς
3552 2175 3656 2225 οὐκ
3709 2171 3774 2223 ἂν

511 2261 899 2356 ρεοοιιτθξρει·
921 2261 1058 2350 quos
1081 2280 1242 2334 etiam
1272 2278 1340 2331 ab
1372 2276 1495 2330 aliis
1526 2273 1785 2328 lzedeudis
1813 2273 2091 2326 abstinere

2214 2271 2318 2334 πούς
2338 2287 2402 2339 γε
2416 2271 2462 2301 ’⁸
2494 2270 2735 2340 βελτίους
2764 2268 2858 2322 ὑπ’
2886 2267 3066 2321 αὐτῶν
3083 2266 3409 2336 γενομένους
3432 2261 3776 2333 ἁμαρτόντας

515 2378 836 2433 didicerant.
880 2374 1010 2439 Quae
1051 2385 1173 2425 cum
1224 2370 1299 2424 ita
1346 2367 1636 2438 posuisset,
1682 2375 1737 2418 et
1780 2362 1997 2432 aurigas
2026 2376 2091 2415 ac

2214 2363 2274 2423 :ic;
2306 2359 2551 2422 τούτους,
2594 2358 2685 2428 ὑφ’
2730 2352 2807 2412 ὧν
2848 2356 2971 2427 μηδ’
3008 2356 3091 2416 εἰς
3134 2356 3260 2418 τοὺς
3292 2354 3486 2417 ἄλλους
3529 2348 3778 2423 ἁμαρτά-

516 2468 715 2523 similia
745 2467 851 2521 huc
882 2462 1217 2526 adduxisset,
1256 2460 1552 2513 Aristidem
1588 2442 1772 2510 tamen
1798 2470 1903 2508 non
1933 2454 2093 2507 modo

518 2576 622 2614 non
659 2554 1035 2627 reprehendit,
1074 2552 1168 2606 sed
1212 2559 1267 2605 et
1296 2551 1438 2604 inter
1468 2557 1696 2603 caeteros
1730 2544 1990 2600 eximium
2011 2543 2096 2613 ju-

518 2647 737 2703 dicavit.
789 2644 950 2712 Atqui
990 2643 1035 2697 si
1082 2641 1151 2695 ab
1198 2638 1628 2693 Atheniensibus
1681 2634 1823 2690 male
1852 2633 2094 2696 multari,

518 2738 672 2792 mala:
701 2736 944 2805 ipsorum
982 2729 1391 2801 gubernationis
1420 2738 1537 2783 erat
1562 2728 1777 2797 signum
1800 2764 1816 2790 ,
1858 2740 1925 2780 ne
1973 2724 2100 2779 Ari-

527 2828 699 2883 stides
730 2824 949 2894 quidem
1004 2831 1154 2875 recte
1199 2834 1294 2873 eos
1335 2819 1502 2883 rexit,
1531 2818 1966 2888 quandoquidem
2003 2829 2102 2869 nec

521 2917 639 2984 ipse
686 2915 908 2982 impune
932 2910 1130 2976 evasit,
1169 2908 1300 2977 quin
1344 2908 1622 2962 excideret
1658 2907 1863 2976 :idque
1903 2920 2008 2960 non
2047 2905 2101 2957 in

523 3007 700 3070 curia,
736 3006 877 3058 sicut
900 2999 1139 3057 Pericles
1170 3007 1224 3052 et
1260 2997 1552 3061 Miltiades,
1588 3010 1688 3051 nec
1716 3010 1812 3065 per
1841 3009 1937 3049 eos
1965 3008 2103 3063 quos

2197 2468 2309 2506 νειν
2346 2450 2766 2519 ἐπαιδεύθησαν.
2798 2446 2983 2502 Ταῦτα
3019 2447 3077 2500 δὲ
3118 2446 3260 2499 οὕτω
3318 2445 3455 2508 θεὶς,
3501 2445 3601 2497 καὶ
3636 2442 3780 2513 ἡνιό-

2197 2563 2324 2615 χους
2344 2546 2389 2576 ’³
2425 2546 2516 2598 καὶ
2540 2543 2611 2597 τὰ
2669 2543 2894 2596 τοιαῦτα
2945 2539 3329 2608 ὲπεισαγαγὼν
3369 2539 3639 2603 ἐνταυθοῖ,
3683 2536 3777 2589 τόν

2200 2653 2265 2705 γε
2289 2636 2334 2667 ⁸ο
2382 2634 2725 2706 Ἀριστείδην
2771 2634 2833 2686 οὐ
2882 2631 3040 2701 μόνον
3078 2631 3234 2683 οὐδὲν
3272 2628 3477 2697 φαῦλον
3528 2628 3777 2698 εἴρηκεν,

2200 2726 2338 2783 ἀλλὰ
2373 2726 2470 2778 καὶ
2505 2723 2692 2794 σαφῶς
2714 2722 2993 2794 ἐξαίρετον
3019 2721 3128 2774 τῶν
3166 2720 3339 2776 ἄλλων
3383 2719 3679 2787 πεποίηται
3709 2716 3777 2769 ⁸⁸.

2203 2820 2398 2874 Καίτοι
2448 2819 2497 2871 εί
2550 2818 2614 2870 τὸ
2661 2816 2856 2870 παθεῖν
2905 2812 3091 2877 κακῶς
3121 2813 3213 2866 ὑπ’
3251 2810 3551 2880 Ἀθηναίων
3599 2805 3669 2879 ἦν
3720 2825 3777 2861 τι

2203 2912 2402 2980 δεῖγμα
2426 2909 2522 2962 τοῦ
2564 2908 2638 2979 μὴ
2693 2905 2873 2968 καλῶς
2939 2902 3241 2975 Ἀθηναίων
3292 2900 3628 2971 προστῆναι,
3673 2898 3785 2952 οὐδ’

2219 3000 2558 3072 Ἀριστείδης
2590 2996 2837 3070 προῦστη
2879 2996 3061 3057 καλῶς
3081 3010 3096 3024 '
3135 2994 3257 3049 οὐδὲ
3281 2994 3388 3064 γὰρ
3414 2987 3569 3056 οὗτος
3608 2992 3787 3055 ἀθῶος

526 3096 708 3166 populi
742 3107 905 3149 causa
932 3091 1253 3157 offenderat,
1289 3104 1480 3143 verum
1518 3088 1587 3142 ab
1631 3088 1748 3155 ipso
1779 3084 2100 3139 testularum

2214 3092 2273 3162 δή
2326 3108 2429 3144 που
2464 3091 2743 3159 διέφυγεν,
2803 3086 2919 3140 ἀλλ’
2970 3083 3214 3149 ἐξέπεσε.
3249 3082 3551 3153 Προσθήσω
3598 3082 3658 3134 δὲ
3705 3080 3788 3134 ὅτι

526 3188 791 3254 sutiragio
820 3184 1219 3239 condemnatus
1246 3180 1384 3249 (86).
1419 3178 1526 3233 Sed
1552 3178 1885 3245 gubernator
1911 3174 2101 3230 omnia

528 3279 719 3345 novit;
747 3284 802 3330 et
830 3275 1007 3344 ipsum
1050 3273 1268 3342 quidem
1293 3270 1477 3339 plures
1504 3269 1645 3323 ultra
1680 3267 1829 3321 mille
1858 3278 2103 3328 servare,

526 3380 803 3425 oratorem
845 3380 975 3421 vero
1028 3380 1134 3419 non
1177 3362 1451 3435 [Egyptiis
1500 3362 1751 3425 navibus,
1799 3372 1899 3413 nec
1941 3357 2107 3411 etiam

529 3462 704 3517 classe
738 3468 848 3514 tota
886 3457 1117 3513 salutem
1147 3456 1399 3521 delinire,
1431 3455 1524 3510 sed
1558 3463 1612 3509 et
1646 3462 1834 3522 portus
1872 3452 2020 3521 ipsos
2056 3458 2112 3504 et

530 3553 717 3617 urbes,
742 3565 849 3605 non
892 3559 1102 3604 tantum
1126 3546 1316 3601 decem
1355 3546 1638 3600 hominum
1682 3543 1912 3599 millium
1948 3556 2111 3611 capa-

531 3659 646 3708 ces,
680 3656 780 3713 pro
804 3641 1032 3696 navibus
1054 3641 1238 3693 decem
1266 3637 1495 3692 millium
1520 3637 1718 3706 pondo,
1741 3650 1928 3689 verum
1947 3634 2112 3688 etiam

534 3751 644 3790 non
687 3733 846 3789 facile
880 3732 981 3788 sub
1011 3744 1322 3785 mensuram
1358 3730 1617 3783 cadentes
1654 3742 1753 3783 suo
1789 3740 1979 3794 regere
2017 3724 2114 3777 im-

534 3826 710 3896 perio.
765 3826 843 3878 Ac
887 3823 1217 3893 gubernator
1258 3819 1483 3889 quidem
1536 3827 1826 3888 postquam
1870 3816 2112 3886 appulit,

538 3928 656 3972 arte
698 3933 802 3971 non
859 3915 1091 3985 amplius
1134 3914 1344 3979 utitur,
1386 3912 1592 3965 oratori
1639 3925 1771 3964 vero
1817 3910 1997 3963 nullus
2033 3915 2119 3962 est

536 4024 743 4065 vacuus
783 4009 954 4061 locus.
990 4006 1189 4061 Verqu
1225 4020 1294 4057 ne
1334 4018 1514 4057 sermo
1556 4001 1795 4057 sermoni
1838 4002 2114 4063 succedat,

535 4116 661 4156 cum
709 4096 978 4153 sulﬁciant
1024 4110 1090 4150 ea
1129 4112 1249 4165 qua:
1307 4104 1433 4149 sunt
1478 4095 1709 4161 potiora,
1764 4094 2012 4147 omittam
2064 4094 2117 4147 in

537 4189 831 4260 praesentia
865 4187 1167 4255 longiorem
1197 4186 1299 4240 hac
1330 4186 1396 4239 de
1434 4198 1491 4239 re
1530 4183 1730 4254 h20a
1794 4184 2120 4253 disputatio-

539 4298 688 4337 nem.
724 4279 1073 4335 Rhetoricam
1110 4293 1207 4347 per
1239 4293 1431 4332 omnes
1459 4278 1721 4331 virtutum
1753 4288 1941 4347 partes
1957 4293 2121 4347 pene-

539 4388 709 4440 trare,
734 4391 854 4429 cum
886 4388 983 4443 per
1010 4371 1355 4442 prudentiam
1391 4371 1464 4425 sit
1493 4371 1713 4425 inventa
1758 4385 1857 4440 pro
1883 4370 2119 4440 iustitia,

2211 3178 2367 3247 οὗτός
2397 3199 2462 3253 γε
2491 3182 2643 3236 οὐδὲν
2672 3178 3010 3248 δικαστηρίῳ
3031 3165 3371 3246 δυστυχήσας
3416 3173 3604 3244 ὥσπερ
3645 3174 3787 3228 Μιλ-

2211 3276 2400 3346 τιάδης
2428 3273 2526 3329 καὶ
2578 3271 2873 3342 Περικλῆς,
2923 3268 3033 3322 οὐδ’
3087 3267 3194 3321 ὑπὸ
3223 3266 3427 3319 τούτων
3477 3260 3562 3329 οἷς
3611 3282 3785 3335 προσ-

2214 3369 2476 3438 έκρουσεν
2501 3365 2641 3435 ὑπὲρ
2668 3363 2778 3416 τῶν
2812 3360 3047 3425 πολλῶν,
3081 3358 3197 3413 ἀλλ’
3228 3357 3671 3428 ἐξοστρακισθεὶς
3699 3358 3787 3409 ὑπ’

2213 3457 2382 3514 αὑτοῦ
2436 3456 2532 3511 τοῦ
2572 3457 2769 3527 δήμου.
2829 3453 3047 3506 Ἐστι³³
3092 3452 3150 3506 δὲ
3202 3452 3297 3505 καὶ
3334 3451 3644 3520 κυϐερνήτῃ
3696 3450 3789 3502 καὶ

2213 3550 2379 3604 παντὶ
2410 3550 2643 3603 συνιδεῖν
2668 3548 2751 3599 ὅτι
2785 3543 3125 3615 κυϐερνήτης
3158 3542 3256 3613 μὲν
3298 3543 3448 3604 ὅστις
3501 3540 3786 3602 πλείστους

2217 3640 2504 3712 ἁθρόους³⁸
2534 3640 2737 3693 ἔσωσεν
2773 3637 2911 3706 ὑπὲρ
2936 3636 2982 3667 ³⁸
3006 3634 3232 3706 χιλίους,
3262 3635 3324 3686 τὸ
3352 3633 3409 3686 δὲ
3437 3632 3532 3686 τοῦ
3563 3634 3785 3703 ῥήτορλλς

2216 3734 2493 3803 πλήρωμα
2522 3730 2551 3784 ὃ
2580 3728 2741 3792 σώζει
2787 3728 2848 3780 οὐ
2883 3726 3024 3779 κατὰ
3073 3722 3206 3777 ναῦν
3253 3725 3401 3776 ἐστιν
3460 3724 3783 3791 Αἰγυπτίαν,

2216 3826 2341 3879 οὐδέ
2369 3841 2431 3892 γε
2464 3823 2629 3895 [1264
2660 3819 2757 3892 3.]
2800 3820 2935 3881 ὅλως
2972 3820 3254 3888 μετρεῖται
3297 3815 3489 3885 στόλῳ,
3520 3814 3658 3868 ἀλλὰ
3700 3815 3787 3867 καὶ

2218 3916 2439 3987 λιμένες
2471 3913 2626 3967 αὐτοὶ
2648 3912 2693 3944 ³³
2722 3913 2819 3966 καὶ
2850 3909 3033 3971 πόλεις
3057 3909 3118 3961 οὐ
3154 3906 3464 3978 μυρίανδροι
3496 3906 3657 3975 μόνον
3676 3906 3787 3957 ἀντὶ

2219 4009 2330 4064 τῶν
2379 4006 2753 4077 μυριοφόρων,
2796 4002 2932 4055 ἀλλὰ
2986 4000 3080 4053 καὶ
3125 3999 3389 4069 μετρῆσαι
3429 3996 3687 4066 χαλεπαὶ,
3725 3999 3786 4064 τῇ

2220 4102 2320 4170 τῆς
2351 4100 2647 4170 ῥητορικῆς
2682 4094 3048 4149 ὑποπίπτουσι
3076 4092 3214 4162 τύχῃ
3239 4107 3300 4143 τε
3345 4090 3439 4143 καὶ⁸
3466 4088 3788 4159 προστασίᾳ.

2222 4194 2335 4248 Καὶ
2360 4194 2387 4246 ό
2421 4191 2518 4261 μέν
2552 4207 2611 4259 γε
2625 4190 2670 4221 ³³
2717 4186 3057 4257 κυϐερνήτης
3104 4184 3349 4253 κατάρας
3376 4180 3558 4233 οὐκέτι
3598 4178 3713 4249 ἔχει
3743 4177 3792 4229 τί

2224 4286 2490 4355 χρήσεται
2522 4283 2589 4351 τῇ
2618 4279 2783 4351 τέχνῃ
2807 4292 2821 4306 ’
2852 4275 2946 4329 τοῦ
2973 4275 3031 4327 δὲ
3067 4276 3291 4344 ῥήτορος
3332 4270 3483 4323 οὐδέν
3523 4272 3641 4323 ἐστι
3692 4287 3793 4337 χω-

2230 4376 2344 4446 ρίον
2378 4373 2674 4443 ἐξαίρετον.
2744 4367 2881 4421 Ἀλλ’
2935 4367 3023 4420 ἵνα
3059 4365 3101 4397 ³⁷
3141 4363 3217 4435 μὴ
3243 4363 3399 4429 λόγος
3454 4362 3585 4431 ήμῖν
3642 4360 3793 4427 λόγον

538 4469 1009 4539 temperautiaque
1036 4475 1091 4521 et
1130 4464 1451 4520 fortitudine
1482 4474 1860 4519 conservetur.
1899 4466 2034 4520 Item
2066 4474 2111 4519 et

2229 4462 2533 4532 ὲκδέξηται,
2556 4457 2839 4527 ἀγαπητὸν
2867 4454 2927 4508 ὃν
2957 4456 3005 4508 εί
3044 4455 3139 4507 καὶ
3165 4455 3276 4515 τοῖς
3307 4451 3617 4521 ἐπικαίροις
3640 4450 3794 4517 ἐξαρ-

539 4565 593 4618 in
646 4562 731 4616 his
784 4561 916 4615 licet
950 4559 1408 4613 animadvertere.
1452 4557 1667 4611 Etenim
1727 4570 1853 4610 cum
1896 4557 1969 4611 sit
2018 4556 2122 4611 hoc

539 4651 876 4715 coucionari,
892 4665 955 4704 ea
980 4650 1181 4718 quibus
1197 4663 1335 4716 opus
1349 4657 1434 4701 est
1455 4649 1703 4702 invenire
1724 4662 1789 4702 ac
1807 4647 2119 4717 disponere,

541 4757 607 4796 ac
632 4744 890 4796 decorum
921 4757 1043 4794 cum
1081 4750 1277 4795 ornatu
1317 4749 1371 4793 et
1397 4748 1668 4809 potestate
1691 4738 2006 4804 observare,
2037 4739 2124 4793 in-

541 4834 728 4889 ventio
754 4832 969 4900 quidem
1002 4831 1305 4901 prudentiae
1349 4829 1601 4893 debetur,
1641 4842 1766 4883 cum
1802 4840 2039 4898 nequeat
2078 4830 2124 4883 is

541 4925 637 4995 qui
668 4924 955 4995 prudentia
985 4931 1193 4988 careat,
1228 4921 1358 4975 utile
1381 4921 1674 4990 quidquam
1698 4920 1965 4986 invenire,
1992 4931 2125 4974 tem-

542 5016 787 5088 perantia
831 5030 961 5068 vero
1003 5012 1464 5067 administrationi
1506 5021 1721 5081 praeest,
1762 5020 1817 5065 et
1851 5011 2125 5081 imperan-

2228 4555 2516 4625 κέσαιμεν,
2544 4551 2618 4603 ἐῶ
2645 4550 2705 4603 τὸ
2730 4548 2825 4601 νῦν
2851 4544 2990 4601 εἶναι
3013 4545 3110 4616 τὴν
3140 4543 3277 4614 ὑπὲρ
3306 4541 3492 4595 τούτου
3518 4541 3792 4610 διαφοράν.

2233 4645 2362 4719 [685
2398 4644 2491 4715 Η.]
2526 4644 2648 4697 Ὅτι
2695 4640 2797 4712 ή³⁸
2856 4637 3119 4710 ῥητορικὴ
3164 4636 3253 4690 διὰ
3307 4635 3524 4690 πάντων
3553 4634 3664 4685 τῶν
3701 4635 3794 4700 τῆς

2229 4739 2431 4809 ἀρετῆς
2464 4734 2670 4806 μορίων
2694 4732 2890 4803 διήκει,
2930 4729 3190 4799 φρονήσει
3243 4726 3341 4795 μὲν
3375 4724 3681 4794 εὑρεθεῖσα,
3706 4724 3785 4775 εὑ-

2235 4828 2451 4900 ρεθεῖσα
2507 4826 2565 4879 δὲ
2632 4823 2773 4893 ὑπὲρ
2822 4821 3193 4887 δικαιοσὺνης,
3245 4814 3567 4886 σωφροσύνῃ
3598 4814 3655 4865 δὲ
3705 4812 3793 4863 καὶ

2230 4920 2456 4991 ἀνδρείᾳ
2486 4915 2865 4988 φυλαττομένη
2892 4914 2956 4966 ³9.
2987 4910 3155 4963 Τοῦτο
3191 4908 3246 4961 δὲ
3277 4909 3371 4961 καὶ
3416 4908 3557 4961 κατὰ
3584 4906 3790 4965 τούτους

2230 5013 2356 5075 τοὺς
2393 5010 2587 5078 λόγους
2619 5007 2735 5077 [οὒς
2768 5004 2947 5073 μέλλω
2969 5002 3013 5035 ⁸ο
3049 5003 3221 5055 εἰπεῖν
3244 4998 3432 5069 αὐτῆς]
3470 5000 3596 5052 ἰδεῖν
3634 4997 3789 5049 ἐστιν.

1842 5191 2076 5249 γΑιιιᾹῑ
2114 5188 2521 5248 LECTIONES.

613 5317 653 5345 ”
677 5314 855 5384 χωρίς
888 5329 1031 5375 τινος
1059 5312 1383 5383 προφάσεως
1411 5327 1523 5365 om.
1572 5314 1636 5384 ᾼ.

1714 5315 1758 5344 ¹⁸
1805 5314 1927 5366 οὐδὲ
1975 5314 2194 5383 φαύλως
2223 5331 2333 5369 om.
2367 5316 2432 5368 A.
2516 5311 2559 5342 ¹⁹
2745 5306 2891 5383 ἐνείη
2916 5305 3135 5383 ιοῐῙιί-ᾼ.
3296 5307 3410 5383 ῖοξς
3445 5335 3512 5343 -
3539 5305 3677 5369 ἕξειν
3701 5305 3788 5383 Af

540 5374 838 5463 ﬁ‘iG-EEEt-zt
858 5403 919 5448 ς.
997 5374 1040 5463 ’4⁸
1070 5374 1343 5463 οὗργάρκεί
1366 5383 1448 5463 _(p.
1625 5384 1753 5453 ἡμῖν
1782 5384 1915 5463 δξ-οὺ
1935 5374 2031 5463 ,ΑΖΔ
2092 5386 2136 5463 ξ’
2163 5374 2565 5463 φανήσετα-ιλρ.
2600 5378 2722 5463 lii).
2798 5379 2843 5408 ”
2869 5374 3158 5463 γὰρξδἋξα
3215 5375 3269 5463 ’ξ
3291 5375 3573 5463 δεείκινυμεν
3603 5391 3707 5429 om.

543 5460 594 5491 ³³
618 5454 805 5507 τοῦτον
835 5470 946 5546 om.
997 5452 1062 5506 A.
1139 5454 1185 5485 ’⁸
1209 5446 1314 5504 οὔδ’
1351 5446 1451 5505 Ᾱ’;
1490 5446 1733 5517 οὺδὲνἿς.
1811 5456 1854 5486 ’⁷
1887 5446 2191 5525 σύμϐουλον
2217 5446 2546 5506 -’ποιεῖ”Ᾱ.
2626 5450 2673 5481 ’⁸
2702 5464 2765 5517 γε
2815 5463 2925 5500 om.
2974 5450 3038 5500 A.
3115 5447 3158 5478 ²⁹
3185 5448 3278 5499 καὶ
3303 5446 3547 5546 ήνιόγους
3593 5461 3675 5498 om
3730 5446 3791 5496 A.

547 5530 589 5546 In
621 5542 678 5546 η-
726 5540 804 5546 η...
1025 5523 1065 5546 at
1108 5523 1371 5546 _-_-r‘---
1430 5524 1452 5546 Α
1558 5524 1600 5546 εις
1648 5524 1755 5546 ι---
1820 5524 1892 5546 an
1935 5542 1959 5546 __
2037 5526 2133 5546 IP‘H
2253 5525 2296 5546 η
2353 5522 2556 5546 ιη-ι-.-
2618 5520 2640 5546 Α
2749 5517 2962 5546 ἢθη-λη
3013 5531 3097 5546 η...
3162 5518 3188 5546 Λ
3346 5504 3538 5546 δαὶ-Αἵ
3599 5533 3677 5546 ιι...
3741 5518 3765 5546 Δ

544 5530 589 5559 ³⁰
618 5542 683 5592 γε
722 5540 829 5576 om.
881 5524 947 5575 A.
1025 5523 1065 5553 ³¹
1106 5523 1371 5594 πεποίηκε
1420 5524 1495 5594 Α,
1558 5524 1600 5554 ³²
1645 5524 1759 5576 ἐστι
1816 5524 1893 5594 δὲ]

544 5530 589 5559 ³ο
618 5542 683 5592 γε
722 5540 829 5576 om.
881 5526 947 5575 A.
1025 5526 1371 5608 “ur-:satplnxs
1420 5526 1496 5603 Α..
1558 5526 1600 5554 ³³
1645 5526 1759 5576 ἐστι
1816 5526 1893 5594 δὲ]
1933 5542 1987 5595 p.
2036 5526 2156 5579 l55.
2251 5526 2297 5557 ³³
2345 5526 2556 5593 ἀθρόως
2608 5526 2672 5574 Α.

544 5598 589 5634 ³⁸
618 5610 681 5656 γε
711 5610 818 5649 om.
851 5595 915 5646 A.
992 5594 1032 5625 ³⁷
1069 5593 1169 5645 αλλ
1217 5593 1324 5657 ιιι-ί]
1351 5610 1401 5661 p.
1436 5593 1552 5647 l57.
1632 5595 1674 5625 ³⁸
1701 5596 1782 5647 ὅτι
1806 5594 1864 5665 ή]
1898 5614 1949 5664 p.
1984 5595 2101 5649 l60.
2180 5595 2225 5627 ³⁹
2250 5591 2632 5664 φυλασσομένη
2660 5608 2719 5654 ς.

3013 5531 3120 5570 om.
3154 5518 3219 5572 A.
3320 5517 3543 5567 ³³αὑτο¹ι
3598 5533 3680 5568 om
3732 5518 3792 5567 Δ.

2251 5525 2297 5557 ³³
2345 5522 2561 5593 ἀθρόως
2608 5520 2672 5574 Α.
2749 5517 2963 5593 ³⁸,ῥπερ

2794 5587 2840 5619 ⁸ο
2865 5585 2957 5650 οὓς
2992 5586 3167 5657 μέλλω
3194 5587 3364 5640 εἰπεῖν
3398 5585 3565 5656 αὐτῆς
3595 5601 3677 5641 om
3732 5590 3791 5635 Δ.

620 5818 728 5888 (86)
770 5821 897 5873 Vide
930 5820 1274 5874 Plutarchum
1300 5833 1346 5873 et
1384 5820 1641 5885 Probum,
1668 5839 1760 5875 seu
1796 5822 1962 5877 Corn.
2009 5728 2304 5890 5333:.
