3960 6436
233 379 356 446 1521

1231 384 1749 449 BIBLIOTHECA.
1785 386 1857 424 -λ
1888 389 2050 450 COD.
2090 388 2409 452 CCXLVII.

3334 392 3479 458 1522'

228 491 379 546 Ἐστι
404 489 499 559 μὲν
525 486 634 557 γὰρ
684 487 748 558 δή
801 488 962 541 πουδι
1002 476 1320 561 ῥητορεύειν
1376 493 1438 546 τὸ
1477 494 1549 547 τὰ
1595 495 1787 550 δέοντα

1919 496 2026 550 ium
2060 513 2123 553 ac
2152 499 2453 566 parentium
2482 497 2805 553 concordiae.
2843 499 2973 554 Nam
3001 514 3100 570 pro
3117 500 3332 571 justitia
3365 506 3465 560 de-

225 582 459 652 ἐξευρεῖν
477 579 520 610 “
552 580 647 631 καὶ
695 579 859 644 τάξαι
889 580 985 633 καὶ
1040 580 1110 634 τά
1165 582 1444 652 πρέποντα
1493 585 1785 640 ἀποδοῦναι

228 676 360 747 μετὰ
388 673 587 741 κόσμου
619 673 1042 743 καὶδυνάμεως.
1065 674 1318 730 Φαίνεται
1347 676 1404 729 δὲ
1430 679 1462 748 ἡ
1497 679 1597 748 μὲν
1628 678 1787 749 εὔρε-

226 785 305 830 σις
332 765 468 819 κατὰ
509 765 607 835 τὴν
652 764 914 835 φρόνησιν
959 764 1180 836 ἔχουσα,
1240 767 1457 839 ein-ep”
1513 771 1791 841 ἀμήχανον

227 858 532 928 φρονήσεως
602 856 1034 927 ἀπολειπόμενον
1104 857 1214 911 τῶν
1262 860 1551 931 χρησίμων
1607 863 1792 933 εὑρεῖν

232 945 404 1000 ὁτιοῦν
432 945 501 1011 ⁸⁵,
534 947 566 1015 ἡ
604 945 663 1000 δὲ
721 946 1043 1019 σωφροσύνη
1087 948 1229 1002 κατά
1264 949 1364 1021 τὴν
1410 950 1791 1021 διαχείρισινδδ

226 1038 355 1093 οὖσα
386 1037 476 1091 καὶ
507 1037 608 1108 τὴν
643 1037 755 1090 τῶν
797 1037 1123 1109 ἡγουμένων
1162 1056 1223 1092 τε
1258 1040 1353 1095 καὶ
1385 1042 1614 1095 εἰκότων
1656 1060 1796 1113 συμ-

222 1130 422 1200 φωνίαν
443 1145 458 1159 ·
490 1130 612 1183 ἀντὶ
628 1130 675 1168 lt“
711 1130 757 1181 δ’
809 1129 983 1200 αὐτῆς
999 1130 1043 1162 ’⁵⁷
1075 1130 1423 1202 δικαιοσύνης
1473 1133 1536 1206 τὸ
1586 1134 1797 1205 πρέπον

222 1220 376 1273 τιθεῖ.
406 1218 579 1272 Τοῦτο
608 1219 665 1272 δέ
699 1221 847 1273 ἐστιν
869 1221 1032 1273 ὁποῖα
1048 1219 1096 1252 ⁸⁸
1128 1221 1266 1275 ἅττα
1307 1224 1405 1277 καὶ
1438 1224 1611 1278 ὁπόσα
1631 1241 1799 1295 προσ-

220 1315 341 1383 ήκει
362 1312 578 1382 ἑκάστῳ
596 1312 766 1365 σῶσαι
787 1312 865 1383 τῷ
884 1313 1194 1384 πράγματι.
1229 1315 1391 1369 Ἀλλά
1414 1315 1521 1388 μὴν
1544 1317 1802 1386 ἀνδρείας

221 1404 283 1454 ἐκ
307 1400 402 1453 τοῦ
436 1400 621 1464 εὐθέος
670 1402 792 1455 οὐδὲ
844 1402 988 1456 οὕτω
1009 1402 1134 1445 ⁵⁹ο³⁰
1187 1404 1436 1474 μετέχειν
1467 1405 1544 1468 ὡς
1580 1407 1608 1459 ὀ
1642 1405 1800 1475 λόγος

224 1492 468 1562 βούλεται
490 1504 508 1522 ⁶
541 1493 602 1545 τὸ
630 1493 739 1563 γὰρ
768 1494 1022 1553 ταπεινὸν
1054 1494 1150 1547 καὶ
1177 1495 1401 1564 ἀγεννὲς
1428 1497 1583 1550 οὐδὲν
1603 1497 1799 1563 οὕτως,

219 1583 292 1646 ὡς
315 1585 344 1636 6
372 1582 552 1650 λόγος,
586 1583 822 1653 ἐξορίζει
850 1585 945 1638 καὶ
981 1586 1349 1655 ὑπερφρονεῖν
1385 1586 1495 1641 εἷεν
1518 1588 1588 1641 ⁵¹.
1631 1582 1801 1651 Οὗτος

220 1676 248 1726 ὀ
273 1671 542 1725 νουθετῶν
563 1673 770 1726 ἁνύτει.
792 1666 962 1737 Οὗτος
988 1676 1017 1727 6
1043 1675 1366 1747 κατηγορῶν
1392 1677 1712 1732 πιστεύεται
1731 1679 1799 1734 ⁵³.

221 1764 328 1816 Καὶ
352 1763 459 1832 μὴν
490 1764 640 1826 ὅστις
657 1764 704 1795 ⁵³
743 1781 807 1832 γε
840 1764 876 1819 ἃ.
917 1767 1162 1838 προσῆκε
1197 1766 1378 1835 λέγειν
1404 1762 1567 1833 οἶδεν,
1598 1763 1739 1822 οἶδεν
1756 1768 1803 1802 ⁸⁸

1893 601 2081 641 corum
2108 595 2361 654 ponatur,
2401 588 2545 657 quod
2588 588 2642 642 in
2672 604 2739 643 eo
2774 590 3049 655 consistit,
3088 599 3148 646 ut
3180 604 3383 662 quanta
3412 601 3471 648 et

1894 678 2079 747 qualia
2114 678 2346 749 singulis
2382 680 2546 734 rebus
2570 681 2918 745 conveniant,
2951 683 3295 739 observetur.
3328 684 3465 739 For-

1896 768 2186 824 titudinem
2214 778 2396 823 autem
2423 768 2558 823 nihil
2580 768 2716 823 adeo
2756 770 3009 839 requirit,
3041 778 3099 824 ut
3122 772 3322 827 oratio.
3372 771 3468 827 Ni-

1897 860 1974 914 hil
2012 860 2155 915 enim
2189 862 2519 916 exterminat
2551 861 2762 931 longius
2788 876 2852 916 ac
2880 863 3282 934 despicitasque
3312 865 3467 934 igno-

1896 948 2166 1005 bilitatem
2202 965 2364 1020 quam
2415 950 2612 1005 oratio.
2664 950 2797 1016 Quae
2844 964 2966 1005 cum
3009 951 3084 1005 ita
3132 968 3190 1006 se
3212 952 3471 1019 habeant,

1899 1041 2014 1095 haec
2048 1042 2389 1096 admonendo
2428 1039 2667 1110 proﬁcit,
2698 1048 2752 1095 et
2776 1041 3085 1095 accusando
3120 1041 3277 1097 fidem
3320 1041 3470 1097 facit.

1901 1129 2035 1185 Nam
2069 1132 2162 1199 qui
2204 1132 2336 1200 quid
2363 1131 2654 1187 dicendum
2694 1132 2768 1185 sit
2793 1134 2964 1197 novit,
3007 1132 3136 1201 quid
3162 1131 3472 1188 faciendum

1901 1221 2103 1276 sitnon
2136 1221 2349 1292 ignorat
2382 1239 2397 1275 :
2425 1232 2480 1276 et
2505 1235 2662 1276 nemo
2690 1230 2868 1289 potest
2913 1223 3120 1291 agenda
3153 1221 3477 1291 pmcipere,

1902 1312 1993 1379 qui
2022 1311 2151 1381 quid
2175 1312 2442 1382 agendum
2473 1312 2545 1368 sit
2580 1312 2813 1381 ignorat.
2858 1311 2988 1366 Nam
3028 1320 3233 1381 quanto
3280 1312 3476 1365 melius

1901 1411 1987 1457 est
2028 1404 2297 1472 imperare
2336 1418 2498 1473 quam
2543 1404 2876 1466 ministrare,
2919 1414 3068 1459 tanto
3099 1414 3324 1473 praistat
3359 1418 3479 1472 quae

1901 1504 2114 1565 oportet
2151 1496 2338 1551 dicere
2399 1513 2560 1564 quam
2612 1496 2812 1552 facere.
2856 1497 2926 1552 Ut
2967 1496 3113 1550 enim
3158 1495 3251 1550 ille
3294 1495 3483 1550 multis

1902 1585 2191 1640 consilium
2232 1586 2498 1656 impertit,
2542 1588 2617 1641 ita
2669 1587 2757 1641 hic
2780 1589 2956 1641 instar
2994 1586 3223 1640 alterius
3257 1596 3343 1641 est
3382 1600 3478 1639 cu-

1898 1674 2093 1745 jusvis.
2149 1676 2331 1743 Quare
2386 1678 2523 1732 sicut
2579 1676 2866 1732 architecti
2952 1675 3119 1731 fabris
3169 1676 3483 1731 necessario

1905 1776 2189 1836 praestant,
2227 1768 2478 1837 quamvis
2521 1770 2573 1823 in
2618 1769 2807 1824 eodem
2849 1776 3136 1824 versentur
3177 1781 3366 1835 opera,
3403 1768 3484 1821 sic

219 1853 256 1907 ἃ
286 1853 552 1923 πράττειν
570 1855 835 1926 προσήκει
856 1872 871 1887 ο
889 1855 1067 1920 οὐδεὶς
1093 1856 1201 1926 γὰρ
1220 1857 1367 1911 ἐστιν
1383 1860 1555 1925 ὅστις,
1571 1859 1607 1913 ἃ
1624 1877 1797 1930 προσ-

1918 1876 2000 1919 eos
2023 1863 2116 1934 qui
2157 1863 2213 1918 in
2254 1861 2374 1918 foro
2400 1872 2455 1916 et
2483 1860 2714 1915 dicendo
2753 1860 3092 1929 praecellunt,
3142 1860 3334 1913 horum
3380 1859 3482 1910 tui-

222 1946 347 2013 ήκει
409 1945 675 2015 πράττειν
708 1947 882 2000 εἰπεῖν
922 1946 1115 2013 εἰδὼς,
1152 1946 1189 2002 ἃ.
1236 1949 1505 2019 προσήκει
1546 1950 1806 2022 πράττειν

220 2036 439 2105 ἀγνοεῖ,
494 2036 604 2090 οὐδ’
648 2037 799 2101 ὅστις
854 2039 1066 2106 ἀγνοῶν
1120 2040 1156 2093 ἂ
1189 2041 1456 2111 προσήκει
1505 2043 1804 2111 πράττειν,

221 2129 399 2183 εἰπεῖν
431 2127 570 2197 ἕχει.
603 2129 754 2199 Ὅσῳ
771 2130 816 2161 ⁵⁵
854 2130 963 2199 γὰρ
981 2131 1027 2163 ⁸⁸
1073 2131 1263 2202 ἄρχειν
1310 2132 1520 2201 βέλτιον
1560 2133 1809 2204 ἢδιακο-

221 2221 354 2283 νεῖν,
389 2219 635 2291 τοσούτῳ
666 2220 847 2289 λέγειν
878 2222 947 2275 τὰ
991 2222 1180 2276 δέοντα
1214 2222 1423 2293 βέλτιον
1452 2223 1485 2294 ἢ
1523 2226 1807 2295 πράττειν.

234 2312 293 2364 ὐ
330 2312 432 2381 μὲν
475 2313 611 2381 γὰρ,
667 2307 846 2382 οἶμαι,
883 2313 1097 2378 πολλοῖς
1135 2314 1442 2385 σύμϐουλος
1491 2315 1725 2384 γίνεται,
1777 2319 1807 2371 6

221 2403 278 2456 δὲ
327 2402 450 2456 ἀνθ’
486 2403 607 2465 ἐνὸς
641 2403 803 2458 ἄλλου
849 2404 994 2468 τινὸς
1046 2406 1279 2472 γίνεται.
1315 2406 1527 2478 Ὠσπερ
1555 2402 1649 2462 οὖν
1683 2409 1812 2471 τοὺς

220 2495 623 2565 ἀρχιτέκτονας
667 2494 777 2547 τῶν
820 2494 1091 2549 τεκτόνων
1127 2496 1341 2568 ἀνάγκη
1393 2497 1681 2569 προέχειν,
1724 2498 1812 2551 δν-

220 2602 322 2649 τας
338 2587 385 2618 ⁸⁷
415 2586 585 2655 ὅμως
613 2586 742 2657 περὶ
768 2586 945 2640 ταυτὰ
972 2586 1009 2641 ἃ.
1044 2588 1138 2642 καὶ
1154 2587 1201 2619 ⁸⁸
1228 2587 1332 2657 τῆς
1384 2588 1493 2641 τῶν
1542 2588 1813 2643 τεκτόνων

222 2679 380 2731 ἐστὶν
431 2678 755 2749 ἐμπειρίας,
790 2677 933 2731 οὕτω
982 2679 1077 2732 καὶ
1130 2679 1262 2741 τοὺς
1311 2680 1369 2732 ἐν
1420 2682 1542 2743 ταῖς
1587 2682 1816 2751 ἀγοραῖς

222 2770 322 2822 καὶ
356 2771 478 2832 τοῖς
527 2769 710 2837 λόγοις
737 2771 1073 2841 προέχοντας
1094 2770 1203 2825 τῶν
1241 2771 1452 2833 τούτοις
1478 2774 1815 2843 ὑπηρετούνο

218 2873 333 2910 των
379 2856 630 2926 βελτίους
659 2860 688 2911 6
734 2858 965 2929 ποιητὴς
996 2859 1161 2929 ἔθηκε
1201 2860 1296 2913 καὶ
1339 2864 1635 2929 προσεῖπεν
1688 2864 1815 2933 ἀρι-

222 2950 468 3019 πρεπεῖς
542 2948 687 3019 μάλα
734 2948 910 3021 ὀρθῶς
967 2951 1304 3021 προσειπών.
1343 2952 1407 3005 Et
1462 2952 1579 3005 δέ⁸⁹
1615 2954 1819 3007 δεῖκαὶ

225 3038 410 3109 μῦθον
458 3039 669 3107 λέγειν,
700 3039 915 3093 δέδοικα
949 3041 1048 3110 μὲν
1092 3040 1204 3110 ἐγὼ
1236 3044 1312 3113 μὴ
1342 3046 1439 3097 καὶ
1453 3112 1468 3116 η
1487 3047 1611 3109 ταῖς
1640 3062 1816 3116 γραυ-

1907 1955 2103 2010 nistris
2147 1964 2307 2024 poeta
2344 1952 2607 2008 meliores
2636 1953 2844 2022 posuit,
2869 1960 2926 2006 et
2961 1951 3205 2005 illustres
3249 1948 3493 2019 appella-t

1906 2042 2009 2107 vit,
2042 2043 2203 2113 idque
2242 2043 2534 2096 admodum
2581 2050 2751 2096 recte.
2788 2040 2941 2107 Quod
2982 2041 3028 2096 si
3068 2038 3246 2094 fabula
3272 2051 3490 2108 quoque

1910 2135 2186 2189 narranda
2235 2142 2342 2199 est,
2383 2147 2578 2187 vereor
2624 2133 2876 2201 equidem
2905 2170 2921 2196 ,
2960 2146 3029 2185 ne
3077 2130 3200 2199 quis
3248 2128 3491 2182 anicttlas

1911 2226 2195 2280 nobiscum
2219 2226 2358 2278 unde
2379 2224 2430 2277 υἱ
2458 2238 2620 2292 posse
2647 2238 2815 2291 agere
2836 2223 2982 2277 dicat
3008 2237 3104 2291 per
3117 2222 3305 2290 jocum
3324 2218 3493 2274 comi-

1910 2331 2030 2373 cus.
2055 2316 2335 2371 Proferam
2370 2325 2552 2371 tamen
2578 2315 2838 2379 fabulam,
2868 2330 2973 2368 non
3006 2323 3212 2369 temere
3236 2312 3289 2365 in
3313 2312 3489 2380 seipsa

1913 2407 2277 2471 desinentem,
2304 2407 2401 2463 sed
2426 2414 2484 2461 et
2511 2419 2635 2461 cum
2668 2418 2850 2459 rerum
2890 2403 2995 2458 fide
3021 2401 3389 2469 coniunctam.
3430 2399 3491 2452 Et

1913 2499 2173 2567 quoniam
2198 2498 2557 2553 Prometheus
2587 2495 2703 2568 (87)
2734 2494 3015 2563 sigillatim
3046 2494 3325 2556 omuibus,
3367 2505 3493 2545 sen-

1915 2606 2009 2647 sus
2046 2602 2102 2645 et
2134 2590 2237 2645 alia
2256 2590 2505 2659 corporis
2527 2590 2772 2644 membra
2799 2587 3087 2652 formarat,
3118 2600 3224 2639 non
3256 2584 3329 2638 ita
3353 2582 3495 2637 Mer-

1916 2685 2070 2739 curio
2101 2682 2361 2752 praecepit
2389 2680 2626 2749 Jupiter,
2667 2678 2821 2749 quasi
2859 2676 3183 2732 theatralem
3209 2675 3496 2744 pecuniam

1915 2773 2112 2846 42οὸ
2167 2772 2550 2837 distribueret,
2591 2778 2651 2825 ut
2686 2783 2881 2825 omnes
2920 2783 2987 2824 ex
3027 2766 3222 2823 ordine
3257 2767 3500 2822 rhetori-

1918 2879 2061 2927 cam,
2090 2864 2246 2933 quasi
2282 2862 2491 2928 oculos,
2523 2875 2739 2927 manus,
2772 2867 2867 2914 aut
2904 2861 3069 2928 pedes
3104 2871 3506 2925 consequeren-

1922 2968 2033 3024 tur,
2080 2957 2176 3012 sed
2223 2958 2460 3024 optimos
2491 2967 2740 3023 quosque
2778 2960 2835 3007 et
2884 2948 3275 3013 nobilissimos,
3310 2963 3375 3002 ac
3410 2962 3507 3000 na-

1924 3056 2045 3104 tura
2079 3047 2414 3102 validissima
2447 3045 2709 3115 preditos
2741 3043 3014 3113 seligeret,
3059 3041 3257 3110 quibus
3283 3040 3386 3095 hoc
3407 3041 3507 3092 do—

222 3131 310 3183 σὶν
341 3130 503 3201 ἡμᾶς
524 3130 785 3197 ἐξούλης
816 3130 1001 3199 ὀφλεῖν
1022 3112 1390 3187 ἐπισκώπτων
1437 3112 1512 3205 (δῇ
1563 3112 1660 3199 τις
1677 3112 1814 3207 ἀνὴρ

1924 3157 2052 3197 num
2090 3141 2418 3209 impertiret,
2459 3152 2570 3209 quo
2600 3151 2722 3193 sese
2769 3134 2977 3205 pariter
3006 3144 3061 3188 et
3104 3133 3241 3188 alios
3289 3146 3511 3186 servare

219 3221 512 3291 κωμικὸς,
559 3220 672 3292 ἐρῶ
702 3220 760 3273 δὲ
789 3221 848 3273 οὐ
897 3221 1067 3292 μῦθον
1110 3222 1288 3286 ἄλλως
1317 3224 1479 3278 αὑτὸν
1519 3226 1600 3288 είς
1623 3225 1817 3279 ἐαυτὸν

216 3310 602 3376 τελευτῶντα,
639 3310 774 3364 ἀλλὰ
798 3311 893 3365 καὶ
923 3311 1160 3366 ἐνταῦθα
1186 3315 1219 3385 ἡ
1245 3314 1396 3384 παρὰ
1418 3315 1525 3368 τῶν
1558 3317 1823 3386 πραγμά-

216 3419 335 3455 των
400 3401 705 3472 προσέσται
727 3403 775 3435 ⁶⁰
826 3402 1028 3466 πίστις.
1074 3403 1133 3457 '0
1163 3405 1323 3476 μὲνσί
1355 3406 1448 3460 οὖν
1494 3408 1824 3479 Προμηθεὺς

219 3494 351 3548 καθ’
387 3494 632 3548 ’ἑκαστον
660 3495 749 3548 ἐπ’
778 3494 903 3567 ἴσης
924 3497 969 3527 ⁸²
1000 3494 1175 3550 ἅπασι
1203 3498 1302 3561 τάς
1322 3515 1383 3551 τε
1415 3499 1697 3569 αίσθήσεις
1727 3498 1825 3553 καὶ

214 3585 287 3638 τὰ
308 3586 461 3655 μέλη
487 3585 584 3638 τοῦ
607 3585 857 3657 σώματος
880 3588 1289 3658 συμπεπλακὼς
1312 3590 1359 3629 ⁸³
1385 3584 1454 3661 ἧν
1481 3590 1745 3661 πρότερον
1757 3590 1825 3623 δι’

221 3679 323 3731 τὸν
361 3678 425 3730 δέ
491 3676 705 3747 Ἑρμῆν
736 3680 835 3749 οὐχ
857 3679 1049 3743 ἶοῦτως
1096 3680 1383 3734 ἐκέλευσεν
1409 3684 1437 3735 6
1473 3683 1609 3745 Ζεὺς
1637 3680 1829 3753 ὥσπερ

221 3768 519 3840 θεωρικοῦ
565 3770 803 3825 διάδοσιν
859 3772 1092 3839 διελεῖν,
1146 3774 1235 3827 ἵνα
1278 3774 1480 3835 πάντες
1533 3775 1831 3845 ῥητορικῆς

216 3862 437 3931 ἐφεξῆς
476 3862 757 3932 μετέχοιεν
791 3862 980 3933 ὥσπερ
1035 3864 1333 3934 ὀφθαλμῶν
1378 3867 1475 3918 καὶ
1509 3866 1710 3936 χειρῶν
1737 3868 1832 3919 καὶ

216 3954 441 4017 ποδῶν,
480 3952 598 4005 ἀλλ’
623 3953 1010 4025 ἐπιλεξάμενον
1038 3957 1166 4020 τοὺς
1194 3957 1451 4026 ἀρίστους
1468 3958 1562 4010 καὶ
1584 3974 1831 4026 γενναιο-

214 4044 435 4107 τάτους
494 4043 590 4096 καὶ
633 4045 731 4107 τὰς
778 4045 973 4113 φύσεις
1011 4049 1560 4119 ἐρρωμενεστάτους,
1619 4049 1832 4113 τούτοις

216 4135 559 4205 ἐγχειρίσαι
610 4136 670 4189 τὸ
703 4136 898 4208 δῶρον,
932 4138 1022 4191 ἵνα
1050 4137 1186 4217 ὁμοῦ
1236 4142 1378 4208 σφᾶς
1417 4158 1476 4194 τε
1509 4141 1709 4205 αὐτοὺς
1738 4140 1834 4195 καὶ

216 4230 356 4291 τοὺς
389 4227 598 4291 ἄλλους
620 4227 816 4293 σώζειν
847 4228 1045 4299 ἔχοιεν.
1100 4232 1472 4302 Ἀφικομένης
1504 4232 1561 4285 δὲ
1619 4236 1839 4304 ῥητορι-

220 4321 336 4389 κῆς
363 4322 437 4372 ἐκ
470 4319 610 4373 θεῶν
630 4318 802 4384 οὕτως
829 4321 887 4385 ἐς
906 4322 1251 4394 ἀνθρώπους,
1283 4325 1631 4396 ἠδυνήθησαν
1670 4327 1769 4393 μὲν
1790 4327 1836 4358 ⁸⁸

215 4411 532 4481 ἄνθρωποι
580 4410 677 4482 τὴν
724 4413 863 4482 μετὰ
905 4413 1017 4467 τῶν
1064 4413 1271 4487 θηρίων
1311 4415 1524 4470 δίαιταν
1585 4417 1833 4488 χαλεπὴν

1926 3239 2170 3302 possent.
2200 3228 2321 3284 Jam
2365 3244 2490 3285 cum
2520 3227 2587 3282 ad
2626 3227 2877 3281 homines
2925 3239 2954 3278 a
2995 3223 3103 3277 diis
3147 3230 3293 3277 esset
3332 3220 3519 3276 delata

1928 3322 2224 3385 rhetorica,
2256 3328 2370 3375 tum
2418 3328 2477 3375 et
2530 3318 2835 3373 belluarum
2894 3310 3162 3371 terrorem
3216 3321 3511 3382 potuerunt

1928 3411 2188 3482 eil‘ugere,
2212 3418 2267 3466 et
2288 3408 2608 3464 inimicitias
2633 3407 2872 3475 undique
2888 3405 3279 3473 deposuerunt,
3322 3416 3386 3455 ac
3415 3415 3511 3455 so-

1929 3502 2145 3559 cietatis
2200 3502 2533 3556 invenerunt
2580 3499 2824 3554 initium.
2875 3497 2949 3552 De
3001 3495 3277 3567 montibus
3328 3492 3516 3563 itaque

1929 3592 2345 3657 descendentes,
2372 3590 2466 3645 alii
2507 3592 2574 3645 ad
2613 3589 2719 3643 alia
2760 3589 2876 3643 loca
2919 3587 3024 3642 sibi
3055 3587 3289 3640 invicem
3312 3598 3513 3654 appro-

1931 3686 2315 3752 pinquarunt,
2361 3696 2427 3749 ap
2476 3681 2715 3749 primum
2747 3679 2966 3749 quidem
3008 3676 3110 3733 sub
3162 3677 3273 3740 dio,
3327 3686 3516 3745 p05tea

1932 3790 2066 3831 vero
2089 3774 2454 3829 invalescente
2488 3772 2601 3840 jam
2642 3784 2919 3836 sermone,
2971 3769 3160 3823 urbem
3193 3776 3519 3823 construxe-

1938 3874 2087 3931 runt,
2121 3880 2185 3921 ac
2209 3864 2539 3919 divisionem
2570 3863 2650 3917 sui
2686 3863 3038 3917 instituerunt
3069 3875 3176 3913 non
3216 3860 3531 3923 fortuitam,

1938 3970 1999 4014 ut
2030 3959 2181 4024 olim,
2219 3959 2314 4015 sed
2345 3958 2399 4013 in
2425 3958 2655 4012 formam
2686 3954 3121 4025 dignitatemque
3159 3951 3519 4021 collegiorum

1938 4051 2196 4120 paulatim
2232 4049 2534 4105 redactam.
2574 4048 2755 4118 Atque
2780 4047 2922 4101 hmtc
2960 4043 3178 4114 quidem
3225 4044 3422 4098 habeat
3462 4042 3533 4094 fi-l

1939 4155 2063 4195 uem
2104 4138 2309 4204 fabula,
2360 4138 2537 4206 capite
2572 4151 2812 4207 quoque,
2860 4134 2914 4188 ni
2954 4133 3133 4196 fallor,
3186 4147 3290 4185 non
3342 4131 3526 4199 inepto

1941 4233 2188 4303 praedita.
2224 4230 2615 4287 Verumtamen:
2650 4244 2757 4283 non
2798 4241 2918 4283 esse
2947 4226 3186 4281 tabulam
3225 4225 3385 4287 hanc,
3427 4238 3529 4277 nec

1942 4341 2056 4381 rem
2087 4324 2267 4379 ﬁctam
2296 4324 2393 4378 sed
2431 4337 2641 4386 veram,
2668 4331 2832 4390 atque
2868 4319 3107 4389 ipsarum
3152 4331 3335 4370 rerum
3370 4315 3541 4368 ratio.

1943 4433 2092 4483 nem,
2144 4416 2366 4487 exipsis
2414 4425 2583 4485 patet.
2633 4412 2972 4482 Quapropter
3006 4407 3051 4463 si
3096 4407 3261 4463 etiam
3305 4404 3528 4475 prepius

216 4504 536 4572 ἐκφυγεῖν,
565 4503 879 4558 ἐπαύσαντο
903 4505 960 4559 δὲ
995 4505 1183 4576 ἐχθροὶ
1232 4507 1433 4570 πάντες
1457 4508 1615 4572 ὄντες
1670 4509 1814 4580 ἀλλήι

1944 4524 2254 4565 sermonem
2282 4508 2583 4575 deduxero,
2612 4505 2809 4559 mirum
2834 4502 2942 4557 nisi
2967 4500 3198 4555 delicias
3218 4499 3270 4553 in
3303 4500 3530 4552 deuiou-

212 4596 343 4660 λοις
368 4598 435 4648 ἐν
464 4596 672 4665 κύκλῳ,
701 4598 987 4660 κοινωνίας
1010 4598 1066 4651 δὲ
1084 4593 1241 4670 εὗρον
1260 4600 1459 4671 ἀρχήν.
1484 4600 1840 4666 Καταὸάντες

212 4690 279 4742 δὲ
313 4693 389 4742 ἐκ
422 4688 539 4742 τῶν
561 4688 705 4760 ὀρῶν
727 4690 877 4744 ἄλλοι
907 4690 1029 4743 κατ’
1050 4691 1185 4746 ἄλλα
1212 4692 1355 4763 μέρη
1380 4694 1480 4764 τῆς
1511 4694 1840 4766 οἰκουμένης

1947 4601 2309 4658 strationibus
2362 4598 2544 4653 facere
2582 4596 2927 4660 videbimur,
2968 4608 3067 4647 nec
3118 4591 3287 4645 ullum
3332 4592 3531 4655 poterit

1947 4700 2329 4763 argumentum
2360 4689 2578 4755 fortius,
2614 4704 2644 4742 a
2667 4702 2939 4757 quoquam
2963 4684 3045 4739 vel
3066 4683 3299 4763 sperari,
3335 4682 3543 4735 nedum.

209 4781 655 4852 ἐπλησιάσαντό
702 4798 766 4849 γε
822 4782 1038 4853 πρῶτον
1076 4783 1336 4856 ὕπαιθροι
1362 4826 1377 4850 ,
1434 4787 1573 4856 μετὰ
1601 4786 1659 4840 δὲ
1684 4787 1811 4841 τοῦτ

1950 4783 2202 4839 inveniri.
2244 4781 2432 4852 Neque
2468 4782 2614 4835 enim
2659 4779 2777 4850 ipse
2827 4788 3041 4833 tantum
3078 4776 3249 4838 Plato,
3293 4784 3350 4827 ut
3389 4786 3535 4843 saepe

210 4875 334 4944 ήδη
374 4873 552 4941 λόγου
599 4875 925 4945 νικήσαντος
975 4876 1129 4930 πόλιν
1156 4895 1215 4931 τε
1244 4878 1719 4934 κατεσκευάσαντο
1748 4896 1814 4934 κα

1950 4888 2074 4933 ante
2094 4920 2108 4944 ,
2145 4876 2240 4932 sed
2270 4885 2326 4932 et
2354 4876 2408 4930 in
2451 4874 2535 4930 his
2564 4874 2695 4943 ipsis
2720 4871 3086 4936 sermonibus,
3127 4867 3358 4924 mirabili
3386 4867 3538 4921 vide-

207 4967 606 5037 διεκρίθησαν
628 4968 673 4999 ⁸⁵
721 4967 820 5037 οὐχ
857 4968 1048 5041 ὥσπερ
1099 4971 1397 5041 πρότερον,
1450 4972 1527 5033 ὡς
1568 4970 1838 5042 ἔτυχενθτ,

1950 4969 2077 5024 licet
2109 4982 2273 5039 opere
2310 4967 2487 5038 palam
2527 4967 2726 5022 fatetur
2772 4964 3099 5020 rhetoricam
3136 4961 3338 5032 optima
3391 4973 3553 5027 qua:-

214 5058 388 5133 [xa‘tj
412 5060 501 5122 είς
519 5058 579 5112 τὸ
606 5058 701 5113 νῦν
726 5061 915 5134 σχῆμα
953 5063 1049 5116 καὶ
1068 5063 1287 5132 ἀξίωμα
1301 5066 1479 5135 χρόνῳ
1506 5079 1566 5116 τε
1583 5063 1677 5116 καὶ
1705 5079 1808 5117 κατ

1952 5076 2058 5132 que
2082 5074 2264 5132 agere.
2290 5060 2414 5115 "me
2435 5059 2500 5115 de
2516 5058 2880 5115 oblectatione
2898 5067 2951 5112 et
2969 5054 3215 5117 utilitate,
3241 5060 3297 5106 ut
3319 5049 3539 5120 saepius,

1582 5214 1816 5271 VARUE
1850 5214 2147 5270 LECTION
2156 5213 2259 5269 ES.

295 5318 349 5350 “
388 5316 469 5384 δή
505 5332 607 5369 που
635 5330 747 5372 om.
774 5315 837 5369 A.
914 5314 959 5347 ⁸³
990 5314 1173 5384 εὑρεῖν
1199 5315 1265 5367 Α.
1298 5312 1387 5384 _”
1412 5313 1569 5384 εἴπερ
1595 5312 1647 5384 ξι
1670 5312 1845 5366 ὁτιοῦν
1874 5327 1982 5368 om.
2017 5313 2079 5384 ᾼ.

206 5390 379 5445 τίθει
425 5378 544 5456 6m.
576 5389 639 5439 A.
715 5387 759 5417 ⁵⁷
806 5384 1001 5456 αὐτῆς]
1033 5378 1216 5456 "'QO
1257 5378 1325 5456 αὖ
1372 5378 1610 5456 τῆς-,ξι⁸
1638 5384 1802 5456 ὀποῖα
1830 5412 1882 5422 --

1426 5448 1548 5508 162.
1634 5453 1681 5485 ⁸⁵
1711 5448 1913 5505 οἷδενᾶ
1962 5448 2232 5515 εξείδὼς
2278 5453 2401 5503 add.
2454 5452 2518 5504 A.
2596 5450 2643 5481 ⁸⁸
2669 5448 2803 5519 ὅσῳ]

208 5464 265 5492 ⁸⁸
330 5455 675 5525 πιστεύεται
724 5471 834 5510 om.
878 5450 945 5509 Αξ
983 5450 1069 5488 ”⁸³
1104 5450 1283 5525 οὗτος]
1316 5469 1369 5523 p.

3235 5301 3283 5337 ⁸⁸
3317 5302 3438 5355 ἀντὶ
3474 5333 3541 5344 -

3327 5372 3369 5404 ³¹
3406 5368 3539 5426 εἷεν.

2191 5312 2235 5343 ⁸⁸
2278 5311 2587 5381 διαχήρισιν
2618 5310 2662 5361 Α
2692 5326 2704 5361 :
2735 5306 3071 5381 διαχείρησιν
3100 5323 3158 5369 ς.

2084 5383 2210 5434 ποῖα
2238 5412 2307 5422 --
2332 5375 2461 5447 ﬁnd.
2542 5381 2653 5421 ⁶⁹-⁵⁰
2700 5375 3152 5447 ούδέίοῦτωμοιιι.

1931 5380 2048 5453 καὶ]
2084 5383 2210 5434 ποῖα
2238 5412 2307 5422 --
2332 5383 2363 5447 ἢ
2396 5380 2461 5434 Λ.
2542 5381 2653 5421 ⁶⁹-⁵⁰
2700 5380 2821 5431 οὐδὲ
2851 5380 2994 5428 οὕτω
3044 5391 3152 5428 om.
3187 5380 3252 5427 A.
3327 5380 3369 5404 "
3406 5380 3539 5426 εἶεν.

1962 5483 2029 5493 --
2075 5451 2232 5512 εἰδὼς
2278 5453 2401 5503 add.
2454 5452 2518 5504 A.
2596 5450 2643 5481 ⁸⁵
2669 5448 2803 5512 ὅσῳ]
2835 5461 2886 5512 p.
2944 5445 3066 5499 165.
3166 5445 3214 5475 ⁸⁸
3242 5441 3374 5512 γὰρῖ
3405 5442 3539 5495 δἈ.

207 5534 260 5565 δ”
300 5524 520 5596 ὄντας]
546 5526 714 5587 ὅντως
745 5525 809 5580 Α.
838 5595 845 5596 7
884 5528 929 5558 “
960 5526 1054 5579 καὶ
1081 5534 1203 5591 post
1229 5512 1401 5577 δι’όιιι.
1434 5526 1498 5579 Α,
1574 5524 1620 5596 ⁸7³
1642 5524 1689 5576 εί
1721 5521 1800 5596 δέῙ
1833 5539 1884 5596 p.
1914 5523 2034 5575 167.
2114 5522 2158 5596 ίξο
2190 5512 2572 5596 πρόσεστινΑΑ.
2642 5520 2694 5596 ,ξι
2728 5512 2761 5570 ὀ
2790 5512 3147 5596 μὲνλρκίϐὅ.
3231 5514 3275 5545 ⁶¹
3306 5514 3393 5596 ἐπ’
3421 5512 3543 5582 ἴσης

208 5618 347 5658 om.
380 5598 458 5651 Α.
506 5595 579 5628 ⁷⁸³
606 5595 897 5661 πεπλακὼς
934 5599 996 5650 Α..
1075 5602 1120 5634 σι
1150 5596 1412 5667 πρότερον
1440 5610 1547 5651 om.
1577 5595 1638 5648 Ατ.

1744 5594 1787 5625 ⁸⁵
1830 5593 1927 5661 μὲν
1956 5608 2066 5645 out.
2107 5592 2165 5645 Δ.

2278 5595 2324 5627 (⁵⁸
2356 5592 2450 5645 καὶ
2478 5582 2848 5661 διεκρίθησαν.
2884 5630 2889 5631 ν
2928 5586 2969 5617 ⁶⁷
3004 5585 3190 5653 ἔτυχεν
3219 5598 3325 5637 οιιι.
3356 5582 3436 5638 Α..

1805 5705 2037 5760 ΝΟἚιΕ.

306 5799 450 5871 (S7)
492 5801 704 5857 llcs‘iod.
742 5818 752 5854 ι
784 5806 1032 5871 ³⁷Εένγςελν.
