3960 6434
490 382 626 449 1533

1646 394 1918 453 I'HOTII
1950 394 2455 457 PATRIARCH/E
2484 400 2592 458 (ΖΡ.

3628 394 3757 458 15Ξί

482 500 629 551 dicta
677 507 821 552 sunt.
877 498 1001 554 llwc
1041 501 1146 555 duo
1182 516 1308 555 vero
1344 505 1581 559 maxime
1616 507 1944 561 rhetoricam
1980 507 2063 559 di-

2174 509 2368 576 μικρὸν
2396 509 2732 577 ἀνήχθησαν.
2763 505 2873 558 Καὶ
2902 506 2932 558 ό
2952 505 2997 537 ⁸⁸
3028 504 3197 575 μῦθος
3229 506 3331 576 μὲν
3364 509 3496 575 ἡμῖν
3554 506 3753 574 ταύτην

476 595 622 653 ιιιιι,
655 602 709 643 et
756 604 881 644 cum
923 592 1173 655 utilitate,
1219 596 1453 663 gratiam
1489 597 1797 651 mirabilem
1844 598 2062 664 habent,

483 689 546 734 ut
597 696 721 735 cum
771 683 838 734 ad
886 699 1037 736 arma
1092 686 1339 739 Immines
1396 688 1755 754 descendunt,
1810 691 2069 757 utrinque

484 773 681 827 missos
706 773 912 841 legatos
948 775 1277 844 suscipiunt,
1305 778 1916 849 animadvertentesque
1945 783 2065 834 mit-

486 874 605 918 tunt
654 875 923 929 oratores,
964 868 1321 935 suscipientes
1357 870 1623 925 orationis
1665 882 1940 935 naturam,
1972 888 2071 939 pu-

482 960 615 1011 dore
646 958 847 1023 aﬂ‘ecti,
882 962 1007 1027 quia
1041 976 1150 1014 non
1194 962 1263 1014 ab
1306 963 1463 1015 initio
1494 978 1592 1031 pro
1626 964 1820 1024 salute,
1858 966 2067 1020 utilita-

483 1056 643 1116 teque
667 1053 941 1102 communi
973 1050 1189 1116 generis
1223 1062 1505 1104 venerunt.
1533 1050 1686 1118 Quod
1724 1055 1769 1107 si
1807 1055 1931 1123 quis
1971 1056 2069 1110 ob—

476 1140 633 1205 jiciat
688 1140 968 1194 Platonem
1041 1156 1146 1195 non
1199 1156 1320 1195 eam
1359 1158 1520 1211 quam
1582 1160 1681 1199 nos
1727 1146 2069 1203 defendimus

482 1232 817 1285 rhetoricam
842 1232 1147 1297 criminari,
1173 1236 1265 1287 sed
1286 1235 1540 1291 eduabus
1562 1237 1811 1304 alteram,
1834 1240 2067 1306 primum

481 1338 588 1376 non
619 1324 737 1377 ideo
770 1323 948 1377 minus
980 1340 1042 1377 ea
1074 1340 1193 1394 quae
1219 1338 1348 1380 sunt
1372 1343 1402 1381 a
1432 1328 1589 1383 nobis
1616 1330 1759 1383 dicta
1793 1342 2066 1397 constant,

484 1411 685 1483 521a
713 1414 808 1467 sed
858 1415 961 1468 hac
993 1416 1103 1483 ipsa
1137 1416 1205 1469 de
1234 1432 1394 1471 causa
1449 1429 1599 1474 recte
1634 1423 1816 1475 onmia
1867 1422 2071 1476 decen-

485 1516 676 1571 terque
724 1503 931 1571 prolata
982 1506 1240 1560 vincitur.
1284 1506 1420 1562 Nam
1468 1513 1933 1577 quemadmodum
1980 1514 2071 1566 ille

479 1594 679 1649 malam
707 1605 855 1650 recte
883 1597 1158 1666 suggillat,
1198 1600 1274 1652 ita
1319 1616 1417 1655 nos
1448 1616 1569 1654 eum
1601 1606 1932 1657 contrariam
1966 1604 2073 1659 lau-

480 1683 692 1745 damus,
717 1694 884 1746 recte,
906 1685 958 1737 ni
982 1684 1162 1747 fallor,
1179 1685 1431 1739 facimus.
1457 1686 1656 1743 Deinde
1678 1705 1784 1744 non
1806 1692 2071 1746 tollithwc

478 1773 762 1828 excusatio
796 1784 1043 1827 nostram
1074 1778 1451 1845 probationem
1482 1779 1687 1846 potius,
1735 1795 1901 1849 quam
1943 1794 2067 1835 eum

2178 598 2349 666 ὲχέτω
2382 599 2482 664 τὴν
2520 597 2800 666 τελευτὴν,
2840 592 2995 666 οῖμαι
3029 597 3273 667 κεφαλὴν
3304 596 3459 650 οὐδὲν
3479 597 3523 627 θ’
3561 597 3755 664 ἄτιμον

2174 689 2435 758 εἰληφώς.
2458 688 2621 760 [1265
2652 687 2746 759 11.]
2776 689 2898 739 Ὅτι
2925 688 2981 740 δὲ
3000 688 3100 740 οὐκ
3120 687 3294 749 ἄλλως
3327 685 3495 756 μῦθος
3515 688 3563 718 ⁷⁸
3588 687 3757 740 ταῦτα

2174 778 2303 849 [684
2338 778 2430 850 Η.]
2460 778 2566 831 οὐδ’
2596 778 2749 847 ὄναρ,
2784 775 2899 828 ἀλλ’
2938 775 3083 844 ὕπαρ
3103 777 3195 829 καὶ
3224 777 3252 827 ὁ
3282 778 3391 827 τῶν
3420 778 3757 846 πραγμάτων

2172 872 2349 924 αὐτῶν
2385 874 2503 923 ἐστι
2554 870 2751 937 λόγος’,
2797 868 2955 938 δῆλον
3005 868 3062 932 ἐξ
3104 868 3305 921 αὐτῶν.
3354 870 3477 921 Ἐὰν
3498 872 3543 901 ⁷¹
3580 870 3755 921 τοίνυν

2182 962 2262 1014 ἔτι
2292 961 2496 1013 τούτων
2529 959 2809 1028 ἐγγυτέρω
2834 960 3172 1028 προσαγάγω
3202 959 3293 1011 τὸν
3323 959 3496 1027 λόγον,
3524 956 3559 1030 ἦ
3583 962 3630 991 τ’
3658 978 3754 1013 που

2174 1054 2355 1123 τρυφή
2379 1069 2462 1114 τις
2492 1053 2557 1103 ἂν
2578 1052 2660 1121 εἴη
2694 1052 2793 1121 τῆς
2816 1050 2864 1082 ⁷³
2889 1049 3239 1114 ἀποδείξεως,
3270 1054 3365 1103 καὶ
3403 1050 3525 1103 οὐτε
3552 1052 3754 1105 ἔννοιαν

2173 1144 2299 1197 οὐτε
2332 1140 2503 1196 ἐλπίδ’
2532 1142 2771 1212 ὲλέγχων
2830 1142 3195 1211 ἰσχυροτέρων
3215 1140 3262 1170 ’⁸
3305 1141 3413 1193 οὐδ’
3454 1136 3535 1204 εἷς
3572 1142 3655 1193 ἔτι
3694 1142 3751 1212 δή

2179 1251 2284 1287 που
2311 1234 2484 1286 λάϐοι.
2522 1233 2597 1284 Οὐ
2621 1233 2730 1304 γὰρ
2756 1232 2916 1300 μόνον
2963 1230 3127 1293 αὐτὸς
3161 1230 3405 1294 Πλάτων,
3450 1230 3525 1293 ὡς
3560 1230 3754 1283 πολλα-

2180 1342 2266 1387 κις
2292 1324 2573 1394 ἐδείξαμεν
2593 1325 2879 1393 πρότερον,
2906 1322 3039 1374 ἀλλὰ
3070 1322 3165 1376 καὶ
3187 1324 3245 1374 ὲν
3267 1323 3449 1385 αὐτοῖς
3482 1322 3690 1383 τούτοις
3714 1323 3753 1353 ⁷⁸

2174 1416 2283 1477 τοῖς
2316 1412 2498 1480 λόγοις
2518 1412 2597 1483 τῷ
2630 1412 2919 1482 παραδόξῳ
2946 1413 3009 1483 δὴ
3042 1413 3436 1487 συγγράμματι
3461 1413 3756 1484 διαρρήδην

2172 1504 2432 1572 ὁμολογεῖ
2484 1506 2549 1573 τῇ
2581 1505 2844 1574 ῥητορικῇ
2872 1504 2915 1535 ⁷⁸
2954 1502 3021 1555 τὰ
3041 1504 3083 1533 ⁷⁷
3119 1502 3378 1555 κάλλιστα
3403 1497 3540 1554 εἶναι
3587 1504 3760 1572 πράτ-

2177 1614 2314 1650 τειν.
2342 1598 2425 1650 Τὰ
2466 1598 2626 1667 μὲν⁷⁸
2652 1593 2747 1650 οὖν
2781 1596 2971 1666 ἄλλαῆ
3002 1595 3362 1665 ψυχαγωγίαν
3391 1597 3424 1666 ἢ
3465 1597 3655 1666 χρείαν
3685 1595 3758 1657 ὡς

2174 1693 2269 1745 ἐπὶ
2298 1693 2359 1745 τὸ
2391 1691 2645 1744 πλεῖστον
2675 1691 2851 1742 εἰπεῖν
2884 1689 3020 1759 ἔχει,
3056 1690 3215 1758 μόνον
3248 1688 3306 1741 δὲ
3357 1689 3418 1739 τὸ
3461 1687 3560 1755 τῆς
3594 1688 3756 1756 ῥητο-

2178 1782 2337 1851 ρικῆς
2370 1782 2607 1852 μάλιστά
2636 1798 2701 1850 γε
2728 1780 2896 1850 ἄμφω
2921 1780 3137 1848 πληροῖ,
3175 1780 3269 1832 καὶ
3302 1778 3440 1850 μετὰ
3470 1779 3578 1831 τῶν
3612 1778 3757 1845 ὠφε-

476 1865 557 1918 sic
585 1880 804 1933 quoque
828 1867 932 1919 sibi
964 1867 1063 1935 ipsi
1096 1870 1497 1924 contradixisse
1527 1864 1771 1926 declarat
1795 1874 1919 1941 ,qni
1947 1890 2067 1926 cum

2175 1874 2333 1928 λειῶν
2357 1877 2457 1943 τὴν
2484 1875 2644 1943 χάριν
2675 1873 3000 1941 θαυμαστὴν
3029 1871 3163 1942 ἔχει,
3198 1871 3339 1924 ὥστε
3380 1871 3472 1925 καὶ
3521 1871 3649 1923 ὅταν
3676 1871 3759 1931 εἰς

476 1957 743 2026 duplicem
775 1958 1174 2014 voluissetesse
1193 1962 1543 2027 rhetoricam,
1574 1963 1769 2018 deinde
1814 1975 2069 2034 tanquam

479 2048 642 2101 unius
672 2058 725 2102 et
749 2049 1012 2118 simplicis
1037 2054 1443 2107 accusationem
1484 2053 1738 2109 instituit.
1778 2056 1992 2110 Etenim
2023 2058 2067 2111 si

478 2152 665 2190 verum
709 2139 811 2192 hoc
842 2148 925 2192 est
948 2139 1174 2194 alteram
1211 2142 1641 2209 reprehendere,
1664 2145 1890 2198 alteram
1921 2162 2070 2200 seor-

475 2226 581 2281 sim
638 2227 861 2281 laudare
890 2230 1285 2294 conveniebat,
1336 2233 1479 2285 sicut
1520 2233 1573 2286 in
1621 2237 1965 2291 sermonibus
2002 2237 2067 2291 de

474 2334 663 2371 amore
690 2319 890 2375 habitis
932 2320 1083 2383 fecit,
1108 2331 1157 2375 et
1191 2324 1481 2377 honestum
1529 2326 1745 2393 quidem
1768 2330 2067 2396 majoribus

477 2410 727 2467 laudibus
757 2426 915 2479 quam
941 2413 1175 2468 alterum
1206 2418 1467 2471 conviciis
1491 2429 1572 2473 est
1597 2430 1935 2487 prosecutus.

2174 1965 2444 2035 πολέμους
2469 1964 2721 2033 ἀλλήλοις
2749 1963 2978 2015 ἔλθωσιν
2999 1962 3095 2015 ἄνθ
3106 1980 3298 2030 ρωποι,
3326 1962 3452 2023 τούς
3477 1962 3629 2029 παρὰ
3652 1961 3761 2012 τῶν

2172 2058 2509 2128 αὐτοχείρων
2558 2056 2823 2128 πρέσϐεις
2861 2057 3297 2125 ἀφικνουμένους
3358 2053 3604 2123 δέχονται
3664 2053 3760 2104 καὶ

2170 2150 2617 2219 ἀποπέμπουσιν,
2640 2147 3041 2217 ἐνθυμούμενοι
3067 2146 3128 2199 τὸ
3150 2147 3257 2199 τῶν
3292 2146 3537 2216 ρητόρων
3564 2144 3756 2212 φῦλον,

2172 2240 2625 2311 ὑπεξαιρούμενοι
2664 2239 2761 2310 τὴν
2789 2240 2884 2292 τοῦ
2917 2239 3078 2307 λόγου
3123 2238 3305 2307 φύσιν,
3340 2236 3651 2303 αἰδούμενοι
3674 2237 3761 2288 ὅτι

2176 2335 2237 2399 ἐξ
2266 2335 2443 2405 ἀρχῆς
2472 2335 2565 2385 έπί
2598 2333 2845 2403 σωτηρίᾳ
2904 2333 3001 2384 καὶ
3049 2334 3201 2401 κοινῇ
3236 2330 3396 2401 χρείᾳ
3425 2329 3521 2382 τοῦ
3571 2331 3762 2396 γένους

2180 2425 2457 2495 εἰσῆλθεν.
2500 2424 2563 2477 Εἰ
2590 2424 2646 2477 δέ
2664 2426 2807 2486 ἠτις
2833 2426 2965 2494 ἡμῖν
3002 2425 3131 2493 περὶ
3171 2423 3456 2484 Πλάτωνος
3499 2420 3761 2474 ὑπολάϐοι

471 2503 555 2556 ὅτι
609 2507 672 2557 οὺ
708 2506 911 2574 ταύτην
957 2508 1144 2571 κακῶς
1180 2510 1369 2579 εἴρηκε
1406 2509 1503 2580 τὴν
1577 2512 1872 2582 ῥητορικὴν
1925 2516 1971 2547 ⁸⁸
2024 2518 2165 2591 ὑπὲρ
2216 2512 2284 2588 ἦς
2335 2516 2431 2569 νῦν
2468 2516 2632 2584 ἡμεῖς
2677 2514 2803 2576 τοὺς
2855 2513 3051 2581 λόγους
3104 2514 3425 2583 ποιούμεθα,
3475 2511 3612 2565 ἀλλὰ
3667 2512 3764 2563 δύο

484 2595 662 2648 οὐσῶν
734 2599 834 2667 τὴν
869 2602 1064 2669 ἑτέραν
1102 2602 1341 2668 κακίζει,
1376 2604 1590 2673 πρῶτον
1636 2607 1736 2676 μὲν
1766 2610 1921 2662 οὐδὲν
1950 2612 2152 2680 μᾶλλον
2194 2614 2261 2666 τά
2290 2629 2353 2681 γε
2388 2612 2521 2679 ἡμῖν
2574 2609 2840 2678 εἰρημένα
2890 2608 3109 2677 φαύλως
3153 2606 3350 2676 ἔχοντα
3416 2606 3760 2674 ἐλέγχονται,

471 2688 669 2741 an“
716 2694 836 2743 κατ’
885 2694 1017 2747 αὐτὸ
1045 2694 1206 2748 τοῦτο
1256 2698 1438 2762 καλῶς
1487 2702 1580 2752 καὶ
1626 2704 2015 2773 προσηκόντως
2056 2706 2277 2761 ἅπαντα
2306 2705 2481 2759 ταῦτα
2510 2702 2740 2773 ῆνύσθαι
2774 2705 3044 2773 μαρτυρεῖ
3066 2704 3147 2733 ⁸³·
3188 2704 3378 2771 ῶσπερ
3407 2701 3515 2770 γὰρ
3554 2702 3763 2762 ἐκεῖνος

469 2783 569 2853 τὴν
610 2783 822 2852 φαύλην
856 2785 1079 2850 δικαίως
1116 2788 1369 2857 ψὲγει,τί
1394 2792 1595 2845 κωλύει
1634 2795 1733 2865 τήν
1757 2812 1821 2863 γε
1853 2798 2103 2852 ἐναντίαν
2134 2801 2285 2869 ἡμᾶς
2324 2796 2683 2858 ἐπαινοῦντας
2706 2794 2881 2866 ὀρθῶς
2912 2798 3112 2862 ποιείν;
3146 2797 3378 2848 Ἔπειτα
3414 2796 3516 2847 οὐκ
3547 2796 3768 2862 ἀναιρεῖ

468 2878 596 2936 τυὺς
625 2874 754 2943 παρ’
787 2876 942 2945 ἡμῶν
967 2878 1223 2949 ἐλέγχους
1254 2882 1286 2951 ή
1338 2884 1669 2953 παραίτησις
1716 2887 1876 2955 αὕτη,
1915 2889 2049 2944 ἀλλὰ
2080 2892 2172 2944 καὶ
2212 2891 2387 2953 οὕτως
2424 2887 2643 2940 ἐναντία
2696 2886 2929 2954 φαίνοιτ’
2976 2888 3041 2940 ἂν
3071 2886 3309 2958 εἰρηκὼς
3354 2887 3517 2949 αὐτὸς
3556 2886 3761 2954 ἑαυτῷ,

470 2972 520 3022 εἰ
547 2970 731 3040 διττὴν
763 2966 901 3023 εἶναι
939 2972 1038 3042 τὴν
1078 2976 1375 3045 ῥητορικὴν
1419 2978 1586 3042 ἀξιῶν
1632 2978 1733 3033 εἷθ’
1763 2983 1838 3046 ὡς
1881 2987 2011 3054 μιᾶς
2044 2988 2138 3040 καὶ
2159 2987 2338 3056 ἁπλῆς
2369 3004 2514 3047 τινος
2543 2981 2709 3049 οὔσης
2742 2982 2838 3053 τὴν
2874 2984 3206 3055 κατηγορίαν
3246 2985 3563 3053 πεποίηται.
3595 2984 3765 3054 Δῆλον

468 3064 578 3134 γὰρ
608 3067 690 3118 δτι
720 3067 769 3118 εί
810 3067 952 3120 τοῦτ’
994 3068 1139 3121 ἔστιν
1180 3070 1401 3139 ἀληθὲς.
1442 3072 1541 3143 τὴν
1583 3075 1681 3143 μὲν
1716 3077 1997 3143 φαυλίζειν
2026 3080 2127 3151 τὴν
2149 3081 2193 3134 δ’
2233 3083 2478 3133 ἐπαινεῖν
2508 3083 2785 3151 προσῆκεν
2805 3078 2953 3149 αὐτῷ
2982 3080 3294 3150 διελομένῳ,
3336 3082 3526 3149 ῶσπερ
3566 3082 3623 3131 ἐν
3652 3084 3763 3142 τοῖς

470 3161 603 3231 περὶ
632 3160 835 3229 ἔρωτος
863 3161 1039 3228 λόγοις
1070 3162 1118 3193 ⁸³
1138 3165 1405 3231 -φαίνεται
1442 3168 1761 3238 πεποιηκὼς
1796 3172 1892 3224 καὶ
1922 3172 2056 3225 πολύ
2087 3189 2151 3242 γε
2185 3173 2448 3244 μειζόνων
2487 3172 2777 3242 εὐφημιῶν
2815 3172 2906 3225 τὸν
2940 3172 3173 3243 χρηστὸν
3203 3173 3250 3203 ⁸⁸
3288 3171 3540 3245 ἠξιωκὼς
3572 3172 3605 3241 ἢ
3634 3172 3761 3224 οἵων

466 3259 558 3316 τὸν
592 3254 679 3307 Et;
687 3272 780 3325 ρον
805 3253 1186 3325 βλασφημιῶν.

542 3347 684 3400 Idem
723 3362 885 3414 porro
936 3350 1002 3403 de
1035 3358 1149 3402 tota
1180 3364 1399 3419 quoque
1441 3352 1784 3422 philosophia
1826 3352 1931 3407 dici
1963 3368 2058 3422 po-
2086 3358 2129 3416 C

470 3438 620 3501 terit,
664 3452 728 3492 ac
768 3440 834 3492 de
874 3439 1097 3493 virtutis
1127 3441 1391 3507 partibus,
1431 3442 1477 3496 si
1502 3443 1625 3509 quis
1651 3457 1745 3497 eas
1786 3443 2060 3508 dividens,

470 3529 704 3597 primum
739 3529 875 3583 duas
907 3540 1069 3597 ponat
1097 3531 1433 3600 prudentias,
1463 3530 1693 3585 alteram
1724 3548 1828 3601 qua
1858 3533 2064 3600 optima

470 3636 699 3691 quaaque
749 3622 1125 3691 intelligimus,
1172 3623 1399 3677 alteram
1444 3640 1549 3693 qua
1586 3624 1771 3679 dolose
1818 3625 2064 3693 agimus;

470 3714 666 3768 deinde
706 3714 1123 3783 temperantiam
1174 3715 1476 3783 duplicem,
1536 3716 1763 3769 alteram
1805 3726 2067 3783 expeten-

471 3810 594 3862 dam
630 3819 685 3863 et
710 3808 948 3872 civilem,
992 3808 1218 3862 alteram
1246 3808 1567 3875 supinorum
1600 3817 1655 3861 et
1684 3808 2061 3875 stupidorum,

471 3911 583 3953 tum
610 3900 886 3966 justitiam
941 3909 1145 3953 rectam
1195 3908 1250 3953 et
1298 3900 1557 3953 humilem
1603 3898 1874 3964 alteram;
1908 3899 2065 3952 deni-

470 4007 576 4060 que
630 3992 1015 4047 fortitudinem
1068 3990 1366 4058 duplicem,
1404 4006 1564 4043 unam
1609 4007 1733 4044 cum
1773 3991 2066 4059 prudentia

469 4087 847 4154 conjunctam,
879 4084 1106 4137 alteram
1150 4085 1419 4137 insaniam
1456 4095 1512 4136 et
1543 4082 1808 4138 furorem.
1860 4082 2065 4138 Verum

472 4180 579 4235 hoc
613 4190 719 4242 est,
765 4179 986 4247 opinor,
1042 4177 1381 4231 confundere
1415 4176 1662 4241 nomina,
1704 4192 1767 4229 ac
1798 4188 2067 4244 separata:

471 4281 601 4327 sunt
627 4287 655 4324 a
691 4285 750 4325 se
798 4270 1067 4339 sapientia
1099 4278 1153 4321 et
1194 4269 1419 4333 astutia,
1454 4269 1840 4336 temperantia_
1868 4280 1923 4321 et
1950 4280 2066 4321 stu—

470 4365 690 4435 piditas,
719 4363 935 4433 jnstitia
958 4372 1011 4416 et
1047 4361 1395 4430 simplicitas,
1433 4361 1697 4415 fortitudo
1732 4372 1784 4413 et
1810 4361 2062 4415 audacia.

468 4458 732 4511 Neutrum
770 4471 899 4511 vero
939 4455 1021 4508 Vel
1066 4454 1354 4508 hom-stum
1400 4463 1506 4518 est,
1556 4452 1636 4506 vel
1685 4450 1926 4518 diﬂicile,
1967 4468 2068 4508 nec

467 4549 618 4604 vitiis
666 4549 886 4603 virtutis
944 4547 1101 4602 titulo
1149 4547 1407 4612 blandiri,
1456 4563 1555 4601 nec
1591 4547 1824 4601 virtutes
1869 4547 2068 4602 additis

468 4644 765 4711 unicuique
813 4643 961 4696 vitiis
1014 4642 1151 4707 suis,
1206 4642 1555 4705 calumniari,
1611 4641 1662 4693 in
1701 4651 1909 4695 tantum
1949 4643 2066 4695 lucc
2098 4699 2121 4711 ι,

470 4730 613 4783 inter
636 4746 694 4785 se
709 4733 1146 4799 distinguuntur.
1173 4729 1229 4784 Si
1256 4730 1652 4799 eninqprorsus
1683 4731 1763 4783 sic
1781 4730 2059 4784 existimat

468 4821 646 4884 Plato,
700 4831 758 4874 ut
799 4806 1018 4890 quidem
1053 4837 1255 4888 negare
1303 4823 1490 4885 nolim,
1530 4834 1587 4876 et
1627 4837 1807 4876 veram
1848 4825 2063 4890 excepit

471 4913 825 4979 rhetoricam,
864 4929 1079 4982 aequum
1121 4921 1204 4967 est
1239 4929 1457 4980 cavere,
1490 4931 1557 4968 ne
1601 4915 1965 4983 decipiantur,
2008 4927 2065 4969 et

471 5006 579 5059 hoc
619 5006 797 5072 ipsum
836 5005 1092 5072 ignorent
1116 5003 1387 5073 plerique,
1423 5021 1489 5059 ac
1518 5006 1703 5070 citius,
1740 5021 1903 5074 quam
1932 5021 2064 5059 cou-

472 5104 640 5154 ducat
663 5099 728 5153 de
752 5098 918 5169 rebus
952 5098 1137 5161 tantis,
1163 5100 1319 5169 quasi
1349 5114 1484 5170 puro
1507 5099 1770 5169 suffragio
1794 5108 2061 5154 statuant.

2247 3354 2304 3406 Ὁ
2333 3353 2375 3406 δ’
2404 3350 2498 3406 οὖν
2514 3353 2559 3387 ⁸⁸
2588 3354 2808 3417 αὐτδςδθ
2844 3351 3002 3419 λόγος
3047 3351 3146 3403 καὶ
3175 3351 3302 3419 περὶ
3332 3351 3512 3418 πάσης
3549 3350 3761 3419 φιλοσοο

2172 3444 2298 3513 φίας
2330 3446 2425 3497 καὶ
2459 3444 2587 3515 περί
2635 3462 2698 3513 γε
2747 3444 2856 3497 τῶν
2899 3443 3000 3510 τῆς
3029 3441 3251 3511 ἀρετῆς,
3301 3440 3354 3493 εἴ
3392 3459 3477 3504 τις
3521 3444 3759 3511 βούλοιτο

2169 3532 2548 3603 διαιρούμενος
2566 3533 2784 3602 πρῶτον
2810 3532 2906 3602 μὲν
2934 3531 3121 3599 σοφίας
3142 3531 3234 3583 δύο
3258 3531 3752 3601 προσαγορεύεινετ,

2169 3624 2269 3694 τὴν
2302 3624 2400 3695 μὲν
2488 3626 2555 3678 τὰ
2582 3624 2834 3694 βέλτιστα
2863 3624 3137 3692 συνίεμεν,
3168 3622 3267 3692 τὴν
3294 3621 3340 3673 δ’
3367 3622 3564 3691 ἑτέραν
3655 3639 3752 3674 κα-

2169 3716 2529 3785 κουργοῦσιν,
2582 3716 2775 3769 ἔπειτα
2828 3714 3181 3782 σωφροσύνην
3225 3713 3453 3783 διπλῆν,
3502 3715 3603 3781 τὴν
3658 3714 3753 3782 μὲν

2172 3808 2408 3877 σπουδῆς
2431 3808 2590 3874 ἀξίαν
2617 3808 2711 3860 καὶ
2742 3807 3049 3874 πολιτικὴν,
3077 3807 3175 3875 τὴν
3198 3805 3255 3857 δὲ
3286 3804 3495 3873 νωθράν
3508 3805 3555 3835 ⁸⁸
3585 3822 3641 3855 τε
3663 3806 3754 3855 καί

2170 3898 2391 3963 ὑπτίαν,
2433 3898 2575 3951 Eu"
2604 3898 2649 3950 δ’
2678 3896 2745 3950 αὖ
2778 3897 3123 3965 δικαιοσύνην
3166 3894 3388 3966 ὀρθὴνθθ
3420 3896 3515 3948 καὶ
3564 3894 3752 3963 έτέραν

2169 3990 2455 4060 ταπεινὴν,
2493 3992 2587 4043 καὶ
2612 3989 2803 4059 διπλῆν
2834 3988 3054 4058 ἀνδρίαν
3070 3988 3136 4042 ’⁸.
3171 3987 3279 4057 Τὴν
3312 3988 3408 4055 μὲν
3434 3988 3532 4039 σὺν
3561 3986 3633 4054 νῷ
3661 3986 3753 4037 καὶ

2172 4086 2387 4154 φρεσὶν,
2444 4084 2541 4154 τὴν
2586 4084 2644 4137 δὲ
2698 4084 2956 4136 ἀπόνοιαν
2993 4082 3086 4134 καὶ
3132 4082 3325 4151 μανίαν
3375 4082 3561 4134 οὖσαν.
3612 4079 3750 4131 Ἀλλ’

2170 4173 2347 4246 οἶμαι,
2375 4176 2551 4229 πάντα
2571 4176 2803 4237 nam"
2825 4176 2932 4227 τῶν
2955 4174 3233 4243 φυρόντων
3260 4174 3372 4226 ἐστὶ
3396 4174 3463 4225 τὰ
3487 4173 3751 4239 ὀνόματα,

2172 4271 2265 4322 καὶ
2314 4268 2631 4339 διῄρηται⁹³
2680 4267 2841 4336 σοφία
2891 4268 2985 4320 καὶ
3037 4267 3373 4335 κακουργία,
3427 4263 3751 4334 σωφροσύνη

2171 4363 2265 4413 καὶ
2301 4361 2551 4429 βλακεία,
2586 4360 2900 4430 δικαιοσύνη
2931 4376 2990 4412 τε
3018 4361 3110 4413 καὶ
3137 4361 3374 4430 εὐήθεια,
3408 4359 3626 4429 ἀνδρεία
3656 4359 3753 4410 καί

2172 4455 2447 4527 θρασύτης
2467 4472 2479 4484 '
2513 4455 2792 4524 οὐδέτερον
2824 4454 2881 4507 δέ
2924 4471 2987 4523 γε
3021 4453 3142 4507 οὔτε
3173 4454 3335 4506 καλὸν
3364 4453 3596 4523 χαλεπὸν
3626 4452 3752 4504 οὗτε

2172 4551 2451 4619 προσῆκον
2469 4547 2533 4600 9“.
2588 4546 2773 4616 Πολλῴ
2814 4546 2923 4617 γὰρ
2954 4546 3125 4600 ταῦτα
3164 4547 3255 4598 ἀπ’
3284 4545 3530 4615 ἀλλήλων
3557 4544 3749 4614 διῄρη-

2172 4658 2281 4702 ται,
2318 4640 2412 4692 καὶ
2441 4639 2501 4691 οὐ
2546 4639 2626 4690 δεῖ
2641 4638 2686 4668 ³⁸
2717 4640 2816 4700 τὰς
2846 4638 3046 4700 κακίας
3082 4636 3501 4707 ὑποκορίζεσθαι
3543 4636 3623 4713 τις)
3650 4636 3752 4702 τῆς

2170 4731 2372 4800 ἀρετῆς
2419 4730 2725 4799 ὀνόματινθ,
2777 4728 2956 4782 οὖτεθτ
2991 4731 3088 4792 τὰς
3117 4729 3316 4797 ἀρετὰς
3353 4727 3633 4795 φαυλίζειν
3683 4726 3751 4777 τὰ

2167 4822 2266 4890 τῆς
2297 4824 2499 4885 κακίας
2532 4823 2737 4892 ἑκάστῃ
2766 4820 3217 4890 παρατιθένταθδ.
3248 4820 3309 4871 Εἰ
3337 4820 3505 4888 γὰρ⁹⁹
3536 4820 3613 4871 ὅτι
3647 4819 3749 4884 μά-

2167 4916 2324 4968 λιστα
2348 4915 2490 4968 οὑτω
2524 4915 2746 4967 Πλάτων
2769 4914 3044 4977 διενοεῖτο,
3068 4911 3255 4982 ῶσπερ
3280 4911 3453 4979 ἔγωγε
3483 4912 3580 4963 οὐκ
3602 4912 3749 4960 ἀντιο

2170 5006 2339 5073 λέγω,
2386 5006 2502 5058 ἀλλ’
2540 5004 2879 5075 ὑπεξῄρηται
2928 5004 3026 5073 τὴν
3073 5001 3319 5073 καθαρὰν
3376 5003 3469 5054 καὶ
3516 5000 3590 5069 τῷ
3633 5002 3747 5051 ὗντι

2169 5098 2490 5173 ῥητορικὴν,
2512 5096 2662 5160 ἄξιον
2685 5096 2760 5167 μὴ
2780 5097 2795 5127 ¹
2819 5093 3319 5166 παρακρουσθῆναι,
3345 5093 3466 5163 μηδ’
3482 5094 3746 5160 ἀγνοῆσαι

1771 5235 2004 5291 VARle
2041 5232 2449 5290 LEGTIONES.

545 5372 590 5443 ⁶¹ῗ
619 5371 712 5425 καὶ
739 5370 789 5443 ό]
822 5387 873 5438 p.
909 5372 1030 5427 ΠΟ.
1118 5374 1163 5406 ⁶⁹
1192 5373 1313 5427 οὐδὲ
1359 5374 1424 5427 Α.

473 5444 517 5475 ⁷³
548 5442 787 5512 ἐλέγχων
822 5443 1184 5514 ἰσχυροτέρων
1206 5445 1311 5497 οὐδ’
1334 5462 1443 5500 om.
1485 5448 1549 5501 A.

472 5530 525 5585 ν.
568 5514 686 5585 178.
800 5515 843 5546 ⁷³
878 5516 925 5567 εί
953 5512 1032 5585 δὲ]
1157 5514 1273 5568 186.

1500 5376 1545 5407 ⁷ο
1572 5374 1736 5445 μῦθος
1769 5372 1967 5439 ταῦτα]
2003 5374 2170 5445 μῦθον
2214 5375 2277 5427 Α.

1632 5448 1677 5477 ⁷⁵
1706 5446 1914 5508 τούτοις
1951 5463 2059 5498 υιιι.
2093 5446 2157 5497 Λ.

1383 5517 1447 5587 ⁸⁰.
1466 5518 1565 5587 ’ἰὴν
1594 5516 1887 5587 ῥητορικὴν
1938 5532 2049 5587 Ulli.
2088 5517 2152 5567 A.

2979 5370 3303 5436 Azei'g."
3336 5369 3503 5438 τῆςΑ
3546 5368 3745 5438 ετὸςΣ

2996 5444 3038 5474 τ’
3072 5446 3138 5495 τὰ
3170 5434 3292 5497 ima.
3323 5434 3397 5494 A.‘
3460 5439 3503 5469 τε
3525 5441 3591 5491 τι
3623 5434 3749 5506 μὲν]

3225 5512 3269 5541 ⁸³
3302 5511 3477 5576 λόγοις
3520 5526 3628 5562 unt.
3680 5510 3743 5560 Α.

2361 5374 2402 5404 τι
2439 5374 2558 5441 ἐὰν]
2592 5389 2642 5439 ρ.
2678 5373 2780 5428 185
2845 5369 2953 5445 "ﬁ

2237 5445 2284 5515 ἶ⁶
2310 5446 2377 5513 τῇ
2414 5447 2676 5515 ῥητορικῇ
2710 5462 2817 5497 om.
2853 5448 2917 5499 A.

2237 5512 2281 5542 ⁸¹
2315 5512 2477 5567 ἀλλὰ,
2549 5516 2594 5545 ⁸²
2628 5512 2897 5583 μαρτυρεῖ
2944 5530 3051 5567 om.
3086 5518 3146 5566 A.

472 5573 518 5655 δῖ
543 5584 633 5635 τὸν
657 5601 745 5655 χρ.
778 5585 865 5655 Ai
885 5585 944 5637 τὸ
972 5573 1073 5654 χρί
1098 5603 1158 5649 ς.
1208 5586 1295 5638 ⁸⁸ὁ
1323 5586 1369 5638 δ’
1391 5573 1742 5655 οὗν]ἰ›.’188ί
1793 5573 1855 5618 ⁸⁶’
1877 5586 2037 5648 αὐτὸς
2071 5602 2179 5639 0m.
2215 5587 2278 5638 Α.
2346 5585 2398 5655 7⁸⁷
2432 5585 2547 5637 libri
2574 5573 2993 5655 προσαγορεύει,
3065 5584 3111 5615 ⁸⁸
3140 5573 3417 5655 νωθρῶνξ-
3433 5578 3643 5655 ὑπτίων

558 5648 726 5730 ἕτιδ
776 5650 868 5735 αὖ]
899 5648 1144 5735 καῖἈί·
1172 5657 1217 5689 ⁹⁰
1254 5657 1419 5735 ὀρθὴν
1451 5648 1815 5725 -Ῑ-’ταπεινὴν
1848 5674 1955 5709 om.
1998 5659 2063 5709 A.
2141 5657 2189 5735 οξ
2214 5654 2527 5735 καξδιστλῆν
2561 5648 2832 5735 ανδρων]⁷
2855 5654 3048 5735 δ.πλῆν
3082 5655 3173 5735 καὶ
3206 5652 3419 5735 ἀνδρίαν
3448 5648 3650 5735 δμοίως

475 5718 518 5757 ⁸³
550 5723 723 5775 ταῐτα
750 5718 927 5776 πάντα.
962 5744 1019 5788 ς.

476 5790 521 5829 πθ
557 5792 949 5862 παρατιθέντας
976 5797 1039 5849 Λ.
1137 5798 1179 5828 ’9
1218 5798 1265 5849 εἰ
1296 5790 1507 5869 γᾶβΓιλ
1545 5799 1663 5855 189-

1102 5726 1146 5757 ⁸³
1176 5728 1269 5778 καὶ
1292 5723 1569 5797 διῄρηται.
1639 5731 1685 5765 ε”ο
1708 5723 1981 5797 προσῆκον
2016 5742 2128 5784 om.
2163 5727 2225 5780 A.
2305 5726 2350 5758 ³⁵
2377 5726 2457 5779 δεῖ
2488 5723 2614 5782 add.
2655 5723 2716 5781 A.
2782 5729 2830 5763 96
2858 5728 2971 5789 τοῖς
3024 5725 3279 5795 ὀνόμασιν
3313 5723 3373 5776 Λ.

1758 5799 1774 5828 ¹
1819 5795 1918 5868 ιιὴῖ
1956 5798 2054 5867 μὲν
2085 5799 2152 5851 A-

3458 5722 3500 5750 ”
3525 5719 3653 5772 οὐδὲ
3684 5720 3746 5773 Α.
