3960 6430
254 352 385 419 1525

1280 350 1802 412 BIBLIOTHECA.
1836 377 1903 389 -—
1941 352 2103 413 COD.
2130 354 2450 415 CCXLVI].

3368 355 3391 416 1
3403 356 3506 417 526

248 470 396 526 τοῦτο
425 465 556 519 αὐτὸ
576 465 597 496 ⁸
636 465 762 526 τοὺς
790 463 1041 523 πολλοὺς,
1078 461 1221 532 [685
1252 462 1346 533 H.]
1391 463 1513 536 μηδ’
1543 464 1619 526 ὡς
1653 465 1820 535 ψήφῳ

1942 465 2154 521 )mnino
2192 476 2373 522 autem
2422 476 2476 522 et
2525 467 2725 538 ubique
2773 469 2929 524 nobis
2980 469 3238 524 excidunt
3286 472 3501 534 calculi,

253 556 461 625 καθαρᾷ
483 553 848 622 προσέχοντας
869 551 1061 603 θᾶττον
1081 550 1113 617 ἦ
1144 552 1413 618 συμφέρει
1432 551 1823 619 βουλεύσασθαι

250 647 491 718 περὶτῶν
508 644 528 675 ³
554 643 905 711 τηλικούτων.
939 643 1193 710 Πανταχῆ
1214 641 1233 668 ⁸
1260 642 1316 693 δὲ
1342 643 1434 694 καί¹
1458 643 1545 694 διὰ
1567 644 1783 695 πάντων
1800 646 1821 676 ⁵

249 735 598 791 ἐκπίπτουσιν
622 735 752 803 ἡμῖν
783 734 840 785 αἱ
862 732 1053 801 ψῆφοι.
1078 731 1300 801 Πρῶτος
1324 732 1381 784 δὲ
1410 732 1634 787 Πλάτων
1663 735 1824 796 αὐτὸς

248 825 534 898 ψηφίζεται
580 825 675 876 καὶ
710 823 895 893 μέσος,
948 820 1157 889 φασὶθ,
1207 821 1302 873 καὶ
1333 822 1659 886 τελευταῖος.
1710 824 1824 876 Καὶ

249 920 533 977 κινδυνεύω
561 920 733 973 δοκῶν
761 918 1064 985 ἀντιλέγειν
1092 917 1338 969 Πλάτωνι
1366 919 1589 980 ¹παντὸς
1627 919 1828 988 μᾶλλον

252 1012 651 1082 συναγορεύειν.
707 1012 770 1063 Ei
805 1011 861 1063 δὲ
908 1009 986 1061 δεῖ
1033 1024 1084 1059 τι
1140 1008 1232 1060 καὶ
1281 1010 1491 1076 παῖξαι,
1545 1011 1687 1063 δοκῶ
1738 1028 1828 1081 μοι

1927 560 2243 628 primusque
2283 557 2599 626 suffragium
2640 558 2746 615 fert
2790 560 2907 629 ipse
2945 561 3122 623 Plato,
3178 570 3231 614 et
3274 563 3503 620 medius.

1930 661 1988 701 nt
2017 652 2191 716 aiunt,
2224 660 2385 719 atque
2410 661 2739 719 postremus.
2772 653 2849 705 Ac
2874 654 3084 707 videor.
3119 668 3240 705 cum
3286 652 3499 706 Platoni

1929 742 2272 807 contradico,
2326 742 2562 796 maxime
2606 758 2728 794 cum
2780 744 2899 811 ipso
2933 745 3159 805 sentire,
3193 758 3270 808 et,
3318 752 3376 795 ιιι
3405 744 3508 797 hoc

1928 830 2037 896 jnci
2068 843 2230 884 causa
2264 830 2484 897 addam,
2523 830 2717 901 42ιὸ
2746 846 2867 886 eum
2902 833 3200 887 secundum
3257 834 3501 887 comicos

1933 922 1999 971 ad
2048 929 2300 973 oratores
2355 922 2511 989 quasi
2557 921 2927 990 aufugientem
2986 932 3359 986 retracturus,
3414 921 3505 990 qui

1933 1020 2218 1077 postquam
2251 1012 2523 1075 didicerit,
2555 1028 2614 1066 se
2634 1015 2833 1083 jactet.

253 1072 404 1168 “268-
546 1105 671 1167 τοὺς
701 1104 1121 1174 κωμῳδοποιοὶις
1143 1104 1331 1173 ὥσπερ
1354 1072 1817 1174 ἀποδιδράσκοντα
1858 1072 2022 1155 αὐτὸν
2054 1072 2229 1170 ἕλξειν
2268 1106 2347 1167 είς
2385 1072 2519 1167 τοὺς,
2545 1072 2799 1177 ῥήτορας,
2838 1107 2918 1160 ὅτι
2985 1072 3174 1176 μαθὼν
3234 1106 3507 1159 καλλωπί-

252 1199 447 1265 ζεταιτ.

264 1285 614 1359 Ἀριστείδου
665 1286 733 1359 ἐκ
782 1284 890 1338 τοῦ
927 1284 1401 1359 ἐπιγραφομένου
1440 1284 1833 1359 λόγουί-Πλαῄ-

318 1354 562 1419 τωνικὸς
608 1356 801 1422 τρίτος
847 1354 993 1422 πρὸς
1056 1354 1387 1407 Καπίτωνα.
1414 1383 1484 1392 —
1517 1356 1585 1405 Τὸ
1628 1355 1835 1421 llpoul-

314 1443 471 1497 μιον.

317 1511 428 1563 Νῦν
480 1510 587 1561 σεε
638 1509 733 1560 καὶ
780 1508 978 1577 μᾶλλον
1018 1508 1300 1578 φιλοῦμεν,
1331 1508 1504 1572 οὕτως
1547 1509 1825 1578 ἐρωτικῶς

252 1602 343 1655 τοῦ
381 1600 662 1661 Πλάτωνος
694 1599 906 1668 ἔχοντα,
946 1599 1005 1651 ὃν
1033 1599 1143 1667 ἐγὼ
1168 1600 1332 1669 φαίην
1364 1600 1427 1654 ἂν
1457 1599 1633 1669 τιμῶν
1658 1603 1676 1632 ³
1705 1598 1824 1651 καθ’

253 1693 518 1761 Ὅμηρον,

633 1777 809 1835 Ἴσον
834 1780 947 1849 ἐμῆ
978 1780 1232 1849 κεφαλῇ.

1939 1285 2127 1337 Oratio
2173 1283 2329 1334 tertia
2368 1282 2614 1334 Aristidis
2654 1282 2905 1348 inscripta
2939 1280 3229 1334 Platonica?
3252 1282 3321 1333 ad
3350 1279 3510 1349 Capi-

2393 1365 2580 1404 tonem.
2616 1381 2681 1390 —
2723 1349 3058 1404 Prooemium.

2000 1504 2155 1558 Nunc
2198 1513 2248 1558 te
2292 1518 2463 1567 magis
2515 1505 2678 1556 etiam
2725 1517 3013 1566 amamus,
3054 1517 3176 1557 ctnn
3228 1501 3525 1555 Platonem

1929 1604 2080 1649 tanto
2103 1596 2280 1647 studio
2312 1596 2655 1663 prosequeris
2677 1634 2689 1656 ,
2723 1610 2882 1663 quem
2913 1608 3013 1662 ego
3045 1591 3275 1645 dixerim
3324 1592 3509 1646 colere

1930 1700 2033 1750 me,
2064 1685 2359 1739 scentulum
2400 1682 2684 1736 Homerum
2724 1703 2737 1738 :

2140 1770 2262 1824 Non
2292 1787 2439 1825 secus
2471 1781 2627 1839 atque
2650 1786 2823 1824 meum
2849 1781 3004 1837 caput
3038 1772 3175 1841 (88).

253 1874 311 1924 Ei
340 1872 445 1942 γάρ
492 1872 641 1925 τοι¹⁰
682 1874 776 1936 καῖι
822 1874 1022 1935 πάντες
1056 1872 1248 1940 φαῦλοι
1279 1872 1413 1944 πρὸς
1454 1875 1681 1939 ἐκεῖνον,
1708 1873 1821 1928 ἀλλ’

1942 1860 2140 1915 Etenim
2180 1862 2425 1929 quamvis
2482 1875 2669 1915 omnes
2717 1862 2860 1915 illius
2898 1863 3304 1932 comparatione
3358 1863 3525 1920 nihili

252 1966 478 2024 ἕκαστος
518 1962 845 2032 τιμιώτατος
893 1966 1053 2029 αὐτὸς
1086 1964 1284 2034 ἐαυτῷ,
1326 1965 1480 2032 φασί.
1528 1965 1721 2017 Καίτοι
1776 1965 1829 2016 τί

253 2058 426 2122 λέγως
459 2058 573 2106 οὐκ
602 2051 718 2107 οἴδα
750 2055 847 2123 μὲν
870 2055 978 2125 γὰρ
1007 2055 1054 2108 εἰ
1080 2054 1375 2117 πιστεύεις,
1404 2053 1599 2124 ἀληθὲς
1627 2054 1673 2106 δ’
1697 2053 1827 2124 ἐρῶ.

253 2148 314 2198 Ei
345 2147 400 2198 δέ
431 2146 505 2215 μὴ
559 2146 725 2212 ἐγγὺς
775 2146 980 2198 ἐκεῖνον
1013 2145 1221 2214 ἔφησας
1261 2145 1417 2214 ἡμῶν
1449 2140 1606 2207 εἶναι,
1642 2143 1741 2197 οὐκ
1767 2142 1832 2196 ἂν

252 2237 391 2289 οὕτω
418 2254 488 2305 με
524 2234 796 2306 εὔφρανας
819 2236 883 2298 ¹¹,
925 2234 1001 2299 ὡς
1042 2237 1123 2289 ὅτι
1155 2235 1587 2305 προκατείληψαι
1613 2234 1791 2299 δείξας
1816 2253 1830 2267 ·

252 2324 424 2386 οὕτως
448 2325 574 2393 ἐμοὶ
603 2323 755 2392 φίλος
780 2322 919 2393 ἀνὴρ
944 2323 1037 2376 καὶ
1059 2323 1229 2391 φίλων
1256 2324 1531 2378 ἐπέκεινα.
1568 2322 1771 2393 Συνέϐη
1787 2322 1832 2353 ¹⁹

254 2415 310 2468 δέ
341 2432 431 2484 μοι
459 2414 556 2468 καὶ
582 2414 710 2484 περὶ
742 2414 1091 2484 Δημοσθένην
1116 2415 1354 2468 τοιοῦτον
1381 2415 1567 2485 ἔτερον
1588 2432 1601 2446 ο
1640 2415 1833 2485 φράσω

252 2509 309 2562 δὲ
334 2508 428 2561 καὶ
453 2506 592 2577 πρὸς
620 2505 680 2559 σέ
703 2505 746 2537 ¹³
768 2521 782 2536 ⁸
832 2504 994 2577 Ἀνὴρ
1023 2504 1130 2558 τῶν
1174 2506 1237 2557 ἐκ
1276 2506 1376 2575 τῆς
1414 2504 1701 2575 γερουσίας
1734 2505 1835 2574 τῆς

267 2599 579 2668 Ῥωμαίων,
606 2597 773 2661 Λίϐυς
795 2597 861 2650 τὰ
884 2598 1104 2667 ἀρχαῖα,
1133 2596 1381 2667 Μάξιμος
1410 2596 1667 2666 τοῦνομα,
1687 2596 1835 2662 ἄξιος

257 2693 380 2744 ὅτου
418 2689 601 2759 βούλει
652 2688 869 2759 (φασὶηδ
909 2688 965 2741 δὲ
1002 2690 1051 2740 οἱ
1094 2688 1265 2741 ταῦτα
1306 2689 1471 2742 δεινοὶ
1507 2689 1600 2741 καὶ
1632 2674 1837 2758 ῥήτορα

255 2782 418 2835 αὑτὸν
454 2784 517 2834 ἐν
551 2778 790 2850 πρώτοις
836 2774 975 2831 εῖναι
1012 2778 1358 2848 Ῥωμαίων),
1397 2773 1613 2843 οὖτοςη
1639 2781 1752 2840 τοῖς
1774 2796 1834 2831 τε

252 2871 633 2941 Δημοσθένους
678 2870 859 2937 λόγοις
902 2870 1221 2938 προσέκειτο
1251 2869 1559 2939 ὑπερφυῶς,
1612 2868 1704 2921 καὶ
1738 2868 1836 2921 οὐκ

255 2960 350 3017 οἷδ’
375 2966 563 3016 ὅντινα
605 2961 805 3031 τρόπον
839 2961 996 3013 καὶη
1026 2962 1139 3024 τοῖς
1179 2959 1472 3031 ἡμετέροις
1518 2959 1661 3011 ἐάλω
1709 2958 1836 3011 τού-

252 3067 389 3107 τοις.
418 3052 621 3119 Ἔτυχε
657 3051 767 3120 γάρ
802 3068 893 3120 μοι
922 3050 1079 3117 λόγος
1111 3067 1194 3112 τις
1223 3047 1591 3116 πεποιημένος
1625 3050 1689 3100 ἐκ
1718 3048 1839 3118 τρί-

254 3158 363 3193 των
392 3142 536 3211 πρὸς
566 3142 858 3210 Λεπτίνην,
888 3140 947 3204 ἐξ
972 3140 1147 3211 ἀρχῆς
1167 3139 1377 3193 τοιᾶσδε
1395 3140 1460 3192 ¹⁷.
1490 3126 1653 3208 Εἶχον
1678 3138 1776 3207 μὲν
1795 3138 1839 3171 ¹⁸

252 3231 361 3301 γὰρ
392 3209 452 3284 ἐν
487 3232 644 3301 χερσὶ
683 3232 775 3283 τὸν
812 3232 969 3299 λόγον
1122 3229 1216 3282 τοῦ
1246 3229 1706 3301 Δημοσθένους¹⁹,
1745 3228 1840 3282 καὶ
1864 3209 1909 3272 C

251 3322 327 3383 ὡς
356 3323 628 3392 ἐγενόμην
660 3323 751 3374 ἐπὶ
776 3322 885 3374 τῶν
915 3320 1222 3390 κεφαλαίων
1243 3319 1279 3374 ὃ.
1306 3319 1398 3373 τοῦ
1426 3320 1689 3372 Λεπτίνου
1716 3320 1845 3390 μέλ-

255 3409 444 3473 λοντος
492 3412 638 3481 ἐρεῖν
686 3411 1087 3481 ὑποτέμνεται,
1134 3411 1450 3481 ἀποστήσας
1484 3410 1718 3479 ἐμαυτὸν
1748 3411 1842 3465 τοῦ

253 3502 639 3569 Δημοσθένους
668 3502 758 3553 ὑπ’
789 3501 1027 3571 ἐμαυτοῦ
1056 3519 1109 3554 τι
1140 3501 1446 3572 συνεώρων.
1484 3501 1572 3563 Ὠς
1600 3502 1656 3555 δὲ
1686 3493 1845 3573 εὗρον

251 3592 347 3644 καὶ
378 3592 475 3644 δύο
513 3592 608 3643 καὶ
654 3591 782 3660 τρία
829 3592 937 3645 τῶν
970 3593 1277 3663 χρησίμων,
1319 3590 1553 3645 ἐνταῦθα
1582 3592 1745 3649 πάλιν
1777 3589 1843 3647 αὗ

252 3681 344 3733 ἐπ’
372 3680 509 3733 ἄλλο
554 3684 610 3732 τι
665 3682 930 3751 ἐχώρουν.
977 3683 1087 3736 Καί
1127 3700 1217 3753 μοι
1255 3683 1579 3753 πειρωμένῳ
1628 3683 1687 3737 τὸ
1716 3683 1849 3737 αὐτὸ

248 3770 340 3823 ἀεὶ
365 3771 675 3824 συνέϐαινε.
693 3772 803 3825 Καὶ
827 3770 968 3825 οὕτω
988 3772 1053 3841 δὴ
1069 3772 1184 3839 ,ἀπὸ
1205 3771 1299 3825 τοῦ
1327 3773 1631 3841 κρασπέδου
1657 3772 1848 3841 θοιμά-

248 3878 389 3925 τιον,
422 3863 474 3914 εί
501 3862 557 3914 δὲ
585 3861 785 3930 βούλει,
816 3862 906 3915 τὸν
944 3861 1133 3916 λέοντα
1159 3861 1267 3915 ἀπὸ
1296 3862 1389 3913 τοῦ
1419 3862 1608 3931 ὄνυχος
1649 3865 1848 3932 ἀπειρο

251 3952 545 4021 γασὰμην.
594 3952 795 4006 Τοῦτον
847 3950 996 4021 αὐτῷ
1034 3954 1126 4005 τὸν
1163 3953 1320 4020 λόγον
1364 3952 1533 4017 δεῖξαι
1555 3954 1600 3985 ¹⁰
1634 3954 1849 4023 ἐπεχεί-

261 4060 443 4111 ρησα’
488 4044 583 4096 καὶ
619 4043 828 4113 μέλλων
859 4042 1135 4109 suam",
1170 4048 1428 4116 προεῖπον
1464 4047 1546 4098 ὅτι
1575 4046 1711 4115 πρὸς
1748 4046 1850 4097 Λε-

251 4133 459 4201 πτίνην
503 4133 874 4203 ἐφευρημένος
898 4134 995 4187 σὺν
1023 4134 1101 4204 τῷ
1130 4135 1268 4204 πρὸς
1305 4135 1581 4206 Λεπτίνην
1612 4135 1850 4205 ὲφενρή·

250 4226 426 4279 ast”.
469 4220 619 4296 Ἀρα
653 4227 727 4296 μὴ
762 4226 931 4279 ἀδικῶ
961 4244 1055 4293 σε;
1119 4226 1256 4297 ἔφην
1301 4227 1493 4296 ἐγώ²³.
1541 4228 1650 4282 Καὶ
1676 4228 1735 4290 ὃς
1769 4228 1845 4298 μὰ

253 4315 356 4367 Δία
389 4315 633 4382 εὐγενῶς
660 4332 718 4367 τε
749 4316 839 4368 καὶ
862 4316 936 4379 ὡς
962 4317 1028 4370 ἂν
1054 4318 1159 4380 πᾶς
1187 4317 1402 4387 ἠράσθη
1436 4335 1492 4371 τε
1519 4319 1614 4372 καὶ
1634 4318 1847 4388 ἠγάσθη

1934 1965 2081 2017 sunt,
2131 1954 2231 2007 sibi
2288 1962 2463 2005 tamen
2526 1953 2775 2021 quisque,
2832 1964 2889 2007 ιιι
2952 1956 3126 2022 aiunt,
3170 1966 3254 2010 est
3299 1957 3511 2013 charis-

1931 2048 2121 2101 simus.
2167 2044 2272 2098 Sed
2299 2043 2428 2112 quid
2467 2043 2594 2097 aio?
2624 2043 2886 2112 Equidem
2930 2046 3113 2100 nescio
3147 2062 3213 2099 an
3259 2048 3335 2102 sis
3372 2063 3509 2101 cre-

1935 2137 2171 2199 diturus,
2202 2135 2377 2188 dicam
2413 2142 2592 2186 tamen
2621 2134 2765 2203 quod
2799 2142 2883 2188 est
2924 2149 3135 2189 verum.
3164 2135 3300 2190 Nam
3323 2137 3367 2191 si
3386 2152 3523 2191 eum,

1936 2226 2213 2280 nobiscum
2259 2238 2327 2278 ne
2361 2224 2787 2292 c0mparandum
2818 2226 3036 2293 quidem
3089 2239 3210 2280 esse
3254 2227 3521 2289 dixisses,

1936 2331 2041 2370 non
2079 2316 2151 2370 ita
2200 2314 2413 2369 laetatus
2438 2328 2642 2382 essem,
2671 2329 2734 2367 ac
2761 2327 3045 2384 postquam
3074 2325 3127 2370 te
3158 2332 3511 2386 praeoccupa-

1940 2420 2049 2464 tum
2074 2410 2379 2465 ostendisti.
2410 2409 2563 2463 Adeo
2588 2409 2719 2464 mihi
2753 2411 2961 2464 amicus
2995 2420 3079 2464 est
3107 2411 3209 2476 vir,
3235 2420 3289 2465 et
3317 2411 3511 2464 amicis

1937 2502 2188 2558 omnibus
2228 2503 2422 2572 potior.
2478 2503 2668 2557 Simile
2697 2510 2878 2558 autem
2913 2504 3055 2558 circa
3072 2503 3529 2567 Demosdtenem,

1937 2608 2154 2663 quoque
2182 2594 2313 2647 mihi
2353 2594 2609 2662 quiddam
2643 2594 2896 2663 contigit,
2934 2595 3076 2665 quod
3100 2594 3211 2663 jam
3249 2595 3509 2649 narrabo.

1941 2686 2174 2740 Senator
2226 2684 2446 2754 quidam
2500 2683 2815 2751 Romanus,
2859 2699 2926 2739 ex
2964 2684 3149 2739 Africa
3199 2686 3463 2741 oriundus
3494 2726 3509 2749 ,

1939 2776 2208 2831 Maximus
2256 2777 2495 2839 nomine,
2544 2777 2629 2831 vir
2656 2779 2861 2846 gravis,
2903 2786 2959 2832 et
2991 2788 3181 2833 orator
3218 2779 3363 2833 inter
3399 2779 3514 2833 Bo-

1941 2881 2129 2921 manos
2167 2868 2406 2937 primus,
2442 2878 2501 2923 ut
2539 2869 2692 2923 aiunt
2716 2869 2917 2938 quibus
2951 2869 3066 2923 haec
3106 2876 3232 2923 sunt
3270 2884 3437 2931 cura,
3471 2871 3521 2924 is

1941 2957 2320 3025 Demosthenis
2358 2960 2700 3015 orationibus
2736 2960 2969 3015 miriﬁce
3006 2970 3125 3016 erat
3164 2959 3431 3023 addictus,
3465 2969 3519 3013 et

1943 3048 2148 3103 nostris
2195 3063 2412 3119 quoque
2459 3050 2579 3105 istis
2621 3050 2807 3106 nescio
2839 3064 2947 3119 quo
2972 3060 3130 3118 pacto
3180 3053 3516 3122 capiebatur.

1944 3138 2185 3193 Tertiam
2226 3140 2293 3193 ad
2330 3138 2613 3209 Leptinem
2637 3141 2939 3196 orationem
2990 3140 3133 3197 forte
3173 3143 3518 3210 conscripse-

1945 3242 2059 3279 ram
2088 3244 2151 3281 ex
2203 3227 2294 3281 tali
2332 3229 2641 3284 occasione.
2689 3228 2825 3284 Cum
2872 3230 2923 3284 in
2967 3231 3217 3287 manibus
3260 3234 3517 3288 haberem

1946 3314 2324 3370 Demosthenis
2354 3319 2683 3386 orationem,
2744 3329 3032 3390 postquam
3065 3323 3131 3376 ad
3162 3324 3339 3390 capita
3370 3324 3518 3391 veni,

1946 3421 2066 3473 quae
2096 3423 2123 3460 a
2158 3404 2383 3473 Leptine
2405 3407 2656 3473 dicenda,
2688 3411 2802 3478 ipse
2832 3410 3230 3481 intercipiebat.
3259 3415 3514 3483 Deposito

1946 3495 2085 3549 libro
2127 3511 2338 3551 mecum
2389 3513 2577 3553 eorum
2629 3502 2901 3569 quoddam
2959 3504 3321 3559 consideravi.
3364 3504 3527 3560 Post.

1947 3600 2105 3654 quam
2143 3594 2329 3642 autem
2366 3590 2470 3643 duo
2499 3591 2580 3644 vel
2614 3592 2738 3654 tria,
2772 3593 2970 3661 quaead
3006 3610 3117 3648 rem
3150 3597 3519 3663 pertinebant,

1946 3675 2282 3744 inveneram,
2314 3679 2379 3734 ad
2401 3679 2503 3734 alia
2533 3682 2723 3737 deinde
2746 3686 2982 3751 perrexi,
3002 3697 3163 3755 atque
3183 3687 3256 3742 ita
3291 3693 3521 3745 tentauti

1947 3781 2161 3837 semper
2218 3770 2357 3824 idem
2399 3773 2659 3842 contigit,
2701 3775 2872 3830 donec
2923 3793 2951 3830 a
3016 3778 3225 3834 ﬁmbria
3282 3782 3522 3836 tunicam

1950 3858 2187 3925 tandem,
2236 3869 2329 3914 aut
2377 3861 2421 3914 si
2462 3864 2634 3916 mavis
2682 3864 2751 3919 ab
2798 3881 2974 3936 ungue
3028 3868 3240 3924 leonem
3289 3872 3520 3927 absolvi.

1950 3948 2101 4003 Hanc
2126 3950 2295 4020 igitur
2324 3953 2623 4008 orationem
2652 3970 2774 4010 cum
2808 3959 2857 4012 ei
2885 3959 3075 4013 vellem
3105 3961 3361 4025 recitare,
3381 3980 3523 4032 prae—

1949 4042 2060 4097 dixi
2094 4042 2357 4108 futurum,
2389 4055 2446 4099 ut
2479 4046 2544 4099 ad
2578 4045 2860 4116 Leptinem
2893 4051 3213 4117 adinventa,
3248 4070 3370 4107 cum
3390 4071 3533 4110 ora-7

1949 4133 2098 4188 tione
2123 4134 2188 4187 ad
2207 4134 2485 4204 Leptinem
2512 4137 2797 4196 inveniret.
2817 4139 2977 4209 Num,
2998 4142 3216 4213 inquam
3238 4145 3516 4215 injuriam,

1953 4225 2130 4281 facio?
2158 4224 2292 4279 Tum
2328 4227 2417 4281 ille
2455 4228 2739 4297 generose,
2777 4241 2831 4286 et
2865 4245 2923 4287 ιιι
2956 4236 3136 4303 quivis
3165 4253 3225 4292 se
3264 4239 3535 4306 gessisset.

1950 4315 2253 4385 philologus
2284 4333 2299 4369 :
2332 4319 2412 4370 An
2452 4318 2694 4388 ignoras,
2720 4321 2916 4390 inquit,
2962 4339 2990 4376 a
3027 4324 3389 4382 Demosthene
3440 4345 3527 4384 me

247 4406 406 4468 ὅστις
435 4405 741 4474 φιλολόγος,
773 4402 964 4471 Οἶσθα,
991 4407 1116 4479 ἔφη,
1145 4409 1228 4462 ὅτι
1263 4410 1508 4480 κάθημαι
1534 4410 1670 4480 πρὸς
1699 4410 1792 4463 τοῦ
1806 4410 1836 4441 ²¹

1954 4407 2141 4461 stare?
2167 4409 2234 4462 Et
2274 4423 2416 4479 ego:
2457 4409 2715 4466 Eumdem
2752 4412 2935 4481 igitur,
2971 4415 3213 4483 inquam,
3243 4433 3404 4487 quem
3424 4436 3541 4490 ego.

247 4498 671 4566 Δημοσθένους;
719 4497 909 4565 Κάγὼ,
956 4499 1048 4551 τὸν
1101 4500 1264 4553 αὐτὸν
1302 4500 1429 4570 ἄρα,
1465 4500 1622 4573 ἔφην,
1660 4501 1781 4571 ἐμοὶ⁵
1799 4501 1836 4533 ⁸⁸

1956 4499 2113 4561 colis,
2145 4499 2318 4564 itaut,
2362 4501 2405 4554 si
2448 4516 2534 4556 me
2569 4501 2780 4571 vicerit,
2826 4519 2932 4559 non
2981 4505 3051 4558 sit
3082 4506 3334 4562 inimicus
3364 4523 3525 4564 coro-

246 4587 561 4659 βουκολεῖς,
593 4587 733 4641 ὥστε
760 4591 808 4641 εί
830 4588 997 4659 νικῴη
1035 4591 1111 4659 μ’,
1144 4592 1244 4645 οὐκ
1272 4592 1463 4661 ἐχθρὸς
1495 4594 1523 4645 ὁ
1555 4593 1836 4660 στεφανού-

1957 4591 2189 4650 naudus',
2218 4591 2311 4643 sed
2342 4591 2386 4643 is
2404 4592 2488 4644 cui
2520 4591 2679 4646 simul
2711 4602 2938 4662 uterque
2969 4596 3222 4651 libamus.
3251 4596 3323 4652 Ut
3343 4609 3524 4655 autem

249 4695 443 4745 μενος,
477 4677 591 4729 ἀλλ’
617 4671 662 4745 ᾧ
694 4679 757 4729 σύ
803 4696 866 4747 γε
897 4678 1052 4748 κάγὼ
1083 4680 1476 4751 συσπεύδομεν.
1514 4682 1603 4745 Ὠς
1631 4682 1687 4734 δὲ
1718 4682 1836 4734 ἐκέ-

1951 4679 2151 4750 422α
2188 4680 2394 4736 libellos
2429 4682 2644 4737 recitari
2671 4683 2856 4750 jussit,
2892 4696 2947 4739 et
2976 4688 3117 4741 seria
3150 4704 3239 4744 res
3300 4692 3383 4761 agi
3416 4706 3528 4747 cas-

243 4770 378 4822 λευε
394 4770 446 4800 ’⁸
487 4768 557 4821 τὰ
576 4768 766 4840 Ιβιόλία
790 4769 849 4824 ἐν
876 4771 1029 4840 μέρει
1053 4770 1326 4826 δεικνύναι
1351 4772 1446 4825 καὶ
1475 4772 1537 4825 τὸ
1563 4771 1836 4843 πρᾶίγμα*α

1955 4776 2052 4840 pit,
2093 4775 2162 4826 ita
2199 4771 2313 4825 fere
2352 4772 2461 4826 dixi
2501 4788 2515 4824 :
2554 4772 2838 4843 Equidem,
2865 4777 2916 4830 ni
2951 4777 3126 4847 fallor,
3159 4781 3300 4835 idem
3327 4783 3393 4836 de
3425 4782 3528 4836 Dc-

244 4859 517 4928 πανταχῆ
542 4858 743 4928 σπουδὴ
766 4854 854 4930 ἦν,
882 4861 1096 4913 Ούτωσί
1114 4878 1221 4928 τοι,
1247 4861 1384 4930 ἔφην
1412 4861 1543 4930 ἐγὼ,
1572 4863 1654 4914 σοι
1674 4860 1836 4915 ταυτᾶ

1955 4864 2238 4918 mosthene
2263 4866 2405 4932 quod
2432 4873 2487 4919 tn
2513 4866 2793 4935 existimo,
2821 4869 3109 4927 difﬁculter
3124 4888 3248 4928 cum
3280 4878 3527 4943 superari

247 4948 521 5019 γινώσκω
567 4949 695 5020 περὶ
744 4950 1151 5020 Δημοσθένους,
1205 4954 1300 5006 καὶ
1352 4952 1590 5023 ἡγοῦμαι
1650 4952 1836 5005 ταυτδι

1958 4970 2136 5024 posse.
2181 4956 2273 5010 llis
2308 4958 2509 5013 auditis
2539 4958 2628 5014 ille
2670 4958 2884 5017 laatatus
2920 4973 3024 5026 est,
3070 4966 3539 5033 quemadmodum.

1580 5112 1814 5171 νΑιιιΑε
1856 5111 2154 5169 [ΕΟΐίοΝ
2160 5114 2263 5171 ES.

2066 5237 2088 5269 ⁵
2115 5235 2170 5307 δὲ
2200 5236 2293 5307 καὶ
2336 5238 2423 5291 διὰ
2452 5236 2692 5302 πάντων]
2717 5238 2779 5307 δὴ
2809 5239 2905 5293 καὶ
2930 5238 3182 5292 ἁπάντων
3205 5237 3270 5291 Α.
3346 5238 3368 5268 ⁸
3397 5238 3532 5307 φασί

1886 5305 1907 5335 ⁸
1935 5303 2029 5377 νῦν
2059 5302 2165 5377 cel
2179 5321 2230 5373 p.
2261 5306 2385 5364 525.
2468 5310 2488 5339 ’
2516 5309 2581 5362 ἂν
2626 5302 2806 5377 τιμῶν
2840 5323 2948 5361 om.
2976 5307 3040 5361 A.
3142 5308 3185 5377 ff
3212 5324 3292 5360 τοι
3319 5302 3429 5377 om.

250 5367 298 5458 ἒξ
330 5364 623 5458 ηίὲφρσνας
658 5372 758 5458 A.~
802 5364 879 5455 1"
906 5371 1101 5458 συνέξη
1134 5373 1179 5404 ¹⁸
1207 5373 1339 5458 Eph;
1374 5374 1432 5425 σέ
1460 5364 1571 5458 om;
1723 5364 1741 5369 ⁷
1767 5375 1810 5404 ¹⁸
1856 5374 1988 5458 φασὶ
2009 5405 2080 5458 π
2107 5364 2411 5458 obiciunt.
2468 5379 2543 5458 A.‘
2565 5448 2576 5458 .
2616 5378 2659 5408 ¹³⁵
2684 5364 2809 5458 καί]
2842 5378 2962 5458 add.
2996 5378 3092 5458 AL.
3127 5375 3347 5458 ςθ-γὰρ]
3377 5375 3431 5427 δέ

338 5434 614 5516 ἐςᾲρχῆς
640 5440 990 5516 τοιᾶσδεαοιιι.
1198 5434 1421 5516 ἐξεῖχον
1450 5443 1571 5516 μὲν]
1603 5443 1819 5516 εἴχομεν
1846 5434 1914 5516 Ᾱ.
2017 5444 2173 5516 nam
2210 5434 2703 5516 couloquooOévou;
2731 5434 2885 5516 λόγον
2913 5450 3004 5516 Α,
3048 5446 3093 5479 ²⁰
3122 5434 3425 5516 δεῖξαίόηι.
3464 5446 3527 5496 Α.

339 5504 559 5587 μέλλων
585 5507 780 5587 δείξειν
802 5511 1005 5587 o_ttt._A.
1040 5512 1142 5587 ότι.
1192 5514 1237 5543 ¹²
1265 5504 1697 5587 ὲφξυρῆσεῖυιίι.
1722 5504 1795 5566 Ἀ.
1875 5515 1920 5545 ’³
1949 5530 2009 5565 σε
2054 5513 2188 5585 ἔφην
2215 5513 2345 5587 ἐγώ]
2379 5504 2438 5583 γε
2473 5518 2533 5571 Δ.
2610 5516 2657 5547 ³⁵
2684 5504 2813 5586 τοῦ]’
2834 5516 2955 5577 τοὺς
2984 5515 3048 5568 Α.
3124 5514 3168 5546 ³⁸
3200 5504 3302 5583 ἔφη
3341 5531 3429 5585 μοι
3462 5516 3525 5572 Α.

250 5574 301 5603 ’τ’
340 5574 637 5627 ἐκέλευσεν
663 5581 727 5633 Α.
806 5579 847 5610 ³⁷
880 5580 942 5632 τὸ
965 5574 1399 5652 πρᾶγμανοῐιιΑ.

327 5228 351 5257 π
388 5227 529 5307 apta
556 5217 799 5307 quia:
845 5232 892 5307 ’ξ
912 5232 1021 5287 τῶν
1050 5246 1159 5307 om.
1208 5233 1277 5307 Α.
1355 5234 1405 5307 ’ξ
1434 5233 1784 5307 πανταχῆ].ι).
1833 5235 1959 5307 tat.

246 5298 474 5369 OmLA.
568 5298 589 5330 "
614 5300 1012 5365 καλλωπίζεται
1046 5301 1124 5355 A:
1161 5306 1253 5356 καὶ
1281 5298 1775 5369 καλλωπίζεταῖᾴ.

343 5757 468 5829 (88)
506 5758 656 5815 Iliad.
694 5776 766 5825 νι,
802 5764 890 5820 82.
1193 5733 1199 5738 ’
1794 5674 2022 5734 “OT/11-
