3960 6418
210 361 335 429 1599

1198 362 1720 428 BIBLlOTiiECA.
1746 393 1813 403 -
1846 369 2011 432 COD.
2057 372 2414 435 CCXLVIII.

3301 376 3439 443 1530

204 467 598 557 συλλογίσασθαι
616 467 1013 557 Ϋξὰ-είρημένα,
1037 473 1148 557 μῦς-
1170 476 1200 525 ό
1242 477 1612 557 Δημοσθένης,
1660 481 1750 557 κα]

1862 482 2102 557 cludere,
2138 498 2901 557 erittmerare,renumerare,
2953 484 3029 556 [et
3073 487 3117 541 si
3147 504 3267 557 qua:
3309 503 3434 546 sunt

202 539 667 630 συνμγξιγεὶζνᾶμκαὶ
697 541 976 630 {uvidisth
1004 543 1175 595 εἰπεῖν
1195 539 1633 630 ,καῖἀριρμῆσαι
1656 550 1750 630 καὶ

1862 539 2099 630 δίηιίΙξκΪ
2125 552 2192 607 de
2247 539 2760 623 ἱιιιιςετοίιιοίροτε,
2818 539 2900 609 vel
2950 539 3440 626 ieceptionve—tn—‘f‘a:

199 607 607 683 ἀριθμήσασθαι,
641 609 733 683 καὶ
762 607 875 683 ἀλλ’
905 610 1041 683 ἅττα
1068 613 1315 679 τοιαῦτα,
1357 607 1754 671 καὶέπαναλα-

199 678 305 735 δεῖν
323 678 420 733 καὶ
448 678 974 750 ἁνακεφαλαιῶσαι.]

259 768 404 821 οὕτω
417 767 461 799 ⁸⁸
486 766 663 817 πᾶσαν
684 767 816 819 αίδὼ
834 768 880 798 ⁵⁷
903 770 995 819 καὶ
1014 769 1178 838 τιμὴν
1199 770 1559 841 ἀπεδώκαμεν
1580 776 1749 845 αὐτῷ,

196 860 323 912 ὥστε
354 857 399 908 εί
424 855 583 917 αὐτὸς
613 855 749 925 πρὸς
778 856 969 909 ἐαυτὸν
996 856 1222 927 ἔμελλεν
1254 860 1521 931 ἀντερεῖν,
1562 863 1660 916 οὑκ
1686 866 1752 917 ἄν

194 969 278 1021 μοι
318 948 560 1016 δοκοίη⁸⁸
613 948 812 1017 μᾶλλον
857 948 1052 1003 ἑαυτοῦ
1110 952 1422 1019 φείσασθαι.
1497 955 1747 1024 Ἀτὰρ⁸’,

191 1042 307 1114 [687
334 1037 421 1109 Η.]
445 1032 488 1091 ὧ
516 1040 705 1109 ἄριστε
743 1040 1003 1093 Καπίτων
1027 1080 1042 1105 ,
1091 1042 1431 1113 ἐνεθυμήθην
1462 1046 1557 1097 καὶ
1585 1044 1746 1097 τοῦτο

191 1131 379 1205 μεταξὺ
405 1130 514 1183 τῶν
547 1128 743 1198 λόγων,
776 1132 858 1183 ὅτι
891 1132 1068 1184 πάντα
1093 1133 1285 1185 εἴδωλά
1312 1135 1429 1187 ἐστι
1460 1134 1539 1202 τῷ
1568 1136 1745 1205 ἀνδρὶ,

191 1229 276 1282 καὶ
305 1227 457 1278 τοῦτο
506 1224 604 1292 μὲν
648 1225 697 1277 οί
747 1226 967 1291 ποιηταὶ
1009 1230 1239 1295 μιμηταὶ
1267 1215 1499 1280 είδώλων
1525 1228 1745 1298 ἀρετῆς,

184 1318 330 1374 τοῦτο
355 1317 407 1369 δὲ
434 1317 468 1386 ἡ
502 1315 764 1387 ῥητορικὴ
792 1314 1077 1387 πολιτικῆς
1112 1318 1302 1388 μορίου
1326 1318 1543 1371 εἴδωλον
1559 1318 1628 1371 ⁸ο.

424 1490 702 1544 Είδώλων
731 1491 800 1543 δὲ
830 1491 1024 1543 πλέον
1052 1491 1375 1558 πρόθιιρον,

185 1582 308 1652 φαίη
338 1580 403 1632 ἂν
428 1582 509 1643 είς
535 1581 697 1633 αὐτὸν
726 1580 970 1650 Ὄμηρος
982 1581 1045 1633 θί.
1078 1581 1313 1647 Πότερον
1340 1579 1515 1633 ταῦτα
1546 1578 1748 1648 θρασύ-

183 1691 305 1743 τερα
336 1674 428 1726 καὶ
459 1672 868 1742 προπετέστερα
908 1673 940 1740 ἢ
972 1672 1153 1741 τάμά;
1210 1672 1296 1723 Ἐν
1324 1665 1404 1735 οἷς
1435 1690 1576 1741 φημι
1604 1672 1747 1724 Πλά-

180 1782 316 1819 τωνα
346 1763 693 1833 ἀποδημῆσαι
723 1764 865 1833 ὑπὲρ
888 1763 1065 1815 αὐτῶν
1082 1764 1149 1826 θ’,
1179 1763 1271 1816 καί
1294 1781 1433 1832 φημι
1457 1762 1629 1817 ταῦτα
1652 1764 1745 1815 λέ-

1859 620 2030 693 cere.]

1929 771 2077 824 Adeo
2104 772 2246 824 enim
2281 773 2428 825 omni
2458 773 2754 827 reverentia
2781 790 2843 828 ac
2866 777 3068 831 honore
3095 793 3284 832 sumus
3308 793 3433 834 eum

1860 863 2157 928 prosecuti,
2201 872 2258 915 ut
2297 863 2340 916 si
2389 863 2505 932 ipse
2555 876 2745 918 contra
2796 881 2893 920 nos
2931 868 3177 923 dicturus
3222 871 3439 935 fuisset,

1860 962 1968 1000 non
2016 948 2253 1016 potuerit
2292 948 2396 1002 sibi
2439 951 2649 1019 fmagis,
2704 953 2890 1014 credo,
2936 969 3182 1021 parcere.
3234 955 3435 1010 Verum

1861 1035 1962 1089 hoc
1988 1051 2224 1104 quoque,
2272 1037 2478 1105 optime
2525 1036 2740 1107 Capito,
2786 1039 2929 1093 aliud
2976 1056 3141 1110 agens
3189 1043 3439 1096 conside-

1857 1126 1996 1189 ravi,
2037 1126 2173 1179 nihil
2205 1126 2348 1180 aliud
2395 1128 2693 1194 hominem,
2730 1146 2893 1198 quam
2931 1130 3223 1186 simulacra
3261 1134 3313 1185 in
3341 1148 3437 1186 ore

1860 1215 2082 1277 habere,
2123 1230 2185 1269 ac
2238 1222 2350 1268 tum
2396 1228 2584 1283 poetas
2627 1217 3041 1272 simulacrorum
3070 1221 3287 1276 virtutis
3316 1221 3439 1274 lmi—

1859 1316 2059 1359 tatores
2118 1320 2260 1371 esse,
2307 1314 2421 1360 tum
2452 1308 2779 1362 rhetoricam
2803 1310 2978 1365 civilis
3012 1312 3180 1378 partis
3217 1310 3438 1367 simula-

1859 1413 2034 1453 Cl'llm.

2136 1490 2275 1543 Aula
2318 1488 2616 1543 simulacris
2651 1499 2810 1543 scatet
2846 1490 3076 1560 (90).....

1855 1578 2072 1633 diceret'
2118 1581 2184 1633 ad
2236 1582 2408 1649 ipsum
2454 1579 2740 1635 llonterus.
2787 1581 2903 1635 Non
2970 1583 3084 1638 haec
3148 1585 3434 1639 audaciora

1853 1678 1983 1722 sunt
2020 1683 2082 1722 ac
2122 1671 2290 1739 magis
2334 1668 2642 1731 temeraria,
2674 1685 2833 1739 quam
2870 1681 3055 1725 nostra
3095 1688 3216 1726 cum
3246 1674 3432 1727 Plato-

1856 1774 1975 1813 nem
2003 1760 2399 1829 peregrinatum
2426 1775 2547 1815 esse
2568 1761 2823 1824 diximus,
2857 1762 3017 1830 idque
3050 1779 3155 1817 non
3190 1765 3434 1832 peregri—

181 1873 293 1926 γειν
323 1856 381 1907 ού
413 1854 510 1925 τὴν
538 1855 847 1925 ἀποδημίαν
889 1853 1148 1917 κακίζων,
1183 1850 1318 1906 ἀλλὰ
1348 1856 1415 1923 τῇ
1469 1853 1747 1923 ἀποδημίᾳ

1862 1850 2120 1903 nationem
2161 1852 2526 1920 suggillantes,
2560 1849 2651 1906 sed
2682 1866 2743 1903 ea
2774 1866 2994 1905 causam
3028 1862 3265 1905 nostram
3297 1867 3433 1907 con-

180 1952 265 2001 τὴν
290 1948 441 2015 λόγον
472 1945 851 2015 πιστούμενος.
880 1946 1011 2010 Ναὶ,
1043 1945 1157 1998 ἀλλ’
1182 1945 1632 2013 ἀπεστερήκαμεν
1656 1943 1746 1996 αύ-

180 2040 265 2092 τὸν
308 2026 460 2107 δόξης
510 2037 849 2106 φιλοσοφίας,
898 2035 1086 2107 ὥσπερ
1117 2035 1323 2097 ἐκεῖνος
1357 2036 1482 2097 τοὺς
1516 2035 1613 2104 μὲν
1644 2032 1745 2102 τῆς

179 2130 474 2200 τραγῳδίας
501 2130 733 2195 ποιητὰς
787 2128 908 2181 οὐδὲ
940 2129 999 2180 ἐν
1028 2128 1195 2197 ὀλίγω
1227 2128 1460 2197 τίθησιν,
1499 2129 1746 2196 Ὅμηρον

178 2223 231 2275 δὲ
289 2220 686 2291 τραγῳδοποιδν
756 2220 1120 2290 προσείρηκεν
1196 2218 1256 2271 οὐ
1320 2216 1508 2271 τοῦτον
1572 2220 1747 2287 τούτῳ

180 2313 406 2382 κοσμῶν,
438 2312 577 2365 ἀλλὰ
604 2310 828 2372 τούτους
860 2310 958 2381 μὲν
983 2310 1070 2363 διὰ
1098 2310 1301 2363 τούτων
1333 2307 1590 2371 κολούων,
1625 2307 1749 2360 τοῦ-

179 2419 263 2455 τον
283 2403 336 2455 δὲ
358 2397 401 2469 ᾧ
426 2403 563 2471 τιμᾷ
581 2400 882 2470 καθαιρῶν.
908 2399 1116 2453 Οὐκοῦν
1136 2400 1328 2465 δεινὸν,
1352 2401 1400 2451 εί
1420 2393 1574 2461 οὗτος
1602 2398 1748 2469 μέν⁶³

177 2494 266 2545 καὶ
288 2492 722 2563 τραγῳδοποιοὺς
752 2492 846 2546 καὶ
878 2490 1300 2561 κωμῳδοποιοὺς
1335 2492 1429 2544 καὶ
1468 2492 1624 2543 πόλιν
1654 2490 1748 2543 καὶ

179 2582 440 2636 πολιτείαν
457 2582 505 2615 ⁸⁸
535 2583 628 2637 καὶ
660 2582 857 2651 νόμους
874 2583 919 2613 ⁸⁸
950 2582 1126 2650 ἑαυτῷ
1157 2581 1498 2650 καθίστησιν,
1534 2583 1664 2651 ἡμῖν
1691 2581 1748 2634 δέ

182 2675 311 2743 μηδὲ
356 2675 520 2743 λόγου
570 2674 715 2736 τινὸς
732 2675 777 2705 ⁸⁸
814 2672 1029 2736 ἐξέσται
1076 2672 1214 2739 πρὸς
1260 2673 1421 2725 αὐτὸν
1467 2671 1747 2741 ἀμφισϐη-

176 2767 417 2835 τῆσαιδτ,
463 2767 563 2819 καὶ
613 2765 789 2817 ταῦτα
837 2765 899 2816 οὐ
959 2764 1116 2835 μύρῳ
1152 2763 1534 2832 ἐπαλείφουσιν
1563 2763 1747 2827 αὐτὸν,

178 2857 307 2911 ἀλλὰ
339 2856 523 2926 λόγοις
553 2857 665 2919 τοῖς
697 2856 1097 2924 εὐφημοτάτοις
1130 2856 1223 2907 καὶ
1249 2847 1325 2906 ὧν
1352 2853 1460 2906 οὐδ’
1493 2853 1558 2907 ἂν
1591 2853 1751 2916 αὐτὸς

177 2949 366 3019 ἠξίωσε
404 2949 628 3019 μείζους
660 2947 878 3000 ἀκούειν
906 2947 1045 3016 ὑπὲρ
1077 2944 1294 2999 ἑαυτοῦ.

240 3040 400 3112 [12Ἱῖ
432 3039 529 3111 R.]
570 3037 908 3107 Ἀνεγνώσθη
935 3038 980 3069 ⁸⁸
1006 3036 1100 3089 τοῦ
1132 3035 1296 3089 αὐτοῦ
1331 3034 1605 3103 ύπέρντῆς
1636 3051 1752 3086 κοι-

174 3132 265 3199 νῆς
292 3132 612 3198 ἀπολογίας,
642 3129 735 3182 τὸν
764 3130 949 3199 ὅμοιον
990 3128 1079 3181 διὰ
1123 3130 1222 3198 τῆς
1261 3126 1495 3195 ἐκλογῆς
1532 3141 1755 3194 περιην-

173 3224 418 3295 θισμένος
442 3224 668 3294 τρόπον.

864 3312 1049 3383 nunc

184 3407 281 3461 Ἕκ
310 3407 417 3461 τοῦ
431 3405 803 3474 Ἀριστείδου
826 3402 980 3474 πρὸς
991 3400 1287 3474 Πλάτωνα
1300 3397 1453 3474 ὑπὲρ
1473 3396 1592 3474 τῷν
1612 3409 1747 3449 τεσ-

223 3468 702 3546 σάρων.-ξ-[ὺπὲρ
733 3468 1094 3540 Περικλέους
1111 3468 1332 3540 “il—Td
1364 3469 1696 3535 Προοίμιον.

237 3565 637 3637 Παραιτεῖσθαι
664 3564 711 3594 το
759 3563 857 3631 μὲν
901 3562 1001 3613 οὐκ
1052 3556 1145 3612 οἷδ’
1183 3559 1212 3611 ὃ
1238 3574 1292 3609 τι
1341 3556 1422 3608 δεῖ
1470 3554 1601 3625 περὶ
1646 3553 1754 3606 τῶν

171 3656 344 3712 αὐτῶν
377 3654 665 3717 πολλάκις,
706 3651 899 3717 ἄλλως-ε
921 3666 980 3702 τε
1011 3647 1108 3701 καὶ
1136 3646 1197 3699 οὐ
1232 3645 1367 3716 πρὸς
1394 3643 1592 3712 ἄνδρας
1625 3640 1755 3711 μέλ·

171 3749 357 3810 λοντας
390 3748 434 3777 τί
488 3747 634 3815 ἐρεῖν
674 3743 875 3812 μᾶλλον
911 3740 944 3811 ἢ
984 3739 1127 3808 ὑπὲρ
1176 3736 1387 3806 ἀνδρῶν
1429 3733 1608 3788 καλῶν
1657 3731 1754 3785 καὶ

168 3837 414 3907 ἀγαθῶν,
448 3836 545 3889 καὶ
568 3834 773 3887 τούτων
798 3834 897 3885 οὐκ
922 3831 1141 3897 ὀλίγων,
1171 3828 1293 3880 οὐδὲ
1313 3822 1475 3898 ἦττον
1505 3821 1753 3875 παλαιῶν

170 3927 203 3997 ἢ
240 3927 490 3990 Πλάτων,
526 3926 607 3978 ὅτι
653 3924 729 3993 μὴ
775 3922 872 3974 καὶ
912 3917 1296 3990 πρεσϐυτέρων
1330 3915 1561 3975 ἐκείνου,
1595 3913 1647 3964 εί
1677 3928 1755 3981 τῳ

170 4020 264 4071 καὶ
313 4017 479 4069 τοῦτο
522 4013 701 4076 αἰδοῦς
747 4013 897 4076 ἄξιον
939 4006 1080 4064 εἶναι
1126 4010 1291 4062 δοκεῖ.
1331 4007 1496 4058 Ὥστε
1533 4005 1576 4035 ⁷¹
1627 4004 1756 4055 ὅταν

169 4107 501 4177 ὡμολόγητο,
522 4107 617 4158 καὶ
654 4102 1042 4172 συγκεχώρητο
1075 4100 1215 4168 ὑπὲρ
1257 4089 1319 4150 οὗ
1365 4097 1470 4158 πᾶς
1502 4095 1703 4165 ῆνυστο
1729 4094 1758 4145 ὁ

169 4198 327 4265 λόγος
362 4199 462 4251 καὶ
506 4196 642 4267 πρὸς
677 4195 705 4248 ὃ
736 4194 914 4246 πάντα
959 4190 1113 4243 ταῦτ’
1153 4185 1267 4259 εἶχε
1304 4188 1402 4259 τὴν
1453 4185 1756 4253 ἀναφοράν,

169 4290 251 4349 τίς
282 4286 352 4361 ἦν
384 4288 563 4359 ζημία
585 4287 633 4319 ⁷³
677 4285 786 4340 τῶν
826 4284 1038 4353 ἀνδρῶν
1084 4281 1158 4351 μὴ
1200 4277 1757 4351 προηαθάπτεσϐαι;

170 4382 282 4435 Νῦν
301 4382 343 4434 δ’
371 4380 564 4451 ὥσπερ
588 4379 818 4442 ὠδίνων,
843 4376 937 4431 mit.
962 4372 1418 4445 περιϐαλλόμενος
1447 4370 1634 4439 κύκλῳ
1658 4367 1756 4437 τὴν

168 4475 255 4526 ἐπ’
287 4475 536 4536 ἐκείνους
573 4473 716 4532 ὁδὸν,
759 4468 933 4529 οὕτως
966 4462 1269 4527 ἐπιϐούλως
1314 4461 1483 4516 ἐλθὼν
1514 4460 1608 4513 ἐπὶ
1633 4460 1759 4520 τοὺς

1846 1943 2145 1997 ﬁrmantes.
2194 1943 2275 1997 An
2328 1959 2460 1998 vero
2507 1944 2860 2012 philosophia:
2927 1944 3256 2010 privavimus
3308 1958 3433 1997 eum

1844 2033 2123 2102 opinione.
2167 2034 2615 2102 quemadmodum
2666 2018 2786 2102 ipse
2814 2032 3048 2101 tragicos
3106 2026 3321 2101 quidem
3355 2033 3436 2085 ni-

1847 2125 1941 2178 hili
1982 2123 2129 2179 facit.
2166 2124 2456 2178 Homerum
2526 2133 2704 2178 autem
2762 2124 3024 2191 tragicum
3061 2124 3291 2189 vocavit,
3328 2137 3433 2175 non

1850 2224 1956 2267 tam
1992 2216 2210 2268 honoris
2236 2215 2402 2283 gratia
2438 2230 2600 2283 quam
2639 2224 2698 2267 ut
2750 2226 2804 2269 et
2830 2215 2946 2267 illos
2986 2229 3080 2281 per
3111 2214 3254 2267 hunc
3279 2212 3439 2266 muti-

1848 2306 2005 2370 laret,
2036 2314 2091 2359 et
2117 2306 2278 2370 hunc,
2320 2307 2444 2358 dum
2477 2306 2709 2359 honorat
2737 2344 2752 2368 ,
2786 2305 3133 2372 deprimeret.
3160 2304 3435 2372 Indignum

1848 2396 1953 2449 erit
1991 2394 2172 2463 igitur,
2208 2394 2250 2448 si
2294 2394 2528 2461 tragicos
2572 2393 2689 2461 ipse
2713 2402 2767 2447 et
2800 2394 3042 2447 comicos
3082 2401 3136 2446 et
3160 2391 3434 2446 civitatem

1847 2482 1949 2535 sibi
1983 2493 2036 2537 et
2070 2480 2455 2547 rempublicam
2495 2492 2659 2549 atque
2706 2481 2852 2550 leges
2893 2490 3180 2550 componet
3213 2496 3226 2532 :
3283 2479 3438 2532 nobis

1848 2583 2028 2625 autem
2073 2586 2139 2625 ne
2168 2572 2235 2625 de
2281 2572 2426 2625 dicto
2458 2571 2674 2638 quidem
2718 2572 2900 2640 aliquo
2937 2570 3124 2624 licebit
3160 2580 3271 2622 tum
3315 2569 3432 2636 ipso

1848 2661 2047 2733 423a
2114 2660 2443 2730 disceptare,
2485 2661 2647 2728 idque
2694 2678 2798 2715 non
2838 2661 3129 2729 unguentis
3173 2658 3434 2723 delibuto,

1851 2755 1942 2807 sed
1979 2752 2511 2815 laudibusmaximis,
2537 2754 2841 2823 quibusque
2872 2767 2970 2807 nec
3001 2752 3117 2819 ipse
3153 2751 3217 2805 de
3238 2765 3297 2805 se
3326 2765 3437 2803 nta-

1848 2842 2002 2912 jores
2031 2843 2223 2896 audire
2257 2843 2629 2897 sustinuisset.

1927 3014 2101 3069 Lectae
2149 3024 2276 3069 sunt
2320 3014 2564 3085 ejusdem
2610 3015 2885 3068 orationes
2927 3015 3199 3068 communi
3247 3012 3432 3067 defen-

1855 3104 2009 3158 sione
2039 3105 2271 3158 similem
2304 3115 2605 3159 tractantes
2630 3107 3008 3173 quaestionem.

2484 3298 2802 3356 CCXLVIII.

1896 3390 1982 3445 Ea:
2028 3390 2279 3444 Aristidis
2323 3389 2597 3442 Platonica
2643 3406 2738 3456 pro
2788 3402 3016 3458 quatuor
3051 3390 3201 3443 siris.
3232 3419 3301 3429 —
3328 3391 3405 3446 Dc

2312 3459 2533 3512 Pericle.
2560 3487 2630 3497 —
2657 3458 2997 3513 Prooemium.

1925 3549 2135 3618 Saepius
2195 3550 2383 3603 iisdem
2445 3551 2512 3603 de
2572 3552 2732 3603 rebus
2794 3561 2978 3618 petere
3035 3568 3141 3606 non
3192 3556 3447 3609 existimo

1854 3657 2096 3705 necesse,
2139 3641 2439 3710 praesertim
2484 3656 2607 3694 cum
2653 3657 2759 3695 non
2789 3643 2854 3696 ad
2894 3644 3041 3698 viros
3086 3645 3223 3700 ullos
3244 3646 3441 3701 dicturi

1854 3732 2045 3793 simus,
2077 3745 2240 3798 quam
2270 3744 2364 3797 pro
2392 3730 2521 3783 viris
2556 3730 2775 3798 optimis
2804 3770 2819 3795 ,
2854 3744 2952 3785 nec
2983 3734 3169 3799 paucis
3199 3774 3215 3797 ,
3270 3749 3443 3802 neque

1854 3820 2078 3875 Platone
2120 3818 2427 3887 junioribus
2494 3821 2670 3886 potius
2715 3836 2875 3888 quam
2925 3823 3343 3890 antiquioribus,
3394 3826 3441 3878 si

1855 3913 1977 3981 quis
2045 3912 2147 3964 hoc
2204 3925 2417 3979 quoque
2467 3910 2609 3964 forte
2669 3912 2971 3965 reverentia
3034 3913 3254 3980 dignum
3309 3929 3440 3967 ceu-

1857 4007 1995 4054 seat.
2050 3999 2388 4067 Quapropter
2449 4014 2571 4052 cum
2640 3999 2713 4065 id,
2775 4014 2883 4068 quo
2939 4000 3193 4054 tendebat
3247 4002 3441 4062 oratio,

1858 4106 2176 4145 concessum
2218 4099 2386 4154 esset,
2418 4090 2508 4157 qui
2544 4098 2796 4159 potuerat
2845 4106 3074 4155 nocere,
3106 4091 3150 4144 si
3180 4091 3326 4144 viros
3362 4092 3447 4142 in-
3556 4112 3561 4117 τ

1860 4193 2038 4238 tactos
2076 4180 2419 4252 reliquisset?
2451 4181 2519 4233 At
2563 4196 2705 4235 nunc
2751 4182 2906 4250 quasi
2941 4181 3255 4250 parturiret,
3292 4181 3452 4233 undi~

1859 4291 1964 4345 que
2006 4276 2338 4329 communita
2383 4275 2450 4327 ad
2486 4273 2631 4341 ipsos
2660 4273 2745 4327 via
2775 4313 2790 4337 ,
2824 4274 2902 4327 sic
2944 4274 3202 4327 insidiose
3239 4287 3451 4325 sermo-

1863 4382 1982 4421 nem
2017 4366 2353 4434 aggreditur.
2380 4364 2566 4432 Neque
2596 4378 2727 4419 vero
2752 4378 2977 4430 parvum
3015 4372 3094 4417 est
3128 4363 3448 4417 discrimen.

1864 4457 1997 4511 Nam
2032 4457 2161 4510 illud
2207 4456 2424 4524 quidem
2462 4465 2580 4510 erat
2608 4471 2704 4524 pro
2740 4456 2969 4509 veritate
2995 4456 3105 4523 ipsa
3135 4458 3444 4521 decertare,

171 4564 314 4636 [κατ’
351 4565 581 4618 ἐκείνων
626 4563 751 4623 τοὺς
776 4559 842 4631 ⁷³]
879 4560 1071 4626 λόγους
1111 4558 1377 4626 φαίνεται.
1408 4553 1520 4606 Καὶ
1559 4552 1665 4623 μὴν
1700 4550 1750 4604 τὲ

1866 4550 1969 4603 hoc
2000 4560 2185 4601 autem
2216 4523 2321 4599 non
2349 4562 2452 4616 ego
2485 4523 2703 4614 quidem
2739 4561 3002 4614 unquam,
3041 4546 3134 4600 sed
3162 4546 3300 4599 alius
3323 4547 3448 4614 quis

172 4658 273 4725 μὲν
306 4656 573 4725 διάφορον
602 4655 726 4723 οὐχ).
766 4653 967 4721 μικρόν
987 4666 1001 4681 ο
1037 4651 1216 4703 ἐκεῖνο
1253 4647 1350 4717 μὲν
1379 4646 1488 4715 γὰρ
1514 4640 1582 4715 ῆν
1619 4643 1758 4711 ὑπὲρ

1866 4654 1960 4709 per
1990 4637 2312 4693 calumniam
2330 4653 2433 4690 non
2459 4636 2646 4705 procul
2675 4652 2704 4689 a
2734 4636 3066 4706 malignitate
3091 4637 3279 4691 abesse
3294 4636 3448 4691 dixe-

166 4746 341 4814 αύτῆς
381 4747 484 4814 τῆς
516 4742 772 4814 ἀληθείας
803 4739 1189 4809 ἀγωνίζεσθαι,
1226 4737 1385 4790 τοῦτο
1420 4736 1477 4787 δέ
1511 4733 1624 4801 ἐγὼ
1663 4734 1750 4802 μὲν

1868 4732 1956 4784 rit.
1992 4728 2228 4783 Pericles
2269 4728 2434 4796 igitur
2470 4736 2579 4779 tam
2619 4741 2808 4781 severe
2846 4728 3006 4793 vixit,
3039 4729 3241 4798 quippe
3279 4744 3345 4783 ne
3376 4731 3448 4782 ri-

167 4836 292 4889 οὐδέ
324 4853 463 4889 ποτε
495 4835 562 4889 ἂν
593 4837 851 4901 φήσαιμι,
887 4831 1044 4893 ἄλλος
1077 4829 1122 4882 δ’
1150 4829 1216 4883 ἄν
1248 4846 1332 4891 τις
1366 4828 1511 4880 εἴποι
1538 4827 1761 4881 διαϐάλ-

1867 4824 1995 4875 dere
2025 4820 2243 4889 quidem
2298 4818 2369 4874 sit
2406 4833 2640 4888 unquam
2686 4819 2856 4873 visus.
2907 4820 3161 4884 Quinitno
3190 4822 3333 4890 quod
3380 4821 3446 4873 a’d

166 4926 276 4981 λων
303 4928 365 4978 ού
393 4923 935 4994 πόρῤωκακοηθείας
957 4920 1119 4978 εἶναι.
1144 4919 1416 4991 Περικλῆς
1437 4919 1480 4950 ’⁷⁵
1502 4920 1678 4971 τοίνυν
1696 4919 1750 4970 τέ

1872 4912 2178 4980 reipublicze
2217 4924 2404 4963 curam
2473 4918 2527 4963 et
2582 4911 2912 4979 arqualitatis
2962 4926 3200 4966 amorem
3282 4913 3449 4979 perti-

165 5028 225 5065 τε
258 5012 405 5066 ἄλλα.
434 5011 524 5064 τὸν
549 5012 661 5081 βίον
682 5007 748 5082 ῆν
775 5010 997 5082 ἄριστος
1019 5049 1033 5074 ,
1071 5010 1164 5062 καὶ
1190 5008 1313 5060 οὐδὲ
1345 5006 1520 5075 γελῶν
1553 5006 1750 5057 πώποτλ

1883 5001 2065 5066 nebat,
2122 5001 2324 5054 nemini
2372 5001 2594 5055 cedebat
2643 5000 2811 5055 animi
2864 5001 3256 5072 magnitudine,
3307 5002 3448 5069 quod

1465 5162 1694 5221 VARUE
1735 5161 2025 5218 LECTION
2034 5161 2135 5215 ES.

240 5281 292 5315 ⁵⁸
317 5280 492 5347 οὕτω]
522 5299 573 5351 p.
602 5283 729 5339 536.
801 5284 847 5317 "’
882 5284 1017 5339 αίδὼ
1048 5285 1142 5339 καὶ
1167 5299 1274 5340 om.
1322 5284 1390 5337 A.
1468 5284 1513 5316 ⁵⁸
1538 5281 1743 5352 δοκοίη]
1776 5282 1952 5336 δοκεῖν
1976 5350 1983 5352 ν
2006 5280 2073 5331 Α.
2147 5278 2194 5352 _'°
2227 5278 2390 5352 ἀτὰρ]

1201 5354 1244 5385 ιλ³
1281 5353 1378 5422 μὲν
1410 5369 1518 5407 om.
1563 5355 1627 5406 A.
1708 5349 1752 5385 ⁸⁸
1782 5349 2168 5422 πολιτείανκαὶ
2202 5349 2358 5422 πόλιν
2377 5349 2451 5402 Ἀ.
2526 5351 2571 5382 ⁸⁵
2600 5350 2708 5422 κα).-
2726 5350 2923 5417 νόμους
2950 5366 3064 5422 om.
3090 5351 3152 5422 ΑΖ

1428 5423 1472 5452 ⁸⁸
1534 5422 1870 5490 Ἀνεγνώσοη

164 5365 278 5404 οηι.
308 5356 377 5405 Α.
458 5356 502 5385 θ’
537 5354 676 5422 ὑπὲρ
708 5355 885 5407 αὐτῶν
913 5372 1021 5409 om.
1052 5360 1116 5408 Α.

164 5423 386 5493 ρίιιηῇ.
468 5423 511 5453 ⁸⁷
550 5422 813 5493 ἁμφισ6.]
861 5423 977 5493 ἀλλ’
1020 5422 1253 5492 ἀμφισϐ.

2435 5294 2487 5349 p.
2533 5278 2660 5333 549.
2737 5280 2783 5312 ⁶⁰
2814 5279 3045 5332 εἰδώλων
3109 5281 3151 5317 ⁶¹
3201 5277 3447 5345 Ὅμηρος

2435 5389 2451 5397 -
2526 5351 2571 5382 ⁸⁵
2600 5350 2694 5397 καὶ
2726 5350 2923 5397 νόμους
2950 5366 3059 5397 orn.
3090 5351 3152 5397 Δ.
3230 5349 3275 5378 (⁵⁸
3302 5344 3447 5397 τινὸ;

3230 5352 3275 5378 ιτα
3302 5352 3448 5406 τινος

1948 5421 1991 5450 θ’
2026 5418 2349 5487 Περικλέους
2376 5435 2484 5471 om.
2526 5422 2591 5471 A.
2667 5419 2712 5448 ⁷⁰
2762 5416 3161 5487 παραιτεῖσθαι]
3215 5431 3270 5486 p.
3319 5416 3449 5470 195.

166 5488 210 5520 ⁷⁸
238 5490 514 5559 μέλλοντα
544 5486 608 5545 Al
645 5486 657 5490 ’
685 5493 731 5524 ’³
756 5486 916 5567 ὥστε]
946 5509 1002 5563 p.
1037 5486 1156 5549 1'93.
1233 5493 1276 5525 ⁷³
1308 5492 1509 5565 ζημίαν
1543 5508 1603 5556 ς.
1667 5486 1722 5521 ⁷⁷⁸
1747 5486 1869 5542 κατ⁶
1895 5486 2118 5541 ἐκείνων
2144 5489 2269 5551 τοὺς
2302 5506 2411 5543 om.
2431 5488 2496 5541 A.
2570 5487 2616 5519 "
2641 5486 2937 5559 Περικλῆς]
2962 5487 3166 5558 ρη197.

1660 5604 1893 5661 ΝΟΤᾸΕ.

244 5698 368 5771 (90)
415 5698 605 5770 Odyss.
632 5716 680 5755 ι’.
706 5699 833 5754 555.
