3960 6436
501 331 633 397 1531

1658 344 1919 407 ΡΗΟΤΙΙ
1956 350 2462 414 ΡΑΤΒΙΑΒΕΗλΕ
2491 354 2599 414 CP.

3632 357 3758 423 1532

496 460 604 501 ιιοη
634 446 823 501 eadem
863 460 982 515 quae
1029 446 1218 516 vulgus
1263 458 1555 518 spectaret,
1601 466 1801 522 paucos
1840 457 2073 514 habebat

2194 463 2279 514 ind
2311 479 2456 526 τινος
2480 462 2658 532 ὤφθη.
2697 462 2805 515 Καὶ
2834 464 2900 533 τῇ
2940 465 3036 534 μὲν
3068 464 3166 536 τῆς
3198 467 3479 532 πολιτείας
3510 470 3720 541 φυλακῇ
3740 517 3754 538 ,

494 537 724 592 similes.
771 537 921 604 Quod
972 552 1157 592 autem
1205 539 1417 595 Socrati
1470 544 1613 596 inter
1652 547 1947 614 sophistas,
1978 551 2079 605 ltoc

392 700 399 707 ι
496 628 572 681 illi
607 628 749 681 inter
773 637 1020 683 oratores
1049 644 1077 682 a
1111 639 1305 684 natura
1343 634 1612 702 praecipue
1641 635 1825 690 datum
1870 638 1989 705 fuit,
2024 649 2080 695 ut

493 719 693 771 elatum
725 720 978 789 populum
1011 735 1076 772 ac
1105 723 1510 791 superbientem
1550 723 1809 781 facillime
1837 731 2078 799 compri-

498 816 671 861 meret
706 825 720 861 ε
754 808 1131 875 desperantem
1186 825 1404 873 rursus,
1457 820 1510 864 et
1556 810 2081 877 abjectmndicendo

496 907 802 959 revocaret,
836 913 899 951 ac
930 914 1024 966 spe
1057 900 1313 967 repleret,
1345 896 1800 970 quemadmodum
1844 906 1932 961 ille
1957 922 2079 962 cum

494 985 930 1040 adolescentibus
956 1001 1116 1053 agere
1152 987 1380 1041 solebat.
1409 987 1647 1057 Denique
1669 990 1820 1044 urbis
1846 992 2081 1059 dignitas

495 1088 612 1129 erat
639 1075 880 1132 Pericles
901 1117 916 1142 ,
945 1088 1003 1131 ut
1045 1079 1133 1146 qui
1179 1093 1275 1131 nec
1308 1079 1667 1135 multitudinis
1696 1083 2083 1151 cupiditatibus

497 1166 922 1234 obtemperaret,
956 1170 1050 1221 sed
1080 1167 1198 1235 ipse
1229 1168 1423 1237 populo
1450 1170 1763 1237 imperaret,
1804 1188 1903 1227 nec
1938 1175 2080 1241 quod

502 1257 610 1311 illis
643 1256 947 1322 videbatur,
974 1258 1199 1322 diceret,
1236 1262 1327 1313 sed
1371 1262 1514 1329 quod
1549 1261 1745 1332 4231)
1796 1263 1896 1315 sibi
1930 1264 2080 1317 vide-

504 1358 656 1401 retur
694 1348 745 1402 id
774 1348 897 1403 illos
932 1348 1116 1403 facere
1155 1360 1378 1419 cogeret
1414 1369 1427 1404 :
1487 1367 1587 1405 nec
1620 1353 1919 1407 adulatorie
1962 1352 2085 1408 fun-

503 1448 722 1506 geretur
744 1438 943 1505 oﬂicin,
965 1440 1057 1494 sed
1087 1455 1300 1495 omnem
1326 1442 1720 1506 adulatoribus,
1744 1455 2006 1511 quantum
2028 1445 2081 1499 in

503 1546 561 1583 se
579 1521 730 1595 erat,
750 1532 1135 1585 intercluderet
1154 1531 1369 1585 aditum!
1387 1550 1399 1585 :
1420 1546 1567 1597 cum,
1588 1542 1857 1600 quatenus
1884 1535 2084 1602 probus

502 1629 620 1674 erat
646 1629 701 1676 et
728 1636 932 1690 tequus,
964 1620 1135 1691 patris
1165 1621 1336 1675 vicem
1382 1622 1577 1689 populo
1622 1632 1926 1691 prtestaret,
1950 1640 2083 1693 qua-

507 1720 663 1767 tenus
692 1722 868 1766 autem
899 1727 1088 1767 omnes
1130 1714 1438 1777 coercebat,
1489 1724 1544 1768 et
1591 1713 1645 1767 in
1684 1728 1779 1768 sua
1816 1724 2083 1783 potestate

2182 554 2276 605 καὶ
2316 552 2392 622 τῷ
2422 553 2482 605 τὸ
2522 554 2635 605 ἴσον
2678 555 2789 617 τοῖς
2823 554 3001 619 ἄλλοις
3033 556 3171 626 ἔχων
3218 559 3535 628 ἀνέχεσθαι,
3565 566 3754 626 κοινῖς,

2180 643 2336 713 εῖπερ
2376 661 2460 706 τις
2509 644 2834 713 ἀνθρώπων,
2877 647 3206 713 ἐσπούδαζεν
3238 647 3398 713 εἶναι,
3421 651 3500 721 τῷ
3528 653 3584 706 δὲ
3609 656 3763 720 ἀξιὼ-

2185 754 2313 806 ματι
2360 737 2458 804 τῆς
2493 736 2716 805 γνώμης
2766 737 2861 789 καί
2893 738 2969 807 τῷ
3015 740 3088 809 μὴ
3126 740 3232 793 τῶν
3272 744 3446 795 αὐτῶν
3484 746 3750 813 ἡττᾶσθαι

2180 830 2294 890 τοῖς
2329 826 2542 889 πολλοῖς
2576 826 2776 893 ὀλίγοις
2797 828 3115 882 καταλιπεῖν
3148 832 3312 899 ἐγγὺς
3341 833 3514 885 ἐλθεῖν
3541 836 3757 889 ἑαυτοῦ.

2190 920 2258 971 Ὃ
2299 918 2353 970 δέ
2386 920 2431 950 ⁷⁸
2465 935 2631 987 φασιν
2662 919 2899 988 ὑπάρξαι
2954 922 3231 991 Σωκράτει
3275 926 3541 991 σοφιστῶν
3573 929 3617 957 ⁷⁷
3646 928 3759 980 δια-

2184 1008 2459 1078 φερόντως
2481 1048 2494 1069 ,
2523 1008 2669 1061 τοῦτ’
2705 1009 2898 1078 ἐκείνῳ
2926 1011 3294 1081 δημαγωγῶνο
3331 1016 3638 1082 ἐπαρθέντα
3665 1020 3760 1085 μὲν

2182 1100 2291 1170 γάρ
2331 1100 2421 1153 τὸν
2464 1100 2632 1169 δῆμον
2666 1102 2761 1153 καὶ
2811 1102 3032 1169 μείζονα
3067 1106 3411 1172 φρονήσαντα
3460 1109 3759 1162 δεινότατον

2182 1184 2320 1241 εἶναι
2351 1192 2627 1243 συστεῖλαι
2652 1190 2744 1242 καὶ
2770 1190 3039 1256 καθελεῖν,
3068 1192 3426 1262 ἀθυμήσαντα
3450 1196 3505 1248 δὲ
3525 1198 3652 1267 [688
3670 1200 3759 1273 Η

2184 1277 2279 1328 καὶ
2308 1277 2712 1330 ταπεινωθέντα
2742 1280 3036 1348 ἀναγαγεῖν
3080 1277 3146 1334 αὖ
3183 1285 3294 1344 τοῖς
3330 1284 3508 1352 λόγοις
3542 1290 3639 1340 καὶ
3666 1309 3758 1357 με-

2185 1366 2311 1419 στὸν
2340 1367 2571 1420 ἐλπίδων
2600 1369 2850 1437 ποιῆσαι,
2896 1370 3085 1442 ὥσπερ
3110 1373 3154 1404 ’⁷⁸
3184 1374 3391 1434 ἐκεῖνος
3423 1376 3607 1429 εἰώθει
3637 1382 3761 1447 περὶ

2183 1458 2309 1519 τοὺς
2356 1458 2511 1520 νέους
2558 1461 2759 1513 ποιεῖν.
2801 1450 3078 1514 Συνελὸντι
3125 1463 3168 1514 δ’
3218 1467 3413 1528 εἰπεῖν,
3448 1467 3633 1537 σχῆμα
3665 1470 3761 1534 τῆς

2185 1548 2392 1609 πόλεως
2425 1542 2492 1618 ἦν
2534 1550 2842 1619 Περικλῆς,
2870 1552 2930 1603 ού
2962 1552 3226 1605 δουλεύων
3253 1560 3372 1619 ταῖς
3405 1559 3514 1612 τῶν
3550 1560 3762 1614 πολλῶν

2191 1636 2538 1705 ἐπιθυμίαις,
2558 1637 2672 1691 ἀλλ’
2704 1640 2865 1702 αὐτὸς
2895 1641 3077 1712 ἄρχων
3112 1643 3219 1696 τῶν
3253 1646 3483 1714 πολλῶν,
3512 1650 3619 1701 οὐδ’
3648 1652 3677 1703 ὃ
3713 1669 3764 1703 τι

2183 1727 2385 1792 δόξειεν
2415 1730 2646 1794 ἐκείνοις
2675 1733 2835 1786 τοῦτο
2862 1735 3039 1802 λέγειν
3068 1736 3256 1802 ἀξιῶν,
3288 1742 3402 1793 ἀλλ’
3430 1744 3459 1796 ὃ
3483 1761 3535 1796 τι
3564 1744 3765 1808 δόξειεν

504 1802 738 1855 habebat
793 1804 998 1868 omnia,
1054 1805 1335 1872 plusquam
1394 1812 1654 1875 tyrannus
1707 1816 1871 1860 esset.
1931 1804 2081 1861 Unde

2194 1819 2337 1888 αὐτῷ
2378 1820 2521 1874 τοῦτ’
2552 1822 2793 1887 ἐκείνους
2837 1827 3095 1894 πράττειν
3133 1832 3552 1897 ἐπαναγκάζων,
3590 1836 3699 1887 οὐδ’
3723 1839 3764 1869 τ’

502 1881 630 1947 licet
654 1894 931 1948 evidenter
957 1896 1263 1964 perspicere
1298 1896 1581 1959 Periclem,
1618 1896 1661 1950 si
1695 1911 1854 1965 quem
1892 1897 2079 1964 alium,

2181 1907 2239 1958 ἐν
2283 1906 2515 1972 κόλακος
2566 1912 2732 1981 μοίρᾳ
2776 1916 3192 1984 προσκείμενος,
3227 1918 3341 1971 ἀλλ’
3382 1922 3623 1989 οὐδαμοῦ
3658 1928 3764 1985 τοῖς

503 1983 922 2052 Spontejustum
968 1986 1166 2042 fuisse.
1190 1986 1301 2041 Nec
1345 1989 1487 2041 enim
1534 2003 1759 2057 usquam
1806 1990 2079 2059 iniquitati

2194 1997 2365 2062 κόλαξι
2395 2000 2627 2070 πάροδον
2659 2004 2719 2055 τὸ
2749 2004 2869 2057 καθ’
2894 1983 3055 2059 αὑτδν
3081 2007 3259 2070 διδοὺς
3293 2011 3361 2075 ⁸ο,
3396 2014 3463 2081 τῇ
3497 1983 3597 2080 μὲν
3629 1983 3763 2085 χρηξ

503 2077 683 2145 potius
721 2093 882 2146 quam
910 2078 1135 2145 iustitiae
1157 2080 1385 2141 studuit,
1420 2096 1517 2133 nec
1554 2091 1611 2133 ut
1640 2080 1899 2147 majorem
1937 2083 2082 2137 obti-

2194 2088 2399 2158 ῖτὸτητι
2431 2091 2525 2143 καὶ
2548 2094 2667 2155 ταῖς
2683 2095 3009 2158 ἐπιεικείαις
3031 2099 3076 2129 ⁸¹
3104 2100 3160 2150 ἐν
3186 2102 3391 2171 πατρὸς
3414 2077 3766 2174 ῶν-τάξεζτῶ

502 2174 660 2219 iteret
690 2166 867 2220 locum
896 2169 1127 2231 curavit,
1166 2184 1286 2222 cum
1321 2170 1370 2221 id
1397 2169 1589 2237 quovis
1620 2168 1907 2225 Pisistrato
1946 2172 2082 2228 faci-

2194 2179 2358 2248 Ξήμῳ,
2400 2180 2479 2251 τῷ
2503 2182 2559 2234 δὲ
2590 2185 2905 2254 κατείργειν
2934 2188 3179 2252 ἅπαντας
3204 2166 3314 2245 καὶ-
3329 2193 3488 2245 πάνθ’
3516 2166 3610 2261 ύφί
3631 2166 3762 2247 ἐαυζ

505 2253 608 2309 lius
640 2266 821 2323 posset
854 2274 868 2310 :
904 2272 1091 2309 verum
1144 2260 1296 2325 quasi
1334 2253 1512 2313 arcem
1565 2261 1630 2313 ad
1675 2260 1820 2329 leges
1859 2276 2083 2314 servan-

504 2348 683 2399 das‘et
711 2361 903 2401 omnes
933 2350 1292 2402 communiter
1321 2349 1594 2418 juvandos
1635 2363 1976 2421 occupasset,
2006 2356 2080 2407 ita

507 2451 567 2490 se
598 2440 840 2506 gerebat.

2187 2270 2278 2321 τὸν
2309 2271 2453 2341 ἔχειν
2478 2274 2637 2327 πλέον
2658 2276 2691 2345 ἢ
2718 2276 2997 2347 τύραννος.
3038 2279 3129 2344 Ἐξ
3148 2274 3244 2344 ὧν,
3266 2283 3340 2346 ὠς
3362 2282 3566 2348 ἔοικεν,
3594 2284 3763 2349 ἔξεστι

2192 2363 2382 2431 σαφῶς
2422 2366 2548 2417 ἰδεῖν
2580 2367 2693 2433 ὅτι,
2730 2370 2895 2433 εἴτις
2935 2371 3094 2436 ἄλλος
3116 2412 3134 2440 ,
3178 2376 3273 2427 καὶ
3308 2376 3585 2446 Περικλῆς
3630 2376 3766 2430 ἑκὼν

2192 2450 2423 2517 δίκαιος.
2458 2456 2708 2527 Οὑδαμοῦ
2746 2459 2855 2531 γὰρ
2900 2462 2999 2530 τὴν
3038 2462 3349 2530 πλεονεξίαν
3380 2469 3501 2520 ἀντὶ
3537 2469 3648 2523 τῶν
3685 2470 3766 2521 νό-

507 2546 623 2597 μων
653 2529 962 2629 ἠγάπὶησεν,
995 2530 1104 2582 οὐδ’
1148 2531 1294 2595 ὅπως
1326 2531 1478 2586 ἔσται
1508 2534 1710 2629 μείζων
1738 2537 1838 2605 τῆς
1867 2536 2079 2603 τάξεως
2119 2542 2432 2615 προύνοήθη
2458 2585 2473 2608 ,
2512 2550 2679 2619 παρὸν
2713 2529 2863 2621 αὐτῷ
2901 2529 3099 2622 μᾶλλον
3172 2558 3372 2620 παντὸς
3441 2562 3767 2629 [Istam-cpit

501 2638 616 2672 του·
646 2620 760 2674 ἀλλ’
793 2618 862 2692 ἦν
902 2625 1286 2692 παραπλήσιος
1314 2625 1598 2696 κατέχοντι
1640 2628 1737 2699 τὴν
1783 2629 2083 2699 ἀκρόπολιν
2157 2634 2251 2686 ἐπὶ
2282 2636 2357 2706 τῷ
2389 2618 2738 2705 σώζειντοὺς
2762 2618 2963 2715 νόμους
2987 2647 3081 2699 καὶ
3106 2647 3184 2718 τῷ
3228 2618 3437 2713 πάντας
3500 2647 3563 2705 εὖ
3596 2618 3764 2705 ποίείν

503 2714 569 2766 ἐκ
598 2713 763 2784 μέσου
794 2714 910 2785 [τοῦ
940 2716 1197 2787 δημοσίου
1220 2717 1313 2788 ⁸⁸].

578 2805 694 2877 [Sic
738 2806 880 2862 forte
911 2825 926 2861 :
964 2810 1107 2882 quod
1143 2810 1203 2882 in
1252 2811 1429 2864 medio
1460 2811 1628 2880 jacet,
1660 2815 1866 2882 atquale
1913 2824 2013 2880 est,
2045 2817 2089 2869 si

505 2876 657 2955 diras
701 2892 912 2955 omnes2
961 2879 1107 2955 velut
1138 2880 1194 2955 in
1236 2883 1422 2934 orbem
1458 2876 1648 2949 fertur,
1702 2876 1782 2939 vel
1828 2888 1953 2955 quia
1992 2876 2090 2941 arx

510 2946 687 2998 media
720 2946 860 3015 jacet
898 2948 949 3000 in
978 2948 1158 3019 urbe.]

583 3035 653 3087 At
694 3045 983 3105 postquam
1031 3038 1120 3091 ille
1167 3050 1411 3095 mortuus
1454 3051 1558 3107 est,
1605 3045 1715 3112 jam
1750 3054 1805 3099 et
1846 3046 2088 3102 Siciliam

511 3126 877 3191 somniabant,
912 3138 967 3182 et
1003 3128 1207 3183 Italiam
1244 3132 1593 3198 affectabam,
1620 3144 1674 3188 et
1706 3134 2085 3207 Carthaginem

2267 2810 2417 2887 [Οίον
2443 2816 2602 2892 ἔσως’
2638 2818 2699 2892 τὸ
2725 2820 2842 2892 γὰρ
2880 2821 2943 2892 ἐκ
2988 2822 3154 2890 μέσου
3199 2823 3499 2892 φερόμενον
3541 2824 3654 2875 ἴσον
3680 2820 3765 2877 ἐπὶ

2194 2886 2403 2949 πάντας
2433 2886 2620 2956 ὥσπερ
2654 2890 2746 2940 ἐπὶ
2782 2886 3282 2963 κύκλουφέρεταιί
3387 2894 3471 2947 ὅτι
3525 2895 3558 2963 ἡ
3607 2896 3767 2963 ἀκρό-

2194 2958 2348 3019 πολις
2381 2958 2521 3026 μέση
2554 2961 2728 3011 κεῖται
2757 2958 2858 3026 τῆς
2888 2958 3137 3033 πόλεωςζ]

2277 3048 2496 3117 Ἐπειδὴ
2534 3049 2580 3080 ⁸³
2612 3049 2667 3101 δὲ
2703 3050 3051 3121 ἐτελεύτησεν
3097 3053 3298 3115 ἐκεῖνος
3320 3092 3334 3115 ,
3378 3053 3768 3124 ὠνειροπόλουν

2196 3137 2295 3208 μὲν
2323 3139 2571 3192 Σικελίαν
2596 3181 2609 3203 ,
2651 3141 2864 3208 ἐφίεντο
2889 3141 2945 3193 δὲ
2976 3141 3226 3206 Ἰταλίας,
3247 3142 3518 3209 ὠρέγοντο
3537 3144 3592 3195 δὲ
3622 3147 3769 3212 Καρ-

508 3227 674 3285 atque
704 3219 944 3273 Africam
977 3224 1325 3291 appetebant,
1375 3234 1537 3292 atque
1566 3227 1746 3281 omnia
1774 3229 2085 3299 circumspi-

2197 3227 2417 3298 χηδόνος
2447 3229 2539 3281 καὶ
2569 3228 2796 3298 Λιϐύης,
2826 3230 3034 3292 πάντας
3060 3230 3104 3283 δ’
3131 3230 3451 3301 ἀνθρώπους
3480 3236 3766 3302 περιεσκόο

506 3307 742 3372 ciebant,
778 3324 875 3363 nec
914 3310 1046 3378 ipsis
1089 3313 1381 3382 quidquam
1430 3314 1749 3382 SttlIiciebal,
1782 3327 1835 3372 et
1877 3320 2088 3390 longio-

510 3413 623 3451 rem
680 3400 805 3454 belli
866 3400 1114 3457 fecerunt
1165 3408 1531 3472 appendicem.
1588 3408 1712 3463 Haec
1768 3422 1984 3478 autem,
2054 3430 2087 3467 ο

508 3486 687 3553 Plato,
716 3502 766 3544 et
794 3490 1071 3557 Socrates,
1102 3494 1367 3548 suadebat
1399 3508 1578 3552 vester
1614 3513 1716 3551 non
1746 3501 1949 3564 socius,
1995 3503 2089 3557 sed

509 3582 730 3648 sodalis,
773 3591 830 3637 ut
873 3589 929 3636 tu
967 3584 1168 3638 dixeris
1213 3600 1279 3638 an
1336 3588 1514 3655 potius
1560 3589 1770 3644 dixisti.
1822 3591 2089 3656 Quocirca

509 3672 632 3737 quis
661 3686 724 3725 ea
758 3672 841 3725 vel
868 3673 1013 3741 juste
1041 3672 1256 3736 Pericli,
1286 3675 1367 3727 vel
1405 3691 1509 3730 non
1548 3680 1857 3734 necessario
1891 3683 2091 3737 tribuat

510 3761 822 3817 Alcibiadi?
859 3765 959 3831 Qui
995 3766 1292 3834 civitatem,
1325 3783 1486 3835 quam
1534 3781 1819 3839 acceperat
1848 3774 2091 3829 consiliis

506 3854 882 3922 obtemperare
907 3855 1192 3922 valentem,
1228 3858 1280 3911 in
1316 3858 1472 3911 talem
1507 3857 1745 3914 furorem
1771 3862 2089 3929 egit?Quo-

513 3942 656 3995 circa
694 3959 816 3996 cum
860 3946 987 3998 nulli
1021 3960 1169 4001 esset
1196 3947 1348 4003 lucro
1383 3950 1616 4017 deditus,
1659 3950 1884 4019 iustitia:
1915 3954 2088 4007 mani-

511 4033 705 4086 festum
763 4037 922 4089 dabat
984 4039 1284 4106 specimen,
1334 4051 1391 4094 ut
1436 4052 1492 4096 et
1540 4045 1929 4113 temperantiae,
1963 4044 2089 4098 dum

509 4124 676 4176 vitam
710 4126 1007 4179 modestam
1050 4128 1307 4194 voluptati
1345 4131 1667 4197 praeferebat
1706 4150 1722 4187 :
1758 4132 2091 4189 fortitudinis

512 4217 698 4281 etiam,
731 4232 852 4269 cum
878 4232 981 4271 non
1013 4219 1079 4273 ad
1102 4220 1330 4288 gratiam
1363 4238 1459 4276 nec
1490 4224 1780 4291 submisse,
1806 4227 1899 4280 sed
1927 4225 2091 4281 liber-

513 4306 649 4360 rime
679 4322 802 4360 omn
839 4307 1030 4375 populo
1057 4310 1270 4377 agebat.
1316 4308 1559 4379 Denique
1591 4326 1710 4365 cum
1740 4313 1888 4367 solus
1919 4324 1973 4367 et
2004 4313 2091 4368 fu-

513 4408 632 4453 tura
664 4401 933 4467 praescire,
986 4410 1040 4455 et
1086 4403 1445 4469 praesentibus
1492 4407 1565 4458 uti
1606 4405 1868 4472 potuerit,
1896 4407 2090 4460 merito

510 4491 809 4559 prudentiae
848 4491 1080 4557 laudem,
1123 4494 1166 4547 si
1194 4493 1316 4562 quis
1356 4509 1442 4547 res
1468 4496 1731 4550 humanas
1757 4497 2085 4561 consideret,

2194 3334 2352 3381 πουν,
2385 3319 2547 3388 ἢρκει
2593 3318 2649 3371 δέ
2684 3320 2868 3382 αὐτοῖς
2897 3319 3072 3383 οὐδὲν,
3111 3322 3451 3393 μακροτέραν
3477 3324 3526 3355 ⁸⁸
3576 3325 3633 3377 δὲ
3678 3327 3765 3378 τοῦ

2192 3408 2433 3477 πολέμου
2458 3411 2556 3479 τὴν
2588 3410 2939 3481 παρενθήκην
2967 3413 3294 3482 ἐποιήσαντο
3321 3414 3387 3467 ³³.
3432 3414 3491 3466 Ὁ
3514 3415 3569 3467 δὲ
3600 3417 3765 3469 ταῦτα

2193 3500 2395 3553 πείθων
2426 3497 2515 3571 ἦν,
2545 3496 2588 3554 ὧ
2618 3502 2841 3555 Πλάτων
2869 3519 2926 3555 τε
2963 3504 3056 3555 καὶ
3083 3502 3369 3574 Σώκρατες
3388 3546 3403 3570 ,
3437 3507 3463 3557 ὀ
3497 3506 3763 3575 ἡμέτερος

2194 3592 2450 3655 κοινωνὸς
2483 3593 2580 3662 μὲν
2611 3593 2711 3645 οὐκ
2744 3592 2890 3646 ἔστιν
2924 3594 3120 3658 εἰπεῖν,
3154 3594 3366 3663 ἑταῖρος
3394 3594 3448 3647 δὲ
3476 3595 3571 3647 καὶ
3605 3598 3759 3660 aito;

2192 3680 2257 3735 ἂν
2284 3683 2449 3753 φαίης
2469 3725 2483 3749 ,
2519 3683 2720 3753 μᾶλλον
2752 3683 2796 3736 δ’
2842 3683 3089 3754 εἴρηκας.
3123 3684 3246 3747 Πῶς
3273 3684 3363 3737 οὖν
3392 3687 3453 3739 ἄν
3488 3704 3569 3749 τις
3597 3688 3763 3739 ταῦτα

2191 3772 2413 3836 δικαίως
2459 3773 2789 3844 κατηγοροίη
2837 3774 3195 3844 Περικλέους,
3245 3775 3278 3845 ἦ
3328 3774 3444 3836 πῶς
3493 3778 3594 3828 οὐκ
3638 3778 3763 3830 ἀνα-

2194 3864 2403 3933 γκαίως
2440 3864 2803 3931 Ἀλκιϐιάδου,
2831 3865 2977 3928 ὅστις
3010 3866 3339 3937 παραλαϐὼν
3366 3866 3526 3938 [1275
3550 3866 3647 3938 Κ]
3675 3869 3765 3939 τὴν

2196 3955 2354 4007 πόλιν
2389 3955 2592 4008 εἰδυῖαν
2623 3956 2842 4009 ἀκούειν
2867 3956 3203 4026 συμϐούλων,
3232 3952 3329 4009 εἷθ’
3359 3956 3530 4020 οὕτως
3570 3957 3764 4026 ἐξέμη-

2193 4063 2316 4113 νεν;
2347 4046 2557 4099 Οὐκοῦν
2590 4046 2637 4078 ⁸⁸
2680 4047 2757 4115 τῷ
2791 4047 2889 4115 μὲν
2936 4047 3171 4110 ἅπαντος
3199 4046 3243 4078 ⁸⁷
3284 4047 3505 4116 κέρδους
3534 4049 3764 4117 κρείττω

2193 4139 2457 4210 παρέχειν
2492 4138 2682 4190 ἑαυτὸν
2710 4138 3056 4209 δικαιοσύνην
3083 4138 3264 4191 ἀσκῶν
3292 4138 3447 4207 δῆλος
3484 4134 3573 4210 ἦν,
3608 4137 3684 4207 τῷ
3708 4139 3761 4190 δὲ

2192 4226 2284 4279 τὸν
2311 4227 2368 4278 ἐν
2394 4208 2545 4290 τάξει
2571 4226 2684 4295 βίον
2715 4227 2835 4281 ἀντὶ
2856 4227 2900 4260 ⁸⁸
2922 4208 3021 4280 τοῦδ
3044 4227 3179 4295 πρὸς
3206 4228 3396 4299 ἡδονὴν
3421 4208 3763 4299 προῃρῆσθαι

2194 4317 2548 4386 σωφροσύνης
2581 4317 2763 4369 πίστιν
2795 4319 3085 4388 παρείχετο
3118 4318 3354 4389 ἐμφανῆ.
3386 4320 3495 4373 Καὶ
3534 4321 3642 4389 μὴν
3673 4323 3761 4373 ἀν-

2190 4405 2372 4475 δρείας
2404 4423 2465 4474 γε
2497 4408 2554 4458 ἐν
2594 4404 2673 4469 οἷς
2706 4408 2764 4459 οὐ
2808 4407 2944 4477 πρὸς
2981 4408 3139 4478 χάριν
3185 4409 3295 4462 οὐδ’
3322 4409 3757 4473 ὑποπεπτωκὼς,

2190 4496 2305 4549 ἀλλ’
2330 4497 2404 4562 ὡς
2435 4492 2545 4551 οἶόν
2576 4515 2633 4552 τε
2660 4499 2896 4568 μάλιστα
2927 4499 3226 4570 ἐλευθέρως
3254 4500 3447 4570 ὡμίλει
3477 4501 3552 4571 τῷ
3581 4503 3755 4571 δήμῳ.

511 4593 904 4649 consequatur.
948 4582 1088 4652 Ergo
1126 4599 1284 4652 quem
1318 4585 1382 4639 de
1414 4586 1627 4641 cunctis
1664 4587 1883 4643 virtutis
1918 4592 2085 4658 parti-

2194 4586 2370 4649 Μόνος
2403 4588 2581 4641 τοίνυν
2606 4591 2699 4642 καὶ
2738 4589 2806 4642 τὰ
2837 4589 3099 4658 μέλλοντα
3125 4591 3344 4657 ἔσεσθαι
3374 4592 3637 4662 προειδὼς
3671 4595 3758 4645 καὶ

510 4675 629 4738 bus,
663 4674 786 4728 licet
818 4673 1033 4739 fortem,
1059 4675 1287 4744 justum,
1325 4678 1669 4746 prudentem,
1695 4687 2087 4747 temperantem

511 4780 728 4831 vocare,
762 4780 883 4820 eum
936 4767 1076 4822 inter
1131 4771 1435 4823 adulatores
1474 4767 1629 4823 Plato
1678 4771 1899 4839 posuit?
1949 4772 2090 4825 Nam

510 4852 774 4922 loquaces,
808 4856 1001 4922 inquit,
1033 4858 1250 4923 otiosos,
1294 4857 1493 4930 £254:
1527 4861 1763 4929 ignavos,
1788 4871 1836 4915 et
1875 4878 2088 4926 avaros,

511 4954 785 5012 postquam
810 4947 1068 5013 stipendia
1102 4948 1262 5015 jussit
1301 4949 1494 5016 facere,
1529 4950 1867 5005 Athenienses
1911 4952 2092 5005 reddi-

512 5035 609 5086 dit.
639 5038 717 5090 Ac
739 5037 805 5091 de
835 5037 1170 5106 loquacibus,
1217 5039 1409 5095 otiosis
1437 5050 1491 5094 et
1533 5041 1764 5111 ignavis,
1792 5040 1966 5107 Plato,
2002 5042 2088 5096 in-

512 5126 689 5181 didem
715 5138 965 5198 supputa.

2191 4681 2305 4742 τοῖς
2339 4680 2571 4750 παροῦσι
2602 4682 2911 4751 χρήσασθαι
2931 4684 2976 4715 ⁸⁸
3011 4683 3260 4755 δυνηθεὶς
3292 4684 3408 4746 πῶς
3441 4686 3539 4737 οὐκ
3569 4684 3637 4737 ἂν
3676 4702 3756 4735 σο-

2194 4768 2323 4838 φίας
2346 4769 2569 4832 δικαίως
2594 4771 2750 4834 δόξαν
2774 4773 2991 4842 φέροιτο
3025 4775 3121 4843 τῆς
3158 4775 3223 4841 γέ
3265 4793 3365 4827 που
3416 4776 3755 4845 χρησιμωτάο

2192 4873 2315 4929 της,
2346 4861 2398 4912 εῐ
2425 4878 2508 4924 τις
2541 4862 2894 4933 ἀνθρωπίνως
2920 4862 3091 4917 ἐθέλοι
3107 4864 3447 4932 λογίζεσθαι;
3481 4864 3593 4919 Εἴθ’
3622 4867 3677 4919 δν
3700 4866 3754 4930 ἐξ

2198 4951 2456 5006 ἁπάντων
2512 4953 2624 5007 τῶν
2683 4957 2782 5024 τῆς
2832 4956 3032 5025 ἀρετῆς
3078 4956 3283 5027 μορίων
3321 4957 3555 5027 ὑπάρχει
3595 4974 3752 5027 προσ·

2200 5046 2377 5096 ειπεϊν
2402 5044 2666 5113 ἀνδρεῖον,
2691 5044 2918 5110 δίκαιον,
2950 5045 3229 5114 φρόνιμον,
3263 5046 3515 5114 σώφρονα
3533 5087 3547 5108 ,
3575 5046 3751 5098 τοῦτον

2193 5134 2419 5188 Πλάτων
2435 5135 2572 5204 μετὰ
2589 5134 2700 5188 τῶν
2725 5135 2973 5189 κολάκων
2989 5138 3112 5206 ὴρίθ
3122 5156 3194 5208 μη
3205 5154 3281 5189 τε·
3307 5136 3543 5202 Λάιιους
3558 5138 3603 5169 ’⁸
3630 5137 3750 5204 γὰρ,

512 5220 697 5289 φησὶν,
730 5220 1081 5288 Ἀθηναίους
1104 5220 1463 5287 ἑποίησεκαὶ
1488 5223 1707 5292 ἀργοὺς
1726 5225 1821 5278 καὶ
1848 5224 2086 5292 δειλοὺς
2123 5226 2222 5279 καὶ
2271 5226 2711 5294 φιλαργύρους,
2757 5229 2844 5293 εἰς
2916 5229 3288 5297 μισθοφορὰν
3359 5230 3749 5298 καταστήσας.

512 5312 648 5381 Περὶ
684 5312 782 5382 μὲν
810 5311 875 5382 δὴ
917 5312 1117 5376 λάλων,
1148 5306 1193 5365 ὦ
1227 5312 1471 5380 Πλάτων,
1502 5317 1596 5369 καὶ
1625 5318 1811 5387 ἀργῶν
1847 5318 1938 5371 καὶ
1970 5318 2157 5370 δειλῶν
2185 5318 2407 5371 αὐτόθεν
2437 5318 2733 5384 κατάϐαλε,

1797 5453 2030 5509 VARUE
2074 5454 2481 5515 LECTIONES.

585 5558 631 5589 ⁷⁸
659 5557 786 5628 ὂδέ]
818 5574 871 5627 p.
907 5560 1028 5615 198.

1134 5562 1178 5633 ’(⁷
1213 5564 1482 5632 σοφιστῶν
1521 5566 1789 5633 σωκράτει
1821 5567 1884 5620 Α.

516 5626 859 5697 ἐπιεικείαιςι

922 5631 1190 5695 ἐπιεικείᾳ
1236 5631 1301 5687 A.

1981 5568 2026 5599 ⁷⁸
2056 5566 2266 5637 ὥσπερ]
2297 5569 2432 5637 ὅπερ
2467 5569 2529 5620 Α.
2604 5569 2649 5599 ⁷⁹
2680 5568 2790 5620 οὐδ’
2839 5571 2897 5619 ἐν
2980 5567 3027 5599 ⁸ο
3055 5569 3229 5630 διδούς
3272 5584 3381 5621 om.
3421 5570 3483 5620 A.
3559 5568 3601 5598 ⁸⁸
3638 5569 3749 5626 ταῖς

1401 5634 1447 5664 δ’
1484 5634 1578 5687 τοῦ
1622 5637 1879 5704 δημοσίου
1934 5653 2042 5690 om.
2094 5639 2157 5691 A.

2230 5638 2277 5669 ⁸³
2322 5637 2531 5708 ἐπειδὴ]
2581 5654 2632 5706 p.
2688 5639 2814 5692 207.
2880 5638 2927 5669 ⁸⁵
2967 5639 3307 5708 μακροτέραν
3370 5639 3414 5671 ⁸³
3438 5639 3747 5708 ἐποιήσατε)

517 5710 625 5779 οιιιι.
653 5698 742 5779 Α...
788 5695 1310 5779 ⁸ξὀὑκοῦν]-ρ.Α209.
1377 5701 1424 5733 ⁸⁷
1454 5695 1893 5779 ἅπαντοςῖ-ἆπαν
1914 5707 2006 5779 τοῦ
2044 5709 2108 5760 Λ.
2185 5706 2230 5779 δέ
2278 5709 2398 5759 ἀντὶ
2444 5695 2538 5759 τόδ
2581 5695 2723 5778 ’πρὸς
2756 5709 2840 5778 ήδ.
2871 5695 3234 5779 προῃρῆσθαι]
3281 5695 3613 5778 προῃρῆσθαι
3656 5704 3747 5757 τοῦ

520 5766 654 5829 πρὸς
683 5765 763 5833 ἠδ·
797 5766 858 5819 Λ.
938 5769 981 5798 ⁸⁵³
1012 5765 1247 5838 χρῆσθαι
1270 5774 1331 5825 Λ.
1402 5774 1447 5805 ⁹⁰
1470 5765 1684 5843 λάλους]
1704 5765 1819 5829 ’244
1847 5795 1875 5829 a
1907 5778 1955 5831 1.
1983 5778 2328 5845 καταστήσας
2359 5792 2467 5835 om.
2491 5779 2551 5829 Α..
