3960 6420
241 495 329 562 Μή
352 491 466 546 πού
490 508 578 555 τις
607 491 701 544 καί
743 492 938 558 Τρῶας
961 493 1227 562 ere/mm
1249 497 1293 526 "
1320 499 1453 562 θεὸς
1481 497 1691 562 ἄλλος.

244 565 536 620 Κατάὅαλε
558 562 623 624 η,
655 563 938 626 κατάθου,
974 563 1273 625 πέπαυσο,
1312 568 1474 632 σίγα.

209 661 276 712 Σὺ
298 658 351 710 δὲ
371 658 414 688 ⁸⁸
445 655 782 724 Μαντινικὴν
809 656 907 724 μὲν
937 658 984 688 ⁹’⁶
1020 657 1178 726 ξένην
1210 660 1304 711 καὶ¹
1345 661 1622 730 Μιλησίαν
1653 659 1776 712 ἐπί-

210 765 391 803 στασαι
419 746 660 813 κοσμεῖν,
693 748 788 798 καὶ
817 745 1069 812 οὕστινας
1100 749 1165 802 ἄν
1190 767 1270 802 σοι
1300 751 1430 820 δοκῇ
1457 789 1472 813 ,
1503 751 1648 804 πάνυ
1680 753 1776 821 ρᾳ-

207 842 324 902 δίως
350 836 596 916 μεγάλων
619 837 878 906 ἠξίωσας·
904 838 1014 892 τῶν
1037 839 1096 892 δὲ
1130 839 1399 908 Ἑλλήνων
1427 843 1552 903 τοὺς
1571 842 1776 911 ἄκρους

209 932 294 984 καὶ
321 930 467 998 παρὰ
499 930 634 981 πᾶσι
667 928 1038 998 βεϐοημένους
1064 930 1192 1001 [689
1223 931 1316 1002 HJ
1343 935 1399 984 ὲν
1431 931 1620 1002 φαύλῳ
1643 932 1776 985 καθ-

208 1026 390 1092 αιρεῖς.
433 1023 613 1073 Αἴτιον
656 1021 701 1073 δ’
740 1022 801 1074 οὐ
832 1023 894 1075 τὸ
920 1024 1134 1090 ἀγνοεῖν
1162 1025 1262 1095 τὴν
1289 1024 1470 1090 ἀξίαν,
1498 1025 1634 1078 ἀλλά
1659 1023 1778 1088 πῶς

208 1114 271 1166 ἂν
298 1111 503 1178 εἴποιμι
527 1110 858 1179 εὐπρεπῶς;
892 1113 1099 1182 σφόδρα
1133 1113 1242 1166 τῶν
1266 1113 1442 1182 λόγων
1478 1115 1525 1146 ³⁸
1554 1114 1702 1185 γίνῃ.

209 1201 568 1343 ninguit-306
591 1203 791 1273 λέσχης
816 1203 945 1274 γίνῃ
969 1207 1066 1258 καὶ
1095 1207 1154 1258 οὒ
1173 1207 1272 1275 τῆς
1297 1206 1408 1260 τῶν
1433 1206 1779 1276 πραγμάτων

277 1363 396 1426 Πῶς
425 1363 492 1416 ἂν
507 1365 555 1396 ⁸⁸
578 1363 664 1432 εἴη
690 1365 1038 1436 διεφθαρκὼς
1056 1368 1101 1399 θ’
1135 1367 1451 1436 Ἀθηναίους
1478 1366 1511 1438 ἢ
1546 1367 1664 1430 πῶς
1685 1366 1782 1420 λάο

210 1458 327 1518 λους
373 1455 719 1525 πεποιηκὼς,
767 1458 828 1520 ὃς
860 1475 925 1524 γε
963 1459 1066 1510 κάν
1115 1461 1230 1521 τοῖς
1273 1460 1451 1526 λόγοις
1495 1460 1680 1522 αὐτοῖς
1721 1459 1784 1512 τὸ

213 1549 374 1617 μηδὲν
405 1548 623 1616 φαύλως
662 1548 784 1619 μηδ’
817 1551 939 1619 εἱκῆ
975 1551 1215 1619 τιμήσας
1242 1551 1528 1618 φαίνεται;
1561 1551 1784 1605 τούναν-

209 1641 318 1692 τίον
347 1639 453 1710 γὰρ
483 1638 671 1709 ἔμοιγε
701 1641 810 1693 πᾶν
840 1642 1048 1703 ,αὐτοὺς
1078 1641 1254 1693 ἐθίσαι
1284 1642 1468 1708 δοκεῖ,
1522 1642 1662 1712 μήτε
1694 1641 1784 1694 λέ-

210 1747 322 1799 γειν
349 1731 494 1793 ὅπως
524 1730 682 1802 ἔτυχε
713 1729 880 1801 μηδὲν
913 1735 1050 1802 μήτε
1089 1736 1262 1786 ποιεῖν
1292 1734 1401 1788 ἀπὸ
1427 1732 1526 1802 τοῦ
1560 1732 1780 1803 πρώτου

1211 387 1741 448 BIBLIOTHECA.
1770 412 1831 427 -·
1873 388 2036 450 COD.
2067 388 2433 451 CCXLVIII.

1806 500 1862 560 Α

3318 387 3455 453 1534

2030 501 2112 573 {Ve
2142 503 2256 568 quis
2288 501 2425 573 forte
2449 501 2576 553 deus
2606 499 2865 570 Trojtmos
2899 503 3087 556 excitet
3122 519 3366 573 usquam,

2017 571 2281 640 Suppula,
2322 571 2540 639 depone.
2575 574 2797 639 quiesce,
2833 581 2966 626 tace.

1877 668 1945 721 Al
2006 675 2061 718 tu
2111 662 2504 716 Mantinensem
2579 662 2795 729 quidem
2843 663 3164 731 hospitam,
3204 670 3253 716 el
3303 662 3456 716 Mile-

1878 757 2012 811 siam
2046 755 2242 808 novisti
2292 753 2532 815 laudare,
2588 770 2652 808 ac
2703 770 3061 823 quoscunque
3113 755 3264 818 libet,
3301 755 3460 810 facile

1878 848 2141 917 praedicas
2171 864 2185 899 :
2213 845 2528 899 Grmcorum
2555 855 2734 899 autem
2765 847 3058 914 principes,
3084 847 3281 914 ubique
3315 847 3462 900 cele-

1879 941 2025 1002 bres,
2083 947 2286 993 temere
2341 937 2621 1006 deprimis.
2664 937 2718 990 ld
2774 946 2953 990 autem
3015 951 3079 990 eo
3125 937 3274 993 facis.
3316 938 3460 1006 quod

1882 1030 2197 1100 dignitatem
2243 1044 2430 1083 eorum
2477 1045 2582 1082 non
2621 1030 2955 1096 'cognoscas,
2995 1028 3088 1081 sed
3139 1037 3197 1080 ut
3237 1028 3464 1082 honesw

1883 1123 2084 1184 dicam,
2119 1121 2345 1174 nimium
2373 1121 2613 1174 sermoni
2660 1119 2928 1187 indulges.

1955 1211 2104 1285 [γίνῃ
2125 1225 2222 1281 pro
2251 1210 2588 1280 garrulitate,
2626 1225 2732 1263 non
2763 1224 2864 1279 pro
2898 1208 2975 1262 rei
3010 1205 3294 1278 veritate.]

1955 1372 2236 1437 Quomodo
2267 1369 2438 1438 potuit
2469 1367 2826 1421 Athenienses
2854 1379 3226 1433 corrumpere,
3265 1364 3348 1417 vel
3383 1363 3465 1417 lo-

1885 1477 2087 1533 quaces
2133 1463 2356 1515 reddere
2411 1457 2738 1531 [Pericles],
2797 1456 2887 1524 qui
2949 1458 3113 1511 etiam
3168 1456 3223 1508 in
3273 1457 3466 1510 vestris

1886 1556 2041 1611 libr-is
2073 1555 2223 1623 ipsis,
2251 1568 2318 1607 ne
2342 1554 2467 1620 quid
2503 1561 2648 1605 esset
2680 1560 2882 1604 temere
2910 1549 3202 1618 prolatum,
3233 1549 3464 1601 caverit.

1888 1649 2140 1714 Quinimo
2180 1653 2366 1698 contra
2418 1642 2549 1696 mihi
2591 1641 2804 1694 videtur
2844 1655 2938 1694 eos
2984 1639 3358 1702 assuefecisse,
3399 1653 3469 1692 ne

1889 1739 2016 1805 quid
2051 1746 2252 1790 temere
2291 1735 2532 1788 dicerent
2585 1732 2669 1785 vel
2718 1731 2980 1786 lacerent.
3028 1732 3229 1786 Deinde
3261 1732 3313 1784 in
3363 1729 3467 1783 alia

212 1822 605 1891 παραστάντος.
642 1824 761 1876 Ἔτι
790 1824 834 1882 δ’
861 1825 908 1856 ⁸⁸
943 1825 1104 1878 ἄλλου
1135 1824 1236 1894 μέν
1274 1841 1420 1888 τινος
1455 1827 1785 1893 πράγματος

1896 1828 2104 1896 quidem
2149 1841 2207 1880 re
2244 1840 2352 1878 non
2390 1834 2531 1878 esset
2580 1823 2812 1876 fortasse
2858 1823 3036 1891 magni
3075 1821 3333 1875 momenti
3364 1835 3461 1874 co-

213 1916 541 1986 σκήπτεσθαι
589 1917 827 1987 μάρτυρι
873 1917 1164 1987 κωμῳδίας
1188 1919 1233 1950 ”
1283 1917 1592 1987 διδασκάλῳ
1642 1917 1787 1986 τάχα

211 2006 274 2058 ἂν
297 2006 394 2057 οὐκ
427 2005 647 2074 ίσχυρδν
674 2001 762 2076 ἦν·
797 2008 876 2068 είς
899 2007 955 2059 δὲ
977 2007 1151 2073 λόγων
1179 2009 1363 2077 κρίσιν
1390 2009 1462 2078 μή
1497 2025 1627 2060 ποτε
1645 2007 1787 2059 οὕτω

211 2096 398 2165 σεμνὸς
425 2096 689 2164 γενοίμην
721 2096 852 2149 ὥσθ’
889 2098 1166 2168 ὑπεριδεῖν
1195 2099 1304 2151 τῶν
1335 2100 1543 2168 ἀνδρῶν
1573 2099 1786 2152 τούτων

207 2188 280 2248 ὡς
299 2187 509 2250 οὐδενὸς
532 2188 720 2253 ἀξίων.
762 2189 822 2242 '0
849 2190 950 2259 μὲν
982 2191 998 2220 ¹
1025 2190 1138 2242 τῶν
1175 2191 1496 2259 Ἐλληνίδων
1523 2191 1788 2260 μεγίστην

207 2278 236 2328 ὁ
279 2279 544 2348 Κρατῖνος
588 2280 686 2347 τὴν
729 2279 942 2332 ἐκείνου
992 2279 1242 2347 γλῶτταν
1294 2281 1484 2351 εἴρηκε
1509 2282 1530 2310 ²
1556 2321 1571 2342 ,
1613 2279 1788 2346 λέγων

212 2368 306 2438 μὲν
329 2368 439 2420 ἴσον
459 2387 514 2422 τι
545 2370 640 2421 καὶ
667 2369 875 2438 φωνὴν,
911 2370 1183 2438 ἀναμίξας
1212 2370 1268 2424 δέ
1294 2389 1341 2423 τι
1372 2373 1472 2440 τῆς
1506 2370 1656 2442 παρὰ
1687 2371 1786 2440 τῆς

209 2461 398 2530 τέχνης
435 2462 662 2532 πικρίας
692 2467 808 2525 τοῖς
843 2462 952 2514 ἀπὸ
994 2463 1095 2530 τῆς
1139 2462 1416 2530 ἀληθείας.
1462 2464 1653 2531 Ὅμως
1687 2463 1730 2514 δ’
1764 2462 1786 2493 ³

208 2549 303 2604 οὐκ
329 2551 564 2619 ἐξέφυγε
585 2550 645 2603 τὸ
670 2553 745 2621 μὴ
769 2552 828 2604 οὑ
858 2551 927 2603 τά
957 2550 1150 2620 πρῶτα
1172 2551 1356 2603 δοῦναι
1378 2551 1456 2619 τῷ
1481 2552 1635 2620 ἀνδρὶ
1661 2551 1784 2620 μηδ’

209 2640 540 2708 ἐνδείξασθαι
593 2641 694 2710 τὴν
731 2642 1208 2711 μεγαλοπρέπειαν
1236 2642 1334 2708 τὴν
1376 2643 1504 2710 περὶ
1545 2645 1672 2703 τοὺς
1700 2641 1790 2693 λό-

213 2751 336 2802 γους
379 2735 570 2788 αὐτοῦ.
624 2733 682 2788 Ὀ
729 2734 785 2786 δὲ
830 2733 1228 2804 Ἀριστοφάνης
1257 2735 1277 2764 ⁵
1327 2733 1660 2801 ἀστράπτειν
1695 2735 1790 2786 καὶ

211 2828 433 2898 βροντᾷν
477 2826 641 2878 αὐτὸν
692 2826 786 2878 καὶ
818 2827 996 2895 μυκᾷν
1046 2841 1180 2895 φησι
1227 2822 1666 2893 δημηγοροῦντα.
1697 2823 1789 2893 Μὴ

209 2919 313 2989 γάρ
357 2936 447 2989 μοι
475 2918 664 2984 τοῦτο,
704 2918 830 2971 εἴτι
865 2918 1142 2987 μέμφεται
1173 2916 1338 2968 αὐτοῦ
1362 2931 1375 2944 ο
1414 2915 1528 2967 ἀλλ’
1555 2915 1680 2966 ὅσον
1712 2916 1791 2976 είς

210 3010 299 3066 τὸν
320 3011 566 3082 παρόντα
589 3011 855 3080 προσήκει
875 3010 1033 3076 λόγον
1055 3009 1152 3078 τῆς
1180 3007 1485 3076 μαρτυρίας
1511 3007 1790 3075 λάϐωμεν.

1891 1920 2087 1973 micum
2119 1916 2485 1972 testimonium
2520 1933 2532 1968 :
2565 1923 2621 1967 at
2665 1914 2716 1967 in
2748 1914 3066 1981 eloquentia:
3111 1911 3318 1980 judicio
3352 1950 3368 1975 ,
3409 1919 3472 1964 ut

1890 2011 2007 2064 illos
2038 2009 2190 2078 quasi
2228 2009 2364 2061 viles
2409 2018 2774 2067 contemnam,
2818 2020 3091 2074 nunquam
3141 2015 3245 2058 tam
3288 2019 3474 2074 super-

1888 2103 1989 2156 bus
2017 2115 2132 2154 ero.
2173 2100 2428 2154 Cratinus
2457 2098 2674 2166 quidem
2705 2096 3141 2152 Grzecanicarum
3170 2098 3466 2150 maximam

1889 2191 2098 2244 vocavit
2132 2189 2250 2259 ejus
2273 2189 2522 2254 linguam
2565 2188 2702 2256 (90),
2736 2204 2856 2242 cum
2890 2190 3103 2242 diceret
3141 2190 3282 2240 idem
3326 2188 3470 2254 quod

1888 2281 2178 2344 sentiebat,
2227 2280 2473 2334 nonnihil
2527 2290 2703 2335 tamen
2758 2281 2973 2333 veritati
3007 2296 3074 2333 ex
3106 2288 3223 2331 arte
3257 2277 3472 2331 acerbi-

1893 2374 2017 2427 tatis
2070 2377 2402 2440 aspergeret,
2457 2381 2830 2424 verumtamen
2889 2371 3067 2424 facere
3121 2385 3227 2423 non
3279 2369 3470 2438 potuit.

1889 2465 2018 2534 quin
2062 2464 2264 2532 primas
2315 2463 2363 2516 ei
2409 2462 2688 2531 tribueret,
2747 2463 2972 2531 ejusque
3007 2462 3060 2514 in
3117 2461 3345 2514 dicendo
3377 2460 3475 2513 de-

1889 2556 2120 2610 clararet
2144 2553 2539 2607 excellentiam.
2564 2553 2954 2620 Aristophanes
2981 2551 3248 2619 fulgurare
3268 2566 3389 2605 eum
3413 2567 3476 2604 ac

1891 2656 2080 2699 tonare
2107 2659 2170 2698 ac
2211 2644 2439 2697 miscere
2465 2644 2603 2697 dixit
2647 2645 2785 2696 inter
2831 2643 3289 2696 concionandmn.
3331 2641 3476 2695 Nihil

1891 2737 2035 2792 enim
2063 2751 2193 2789 curo
2237 2736 2281 2788 si
2318 2735 2444 2804 quid
2479 2736 2530 2787 in
2564 2750 2629 2788 eo
2668 2735 3039 2804 reprehendit,
3088 2733 3183 2787 sed
3214 2742 3474 2799 quantum

1893 2829 1958 2882 ad
2008 2831 2150 2883 hanc
2191 2842 2304 2881 rem
2363 2826 2584 2889 attinet,
2640 2827 2757 2892 ejus
2805 2836 2926 2880 utor
2978 2824 3310 2880 testimonio.
3370 2823 3478 2877 Sed

1893 2917 2131 2974 nondum
2187 2919 2301 2972 haec
2345 2918 2572 2983 omnia;
2621 2928 2996 2972 verumtamen
3033 2915 3161 2970 illud
3201 2914 3481 2969 confessus

1904 3022 2010 3076 est,
2065 3010 2366 3080 perfectum
2422 3010 2666 3064 evasisse
2715 3020 3014 3062 oratorem.
3047 3009 3158 3063 Cur
3205 3022 3336 3074 ergo
3389 3007 3482 3075 qui

223 3091 495 3154 Ἀλλὐὀῦ
527 3101 695 3170 πολλῇ
747 3117 852 3152 τινι
883 3101 951 3169 τῇ
992 3099 1282 3168 περιουσίᾳ
1327 3095 1606 3167 χρώμενος
1649 3095 1789 3150 οὕτω

1900 3113 2106 3156 tantmn
2149 3101 2398 3170 praestitit
2424 3141 2440 3163 ,
2481 3117 2546 3155 ac
2587 3101 2736 3154 solus
2773 3101 3031 3154 omnium
3058 3098 3310 3166 suffragia
3340 3098 3484 3163 tulit,

211 3193 531 3261 διεγίγνετο,
568 3193 760 3263 πόρῤω
810 3193 906 3262 μὲν
947 3192 1108 3254 αὐτὸς
1146 3190 1221 3244 ὢν
1254 3191 1348 3243 τοῦ
1380 3190 1590 3260 ληρεῖν,
1639 3189 1789 3241 πλεῖ-

1896 3194 2254 3250 Athenienses
2293 3193 2359 3246 ad
2397 3192 2630 3259 ineptam
2663 3191 3036 3260 garrulitatem
3069 3189 3320 3242 credatur
3348 3187 3488 3240 inci-

212 3300 333 3338 στον
354 3284 414 3338 δὲ
440 3285 570 3346 τοὺς
591 3283 782 3344 ἄλλους
813 3281 1010 3345 ἐθίζειν
1041 3281 1281 3350 ἀπέχων.
1301 3280 1424 3344 Πῶς
1447 3282 1466 3311 ⁸
1495 3275 1586 3333 οὖν
1613 3281 1640 3332 ὁ
1669 3295 1794 3332 τοσο

211 3377 364 3430 οὖτον
407 3377 696 3447 ὑπερέχων
728 3376 820 3427 καὶ
869 3374 1029 3443 μόνος
1060 3375 1194 3427 πᾶσι
1233 3375 1348 3436 τοῖς
1382 3375 1596 3441 κριταῖς
1627 3371 1794 3426 νικῶν

210 3469 308 3540 τὴν
333 3471 426 3523 τοῦ
452 3469 714 3538 φλυαρεῖν
756 3468 879 3534 εἱκῆ
902 3468 921 3498 ⁷
952 3467 1046 3519 καὶ
1075 3466 1226 3536 παρὰ
1255 3468 1446 3536 καιρὸν
1477 3465 1797 3534 Ἀθηναίους

213 3561 417 3614 ἀνεῖναι
448 3560 656 3630 φέροιτ’
689 3560 756 3613 ἂν
794 3558 986 3624 δόξανς
1029 3557 1172 3626 Ἐγὼ
1216 3559 1313 3626 μὲν
1344 3558 1453 3627 γὰρ
1488 3555 1798 3608 τούναντίον

218 3653 479 3722 ἡγοῦμαι,
513 3651 728 3719 σιωπῆς
756 3650 931 3704 αἴτιον
958 3649 1118 3701 αὑτὸν
1145 3648 1390 3709 πλείονος
1415 3647 1448 3716 ἢ
1472 3644 1800 3715 προπετείας

213 3746 569 3813 καταστῆναι.
601 3745 789 3812 Ἰσμεν
814 3742 942 3810 γοῦν
971 3743 1052 3794 ὄτι
1092 3741 1198 3793 κάν
1227 3741 1347 3801 ταῖς
1375 3737 1563 3800 ἄλλαις
1593 3735 1654 3806 δή
1694 3751 1795 3786 που

209 3836 533 3905 δυνάμεσιν,
554 3829 616 3887 οὗ
648 3834 746 3904 μὲν
768 3834 954 3886 πολλοὶ
980 3831 1356 3902 παραπλήσιοι
1390 3829 1483 3882 καὶ
1509 3826 1798 3895 ἐφάμιλλοι

211 3928 349 3997 πρὸς
383 3927 688 3997 ἀλλήλους.
731 3925 902 3978 πολλά
935 3926 1006 3977 τά
1034 3927 1338 3993 πράγματα
1384 3921 1481 3974 καὶ
1530 3918 1729 3970 πλείων
1766 3917 1799 3986 ή

211 4019 349 4088 ἔρις,
382 4019 607 4071 ἐπειδὰν
629 4017 688 4070 δέ
717 4033 801 4080 τις
824 4013 907 4079 εἷς
929 4016 951 4048 ⁸
978 4017 1231 4084 ὑπερσχῇ
1253 4014 1272 4044 ⁹
1301 4011 1593 4081 λαμπρῶς,
1628 4008 1801 4061 ἃπαν-

209 4129 301 4174 τες
326 4111 429 4183 ἤδη
461 4111 978 4181 συγκεχωρήκασιν.
1015 4109 1174 4162 Οὕτω
1217 4106 1282 4175 δὴ
1318 4106 1413 4158 καὶ
1445 4104 1622 4171 λέγειν
1654 4104 1804 4154 ἐπει-

219 4203 316 4256 δάν
351 4221 438 4266 τις
477 4205 519 4235 ¹⁰
549 4203 719 4274 ἄκρος
763 4202 1078 4272 ἐγγένηται,
1129 4199 1383 4267 στέργειν
1425 4196 1641 4263 ἀνάγκη
1675 4193 1804 4256 τοὺς

211 4295 440 4357 ⁴πλείους
486 4295 582 4348 καὶ
622 4294 698 4364 μὴ
747 4293 1248 4363 πολυπραγμονεῖν,
1295 4289 1412 4343 ἀλλ’
1458 4287 1534 4351 ὡς
1580 4282 1694 4340 οἶόν
1744 4303 1804 4338 τε

213 4386 454 4454 μάλιστα
478 4385 725 4448 εὐλαϐεῖς
758 4384 855 4437 καὶ
883 4385 1147 4453 κοσμίους
1197 4379 1335 4435 εἶναι
1382 4379 1512 4449 περὶ
1554 4380 1679 4442 τοὺς
1719 4377 1808 4430 λό-

1902 3285 2092 3342 tasse?
2132 3283 2268 3338 Nam
2313 3300 2412 3351 ego
2443 3285 2661 3352 quidem
2694 3291 2884 3336 contra
2919 3281 3088 3350 magis
3134 3294 3256 3334 eum
3287 3278 3485 3332 silentii

1896 3395 2058 3449 quam
2092 3376 2411 3431 temeritatis
2445 3364 2660 3428 causam
2695 3372 2863 3426 fuisse
2885 3373 3260 3427 existimarim.
3289 3371 3341 3424 In
3367 3370 3488 3424 aliis

1899 3482 2049 3524 certe
2076 3468 2422 3522 facultatibus
2455 3467 2698 3519 videmus
2723 3503 2739 3526 ,
2779 3464 2867 3516 ubi
2905 3463 3052 3522 multi
3095 3473 3222 3516 sunt
3251 3461 3391 3515 inter
3429 3477 3490 3513 se

1895 3561 2122 3620 similes.
2139 3559 2302 3623 multa
2321 3558 2556 3624 negotia,
2578 3556 2943 3624 maioremque
2969 3556 3373 3608 contentionem
3396 3569 3492 3606 ex-

1898 3655 2094 3708 sistere
2139 3667 2152 3704 :
2207 3660 2490 3720 postquam
2536 3660 2717 3703 autem
2751 3664 2890 3702 unus
2913 3648 3109 3713 aliquis
3142 3645 3488 3708 excelluerit,

1898 3744 2095 3816 4241)
2132 3743 2370 3811 reliquos
2411 3743 2621 3797 cedere.
2668 3739 2932 3794 Similiter
2981 3739 3033 3792 in
3081 3738 3332 3799 dicendo,
3365 3752 3489 3790 cum

1902 3837 2024 3908 quis
2077 3837 2328 3906 princeps
2378 3833 2616 3898 exsistit,
2673 3831 3030 3900 acquiescant
3082 3829 3348 3898 plerique,
3395 3842 3521 3900 necb

1903 3929 2004 3983 sibi
2046 3927 2317 3994 negotium
2351 3925 2656 3987 facessunt,
2691 3938 2878 3978 verum
2915 3938 3074 3990 quam
3103 3927 3335 3991 possunt
3359 3935 3492 3972 cau-

1905 4019 2115 4073 tissime
2154 4019 2338 4071 dicunt
2377 4025 2432 4070 et
2479 4015 2902 4070 modestissime.
2957 4013 3066 4066 Nec
3105 4010 3252 4065 enim
3293 4025 3358 4064 eo
3387 4024 3494 4077 quo

1905 4112 2026 4181 quis
2058 4111 2297 4172 excellit,
2336 4110 2803 4164 aliosdeteriores
2837 4109 3032 4172 reddit,
3071 4114 3126 4161 et
3159 4107 3213 4158 in
3257 4105 3322 4158 iis
3351 4117 3492 4172 prie-

1911 4201 2100 4255 sertim
2142 4200 2197 4252 in
2249 4201 2446 4268 quibus
2477 4198 2719 4254 excellit.
2757 4199 2827 4252 At
2855 4214 2962 4253 non
2990 4212 3109 4253 esse
3131 4197 3491 4256 inhonestam,

1912 4305 2013 4343 nec
2042 4289 2478 4360 ignominiosam,
2511 4304 2610 4343 nec
2630 4290 2793 4342 etiam
2829 4288 3170 4343 accusatione
3197 4289 3278 4340 vel
3313 4287 3489 4346 venia,

1910 4381 2006 4435 sed
2048 4380 2237 4449 aliquo
2287 4381 2494 4448 majore
2535 4380 2757 4449 praemio
2815 4380 3032 4449 dignam
3080 4379 3250 4446 ipsam
3279 4374 3491 4430 dicendi

210 4493 362 4544 γους.
398 4479 476 4530 Οὐ
511 4479 620 4547 γὰρ
662 4477 727 4530 ἂν
757 4470 802 4544 ᾧ
826 4476 890 4544 γέ
914 4475 998 4538 τίς
1020 4477 1131 4528 ὲστι
1162 4473 1460 4542 βέλτιστος,
1490 4469 1665 4538 τούτῳ
1687 4467 1789 4538 χεί-

1906 4467 2038 4529 vim,
2081 4468 2126 4521 si
2175 4469 2558 4523 demonstrare
2600 4467 2788 4521 vellem
2817 4506 2833 4529 ,
2885 4466 3112 4534 puderet
3160 4479 3244 4518 me
3270 4464 3493 4517 deorum

211 4589 338 4640 ρους
362 4571 762 4640 ἀπεργάζοιτο.
803 4569 980 4631 ἄλλως
1002 4585 1063 4620 τε
1102 4567 1196 4620 καὶ
1233 4566 1368 4636 πρὸς
1390 4563 1530 4617 αὐτὰ
1561 4562 1736 4614 ταῦτα
1767 4560 1804 4613 ἃ.

1905 4558 2294 4626 eloquentium.
2341 4558 2542 4612 Tamen
2611 4558 2712 4612 hoc
2756 4557 2946 4612 saltem
2997 4555 3171 4610 dicam
3225 4555 3388 4622 (quod
3450 4554 3498 4608 si

215 4661 497 4729 βέλτιστός
528 4661 695 4716 εστιν.
735 4658 897 4731 [me
929 4658 1020 4729 R.]
1059 4657 1223 4710 Ἀλλά
1251 4657 1292 4688 υ
1329 4655 1432 4726 μὴν
1467 4654 1541 4716 ὡς
1574 4651 1704 4704 αὑτό
1743 4667 1789 4717 γε

1906 4650 2032 4719 quis
2069 4650 2292 4705 moleste
2325 4651 2428 4704 fert
2453 4651 2611 4715 alius,
2658 4650 2711 4702 in
2758 4665 2844 4702 me
2893 4657 3065 4702 tomm
3129 4656 3361 4711 avertat,
3396 4660 3498 4699 nec

206 4753 310 4805 οὐκ
341 4753 541 4822 ἄτιμον
568 4753 632 4805 τὺ
653 4752 918 4805 δύνασθαι
949 4750 1149 4818 λέγειν,
1200 4750 1308 4802 οὐδ’
1356 4750 1437 4811 εἰς
1471 4745 1670 4807 ὄνειδος
1713 4743 1809 4812 cpe.

212 4861 327 4910 ρον,
377 4844 503 4896 οὐδὲ
551 4843 888 4914 κατηγορίας
934 4841 1084 4905 ἄξιον
1146 4840 1268 4894 οὐδέ
1326 4857 1390 4908 γε
1448 4836 1806 4906 συγγνώμης,

1907 4759 2006 4813 ego
2033 4741 2101 4796 de
2131 4742 2349 4796 fortuna
2397 4740 2729 4812 conquerar)
2763 4742 2868 4793 vim
2914 4739 3130 4794 dicendi
3171 4755 3292 4793 cum
3329 4739 3499 4806 proba

1909 4843 1964 4888 et
1996 4834 2238 4887 modesta
2276 4833 2406 4895 vita,
2445 4833 2622 4900 qualis
2649 4832 2702 4885 in
2736 4830 3015 4884 hominem
3048 4829 3284 4883 maxima
3321 4837 3502 4897 posset

205 4936 350 4990 ἀλλά
378 4937 424 4968 ¹¹
465 4953 612 4998 τινος
658 4935 990 5005 κρείττονος,
1027 4933 1390 5003 αἰσχυνοίμην
1422 4931 1488 4985 ἂν
1531 4931 1658 4993 τοὺς
1708 4929 1789 4980 λο-

1920 4925 2140 4989 cadere,
2169 4923 2516 4992 conjunctam
2553 4937 2639 4978 me
2675 4922 2857 4986 malle,
2905 4937 3069 4992 quam
3097 4921 3281 4976 decies
3307 4921 3504 4974 millies

206 5025 363 5094 γίους
388 5025 548 5088 θεοὺς
595 5026 644 5078 εί
681 5025 903 5095 ζητοίην
946 5022 1354 5078 ἀποδεικνύναι.
1413 5021 1560 5090 Πλὴν
1601 5035 1665 5087 γε
1687 5035 1810 5071 τοσ-

1921 5015 2144 5070 Darimn
2181 5015 2464 5087 llystaspis
2494 5013 2662 5074 filium
2695 5013 2833 5080 fieri,
2869 5021 2925 5069 et
2953 5013 3072 5084 ejus
3115 5022 3362 5082 respectu
3388 5010 3500 5079 jam

1525 5176 1756 5231 VARle
1795 5173 2202 5234 LECTIONES.

278 5297 322 5328 "
360 5295 616 5366 ἀγείρησι
644 5314 706 5361 ς.
780 5297 825 5329 θ’
850 5297 1064 5350 κατάϐα
1092 5296 1158 5350 Α.
1235 5296 1281 5366 ξ’
1313 5295 1385 5366 συ
1408 5291 1487 5364 δὲ]

1521 5308 1574 5363 p.
1609 5292 1737 5348 2l2.
1803 5290 1856 5363 _”
1885 5291 1983 5361 μὲν
2009 5291 2053 5349 Α
2092 5305 2106 5363 ς
2135 5289 2228 5342 καὶ
2263 5306 2325 5352 ς.

204 5382 262 5433 p.
296 5356 430 5419 ⁸215.
481 5356 558 5437 7'"-
605 5356 781 5434 διεφθ.
818 5365 1256 5437 -πεποιηκὸ›ς]
1307 5356 2201 5437 λάλους’πε-ποιηκὼζὰθηναίους
2251 5356 2516 5437 περικλῆς

2432 5287 2477 5322 οε
2507 5283 2682 5352 λόγων
2707 5284 2784 5337 A:
2827 5279 3024 5352 λογίων
3053 5277 3237 5352 ςο,,ἲῗ
3262 5274 3377 5337 πῶς
3411 5272 3503 5352 διγἸ

2735 5353 2781 5385 ⁸⁸
2816 5347 3070 5415 ἔτιδῚρ,
3115 5347 3241 5414 214)
3266 5361 3376 5400 om.
3437 5347 3501 5399 Λ.

206 5415 588 5507 ἦοᾷκωμῳδίας
621 5415 1555 5507 διδῖκῖέκάὶῳῖνκωμωδιδᾶσκάλῳλ
1591 5435 1630 5507 Δι
1664 5435 1710 5507 ὁΔ
1725 5415 1822 5507 μὲν
1848 5415 1875 5464 ἶ
1907 5415 2126 5507 εἴρηκε]
2178 5415 2510 5507 μεγίστην
2538 5426 2635 5507 μὲ)
2660 5420 2954 5507 ﬁlatim?
2981 5418 3243 5507 γλίῖντξαντ
3256 5415 3410 5467 εἶπεν

203 5505 308 5540 ιε’

213 5506 229 5540 ¹
261 5505 308 5559 δ’
333 5505 462 5560 add.
499 5511 563 5559 A.
639 5513 661 5538 ⁸
694 5505 1084 5578 Ἀριστοφάνης
1110 5523 1218 5560 om.
1247 5508 1290 5558 A

213 5575 238 5617 9
268 5577 543 5648 ὐπερίσχῃ
567 5595 628 5642 ς.
707 5578 751 5609 ¹⁰
782 5578 1001 5631 ἐπειδὰν
1023 5579 1080 5630 δέ
1105 5595 1190 5640 τις
1218 5579 1298 5639 είς
1326 5593 1386 5640 ς.

639 5481 1555 5578 ῖτλξίξςδῖέάῑτῑςδλςῖῖ’πῖ-’ἀπ’
1578 5481 1813 5578 (μετά)
1834 5481 2282 5578 spatia-.34
2314 5515 2372 5578 ρ,
2392 5481 2550 5550 ειεῇ
2597 5481 2786 5563 ναίὴ]
2809 5494 2857 5544 ει
2890 5490 2968 5560 μὴ
2993 5481 3063 5547 Α.
3142 5487 3167 5519 ι
3187 5481 3267 5549 εἷς
3434 5488 3501 5542 Α.

1495 5575 1536 5606 ¹¹
1565 5572 1725 5644 ἀλλὰ]
1752 5589 1802 5640 p.
1830 5574 1954 5635 2.14.
2036 5573 2080 5604 ¹³
2109 5588 2172 5638 γε
2202 5586 2314 5624 om.
2346 5572 2411 5622 Α.
2513 5590 2517 5594 ·

1760 5685 1852 5740 ΝΟ
1867 5685 1990 5740 ΗΕ.

1760 5685 1806 5740 Ν
1867 5686 1900 5738 l'
1977 5723 1990 5740 .

291 5779 411 5844 (90)
447 5781 722 5850 Cratinus,
748 5781 814 5836 de
837 5780 1042 5836 Pericle
1066 5795 1214 5850 supr.
1242 5779 1293 5835 in
1318 5778 1468 5834 Orat.
1493 5794 1586 5847 pro
1610 5684 2032 5833 rltetor.0coift:ra
2066 5775 2276 5830 Platon.
