3960 6436
530 349 667 414 1535

1674 349 1938 411 ΡΗΟΤΙΙ
1975 352 2483 417 ΡΑΤΗῙΑΒΟΗᾺΕ
2520 360 2632 421 CP.

3636 354 3750 422 1536

530 464 715 520 omnia
743 461 875 518 mihi
898 461 1071 518 videri
1099 461 1348 525 sordere.
1380 462 1520 529 Quin
1552 477 1655 518 nec
1682 463 1963 519 Platonem
1995 466 2104 521 fere

2211 465 2325 520 οὔτ’
2359 468 2401 500 ⁸⁸
2430 469 2498 523 ἂν
2528 470 2757 542 εἴποιμιο
2784 470 2929 541 ιὲμοὶ
2958 469 3066 541 γάρ
3113 469 3222 540 εἴη,
3264 468 3318 523 εἴ
3345 485 3427 532 τις
3464 468 3616 532 ἄλλος
3640 469 3748 524 δυσ-

515 553 662 608 aliud
708 553 910 607 habere
951 553 1245 621 quidquam
1282 563 1484 622 praeter
1527 554 1714 618 verba,
1759 557 1895 619 scio,
1936 556 2097 625 eique

517 642 813 697 dictionem
846 640 1111 717 gratulor,
1146 650 1201 695 et
1238 643 1490 710 quamvis
1514 657 1611 712 per
1641 642 1825 711 jocum
1862 660 1923 698 se
1948 645 2097 699 dicat

516 732 666 786 istud
711 732 935 787 minime
973 747 1188 795 curare,
1237 747 1343 786 non
1390 742 1596 788 temere
1642 735 1885 798 credam,
1917 736 2010 789 sed
2045 735 2095 788 id

515 817 805 872 admodum
837 820 1060 872 studere
1099 818 1416 887 intelligam,
1446 834 1509 873 ac
1544 829 1655 872 tum
1690 821 1944 882 maxime,
1975 836 2097 873 cum

518 899 733 956 videtur
752 901 906 970 quasi
943 901 1132 956 ludens
1164 902 1331 971 loqui.
1370 902 1554 970 Itaque
1577 902 1933 957 domesticum
1964 918 2092 973 pro-

516 992 776 1048 duremus
807 993 1136 1056 thesaurum,
1165 994 1207 1047 si
1242 994 1341 1048 ista
1372 1009 1741 1063 carperemus.

2206 558 2470 629 χεραίνει,
2517 562 2613 616 καὶ
2657 562 2850 634 τρέπει
2874 561 2936 614 τὸ
2959 561 3106 615 ἆπαν
3135 562 3216 624 είς
3258 561 3360 630 ὲμέ
3388 578 3401 592 -
3430 561 3521 613 καὶ⁵
3546 561 3603 613 ού
3634 562 3752 631 μέμ-

2196 647 2372 718 ψομαι
2417 653 2778 725 τῷ¹δαίμονι⁶
2822 658 2900 722 ὡς
2948 658 3060 725 ἐγὼ
3103 654 3367 724 δεξαίμην
3414 653 3478 705 ἂν
3517 653 3748 708 δύνασθαι

2198 734 2380 805 λέγειν
2417 740 2557 810 μετά
2618 744 2858 813 χρηστοῦ
2908 744 3022 814 βίου
3076 745 3171 798 καὶ⁵
3214 743 3509 811 σώφρονος.
3538 744 3613 805 είς
3652 744 3754 798 ὅσον

2196 822 2310 879 οἷόν
2336 844 2396 881 τε
2427 830 2692 886 κάλλιστα
2738 832 3043 904 ἀνθρώπων
3069 833 3272 903 μᾶλλον
3316 832 3348 901 ἢ
3391 833 3642 901 μυριάκις
3670 837 3754 885 Δα-

2211 920 2356 987 ρεῖος
2384 921 2414 974 ό
2459 921 2764 978 Ὑστάσπου
2794 924 3051 992 γενέσθαι
3076 924 3172 977 καὶ
3196 922 3369 993 μικρά
3407 940 3497 990 μοι
3520 921 3669 976 πάνθ’
3694 924 3755 986 ὡς

2206 1009 2425 1080 ἀληθῶς
2458 1014 2597 1085 πρὸς
2618 1015 2776 1068 τοῦτο
2812 1016 2913 1086 ἤδη
2959 1018 3207 1086 φαίνεται
3230 1014 3298 1067 ίδ.
3329 1011 3458 1067 Οἶδα
3504 1012 3561 1064 δὲ
3592 1013 3679 1065 καὶ
3701 1015 3755 1068 τά

515 1086 803 1149 Πλάτωνος
841 1087 1164 1157 πράγματα,
1195 1087 1251 1178 εί.
1272 1087 1347 1158 μὴ
1371 1086 1752 1158 τετυφὼμεθα,
1795 1090 1947 1146 οὐδὲν
2014 1097 2143 1150 ἄλλο
2181 1103 2365 1172 σχεδὸν
2412 1106 2543 1160 ὄντα
2590 1107 2624 1177 ἢ
2673 1108 2894 1174 λόγους,
2938 1110 3031 1163 καὶ
3078 1108 3359 1178 συγχαίρω
3401 1107 3502 1177 τῆς
3584 1105 3755 1171 λέξεως

520 1176 669 1246 αὖτῷ
688 1194 703 1209 ⁸
738 1177 839 1231 κάν
879 1195 944 1248 με
991 1175 1343 1247 προσπαίζων
1365 1179 1564 1233 οὑτωσὶ
1586 1180 1746 1251 πείθῃ
1768 1183 1841 1251 μὴ
1865 1184 2006 1237 πάνυ
2044 1188 2235 1242 τούτου
2264 1194 2590 1263 φροντίζειν,
2613 1175 2673 1249 ού
2697 1199 2840 1251 πάνυ
2862 1198 3143 1266 πείσομαι,
3159 1175 3290 1251 ἀλλᾷ
3313 1175 3527 1265 εἵσομαι
3549 1195 3753 1267 [69011.]

516 1267 723 1338 σφόδρα
760 1267 1144 1330 σπουδάζοντα,
1181 1268 1276 1321 καὶ
1302 1268 1599 1338 τηνικαῦτα
1628 1270 1898 1338 μάλιστα,
1934 1274 2100 1345 ἧνικα
2135 1277 2201 1331 ἂν
2230 1280 2307 1344 ὡς
2351 1283 2561 1348 παίζων
2599 1284 2753 1357 λέγῃ,
2786 1287 2950 1340 Ὥστε
3022 1286 3115 1339 τὸν
3141 1285 3280 1339 οῐκοι
3322 1285 3592 1353 θησαυρὸν
3657 1286 3753 1340 δια-

516 1360 807 1428 ϐάλλοιμεν
833 1358 922 1424 ἂν,
963 1360 1012 1412 εί
1040 1360 1212 1413 ταῦτα
1249 1359 1623 1430 διασύροιμεν.

590 1455 962 1510 lProverbiunt
988 1456 1053 1511 de
1076 1456 1141 1511 iis
1167 1455 1259 1525 qui
1293 1456 1593 1512 domestica
1623 1457 2025 1533 criminantur.]

586 1606 786 1661 Verum
829 1607 895 1662 de
927 1608 1011 1662 his
1040 1623 1107 1663 ne
1154 1609 1441 1663 dicendum
1472 1610 1686 1680 quidem
1716 1621 1818 1674 est,
1852 1628 1917 1668 ac
1946 1624 2099 1671 tanto

519 1698 717 1763 minus,
764 1710 967 1769 quanto
1024 1701 1200 1770 major
1243 1712 1327 1757 est
1377 1702 1460 1757 vis
1510 1703 1743 1759 dicendi.
1778 1704 1919 1775 Ergo
1971 1723 2095 1763 eum

517 1805 639 1857 ego,
662 1792 752 1860 qui
785 1802 897 1845 tam
932 1807 1060 1846 acer
1088 1793 1235 1861 vigil,
1266 1808 1329 1848 ac
1359 1796 1748 1863 propemodum
1774 1796 1949 1853 alatus
1976 1798 2098 1865 fuit,

518 1882 603 1936 vel
639 1884 811 1950 ipsum
839 1885 1072 1939 otiosum
1110 1884 1297 1949 fuisse,
1350 1886 1433 1941 vel
1470 1887 1632 1941 alium
1662 1888 1965 1945 reddidisse
1985 1906 2105 1945 cre-

521 1973 685 2027 dam?
728 1972 869 2027 Nihil
920 1975 1172 2044 equidem
1217 1977 1360 2031 scire
1412 1977 1645 2044 viderer,
1700 1994 1821 2033 cum
1859 1980 1950 2035 ille
1995 1997 2104 2036 non

523 2064 891 2120 Athenienses
947 2067 1127 2131 modo,
1186 2069 1278 2121 sed
1334 2083 1401 2122 ne
1453 2068 1639 2125 hostes
1690 2070 1907 2140 quidem
1938 2073 2104 2127 otiari

524 2157 855 2228 permiserit.
897 2156 1080 2212 Talem
1118 2159 1263 2213 enim
1305 2160 1551 2213 movendi
1582 2160 1696 2215 suis
1727 2164 2105 2217 necessitatem

524 2251 726 2317 attulit,
755 2260 813 2305 ut
842 2252 942 2320 ipsi
980 2268 1194 2327 quoque
1228 2267 1411 2307 mores
1439 2267 1569 2308 suos
1607 2265 1815 2310 mutare
1843 2271 2105 2325 cogeren-

525 2352 633 2396 tur.
658 2342 825 2411 ldque
844 2342 988 2413 juste
1015 2343 1196 2409 ﬁebat,
1223 2342 1396 2411 inquit
1431 2342 1844 2400 Demosthenes.
1875 2343 2107 2401 Verum-

506 2426 707 2481 tamen
727 2443 849 2482 eum
870 2427 1025 2482 Plato
1050 2429 1253 2483 otiosos
1274 2446 1338 2485 ac
1369 2431 1589 2502 ignavos
1614 2433 1690 2487 ait
1715 2432 1907 2490 fecisse
1933 2451 1950 2489 :
1982 2435 2108 2490 Cre-

523 2516 681 2571 tensis
719 2533 885 2585 mare,
917 2518 1065 2573 dicat
1095 2518 1311 2588 aliquis.

2206 1466 2601 1610 M[thplitylau
2637 1470 2901 1523 Τάττεται
2932 1470 2986 1522 δὲ
3023 1470 3114 1522 ἐπὶ
3156 1468 3263 1522 τῶν
3300 1469 3369 1520 τὰ
3398 1467 3535 1521 οἴκοι
3567 1470 3754 1522 Euris):

2270 1556 2427 1593 ντων.

2270 1556 2427 1593 ντων.

2286 1629 2427 1682 Ἀλλ’
2462 1630 2603 1700 ὑπὲρ
2644 1630 2745 1700 μὲν
2774 1630 2819 1663 ¹⁸
2852 1629 3057 1683 τούτων
3086 1629 3207 1683 οὐδὲ
3234 1628 3413 1696 λέγειν
3442 1628 3611 1693 ἀξιον,
3643 1630 3756 1682 ἀλλά

2206 1720 2446 1793 τοσούτῳ
2492 1716 2676 1792 ἦττον,
2718 1723 2937 1793 ὅσῳπερ
2970 1721 3038 1776 ἂν
3160 1724 3406 1790 κρεῖττον
3432 1722 3495 1774 τὸ
3529 1720 3755 1773 δύνασθαι

2206 1814 2407 1882 λέγειν.
2454 1810 2579 1867 Εἶεν
2609 1814 2673 1867 ¹⁶.
2713 1810 2846 1869 Εἶτα
2882 1814 2974 1869 τδν
3005 1813 3177 1877 οὕτως
3206 1816 3333 1879 ὀξὺν
3376 1813 3470 1866 καὶ
3507 1814 3755 1881 ἄγρυπνον

2208 1906 2303 1959 καὶ
2331 1906 2525 1975 ἥδιστα
2549 1906 2616 1960 ἂν
2646 1902 2798 1960 εἷπον
2825 1907 3153 1979 ὑπόπτερον,
3179 1905 3369 1959 τοῦτον
3403 1905 3436 1974 ἢ
3464 1907 3645 1973 ἀργεῖν
3672 1907 3754 1957 αὺ-

2205 1999 2298 2051 τὸν
2326 1998 2359 2069 ἧ
2392 1999 2614 2068 ἐτέρους
2642 1998 2840 2063 ἐθίζειν
2880 2000 2991 2068 ἐγὼ
3018 2000 3060 2032 ¹⁷
3092 1998 3334 2065 πεισθῶ;
3367 1998 3484 2050 Οὐκ
3529 1997 3631 2066 ἄρα
3657 1996 3758 2049 ὲπί-

2211 2093 2438 2147 στασθαι
2461 2093 2596 2161 δόξω
2621 2094 2730 2147 τῶν
2754 2094 3096 2163 πραγμάτων
3121 2092 3294 2146 οὐδέν·
3328 2092 3480 2154 ὅστις
3503 2108 3573 2159 γε
3598 2090 3665 2159 μὴ
3692 2091 3757 2143 ὅτι

2218 2183 2525 2255 Ἀθηναίοις
2553 2184 2668 2237 ἀλλ’
2706 2184 2830 2237 οὐδὲ
2860 2186 2974 2246 τοῖς
3015 2183 3295 2252 πολεμίοις
3324 2183 3518 2251 ἀργεῖν
3556 2182 3757 2249 ἐπέτρε-

2207 2291 2329 2340 πεν,
2376 2274 2515 2328 ἀλλὰ
2558 2275 2847 2337 κάκείνους
2876 2274 3102 2343 ἐποίησε
3132 2272 3454 2343 μεταϐαλεῖν
3502 2273 3624 2334 τοὺς
3658 2272 3761 2342 τρό-

2205 2382 2364 2429 πους*
2394 2365 2661 2427 τοσαύτας
2700 2366 2947 2433 ἀνάγκας
2976 2365 3157 2428 αὐτοῖς
3204 2364 3463 2435 περιίστη
3495 2364 3539 2395 ⁸⁸
3564 2362 3653 2415 τοῦ
3687 2380 3759 2415 κι-

2205 2457 2433 2512 νεῖσθαι.
2458 2458 2571 2511 Καὶ
2590 2459 2650 2511 τὸ
2679 2458 2901 2520 δικαίως
2923 2453 3006 2519 οἷς
3020 2457 3193 2510 ἐποίει
3222 2456 3453 2524 προσῆν,
3485 2454 3589 2522 ἔφη
3608 2457 3761 2523 Δημο-

2208 2547 2400 2616 σθένης
2428 2549 2492 2601 ¹⁹.
2529 2548 2670 2601 Ἀλλ’
2692 2549 2841 2618 ὅμως
2871 2546 3096 2601 Πλάτων
3115 2545 3375 2616 ᾐτιάσατο
3398 2543 3561 2597 αὐτὸν
3587 2543 3760 2610 ἀργοὺς

2206 2638 2301 2691 καὶ
2329 2636 2538 2700 δειλοὺς
2564 2635 2945 2707 πεποιηκέναι.
2996 2635 3051 2687 Ὀ
3078 2633 3240 2703 Κρὴς
3256 2633 3300 2664 ⁸ο
3325 2632 3402 2700 δὴ
3424 2632 3469 2663 ²¹
3510 2631 3611 2684 τὸν
3646 2631 3763 2682 πάν.

2205 2746 2334 2794 τον,
2362 2730 2527 2799 φήσει
2558 2745 2663 2793 τις.

2277 2821 2580 2893 [Παροιμία
2607 2820 2701 2893 ἐπὶἷ
2728 2820 2839 2893 τῶν
2872 2814 3359 2893 προσποιουμένων
3384 2815 3447 2867 τὸ
3470 2817 3516 2847 ⁸²
3550 2816 3761 2893 Emi»:

2206 2892 2256 2945 οἱ
2280 2884 2403 2961 γάρ’
2420 2893 2466 2945 Κ
2476 2884 2637 2961 ρῆτες
2662 2891 2707 2923 ’³
2741 2884 3521 2961 ἐμπειροθάλασσοι..ᾼέχετ-αι
3636 2885 3763 2961 κειίὸ

2206 2954 2487 3032 νησιώτης
2498 2954 2713 3027 ἀγνοεῖν
2739 2954 2839 3030 τὴν
2864 2954 3156 3021 θάλασσαν,
3191 2954 3285 3007 καὶ⁵
3306 2955 3334 3006 ό
3362 2955 3408 2986 ’⁸
3439 2955 3655 3015 Σικελὸς
3679 2954 3761 3022 τὴν

2208 3010 2533 3102 θάλασσαν.]

597 2818 972 2905 [Ρνοχοι-βίιιηι
1004 2820 1056 2873 in
1091 2835 1199 2905 eos.
1228 2836 1317 2889 qut
1348 2822 1623 2905 isimttlant
1655 2823 1928 2905 ignorare.
1955 2822 2106 2905 .Sunt

530 2889 674 2941 enim
718 2889 1008 2944 Cretenses
1040 2892 1199 2957 periti
1235 2893 1623 2958 navigationis.
1650 2889 1705 2945 et
1726 2894 1927 2948 dicitur
1954 2892 2106 2950 insu-

528 2958 684 3012 lanus
709 2971 858 3011 mare
885 2959 1158 3027 ignorare,
1188 2970 1241 3014 et
1269 2959 1482 3016 Siculus
1518 2960 1714 3029 mare.]

598 3109 798 3166 Verum
844 3113 1093 3182 quamvis
1143 3114 1343 3186 525a
1400 3117 1456 3171 in
1509 3117 1616 3174 hoc
1668 3121 1889 3190 gravius
1937 3138 2100 3194 quam

2282 3121 2435 3176 "000‘
2454 3122 2500 3154 "
2517 3122 2567 3175 οἱ
2590 3119 2848 3191 μὲνζάλλοι
2866 3120 2979 3183 τοῖς
3000 3120 3233 3190 παροῦσι
3249 3118 3458 3178 τούτοις
3480 3114 3765 3185 limit”;qu

526 3205 737 3268 caeteri,
762 3213 1125 3271 premeretur,
1149 3208 1293 3274 quod
1326 3206 1404 3262 illi
1424 3209 1641 3278 quidem
1671 3212 1833 3268 rebus
1862 3228 2103 3282 praesen-

2217 3214 2273 3268 δὲ
2301 3214 2394 3267 καὶ
2412 3214 2556 3279 τοῦτ’
2577 3213 2709 3268 αὐτὸ
2733 3212 3082 3283 προσειλήφει
3102 3212 3305 3282 μεῖζον,
3326 3210 3386 3262 τὸ
3410 3210 3541 3270 τοὺς
3564 3206 3763 3267 πολίτας

529 3290 676 3346 tibus
703 3292 976 3360 dolebant,
1002 3294 1120 3365 ipse
1148 3304 1328 3351 autem
1360 3298 1601 3355 civesila
1624 3301 1843 3360 videbat
1863 3305 2104 3376 all‘ectos,

2211 3306 2382 3369 οὕτως
2410 3305 2632 3375 ἔχοντας
2663 3305 2797 3376 ὀρᾷν
2826 3303 2967 3359 ὥστε
2987 3304 3228 3373 ἀπόρους
3250 3299 3389 3356 εῖναι
3420 3299 3669 3371 χρῆσθαι,
3686 3298 3764 3350 καὶ

526 3392 589 3438 ut
634 3385 701 3439 ad
736 3400 849 3441 rem
879 3388 1170 3456 gerendam
1202 3398 1387 3445 essent
1428 3389 1670 3460 inutiles,
1716 3409 1821 3451 nec
1862 3398 2104 3456 hostibus

2210 3396 2385 3450 ταῦτα
2413 3396 2511 3465 οὐχ
2537 3395 2661 3450 ὅσον
2702 3397 2817 3459 τοῖς
2860 3394 3142 3465 πολεμίοις
3170 3392 3626 3447 ύποπεπτωκέναι
3651 3391 3765 3444 ἀλλά

526 3475 689 3530 modo
717 3475 994 3545 cederent,
1040 3479 1135 3533 sed
1167 3487 1225 3534 et
1258 3479 1361 3549 ipsi
1400 3486 1658 3553 tanquam
1696 3482 1930 3541 fortunae
1964 3504 2104 3558 prae-

2212 3488 2450 3558 κάκείνῳ
2474 3487 2855 3558 δυσμεναίνειν
2886 3486 2963 3551 ὡς
3000 3485 3108 3539 τῶν
3134 3484 3422 3556 παρόντων
3450 3483 3764 3555 πραγμάτων

520 3567 673 3622 senti
706 3568 917 3623 auctori
947 3569 1321 3625 irascerentur
1348 3590 1366 3628 :
1405 3587 1471 3629 ac
1517 3582 1714 3643 praeter
1740 3575 1851 3632 duo
1877 3577 2109 3637 fortuna:

527 3657 671 3711 mala
702 3655 922 3727 (bellum
950 3669 1006 3712 et
1036 3660 1333 3729 morbum),
1366 3660 1472 3716 duo
1500 3662 1618 3717 haec
1651 3677 1747 3719 eos
1773 3665 1877 3720 sibi
1905 3667 2110 3723 videret

524 3748 884 3815 conscivisse,
918 3750 1159 3804 dolorem
1187 3758 1243 3805 et
1271 3750 1720 3823 indignationem,
1750 3764 1805 3810 et
1831 3754 1884 3810 in
1916 3757 2108 3812 mediis

526 3840 762 3895 haereret
789 3841 1070 3910 periculis,
1100 3843 1363 3913 undique,
1393 3853 1454 3898 ut
1476 3843 1552 3899 ita
1579 3845 1781 3915 dicam,
1811 3846 2061 3903 desertus
2089 3867 2105 3904 :

526 3930 663 3985 nihil
693 3942 873 3986 tamen
907 3932 1107 4000 timuit,
1148 3949 1250 3991 nec
1293 3937 1528 4005 remisit,
1567 3951 1743 4008 neque
1785 3943 2107 3997 sententiam

523 4020 687 4089 quasi
718 4021 957 4076 colorem
986 4026 1237 4090 mutavit,
1277 4041 1403 4080 cum
1436 4028 1647 4096 pariter
1676 4044 1800 4084 cum
1826 4030 2035 4086 civibus
2057 4041 2111 4086 et

526 4112 778 4169 hostibus
826 4125 1111 4182 pugnaret,
1154 4116 1251 4171 sed
1291 4119 1447 4187 quasi
1495 4128 1668 4174 artem
1718 4135 1813 4176 eos
1869 4122 2108 4191 aliquam

527 4207 771 4270 doceret,
794 4206 988 4260 eodem
1030 4207 1287 4263 utebatur
1320 4224 1428 4277 quo
1460 4211 1615 4280 prius
1644 4219 1851 4277 tenore,
1883 4229 1985 4269 nec
2017 4228 2104 4285 pe-

2214 4215 2283 4270 ἂν
2298 4217 2344 4249 ³⁵
2373 4217 2502 4270 ἄλλο
2536 4233 2591 4269 τι
2626 4216 2857 4288 μάθημα
2893 4216 3157 4269 διδάσκων
3184 4215 3400 4277 αὐτοὺς,
3443 4212 3588 4266 κατά
3620 4210 3767 4264 ταυτά

524 4292 818 4347 riculorum
852 4296 1023 4361 gratia
1054 4297 1271 4352 decreta
1302 4313 1400 4352 sua
1436 4299 1691 4366 abolevit,
1719 4317 1893 4372 neque
1924 4305 1979 4359 iu
2022 4320 2104 4361 se-

2214 4306 2253 4361 ἃ
2280 4306 2375 4359 καὶ
2402 4306 2667 4377 πρότερον
2699 4305 2923 4377 διεξῄει,
2948 4305 3044 4358 καὶ
3068 4305 3129 4357 οὐ
3163 4304 3432 4373 διέφθειρε
3451 4302 3526 4355 τὰ
3550 4303 3766 4370 δόγματα

523 4389 760 4443 curitate
801 4389 1070 4446 duntaxat
1097 4391 1508 4462 philosophatus
1549 4404 1670 4450 est:
1708 4399 2104 4469 veruquuem«

2216 4398 2312 4451 ἐπὶ
2346 4398 2456 4452 τῶν
2502 4396 2784 4461 κινδύνων,
2829 4397 2951 4450 οὐδὲ
2997 4398 3090 4449 ἐπὶ
3123 4397 3225 4465 τῆς
3270 4395 3521 4460 ἐξουσίας
3553 4392 3767 4460 ἐφιλοσό-

524 4481 812 4536 admodum
849 4482 894 4536 si
944 4482 1012 4537 de
1050 4484 1296 4538 numeris
1326 4494 1380 4539 et
1427 4488 1697 4543 mensuris
1722 4486 1911 4544 fuisset
1942 4490 2104 4546 inter-

2218 4506 2358 4560 φησε
2394 4489 2576 4561 μόνον,
2610 4488 2727 4543 ἀλλ’
2757 4488 2832 4552 ὡς
2858 4488 2989 4559 περὶ
3006 4487 3052 4520 ³ο
3076 4486 3324 4559 ἀριθμῶν
3348 4485 3381 4555 ἢ
3416 4485 3631 4556 μέτρων
3654 4486 3767 4554 ἐρω-

524 4580 765 4642 rogatus,
805 4573 947 4628 idem
986 4582 1042 4629 et
1091 4575 1222 4631 olim
1266 4577 1638 4647 respondisset
1680 4587 1735 4634 et
1782 4589 1990 4650 postea,
2037 4581 2104 4635 ita

2214 4584 2400 4654 τηθεὶς
2436 4584 2635 4637 ταυτὸν
2664 4583 3002 4655 ἀπεκρίνατο
3029 4582 3095 4636 ἂν
3126 4580 3222 4635 καὶ
3250 4580 3475 4648 ὕστερον
3529 4578 3623 4632 καὶ
3658 4578 3766 4645 πρό-

524 4677 742 4731 quoque
767 4673 895 4721 tunc
924 4665 1063 4720 idem
1092 4667 1161 4722 de
1187 4683 1401 4722 summa
1434 4668 1513 4723 rei
1554 4671 1850 4738 statuebat,
1895 4686 1996 4729 nec
2023 4672 2104 4728 vel

2214 4693 2392 4747 τερον,
2423 4675 2566 4729 οὕτω
2608 4675 2704 4730 καὶ
2746 4675 2868 4728 τότε
2909 4673 3009 4737 τὰς
3043 4673 3209 4735 αὐτὰς
3248 4672 3396 4741 ἠφίει
3432 4670 3615 4737 φωνάς
3650 4668 3764 4733 ὑπὲρ

524 4755 1019 4827 perieulafugere,
1056 4759 1140 4814 vel
1182 4761 1420 4829 seipsum
1458 4762 1753 4828 castigare,
1782 4772 1837 4817 et
1867 4763 2104 4832 ipsorum

2214 4766 2327 4819 τῶν
2357 4766 2494 4819 ὅλων
2524 4764 2888 4835 πραγμάτων,
2919 4761 3045 4815 οὔτε
3073 4762 3184 4822 τοῖς
3212 4760 3402 4820 δεινοῖς
3429 4758 3598 4809 εἴκειν
3626 4754 3765 4817 ἀξιῶν

526 4858 713 4910 causa,
747 4846 839 4915 qui
867 4862 992 4901 cum
1027 4852 1364 4918 temporibus
1388 4852 1581 4907 mutati
1614 4864 1824 4919 essent,
1858 4855 2104 4910 ruborem

2217 4857 2343 4912 οὔτε
2371 4856 2548 4928 ἑαυτῷ
2579 4854 2929 4927 μέμφεσθαι,
2975 4847 3325 4921 αἰσχύνεσθαί
3352 4864 3411 4899 τε
3445 4845 3587 4915 ὑπὲρ
3616 4840 3762 4896 αὐτῶν

524 4937 807 5005 suscipere
834 4938 1174 5007 dignabatur.
1204 4940 1471 5007 Quocirca
1504 4959 1611 4998 non
1646 4944 1749 4999 hoc
1774 4952 1895 5000 erat
1923 4945 2104 5001 dicen-

2218 4952 2337 5020 ἅμα
2352 4950 2394 4982 ⁸¹
2414 4951 2526 5012 τοῖς
2559 4949 2772 5017 καιροῖς
2802 4945 3006 5016 ἐτέρων
3032 4940 3352 5011 γεγονότων.
3372 4938 3465 5006 Μὴ
3490 4936 3556 5004 δὴ
3572 4936 3615 4967 ⁸³
3636 4932 3763 4987 τοῦτο

2213 3577 2390 3648 αἰτίῳ.
2418 3576 2563 3648 Πρὸς
2589 3577 2736 3631 δυοῖν
2756 3578 2869 3630 τοῖν
2894 3576 3005 3629 ἀπὸ
3024 3575 3124 3646 τῆς
3148 3575 3311 3646 τύχης
3330 3576 3375 3607 ’⁸
3392 3575 3494 3645 (τῷ
3507 3575 3553 3606 ’⁷
3571 3573 3764 3642 πολέμῳ

2213 3668 2313 3722 καὶ
2346 3671 2409 3739 τῇ
2441 3668 2612 3739 νήσῳ)
2631 3668 2724 3721 δύο
2742 3666 2913 3721 ταῦτα
2932 3666 3367 3738 προσειληφότας
3394 3666 3545 3736 ὁρῶν
3570 3664 3761 3726 αὐτοὺς,

2213 3758 2395 3828 λύπην
2427 3760 2524 3812 καὶ
2571 3758 2925 3830 παροξυσμὸν
2967 3760 3047 3821 εἰς
3101 3759 3283 3823 αὐτὸν,
3334 3759 3392 3810 ὲν
3442 3756 3631 3826 μέσοις
3674 3755 3764 3817 τοῖς

2213 3848 2405 3911 δεινοῖς
2433 3848 2756 3919 ἐμϐεϐηκὼς
2788 3850 2883 3903 καὶ
2911 3848 3250 3917 πανταχόθεν
3285 3847 3686 3917 μεμονωμένος,
3706 3843 3766 3905 ὡς

2213 3940 2425 4006 εἰπεῖν,
2463 3940 2565 3993 οὐκ
2606 3940 2831 4007 ἔδεισεν,
2877 3938 2986 3992 οὐδ’
3022 3937 3397 4008 ὑπεχώρησεν,
3442 3936 3557 3989 οὐδ’
3604 3935 3765 4003 ὥσπερ

2214 4033 2406 4103 χροιὰν
2423 4031 2521 4102 τὴν
2548 4030 2776 4103 γνώμην
2817 4031 3078 4102 μετέϐαλε
3099 4030 3168 4096 ’⁸,
3198 4033 3309 4093 τοῖς
3329 4046 3388 4082 τε
3422 4027 3667 4088 πολίταις
3688 4024 3764 4078 καὶ

2213 4126 2329 4188 τοῖς
2375 4124 2656 4194 πολεμίοις
2703 4124 2841 4192 ὁμοῦ
2900 4123 3390 4192 ἀντιτεταγμένος’
3442 4120 3565 4174 ἀλλ’
3603 4120 3766 4184 ὥσπερ

528 5026 677 5092 dum,
709 5027 895 5095 copias
918 5042 1039 5083 eum
1069 5045 1173 5084 non
1201 5032 1473 5098 eduxisse,
1508 5035 1603 5088 sed
1623 5034 1677 5088 id
1707 5049 1828 5089 cum
1852 5043 2000 5090 esset
2030 5035 2115 5089 fa-

526 5117 798 5183 ciendum,
822 5128 877 5174 et
902 5121 1275 5190 pugnandum,
1308 5124 1602 5188 omisisset,
1630 5126 2111 5182 considerandum.

526 5207 664 5263 Nam
706 5221 757 5266 et
804 5210 1246 5271 Lacedaemonios
1287 5215 1462 5282 aiunt,
1515 5232 1638 5272 cum
1685 5232 1782 5274 eos
1819 5218 2113 5289 aliquando

528 5314 841 5371 premerent
871 5304 1134 5368 Thebani,
1183 5317 1245 5362 ut
1277 5307 1363 5364 vel
1415 5307 1482 5362 ad
1519 5324 1755 5379 pugnam
1799 5311 1975 5376 exire,
2027 5309 2113 5365 vel

2219 5041 2490 5109 λέγωμεν,
2524 5038 2597 5099 ὡς
2627 5038 2729 5091 οὐκ
2761 5036 2986 5105 ἐξῆγενο
3033 5030 3146 5087 ἀλλ’
3180 5031 3231 5083 ει
3264 5028 3541 5100 προσῆκον
3576 5024 3763 5089 ἐξάγειν

2221 5134 2316 5186 καὶ
2367 5130 2636 5201 μάχεσθαι
2666 5127 2953 5200 παρεώρα,
2976 5124 3137 5178 τοῦτο
3172 5120 3504 5190 σκοποῦμεν.
3542 5116 3660 5169 ἐπεὶ
3689 5112 3763 5165 καὶ

2219 5221 2682 5289 Λακεδαιμονίους
2713 5216 2986 5283 ἀκούομεν
3026 5213 3089 5283 δή
3121 5230 3223 5265 που
3256 5207 3663 5281 προσκειμένων
3686 5201 3763 5255 αὐ-

2220 5314 2331 5374 τοῖς
2374 5328 2505 5364 ποτε
2534 5308 2819 5379 Θηϐαίων,
2851 5307 2949 5360 καὶ
2978 5302 3306 5357 κελευόντων
3336 5299 3535 5363 ἐξιέναι
3558 5296 3649 5350 καὶ
3680 5291 3763 5363 μά-

1836 5424 1917 5478 VA
1931 5423 2066 5478 ιιιῶ
2104 5422 2510 5477 ΙιΕΟΤΙΟΝΕδ.

603 5507 646 5539 ’⁸
670 5507 923 5580 τοτοῦτον
964 5528 1024 5574 ς’.
1062 5510 1185 5580 ἐμοὶ
1216 5512 1261 5543 ¹⁸
1286 5512 1534 5580 φαίνεται
1563 5528 1671 5568 om.
1719 5516 1784 5569 A.

533 5578 576 5608 "'
608 5595 671 5629 πε
684 5578 858 5646 ριίστη

531 5647 685 5715 κολα,
766 5649 811 5679 νυ
852 5648 916 5715 δὴ
957 5663 1067 5702 om.
1098 5647 1164 5701 Α.

534 5714 578 5787 ξιτ
618 5713 698 5781 τῷ
732 5744 799 5787 έ-
827 5713 993 5787 Ῠνὴσῳ
1025 5734 1134 5770 om.
1162 5718 1225 5771 Λ.
1321 5720 1366 5750 ⁸⁸
1403 5724 1695 5785 μετέϐαλλε
1750 5727 1815 5779 Α.

537 5779 782 5850 ᾶμαλιαὶ
812 5786 876 5841 Α.
897 5779 909 5787 ⁷
966 5779 1024 5819 ’³³
1053 5788 1127 5857 μὴ
1154 5787 1244 5859 δὴ]
1277 5802 1327 5857 p.
1357 5779 1481 5844 2'53.

964 5528 1024 5574 ς.
1062 5517 1185 5580 ἐμοὶ
1216 5517 1261 5543 ’⁵
1286 5517 1534 5580 φαίνεται
1563 5528 1671 5568 om.
1719 5517 1784 5569 A.
1890 5518 1934 5550 “’
1969 5517 2069 5586 μὲν
2115 5532 2225 5570 om.
2258 5518 2321 5570 At.
2427 5517 2473 5547 ¹⁶
2500 5517 2611 5569 εἷεν
2641 5530 2751 5568 ont.
2783 5517 2844 5567 A.
2878 5517 3020 5575 εἰταῚ
3070 5517 3136 5576 Μ
3167 5517 3285 5560 ⁸226.

952 5582 995 5612 ¹⁹
1034 5580 1406 5656 Δημοσθένη-ς]
1460 5585 1767 5655 περιιστάε.
1820 5586 1995 5640 καίτοι
2027 5586 2233 5645 δίκαιος
2263 5587 2356 5639 καὶ
2389 5587 2562 5656 πρᾶος
2589 5581 2676 5655 ἦν,
2708 5584 2809 5653 ἔφη
2841 5577 3177 5656 δημοσθένῃς
3224 5579 3285 5656 AA.

1242 5652 1288 5682 ³³
1311 5652 1371 5726 si)
1412 5652 1646 5726 οιης-Λε
1700 5656 1744 5686 ’³
1774 5657 1844 5709 cf.
1878 5656 2028 5710 Sttitl.
2064 5673 2116 5709 v.
2148 5660 2176 5707 ὁ
2210 5657 2383 5726 Κρὴς.

3365 5506 3407 5534 ⁸⁷
3437 5504 3542 5565 ἐγὼ
3573 5517 3673 5552 nm.
3713 5501 3762 5551 Δ.

3389 5573 3433 5605 ιο
3466 5576 3491 5622 ὁ
3525 5570 3695 5638 Κρὴς]
3723 5587 3760 5630 ιι.

3448 5645 3490 5672 ’δ
3518 5642 3688 5710 ψυκῆξ
3712 5641 3760 5710 λς

2427 5515 2473 5547 ¹⁶
2500 5510 2611 5569 είεν
2641 5530 2751 5568 ont.
2783 5517 2844 5567 A.
2878 5507 3020 5575 εἶτα]
3070 5507 3136 5576 με
3167 5506 3293 5560 9‘26.

2460 5645 2558 5708 ’δύ
2592 5645 2715 5708 add.
2750 5645 2818 5707 Ἀ..
2895 5645 2940 5683 ⁵⁵
2971 5646 3126 5716 ὥσθ’]
3164 5664 3216 5713 p.
3249 5645 3373 5697 250.

1889 5705 2028 5782 “si
2063 5705 2410 5782 acestae
2450 5705 2953 5795 περιξξμέτρων]
2987 5735 3091 5787 περ
3118 5705 3182 5756 '-'
3219 5717 3413 5785 μέτρον
3442 5712 3502 5766 Αι
3534 5705 3544 5710 ⁷
3574 5712 3613 5741 ³²
3644 5705 3759 5778 ειμαί
