3960 6440
457 350 596 417 15'39

454 583 659 645 videar,
692 597 856 650 quam
892 594 951 636 ut
981 583 1193 641 illorum
1239 601 1677 656 unumquemque
1708 586 1822 641 suis
1859 600 2049 640 ornem

457 673 741 738 laudibus;
790 690 912 726 nam
952 673 1152 745 426a
1200 692 1306 731 non
1349 678 1576 733 minoris
1607 690 1692 733 est
1723 679 1851 731 mihi
1890 679 2051 747 hujus

462 768 516 813 et
544 762 739 826 gratia.
766 758 1146 816 Verumtamen
1172 765 1214 817 si
1250 773 1535 834 utrumque
1558 782 1971 835 consequemur,
1995 775 2051 818 ιιι

457 857 512 900 et
529 849 745 901 illorum
766 849 1121 905 dissolvamus
1139 854 1388 919 crimina,
1410 866 1463 909 et
1488 855 1693 909 Platoni
1720 871 1933 909 omnem
1955 858 2050 909 tri-

457 939 684 992 buamus
714 942 975 993 honorem
1013 956 1075 997 ac
1104 947 1493 1011 reverentiam,
1528 957 1691 1014 atque
1736 947 1788 1000 in
1820 958 2048 1016 utroque

451 1029 597 1097 juste
641 1045 741 1083 nos
786 1046 1057 1100 geramus,
1112 1037 1457 1092 mediocriter
1507 1042 1786 1094 nobiscum
1834 1051 2043 1112 agetur.

455 1119 591 1173 Nam
641 1121 684 1175 si
718 1125 997 1177 contraria
1032 1128 1326 1182 contrariis
1365 1131 1706 1195 deliuiemus,
1736 1147 1842 1200 quo
1891 1139 2048 1200 parto

456 1229 555 1267 sua
589 1214 817 1281 singulis
844 1218 1113 1271 constabit
1145 1222 1375 1274 natura?
1404 1223 1458 1275 Si
1489 1224 1632 1275 enim
1680 1224 1961 1293 imperium
1993 1225 2044 1277 in

457 1306 717 1359 servitute
762 1318 1013 1373 ponatur,
1075 1313 1161 1364 vix
1207 1313 1350 1366 aliud
1402 1316 1694 1384 quidquam
1729 1319 2046 1371 servitutem

457 1395 724 1464 effugerit,
756 1407 808 1452 et
842 1398 885 1452 si
918 1398 1205 1467 imperium
1245 1419 1367 1457 esse
1398 1408 1718 1461 servitutem
1772 1410 2041 1477 ponimus,

457 1491 587 1558 quid
617 1492 867 1560 prohibet
899 1495 1189 1560 quominus
1232 1498 1422 1550 eadem
1475 1502 1687 1553 ratione
1727 1500 2041 1554 servitutem

462 1598 582 1636 esse
607 1585 891 1653 imperium
916 1599 1201 1651 ponamus,
1220 1596 1380 1657 atque
1405 1590 1475 1642 ita
1507 1606 1593 1646 res
1616 1592 2040 1660 circumagatur,

455 1687 557 1729 nec
585 1689 822 1743 unquam
856 1676 1046 1728 eodem
1079 1688 1295 1731 maneat
1330 1678 1448 1731 loco
1485 1696 1498 1732 :
1536 1695 1720 1732 verum
1754 1681 2039 1747 imperium

454 1769 603 1834 prius
628 1770 692 1821 ad
741 1772 1059 1823 servitutem
1090 1773 1393 1836 redactum,
1441 1786 1536 1839 per
1576 1788 1693 1828 eam
1727 1787 1914 1827 rursus
1949 1772 2044 1825 t’iat

459 1866 741 1932 imperium
773 1882 786 1917 :
817 1865 1052 1918 servitus
1104 1874 1283 1918 autem
1339 1869 1487 1932 prius
1530 1868 1595 1918 ad
1634 1867 1917 1935 imperium
1966 1882 2051 1920 re-

455 1958 633 2021 dacta,
674 1971 770 2024 per
805 1957 932 2011 illud
973 1957 1147 2025 ipsum
1181 1973 1372 2011 rursus
1401 1960 1623 2012 exsistat
1647 1960 1898 2014 servitus.
1937 1959 2047 2013 lta-

455 2063 559 2115 que
589 2058 851 2118 vagentur
894 2064 957 2103 ac
1007 2059 1440 2105 trausmutentur
1487 2052 1603 2105 haec
1660 2054 1900 2119 nomina,
1928 2068 2049 2123 quae

456 2150 581 2194 sunt
606 2156 787 2194 rerum
840 2142 1262 2205 contrariarum,
1311 2154 1405 2197 aut
1457 2144 1640 2212 potius
1698 2145 1861 2200 rebus
1913 2146 2047 2216 ipsis

456 2234 752 2286 contraria.

530 2489 738 2560 [Rebus
772 2488 907 2543 dicit
936 2489 1177 2557 graviter
1209 2504 1331 2542 cum
1358 2505 1521 2560 unum
1549 2503 1670 2545 esse
1693 2500 1747 2544 et
1778 2490 1920 2547 idem
1954 2491 2051 2545 im-

459 2563 668 2628 perium
705 2559 1099 2614 etservitutetn
1130 2559 1465 2628 continuet.)

529 2716 709 2782 Tales,
731 2731 763 2769 ο
779 2716 947 2779 Plato,
968 2713 1189 2769 Grazcia-
1227 2716 1500 2784 pra‘bebat
1526 2714 1797 2786 adjutores
1824 2733 1838 2769 :
1867 2717 2050 2784 itaque

458 2811 632 2865 donec
658 2810 872 2863 vivebat
893 2808 1106 2871 Cimon,
1136 2809 1387 2877 peribant
1430 2808 1653 2862 Barbari
1710 2821 1853 2864 metu
1900 2809 2050 2866 Cra:-

458 2917 670 2958 corum.

532 3013 1031 3085 [Demosthenicum
1076 3013 1179 3068 hoc
1210 3014 1455 3085 schema;
1489 3016 1564 3068 ait
1609 3016 1752 3071 enim
1792 3028 1934 3070 metu
1973 3016 2049 3070 le-

458 3084 616 3151 gatos
661 3095 922 3145 mortuos,
979 3084 1171 3137 timore
1214 3100 1340 3137 vero
1382 3084 1620 3149 ercos,
1676 3102 1792 3154 pro,
1858 3088 2048 3139 timore

1597 353 1863 416 PHOTlI
1883 348 2392 414 PATRIARCHIE
2419 348 2507 409 (ΖΡ

457 507 525 547 ne
552 490 678 559 quid
707 492 761 544 in
788 489 1063 546 Platonem
1091 493 1265 547 dicam
1290 493 1534 563 gravius,
1556 502 1609 549 et
1630 494 1787 565 quasi
1817 492 2047 548 ferocire

2159 464 2327 534 φειδοῖ
2351 462 2445 516 τοῦ
2474 457 2869 531 προειληφότος

3589 345 3717 411 1540

2891 473 2905 489 ο
2946 456 3089 511 οὕτω
3119 458 3255 512 πολὺ
3283 457 3459 511 πλείω
3476 457 3525 489 ⁸⁰
3542 459 3724 511 ποιοῦ-

2157 574 2254 626 μαι
2283 556 2497 623 λόγον’Η
2526 553 2692 624 μηδὲν
2722 552 2934 623 ἀπηχὲς
2965 553 3045 615 είς
3070 553 3334 605 Πλάτωνα
3355 552 3540 621 τυχεῖν
3565 550 3730 603 εἰπὼν

2156 647 2281 718 μηδ’
2306 645 2548 716 ὡσπερεὶ
2588 643 2956 716 θρασύνεσθαι
2982 644 3178 710 δοκεῖν,
3200 647 3233 715 ῆ
3259 644 3307 675 δ’
3352 644 3577 696 ἐκείνων
3602 644 3729 696 Exa-

2157 753 2281 789 στον
2328 736 2609 789 ἐπαινέσαι
2633 774 2650 798 ,
2691 735 2954 798 εἰκότωςο
2998 735 3117 787 οὐδὲ
3152 733 3262 804 γὰρ
3300 733 3583 795 ἐλάττονος
3610 732 3730 795 ἄξια

2155 828 2373 898 χάριτός
2409 845 2500 898 μοι
2525 827 2595 881 τὰ
2622 828 2759 898 πρὸς
2788 824 3000 879 τοῦτον.
3033 826 3108 879 Οὺ
3141 825 3247 896 μὴν
3270 826 3384 878 ἀλλ’
3419 826 3537 893 εἴγε
3568 824 3731 892 ἄμφω

2156 918 2500 989 συμϐήσεται
2547 919 2642 971 καὶ¹
2690 917 2790 979 τὰς
2821 918 2943 969 κατ’
2980 917 3206 970 ἐκείνων
3236 917 3415 979 αίτίας
3454 915 3731 970 ἀπολύσα-

2156 1014 2280 1068 σθαι
2312 1015 2404 1067 καὶ
2437 1012 2684 1065 Πλάτωνι
2713 1012 2822 1066 πᾶν
2848 1012 2972 1064 ὅσον
3003 1010 3183 1073 αἰδοῦς
3222 1010 3317 1062 καὶ
3350 1010 3517 1079 τιμῆς
3554 997 3731 1072 ἔξεστι

2156 1105 2477 1168 σεσωκέναι,
2523 1103 2619 1156 καὶ⁵
2669 1102 2974 1173 προσέσται
3020 1100 3081 1152 τὸ
3138 1100 3346 1152 δίκαιον
3378 1098 3728 1167 ἀμφοτέροις.

2158 1197 2396 1267 μετρίως
2425 1196 2492 1247 ἂν
2528 1195 2641 1264 ἔχοι
2669 1194 2731 1246 τὸ
2757 1193 2966 1246 δίκαιον
2998 1192 3273 1261 πανταχῆ.
3318 1188 3482 1255 ΗΞὸυ
3529 1187 3623 1258 IL]
3674 1190 3729 1240 Ei

2151 1289 2259 1358 γὰρ
2276 1288 2323 1319 ⁸⁸
2356 1287 2615 1339 τάναντία
2640 1287 2751 1347 τοῖς
2781 1284 3043 1347 ἐναντίοις
3088 1282 3407 1353 ὁριούμεθα,
3445 1282 3557 1343 πῶς
3599 1280 3726 1331 ἕκα-

2153 1396 2277 1431 στον
2319 1378 2395 1430 ἔθ’
2440 1378 2572 1447 ἡμῖν
2608 1374 2770 1429 σώσει
2819 1376 2917 1444 τήν
2973 1374 3169 1427 ἑαυτοῦ
3213 1372 3410 1440 φύσιν;
3457 1373 3505 1424 εἰ
3546 1372 3655 1439 γὰρ
3697 1372 3727 1437 ἠ

2150 1474 2292 1542 ἁρχὴ
2316 1471 2530 1523 δουλεία
2552 1508 2568 1534 ,
2600 1469 2763 1540 σχολῇ
2791 1469 2841 1536 γ’
2872 1468 2939 1521 ἂν
2975 1466 3102 1520 ἄλλο
3131 1482 3184 1517 τι
3217 1464 3456 1517 δουλείαν
3482 1462 3610 1533 [692
3640 1461 3727 1531 IL]

2150 1563 2404 1632 ἐκφύγοι.
2442 1562 2560 1615 Κᾶν
2585 1563 2636 1614 εἰ
2664 1577 2726 1629 γε
2753 1559 2850 1630 τὴν
2877 1558 3051 1629 ἀρχὴν
3085 1555 3335 1610 δουλείαν
3364 1551 3504 1607 εἶναι
3528 1553 3730 1619 τιθείη-

2154 1672 2274 1726 μεν,
2306 1656 2357 1707 τί
2391 1653 2589 1707 κωλύει
2637 1652 2731 1706 καὶ
2780 1652 2877 1721 τὴν
2920 1650 3165 1703 δουλείαν
3202 1647 3376 1718 ἀρχὴν
3404 1648 3516 1708 τοῖς
3545 1646 3724 1705 αὐτοῖς

2154 1746 2366 1808 τούτοις
2392 1744 2600 1797 τιθέναι
2630 1744 2843 1811 λόγοις;
2878 1744 2986 1794 κὰκ
3008 1739 3203 1793 τούτου
3236 1738 3507 1809 περίεισιν
3534 1736 3667 1806 ἡμῖν
3697 1736 3726 1802 ή

2083 1818 2123 1872 Β
2157 1838 2305 1901 θέσις
2339 1837 2435 1889 xal
2472 1836 2597 1889 οὐδέ
2645 1852 2775 1887 ποτε
2823 1836 2882 1885 ἐν
2929 1833 3007 1902 τῷ
3032 1824 3181 1901 αύτῷ
3215 1829 3387 1899 μένει,
3421 1828 3532 1882 ἀλλ’
3568 1829 3605 1898 ή
3634 1827 3729 1895 ps:

2150 1931 2293 2000 ἀρχὴ
2326 1928 2538 1981 δουλεία
2576 1930 2842 1997 πρότερον
2886 1922 3150 1994 γενομένη
3189 1922 3255 1975 δι’
3300 1922 3515 1989 ἐκείνης
3564 1919 3725 1971 πάλιν

2149 2022 2293 2091 ἁρχὴ
2334 2020 2570 2088 γίνεται,
2607 2020 2640 2089 ἡ
2672 2018 2716 2070 δ’
2751 2012 2817 2070 αὖ
2851 2015 3063 2068 δουλεία
3093 2013 3358 2084 πρότερον
3393 2012 3534 2081 ἁρχὴ
3571 2027 3727 2079 νομι-

2151 2112 2339 2165 σθεῖσα
2392 2110 2484 2164 ὑπ’
2517 2111 2685 2180 αὐτῆς
2732 2109 2831 2179 τῆς
2883 2108 3058 2179 ἀρχῆς
3092 2107 3338 2159 ἐπάνεισι
3383 2104 3599 2158 δουλεία
3629 2106 3732 2157 πάι

2149 2204 2235 2257 λιν
2271 2200 2436 2257 εἶναι.
2466 2203 2579 2257 Kal
2609 2201 2752 2254 οὓτω
2796 2198 3195 2269 πλανήσεταισδ
3223 2200 3317 2251 καὶ
3350 2198 3731 2268 μεταχωρήσει

2147 2294 2220 2348 τὰ
2248 2296 2489 2364 ὀνόματα
2533 2294 2730 2356 ταῦτα,
2772 2293 2880 2347 τῶν
2923 2293 3182 2346 ἐναντίων
3212 2290 3555 2361 πραγμάτων
3583 2291 3732 2351 ὄντα,

2149 2391 2200 2442 εί
2225 2388 2281 2441 δὲ
2314 2388 2515 2458 βούλει,
2546 2385 2614 2439 τὰ
2643 2387 2864 2439 ἐναντία
2888 2384 2981 2437 τοῦ
3014 2384 3361 2454 πράγματος.

2220 2479 2367 2553 [Τοῦ
2407 2479 2807 2553 ⁵’πρόιγμπτοςῧ
2858 2479 3002 2553 είπε,
3055 2477 3263 2553 δεινῶς,
3304 2477 3493 2553 ἐπειδὴ
3548 2476 3733 2553 ἓν-καὶ

2148 2545 2347 2603 ταῦτὸν
2370 2545 2519 2691 ῗῐναι
2547 2545 2644 2620 τὴν
2684 2550 2859 2618 ἀρχὴν
2892 2550 2987 2601 καὶ
3016 2548 3112 2617 τὴν
3143 2547 3385 2599 δουλείαν
3409 2545 3731 2600 κατεσυλλο-

2149 2627 2357 2688 γίσατο.

2149 2627 2357 2688 γίσατο.

2223 2712 2512 2774 Τοιούτους
2529 2712 2575 2742 ⁸⁸
2605 2710 2953 2782 ἐπικούρους,
2982 2706 3025 2761 ὦ
3069 2711 3316 2771 Πλάτων,
3348 2708 3463 2773 τοῖς
3493 2708 3727 2777 Ἕλλησι

2151 2802 2478 2873 παρέσχετο,
2526 2801 2667 2854 ὥστε
2698 2801 2804 2864 ἓως
2834 2802 2931 2871 ἔζη
2976 2804 3191 2871 Κίμων,
3239 2800 3493 2855 τεθνάναι
3530 2799 3734 2869 περιῆν

2149 2896 2260 2956 τοῖς
2288 2894 2590 2963 Βαρδάροις
2617 2892 2695 2961 τῷ
2729 2893 2879 2963 φόϐῳ
2909 2896 3035 2957 τοὺς
3072 2893 3362 2963 Ἕλληνας.

2229 3008 2668 3081 [Δημοσθενικδν
2701 3009 2761 3061 τὸ
2794 3010 3008 3081 σχῆρεᾳί·
3040 3007 3141 3081 ἔφη
3184 3008 3330 3081 γᾴρ,
3378 3007 3627 3081 Tell???“
3656 3007 3734 3071 τῷ

2150 3078 2270 3133 δέἑι
2306 3081 2447 3144 τοὺς
2485 3081 2891 3143 ἀποστόλους.
2925 3079 3014 3147 Τῷ
3038 3080 3091 3130 δὲ
3127 3079 3276 3147 φόϐῳ
3313 3080 3440 3140 τοὺς
3462 3078 3734 3143 Ἕλληνας

459 3148 795 3228 (inm-orum,
821 3155 901 3228 vel
924 3156 1055 3228 quia
1078 3155 1158 3209 sic
1188 3164 1504 3209 terruerunt
1530 3148 1853 3221 Grazc'os,ut
1878 3172 2046 3227 prope

2159 3151 2274 3228 ἀντὶ
2308 3151 2399 3228 τοῦ
2425 3149 2501 3218 τῷ
2531 3150 2684 3228 φόϐῃ-ι
2714 3150 2821 3201 τῶν
2865 3149 3153 3228 ςΕλλήνων,
3182 3149 3214 3218 ἥ
3248 3150 3327 3228 ότι
3382 3148 3733 3228 κατέπτηξαν

462 3227 659 3279 mortui
695 3223 945 3295 fuerint.]

529 3384 596 3439 At
625 3396 750 3438 eum
781 3384 1105 3440 ostracismo
1127 3385 1472 3455 expulerunt,
1499 3399 1568 3440 ne
1596 3401 1780 3441 vocem
1812 3385 1929 3454 ejus
1958 3401 2054 3456 per

457 3476 848 3533 decem-annos
894 3478 1167 3533 audirent.
1205 3479 1402 3547 Certe;
1437 3482 1530 3535 sed
1569 3496 1692 3534 eum
1729 3490 1854 3535 ante
1880 3495 2051 3534 annos

459 3570 646 3624 decem
688 3583 909 3625 exactos
943 3582 1289 3636 revocarunt,
1319 3583 1377 3627 ut
1405 3574 1526 3643 ejus
1554 3574 1804 3628 audirent
1837 3588 2047 3628 vocem.

458 3658 536 3714 lta
573 3676 698 3715 eum
729 3662 1139 3717 desiderabant.
1174 3664 1377 3719 Verum
1409 3676 1461 3717 ttt
1506 3682 1667 3734 quem
1717 3666 2051 3719 condemna-

459 3753 587 3817 rint,
620 3753 789 3818 dicis;
815 3769 974 3822 quam
1005 3757 1326 3809 sententiam
1351 3759 1632 3823 mutarint,
1668 3774 1771 3812 non
1801 3758 2049 3825 cogitas;

457 3861 690 3914 quaeque
714 3847 794 3899 vel
829 3863 936 3900 non
973 3859 1117 3903 recte
1144 3852 1522 3912 decreverunt,
1560 3852 1809 3920 utrisque
1837 3867 2041 3921 expro-

459 3934 621 4001 bras;
649 3950 770 4004 quae
801 3947 971 4003 recte,
1002 3940 1397 3995 consuluerunt
1432 3956 1531 3995 nec
1564 3941 1671 3996 illis
1702 3944 1907 3996 veniam
1945 3959 2047 4011 pu-

460 4028 564 4089 tas,
597 4044 694 4082 nec
727 4029 849 4082 huic
886 4031 1183 4084 maximum
1238 4032 1485 4100 prmbere
1543 4033 1760 4087 virtutis
1802 4036 2048 4088 testimo-

461 4117 633 4167 nium.
685 4114 930 4183 Cumque
962 4116 997 4171 ii
1030 4118 1125 4185 qui
1156 4134 1280 4172 eum
1305 4121 1758 4187 condemnarunt,
1787 4122 1882 4189 ipsi
1921 4139 2048 4177 sen-

462 4206 683 4259 tentiam
710 4210 993 4271 mutarint,
1017 4224 1117 4263 nec
1140 4210 1425 4278 antiquum
1443 4213 1716 4266 servarint
1740 4214 2045 4277 decretum,

461 4308 515 4351 tu
549 4297 601 4351 id
624 4299 778 4366 quasi
808 4310 982 4353 ratum
1015 4316 1233 4369 semper
1266 4301 1459 4356 fuisset
1489 4303 1702 4373 objicis,
1737 4320 1835 4359 nec
1877 4307 2045 4360 Athe—

458 4388 675 4443 nienses
705 4390 805 4443 hac
851 4390 903 4443 in
942 4407 998 4445 re
1027 4393 1109 4446 vis
1162 4393 1388 4458 imitari,
1436 4402 1545 4447 uta
1589 4396 1821 4450 crimine
1872 4400 2046 4451 virum

2155 3220 2284 3341 τὲ)ὺὲ
2320 3220 2589 3361 Ἴῆλληνας
2628 3218 2800 3282 οὕτως
2849 3218 2924 3281 ὡς
2978 3219 3145 3287 ἐγγὺς
3189 3218 3282 3270 τοῦ
3330 3220 3589 3271 τεθνάναι
3643 3235 3735 3286 γε·

2157 3307 2184 3342 ν
2223 3307 2252 3340 σ
2290 3308 2364 3344 αι.

2157 3307 2364 3344 νεσυαι.

2226 3383 2368 3451 Nil“
2401 3382 2498 3435 Δία
2554 3381 2670 3435 ἀλλ’
2704 3381 3115 3452 ἐξωστράκισαν
3158 3381 3345 3446 αὐτὸν,
3387 3382 3538 3445 ὅπως
3573 3381 3735 3434 αὑτοῦ

2154 3475 2286 3528 δέκα
2302 3477 2346 3506 ³⁸
2376 3476 2514 3528 ἐτῶν
2541 3476 2639 3544 τῆς
2674 3477 2858 3545 φωνῆς
2887 3474 2961 3544 μὴ
2990 3475 3299 3529 ἀκούσειαν.
3354 3476 3463 3527 Καὶ
3484 3475 3650 3528 πάλιν
3672 3492 3733 3543 γε

2155 3567 2496 3636 κατήγαγον,
2531 3570 2661 3636 πρὶν
2688 3570 2754 3620 τὰ
2783 3567 2914 3619 δέκα
2941 3566 3157 3636 ἐξήκειν
3180 3567 3296 3637 ἐτη,
3324 3568 3412 3620 ἵνα
3440 3567 3609 3620 αὑτοῦ
3636 3568 3733 3634 τῆς

2156 3657 2338 3726 φωνῆς
2352 3658 2396 3690 ⁸³
2444 3658 2763 3713 ἀκούσειαν.
2793 3657 2978 3721 Οὕτως
3007 3658 3299 3728 ἐπόθησαν.
3334 3660 3405 3712 Σὺ
3435 3660 3494 3711 δὲ
3526 3661 3602 3721 ὡς
3636 3660 3731 3727 μὲν

2154 3748 2527 3813 κατέγνωσαν,
2546 3749 2747 3816 λέγεις,
2783 3752 2859 3812 ὡς
2884 3749 2940 3802 δὲ
2968 3751 3341 3819 μετέγνωσαν,
3370 3752 3472 3804 ούκ
3502 3752 3727 3821 ἐνθυμῇ.

2154 3842 2264 3894 Kal
2285 3841 2321 3894 ἃ
2354 3841 2452 3912 μὲν
2484 3843 2545 3894 οὐ
2566 3842 2792 3905 δικαίως
2820 3842 3154 3913 ἐψηφίσαντο
3172 3844 3217 3874 ⁶⁰
3237 3847 3355 3897 κατ’
3382 3846 3732 3914 ἀμφοτέρων,

2154 3931 2331 4000 λέγεις
2353 3933 2418 3996 ⁸¹,
2451 3931 2487 3985 ὃ.
2512 3932 2568 3984 δέ
2595 3932 2772 4004 ὀρθῶς
2800 3934 3219 3999 ἐϐουλεύσαντο,
3247 3937 3344 4005 ούχ
3370 3937 3476 4005 ἡγῇ
3500 3938 3615 3997 τοῖς
3638 3937 3735 4004 μὲν

2153 4024 2476 4094 προαχθεῖσι
2517 4025 2849 4096 παραίτησιν
2869 4026 2966 4096 τῷ,
3008 4027 3065 4080 δὲ
3103 4027 3357 4097 ἀφεθέντι
3390 4030 3661 4097 μεγίστην
3685 4028 3734 4057 ⁸⁸

2155 4117 2341 4170 πίστιν
2385 4118 2488 4188 τῆς
2533 4120 2736 4189 αρετῆς
2784 4119 2951 4189 ἔχειν.
3006 4121 3115 4174 Καὶ
3158 4120 3234 4184 ὡς
3291 4120 3490 4184 ἔοικεν,
3532 4123 3583 4173 οί
3636 4121 3735 4190 μὲν

2154 4209 2522 4278 καταγνόντες
2554 4212 2710 4263 αὐτοὶ
2740 4211 3091 4281 μετέγνωσαν
3133 4214 3225 4266 καὶ
3256 4213 3355 4265 οὐκ
3394 4213 3617 4281 ἔμειναν
3648 4215 3734 4280 ἐφ’

2153 4295 2229 4355 ὧν
2251 4303 2497 4371 ἔγνωσαν
2532 4304 2589 4370 ἐξ
2618 4304 2814 4375 ἀρχῆς,
2864 4306 2928 4357 σὺ
2958 4303 3014 4357 δὲ
3044 4305 3233 4375 ὥσπερ
3270 4323 3322 4357 τι
3355 4305 3543 4375 κύριον
3572 4305 3731 4373 ἐγκέ-

2154 4394 2382 4465 κληκας,
2430 4395 2525 4447 καὶ
2575 4397 2676 4447 οὐκ
2728 4396 2969 4464 ἠξίωσας
3002 4394 3176 4467 ταύτῃ
3230 4397 3575 4467 μιμήσασθαι
3606 4399 3734 4458 τοὺς

456 4481 709 4537 absolvas
740 4499 753 4537 :
786 4498 973 4537 verum
999 4485 1043 4538 si
1077 4484 1208 4553 quid
1240 4486 1492 4539 acerbius
1518 4487 1616 4556 ipsi
1643 4486 1910 4553 fecerunt,
1944 4490 2047 4543 hoc

2167 4484 2486 4557 Ἀθηναίους
2507 4527 2521 4551 ,
2558 4490 2716 4556 ἀφεὶς
2747 4489 2837 4541 τὸν
2866 4490 3035 4558 ἄνδρα
3072 4490 3173 4557 τῆς
3202 4490 3399 4557 αἰτίας,
3437 4489 3554 4542 ἀλλ’
3579 4490 3606 4542 ὃ
3635 4490 3731 4559 μὲν

457 4574 713 4642 imitaris,
753 4576 963 4631 omittis
1002 4577 1232 4644 reliqua,
1277 4578 1463 4643 Quid?
1491 4595 1601 4649 quo
1652 4580 1822 4636 multo
1877 4583 2047 4649 majus

458 4674 543 4718 est
604 4674 659 4719 et
720 4664 1008 4734 gloriosius
1067 4665 1263 4737 4261)
1322 4667 1559 4737 ejectum
1612 4669 1810 4731 redire,
1883 4686 2047 4741 quam

462 4770 683 4822 prorsus
714 4772 819 4809 non
852 4759 998 4824 ejici.
1045 4757 1183 4812 Nam
1234 4771 1283 4814 ut
1319 4762 1421 4814 hoc
1456 4762 1619 4815 etiam
1643 4762 1872 4818 cuilibet
1917 4780 2051 4818 con-

461 4846 642 4914 tingit,
691 4847 764 4899 ita
811 4847 941 4901 illud
983 4865 1087 4904 non
1145 4861 1266 4903 erat
1316 4852 1580 4905 omnium.
1618 4853 1793 4922 Atque
1838 4863 1898 4907 ut
1948 4855 2051 4909 hoc

461 4934 692 4991 fortuna:
746 4937 870 5004 quis
930 4938 1198 5006 potuisset
1250 4940 1508 5002 tribuere,
1576 4938 1646 4993 ita
1680 4940 1783 4993 nisi
1831 4941 2052 5010 reliquis

464 5027 818 5097 praestantior
849 5026 1066 5082 habitus
1096 5028 1310 5093 fuisset,
1342 5029 1469 5082 illud
1503 5030 1554 5083 ei
1578 5046 1683 5085 nou
1708 5032 2049 5100 contigissel.

464 5122 533 5179 Ut
560 5123 703 5176 enim
737 5122 861 5191 quis
890 5120 1141 5188 ejiciatur
1167 5130 1260 5175 aut
1289 5123 1505 5177 exsulet
1533 5124 1735 5179 invidia
1778 5124 1927 5188 facit,
1965 5127 2047 5181 vel

460 5215 607 5270 aliud
634 5214 844 5281 simile;
878 5224 937 5267 ut
975 5223 1099 5267 ante
1132 5225 1347 5283 tempus
1382 5227 1687 5281 revocetur,
1726 5219 1859 5271 nihil
1903 5235 2043 5288 prae-

464 5319 545 5362 ter
572 5308 824 5363 virtutem
851 5304 1036 5369 elIicit,
1067 5317 1288 5376 prepter
1308 5322 1471 5376 quam
1507 5309 1653 5363 illum
1680 5322 1735 5364 et
1765 5312 2042 5365 absentem

2151 4575 2219 4651 ἦν
2253 4580 2634 4651 χαλεπώτερον
2664 4580 2844 4633 αὐτῶν
2868 4583 3148 4652 ἐμιμήσω,
3183 4583 3245 4635 τὸ
3280 4583 3336 4633 δὲ
3382 4582 3570 4635 λοιπὸν
3614 4584 3730 4634 εία-

2156 4689 2277 4733 σας.
2315 4671 2423 4723 Kal
2453 4671 2558 4741 μὴν
2577 4671 2621 4703 ⁵³
2654 4671 2789 4723 πολὺ
2821 4674 3006 4741 μεῖζον
3036 4674 3127 4724 ml
3163 4672 3379 4727 κάλλιον
3421 4675 3500 4735 εἰς
3531 4673 3730 4742 ἀρετῆς

2154 4763 2317 4829 λόγον
2370 4762 2674 4815 ἐκπεσόντα
2718 4761 3002 4816 κατελθεῖν
3047 4762 3080 4833 ἢ
3129 4764 3202 4833 μὴ
3234 4766 3428 4831 φυγεῖν
3456 4764 3610 4826 ὅλως.
3661 4765 3729 4816 Τὸ

2160 4855 2259 4922 μὲν
2295 4853 2404 4922 γὰρ
2426 4856 2521 4905 καὶ
2554 4856 2669 4916 τοῖς
2696 4852 2948 4923 τυχοῦσιν
2981 4854 3214 4924 ὑπάρχει
3247 4854 3309 4922 δή
3343 4871 3466 4918 που,
3498 4854 3653 4907 τοῦτο
3675 4855 3727 4906 δὲ

2149 4946 2212 4997 ού
2244 4945 2387 4998 κατὰ
2415 4945 2544 5008 τοὺς
2596 4944 2826 5008 πολλοὺς
2866 4947 3068 5015 ἄνδρας
3113 4942 3214 5016 ἦν’
3266 4948 3486 4999 κάκεῖνο
3529 4947 3628 5016 μὲν
3666 4947 3728 4999 ἂν

2150 5040 2215 5108 τῇ
2269 5036 2407 5107 τύχῃ
2446 5054 2533 5099 τις
2584 5032 2698 5106 εἶχε
2728 5037 3039 5103 λογίζεσθαι
3057 5038 3123 5102 ⁸⁸,
3154 5038 3311 5091 τοῦτο
3347 5040 3405 5091 δὲ
3433 5039 3513 5108 τῷ
3549 5040 3729 5107 κρείτ-

2151 5145 2281 5181 τονα
2306 5128 2338 5199 ἢ
2372 5128 2516 5181 κατὰ
2543 5130 2671 5192 τοὺς
2691 5129 2882 5193 ἄλλους
2907 5131 3035 5183 ὅντα
3060 5131 3481 5198 γιγνώσκεσθαι.
3499 5131 3602 5183 Τοῦ
3633 5131 3728 5199 μὲν
3756 5119 3765 5124 ’

2152 5225 2260 5291 γὰρ
2293 5223 2549 5273 ἐκπεσεῖν
2585 5223 2680 5273 καὶ
2712 5222 2936 5289 φεύγειν
2962 5223 3154 5289 φθόνος
3178 5224 3349 5287 αἴτιος
3377 5224 3471 5276 καὶ
3499 5224 3639 5292 τάχα
3664 5224 3728 5275 ἄν

2156 5331 2205 5365 τι
2239 5314 2333 5365 καὶ
2360 5314 2491 5366 ἄλλο
2523 5313 2736 5366 τοιοῦτο
2751 5315 2796 5344 ⁶⁵
2847 5314 3043 5384 φανείη
3074 5356 3087 5379 ,
3122 5315 3220 5385 τῆς
3257 5316 3312 5368 δὲ
3339 5316 3444 5386 πρὸ
3480 5315 3573 5367 τοῦ
3602 5316 3729 5385 χρό-

1782 5466 2015 5521 VAltle
2056 5466 2461 5524 LECTIONES.

528 5582 575 5653 ⁸9
611 5581 788 5634 πλέων
808 5584 875 5636 Α.
950 5581 993 5613 ⁸¹
1035 5581 1194 5653 λόγον
1216 5599 1325 5637 om.
1365 5584 1430 5637 Α.
1509 5583 1613 5653 “ﬁ
1650 5599 1759 5639 0m.
1793 5584 1857 5639 A.

463 5652 782 5720 πράγματος
804 5680 873 5692 -—
902 5652 1387 5721 κατεσυλλογίσατο
1410 5655 1462 5707 in
1507 5652 1613 5722 mg.
1649 5657 1796 5721 ponit
1824 5655 1889 5707 A.

459 5721 733 5795 Ettb‘vAQIIl.
910 5722 955 5795 ’ξ
982 5723 1084 5795 τὴν
1114 5724 1298 5795 φωνὴν
1325 5724 1392 5779 Α.

463 5802 517 5854 p.
549 5789 678 5842 264.
754 5791 801 5820 ⁸⁸
824 5790 1139 5857 λογίσασθαι
1172 5808 1231 5855 ς’.
1253 5789 1266 5795 ’
1310 5795 1354 5825 ⁸⁵
1384 5790 1591 5846 τοιοῦτο
1618 5789 1725 5847 om}
1752 5789 1816 5847 A'.

1935 5586 2059 5661 "fi
2108 5584 2239 5661 γᾴρ]
2269 5585 2601 5661 βκῖὅότμδδ
2625 5588 2721 5661 καὶ,
2745 5586 3250 5661 οὖτωῌπλανήσεται
3279 5607 3387 5646 om.
3420 5590 3484 5645 A.
3556 5590 3731 5661 ξέτοῦ

1969 5656 2013 5688 ⁵⁸
2042 5655 2335 5727 τοιούτους]
2371 5674 2421 5724 p.
2446 5657 2572 5712 261.

1486 5723 1531 5793 ⁶Α⁰
1563 5727 2000 5793 κατεψηφίσαντο
2026 5745 2087 5790 ς’.

3528 5659 3574 5691 ⁵⁸
3600 5660 3733 5712 δέκα

3388 5732 3433 5764 ⁸⁸
3458 5730 3550 5785 καὶ
3602 5732 3732 5801 μὴν]

2677 5659 2722 5689 ⁸⁷
2757 5659 2822 5727 νὴ
2854 5658 2951 5711 Δία
2985 5662 3060 5729 (p.
3082 5658 3212 5729 265)
3234 5678 3341 5717 om.
3372 5663 3436 5713 Α.

2166 5729 2206 5759 ⁶²
2238 5727 2438 5799 λέγεις]
2475 5728 2715 5800 λοιδορηῖ
2760 5730 2827 5780 Α.
2906 5731 2951 5761 ⁸³
2974 5727 3219 5802 μεγάλην
3247 5733 3310 5786 Α.
