  <div class='ocr_page' id='page_1' title='image "/cluster/home/n/w/nwhite01/storage/ocr_20150623/103:no.3/coo.31924054870070/786.png"; bbox 0 0 3960 6460; ppageno 0'>
   <div class='ocr_carea' id='block_1_1' title="bbox 283 412 419 477">
    <p class='ocr_par' dir='ltr' id='par_1_1' title="bbox 283 412 419 477">
     <span class='ocr_line' id='line_1_1' title="bbox 283 412 419 477; baseline -0.007 -2"><span class='ocrx_word' id='word_1_1' title='bbox 283 412 419 477; x_wconf 76' lang='grc'><strong>1541</strong></span> 
     </span>
    </p>
   </div>
   <div class='ocr_carea' id='block_1_2' title="bbox 1320 406 2484 469">
    <p class='ocr_par' dir='ltr' id='par_1_2' title="bbox 1320 406 2484 469">
     <span class='ocr_line' id='line_1_2' title="bbox 1320 406 2484 469; baseline 0 -1"><span class='ocrx_word' id='word_1_2' title='bbox 1320 408 1915 469; x_wconf 81' lang='lat' dir='ltr'><strong>BIBLIOTHECA.—-</strong></span> <span class='ocrx_word' id='word_1_3' title='bbox 1936 406 2097 466; x_wconf 89' lang='lat' dir='ltr'><strong>COD.</strong></span> <span class='ocrx_word' id='word_1_4' title='bbox 2129 406 2484 468; x_wconf 83' lang='lat' dir='ltr'><strong>CCXLVIII.</strong></span> 
     </span>
    </p>
   </div>
   <div class='ocr_carea' id='block_1_3' title="bbox 3410 408 3546 473">
    <p class='ocr_par' dir='ltr' id='par_1_3' title="bbox 3410 408 3546 473">
     <span class='ocr_line' id='line_1_3' title="bbox 3410 408 3546 473; baseline 0.015 -2"><span class='ocrx_word' id='word_1_5' title='bbox 3410 408 3546 473; x_wconf 75' lang='grc'><strong>1542</strong></span> 
     </span>
    </p>
   </div>
   <div class='ocr_carea' id='block_1_4' title="bbox 278 514 1859 590">
    <p class='ocr_par' dir='ltr' id='par_1_4' title="bbox 278 517 1859 590">
     <span class='ocr_line' id='line_1_4' title="bbox 278 517 1859 590; baseline -0.004 -15"><span class='ocrx_word' id='word_1_6' title='bbox 278 541 376 575; x_wconf 83' lang='grc' dir='ltr'><strong>νου</strong></span> <span class='ocrx_word' id='word_1_7' title='bbox 433 523 675 590; x_wconf 76' lang='grc' dir='ltr'>κλήσεως</span> <span class='ocrx_word' id='word_1_8' title='bbox 730 520 825 573; x_wconf 74' lang='grc' dir='ltr'><strong>καὶ</strong></span> <span class='ocrx_word' id='word_1_9' title='bbox 870 517 1269 588; x_wconf 76' lang='grc' dir='ltr'>παρακλήσεως</span> <span class='ocrx_word' id='word_1_10' title='bbox 1312 517 1469 570; x_wconf 76' lang='grc' dir='ltr'>οὐδέν</span> <span class='ocrx_word' id='word_1_11' title='bbox 1523 517 1635 570; x_wconf 75' lang='grc' dir='ltr'>ἐσθ’</span> <span class='ocrx_word' id='word_1_12' title='bbox 1678 518 1859 586; x_wconf 71' lang='grc' dir='ltr'>ἕτερον</span> 
     </span>
    </p>
   </div>
   <div class='ocr_carea' id='block_1_5' title="bbox 1965 514 3543 590">
    <p class='ocr_par' dir='ltr' id='par_1_5' title="bbox 1970 514 3543 579">
     <span class='ocr_line' id='line_1_5' title="bbox 1970 514 3543 579; baseline 0.002 -12"><span class='ocrx_word' id='word_1_13' title='bbox 1970 522 2095 567; x_wconf 88' lang='lat' dir='ltr'><strong>sunt</strong></span> <span class='ocrx_word' id='word_1_14' title='bbox 2120 515 2361 579; x_wconf 84' lang='lat' dir='ltr'><strong>reveriti,</strong></span> <span class='ocrx_word' id='word_1_15' title='bbox 2393 524 2468 579; x_wconf 90' lang='lat' dir='ltr'><strong>et,</strong></span> <span class='ocrx_word' id='word_1_16' title='bbox 2493 522 2552 568; x_wconf 91' lang='lat' dir='ltr'><strong>ut</strong></span> <span class='ocrx_word' id='word_1_17' title='bbox 2577 514 2813 579; x_wconf 86' lang='lat' dir='ltr'><strong>adesset,</strong></span> <span class='ocrx_word' id='word_1_18' title='bbox 2843 530 2874 569; x_wconf 93' lang='lat' dir='ltr'><strong>e</strong></span> <span class='ocrx_word' id='word_1_19' title='bbox 2904 528 2961 570; x_wconf 89' lang='lat' dir='ltr'><strong>re</strong></span> <span class='ocrx_word' id='word_1_20' title='bbox 2990 528 3088 569; x_wconf 86' lang='lat' dir='ltr'><strong>sua</strong></span> <span class='ocrx_word' id='word_1_21' title='bbox 3117 514 3234 569; x_wconf 91' lang='lat' dir='ltr'><strong>fore</strong></span> <span class='ocrx_word' id='word_1_22' title='bbox 3258 516 3543 571; x_wconf 80' lang='lat' dir='ltr'><strong>existima—</strong></span> 
     </span>
    </p>
   </div>
   <div class='ocr_carea' id='block_1_6' title="bbox 280 608 1864 683">
    <p class='ocr_par' dir='ltr' id='par_1_6' title="bbox 280 608 1864 683">
     <span class='ocr_line' id='line_1_6' title="bbox 280 608 1864 683; baseline -0.003 -17"><span class='ocrx_word' id='word_1_23' title='bbox 280 612 423 683; x_wconf 84' lang='grc' dir='ltr'>πλὴν</span> <span class='ocrx_word' id='word_1_24' title='bbox 454 615 553 682; x_wconf 85' lang='grc' dir='ltr'><strong>τῆς</strong></span> <span class='ocrx_word' id='word_1_25' title='bbox 579 612 783 680; x_wconf 80' lang='grc' dir='ltr'>ἀρετῆς</span> <span class='ocrx_word' id='word_1_26' title='bbox 813 608 1115 672; x_wconf 76' lang='grc' dir='ltr'>αἰτιᾶσθαι,</span> <span class='ocrx_word' id='word_1_27' title='bbox 1141 610 1208 662; x_wconf 81' lang='grc' dir='ltr'>δι’</span> <span class='ocrx_word' id='word_1_28' title='bbox 1231 610 1296 678; x_wconf 80' lang='grc' dir='ltr'>ἢν</span> <span class='ocrx_word' id='word_1_29' title='bbox 1324 610 1419 662; x_wconf 72' lang='grc' dir='ltr'><strong>καὶ</strong></span> <span class='ocrx_word' id='word_1_30' title='bbox 1451 610 1659 662; x_wconf 84' lang='grc' dir='ltr'>ἀπόντα</span> <span class='ocrx_word' id='word_1_31' title='bbox 1690 609 1864 678; x_wconf 77' lang='grc' dir='ltr'>ᾐσχύ-</span> 
     </span>
    </p>
   </div>
   <div class='ocr_carea' id='block_1_7' title="bbox 276 699 1859 771">
    <p class='ocr_par' dir='ltr' id='par_1_7' title="bbox 276 699 1859 771">
     <span class='ocr_line' id='line_1_7' title="bbox 276 699 1859 771; baseline -0.002 -15"><span class='ocrx_word' id='word_1_32' title='bbox 276 722 434 756; x_wconf 84' lang='grc' dir='ltr'>νοντο</span> <span class='ocrx_word' id='word_1_33' title='bbox 475 704 570 754; x_wconf 76' lang='grc' dir='ltr'>καὶ</span> <span class='ocrx_word' id='word_1_34' title='bbox 605 702 919 771; x_wconf 78' lang='grc' dir='ltr'>παρεῖναι⁶⁶</span> <span class='ocrx_word' id='word_1_35' title='bbox 966 700 1269 753; x_wconf 77' lang='grc' dir='ltr'>λυσιτελεῖν</span> <span class='ocrx_word' id='word_1_36' title='bbox 1311 700 1494 761; x_wconf 81' lang='grc' dir='ltr'>αὐτοῖς</span> <span class='ocrx_word' id='word_1_37' title='bbox 1531 699 1859 769; x_wconf 80' lang='grc' dir='ltr'>ὑπελάμϐα-</span> 
     </span>
    </p>
   </div>
   <div class='ocr_carea' id='block_1_8' title="bbox 279 789 1864 862">
    <p class='ocr_par' dir='ltr' id='par_1_8' title="bbox 279 789 1864 862">
     <span class='ocr_line' id='line_1_8' title="bbox 279 789 1864 862; baseline -0.002 -16"><span class='ocrx_word' id='word_1_38' title='bbox 279 811 393 857; x_wconf 72' lang='grc' dir='ltr'>νον,</span> <span class='ocrx_word' id='word_1_39' title='bbox 440 794 535 846; x_wconf 71' lang='grc' dir='ltr'>καὶ</span> <span class='ocrx_word' id='word_1_40' title='bbox 578 794 636 843; x_wconf 74' lang='grc' dir='ltr'>τὺ</span> <span class='ocrx_word' id='word_1_41' title='bbox 676 793 950 862; x_wconf 81' lang='grc' dir='ltr'>μέγιστον,</span> <span class='ocrx_word' id='word_1_42' title='bbox 1007 793 1157 859; x_wconf 82' lang='grc' dir='ltr'>σφῶν</span> <span class='ocrx_word' id='word_1_43' title='bbox 1197 792 1377 844; x_wconf 85' lang='grc' dir='ltr'>αὐτῶν</span> <span class='ocrx_word' id='word_1_44' title='bbox 1426 789 1864 857; x_wconf 79' lang='grc' dir='ltr'><strong>καταγινώσκειν</strong></span> 
     </span>
    </p>
   </div>
   <div class='ocr_carea' id='block_1_9' title="bbox 285 881 1865 950">
    <p class='ocr_par' dir='ltr' id='par_1_9' title="bbox 285 881 1865 950">
     <span class='ocr_line' id='line_1_9' title="bbox 285 881 1865 950; baseline -0.001 -16"><span class='ocrx_word' id='word_1_45' title='bbox 285 882 488 949; x_wconf 79' lang='grc' dir='ltr'>μᾶλλον</span> <span class='ocrx_word' id='word_1_46' title='bbox 515 881 698 950; x_wconf 73' lang='grc' dir='ltr'>ἠξίουν</span> <span class='ocrx_word' id='word_1_47' title='bbox 723 882 753 949; x_wconf 81' lang='grc' dir='ltr'><strong>ἢ</strong></span> <span class='ocrx_word' id='word_1_48' title='bbox 788 881 1019 934; x_wconf 83' lang='grc' dir='ltr'>ἐκείνου.</span> <span class='ocrx_word' id='word_1_49' title='bbox 1049 882 1211 934; x_wconf 80' lang='grc' dir='ltr'>Ὥστε</span> <span class='ocrx_word' id='word_1_50' title='bbox 1236 882 1284 933; x_wconf 87' lang='grc' dir='ltr'><strong>εί</strong></span> <span class='ocrx_word' id='word_1_51' title='bbox 1317 881 1417 949; x_wconf 79' lang='grc' dir='ltr'>μὲν</span> <span class='ocrx_word' id='word_1_52' title='bbox 1443 881 1604 934; x_wconf 80' lang='grc' dir='ltr'>αὑτὸν</span> <span class='ocrx_word' id='word_1_53' title='bbox 1628 881 1711 948; x_wconf 76' lang='grc' dir='ltr'><strong>ἐφ’</strong></span> <span class='ocrx_word' id='word_1_54' title='bbox 1736 882 1865 933; x_wconf 81' lang='grc' dir='ltr'>ἐαυ-</span> 
     </span>
    </p>
   </div>
   <div class='ocr_carea' id='block_1_10' title="bbox 282 971 1861 1040">
    <p class='ocr_par' dir='ltr' id='par_1_10' title="bbox 282 971 1861 1040">
     <span class='ocr_line' id='line_1_10' title="bbox 282 971 1861 1040; baseline -0.002 -15"><span class='ocrx_word' id='word_1_55' title='bbox 282 975 377 1026; x_wconf 75' lang='grc' dir='ltr'><strong>τοῦ</strong></span> <span class='ocrx_word' id='word_1_56' title='bbox 419 974 501 1025; x_wconf 85' lang='grc' dir='ltr'><strong>δεῖ</strong></span> <span class='ocrx_word' id='word_1_57' title='bbox 531 976 778 1036; x_wconf 77' lang='grc' dir='ltr'>σκοπεῖν,</span> <span class='ocrx_word' id='word_1_58' title='bbox 805 972 855 1024; x_wconf 88' lang='grc' dir='ltr'><strong>τί</strong></span> <span class='ocrx_word' id='word_1_59' title='bbox 895 975 976 1026; x_wconf 84' lang='grc' dir='ltr'><strong>δεῖ</strong></span> <span class='ocrx_word' id='word_1_60' title='bbox 1003 973 1200 1040; x_wconf 80' lang='grc' dir='ltr'>λέγειν,</span> <span class='ocrx_word' id='word_1_61' title='bbox 1234 971 1393 1035; x_wconf 77' lang='grc' dir='ltr'>εἴτις</span> <span class='ocrx_word' id='word_1_62' title='bbox 1421 973 1501 1034; x_wconf 84' lang='grc' dir='ltr'>εἰς</span> <span class='ocrx_word' id='word_1_63' title='bbox 1526 973 1736 1024; x_wconf 84' lang='grc' dir='ltr'>ἐκεῖνον</span> <span class='ocrx_word' id='word_1_64' title='bbox 1769 971 1861 1034; x_wconf 73' lang='grc' dir='ltr'><strong>ἐξ·</strong></span> 
     </span>
    </p>
   </div>
   <div class='ocr_carea' id='block_1_11' title="bbox 282 1062 1862 1135">
    <p class='ocr_par' dir='ltr' id='par_1_11' title="bbox 282 1062 1862 1135">
     <span class='ocr_line' id='line_1_11' title="bbox 282 1062 1862 1135; baseline -0.003 -18"><span class='ocrx_word' id='word_1_65' title='bbox 282 1069 565 1135; x_wconf 82' lang='grc' dir='ltr'>ήμαρτεν;</span> <span class='ocrx_word' id='word_1_66' title='bbox 604 1068 650 1118; x_wconf 85' lang='grc' dir='ltr'>εἰ</span> <span class='ocrx_word' id='word_1_67' title='bbox 690 1066 747 1117; x_wconf 84' lang='grc' dir='ltr'><strong>δὲ</strong></span> <span class='ocrx_word' id='word_1_68' title='bbox 780 1065 885 1116; x_wconf 73' lang='grc' dir='ltr'>ἀπὸ</span> <span class='ocrx_word' id='word_1_69' title='bbox 914 1064 1024 1117; x_wconf 88' lang='grc' dir='ltr'><strong>τῶν</strong></span> <span class='ocrx_word' id='word_1_70' title='bbox 1054 1064 1229 1117; x_wconf 86' lang='grc' dir='ltr'>ἄλλων</span> <span class='ocrx_word' id='word_1_71' title='bbox 1268 1063 1431 1115; x_wconf 82' lang='grc' dir='ltr'>αὑτὸν</span> <span class='ocrx_word' id='word_1_72' title='bbox 1460 1063 1540 1115; x_wconf 87' lang='grc' dir='ltr'><strong>δεῖ</strong></span> <span class='ocrx_word' id='word_1_73' title='bbox 1566 1062 1862 1131; x_wconf 81' lang='grc' dir='ltr'>θεωρῆσαι,</span> 
     </span>
    </p>
   </div>
   <div class='ocr_carea' id='block_1_12' title="bbox 286 1148 1863 1224">
    <p class='ocr_par' dir='ltr' id='par_1_12' title="bbox 286 1148 1863 1224">
     <span class='ocr_line' id='line_1_12' title="bbox 286 1148 1863 1224; baseline -0.001 -17"><span class='ocrx_word' id='word_1_74' title='bbox 286 1154 654 1224; x_wconf 77' lang='grc' dir='ltr'>διαφερόντως</span> <span class='ocrx_word' id='word_1_75' title='bbox 686 1148 838 1216; x_wconf 69' lang='grc' dir='ltr'>οὗτος</span> <span class='ocrx_word' id='word_1_76' title='bbox 855 1154 899 1185; x_wconf 73' lang='grc'><strong>⁸⁷</strong></span> <span class='ocrx_word' id='word_1_77' title='bbox 933 1152 1185 1223; x_wconf 82' lang='grc' dir='ltr'>τιμηθεὶς</span> <span class='ocrx_word' id='word_1_78' title='bbox 1216 1152 1485 1222; x_wconf 79' lang='grc' dir='ltr'>φαίνεται.</span> <span class='ocrx_word' id='word_1_79' title='bbox 1527 1151 1687 1205; x_wconf 81' lang='grc' dir='ltr'>Ἀλλὰ</span> <span class='ocrx_word' id='word_1_80' title='bbox 1712 1152 1756 1184; x_wconf 75' lang='grc'><strong>⁵⁸</strong></span> <span class='ocrx_word' id='word_1_81' title='bbox 1789 1153 1863 1221; x_wconf 89' lang='grc' dir='ltr'>μή</span> 
     </span>
    </p>
   </div>
   <div class='ocr_carea' id='block_1_13' title="bbox 284 1245 1639 1316">
    <p class='ocr_par' dir='ltr' id='par_1_13' title="bbox 284 1245 1639 1316">
     <span class='ocr_line' id='line_1_13' title="bbox 284 1245 1639 1316; baseline 0.001 -18"><span class='ocrx_word' id='word_1_82' title='bbox 284 1262 375 1301; x_wconf 73' lang='grc' dir='ltr'><strong>πω</strong></span> <span class='ocrx_word' id='word_1_83' title='bbox 396 1248 572 1301; x_wconf 76' lang='grc' dir='ltr'>ταῦτα</span> <span class='ocrx_word' id='word_1_84' title='bbox 592 1263 606 1276; x_wconf 83' lang='grc'><strong>’</strong></span> <span class='ocrx_word' id='word_1_85' title='bbox 634 1248 833 1300; x_wconf 78' lang='grc' dir='ltr'>αὐτίκα</span> <span class='ocrx_word' id='word_1_86' title='bbox 860 1246 967 1316; x_wconf 84' lang='grc' dir='ltr'><strong>γὰρ</strong></span> <span class='ocrx_word' id='word_1_87' title='bbox 999 1246 1201 1315; x_wconf 83' lang='grc' dir='ltr'>μᾶλλον</span> <span class='ocrx_word' id='word_1_88' title='bbox 1230 1246 1360 1308; x_wconf 76' lang='grc' dir='ltr'>ἴσως</span> <span class='ocrx_word' id='word_1_89' title='bbox 1387 1245 1639 1315; x_wconf 79' lang='grc' dir='ltr'>ἁρμόσει.</span> 
     </span>
    </p>
   </div>
   <div class='ocr_carea' id='block_1_14' title="bbox 358 1359 1322 1431">
    <p class='ocr_par' dir='ltr' id='par_1_14' title="bbox 358 1359 1322 1431">
     <span class='ocr_line' id='line_1_14' title="bbox 358 1359 1322 1431; baseline -0.002 -18"><span class='ocrx_word' id='word_1_90' title='bbox 358 1361 594 1431; x_wconf 72' lang='grc' dir='ltr'>[Ἤγουν</span> <span class='ocrx_word' id='word_1_91' title='bbox 627 1362 684 1411; x_wconf 83' lang='grc' dir='ltr'><strong>ὲν</strong></span> <span class='ocrx_word' id='word_1_92' title='bbox 716 1363 779 1427; x_wconf 75' lang='grc' dir='ltr'>τῇ</span> <span class='ocrx_word' id='word_1_93' title='bbox 815 1361 968 1429; x_wconf 80' lang='grc' dir='ltr'>κοινῇ</span> <span class='ocrx_word' id='word_1_94' title='bbox 1007 1359 1322 1431; x_wconf 77' lang='grc' dir='ltr'>ἀπο).ογίᾳ.]</span> 
     </span>
    </p>
   </div>
   <div class='ocr_carea' id='block_1_15' title="bbox 334 1449 1814 1524">
    <p class='ocr_par' dir='ltr' id='par_1_15' title="bbox 334 1449 1814 1524">
     <span class='ocr_line' id='line_1_15' title="bbox 334 1449 1814 1524; baseline -0.003 -19"><span class='ocrx_word' id='word_1_95' title='bbox 334 1453 464 1524; x_wconf 68' lang='grc'><strong>[695</strong></span> <span class='ocrx_word' id='word_1_96' title='bbox 503 1449 595 1521; x_wconf 79' lang='grc' dir='ltr'><strong>Π.]</strong></span> <span class='ocrx_word' id='word_1_97' title='bbox 628 1450 797 1518; x_wconf 83' lang='grc' dir='ltr'><strong>Ὑπὲρ</strong></span> <span class='ocrx_word' id='word_1_98' title='bbox 835 1449 1160 1505; x_wconf 76' lang='grc' dir='ltr'><strong>Μιλτιάδου</strong></span> <span class='ocrx_word' id='word_1_99' title='bbox 1185 1450 1252 1503; x_wconf 73' lang='lat'><strong>‘9.</strong></span> <span class='ocrx_word' id='word_1_100' title='bbox 1278 1481 1345 1491; x_wconf 78' lang='lat'><strong>-—-</strong></span> <span class='ocrx_word' id='word_1_101' title='bbox 1373 1450 1441 1505; x_wconf 77' lang='grc' dir='ltr'><em>Τὸ</em></span> <span class='ocrx_word' id='word_1_102' title='bbox 1479 1451 1814 1517; x_wconf 82' lang='grc' dir='ltr'><strong>Προοίμιον.</strong></span> 
     </span>
    </p>
   </div>
   <div class='ocr_carea' id='block_1_16' title="bbox 356 1540 1866 1612">
    <p class='ocr_par' dir='ltr' id='par_1_16' title="bbox 356 1540 1866 1612">
     <span class='ocr_line' id='line_1_16' title="bbox 356 1540 1866 1612; baseline -0.001 -17"><span class='ocrx_word' id='word_1_103' title='bbox 356 1542 679 1612; x_wconf 82' lang='grc' dir='ltr'>Περιήκει⁷⁰</span> <span class='ocrx_word' id='word_1_104' title='bbox 707 1542 750 1593; x_wconf 90' lang='grc' dir='ltr'>δ’</span> <span class='ocrx_word' id='word_1_105' title='bbox 785 1544 915 1611; x_wconf 81' lang='grc' dir='ltr'>ἡμῖν</span> <span class='ocrx_word' id='word_1_106' title='bbox 962 1544 990 1594; x_wconf 85' lang='grc' dir='ltr'>ὁ</span> <span class='ocrx_word' id='word_1_107' title='bbox 1031 1541 1189 1608; x_wconf 88' lang='grc' dir='ltr'>λόγος</span> <span class='ocrx_word' id='word_1_108' title='bbox 1228 1543 1305 1604; x_wconf 85' lang='grc' dir='ltr'>εἰς</span> <span class='ocrx_word' id='word_1_109' title='bbox 1337 1540 1499 1595; x_wconf 76' lang='grc' dir='ltr'>αὑτὸν</span> <span class='ocrx_word' id='word_1_110' title='bbox 1522 1541 1613 1593; x_wconf 78' lang='grc' dir='ltr'>τὸν</span> <span class='ocrx_word' id='word_1_111' title='bbox 1635 1540 1866 1594; x_wconf 81' lang='grc' dir='ltr'>Μιλτιά-</span> 
     </span>
    </p>
   </div>
   <div class='ocr_carea' id='block_1_17' title="bbox 279 1632 1862 1703">
    <p class='ocr_par' dir='ltr' id='par_1_17' title="bbox 279 1632 1862 1703">
     <span class='ocr_line' id='line_1_17' title="bbox 279 1632 1862 1703; baseline -0.001 -16"><span class='ocrx_word' id='word_1_112' title='bbox 279 1636 401 1703; x_wconf 89' lang='grc' dir='ltr'>δην,</span> <span class='ocrx_word' id='word_1_113' title='bbox 431 1635 489 1687; x_wconf 87' lang='grc' dir='ltr'>ὃν</span> <span class='ocrx_word' id='word_1_114' title='bbox 521 1632 632 1701; x_wconf 81' lang='grc' dir='ltr'>ἐγὼ</span> <span class='ocrx_word' id='word_1_115' title='bbox 685 1633 888 1702; x_wconf 81' lang='grc' dir='ltr'>μᾶλλον</span> <span class='ocrx_word' id='word_1_116' title='bbox 918 1634 1276 1703; x_wconf 75' lang='grc' dir='ltr'>αἰσχυνοίμην</span> <span class='ocrx_word' id='word_1_117' title='bbox 1318 1633 1559 1685; x_wconf 83' lang='grc' dir='ltr'>ἐπαινῶν</span> <span class='ocrx_word' id='word_1_118' title='bbox 1593 1633 1623 1703; x_wconf 84' lang='grc' dir='ltr'>ἢ</span> <span class='ocrx_word' id='word_1_119' title='bbox 1658 1632 1862 1701; x_wconf 62' lang='grc' dir='ltr'>ψέγων</span> 
     </span>
    </p>
   </div>
   <div class='ocr_carea' id='block_1_18' title="bbox 276 1724 1860 1795">
    <p class='ocr_par' dir='ltr' id='par_1_18' title="bbox 276 1724 1860 1795">
     <span class='ocr_line' id='line_1_18' title="bbox 276 1724 1860 1795; baseline 0.001 -17"><span class='ocrx_word' id='word_1_120' title='bbox 276 1727 427 1778; x_wconf 73' lang='grc' dir='ltr'>οὕτω</span> <span class='ocrx_word' id='word_1_121' title='bbox 460 1743 550 1795; x_wconf 83' lang='grc' dir='ltr'><strong>μοι</strong></span> <span class='ocrx_word' id='word_1_122' title='bbox 574 1724 716 1778; x_wconf 89' lang='grc' dir='ltr'>δοκῶ</span> <span class='ocrx_word' id='word_1_123' title='bbox 741 1724 920 1777; x_wconf 78' lang='grc' dir='ltr'>πάντα</span> <span class='ocrx_word' id='word_1_124' title='bbox 948 1724 1013 1777; x_wconf 82' lang='grc' dir='ltr'><strong>ἂν</strong></span> <span class='ocrx_word' id='word_1_125' title='bbox 1040 1724 1263 1777; x_wconf 71' lang='grc' dir='ltr'>ἔλαττον</span> <span class='ocrx_word' id='word_1_126' title='bbox 1293 1726 1469 1777; x_wconf 85' lang='grc' dir='ltr'>εἰπεῖν</span> <span class='ocrx_word' id='word_1_127' title='bbox 1505 1724 1538 1793; x_wconf 82' lang='grc' dir='ltr'>ἢ</span> <span class='ocrx_word' id='word_1_128' title='bbox 1575 1724 1860 1793; x_wconf 88' lang='grc' dir='ltr'>βούλομαι.</span> 
     </span>
    </p>
   </div>
   <div class='ocr_carea' id='block_1_19' title="bbox 1970 606 3546 675">
    <p class='ocr_par' dir='ltr' id='par_1_19' title="bbox 1970 606 3546 675">
     <span class='ocr_line' id='line_1_19' title="bbox 1970 606 3546 675; baseline 0.003 -18"><span class='ocrx_word' id='word_1_129' title='bbox 1970 614 2116 671; x_wconf 88' lang='lat' dir='ltr'><strong>runt,</strong></span> <span class='ocrx_word' id='word_1_130' title='bbox 2147 607 2399 674; x_wconf 83' lang='lat' dir='ltr'><strong>quodque</strong></span> <span class='ocrx_word' id='word_1_131' title='bbox 2424 616 2507 659; x_wconf 87' lang='lat' dir='ltr'><strong>est</strong></span> <span class='ocrx_word' id='word_1_132' title='bbox 2524 606 2764 660; x_wconf 90' lang='lat' dir='ltr'><strong>omnium</strong></span> <span class='ocrx_word' id='word_1_133' title='bbox 2788 609 3106 670; x_wconf 82' lang='lat' dir='ltr'><strong>maximum,</strong></span> <span class='ocrx_word' id='word_1_134' title='bbox 3131 606 3340 675; x_wconf 87' lang='lat' dir='ltr'><strong>seipsos</strong></span> <span class='ocrx_word' id='word_1_135' title='bbox 3366 609 3546 674; x_wconf 90' lang='lat' dir='ltr'><strong>potius</strong></span> 
     </span>
    </p>
   </div>
   <div class='ocr_carea' id='block_1_20' title="bbox 1968 694 3545 764">
    <p class='ocr_par' dir='ltr' id='par_1_20' title="bbox 1968 694 3545 764">
     <span class='ocr_line' id='line_1_20' title="bbox 1968 694 3545 764; baseline 0.003 -18"><span class='ocrx_word' id='word_1_136' title='bbox 1968 710 2131 761; x_wconf 89' lang='lat' dir='ltr'><strong>quam</strong></span> <span class='ocrx_word' id='word_1_137' title='bbox 2164 695 2310 749; x_wconf 92' lang='lat' dir='ltr'><strong>illum</strong></span> <span class='ocrx_word' id='word_1_138' title='bbox 2343 696 2708 750; x_wconf 84' lang='lat' dir='ltr'><strong>condemnare</strong></span> <span class='ocrx_word' id='word_1_139' title='bbox 2746 696 3070 749; x_wconf 84' lang='lat' dir='ltr'><strong>maluerunt.</strong></span> <span class='ocrx_word' id='word_1_140' title='bbox 3102 694 3278 761; x_wconf 86' lang='lat' dir='ltr'><strong>Quare</strong></span> <span class='ocrx_word' id='word_1_141' title='bbox 3307 696 3421 750; x_wconf 84' lang='lat' dir='ltr'><strong>sive</strong></span> <span class='ocrx_word' id='word_1_142' title='bbox 3448 712 3545 764; x_wconf 88' lang='lat' dir='ltr'><strong>per</strong></span> 
     </span>
    </p>
   </div>
   <div class='ocr_carea' id='block_1_21' title="bbox 1967 781 3546 849">
    <p class='ocr_par' dir='ltr' id='par_1_21' title="bbox 1967 781 3546 849">
     <span class='ocr_line' id='line_1_21' title="bbox 1967 781 3546 849; baseline -0.002 -12"><span class='ocrx_word' id='word_1_143' title='bbox 1967 798 2025 837; x_wconf 89' lang='lat' dir='ltr'><strong>se</strong></span> <span class='ocrx_word' id='word_1_144' title='bbox 2054 785 2134 835; x_wconf 90' lang='lat' dir='ltr'><strong>vir</strong></span> <span class='ocrx_word' id='word_1_145' title='bbox 2169 792 2250 836; x_wconf 87' lang='lat' dir='ltr'><strong>est</strong></span> <span class='ocrx_word' id='word_1_146' title='bbox 2294 783 2743 843; x_wconf 85' lang='lat' dir='ltr'><strong>considerandus,</strong></span> <span class='ocrx_word' id='word_1_147' title='bbox 2790 798 2906 844; x_wconf 88' lang='lat' dir='ltr'><strong>cur,</strong></span> <span class='ocrx_word' id='word_1_148' title='bbox 2949 782 2991 835; x_wconf 90' lang='lat' dir='ltr'><strong>si</strong></span> <span class='ocrx_word' id='word_1_149' title='bbox 3024 781 3149 849; x_wconf 88' lang='lat' dir='ltr'><strong>quid</strong></span> <span class='ocrx_word' id='word_1_150' title='bbox 3178 781 3230 835; x_wconf 91' lang='lat' dir='ltr'><strong>in</strong></span> <span class='ocrx_word' id='word_1_151' title='bbox 3261 794 3388 834; x_wconf 90' lang='lat' dir='ltr'><strong>eum</strong></span> <span class='ocrx_word' id='word_1_152' title='bbox 3421 782 3546 849; x_wconf 86' lang='lat' dir='ltr'><strong>quis</strong></span> 
     </span>
    </p>
   </div>
   <div class='ocr_carea' id='block_1_22' title="bbox 1968 870 3543 941">
    <p class='ocr_par' dir='ltr' id='par_1_22' title="bbox 1968 870 3543 941">
     <span class='ocr_line' id='line_1_22' title="bbox 1968 870 3543 941; baseline -0.003 -14"><span class='ocrx_word' id='word_1_153' title='bbox 1968 875 2232 941; x_wconf 78' lang='lat' dir='ltr'><strong>peccavit,</strong></span> <span class='ocrx_word' id='word_1_154' title='bbox 2286 871 2672 926; x_wconf 85' lang='lat' dir='ltr'><strong>recensemus?</strong></span> <span class='ocrx_word' id='word_1_155' title='bbox 2712 872 2823 925; x_wconf 87' lang='lat' dir='ltr'><strong>sive</strong></span> <span class='ocrx_word' id='word_1_156' title='bbox 2867 887 2932 924; x_wconf 77' lang='lat' dir='ltr'><strong>ex</strong></span> <span class='ocrx_word' id='word_1_157' title='bbox 2985 872 3125 935; x_wconf 88' lang='lat' dir='ltr'><strong>aliis,</strong></span> <span class='ocrx_word' id='word_1_158' title='bbox 3176 870 3442 923; x_wconf 79' lang='lat' dir='ltr'><strong>maximos</strong></span> <span class='ocrx_word' id='word_1_159' title='bbox 3490 871 3543 923; x_wconf 93' lang='lat' dir='ltr'><strong>in</strong></span> 
     </span>
    </p>
   </div>
   <div class='ocr_carea' id='block_1_23' title="bbox 1968 962 3542 1029">
    <p class='ocr_par' dir='ltr' id='par_1_23' title="bbox 1968 962 3542 1029">
     <span class='ocr_line' id='line_1_23' title="bbox 1968 962 3542 1029; baseline -0.001 -12"><span class='ocrx_word' id='word_1_160' title='bbox 1968 981 2089 1018; x_wconf 75' lang='lat' dir='ltr'><strong>l‘llm</strong></span> <span class='ocrx_word' id='word_1_161' title='bbox 2120 966 2355 1019; x_wconf 83' lang='lat' dir='ltr'><strong>honores</strong></span> <span class='ocrx_word' id='word_1_162' title='bbox 2391 965 2618 1018; x_wconf 85' lang='lat' dir='ltr'><strong>collatos</strong></span> <span class='ocrx_word' id='word_1_163' title='bbox 2661 964 2928 1017; x_wconf 77' lang='lat' dir='ltr'><strong>videmus.</strong></span> <span class='ocrx_word' id='word_1_164' title='bbox 2982 962 3088 1016; x_wconf 90' lang='lat' dir='ltr'><strong>Sed</strong></span> <span class='ocrx_word' id='word_1_165' title='bbox 3127 963 3363 1017; x_wconf 86' lang='lat' dir='ltr'><strong>nondum</strong></span> <span class='ocrx_word' id='word_1_166' title='bbox 3394 962 3542 1029; x_wconf 63' lang='lat' dir='ltr'><strong>haec;</strong></span> 
     </span>
    </p>
   </div>
   <div class='ocr_carea' id='block_1_24' title="bbox 1970 1055 3119 1125">
    <p class='ocr_par' dir='ltr' id='par_1_24' title="bbox 1970 1055 3119 1125">
     <span class='ocr_line' id='line_1_24' title="bbox 1970 1055 3119 1125; baseline -0.001 -17"><span class='ocrx_word' id='word_1_167' title='bbox 1970 1072 2090 1108; x_wconf 79' lang='lat' dir='ltr'><strong>mox</strong></span> <span class='ocrx_word' id='word_1_168' title='bbox 2122 1057 2267 1111; x_wconf 82' lang='lat' dir='ltr'><strong>enim</strong></span> <span class='ocrx_word' id='word_1_169' title='bbox 2298 1056 2470 1125; x_wconf 79' lang='lat' dir='ltr'><strong>magis</strong></span> <span class='ocrx_word' id='word_1_170' title='bbox 2493 1064 2650 1109; x_wconf 86' lang='lat' dir='ltr'><strong>erunt</strong></span> <span class='ocrx_word' id='word_1_171' title='bbox 2687 1055 2831 1108; x_wconf 79' lang='lat' dir='ltr'><strong>forte</strong></span> <span class='ocrx_word' id='word_1_172' title='bbox 2857 1068 3119 1121; x_wconf 78' lang='lat' dir='ltr'><strong>congrua.</strong></span> 
     </span>
    </p>
   </div>
   <div class='ocr_carea' id='block_1_25' title="bbox 2040 1359 3070 1433">
    <p class='ocr_par' dir='ltr' id='par_1_25' title="bbox 2040 1359 3070 1433">
     <span class='ocr_line' id='line_1_25' title="bbox 2040 1359 3070 1433; baseline 0.001 -19"><span class='ocrx_word' id='word_1_173' title='bbox 2040 1359 2287 1431; x_wconf 72' lang='lat' dir='ltr'><strong>{Scilicet</strong></span> <span class='ocrx_word' id='word_1_174' title='bbox 2324 1361 2374 1413; x_wconf 92' lang='lat' dir='ltr'><strong>in</strong></span> <span class='ocrx_word' id='word_1_175' title='bbox 2402 1362 2673 1415; x_wconf 90' lang='lat' dir='ltr'><strong>communi</strong></span> <span class='ocrx_word' id='word_1_176' title='bbox 2704 1361 3070 1433; x_wconf 55' lang='lat' dir='ltr'><strong>defensione,</strong></span> 
     </span>
    </p>
   </div>
   <div class='ocr_carea' id='block_1_26' title="bbox 2324 1451 3188 1508">
    <p class='ocr_par' dir='ltr' id='par_1_26' title="bbox 2324 1451 3188 1508">
     <span class='ocr_line' id='line_1_26' title="bbox 2324 1451 3188 1508; baseline 0.005 -4"><span class='ocrx_word' id='word_1_177' title='bbox 2324 1451 2401 1505; x_wconf 86' lang='lat' dir='ltr'><strong>De</strong></span> <span class='ocrx_word' id='word_1_178' title='bbox 2434 1452 2697 1505; x_wconf 77' lang='lat' dir='ltr'><strong>Miltiade.</strong></span> <span class='ocrx_word' id='word_1_179' title='bbox 2738 1484 2807 1493; x_wconf 88' lang='lat'><strong>-—</strong></span> <span class='ocrx_word' id='word_1_180' title='bbox 2842 1451 3188 1508; x_wconf 75' lang='lat' dir='ltr'><strong>Prowmium.</strong></span> 
     </span>
    </p>
   </div>
   <div class='ocr_carea' id='block_1_27' title="bbox 2038 1541 3545 1615">
    <p class='ocr_par' dir='ltr' id='par_1_27' title="bbox 2038 1541 3545 1615">
     <span class='ocr_line' id='line_1_27' title="bbox 2038 1541 3545 1615; baseline 0.005 -21"><span class='ocrx_word' id='word_1_181' title='bbox 2038 1541 2189 1595; x_wconf 88' lang='lat' dir='ltr'><strong>Nunc</strong></span> <span class='ocrx_word' id='word_1_182' title='bbox 2212 1551 2391 1595; x_wconf 78' lang='lat' dir='ltr'><strong>autem</strong></span> <span class='ocrx_word' id='word_1_183' title='bbox 2421 1544 2484 1594; x_wconf 87' lang='lat' dir='ltr'><strong>ad</strong></span> <span class='ocrx_word' id='word_1_184' title='bbox 2516 1541 2807 1596; x_wconf 87' lang='lat' dir='ltr'><strong>Miltiadem</strong></span> <span class='ocrx_word' id='word_1_185' title='bbox 2834 1545 2986 1596; x_wconf 82' lang='lat' dir='ltr'><strong>nobis</strong></span> <span class='ocrx_word' id='word_1_186' title='bbox 3011 1545 3149 1597; x_wconf 90' lang='lat' dir='ltr'><strong>redit</strong></span> <span class='ocrx_word' id='word_1_187' title='bbox 3170 1545 3361 1605; x_wconf 83' lang='lat' dir='ltr'><strong>oratio,</strong></span> <span class='ocrx_word' id='word_1_188' title='bbox 3383 1560 3545 1615; x_wconf 70' lang='lat' dir='ltr'><strong>quem</strong></span> 
     </span>
    </p>
   </div>
   <div class='ocr_carea' id='block_1_28' title="bbox 1967 1631 3541 1700">
    <p class='ocr_par' dir='ltr' id='par_1_28' title="bbox 1967 1631 3541 1700">
     <span class='ocr_line' id='line_1_28' title="bbox 1967 1631 3541 1700; baseline -0.001 -16"><span class='ocrx_word' id='word_1_189' title='bbox 1967 1646 2067 1699; x_wconf 86' lang='lat' dir='ltr'><strong>ego</strong></span> <span class='ocrx_word' id='word_1_190' title='bbox 2108 1631 2330 1683; x_wconf 69' lang='lat' dir='ltr'><strong>laudare</strong></span> <span class='ocrx_word' id='word_1_191' title='bbox 2375 1631 2557 1697; x_wconf 88' lang='lat' dir='ltr'><strong>potius</strong></span> <span class='ocrx_word' id='word_1_192' title='bbox 2586 1633 2850 1684; x_wconf 85' lang='lat' dir='ltr'><strong>erubesco</strong></span> <span class='ocrx_word' id='word_1_193' title='bbox 2889 1647 3051 1700; x_wconf 87' lang='lat' dir='ltr'><strong>quam</strong></span> <span class='ocrx_word' id='word_1_194' title='bbox 3105 1634 3541 1699; x_wconf 58' lang='lat' dir='ltr'><strong>reprehendero;</strong></span> 
     </span>
    </p>
   </div>
   <div class='ocr_carea' id='block_1_29' title="bbox 1968 1720 3542 1791">
    <p class='ocr_par' dir='ltr' id='par_1_29' title="bbox 1968 1720 3542 1791">
     <span class='ocr_line' id='line_1_29' title="bbox 1968 1720 3542 1791; baseline 0.003 -19"><span class='ocrx_word' id='word_1_195' title='bbox 1968 1720 2038 1772; x_wconf 89' lang='lat' dir='ltr'><strong>ita</strong></span> <span class='ocrx_word' id='word_1_196' title='bbox 2068 1721 2253 1774; x_wconf 90' lang='lat' dir='ltr'><strong>videor</strong></span> <span class='ocrx_word' id='word_1_197' title='bbox 2274 1723 2455 1774; x_wconf 88' lang='lat' dir='ltr'><strong>omnia</strong></span> <span class='ocrx_word' id='word_1_198' title='bbox 2480 1722 2686 1774; x_wconf 89' lang='lat' dir='ltr'><strong>minora</strong></span> <span class='ocrx_word' id='word_1_199' title='bbox 2714 1736 2875 1788; x_wconf 89' lang='lat' dir='ltr'><strong>quam</strong></span> <span class='ocrx_word' id='word_1_200' title='bbox 2902 1722 3115 1791; x_wconf 86' lang='lat' dir='ltr'><strong>cupiam</strong></span> <span class='ocrx_word' id='word_1_201' title='bbox 3141 1722 3384 1776; x_wconf 84' lang='lat' dir='ltr'><strong>dicturus</strong></span> <span class='ocrx_word' id='word_1_202' title='bbox 3401 1739 3542 1777; x_wconf 73' lang='lat' dir='ltr'><strong>esse.</strong></span> 
     </span>
    </p>
   </div>
   <div class='ocr_carea' id='block_1_30' title="bbox 277 1809 1859 1910">
    <p class='ocr_par' dir='ltr' id='par_1_30' title="bbox 277 1810 1859 1886">
     <span class='ocr_line' id='line_1_30' title="bbox 277 1810 1859 1886; baseline -0.002 -17"><span class='ocrx_word' id='word_1_203' title='bbox 277 1816 645 1885; x_wconf 74' lang='grc' dir='ltr'><strong>ΜιλτιάδηςἨ</strong></span> <span class='ocrx_word' id='word_1_204' title='bbox 677 1815 734 1868; x_wconf 86' lang='grc' dir='ltr'>δὲ</span> <span class='ocrx_word' id='word_1_205' title='bbox 767 1817 932 1869; x_wconf 85' lang='grc' dir='ltr'>πάλαι</span> <span class='ocrx_word' id='word_1_206' title='bbox 980 1815 1139 1886; x_wconf 68' lang='lat'>[1281</span> <span class='ocrx_word' id='word_1_207' title='bbox 1176 1813 1267 1884; x_wconf 65' lang='lat' dir='ltr'><strong>IL]</strong></span> <span class='ocrx_word' id='word_1_208' title='bbox 1298 1815 1577 1877; x_wconf 78' lang='grc' dir='ltr'>πεπεικὼς</span> <span class='ocrx_word' id='word_1_209' title='bbox 1599 1810 1666 1885; x_wconf 83' lang='grc' dir='ltr'>ἦν</span> <span class='ocrx_word' id='word_1_210' title='bbox 1702 1814 1859 1884; x_wconf 64' lang='grc' dir='ltr'>Ἀθηα</span> 
     </span>
    </p>
   </div>
   <div class='ocr_carea' id='block_1_31' title="bbox 1965 1809 3546 1910">
    <p class='ocr_par' dir='ltr' id='par_1_31' title="bbox 1970 1809 3546 1881">
     <span class='ocr_line' id='line_1_31' title="bbox 1970 1809 3546 1881; baseline 0.004 -19"><span class='ocrx_word' id='word_1_211' title='bbox 1970 1809 2238 1866; x_wconf 73' lang='lat' dir='ltr'><strong>Miltiades</strong></span> <span class='ocrx_word' id='word_1_212' title='bbox 2276 1824 2454 1866; x_wconf 88' lang='lat' dir='ltr'><strong>autem</strong></span> <span class='ocrx_word' id='word_1_213' title='bbox 2502 1811 2825 1881; x_wconf 86' lang='lat' dir='ltr'><strong>jampridem</strong></span> <span class='ocrx_word' id='word_1_214' title='bbox 2887 1813 3145 1867; x_wconf 87' lang='lat' dir='ltr'><strong>docuerat</strong></span> <span class='ocrx_word' id='word_1_215' title='bbox 3189 1814 3546 1869; x_wconf 83' lang='lat' dir='ltr'><strong>Athenienses</strong></span> 
     </span>
    </p>
   </div>
   <div class='ocr_carea' id='block_1_32' title="bbox 278 1906 1857 1977">
    <p class='ocr_par' dir='ltr' id='par_1_32' title="bbox 278 1906 1857 1977">
     <span class='ocr_line' id='line_1_32' title="bbox 278 1906 1857 1977; baseline -0.003 -17"><span class='ocrx_word' id='word_1_216' title='bbox 278 1910 463 1970; x_wconf 82' lang='grc' dir='ltr'>ναίους</span> <span class='ocrx_word' id='word_1_217' title='bbox 491 1908 696 1977; x_wconf 75' lang='grc' dir='ltr'>μηδένα</span> <span class='ocrx_word' id='word_1_218' title='bbox 750 1907 1019 1976; x_wconf 75' lang='grc' dir='ltr'>δεσπότην</span> <span class='ocrx_word' id='word_1_219' title='bbox 1052 1906 1191 1975; x_wconf 84' lang='grc' dir='ltr'>πλὴν</span> <span class='ocrx_word' id='word_1_220' title='bbox 1228 1906 1337 1957; x_wconf 88' lang='grc' dir='ltr'><strong>τῶν</strong></span> <span class='ocrx_word' id='word_1_221' title='bbox 1376 1907 1556 1975; x_wconf 88' lang='grc' dir='ltr'>νόμων</span> <span class='ocrx_word' id='word_1_222' title='bbox 1587 1906 1857 1976; x_wconf 80' lang='grc' dir='ltr'>ἡγεῖσθαι,</span> 
     </span>
    </p>
   </div>
   <div class='ocr_carea' id='block_1_33' title="bbox 278 1993 1861 2066">
    <p class='ocr_par' dir='ltr' id='par_1_33' title="bbox 278 1993 1861 2066">
     <span class='ocr_line' id='line_1_33' title="bbox 278 1993 1861 2066; baseline -0.002 -17"><span class='ocrx_word' id='word_1_223' title='bbox 278 1997 421 2066; x_wconf 81' lang='grc' dir='ltr'>μηδὲ</span> <span class='ocrx_word' id='word_1_224' title='bbox 448 1997 540 2049; x_wconf 82' lang='grc' dir='ltr'><strong>τοῦ</strong></span> <span class='ocrx_word' id='word_1_225' title='bbox 577 1996 743 2049; x_wconf 80' lang='grc' dir='ltr'>καλοῦ</span> <span class='ocrx_word' id='word_1_226' title='bbox 774 1996 870 2049; x_wconf 68' lang='grc' dir='ltr'><strong>καὶ</strong></span> <span class='ocrx_word' id='word_1_227' title='bbox 894 1994 1103 2047; x_wconf 82' lang='grc' dir='ltr'>δικαίου</span> <span class='ocrx_word' id='word_1_228' title='bbox 1140 1993 1345 2063; x_wconf 78' lang='grc' dir='ltr'>μηδένα</span> <span class='ocrx_word' id='word_1_229' title='bbox 1379 1995 1615 2063; x_wconf 86' lang='grc' dir='ltr'>κρείττω</span> <span class='ocrx_word' id='word_1_230' title='bbox 1640 1993 1861 2063; x_wconf 78' lang='grc' dir='ltr'>νομίσαι</span> 
     </span>
    </p>
   </div>
   <div class='ocr_carea' id='block_1_34' title="bbox 274 2086 1865 2158">
    <p class='ocr_par' dir='ltr' id='par_1_34' title="bbox 274 2086 1865 2158">
     <span class='ocr_line' id='line_1_34' title="bbox 274 2086 1865 2158; baseline -0.002 -17"><span class='ocrx_word' id='word_1_231' title='bbox 274 2090 470 2158; x_wconf 78' lang='grc' dir='ltr'>φόϐον,</span> <span class='ocrx_word' id='word_1_232' title='bbox 519 2089 640 2158; x_wconf 87' lang='grc' dir='ltr'>μηδ’</span> <span class='ocrx_word' id='word_1_233' title='bbox 691 2088 864 2150; x_wconf 78' lang='grc' dir='ltr'>οὕτως</span> <span class='ocrx_word' id='word_1_234' title='bbox 909 2088 1156 2157; x_wconf 79' lang='grc' dir='ltr'>ἀνάγκην</span> <span class='ocrx_word' id='word_1_235' title='bbox 1191 2086 1419 2157; x_wconf 74' lang='grc' dir='ltr'>ἰσχυρὰν</span> <span class='ocrx_word' id='word_1_236' title='bbox 1470 2086 1536 2139; x_wconf 86' lang='grc' dir='ltr'>δι’</span> <span class='ocrx_word' id='word_1_237' title='bbox 1570 2087 1638 2157; x_wconf 85' lang='grc' dir='ltr'>ἢν</span> <span class='ocrx_word' id='word_1_238' title='bbox 1690 2103 1865 2154; x_wconf 87' lang='grc' dir='ltr'>προσ-</span> 
     </span>
    </p>
   </div>
   <div class='ocr_carea' id='block_1_35' title="bbox 272 2176 1862 2250">
    <p class='ocr_par' dir='ltr' id='par_1_35' title="bbox 272 2176 1862 2250">
     <span class='ocr_line' id='line_1_35' title="bbox 272 2176 1862 2250; baseline 0.001 -19"><span class='ocrx_word' id='word_1_239' title='bbox 272 2180 504 2250; x_wconf 80' lang='grc' dir='ltr'>ήκειν⁷²</span> <span class='ocrx_word' id='word_1_240' title='bbox 555 2179 808 2246; x_wconf 80' lang='grc' dir='ltr'>γενέσθαι</span> <span class='ocrx_word' id='word_1_241' title='bbox 852 2178 1082 2248; x_wconf 82' lang='grc' dir='ltr'>χείροσι.</span> <span class='ocrx_word' id='word_1_242' title='bbox 1135 2180 1235 2232; x_wconf 87' lang='grc' dir='ltr'>Διά</span> <span class='ocrx_word' id='word_1_243' title='bbox 1302 2177 1479 2232; x_wconf 83' lang='grc' dir='ltr'>ταῦτα</span> <span class='ocrx_word' id='word_1_244' title='bbox 1534 2176 1679 2249; x_wconf 75' lang='grc' dir='ltr'>εἶχεν</span> <span class='ocrx_word' id='word_1_245' title='bbox 1731 2180 1759 2231; x_wconf 82' lang='grc' dir='ltr'><em>ὃ</em></span> <span class='ocrx_word' id='word_1_246' title='bbox 1807 2198 1862 2232; x_wconf 91' lang='grc' dir='ltr'><strong>τι</strong></span> 
     </span>
    </p>
   </div>
   <div class='ocr_carea' id='block_1_36' title="bbox 272 2270 1865 2342">
    <p class='ocr_par' dir='ltr' id='par_1_36' title="bbox 272 2270 1865 2342">
     <span class='ocr_line' id='line_1_36' title="bbox 272 2270 1865 2342; baseline 0 -19"><span class='ocrx_word' id='word_1_247' title='bbox 272 2270 461 2341; x_wconf 82' lang='grc' dir='ltr'>χρῷτο</span> <span class='ocrx_word' id='word_1_248' title='bbox 503 2271 708 2332; x_wconf 80' lang='grc' dir='ltr'>αὐτοῖς.</span> <span class='ocrx_word' id='word_1_249' title='bbox 774 2270 912 2323; x_wconf 82' lang='grc' dir='ltr'>Ἀλλ’</span> <span class='ocrx_word' id='word_1_250' title='bbox 954 2270 1141 2342; x_wconf 83' lang='grc' dir='ltr'>ὥσπερ</span> <span class='ocrx_word' id='word_1_251' title='bbox 1194 2272 1245 2324; x_wconf 76' lang='grc' dir='ltr'><strong>οἱ</strong></span> <span class='ocrx_word' id='word_1_252' title='bbox 1297 2271 1538 2341; x_wconf 74' lang='grc' dir='ltr'>γεωργοὶ</span> <span class='ocrx_word' id='word_1_253' title='bbox 1588 2271 1865 2342; x_wconf 80' lang='grc' dir='ltr'>πολλοστῷ</span> 
     </span>
    </p>
   </div>
   <div class='ocr_carea' id='block_1_37' title="bbox 272 2361 1861 2433">
    <p class='ocr_par' dir='ltr' id='par_1_37' title="bbox 272 2361 1861 2433">
     <span class='ocr_line' id='line_1_37' title="bbox 272 2361 1861 2433; baseline 0 -19"><span class='ocrx_word' id='word_1_254' title='bbox 272 2361 418 2431; x_wconf 74' lang='grc' dir='ltr'>μηνὶ</span> <span class='ocrx_word' id='word_1_255' title='bbox 467 2363 573 2415; x_wconf 87' lang='grc' dir='ltr'><strong>τῶν</strong></span> <span class='ocrx_word' id='word_1_256' title='bbox 626 2361 961 2431; x_wconf 82' lang='grc' dir='ltr'>σπερμάτων</span> <span class='ocrx_word' id='word_1_257' title='bbox 991 2363 1089 2431; x_wconf 84' lang='grc' dir='ltr'><strong>τὴν</strong></span> <span class='ocrx_word' id='word_1_258' title='bbox 1123 2364 1466 2433; x_wconf 76' lang='grc' dir='ltr'>ἐπικαρπίαν</span> <span class='ocrx_word' id='word_1_259' title='bbox 1520 2361 1861 2433; x_wconf 76' lang='grc' dir='ltr'>κομίζονται,</span> 
     </span>
    </p>
   </div>
   <div class='ocr_carea' id='block_1_38' title="bbox 268 2453 1864 2524">
    <p class='ocr_par' dir='ltr' id='par_1_38' title="bbox 268 2453 1864 2524">
     <span class='ocr_line' id='line_1_38' title="bbox 268 2453 1864 2524; baseline 0 -19"><span class='ocrx_word' id='word_1_260' title='bbox 268 2455 376 2506; x_wconf 76' lang='grc' dir='ltr'><strong>καὶ</strong></span> <span class='ocrx_word' id='word_1_261' title='bbox 422 2455 519 2522; x_wconf 74' lang='grc' dir='ltr'>οὐχ</span> <span class='ocrx_word' id='word_1_262' title='bbox 577 2453 694 2521; x_wconf 75' lang='grc' dir='ltr'><strong>ἅμα</strong></span> <span class='ocrx_word' id='word_1_263' title='bbox 736 2453 814 2524; x_wconf 85' lang='grc' dir='ltr'><strong>τῷ</strong></span> <span class='ocrx_word' id='word_1_264' title='bbox 864 2453 1231 2518; x_wconf 88' lang='grc' dir='ltr'>καταϐαλεῖν,</span> <span class='ocrx_word' id='word_1_265' title='bbox 1294 2454 1436 2507; x_wconf 78' lang='grc' dir='ltr'>οὕτω</span> <span class='ocrx_word' id='word_1_266' title='bbox 1480 2455 1574 2507; x_wconf 78' lang='grc' dir='ltr'><strong>καὶ</strong></span> <span class='ocrx_word' id='word_1_267' title='bbox 1622 2456 1864 2517; x_wconf 74' lang='grc' dir='ltr'>ἐκείνους</span> 
     </span>
    </p>
   </div>
   <div class='ocr_carea' id='block_1_39' title="bbox 269 2541 1864 2615">
    <p class='ocr_par' dir='ltr' id='par_1_39' title="bbox 269 2541 1864 2615">
     <span class='ocr_line' id='line_1_39' title="bbox 269 2541 1864 2615; baseline 0.001 -19"><span class='ocrx_word' id='word_1_268' title='bbox 269 2542 581 2611; x_wconf 76' lang='grc' dir='ltr'>Μιλτιάδης</span> <span class='ocrx_word' id='word_1_269' title='bbox 607 2542 869 2605; x_wconf 84' lang='grc' dir='ltr'>παλαιαῖς</span> <span class='ocrx_word' id='word_1_270' title='bbox 899 2543 1214 2611; x_wconf 81' lang='grc' dir='ltr'>ὁμολογίαις</span> <span class='ocrx_word' id='word_1_271' title='bbox 1240 2543 1590 2611; x_wconf 79' lang='grc' dir='ltr'>κατειληφὼς</span> <span class='ocrx_word' id='word_1_272' title='bbox 1625 2541 1767 2615; x_wconf 76' lang='grc' dir='ltr'>εἶχεν</span> <span class='ocrx_word' id='word_1_273' title='bbox 1805 2547 1864 2597; x_wconf 79' lang='grc' dir='ltr'><strong>ἐν</strong></span> 
     </span>
    </p>
   </div>
   <div class='ocr_carea' id='block_1_40' title="bbox 270 2633 1858 2705">
    <p class='ocr_par' dir='ltr' id='par_1_40' title="bbox 270 2633 1858 2705">
     <span class='ocr_line' id='line_1_40' title="bbox 270 2633 1858 2705; baseline 0.003 -20"><span class='ocrx_word' id='word_1_274' title='bbox 270 2633 461 2703; x_wconf 82' lang='grc' dir='ltr'>καιρῷ</span> <span class='ocrx_word' id='word_1_275' title='bbox 492 2634 798 2703; x_wconf 86' lang='grc' dir='ltr'>χρησίμους</span> <span class='ocrx_word' id='word_1_276' title='bbox 824 2673 839 2698; x_wconf 83' lang='grc'><strong>,</strong></span> <span class='ocrx_word' id='word_1_277' title='bbox 870 2634 971 2687; x_wconf 81' lang='grc' dir='ltr'><strong>οὐκ</strong></span> <span class='ocrx_word' id='word_1_278' title='bbox 1000 2635 1094 2687; x_wconf 71' lang='grc' dir='ltr'>ἐπὶ</span> <span class='ocrx_word' id='word_1_279' title='bbox 1123 2636 1224 2703; x_wconf 78' lang='grc' dir='ltr'>τῆς</span> <span class='ocrx_word' id='word_1_280' title='bbox 1251 2635 1441 2705; x_wconf 82' lang='grc' dir='ltr'>χρείας</span> <span class='ocrx_word' id='word_1_281' title='bbox 1475 2636 1858 2705; x_wconf 82' lang='grc' dir='ltr'>λαμϐάνοντας</span> 
     </span>
    </p>
   </div>
   <div class='ocr_carea' id='block_1_41' title="bbox 267 2724 1864 2800">
    <p class='ocr_par' dir='ltr' id='par_1_41' title="bbox 267 2724 1864 2800">
     <span class='ocr_line' id='line_1_41' title="bbox 267 2724 1864 2800; baseline 0.004 -24"><span class='ocrx_word' id='word_1_282' title='bbox 267 2724 351 2776; x_wconf 74' lang='grc' dir='ltr'><strong>τὰ</strong></span> <span class='ocrx_word' id='word_1_283' title='bbox 399 2726 697 2794; x_wconf 85' lang='grc' dir='ltr'>μαθήματα</span> <span class='ocrx_word' id='word_1_284' title='bbox 760 2725 1023 2794; x_wconf 85' lang='grc' dir='ltr'>(αἰσχρῶς</span> <span class='ocrx_word' id='word_1_285' title='bbox 1042 2727 1088 2757; x_wconf 76' lang='grc'><strong>⁷³</strong></span> <span class='ocrx_word' id='word_1_286' title='bbox 1131 2727 1239 2797; x_wconf 81' lang='grc' dir='ltr'>γὰρ</span> <span class='ocrx_word' id='word_1_287' title='bbox 1286 2728 1352 2781; x_wconf 84' lang='grc' dir='ltr'>ἂν</span> <span class='ocrx_word' id='word_1_288' title='bbox 1401 2729 1543 2780; x_wconf 75' lang='grc' dir='ltr'>οότω</span> <span class='ocrx_word' id='word_1_289' title='bbox 1588 2745 1653 2797; x_wconf 92' lang='grc' dir='ltr'><strong>γε</strong></span> <span class='ocrx_word' id='word_1_290' title='bbox 1703 2731 1864 2800; x_wconf 72' lang='grc' dir='ltr'>χορὸς</span> 
     </span>
    </p>
   </div>
   <div class='ocr_carea' id='block_1_42' title="bbox 268 2814 1854 2887">
    <p class='ocr_par' dir='ltr' id='par_1_42' title="bbox 268 2814 1854 2887">
     <span class='ocr_line' id='line_1_42' title="bbox 268 2814 1854 2887; baseline 0.005 -21"><span class='ocrx_word' id='word_1_291' title='bbox 268 2815 585 2883; x_wconf 80' lang='grc' dir='ltr'>ἠγωνίσατο</span> <span class='ocrx_word' id='word_1_292' title='bbox 627 2814 877 2884; x_wconf 68' lang='grc' dir='ltr'>αύτῷτδ),</span> <span class='ocrx_word' id='word_1_293' title='bbox 925 2816 1041 2869; x_wconf 84' lang='grc' dir='ltr'>ἀλλ’</span> <span class='ocrx_word' id='word_1_294' title='bbox 1070 2817 1162 2869; x_wconf 78' lang='grc' dir='ltr'>ἐπὶ</span> <span class='ocrx_word' id='word_1_295' title='bbox 1201 2818 1301 2886; x_wconf 84' lang='grc' dir='ltr'>τῆς</span> <span class='ocrx_word' id='word_1_296' title='bbox 1354 2817 1602 2885; x_wconf 74' lang='grc' dir='ltr'>ἐξουσίας</span> <span class='ocrx_word' id='word_1_297' title='bbox 1636 2822 1715 2882; x_wconf 82' lang='grc' dir='ltr'><strong>είς</strong></span> <span class='ocrx_word' id='word_1_298' title='bbox 1756 2824 1854 2887; x_wconf 84' lang='grc' dir='ltr'>τὴν</span> 
     </span>
    </p>
   </div>
   <div class='ocr_carea' id='block_1_43' title="bbox 271 2905 1863 2976">
    <p class='ocr_par' dir='ltr' id='par_1_43' title="bbox 271 2905 1863 2976">
     <span class='ocr_line' id='line_1_43' title="bbox 271 2905 1863 2976; baseline 0.004 -20"><span class='ocrx_word' id='word_1_299' title='bbox 271 2905 473 2974; x_wconf 85' lang='grc' dir='ltr'>χρείαν</span> <span class='ocrx_word' id='word_1_300' title='bbox 521 2906 890 2976; x_wconf 72' lang='grc' dir='ltr'>ἠσκημένους.</span> <span class='ocrx_word' id='word_1_301' title='bbox 944 2907 1136 2959; x_wconf 78' lang='grc' dir='ltr'>Οἵου⁷⁶</span> <span class='ocrx_word' id='word_1_302' title='bbox 1188 2909 1370 2961; x_wconf 83' lang='grc' dir='ltr'>τοίνυν</span> <span class='ocrx_word' id='word_1_303' title='bbox 1426 2914 1519 2962; x_wconf 67' lang='grc' dir='ltr'><strong>καὶ</strong></span> <span class='ocrx_word' id='word_1_304' title='bbox 1569 2911 1863 2963; x_wconf 79' lang='grc' dir='ltr'>Μιλτιάδου</span> 
     </span>
    </p>
   </div>
   <div class='ocr_carea' id='block_1_44' title="bbox 271 2995 1864 3069">
    <p class='ocr_par' dir='ltr' id='par_1_44' title="bbox 271 2995 1864 3069">
     <span class='ocr_line' id='line_1_44' title="bbox 271 2995 1864 3069; baseline 0.003 -22"><span class='ocrx_word' id='word_1_305' title='bbox 271 2996 625 3063; x_wconf 79' lang='grc' dir='ltr'>προεστῶτος</span> <span class='ocrx_word' id='word_1_306' title='bbox 692 2995 821 3058; x_wconf 77' lang='grc' dir='ltr'>τοὺς</span> <span class='ocrx_word' id='word_1_307' title='bbox 883 2996 984 3065; x_wconf 82' lang='grc' dir='ltr'><strong>μὲν</strong></span> <span class='ocrx_word' id='word_1_308' title='bbox 1044 2996 1120 3058; x_wconf 84' lang='grc' dir='ltr'>ὡς</span> <span class='ocrx_word' id='word_1_309' title='bbox 1186 2997 1439 3052; x_wconf 88' lang='grc' dir='ltr'>πλεῖστον</span> <span class='ocrx_word' id='word_1_310' title='bbox 1488 3002 1588 3069; x_wconf 83' lang='grc' dir='ltr'>τῆς</span> <span class='ocrx_word' id='word_1_311' title='bbox 1653 3002 1864 3053; x_wconf 82' lang='grc' dir='ltr'>ἐκείνου</span> 
     </span>
    </p>
   </div>
   <div class='ocr_carea' id='block_1_45' title="bbox 270 3085 1866 3161">
    <p class='ocr_par' dir='ltr' id='par_1_45' title="bbox 270 3085 1866 3161">
     <span class='ocr_line' id='line_1_45' title="bbox 270 3085 1866 3161; baseline 0.003 -22"><span class='ocrx_word' id='word_1_312' title='bbox 270 3087 564 3154; x_wconf 78' lang='grc' dir='ltr'>δυνάμεως</span> <span class='ocrx_word' id='word_1_313' title='bbox 638 3085 983 3151; x_wconf 79' lang='grc' dir='ltr'>ἀπολαῦσαι,</span> <span class='ocrx_word' id='word_1_314' title='bbox 1048 3090 1175 3152; x_wconf 84' lang='grc' dir='ltr'>τοὺς</span> <span class='ocrx_word' id='word_1_315' title='bbox 1223 3090 1280 3143; x_wconf 83' lang='grc' dir='ltr'>δὲ</span> <span class='ocrx_word' id='word_1_316' title='bbox 1348 3093 1564 3159; x_wconf 81' lang='grc' dir='ltr'>μέσως·</span> <span class='ocrx_word' id='word_1_317' title='bbox 1617 3094 1720 3145; x_wconf 85' lang='grc' dir='ltr'><strong>κάν</strong></span> <span class='ocrx_word' id='word_1_318' title='bbox 1789 3092 1866 3161; x_wconf 82' lang='grc' dir='ltr'>τῷ</span> 
     </span>
    </p>
   </div>
   <div class='ocr_carea' id='block_1_46' title="bbox 1967 1904 3546 1975">
    <p class='ocr_par' dir='ltr' id='par_1_46' title="bbox 1967 1904 3546 1975">
     <span class='ocr_line' id='line_1_46' title="bbox 1967 1904 3546 1975; baseline 0.003 -20"><span class='ocrx_word' id='word_1_319' title='bbox 1967 1904 2168 1956; x_wconf 85' lang='lat' dir='ltr'><strong>nullum</strong></span> <span class='ocrx_word' id='word_1_320' title='bbox 2202 1913 2398 1971; x_wconf 68' lang='lat' dir='ltr'><strong>prceter</strong></span> <span class='ocrx_word' id='word_1_321' title='bbox 2429 1906 2573 1975; x_wconf 80' lang='lat' dir='ltr'><strong>leges</strong></span> <span class='ocrx_word' id='word_1_322' title='bbox 2601 1921 2895 1974; x_wconf 79' lang='lat' dir='ltr'><strong>agnoscere</strong></span> <span class='ocrx_word' id='word_1_323' title='bbox 2930 1908 3231 1969; x_wconf 89' lang='lat' dir='ltr'><strong>dominum,</strong></span> <span class='ocrx_word' id='word_1_324' title='bbox 3264 1921 3362 1961; x_wconf 90' lang='lat' dir='ltr'><strong>nec</strong></span> <span class='ocrx_word' id='word_1_325' title='bbox 3399 1906 3546 1974; x_wconf 82' lang='lat' dir='ltr'><strong>justo</strong></span> 
     </span>
    </p>
   </div>
   <div class='ocr_carea' id='block_1_47' title="bbox 1963 1995 3547 2067">
    <p class='ocr_par' dir='ltr' id='par_1_47' title="bbox 1963 1995 3547 2067">
     <span class='ocr_line' id='line_1_47' title="bbox 1963 1995 3547 2067; baseline 0.001 -19"><span class='ocrx_word' id='word_1_326' title='bbox 1963 2004 2017 2048; x_wconf 91' lang='lat' dir='ltr'><strong>et</strong></span> <span class='ocrx_word' id='word_1_327' title='bbox 2044 1995 2246 2064; x_wconf 88' lang='lat' dir='ltr'><strong>injusto</strong></span> <span class='ocrx_word' id='word_1_328' title='bbox 2277 1996 2543 2065; x_wconf 83' lang='lat' dir='ltr'><strong>potiorem</strong></span> <span class='ocrx_word' id='word_1_329' title='bbox 2581 1998 2779 2052; x_wconf 86' lang='lat' dir='ltr'><strong>habere</strong></span> <span class='ocrx_word' id='word_1_330' title='bbox 2821 2013 3147 2067; x_wconf 89' lang='lat' dir='ltr'><strong>quemquam</strong></span> <span class='ocrx_word' id='word_1_331' title='bbox 3183 2009 3411 2062; x_wconf 90' lang='lat' dir='ltr'><strong>metum,</strong></span> <span class='ocrx_word' id='word_1_332' title='bbox 3446 2011 3547 2050; x_wconf 70' lang='lat' dir='ltr'><strong>nec</strong></span> 
     </span>
    </p>
   </div>
   <div class='ocr_carea' id='block_1_48' title="bbox 1967 2084 3549 2153">
    <p class='ocr_par' dir='ltr' id='par_1_48' title="bbox 1967 2084 3549 2153">
     <span class='ocr_line' id='line_1_48' title="bbox 1967 2084 3549 2153; baseline 0.001 -18"><span class='ocrx_word' id='word_1_333' title='bbox 1967 2092 2075 2135; x_wconf 88' lang='lat' dir='ltr'><strong>tam</strong></span> <span class='ocrx_word' id='word_1_334' title='bbox 2106 2084 2369 2137; x_wconf 83' lang='lat' dir='ltr'><strong>valentem</strong></span> <span class='ocrx_word' id='word_1_335' title='bbox 2402 2086 2778 2139; x_wconf 87' lang='lat' dir='ltr'><strong>necessitatem</strong></span> <span class='ocrx_word' id='word_1_336' title='bbox 2809 2096 3024 2153; x_wconf 80' lang='lat' dir='ltr'><strong>propter</strong></span> <span class='ocrx_word' id='word_1_337' title='bbox 3061 2100 3222 2153; x_wconf 88' lang='lat' dir='ltr'><strong>quam</strong></span> <span class='ocrx_word' id='word_1_338' title='bbox 3250 2084 3549 2138; x_wconf 86' lang='lat' dir='ltr'><strong>deteriores</strong></span> 
     </span>
    </p>
   </div>
   <div class='ocr_carea' id='block_1_49' title="bbox 1966 2174 3545 2247">
    <p class='ocr_par' dir='ltr' id='par_1_49' title="bbox 1966 2174 3545 2247">
     <span class='ocr_line' id='line_1_49' title="bbox 1966 2174 3545 2247; baseline 0 -19"><span class='ocrx_word' id='word_1_339' title='bbox 1966 2174 2177 2229; x_wconf 84' lang='lat' dir='ltr'><strong>fierent.</strong></span> <span class='ocrx_word' id='word_1_340' title='bbox 2210 2175 2534 2247; x_wconf 85' lang='lat' dir='ltr'><strong>Perjustum</strong></span> <span class='ocrx_word' id='word_1_341' title='bbox 2564 2192 2692 2231; x_wconf 92' lang='lat' dir='ltr'><strong>vero</strong></span> <span class='ocrx_word' id='word_1_342' title='bbox 2721 2186 2777 2231; x_wconf 94' lang='lat' dir='ltr'><strong>et</strong></span> <span class='ocrx_word' id='word_1_343' title='bbox 2804 2177 3059 2246; x_wconf 90' lang='lat' dir='ltr'><strong>injustum</strong></span> <span class='ocrx_word' id='word_1_344' title='bbox 3080 2177 3186 2231; x_wconf 90' lang='lat' dir='ltr'><strong>illis</strong></span> <span class='ocrx_word' id='word_1_345' title='bbox 3209 2177 3285 2229; x_wconf 85' lang='lat' dir='ltr'><strong>uti</strong></span> <span class='ocrx_word' id='word_1_346' title='bbox 3314 2184 3545 2243; x_wconf 83' lang='lat' dir='ltr'><strong>poterat.</strong></span> 
     </span>
    </p>
   </div>
   <div class='ocr_carea' id='block_1_50' title="bbox 1967 2266 3545 2337">
    <p class='ocr_par' dir='ltr' id='par_1_50' title="bbox 1967 2266 3545 2337">
     <span class='ocr_line' id='line_1_50' title="bbox 1967 2266 3545 2337; baseline 0 -17"><span class='ocrx_word' id='word_1_347' title='bbox 1967 2266 2070 2321; x_wconf 88' lang='lat' dir='ltr'><strong>Sed</strong></span> <span class='ocrx_word' id='word_1_348' title='bbox 2097 2270 2553 2336; x_wconf 82' lang='lat' dir='ltr'><strong>quemadmodum</strong></span> <span class='ocrx_word' id='word_1_349' title='bbox 2578 2269 2829 2337; x_wconf 70' lang='lat' dir='ltr'><strong>agricola:</strong></span> <span class='ocrx_word' id='word_1_350' title='bbox 2861 2268 3066 2337; x_wconf 81' lang='lat' dir='ltr'><strong>aliquot</strong></span> <span class='ocrx_word' id='word_1_351' title='bbox 3096 2277 3219 2336; x_wconf 86' lang='lat' dir='ltr'><strong>post</strong></span> <span class='ocrx_word' id='word_1_352' title='bbox 3243 2267 3545 2330; x_wconf 84' lang='lat' dir='ltr'><strong>mensibus,</strong></span> 
     </span>
    </p>
   </div>
   <div class='ocr_carea' id='block_1_51' title="bbox 1965 2358 3548 2427">
    <p class='ocr_par' dir='ltr' id='par_1_51' title="bbox 1965 2358 3548 2427">
     <span class='ocr_line' id='line_1_51' title="bbox 1965 2358 3548 2427; baseline 0 -16"><span class='ocrx_word' id='word_1_353' title='bbox 1965 2372 2071 2412; x_wconf 92' lang='lat' dir='ltr'><strong>non</strong></span> <span class='ocrx_word' id='word_1_354' title='bbox 2120 2374 2247 2413; x_wconf 88' lang='lat' dir='ltr'><strong>mox</strong></span> <span class='ocrx_word' id='word_1_355' title='bbox 2281 2371 2400 2427; x_wconf 90' lang='lat' dir='ltr'><strong>post</strong></span> <span class='ocrx_word' id='word_1_356' title='bbox 2432 2369 2755 2426; x_wconf 89' lang='lat' dir='ltr'><strong>sementem,</strong></span> <span class='ocrx_word' id='word_1_357' title='bbox 2788 2375 3017 2414; x_wconf 85' lang='lat' dir='ltr'><strong>messem</strong></span> <span class='ocrx_word' id='word_1_358' title='bbox 3049 2358 3272 2423; x_wconf 82' lang='lat' dir='ltr'><strong>faciunt,</strong></span> <span class='ocrx_word' id='word_1_359' title='bbox 3304 2365 3357 2412; x_wconf 89' lang='lat' dir='ltr'><strong>et</strong></span> <span class='ocrx_word' id='word_1_360' title='bbox 3387 2358 3548 2413; x_wconf 89' lang='lat' dir='ltr'><strong>simul</strong></span> 
     </span>
    </p>
   </div>
   <div class='ocr_carea' id='block_1_52' title="bbox 1965 2450 3549 2520">
    <p class='ocr_par' dir='ltr' id='par_1_52' title="bbox 1965 2450 3549 2520">
     <span class='ocr_line' id='line_1_52' title="bbox 1965 2450 3549 2520; baseline -0.001 -16"><span class='ocrx_word' id='word_1_361' title='bbox 1965 2450 2143 2504; x_wconf 91' lang='lat' dir='ltr'><strong>omnia</strong></span> <span class='ocrx_word' id='word_1_362' title='bbox 2180 2467 2287 2504; x_wconf 91' lang='lat' dir='ltr'><strong>non</strong></span> <span class='ocrx_word' id='word_1_363' title='bbox 2319 2452 2549 2516; x_wconf 81' lang='lat' dir='ltr'><strong>faciunt,</strong></span> <span class='ocrx_word' id='word_1_364' title='bbox 2600 2455 2673 2506; x_wconf 88' lang='lat' dir='ltr'><strong>ita</strong></span> <span class='ocrx_word' id='word_1_365' title='bbox 2717 2452 2986 2507; x_wconf 86' lang='lat' dir='ltr'><strong>Miltiades</strong></span> <span class='ocrx_word' id='word_1_366' title='bbox 3026 2454 3117 2505; x_wconf 92' lang='lat' dir='ltr'><strong>illo</strong></span> <span class='ocrx_word' id='word_1_367' title='bbox 3150 2465 3365 2520; x_wconf 89' lang='lat' dir='ltr'><strong>quoque</strong></span> <span class='ocrx_word' id='word_1_368' title='bbox 3408 2451 3549 2503; x_wconf 86' lang='lat' dir='ltr'><strong>auti-</strong></span> 
     </span>
    </p>
   </div>
   <div class='ocr_carea' id='block_1_53' title="bbox 1971 2541 3548 2610">
    <p class='ocr_par' dir='ltr' id='par_1_53' title="bbox 1971 2541 3548 2610">
     <span class='ocr_line' id='line_1_53' title="bbox 1971 2541 3548 2610; baseline 0.001 -17"><span class='ocrx_word' id='word_1_369' title='bbox 1971 2541 2096 2609; x_wconf 89' lang='lat' dir='ltr'><strong>quis</strong></span> <span class='ocrx_word' id='word_1_370' title='bbox 2129 2542 2303 2609; x_wconf 87' lang='lat' dir='ltr'><strong>pactis</strong></span> <span class='ocrx_word' id='word_1_371' title='bbox 2328 2557 2454 2597; x_wconf 89' lang='lat' dir='ltr'><strong>suos</strong></span> <span class='ocrx_word' id='word_1_372' title='bbox 2483 2558 2606 2597; x_wconf 92' lang='lat' dir='ltr'><strong>cum</strong></span> <span class='ocrx_word' id='word_1_373' title='bbox 2659 2543 2896 2609; x_wconf 85' lang='lat' dir='ltr'><strong>fecisset,</strong></span> <span class='ocrx_word' id='word_1_374' title='bbox 2952 2541 3182 2595; x_wconf 82' lang='lat' dir='ltr'><strong>habebat</strong></span> <span class='ocrx_word' id='word_1_375' title='bbox 3221 2542 3271 2595; x_wconf 93' lang='lat' dir='ltr'><strong>iu</strong></span> <span class='ocrx_word' id='word_1_376' title='bbox 3305 2550 3548 2610; x_wconf 89' lang='lat' dir='ltr'><strong>tempore</strong></span> 
     </span>
    </p>
   </div>
   <div class='ocr_carea' id='block_1_54' title="bbox 1966 2633 3547 2702">
    <p class='ocr_par' dir='ltr' id='par_1_54' title="bbox 1966 2633 3547 2702">
     <span class='ocr_line' id='line_1_54' title="bbox 1966 2633 3547 2702; baseline 0.001 -18"><span class='ocrx_word' id='word_1_377' title='bbox 1966 2642 2205 2699; x_wconf 86' lang='lat' dir='ltr'><strong>paratos,</strong></span> <span class='ocrx_word' id='word_1_378' title='bbox 2245 2635 2335 2702; x_wconf 89' lang='lat' dir='ltr'><strong>qui</strong></span> <span class='ocrx_word' id='word_1_379' title='bbox 2369 2649 2473 2689; x_wconf 92' lang='lat' dir='ltr'><strong>non</strong></span> <span class='ocrx_word' id='word_1_380' title='bbox 2516 2634 2569 2688; x_wconf 90' lang='lat' dir='ltr'><strong>in</strong></span> <span class='ocrx_word' id='word_1_381' title='bbox 2614 2634 2941 2689; x_wconf 84' lang='lat' dir='ltr'><strong>necessitate</strong></span> <span class='ocrx_word' id='word_1_382' title='bbox 2980 2649 3199 2702; x_wconf 86' lang='lat' dir='ltr'><strong>operam</strong></span> <span class='ocrx_word' id='word_1_383' title='bbox 3245 2633 3547 2702; x_wconf 88' lang='lat' dir='ltr'><strong>disciplinis</strong></span> 
     </span>
    </p>
   </div>
   <div class='ocr_carea' id='block_1_55' title="bbox 1965 2718 3545 2795">
    <p class='ocr_par' dir='ltr' id='par_1_55' title="bbox 1965 2718 3545 2795">
     <span class='ocr_line' id='line_1_55' title="bbox 1965 2718 3545 2795; baseline 0.001 -23"><span class='ocrx_word' id='word_1_384' title='bbox 1965 2718 2158 2774; x_wconf 88' lang='lat' dir='ltr'><strong>darent</strong></span> <span class='ocrx_word' id='word_1_385' title='bbox 2191 2721 2448 2791; x_wconf 89' lang='lat' dir='ltr'><strong>(turpiter</strong></span> <span class='ocrx_word' id='word_1_386' title='bbox 2478 2723 2621 2776; x_wconf 91' lang='lat' dir='ltr'><strong>enim</strong></span> <span class='ocrx_word' id='word_1_387' title='bbox 2662 2724 2749 2777; x_wconf 91' lang='lat' dir='ltr'><strong>hic</strong></span> <span class='ocrx_word' id='word_1_388' title='bbox 2775 2739 2838 2777; x_wconf 90' lang='lat' dir='ltr'><strong>se</strong></span> <span class='ocrx_word' id='word_1_389' title='bbox 2871 2725 3126 2795; x_wconf 74' lang='lat' dir='ltr'><strong>gessisset</strong></span> <span class='ocrx_word' id='word_1_390' title='bbox 3161 2719 3406 2792; x_wconf 88' lang='lat' dir='ltr'><strong>chorus).</strong></span> <span class='ocrx_word' id='word_1_391' title='bbox 3452 2721 3545 2775; x_wconf 85' lang='lat' dir='ltr'><strong>sed</strong></span> 
     </span>
    </p>
   </div>
   <div class='ocr_carea' id='block_1_56' title="bbox 1966 2813 3546 2891">
    <p class='ocr_par' dir='ltr' id='par_1_56' title="bbox 1966 2813 3546 2891">
     <span class='ocr_line' id='line_1_56' title="bbox 1966 2813 3546 2891; baseline 0.003 -29"><span class='ocrx_word' id='word_1_392' title='bbox 1966 2825 2061 2876; x_wconf 85' lang='lat' dir='ltr'><strong>per</strong></span> <span class='ocrx_word' id='word_1_393' title='bbox 2096 2813 2267 2865; x_wconf 80' lang='lat' dir='ltr'><strong>otium</strong></span> <span class='ocrx_word' id='word_1_394' title='bbox 2302 2829 2360 2868; x_wconf 91' lang='lat' dir='ltr'><strong>se</strong></span> <span class='ocrx_word' id='word_1_395' title='bbox 2394 2815 2460 2869; x_wconf 90' lang='lat' dir='ltr'><strong>ad</strong></span> <span class='ocrx_word' id='word_1_396' title='bbox 2500 2816 2885 2891; x_wconf 80' lang='lat' dir='ltr'><strong>necessitatem</strong></span> <span class='ocrx_word' id='word_1_397' title='bbox 2926 2823 3358 2884; x_wconf 72' lang='lat' dir='ltr'><strong>comparassent.</strong></span> <span class='ocrx_word' id='word_1_398' title='bbox 3399 2813 3546 2880; x_wconf 86' lang='lat' dir='ltr'><strong>Qua-</strong></span> 
     </span>
    </p>
   </div>
   <div class='ocr_carea' id='block_1_57' title="bbox 1967 2904 3548 2975">
    <p class='ocr_par' dir='ltr' id='par_1_57' title="bbox 1967 2904 3548 2975">
     <span class='ocr_line' id='line_1_57' title="bbox 1967 2904 3548 2975; baseline 0.005 -24"><span class='ocrx_word' id='word_1_399' title='bbox 1967 2912 2186 2969; x_wconf 87' lang='lat' dir='ltr'><strong>propter</strong></span> <span class='ocrx_word' id='word_1_400' title='bbox 2212 2904 2377 2957; x_wconf 89' lang='lat' dir='ltr'><strong>etiam</strong></span> <span class='ocrx_word' id='word_1_401' title='bbox 2408 2907 2509 2960; x_wconf 89' lang='lat' dir='ltr'><strong>sub</strong></span> <span class='ocrx_word' id='word_1_402' title='bbox 2541 2905 2782 2959; x_wconf 89' lang='lat' dir='ltr'><strong>Miltiade</strong></span> <span class='ocrx_word' id='word_1_403' title='bbox 2821 2921 2959 2974; x_wconf 92' lang='lat' dir='ltr'><strong>pone</strong></span> <span class='ocrx_word' id='word_1_404' title='bbox 2997 2907 3134 2961; x_wconf 88' lang='lat' dir='ltr'><strong>alios</strong></span> <span class='ocrx_word' id='word_1_405' title='bbox 3164 2907 3451 2975; x_wconf 86' lang='lat' dir='ltr'><strong>plurimum</strong></span> <span class='ocrx_word' id='word_1_406' title='bbox 3480 2921 3548 2959; x_wconf 75' lang='lat' dir='ltr'><strong>ex</strong></span> 
     </span>
    </p>
   </div>
   <div class='ocr_carea' id='block_1_58' title="bbox 1969 2990 3549 3068">
    <p class='ocr_par' dir='ltr' id='par_1_58' title="bbox 1969 2990 3549 3068">
     <span class='ocr_line' id='line_1_58' title="bbox 1969 2990 3549 3068; baseline 0.006 -27"><span class='ocrx_word' id='word_1_407' title='bbox 1969 2990 2110 3047; x_wconf 89' lang='lat' dir='ltr'><strong>illius</strong></span> <span class='ocrx_word' id='word_1_408' title='bbox 2135 2996 2385 3051; x_wconf 83' lang='lat' dir='ltr'><strong>faenltate</strong></span> <span class='ocrx_word' id='word_1_409' title='bbox 2425 3000 2755 3068; x_wconf 88' lang='lat' dir='ltr'><strong>percepisse.</strong></span> <span class='ocrx_word' id='word_1_410' title='bbox 2800 3000 2935 3053; x_wconf 89' lang='lat' dir='ltr'><strong>alios</strong></span> <span class='ocrx_word' id='word_1_411' title='bbox 2980 2999 3345 3060; x_wconf 84' lang='lat' dir='ltr'><strong>mediocriter,</strong></span> <span class='ocrx_word' id='word_1_412' title='bbox 3386 3008 3549 3065; x_wconf 87' lang='lat' dir='ltr'><strong>atque</strong></span> 
     </span>
    </p>
   </div>
   <div class='ocr_carea' id='block_1_59' title="bbox 1970 3090 3548 3158">
    <p class='ocr_par' dir='ltr' id='par_1_59' title="bbox 1970 3090 3548 3158">
     <span class='ocr_line' id='line_1_59' title="bbox 1970 3090 3548 3158; baseline -0.003 -10"><span class='ocrx_word' id='word_1_413' title='bbox 1970 3094 2022 3149; x_wconf 91' lang='lat' dir='ltr'><strong>in</strong></span> <span class='ocrx_word' id='word_1_414' title='bbox 2080 3094 2185 3147; x_wconf 89' lang='lat' dir='ltr'><strong>hoc</strong></span> <span class='ocrx_word' id='word_1_415' title='bbox 2236 3092 2658 3145; x_wconf 88' lang='lat' dir='ltr'><strong>vicissitudinem</strong></span> <span class='ocrx_word' id='word_1_416' title='bbox 2694 3091 2897 3146; x_wconf 89' lang='lat' dir='ltr'><strong>colloca</strong></span> <span class='ocrx_word' id='word_1_417' title='bbox 2937 3110 2950 3146; x_wconf 93' lang='lat'>:</span> <span class='ocrx_word' id='word_1_418' title='bbox 2987 3106 3108 3143; x_wconf 88' lang='lat' dir='ltr'><strong>nam</strong></span> <span class='ocrx_word' id='word_1_419' title='bbox 3141 3100 3194 3144; x_wconf 90' lang='lat' dir='ltr'><strong>et</strong></span> <span class='ocrx_word' id='word_1_420' title='bbox 3242 3091 3294 3143; x_wconf 93' lang='lat' dir='ltr'><strong>in</strong></span> <span class='ocrx_word' id='word_1_421' title='bbox 3350 3090 3548 3158; x_wconf 78' lang='lat' dir='ltr'><strong>pepnlo</strong></span> 
     </span>
    </p>
   </div>
   <div class='ocr_carea' id='block_1_60' title="bbox 276 3173 1859 3253">
    <p class='ocr_par' dir='ltr' id='par_1_60' title="bbox 276 3173 1859 3246">
     <span class='ocr_line' id='line_1_60' title="bbox 276 3173 1859 3246; baseline 0.004 -20"><span class='ocrx_word' id='word_1_422' title='bbox 276 3176 435 3244; x_wconf 86' lang='grc' dir='ltr'>μέσῳ</span> <span class='ocrx_word' id='word_1_423' title='bbox 477 3177 537 3228; x_wconf 83' lang='grc' dir='ltr'><strong>τὸ</strong></span> <span class='ocrx_word' id='word_1_424' title='bbox 577 3175 865 3246; x_wconf 76' lang='grc' dir='ltr'>παραλλὰξ</span> <span class='ocrx_word' id='word_1_425' title='bbox 910 3173 976 3230; x_wconf 83' lang='grc' dir='ltr'>αὖ</span> <span class='ocrx_word' id='word_1_426' title='bbox 1020 3177 1179 3233; x_wconf 85' lang='grc' dir='ltr'>τίθει.</span> <span class='ocrx_word' id='word_1_427' title='bbox 1214 3179 1434 3233; x_wconf 84' lang='grc' dir='ltr'>Γένοιτο</span> <span class='ocrx_word' id='word_1_428' title='bbox 1475 3181 1519 3233; x_wconf 86' lang='grc' dir='ltr'>δ’</span> <span class='ocrx_word' id='word_1_429' title='bbox 1547 3180 1610 3233; x_wconf 81' lang='grc' dir='ltr'>ἄν</span> <span class='ocrx_word' id='word_1_430' title='bbox 1665 3198 1748 3243; x_wconf 89' lang='grc' dir='ltr'><strong>τις</strong></span> <span class='ocrx_word' id='word_1_431' title='bbox 1805 3182 1859 3232; x_wconf 82' lang='grc' dir='ltr'><strong>ἐν</strong></span> 
     </span>
    </p>
   </div>
   <div class='ocr_carea' id='block_1_61' title="bbox 1965 3173 3547 3253">
    <p class='ocr_par' dir='ltr' id='par_1_61' title="bbox 1967 3178 3547 3253">
     <span class='ocr_line' id='line_1_61' title="bbox 1967 3178 3547 3253; baseline -0.001 -17"><span class='ocrx_word' id='word_1_432' title='bbox 1967 3183 2233 3253; x_wconf 89' lang='lat' dir='ltr'><strong>quispiam</strong></span> <span class='ocrx_word' id='word_1_433' title='bbox 2275 3196 2435 3235; x_wconf 88' lang='lat' dir='ltr'><strong>aures</strong></span> <span class='ocrx_word' id='word_1_434' title='bbox 2473 3182 2633 3234; x_wconf 81' lang='lat' dir='ltr'><strong>habet</strong></span> <span class='ocrx_word' id='word_1_435' title='bbox 2674 3182 2971 3236; x_wconf 88' lang='lat' dir='ltr'><strong>surdiores.</strong></span> <span class='ocrx_word' id='word_1_436' title='bbox 3028 3178 3207 3245; x_wconf 86' lang='lat' dir='ltr'><strong>Quid?</strong></span> <span class='ocrx_word' id='word_1_437' title='bbox 3254 3179 3395 3248; x_wconf 91' lang='lat' dir='ltr'><strong>quod</strong></span> <span class='ocrx_word' id='word_1_438' title='bbox 3446 3195 3547 3234; x_wconf 91' lang='lat' dir='ltr'><strong>nec</strong></span> 
     </span>
    </p>
   </div>
   <div class='ocr_carea' id='block_1_62' title="bbox 269 3262 1856 3341">
    <p class='ocr_par' dir='ltr' id='par_1_62' title="bbox 269 3262 1856 3341">
     <span class='ocr_line' id='line_1_62' title="bbox 269 3262 1856 3341; baseline 0.004 -21"><span class='ocrx_word' id='word_1_439' title='bbox 269 3267 476 3339; x_wconf 73' lang='grc' dir='ltr'>πλήθει</span> <span class='ocrx_word' id='word_1_440' title='bbox 507 3268 599 3321; x_wconf 77' lang='grc' dir='ltr'><strong>καὶ</strong></span> <span class='ocrx_word' id='word_1_441' title='bbox 638 3270 767 3338; x_wconf 78' lang='grc' dir='ltr'>περὶ</span> <span class='ocrx_word' id='word_1_442' title='bbox 817 3262 931 3321; x_wconf 80' lang='grc' dir='ltr'>ὦτα</span> <span class='ocrx_word' id='word_1_443' title='bbox 979 3270 1377 3341; x_wconf 78' lang='grc' dir='ltr'>ἀτυχέστερος·</span> <span class='ocrx_word' id='word_1_444' title='bbox 1415 3271 1475 3325; x_wconf 79' lang='grc' dir='ltr'><strong>ού</strong></span> <span class='ocrx_word' id='word_1_445' title='bbox 1516 3290 1598 3325; x_wconf 87' lang='grc' dir='ltr'><strong>τοι</strong></span> <span class='ocrx_word' id='word_1_446' title='bbox 1649 3275 1856 3336; x_wconf 80' lang='grc' dir='ltr'>πάντας</span> 
     </span>
    </p>
   </div>
   <div class='ocr_carea' id='block_1_63' title="bbox 266 3354 1861 3432">
    <p class='ocr_par' dir='ltr' id='par_1_63' title="bbox 266 3354 1861 3432">
     <span class='ocr_line' id='line_1_63' title="bbox 266 3354 1861 3432; baseline 0.003 -19"><span class='ocrx_word' id='word_1_447' title='bbox 266 3360 389 3413; x_wconf 66' lang='grc' dir='ltr'>οὐδ’</span> <span class='ocrx_word' id='word_1_448' title='bbox 445 3362 473 3412; x_wconf 88' lang='grc' dir='ltr'>ὁ</span> <span class='ocrx_word' id='word_1_449' title='bbox 510 3360 662 3429; x_wconf 76' lang='grc' dir='ltr'>ἥλιος</span> <span class='ocrx_word' id='word_1_450' title='bbox 713 3354 825 3423; x_wconf 74' lang='grc' dir='ltr'>οἷός</span> <span class='ocrx_word' id='word_1_451' title='bbox 869 3361 929 3412; x_wconf 81' lang='grc' dir='ltr'><strong><em>τὲ</em></strong></span> <span class='ocrx_word' id='word_1_452' title='bbox 979 3364 1095 3413; x_wconf 73' lang='grc' dir='ltr'>ἐστι</span> <span class='ocrx_word' id='word_1_453' title='bbox 1122 3362 1459 3431; x_wconf 84' lang='grc' dir='ltr'>Θερμαίνειν,</span> <span class='ocrx_word' id='word_1_454' title='bbox 1495 3364 1733 3432; x_wconf 29' lang='grc' dir='ltr'>ἁλλ’-ἥδη</span> <span class='ocrx_word' id='word_1_455' title='bbox 1778 3382 1861 3428; x_wconf 88' lang='grc' dir='ltr'><strong>τις</strong></span> 
     </span>
    </p>
   </div>
   <div class='ocr_carea' id='block_1_64' title="bbox 270 3449 1861 3523">
    <p class='ocr_par' dir='ltr' id='par_1_64' title="bbox 270 3449 1861 3523">
     <span class='ocr_line' id='line_1_64' title="bbox 270 3449 1861 3523; baseline 0.004 -23"><span class='ocrx_word' id='word_1_456' title='bbox 270 3453 337 3500; x_wconf 82' lang='grc' dir='ltr'>ὲν</span> <span class='ocrx_word' id='word_1_457' title='bbox 382 3449 605 3517; x_wconf 84' lang='grc' dir='ltr'>καθαρῷ</span> <span class='ocrx_word' id='word_1_458' title='bbox 635 3450 732 3517; x_wconf 76' lang='grc' dir='ltr'><strong>τῆς</strong></span> <span class='ocrx_word' id='word_1_459' title='bbox 781 3449 1131 3520; x_wconf 85' lang='grc' dir='ltr'>μεσημϐρίας</span> <span class='ocrx_word' id='word_1_460' title='bbox 1184 3450 1488 3523; x_wconf 72' lang='grc' dir='ltr'>ἐρρίγωσε,</span> <span class='ocrx_word' id='word_1_461' title='bbox 1546 3453 1645 3523; x_wconf 84' lang='grc' dir='ltr'>τῆς</span> <span class='ocrx_word' id='word_1_462' title='bbox 1693 3470 1861 3506; x_wconf 88' lang='grc' dir='ltr'>κατα-</span> 
     </span>
    </p>
   </div>
   <div class='ocr_carea' id='block_1_65' title="bbox 269 3542 1861 3614">
    <p class='ocr_par' dir='ltr' id='par_1_65' title="bbox 269 3542 1861 3614">
     <span class='ocr_line' id='line_1_65' title="bbox 269 3542 1861 3614; baseline 0.002 -19"><span class='ocrx_word' id='word_1_463' title='bbox 269 3543 444 3610; x_wconf 74' lang='grc' dir='ltr'>ϐολῆς</span> <span class='ocrx_word' id='word_1_464' title='bbox 507 3542 864 3611; x_wconf 76' lang='grc' dir='ltr'>ἐπελθούσης.</span> <span class='ocrx_word' id='word_1_465' title='bbox 904 3542 1045 3594; x_wconf 83' lang='grc' dir='ltr'>Ἀλλ’</span> <span class='ocrx_word' id='word_1_466' title='bbox 1109 3544 1384 3608; x_wconf 73' lang='grc' dir='ltr'>ἐκεῖνοςτθ</span> <span class='ocrx_word' id='word_1_467' title='bbox 1440 3546 1467 3597; x_wconf 90' lang='grc' dir='ltr'>ὁ</span> <span class='ocrx_word' id='word_1_468' title='bbox 1513 3545 1704 3614; x_wconf 71' lang='grc' dir='ltr'>καιρὸς</span> <span class='ocrx_word' id='word_1_469' title='bbox 1754 3546 1861 3598; x_wconf 79' lang='grc' dir='ltr'><strong>ὦσ-</strong></span> 
     </span>
    </p>
   </div>
   <div class='ocr_carea' id='block_1_66' title="bbox 274 3632 1860 3705">
    <p class='ocr_par' dir='ltr' id='par_1_66' title="bbox 274 3632 1860 3705">
     <span class='ocr_line' id='line_1_66' title="bbox 274 3632 1860 3705; baseline 0.003 -22"><span class='ocrx_word' id='word_1_470' title='bbox 274 3650 389 3702; x_wconf 82' lang='grc' dir='ltr'><strong>περ</strong></span> <span class='ocrx_word' id='word_1_471' title='bbox 423 3632 598 3701; x_wconf 80' lang='grc' dir='ltr'>κῆρυξ</span> <span class='ocrx_word' id='word_1_472' title='bbox 639 3632 826 3684; x_wconf 76' lang='grc' dir='ltr'>ἐκάλει</span> <span class='ocrx_word' id='word_1_473' title='bbox 884 3632 993 3683; x_wconf 84' lang='grc' dir='ltr'><strong>τῶν</strong></span> <span class='ocrx_word' id='word_1_474' title='bbox 1036 3632 1305 3702; x_wconf 81' lang='grc' dir='ltr'>Ἑλλήνων</span> <span class='ocrx_word' id='word_1_475' title='bbox 1357 3636 1448 3687; x_wconf 78' lang='grc' dir='ltr'><strong>τὸν</strong></span> <span class='ocrx_word' id='word_1_476' title='bbox 1484 3636 1860 3705; x_wconf 77' lang='grc' dir='ltr'>ἀνδρειότατον</span> 
     </span>
    </p>
   </div>
   <div class='ocr_carea' id='block_1_67' title="bbox 273 3725 1860 3797">
    <p class='ocr_par' dir='ltr' id='par_1_67' title="bbox 273 3725 1860 3797">
     <span class='ocr_line' id='line_1_67' title="bbox 273 3725 1860 3797; baseline 0.001 -19"><span class='ocrx_word' id='word_1_477' title='bbox 273 3725 381 3778; x_wconf 67' lang='grc' dir='ltr'><strong>καὶ</strong></span> <span class='ocrx_word' id='word_1_478' title='bbox 435 3726 527 3776; x_wconf 85' lang='grc' dir='ltr'><strong>τὸν</strong></span> <span class='ocrx_word' id='word_1_479' title='bbox 580 3727 646 3777; x_wconf 85' lang='grc' dir='ltr'><strong>ὲκ</strong></span> <span class='ocrx_word' id='word_1_480' title='bbox 686 3725 940 3779; x_wconf 85' lang='grc' dir='ltr'>πλείστου</span> <span class='ocrx_word' id='word_1_481' title='bbox 971 3730 1082 3789; x_wconf 89' lang='grc' dir='ltr'>τοῖς</span> <span class='ocrx_word' id='word_1_482' title='bbox 1138 3726 1381 3797; x_wconf 81' lang='grc' dir='ltr'>ἀρίστοις</span> <span class='ocrx_word' id='word_1_483' title='bbox 1411 3728 1690 3797; x_wconf 84' lang='grc' dir='ltr'>λογισμοῖς</span> <span class='ocrx_word' id='word_1_484' title='bbox 1720 3728 1860 3795; x_wconf 84' lang='grc' dir='ltr'>ὡμι-</span> 
     </span>
    </p>
   </div>
   <div class='ocr_carea' id='block_1_68' title="bbox 271 3815 1857 3887">
    <p class='ocr_par' dir='ltr' id='par_1_68' title="bbox 271 3815 1857 3887">
     <span class='ocr_line' id='line_1_68' title="bbox 271 3815 1857 3887; baseline 0.001 -19"><span class='ocrx_word' id='word_1_485' title='bbox 271 3816 509 3887; x_wconf 83' lang='grc' dir='ltr'>ληκότα,</span> <span class='ocrx_word' id='word_1_486' title='bbox 545 3817 637 3869; x_wconf 78' lang='grc' dir='ltr'><strong>καὶ</strong></span> <span class='ocrx_word' id='word_1_487' title='bbox 682 3817 831 3880; x_wconf 84' lang='grc' dir='ltr'>ὅστις</span> <span class='ocrx_word' id='word_1_488' title='bbox 857 3815 996 3870; x_wconf 80' lang='grc' dir='ltr'>οἶδεν</span> <span class='ocrx_word' id='word_1_489' title='bbox 1025 3819 1170 3880; x_wconf 80' lang='grc' dir='ltr'>ὅπως</span> <span class='ocrx_word' id='word_1_490' title='bbox 1200 3818 1281 3870; x_wconf 83' lang='grc' dir='ltr'><strong>δεῖ</strong></span> <span class='ocrx_word' id='word_1_491' title='bbox 1322 3817 1512 3882; x_wconf 75' lang='grc' dir='ltr'>σώζειν</span> <span class='ocrx_word' id='word_1_492' title='bbox 1544 3836 1601 3870; x_wconf 89' lang='grc' dir='ltr'><strong>τε</strong></span> <span class='ocrx_word' id='word_1_493' title='bbox 1631 3819 1724 3871; x_wconf 78' lang='grc' dir='ltr'>καὶ</span> <span class='ocrx_word' id='word_1_494' title='bbox 1751 3818 1857 3870; x_wconf 86' lang='grc' dir='ltr'><strong>σώ-</strong></span> 
     </span>
    </p>
   </div>
   <div class='ocr_carea' id='block_1_69' title="bbox 273 3907 1858 3980">
    <p class='ocr_par' dir='ltr' id='par_1_69' title="bbox 273 3907 1858 3980">
     <span class='ocr_line' id='line_1_69' title="bbox 273 3907 1858 3980; baseline 0.001 -21"><span class='ocrx_word' id='word_1_495' title='bbox 273 3907 488 3972; x_wconf 77' lang='grc' dir='ltr'>ζεσθαι.</span> <span class='ocrx_word' id='word_1_496' title='bbox 521 3908 581 3960; x_wconf 82' lang='lat' dir='ltr'><strong>El</strong></span> <span class='ocrx_word' id='word_1_497' title='bbox 606 3908 650 3960; x_wconf 78' lang='grc' dir='ltr'>δ’</span> <span class='ocrx_word' id='word_1_498' title='bbox 675 3907 719 3938; x_wconf 80' lang='grc'><strong>⁷⁷</strong></span> <span class='ocrx_word' id='word_1_499' title='bbox 746 3909 840 3960; x_wconf 85' lang='grc' dir='ltr'>ἀπ’</span> <span class='ocrx_word' id='word_1_500' title='bbox 866 3909 1045 3962; x_wconf 86' lang='grc' dir='ltr'>αὐτῶν</span> <span class='ocrx_word' id='word_1_501' title='bbox 1072 3910 1114 3939; x_wconf 74' lang='grc'><strong>⁷⁸</strong></span> <span class='ocrx_word' id='word_1_502' title='bbox 1143 3909 1253 3961; x_wconf 88' lang='grc' dir='ltr'><strong>τῶν</strong></span> <span class='ocrx_word' id='word_1_503' title='bbox 1276 3912 1534 3980; x_wconf 79' lang='grc' dir='ltr'>κηρύκων</span> <span class='ocrx_word' id='word_1_504' title='bbox 1562 3910 1858 3980; x_wconf 83' lang='grc' dir='ltr'>ἀρξάμενοι</span> 
     </span>
    </p>
   </div>
   <div class='ocr_carea' id='block_1_70' title="bbox 271 4000 1860 4071">
    <p class='ocr_par' dir='ltr' id='par_1_70' title="bbox 271 4000 1860 4071">
     <span class='ocr_line' id='line_1_70' title="bbox 271 4000 1860 4071; baseline 0.001 -19"><span class='ocrx_word' id='word_1_505' title='bbox 271 4001 372 4052; x_wconf 71' lang='grc' dir='ltr'><strong>καὶ</strong></span> <span class='ocrx_word' id='word_1_506' title='bbox 398 4000 493 4066; x_wconf 84' lang='grc' dir='ltr'>τῆς</span> <span class='ocrx_word' id='word_1_507' title='bbox 521 4001 867 4069; x_wconf 85' lang='grc' dir='ltr'>ἀποκρίσεως</span> <span class='ocrx_word' id='word_1_508' title='bbox 907 4002 1279 4071; x_wconf 78' lang='grc' dir='ltr'>προηγόρευον</span> <span class='ocrx_word' id='word_1_509' title='bbox 1324 4002 1641 4071; x_wconf 76' lang='grc' dir='ltr'>Ἀθηναίοις</span> <span class='ocrx_word' id='word_1_510' title='bbox 1664 4004 1743 4055; x_wconf 80' lang='grc' dir='ltr'>ὅτι</span> <span class='ocrx_word' id='word_1_511' title='bbox 1778 4004 1860 4055; x_wconf 83' lang='grc' dir='ltr'><strong>δεῖ</strong></span> 
     </span>
    </p>
   </div>
   <div class='ocr_carea' id='block_1_71' title="bbox 273 4091 1857 4165">
    <p class='ocr_par' dir='ltr' id='par_1_71' title="bbox 273 4091 1857 4165">
     <span class='ocr_line' id='line_1_71' title="bbox 273 4091 1857 4165; baseline 0.004 -23"><span class='ocrx_word' id='word_1_512' title='bbox 273 4091 511 4160; x_wconf 82' lang='grc' dir='ltr'>μελετᾷν</span> <span class='ocrx_word' id='word_1_513' title='bbox 559 4091 651 4143; x_wconf 84' lang='grc' dir='ltr'><strong>τὸν</strong></span> <span class='ocrx_word' id='word_1_514' title='bbox 704 4092 844 4163; x_wconf 79' lang='grc' dir='ltr'>ὑπὲρ</span> <span class='ocrx_word' id='word_1_515' title='bbox 902 4094 1004 4161; x_wconf 75' lang='grc' dir='ltr'>τῆς</span> <span class='ocrx_word' id='word_1_516' title='bbox 1060 4093 1169 4146; x_wconf 87' lang='grc' dir='ltr'><strong>τῶν</strong></span> <span class='ocrx_word' id='word_1_517' title='bbox 1223 4094 1490 4164; x_wconf 79' lang='grc' dir='ltr'>Ἐλλήνων</span> <span class='ocrx_word' id='word_1_518' title='bbox 1545 4094 1857 4165; x_wconf 77' lang='grc' dir='ltr'>ἐλευθερίας</span> 
     </span>
    </p>
   </div>
   <div class='ocr_carea' id='block_1_72' title="bbox 269 4184 1857 4258">
    <p class='ocr_par' dir='ltr' id='par_1_72' title="bbox 269 4184 1857 4258">
     <span class='ocr_line' id='line_1_72' title="bbox 269 4184 1857 4258; baseline 0.004 -22"><span class='ocrx_word' id='word_1_519' title='bbox 269 4184 465 4250; x_wconf 83' lang='grc' dir='ltr'>ἀγῶνα</span> <span class='ocrx_word' id='word_1_520' title='bbox 499 4185 591 4235; x_wconf 72' lang='grc' dir='ltr'><strong>καὶ</strong></span> <span class='ocrx_word' id='word_1_521' title='bbox 634 4185 708 4254; x_wconf 85' lang='grc' dir='ltr'>μὴ</span> <span class='ocrx_word' id='word_1_522' title='bbox 751 4184 928 4237; x_wconf 80' lang='grc' dir='ltr'>λιπεῖν</span> <span class='ocrx_word' id='word_1_523' title='bbox 955 4186 1054 4253; x_wconf 79' lang='grc' dir='ltr'>τὴν</span> <span class='ocrx_word' id='word_1_524' title='bbox 1077 4186 1168 4239; x_wconf 80' lang='grc' dir='ltr'>τοῦ</span> <span class='ocrx_word' id='word_1_525' title='bbox 1214 4188 1562 4258; x_wconf 88' lang='grc' dir='ltr'>φρονήματος</span> <span class='ocrx_word' id='word_1_526' title='bbox 1588 4189 1739 4251; x_wconf 81' lang='grc' dir='ltr'>τάξιν</span> <span class='ocrx_word' id='word_1_527' title='bbox 1764 4190 1857 4242; x_wconf 73' lang='grc' dir='ltr'>καὶ</span> 
     </span>
    </p>
   </div>
   <div class='ocr_carea' id='block_1_73' title="bbox 266 4270 1853 4343">
    <p class='ocr_par' dir='ltr' id='par_1_73' title="bbox 266 4270 1853 4343">
     <span class='ocr_line' id='line_1_73' title="bbox 266 4270 1853 4343; baseline 0.004 -21"><span class='ocrx_word' id='word_1_528' title='bbox 266 4270 333 4322; x_wconf 69' lang='grc' dir='ltr'><strong>οὐ</strong></span> <span class='ocrx_word' id='word_1_529' title='bbox 385 4272 452 4323; x_wconf 72' lang='grc' dir='ltr'>τὰ</span> <span class='ocrx_word' id='word_1_530' title='bbox 475 4272 519 4301; x_wconf 82' lang='grc'>⁷⁹</span> <span class='ocrx_word' id='word_1_531' title='bbox 553 4270 693 4323; x_wconf 81' lang='grc' dir='ltr'>ὅπλα</span> <span class='ocrx_word' id='word_1_532' title='bbox 736 4271 997 4341; x_wconf 75' lang='grc' dir='ltr'>ῥίψαντας</span> <span class='ocrx_word' id='word_1_533' title='bbox 1035 4274 1155 4325; x_wconf 78' lang='grc' dir='ltr'>οὐδὲ</span> <span class='ocrx_word' id='word_1_534' title='bbox 1204 4277 1317 4337; x_wconf 88' lang='grc' dir='ltr'>τοῖς</span> <span class='ocrx_word' id='word_1_535' title='bbox 1349 4276 1535 4343; x_wconf 79' lang='grc' dir='ltr'>φόϐοις</span> <span class='ocrx_word' id='word_1_536' title='bbox 1572 4276 1853 4341; x_wconf 77' lang='grc' dir='ltr'>εἴξαντας,</span> 
     </span>
    </p>
   </div>
   <div class='ocr_carea' id='block_1_74' title="bbox 262 4359 1855 4437">
    <p class='ocr_par' dir='ltr' id='par_1_74' title="bbox 262 4359 1855 4437">
     <span class='ocr_line' id='line_1_74' title="bbox 262 4359 1855 4437; baseline 0.004 -24"><span class='ocrx_word' id='word_1_537' title='bbox 262 4359 390 4413; x_wconf 79' lang='grc' dir='ltr'>ἀλλ’</span> <span class='ocrx_word' id='word_1_538' title='bbox 427 4361 796 4423; x_wconf 83' lang='grc' dir='ltr'>ἀναλαϐόντας</span> <span class='ocrx_word' id='word_1_539' title='bbox 824 4363 893 4415; x_wconf 78' lang='grc' dir='ltr'>τὰ</span> <span class='ocrx_word' id='word_1_540' title='bbox 924 4365 1063 4417; x_wconf 82' lang='grc' dir='ltr'>ὅπλα</span> <span class='ocrx_word' id='word_1_541' title='bbox 1095 4366 1183 4418; x_wconf 79' lang='grc' dir='ltr'><strong>καὶ</strong></span> <span class='ocrx_word' id='word_1_542' title='bbox 1230 4367 1334 4417; x_wconf 85' lang='grc' dir='ltr'><strong>τῶν</strong></span> <span class='ocrx_word' id='word_1_543' title='bbox 1366 4368 1544 4433; x_wconf 69' lang='grc' dir='ltr'>φόϐων</span> <span class='ocrx_word' id='word_1_544' title='bbox 1574 4368 1855 4437; x_wconf 86' lang='grc' dir='ltr'>κρείττους</span> 
     </span>
    </p>
   </div>
   <div class='ocr_carea' id='block_1_75' title="bbox 262 4454 1854 4531">
    <p class='ocr_par' dir='ltr' id='par_1_75' title="bbox 262 4454 1854 4531">
     <span class='ocr_line' id='line_1_75' title="bbox 262 4454 1854 4531; baseline 0.006 -28"><span class='ocrx_word' id='word_1_545' title='bbox 262 4454 628 4531; x_wconf 80' lang='grc' dir='ltr'>γενομένους,</span> <span class='ocrx_word' id='word_1_546' title='bbox 662 4456 862 4526; x_wconf 83' lang='grc' dir='ltr'>μᾶλλον</span> <span class='ocrx_word' id='word_1_547' title='bbox 899 4457 953 4509; x_wconf 81' lang='grc' dir='ltr'>δὲ</span> <span class='ocrx_word' id='word_1_548' title='bbox 986 4458 1081 4511; x_wconf 75' lang='grc' dir='ltr'><strong>ἕνα</strong></span> <span class='ocrx_word' id='word_1_549' title='bbox 1126 4459 1315 4511; x_wconf 74' lang='grc' dir='ltr'>τοῦτον</span> <span class='ocrx_word' id='word_1_550' title='bbox 1363 4459 1525 4526; x_wconf 79' lang='grc' dir='ltr'>φόϐον</span> <span class='ocrx_word' id='word_1_551' title='bbox 1554 4462 1648 4513; x_wconf 65' lang='grc' dir='ltr'><strong>καὶ</strong></span> <span class='ocrx_word' id='word_1_552' title='bbox 1682 4460 1854 4512; x_wconf 79' lang='grc' dir='ltr'>δεινὸν</span> 
     </span>
    </p>
   </div>
   <div class='ocr_carea' id='block_1_76' title="bbox 1967 3270 3548 3344">
    <p class='ocr_par' dir='ltr' id='par_1_76' title="bbox 1967 3270 3548 3344">
     <span class='ocr_line' id='line_1_76' title="bbox 1967 3270 3548 3344; baseline -0.004 -13"><span class='ocrx_word' id='word_1_553' title='bbox 1967 3276 2048 3332; x_wconf 91' lang='lat' dir='ltr'><strong>sol</strong></span> <span class='ocrx_word' id='word_1_554' title='bbox 2086 3275 2306 3344; x_wconf 87' lang='lat' dir='ltr'><strong>quidem</strong></span> <span class='ocrx_word' id='word_1_555' title='bbox 2350 3289 2538 3328; x_wconf 89' lang='lat' dir='ltr'><strong>omnes</strong></span> <span class='ocrx_word' id='word_1_556' title='bbox 2573 3281 2753 3342; x_wconf 80' lang='lat' dir='ltr'><strong>potest</strong></span> <span class='ocrx_word' id='word_1_557' title='bbox 2793 3270 3114 3334; x_wconf 80' lang='lat' dir='ltr'><strong>calefacere,</strong></span> <span class='ocrx_word' id='word_1_558' title='bbox 3160 3283 3322 3339; x_wconf 89' lang='lat' dir='ltr'><strong>atque</strong></span> <span class='ocrx_word' id='word_1_559' title='bbox 3352 3271 3548 3337; x_wconf 87' lang='lat' dir='ltr'><strong>aliquis</strong></span> 
     </span>
    </p>
   </div>
   <div class='ocr_carea' id='block_1_77' title="bbox 1965 3362 3545 3431">
    <p class='ocr_par' dir='ltr' id='par_1_77' title="bbox 1965 3362 3545 3431">
     <span class='ocr_line' id='line_1_77' title="bbox 1965 3362 3545 3431; baseline -0.003 -11"><span class='ocrx_word' id='word_1_560' title='bbox 1965 3367 2195 3421; x_wconf 91' lang='lat' dir='ltr'><strong>meridie</strong></span> <span class='ocrx_word' id='word_1_561' title='bbox 2249 3380 2441 3421; x_wconf 90' lang='lat' dir='ltr'><strong>serena</strong></span> <span class='ocrx_word' id='word_1_562' title='bbox 2486 3364 2585 3417; x_wconf 88' lang='lat' dir='ltr'><strong>sub</strong></span> <span class='ocrx_word' id='word_1_563' title='bbox 2628 3364 2996 3417; x_wconf 88' lang='lat' dir='ltr'><strong>accessionem</strong></span> <span class='ocrx_word' id='word_1_564' title='bbox 3047 3362 3212 3416; x_wconf 81' lang='lat' dir='ltr'><strong>febris</strong></span> <span class='ocrx_word' id='word_1_565' title='bbox 3258 3362 3545 3431; x_wconf 85' lang='lat' dir='ltr'><strong>aliquando</strong></span> 
     </span>
    </p>
   </div>
   <div class='ocr_carea' id='block_1_78' title="bbox 1964 3452 3544 3525">
    <p class='ocr_par' dir='ltr' id='par_1_78' title="bbox 1964 3452 3544 3525">
     <span class='ocr_line' id='line_1_78' title="bbox 1964 3452 3544 3525; baseline -0.001 -16"><span class='ocrx_word' id='word_1_566' title='bbox 1964 3457 2149 3525; x_wconf 86' lang='lat' dir='ltr'><strong>riguit.</strong></span> <span class='ocrx_word' id='word_1_567' title='bbox 2190 3454 2386 3509; x_wconf 84' lang='lat' dir='ltr'><strong>Verum</strong></span> <span class='ocrx_word' id='word_1_568' title='bbox 2419 3456 2532 3507; x_wconf 65' lang='lat' dir='ltr'><strong>lucc</strong></span> <span class='ocrx_word' id='word_1_569' title='bbox 2576 3466 2664 3507; x_wconf 90' lang='lat' dir='ltr'><strong>res</strong></span> <span class='ocrx_word' id='word_1_570' title='bbox 2687 3453 2861 3505; x_wconf 86' lang='lat' dir='ltr'><strong>instar</strong></span> <span class='ocrx_word' id='word_1_571' title='bbox 2909 3453 3173 3521; x_wconf 84' lang='lat' dir='ltr'><strong>praeconis</strong></span> <span class='ocrx_word' id='word_1_572' title='bbox 3218 3452 3544 3507; x_wconf 88' lang='lat' dir='ltr'><strong>fortissimos</strong></span> 
     </span>
    </p>
   </div>
   <div class='ocr_carea' id='block_1_79' title="bbox 1962 3544 3544 3618">
    <p class='ocr_par' dir='ltr' id='par_1_79' title="bbox 1962 3544 3544 3618">
     <span class='ocr_line' id='line_1_79' title="bbox 1962 3544 3544 3618; baseline -0.001 -17"><span class='ocrx_word' id='word_1_573' title='bbox 1962 3562 2207 3618; x_wconf 89' lang='lat' dir='ltr'><strong>quosque</strong></span> <span class='ocrx_word' id='word_1_574' title='bbox 2232 3546 2541 3602; x_wconf 53' lang='lat' dir='ltr'><strong>Graecorum</strong></span> <span class='ocrx_word' id='word_1_575' title='bbox 2573 3545 2858 3607; x_wconf 86' lang='lat' dir='ltr'><strong>evocabat,</strong></span> <span class='ocrx_word' id='word_1_576' title='bbox 2890 3553 2943 3599; x_wconf 92' lang='lat' dir='ltr'><strong>et</strong></span> <span class='ocrx_word' id='word_1_577' title='bbox 2976 3545 3064 3613; x_wconf 92' lang='lat' dir='ltr'><strong>qui</strong></span> <span class='ocrx_word' id='word_1_578' title='bbox 3094 3544 3292 3598; x_wconf 91' lang='lat' dir='ltr'><strong>dudum</strong></span> <span class='ocrx_word' id='word_1_579' title='bbox 3323 3547 3544 3612; x_wconf 91' lang='lat' dir='ltr'><strong>optimis</strong></span> 
     </span>
    </p>
   </div>
   <div class='ocr_carea' id='block_1_80' title="bbox 1962 3633 3544 3705">
    <p class='ocr_par' dir='ltr' id='par_1_80' title="bbox 1962 3633 3544 3705">
     <span class='ocr_line' id='line_1_80' title="bbox 1962 3633 3544 3705; baseline -0.004 -14"><span class='ocrx_word' id='word_1_580' title='bbox 1962 3637 2206 3691; x_wconf 87' lang='lat' dir='ltr'><strong>consiliis</strong></span> <span class='ocrx_word' id='word_1_581' title='bbox 2234 3649 2359 3689; x_wconf 89' lang='lat' dir='ltr'><strong>ante</strong></span> <span class='ocrx_word' id='word_1_582' title='bbox 2396 3633 2560 3705; x_wconf 69' lang='grc'>427</span> <span class='ocrx_word' id='word_1_583' title='bbox 2586 3652 2617 3687; x_wconf 90' lang='lat' dir='ltr'><strong>a</strong></span> <span class='ocrx_word' id='word_1_584' title='bbox 2648 3634 2967 3697; x_wconf 88' lang='lat' dir='ltr'><strong>valuissent,</strong></span> <span class='ocrx_word' id='word_1_585' title='bbox 3016 3649 3078 3687; x_wconf 90' lang='lat' dir='ltr'><strong>ac</strong></span> <span class='ocrx_word' id='word_1_586' title='bbox 3118 3635 3385 3702; x_wconf 91' lang='lat' dir='ltr'><strong>quomodo</strong></span> <span class='ocrx_word' id='word_1_587' title='bbox 3423 3650 3544 3689; x_wconf 86' lang='lat' dir='ltr'><strong>ser-</strong></span> 
     </span>
    </p>
   </div>
   <div class='ocr_carea' id='block_1_81' title="bbox 1961 3723 3542 3794">
    <p class='ocr_par' dir='ltr' id='par_1_81' title="bbox 1961 3723 3542 3794">
     <span class='ocr_line' id='line_1_81' title="bbox 1961 3723 3542 3794; baseline -0.003 -13"><span class='ocrx_word' id='word_1_588' title='bbox 1961 3743 2090 3781; x_wconf 84' lang='lat' dir='ltr'><strong>vare</strong></span> <span class='ocrx_word' id='word_1_589' title='bbox 2121 3726 2435 3794; x_wconf 79' lang='lat' dir='ltr'><strong>servarique</strong></span> <span class='ocrx_word' id='word_1_590' title='bbox 2462 3726 2741 3785; x_wconf 81' lang='lat' dir='ltr'><strong>deberent,</strong></span> <span class='ocrx_word' id='word_1_591' title='bbox 2774 3726 2995 3778; x_wconf 84' lang='lat' dir='ltr'><strong>scirent.</strong></span> <span class='ocrx_word' id='word_1_592' title='bbox 3029 3723 3122 3778; x_wconf 91' lang='lat' dir='ltr'><strong>Sin</strong></span> <span class='ocrx_word' id='word_1_593' title='bbox 3155 3725 3223 3777; x_wconf 89' lang='lat' dir='ltr'><strong>ab</strong></span> <span class='ocrx_word' id='word_1_594' title='bbox 3249 3725 3377 3792; x_wconf 80' lang='lat' dir='ltr'><strong>ipsis</strong></span> <span class='ocrx_word' id='word_1_595' title='bbox 3409 3741 3542 3794; x_wconf 70' lang='lat' dir='ltr'><strong>pne-</strong></span> 
     </span>
    </p>
   </div>
   <div class='ocr_carea' id='block_1_82' title="bbox 1960 3815 3543 3887">
    <p class='ocr_par' dir='ltr' id='par_1_82' title="bbox 1960 3815 3543 3887">
     <span class='ocr_line' id='line_1_82' title="bbox 1960 3815 3543 3887; baseline -0.002 -15"><span class='ocrx_word' id='word_1_596' title='bbox 1960 3819 2187 3872; x_wconf 87' lang='lat' dir='ltr'><strong>conibus</strong></span> <span class='ocrx_word' id='word_1_597' title='bbox 2216 3833 2279 3871; x_wconf 89' lang='lat' dir='ltr'><strong>ac</strong></span> <span class='ocrx_word' id='word_1_598' title='bbox 2316 3833 2575 3887; x_wconf 86' lang='lat' dir='ltr'><strong>responso</strong></span> <span class='ocrx_word' id='word_1_599' title='bbox 2619 3816 2800 3871; x_wconf 82' lang='lat' dir='ltr'><strong>exorsi</strong></span> <span class='ocrx_word' id='word_1_600' title='bbox 2840 3815 3195 3884; x_wconf 71' lang='lat' dir='ltr'><strong>iniunxerunt</strong></span> <span class='ocrx_word' id='word_1_601' title='bbox 3242 3816 3543 3870; x_wconf 76' lang='lat' dir='ltr'><strong>Athenien-</strong></span> 
     </span>
    </p>
   </div>
   <div class='ocr_carea' id='block_1_83' title="bbox 1960 3909 3544 3982">
    <p class='ocr_par' dir='ltr' id='par_1_83' title="bbox 1960 3909 3544 3982">
     <span class='ocr_line' id='line_1_83' title="bbox 1960 3909 3544 3982; baseline -0.002 -18"><span class='ocrx_word' id='word_1_602' title='bbox 1960 3910 2111 3964; x_wconf 89' lang='lat' dir='ltr'><strong>sibus</strong></span> <span class='ocrx_word' id='word_1_603' title='bbox 2143 3918 2200 3963; x_wconf 91' lang='lat' dir='ltr'><strong>ut</strong></span> <span class='ocrx_word' id='word_1_604' title='bbox 2234 3920 2508 3964; x_wconf 91' lang='lat' dir='ltr'><strong>certamen</strong></span> <span class='ocrx_word' id='word_1_605' title='bbox 2538 3926 2636 3982; x_wconf 92' lang='lat' dir='ltr'><strong>pro</strong></span> <span class='ocrx_word' id='word_1_606' title='bbox 2671 3911 2985 3965; x_wconf 57' lang='lat' dir='ltr'><strong>Grmcorum</strong></span> <span class='ocrx_word' id='word_1_607' title='bbox 3020 3909 3267 3964; x_wconf 87' lang='lat' dir='ltr'><strong>libertate</strong></span> <span class='ocrx_word' id='word_1_608' title='bbox 3310 3910 3544 3963; x_wconf 79' lang='lat' dir='ltr'><strong>medita-</strong></span> 
     </span>
    </p>
   </div>
   <div class='ocr_carea' id='block_1_84' title="bbox 1960 4000 3542 4070">
    <p class='ocr_par' dir='ltr' id='par_1_84' title="bbox 1960 4000 3542 4070">
     <span class='ocr_line' id='line_1_84' title="bbox 1960 4000 3542 4070; baseline -0.001 -15"><span class='ocrx_word' id='word_1_609' title='bbox 1960 4012 2171 4065; x_wconf 88' lang='lat' dir='ltr'><strong>rentur,</strong></span> <span class='ocrx_word' id='word_1_610' title='bbox 2200 4016 2299 4055; x_wconf 92' lang='lat' dir='ltr'><strong>nec</strong></span> <span class='ocrx_word' id='word_1_611' title='bbox 2317 4001 2543 4070; x_wconf 85' lang='lat' dir='ltr'><strong>gloriam</strong></span> <span class='ocrx_word' id='word_1_612' title='bbox 2564 4018 2717 4056; x_wconf 92' lang='lat' dir='ltr'><strong>suam</strong></span> <span class='ocrx_word' id='word_1_613' title='bbox 2747 4002 3091 4070; x_wconf 86' lang='lat' dir='ltr'><strong>projicerent,</strong></span> <span class='ocrx_word' id='word_1_614' title='bbox 3120 4016 3293 4069; x_wconf 90' lang='lat' dir='ltr'><strong>neque</strong></span> <span class='ocrx_word' id='word_1_615' title='bbox 3318 4000 3542 4069; x_wconf 84' lang='lat' dir='ltr'><strong>ahjectis</strong></span> 
     </span>
    </p>
   </div>
   <div class='ocr_carea' id='block_1_85' title="bbox 1961 4093 3542 4162">
    <p class='ocr_par' dir='ltr' id='par_1_85' title="bbox 1961 4093 3542 4162">
     <span class='ocr_line' id='line_1_85' title="bbox 1961 4093 3542 4162; baseline -0.003 -15"><span class='ocrx_word' id='word_1_616' title='bbox 1961 4097 2131 4148; x_wconf 86' lang='lat' dir='ltr'><strong>armis</strong></span> <span class='ocrx_word' id='word_1_617' title='bbox 2163 4097 2325 4150; x_wconf 91' lang='lat' dir='ltr'><strong>metui</strong></span> <span class='ocrx_word' id='word_1_618' title='bbox 2359 4096 2618 4151; x_wconf 88' lang='lat' dir='ltr'><strong>cederent</strong></span> <span class='ocrx_word' id='word_1_619' title='bbox 2650 4112 2664 4147; x_wconf 84' lang='lat'>;</span> <span class='ocrx_word' id='word_1_620' title='bbox 2701 4109 2888 4147; x_wconf 89' lang='lat' dir='ltr'><strong>verum</strong></span> <span class='ocrx_word' id='word_1_621' title='bbox 2921 4094 2987 4147; x_wconf 92' lang='lat' dir='ltr'><strong>iis</strong></span> <span class='ocrx_word' id='word_1_622' title='bbox 3019 4093 3312 4162; x_wconf 81' lang='lat' dir='ltr'><strong>resumptis</strong></span> <span class='ocrx_word' id='word_1_623' title='bbox 3341 4103 3542 4145; x_wconf 88' lang='lat' dir='ltr'><strong>metum</strong></span> 
     </span>
    </p>
   </div>
   <div class='ocr_carea' id='block_1_86' title="bbox 1960 4189 3542 4259">
    <p class='ocr_par' dir='ltr' id='par_1_86' title="bbox 1960 4189 3542 4259">
     <span class='ocr_line' id='line_1_86' title="bbox 1960 4189 3542 4259; baseline -0.004 -16"><span class='ocrx_word' id='word_1_624' title='bbox 1960 4190 2281 4259; x_wconf 84' lang='lat' dir='ltr'><strong>abjicerent,</strong></span> <span class='ocrx_word' id='word_1_625' title='bbox 2315 4202 2478 4259; x_wconf 83' lang='lat' dir='ltr'><strong>atque</strong></span> <span class='ocrx_word' id='word_1_626' title='bbox 2508 4190 2609 4245; x_wconf 88' lang='lat' dir='ltr'><strong>hoc</strong></span> <span class='ocrx_word' id='word_1_627' title='bbox 2640 4190 2819 4258; x_wconf 87' lang='lat' dir='ltr'><strong>potius</strong></span> <span class='ocrx_word' id='word_1_628' title='bbox 2853 4189 3175 4257; x_wconf 78' lang='lat' dir='ltr'><strong>gravissime</strong></span> <span class='ocrx_word' id='word_1_629' title='bbox 3218 4193 3542 4247; x_wconf 83' lang='lat' dir='ltr'><strong>metuerent,</strong></span> 
     </span>
    </p>
   </div>
   <div class='ocr_carea' id='block_1_87' title="bbox 1959 4276 3546 4347">
    <p class='ocr_par' dir='ltr' id='par_1_87' title="bbox 1959 4276 3546 4347">
     <span class='ocr_line' id='line_1_87' title="bbox 1959 4276 3546 4347; baseline -0.003 -12"><span class='ocrx_word' id='word_1_630' title='bbox 1959 4297 2027 4335; x_wconf 90' lang='lat' dir='ltr'><strong>ne</strong></span> <span class='ocrx_word' id='word_1_631' title='bbox 2050 4282 2415 4335; x_wconf 85' lang='lat' dir='ltr'><strong>deterioribus</strong></span> <span class='ocrx_word' id='word_1_632' title='bbox 2441 4297 2541 4335; x_wconf 89' lang='lat' dir='ltr'><strong>nec</strong></span> <span class='ocrx_word' id='word_1_633' title='bbox 2588 4281 2745 4333; x_wconf 66' lang='lat' dir='ltr'><strong>avitae</strong></span> <span class='ocrx_word' id='word_1_634' title='bbox 2770 4280 3015 4347; x_wconf 78' lang='lat' dir='ltr'><strong>dignitati</strong></span> <span class='ocrx_word' id='word_1_635' title='bbox 3042 4279 3326 4338; x_wconf 75' lang='lat' dir='ltr'><strong>cederent;</strong></span> <span class='ocrx_word' id='word_1_636' title='bbox 3358 4276 3403 4329; x_wconf 91' lang='lat' dir='ltr'><strong>si</strong></span> <span class='ocrx_word' id='word_1_637' title='bbox 3441 4277 3546 4330; x_wconf 88' lang='lat' dir='ltr'><strong>hoc</strong></span> 
     </span>
    </p>
   </div>
   <div class='ocr_carea' id='block_1_88' title="bbox 1959 4373 3540 4428">
    <p class='ocr_par' dir='ltr' id='par_1_88' title="bbox 1959 4373 3540 4428">
     <span class='ocr_line' id='line_1_88' title="bbox 1959 4373 3540 4428; baseline -0.007 0"><span class='ocrx_word' id='word_1_638' title='bbox 1959 4387 2053 4428; x_wconf 76' lang='lat' dir='ltr'><strong>COS</strong></span> <span class='ocrx_word' id='word_1_639' title='bbox 2088 4373 2247 4428; x_wconf 76' lang='lat' dir='ltr'><strong>IllOdO</strong></span> <span class='ocrx_word' id='word_1_640' title='bbox 2270 4376 2333 4427; x_wconf 90' lang='lat' dir='ltr'><strong>ad</strong></span> <span class='ocrx_word' id='word_1_641' title='bbox 2366 4388 2653 4426; x_wconf 88' lang='lat' dir='ltr'><strong>commune</strong></span> <span class='ocrx_word' id='word_1_642' title='bbox 2692 4374 2757 4426; x_wconf 90' lang='lat' dir='ltr'><strong>de</strong></span> <span class='ocrx_word' id='word_1_643' title='bbox 2790 4384 3000 4425; x_wconf 90' lang='lat' dir='ltr'><strong>summa</strong></span> <span class='ocrx_word' id='word_1_644' title='bbox 3042 4383 3221 4421; x_wconf 87' lang='lat' dir='ltr'><strong>rerum</strong></span> <span class='ocrx_word' id='word_1_645' title='bbox 3264 4376 3540 4419; x_wconf 87' lang='lat' dir='ltr'><strong>certamen</strong></span> 
     </span>
    </p>
   </div>
   <div class='ocr_carea' id='block_1_89' title="bbox 1960 4453 3541 4525">
    <p class='ocr_par' dir='ltr' id='par_1_89' title="bbox 1960 4453 3541 4525">
     <span class='ocr_line' id='line_1_89' title="bbox 1960 4453 3541 4525; baseline -0.006 -8"><span class='ocrx_word' id='word_1_646' title='bbox 1960 4478 2251 4517; x_wconf 90' lang='lat' dir='ltr'><strong>occurrere</strong></span> <span class='ocrx_word' id='word_1_647' title='bbox 2297 4463 2604 4525; x_wconf 88' lang='lat' dir='ltr'><strong>voluerunt,</strong></span> <span class='ocrx_word' id='word_1_648' title='bbox 2642 4474 2695 4515; x_wconf 92' lang='lat' dir='ltr'><strong>et</strong></span> <span class='ocrx_word' id='word_1_649' title='bbox 2731 4467 2980 4513; x_wconf 86' lang='lat' dir='ltr'><strong>eventum</strong></span> <span class='ocrx_word' id='word_1_650' title='bbox 3020 4468 3357 4524; x_wconf 83' lang='lat' dir='ltr'><strong>exspectare,</strong></span> <span class='ocrx_word' id='word_1_651' title='bbox 3388 4453 3541 4522; x_wconf 87' lang='lat' dir='ltr'><strong>quasi</strong></span> 
     </span>
    </p>
   </div>
   <div class='ocr_carea' id='block_1_90' title="bbox 261 4536 1859 4621">
    <p class='ocr_par' dir='ltr' id='par_1_90' title="bbox 261 4543 1855 4621">
     <span class='ocr_line' id='line_1_90' title="bbox 261 4543 1855 4621; baseline 0.005 -26"><span class='ocrx_word' id='word_1_652' title='bbox 261 4543 368 4595; x_wconf 73' lang='grc' dir='ltr'><strong>καὶ</strong></span> <span class='ocrx_word' id='word_1_653' title='bbox 414 4543 687 4613; x_wconf 66' lang='grc' dir='ltr'>ἀφόρητον</span> <span class='ocrx_word' id='word_1_654' title='bbox 734 4548 1092 4615; x_wconf 77' lang='grc' dir='ltr'>νομίσαντας,</span> <span class='ocrx_word' id='word_1_655' title='bbox 1144 4545 1283 4613; x_wconf 81' lang='grc' dir='ltr'>εἶξαι</span> <span class='ocrx_word' id='word_1_656' title='bbox 1330 4552 1441 4612; x_wconf 88' lang='grc' dir='ltr'>τοῖς</span> <span class='ocrx_word' id='word_1_657' title='bbox 1498 4551 1708 4621; x_wconf 87' lang='grc' dir='ltr'>χείροσι</span> <span class='ocrx_word' id='word_1_658' title='bbox 1761 4552 1855 4605; x_wconf 72' lang='grc' dir='ltr'><strong>καὶ</strong></span> 
     </span>
    </p>
   </div>
   <div class='ocr_carea' id='block_1_91' title="bbox 1965 4536 3541 4621">
    <p class='ocr_par' dir='ltr' id='par_1_91' title="bbox 1965 4546 3541 4619">
     <span class='ocr_line' id='line_1_91' title="bbox 1965 4546 3541 4619; baseline -0.004 -16"><span class='ocrx_word' id='word_1_659' title='bbox 1965 4551 2015 4604; x_wconf 89' lang='lat' dir='ltr'><strong>in</strong></span> <span class='ocrx_word' id='word_1_660' title='bbox 2048 4561 2334 4618; x_wconf 85' lang='lat' dir='ltr'><strong>utramque</strong></span> <span class='ocrx_word' id='word_1_661' title='bbox 2367 4561 2574 4619; x_wconf 79' lang='lat' dir='ltr'><strong>partem</strong></span> <span class='ocrx_word' id='word_1_662' title='bbox 2613 4550 2796 4604; x_wconf 82' lang='lat' dir='ltr'><strong>felices</strong></span> <span class='ocrx_word' id='word_1_663' title='bbox 2824 4564 2979 4617; x_wconf 71' lang='lat' dir='ltr'><strong>teque</strong></span> <span class='ocrx_word' id='word_1_664' title='bbox 3011 4556 3197 4601; x_wconf 80' lang='lat' dir='ltr'><strong>essent</strong></span> <span class='ocrx_word' id='word_1_665' title='bbox 3221 4546 3410 4607; x_wconf 90' lang='lat' dir='ltr'><strong>futuri,</strong></span> <span class='ocrx_word' id='word_1_666' title='bbox 3435 4560 3541 4597; x_wconf 91' lang='lat' dir='ltr'><strong>non</strong></span> 
     </span>
    </p>
   </div>
   <div class='ocr_carea' id='block_1_92' title="bbox 262 4636 1857 4711">
    <p class='ocr_par' dir='ltr' id='par_1_92' title="bbox 262 4636 1857 4711">
     <span class='ocr_line' id='line_1_92' title="bbox 262 4636 1857 4711; baseline 0.007 -26"><span class='ocrx_word' id='word_1_667' title='bbox 262 4636 678 4706; x_wconf 76' lang='grc' dir='ltr'>παραχωρῆσαι</span> <span class='ocrx_word' id='word_1_668' title='bbox 710 4641 806 4691; x_wconf 76' lang='grc' dir='ltr'><strong>τοῦ</strong></span> <span class='ocrx_word' id='word_1_669' title='bbox 852 4642 1085 4710; x_wconf 87' lang='grc' dir='ltr'>πατρίου</span> <span class='ocrx_word' id='word_1_670' title='bbox 1138 4643 1419 4711; x_wconf 81' lang='grc' dir='ltr'>σχήματος</span> <span class='ocrx_word' id='word_1_671' title='bbox 1439 4683 1452 4706; x_wconf 96' lang='grc'><strong>,</strong></span> <span class='ocrx_word' id='word_1_672' title='bbox 1488 4645 1535 4695; x_wconf 83' lang='grc' dir='ltr'><strong>εί</strong></span> <span class='ocrx_word' id='word_1_673' title='bbox 1566 4644 1737 4696; x_wconf 79' lang='grc' dir='ltr'>ταῦτα</span> <span class='ocrx_word' id='word_1_674' title='bbox 1769 4645 1857 4696; x_wconf 84' lang='grc' dir='ltr'><strong>λέ-</strong></span> 
     </span>
    </p>
   </div>
   <div class='ocr_carea' id='block_1_93' title="bbox 260 4726 1858 4805">
    <p class='ocr_par' dir='ltr' id='par_1_93' title="bbox 260 4726 1858 4805">
     <span class='ocr_line' id='line_1_93' title="bbox 260 4726 1858 4805; baseline 0.008 -31"><span class='ocrx_word' id='word_1_675' title='bbox 260 4730 468 4791; x_wconf 73' lang='grc' dir='ltr'>γοντας</span> <span class='ocrx_word' id='word_1_676' title='bbox 501 4726 594 4777; x_wconf 84' lang='grc' dir='ltr'>καὶ</span> <span class='ocrx_word' id='word_1_677' title='bbox 628 4726 770 4781; x_wconf 79' lang='grc' dir='ltr'>οὕτω</span> <span class='ocrx_word' id='word_1_678' title='bbox 798 4733 1353 4801; x_wconf 84' lang='grc' dir='ltr'>παρεσκευασμένους</span> <span class='ocrx_word' id='word_1_679' title='bbox 1386 4734 1572 4803; x_wconf 71' lang='grc' dir='ltr'>ἠξίουν</span> <span class='ocrx_word' id='word_1_680' title='bbox 1612 4736 1858 4805; x_wconf 81' lang='grc' dir='ltr'>ἀπαντᾷν</span> 
     </span>
    </p>
   </div>
   <div class='ocr_carea' id='block_1_94' title="bbox 262 4815 1858 4895">
    <p class='ocr_par' dir='ltr' id='par_1_94' title="bbox 262 4815 1858 4895">
     <span class='ocr_line' id='line_1_94' title="bbox 262 4815 1858 4895; baseline 0.011 -32"><span class='ocrx_word' id='word_1_681' title='bbox 262 4815 367 4865; x_wconf 71' lang='grc' dir='ltr'>ἐπὶ</span> <span class='ocrx_word' id='word_1_682' title='bbox 393 4816 493 4880; x_wconf 84' lang='grc' dir='ltr'>τὴν</span> <span class='ocrx_word' id='word_1_683' title='bbox 533 4818 715 4887; x_wconf 87' lang='grc' dir='ltr'>κρίσιν</span> <span class='ocrx_word' id='word_1_684' title='bbox 747 4820 844 4889; x_wconf 81' lang='grc' dir='ltr'><strong>τὴν</strong></span> <span class='ocrx_word' id='word_1_685' title='bbox 881 4823 1009 4891; x_wconf 77' lang='grc' dir='ltr'>περὶ</span> <span class='ocrx_word' id='word_1_686' title='bbox 1036 4824 1143 4875; x_wconf 87' lang='grc' dir='ltr'><strong>τῶν</strong></span> <span class='ocrx_word' id='word_1_687' title='bbox 1174 4824 1311 4877; x_wconf 82' lang='grc' dir='ltr'>ὅλων</span> <span class='ocrx_word' id='word_1_688' title='bbox 1337 4826 1433 4878; x_wconf 79' lang='grc' dir='ltr'><strong>καὶ</strong></span> <span class='ocrx_word' id='word_1_689' title='bbox 1455 4825 1706 4895; x_wconf 82' lang='grc' dir='ltr'>δέχεσθαι</span> <span class='ocrx_word' id='word_1_690' title='bbox 1728 4825 1773 4857; x_wconf 84' lang='grc'><strong>⁸⁰</strong></span> <span class='ocrx_word' id='word_1_691' title='bbox 1798 4826 1858 4880; x_wconf 87' lang='grc' dir='ltr'><strong>τὸ</strong></span> 
     </span>
    </p>
   </div>
   <div class='ocr_carea' id='block_1_95' title="bbox 260 4904 1853 4987">
    <p class='ocr_par' dir='ltr' id='par_1_95' title="bbox 260 4904 1853 4987">
     <span class='ocr_line' id='line_1_95' title="bbox 260 4904 1853 4987; baseline 0.011 -33"><span class='ocrx_word' id='word_1_692' title='bbox 260 4904 642 4974; x_wconf 73' lang='grc' dir='ltr'>ἐκϐησόμενον</span> <span class='ocrx_word' id='word_1_693' title='bbox 666 4909 740 4972; x_wconf 83' lang='grc' dir='ltr'>ὡς</span> <span class='ocrx_word' id='word_1_694' title='bbox 773 4912 859 4963; x_wconf 78' lang='grc' dir='ltr'>ἐπ’</span> <span class='ocrx_word' id='word_1_695' title='bbox 890 4913 1175 4982; x_wconf 83' lang='grc' dir='ltr'>ἀμφότερα</span> <span class='ocrx_word' id='word_1_696' title='bbox 1204 4916 1406 4985; x_wconf 84' lang='grc' dir='ltr'>ὁμοίως</span> <span class='ocrx_word' id='word_1_697' title='bbox 1433 4918 1853 4987; x_wconf 82' lang='grc' dir='ltr'>κερδανοῦντας,</span> 
     </span>
    </p>
   </div>
   <div class='ocr_carea' id='block_1_96' title="bbox 258 4995 1853 5079">
    <p class='ocr_par' dir='ltr' id='par_1_96' title="bbox 258 4995 1853 5079">
     <span class='ocr_line' id='line_1_96' title="bbox 258 4995 1853 5079; baseline 0.008 -30"><span class='ocrx_word' id='word_1_698' title='bbox 258 4995 370 5064; x_wconf 73' lang='grc' dir='ltr'>οὐχ</span> <span class='ocrx_word' id='word_1_699' title='bbox 414 4999 524 5067; x_wconf 86' lang='grc' dir='ltr'><strong>ὁρῶ</strong></span> <span class='ocrx_word' id='word_1_700' title='bbox 574 5002 696 5055; x_wconf 85' lang='grc' dir='ltr'>τίνα</span> <span class='ocrx_word' id='word_1_701' title='bbox 744 5004 897 5057; x_wconf 77' lang='grc' dir='ltr'>ταῦτ’</span> <span class='ocrx_word' id='word_1_702' title='bbox 932 5006 1047 5075; x_wconf 75' lang='grc' dir='ltr'>ἔχει</span> <span class='ocrx_word' id='word_1_703' title='bbox 1093 5007 1366 5061; x_wconf 86' lang='grc' dir='ltr'>διακονίαν</span> <span class='ocrx_word' id='word_1_704' title='bbox 1396 5010 1629 5079; x_wconf 83' lang='grc' dir='ltr'>ἀγεννῆ,</span> <span class='ocrx_word' id='word_1_705' title='bbox 1663 5010 1695 5079; x_wconf 81' lang='grc' dir='ltr'>ἦ</span> <span class='ocrx_word' id='word_1_706' title='bbox 1737 5010 1853 5073; x_wconf 87' lang='grc' dir='ltr'><strong>πῶς</strong></span> 
     </span>
    </p>
   </div>
   <div class='ocr_carea' id='block_1_97' title="bbox 260 5088 1852 5169">
    <p class='ocr_par' dir='ltr' id='par_1_97' title="bbox 260 5088 1852 5169">
     <span class='ocr_line' id='line_1_97' title="bbox 260 5088 1852 5169; baseline 0.011 -33"><span class='ocrx_word' id='word_1_707' title='bbox 260 5088 415 5138; x_wconf 76' lang='grc' dir='ltr'>ἔοικε</span> <span class='ocrx_word' id='word_1_708' title='bbox 447 5091 559 5151; x_wconf 81' lang='grc' dir='ltr'>τοῖς</span> <span class='ocrx_word' id='word_1_709' title='bbox 605 5092 696 5143; x_wconf 79' lang='grc' dir='ltr'><strong>τοῦ</strong></span> <span class='ocrx_word' id='word_1_710' title='bbox 750 5096 1087 5166; x_wconf 83' lang='grc' dir='ltr'>κυϐερνήτου</span> <span class='ocrx_word' id='word_1_711' title='bbox 1123 5097 1425 5166; x_wconf 88' lang='grc' dir='ltr'>λογισμοῖς.</span> <span class='ocrx_word' id='word_1_712' title='bbox 1483 5101 1644 5169; x_wconf 77' lang='grc' dir='ltr'>Ὁρᾷς</span> <span class='ocrx_word' id='word_1_713' title='bbox 1667 5099 1709 5130; x_wconf 81' lang='grc'><strong>⁸¹</strong></span> <span class='ocrx_word' id='word_1_714' title='bbox 1744 5102 1852 5169; x_wconf 81' lang='grc' dir='ltr'><strong>ὅσῳ</strong></span> 
     </span>
    </p>
   </div>
   <div class='ocr_carea' id='block_1_98' title="bbox 258 5182 1851 5262">
    <p class='ocr_par' dir='ltr' id='par_1_98' title="bbox 258 5182 1851 5262">
     <span class='ocr_line' id='line_1_98' title="bbox 258 5182 1851 5262; baseline 0.011 -35"><span class='ocrx_word' id='word_1_715' title='bbox 258 5182 362 5228; x_wconf 71' lang='grc' dir='ltr'><strong>τὸν</strong></span> <span class='ocrx_word' id='word_1_716' title='bbox 405 5182 747 5253; x_wconf 78' lang='grc' dir='ltr'>κυϐερνήτην</span> <span class='ocrx_word' id='word_1_717' title='bbox 789 5189 1155 5259; x_wconf 82' lang='grc' dir='ltr'>παρελήλυθε.</span> <span class='ocrx_word' id='word_1_718' title='bbox 1195 5191 1305 5245; x_wconf 68' lang='grc' dir='ltr'>Καὶ</span> <span class='ocrx_word' id='word_1_719' title='bbox 1345 5193 1453 5262; x_wconf 80' lang='grc' dir='ltr'>γάρ</span> <span class='ocrx_word' id='word_1_720' title='bbox 1485 5210 1565 5246; x_wconf 92' lang='grc' dir='ltr'><strong>τοι</strong></span> <span class='ocrx_word' id='word_1_721' title='bbox 1597 5195 1710 5246; x_wconf 86' lang='grc' dir='ltr'>ὅσοι</span> <span class='ocrx_word' id='word_1_722' title='bbox 1753 5194 1851 5261; x_wconf 84' lang='grc' dir='ltr'><strong>μὲν</strong></span> 
     </span>
    </p>
   </div>
   <div class='ocr_carea' id='block_1_99' title="bbox 257 5269 1852 5354">
    <p class='ocr_par' dir='ltr' id='par_1_99' title="bbox 257 5269 1852 5354">
     <span class='ocr_line' id='line_1_99' title="bbox 257 5269 1852 5354; baseline 0.013 -35"><span class='ocrx_word' id='word_1_723' title='bbox 257 5269 415 5321; x_wconf 81' lang='grc' dir='ltr'>τοῦτ’</span> <span class='ocrx_word' id='word_1_724' title='bbox 448 5274 778 5344; x_wconf 78' lang='grc' dir='ltr'>ἐπείσθησαν</span> <span class='ocrx_word' id='word_1_725' title='bbox 801 5280 971 5349; x_wconf 82' lang='grc' dir='ltr'>αὐτῷ,</span> <span class='ocrx_word' id='word_1_726' title='bbox 1004 5286 1192 5352; x_wconf 75' lang='grc' dir='ltr'>σεμνοὶ</span> <span class='ocrx_word' id='word_1_727' title='bbox 1218 5287 1434 5354; x_wconf 82' lang='grc' dir='ltr'>σεμνῶς</span> <span class='ocrx_word' id='word_1_728' title='bbox 1460 5289 1691 5350; x_wconf 86' lang='grc' dir='ltr'>κεῖνται,</span> <span class='ocrx_word' id='word_1_729' title='bbox 1720 5287 1852 5340; x_wconf 81' lang='grc' dir='ltr'>κόιλ-</span> 
     </span>
    </p>
   </div>
   <div class='ocr_carea' id='block_1_100' title="bbox 260 5361 1849 5441">
    <p class='ocr_par' dir='ltr' id='par_1_100' title="bbox 260 5361 1849 5441">
     <span class='ocr_line' id='line_1_100' title="bbox 260 5361 1849 5441; baseline 0.01 -28"><span class='ocrx_word' id='word_1_730' title='bbox 260 5361 427 5415; x_wconf 86' lang='grc' dir='ltr'>λιστα</span> <span class='ocrx_word' id='word_1_731' title='bbox 450 5364 514 5435; x_wconf 83' lang='grc' dir='ltr'>δὴ</span> <span class='ocrx_word' id='word_1_732' title='bbox 547 5366 765 5420; x_wconf 81' lang='grc' dir='ltr'>πάντων</span> <span class='ocrx_word' id='word_1_733' title='bbox 808 5370 1076 5441; x_wconf 75' lang='grc' dir='ltr'>Ἑλλήνων</span> <span class='ocrx_word' id='word_1_734' title='bbox 1107 5375 1512 5437; x_wconf 82' lang='grc' dir='ltr'>καταλύσαντες</span> <span class='ocrx_word' id='word_1_735' title='bbox 1543 5377 1632 5427; x_wconf 85' lang='grc' dir='ltr'><strong>τὸν</strong></span> <span class='ocrx_word' id='word_1_736' title='bbox 1659 5376 1849 5441; x_wconf 82' lang='grc' dir='ltr'>αἰῶνα,</span> 
     </span>
    </p>
   </div>
   <div class='ocr_carea' id='block_1_101' title="bbox 1958 4636 3543 4711">
    <p class='ocr_par' dir='ltr' id='par_1_101' title="bbox 1958 4636 3543 4711">
     <span class='ocr_line' id='line_1_101' title="bbox 1958 4636 3543 4711; baseline -0.004 -18"><span class='ocrx_word' id='word_1_737' title='bbox 1958 4640 2112 4695; x_wconf 88' lang='lat' dir='ltr'><strong>video</strong></span> <span class='ocrx_word' id='word_1_738' title='bbox 2172 4643 2299 4711; x_wconf 87' lang='lat' dir='ltr'><strong>quid</strong></span> <span class='ocrx_word' id='word_1_739' title='bbox 2350 4644 2401 4694; x_wconf 93' lang='lat' dir='ltr'><strong>in</strong></span> <span class='ocrx_word' id='word_1_740' title='bbox 2454 4642 2555 4694; x_wconf 83' lang='lat' dir='ltr'><strong>hac</strong></span> <span class='ocrx_word' id='word_1_741' title='bbox 2604 4658 2662 4695; x_wconf 90' lang='lat' dir='ltr'><strong>re</strong></span> <span class='ocrx_word' id='word_1_742' title='bbox 2714 4641 2877 4693; x_wconf 83' lang='lat' dir='ltr'><strong>fuerit</strong></span> <span class='ocrx_word' id='word_1_743' title='bbox 2924 4638 3044 4692; x_wconf 85' lang='lat' dir='ltr'><strong>vilis</strong></span> <span class='ocrx_word' id='word_1_744' title='bbox 3090 4636 3398 4698; x_wconf 86' lang='lat' dir='ltr'><strong>ministerii,</strong></span> <span class='ocrx_word' id='word_1_745' title='bbox 3446 4643 3543 4688; x_wconf 89' lang='lat' dir='ltr'><strong>aut</strong></span> 
     </span>
    </p>
   </div>
   <div class='ocr_carea' id='block_1_102' title="bbox 1957 4725 3543 4801">
    <p class='ocr_par' dir='ltr' id='par_1_102' title="bbox 1957 4725 3543 4801">
     <span class='ocr_line' id='line_1_102' title="bbox 1957 4725 3543 4801; baseline -0.005 -15"><span class='ocrx_word' id='word_1_746' title='bbox 1957 4733 2226 4801; x_wconf 87' lang='lat' dir='ltr'><strong>quomodo</strong></span> <span class='ocrx_word' id='word_1_747' title='bbox 2282 4735 2393 4786; x_wconf 66' lang='lat' dir='ltr'><strong>haec</strong></span> <span class='ocrx_word' id='word_1_748' title='bbox 2434 4732 2815 4800; x_wconf 49' lang='lat' dir='ltr'><strong>gubernatoris</strong></span> <span class='ocrx_word' id='word_1_749' title='bbox 2869 4730 2979 4785; x_wconf 92' lang='lat' dir='ltr'><strong>sint</strong></span> <span class='ocrx_word' id='word_1_750' title='bbox 3028 4727 3256 4783; x_wconf 87' lang='lat' dir='ltr'><strong>consilio</strong></span> <span class='ocrx_word' id='word_1_751' title='bbox 3302 4725 3543 4781; x_wconf 82' lang='lat' dir='ltr'><strong>similia?</strong></span> 
     </span>
    </p>
   </div>
   <div class='ocr_carea' id='block_1_103' title="bbox 1958 4817 3537 4894">
    <p class='ocr_par' dir='ltr' id='par_1_103' title="bbox 1958 4817 3537 4894">
     <span class='ocr_line' id='line_1_103' title="bbox 1958 4817 3537 4894; baseline -0.004 -16"><span class='ocrx_word' id='word_1_752' title='bbox 1958 4823 2120 4879; x_wconf 85' lang='lat' dir='ltr'><strong>Vides</strong></span> <span class='ocrx_word' id='word_1_753' title='bbox 2146 4825 2308 4894; x_wconf 85' lang='lat' dir='ltr'><strong>igitur</strong></span> <span class='ocrx_word' id='word_1_754' title='bbox 2330 4837 2533 4893; x_wconf 84' lang='lat' dir='ltr'><strong>quanto</strong></span> <span class='ocrx_word' id='word_1_755' title='bbox 2552 4834 2770 4892; x_wconf 90' lang='lat' dir='ltr'><strong>superet</strong></span> <span class='ocrx_word' id='word_1_756' title='bbox 2790 4822 3205 4891; x_wconf 81' lang='lat' dir='ltr'><strong>gubernatorem</strong></span> <span class='ocrx_word' id='word_1_757' title='bbox 3232 4817 3537 4872; x_wconf 89' lang='lat' dir='ltr'><strong>intervallo.</strong></span> 
     </span>
    </p>
   </div>
   <div class='ocr_carea' id='block_1_104' title="bbox 1954 4914 3542 4986">
    <p class='ocr_par' dir='ltr' id='par_1_104' title="bbox 1954 4914 3542 4986">
     <span class='ocr_line' id='line_1_104' title="bbox 1954 4914 3542 4986; baseline -0.003 -18"><span class='ocrx_word' id='word_1_758' title='bbox 1954 4917 2131 4986; x_wconf 89' lang='lat' dir='ltr'><strong>Atque</strong></span> <span class='ocrx_word' id='word_1_759' title='bbox 2175 4918 2209 4970; x_wconf 91' lang='lat' dir='ltr'><strong>ii</strong></span> <span class='ocrx_word' id='word_1_760' title='bbox 2246 4917 2463 4986; x_wconf 80' lang='lat' dir='ltr'><strong>quidem</strong></span> <span class='ocrx_word' id='word_1_761' title='bbox 2507 4925 2771 4984; x_wconf 89' lang='lat' dir='ltr'><strong>quotquot</strong></span> <span class='ocrx_word' id='word_1_762' title='bbox 2804 4914 2927 4968; x_wconf 90' lang='lat' dir='ltr'><strong>huic</strong></span> <span class='ocrx_word' id='word_1_763' title='bbox 2960 4920 3278 4980; x_wconf 89' lang='lat' dir='ltr'><strong>paruerunt,</strong></span> <span class='ocrx_word' id='word_1_764' title='bbox 3320 4926 3542 4978; x_wconf 84' lang='lat' dir='ltr'><strong>magna-</strong></span> 
     </span>
    </p>
   </div>
   <div class='ocr_carea' id='block_1_105' title="bbox 1961 5002 3539 5077">
    <p class='ocr_par' dir='ltr' id='par_1_105' title="bbox 1961 5002 3539 5077">
     <span class='ocr_line' id='line_1_105' title="bbox 1961 5002 3539 5077; baseline -0.004 -16"><span class='ocrx_word' id='word_1_765' title='bbox 1961 5007 2092 5062; x_wconf 90' lang='lat' dir='ltr'><strong>nimi</strong></span> <span class='ocrx_word' id='word_1_766' title='bbox 2128 5007 2411 5077; x_wconf 72' lang='lat' dir='ltr'><strong>magnifice</strong></span> <span class='ocrx_word' id='word_1_767' title='bbox 2444 5008 2640 5061; x_wconf 91' lang='lat' dir='ltr'><strong>mortui</strong></span> <span class='ocrx_word' id='word_1_768' title='bbox 2681 5017 2829 5070; x_wconf 90' lang='lat' dir='ltr'><strong>sunt,</strong></span> <span class='ocrx_word' id='word_1_769' title='bbox 2869 5016 2923 5060; x_wconf 93' lang='lat' dir='ltr'><strong>et</strong></span> <span class='ocrx_word' id='word_1_770' title='bbox 2956 5004 3197 5059; x_wconf 91' lang='lat' dir='ltr'><strong>omnium</strong></span> <span class='ocrx_word' id='word_1_771' title='bbox 3229 5002 3539 5056; x_wconf 75' lang='lat' dir='ltr'><strong>Graecorum</strong></span> 
     </span>
    </p>
   </div>
   <div class='ocr_carea' id='block_1_106' title="bbox 1962 5095 3541 5169">
    <p class='ocr_par' dir='ltr' id='par_1_106' title="bbox 1962 5095 3541 5169">
     <span class='ocr_line' id='line_1_106' title="bbox 1962 5095 3541 5169; baseline -0.006 -18"><span class='ocrx_word' id='word_1_772' title='bbox 1962 5100 2435 5169; x_wconf 57' lang='lat' dir='ltr'><strong>praelarissimam</strong></span> <span class='ocrx_word' id='word_1_773' title='bbox 2485 5109 2710 5153; x_wconf 90' lang='lat' dir='ltr'><strong>mortem</strong></span> <span class='ocrx_word' id='word_1_774' title='bbox 2763 5099 3037 5161; x_wconf 89' lang='lat' dir='ltr'><strong>obierunt,</strong></span> <span class='ocrx_word' id='word_1_775' title='bbox 3091 5095 3396 5163; x_wconf 89' lang='lat' dir='ltr'><strong>sepulcrum</strong></span> <span class='ocrx_word' id='word_1_776' title='bbox 3442 5107 3541 5160; x_wconf 88' lang='lat' dir='ltr'><strong>pro</strong></span> 
     </span>
    </p>
   </div>
   <div class='ocr_carea' id='block_1_107' title="bbox 1967 5187 3539 5255">
    <p class='ocr_par' dir='ltr' id='par_1_107' title="bbox 1967 5187 3539 5255">
     <span class='ocr_line' id='line_1_107' title="bbox 1967 5187 3539 5255; baseline -0.005 -11"><span class='ocrx_word' id='word_1_777' title='bbox 1967 5191 2184 5246; x_wconf 88' lang='lat' dir='ltr'><strong>virtutis</strong></span> <span class='ocrx_word' id='word_1_778' title='bbox 2237 5206 2585 5246; x_wconf 79' lang='lat' dir='ltr'><strong>monumento</strong></span> <span class='ocrx_word' id='word_1_779' title='bbox 2635 5191 2938 5255; x_wconf 86' lang='lat' dir='ltr'><strong>consecuti;</strong></span> <span class='ocrx_word' id='word_1_780' title='bbox 2992 5200 3045 5242; x_wconf 89' lang='lat' dir='ltr'><strong>et</strong></span> <span class='ocrx_word' id='word_1_781' title='bbox 3091 5200 3213 5242; x_wconf 90' lang='lat' dir='ltr'><strong>cum</strong></span> <span class='ocrx_word' id='word_1_782' title='bbox 3256 5187 3355 5239; x_wconf 89' lang='lat' dir='ltr'><strong>sub</strong></span> <span class='ocrx_word' id='word_1_783' title='bbox 3397 5194 3539 5237; x_wconf 80' lang='lat' dir='ltr'><strong>terra</strong></span> 
     </span>
    </p>
   </div>
   <div class='ocr_carea' id='block_1_108' title="bbox 1960 5275 3542 5351">
    <p class='ocr_par' dir='ltr' id='par_1_108' title="bbox 1960 5275 3542 5351">
     <span class='ocr_line' id='line_1_108' title="bbox 1960 5275 3542 5351; baseline -0.006 -16"><span class='ocrx_word' id='word_1_784' title='bbox 1960 5281 2203 5350; x_wconf 81' lang='lat' dir='ltr'><strong>jaceant,</strong></span> <span class='ocrx_word' id='word_1_785' title='bbox 2240 5285 2410 5351; x_wconf 89' lang='lat' dir='ltr'><strong>ipsam</strong></span> <span class='ocrx_word' id='word_1_786' title='bbox 2440 5292 2766 5339; x_wconf 87' lang='lat' dir='ltr'><strong>conservant</strong></span> <span class='ocrx_word' id='word_1_787' title='bbox 2816 5291 3036 5343; x_wconf 87' lang='lat' dir='ltr'><strong>terram,</strong></span> <span class='ocrx_word' id='word_1_788' title='bbox 3086 5292 3187 5330; x_wconf 92' lang='lat' dir='ltr'><strong>nec</strong></span> <span class='ocrx_word' id='word_1_789' title='bbox 3234 5275 3300 5328; x_wconf 89' lang='lat' dir='ltr'><strong>ah</strong></span> <span class='ocrx_word' id='word_1_790' title='bbox 3326 5289 3387 5328; x_wconf 85' lang='lat' dir='ltr'><strong>ea</strong></span> <span class='ocrx_word' id='word_1_791' title='bbox 3425 5289 3542 5327; x_wconf 84' lang='lat' dir='ltr'><strong>ser—</strong></span> 
     </span>
    </p>
   </div>
   <div class='ocr_carea' id='block_1_109' title="bbox 1962 5369 3541 5445">
    <p class='ocr_par' dir='ltr' id='par_1_109' title="bbox 1962 5369 3541 5445">
     <span class='ocr_line' id='line_1_109' title="bbox 1962 5369 3541 5445; baseline -0.006 -20"><span class='ocrx_word' id='word_1_792' title='bbox 1962 5386 2183 5440; x_wconf 88' lang='lat' dir='ltr'><strong>vantur,</strong></span> <span class='ocrx_word' id='word_1_793' title='bbox 2217 5376 2282 5430; x_wconf 88' lang='lat' dir='ltr'><strong>ad</strong></span> <span class='ocrx_word' id='word_1_794' title='bbox 2318 5375 2537 5430; x_wconf 85' lang='lat' dir='ltr'><strong>Hesiodi</strong></span> <span class='ocrx_word' id='word_1_795' title='bbox 2563 5374 2975 5445; x_wconf 76' lang='lat' dir='ltr'><strong>appellationem</strong></span> <span class='ocrx_word' id='word_1_796' title='bbox 3006 5371 3252 5441; x_wconf 83' lang='lat' dir='ltr'><strong>proxime</strong></span> <span class='ocrx_word' id='word_1_797' title='bbox 3278 5369 3541 5422; x_wconf 87' lang='lat' dir='ltr'><strong>acceden-</strong></span> 
     </span>
    </p>
   </div>
   <div class='ocr_carea' id='block_1_110' title="bbox 1572 5507 2251 5564">
    <p class='ocr_par' dir='ltr' id='par_1_110' title="bbox 1572 5507 2251 5564">
     <span class='ocr_line' id='line_1_110' title="bbox 1572 5507 2251 5564; baseline 0.004 -4"><span class='ocrx_word' id='word_1_798' title='bbox 1572 5507 1805 5562; x_wconf 69' lang='lat' dir='ltr'><strong>VAlll/E</strong></span> <span class='ocrx_word' id='word_1_799' title='bbox 1840 5507 2251 5564; x_wconf 83' lang='lat' dir='ltr'><strong>LECTIONES.</strong></span> 
     </span>
    </p>
   </div>
   <div class='ocr_carea' id='block_1_111' title="bbox 344 5586 3537 5667">
    <p class='ocr_par' dir='ltr' id='par_1_111' title="bbox 344 5586 3537 5667">
     <span class='ocr_line' id='line_1_111' title="bbox 344 5586 3537 5667; baseline -0 -25"><span class='ocrx_word' id='word_1_800' title='bbox 419 5593 969 5667; x_wconf 49' lang='lat' dir='ltr'><strong>nspeivgtbtapdvm</strong></span> <span class='ocrx_word' id='word_1_801' title='bbox 990 5610 1131 5650; x_wconf 90' lang='lat' dir='ltr'><strong>corr.</strong></span> <span class='ocrx_word' id='word_1_802' title='bbox 1167 5599 1229 5653; x_wconf 88' lang='lat' dir='ltr'><strong>A.</strong></span> <span class='ocrx_word' id='word_1_803' title='bbox 1305 5599 1349 5633; x_wconf 84' lang='grc'><strong>⁶⁷</strong></span> <span class='ocrx_word' id='word_1_804' title='bbox 1378 5599 1548 5660; x_wconf 79' lang='grc' dir='ltr'>οὕτως</span> <span class='ocrx_word' id='word_1_805' title='bbox 1579 5600 1642 5652; x_wconf 84' lang='grc' dir='ltr'>Α.</span> <span class='ocrx_word' id='word_1_806' title='bbox 1711 5600 1753 5631; x_wconf 76' lang='grc'>⁸⁸</span> <span class='ocrx_word' id='word_1_807' title='bbox 1788 5600 1949 5653; x_wconf 83' lang='grc' dir='ltr'>Ἀλλὰ</span> <span class='ocrx_word' id='word_1_808' title='bbox 1977 5611 2031 5651; x_wconf 87' lang='lat' dir='ltr'><strong>et</strong></span> <span class='ocrx_word' id='word_1_809' title='bbox 2073 5616 2191 5652; x_wconf 82' lang='lat' dir='ltr'><strong>mox</strong></span> <span class='ocrx_word' id='word_1_810' title='bbox 2226 5600 2490 5667; x_wconf 84' lang='grc' dir='ltr'>ἀπολογίᾳ</span> <span class='ocrx_word' id='word_1_811' title='bbox 2522 5614 2632 5653; x_wconf 87' lang='lat' dir='ltr'><strong>om.</strong></span> <span class='ocrx_word' id='word_1_812' title='bbox 2671 5597 2737 5651; x_wconf 84' lang='lat' dir='ltr'><strong>A.</strong></span> <span class='ocrx_word' id='word_1_813' title='bbox 2814 5597 2858 5628; x_wconf 83' lang='lat'>&quot;</span> <span class='ocrx_word' id='word_1_814' title='bbox 2891 5596 3029 5665; x_wconf 85' lang='grc' dir='ltr'>ὑπὲρ</span> <span class='ocrx_word' id='word_1_815' title='bbox 3062 5594 3378 5667; x_wconf 74' lang='grc' dir='ltr'>Μιλτιάδου]</span> <span class='ocrx_word' id='word_1_816' title='bbox 3414 5590 3537 5667; x_wconf 71' lang='grc' dir='ltr'>μιλ-</span> 
     </span>
    </p>
   </div>
   <div class='ocr_carea' id='block_1_112' title="bbox 270 5656 3244 5810">
    <p class='ocr_par' dir='ltr' id='par_1_112' title="bbox 270 5656 3244 5810">
     <span class='ocr_line' id='line_1_112' title="bbox 270 5656 3244 5793; baseline -0.001 -73"><span class='ocrx_word' id='word_1_817' title='bbox 270 5656 462 5738; x_wconf 66' lang='grc' dir='ltr'>τιάδῃς</span> <span class='ocrx_word' id='word_1_818' title='bbox 494 5656 563 5743; x_wconf 45' lang='grc' dir='ltr'>Αἰ</span> <span class='ocrx_word' id='word_1_819' title='bbox 607 5656 963 5747; x_wconf 37' lang='grc' dir='ltr'>⁷⁰.ᾙερίήκει]</span> <span class='ocrx_word' id='word_1_820' title='bbox 999 5682 1049 5733; x_wconf 88' lang='lat' dir='ltr'><strong>p.</strong></span> <span class='ocrx_word' id='word_1_821' title='bbox 1084 5667 1209 5721; x_wconf 74' lang='grc'>266.</span> <span class='ocrx_word' id='word_1_822' title='bbox 1273 5669 1317 5701; x_wconf 75' lang='grc'><strong>⁷⁸</strong></span> <span class='ocrx_word' id='word_1_823' title='bbox 1349 5656 1684 5793; x_wconf 51' lang='grc' dir='ltr'>Μιλτιάδηςὲ</span> <span class='ocrx_word' id='word_1_824' title='bbox 1716 5685 1766 5735; x_wconf 84' lang='lat' dir='ltr'><strong>p.</strong></span> <span class='ocrx_word' id='word_1_825' title='bbox 1795 5670 1920 5725; x_wconf 69' lang='lat'><strong>270.</strong></span> <span class='ocrx_word' id='word_1_826' title='bbox 1974 5671 2019 5700; x_wconf 71' lang='grc' dir='ltr'><strong>τ’</strong></span> <span class='ocrx_word' id='word_1_827' title='bbox 2045 5672 2308 5740; x_wconf 80' lang='grc' dir='ltr'>προσήκει</span> <span class='ocrx_word' id='word_1_828' title='bbox 2348 5656 2419 5734; x_wconf 42' lang='grc' dir='ltr'>ς]</span> <span class='ocrx_word' id='word_1_829' title='bbox 2451 5657 2497 5702; x_wconf 69' lang='grc' dir='ltr'>’ίδ</span> <span class='ocrx_word' id='word_1_830' title='bbox 2523 5668 2761 5739; x_wconf 78' lang='grc' dir='ltr'>αἰσχρῶς</span> <span class='ocrx_word' id='word_1_831' title='bbox 2795 5669 2840 5699; x_wconf 74' lang='grc'><strong>⁷⁸</strong></span> <span class='ocrx_word' id='word_1_832' title='bbox 2865 5656 3011 5734; x_wconf 80' lang='grc' dir='ltr'>αύτῷ</span> <span class='ocrx_word' id='word_1_833' title='bbox 3041 5682 3073 5717; x_wconf 93' lang='lat'><strong>0</strong></span> <span class='ocrx_word' id='word_1_834' title='bbox 3099 5688 3150 5718; x_wconf 77' lang='grc' dir='ltr'><strong>ιι.</strong></span> <span class='ocrx_word' id='word_1_835' title='bbox 3183 5668 3244 5717; x_wconf 77' lang='grc' dir='ltr'>Α.</span> 
     </span>
     <span class='ocr_line' id='line_1_113' title="bbox 272 5724 3226 5810; baseline -0.004 -8"><span class='ocrx_word' id='word_1_836' title='bbox 272 5741 326 5810; x_wconf 62' lang='grc'><strong>9⁸</strong></span> <span class='ocrx_word' id='word_1_837' title='bbox 358 5724 480 5810; x_wconf 46' lang='grc' dir='ltr'><strong>ΞΛΜ·</strong></span> <span class='ocrx_word' id='word_1_838' title='bbox 552 5734 593 5764; x_wconf 78' lang='grc'><strong>’⁸</strong></span> <span class='ocrx_word' id='word_1_839' title='bbox 626 5732 739 5810; x_wconf 48' lang='grc' dir='ltr'><strong>(ἕξ-Λ]</strong></span> <span class='ocrx_word' id='word_1_840' title='bbox 774 5735 1087 5810; x_wconf 45' lang='grc' dir='ltr'><strong>ε-κὲῐνοτΙ-ρς</strong></span> <span class='ocrx_word' id='word_1_841' title='bbox 1119 5737 1242 5793; x_wconf 75' lang='lat'><strong>9-30.</strong></span> <span class='ocrx_word' id='word_1_842' title='bbox 1321 5741 1364 5770; x_wconf 82' lang='grc'><strong>⁷⁷</strong></span> <span class='ocrx_word' id='word_1_843' title='bbox 1385 5743 1432 5792; x_wconf 82' lang='grc' dir='ltr'>εἰ</span> <span class='ocrx_word' id='word_1_844' title='bbox 1463 5738 1529 5809; x_wconf 79' lang='grc' dir='ltr'><strong>δ’]</strong></span> <span class='ocrx_word' id='word_1_845' title='bbox 1561 5754 1616 5809; x_wconf 89' lang='lat' dir='ltr'><strong>p.</strong></span> <span class='ocrx_word' id='word_1_846' title='bbox 1688 5741 1774 5794; x_wconf 87' lang='lat'><strong>81.</strong></span> <span class='ocrx_word' id='word_1_847' title='bbox 1855 5739 1899 5771; x_wconf 78' lang='grc'><strong>⁷⁸</strong></span> <span class='ocrx_word' id='word_1_848' title='bbox 1930 5739 2244 5810; x_wconf 76' lang='grc' dir='ltr'>ἀπἀὐτῶν]</span> <span class='ocrx_word' id='word_1_849' title='bbox 2279 5741 2533 5796; x_wconf 65' lang='grc' dir='ltr'>ἁπάντων</span> <span class='ocrx_word' id='word_1_850' title='bbox 2560 5739 2624 5792; x_wconf 83' lang='grc' dir='ltr'>Α.</span> <span class='ocrx_word' id='word_1_851' title='bbox 2703 5739 2746 5770; x_wconf 78' lang='grc'><strong>¹¹⁹</strong></span> <span class='ocrx_word' id='word_1_852' title='bbox 2778 5738 2838 5789; x_wconf 88' lang='grc' dir='ltr'><strong>ού</strong></span> <span class='ocrx_word' id='word_1_853' title='bbox 2871 5738 2937 5789; x_wconf 74' lang='grc' dir='ltr'><strong>τά</strong></span> <span class='ocrx_word' id='word_1_854' title='bbox 2974 5740 3054 5789; x_wconf 84' lang='lat' dir='ltr'><strong>A:</strong></span> <span class='ocrx_word' id='word_1_855' title='bbox 3090 5737 3226 5790; x_wconf 77' lang='grc' dir='ltr'><strong>αύτά</strong></span> 
     </span>
    </p>
   </div>
   <div class='ocr_carea' id='block_1_113' title="bbox 1761 5757 2624 5794">
    <p class='ocr_par' dir='ltr' id='par_1_113' title="bbox 1761 5757 2624 5794">
     <span class='ocr_line' id='line_1_114' title="bbox 1761 5757 2624 5794; baseline -0.001 -1"><span class='ocrx_word' id='word_1_856' title='bbox 1761 5780 1774 5793; x_wconf 88' lang='grc'><strong>.</strong></span> <span class='ocrx_word' id='word_1_857' title='bbox 1858 5757 1899 5771; x_wconf 78' lang='grc'><strong>¹⁰</strong></span> <span class='ocrx_word' id='word_1_858' title='bbox 1930 5757 2009 5792; x_wconf 82' lang='grc' dir='ltr'><strong>απ</strong></span> <span class='ocrx_word' id='word_1_859' title='bbox 2042 5757 2244 5794; x_wconf 84' lang='grc' dir='ltr'>αυτωνι</span> <span class='ocrx_word' id='word_1_860' title='bbox 2279 5757 2533 5794; x_wconf 68' lang='grc' dir='ltr'>απαντων</span> <span class='ocrx_word' id='word_1_861' title='bbox 2560 5757 2624 5792; x_wconf 65' lang='grc' dir='ltr'>Α.</span> 
     </span>
    </p>
   </div>
   <div class='ocr_carea' id='block_1_114' title="bbox 272 5709 1242 5805">
    <p class='ocr_par' dir='ltr' id='par_1_114' title="bbox 272 5709 1242 5805">
     <span class='ocr_line' id='line_1_115' title="bbox 272 5709 1242 5805; baseline 0.014 -29"><span class='ocrx_word' id='word_1_862' title='bbox 272 5741 326 5805; x_wconf 69' lang='grc' dir='ltr'><strong>ρ.</strong></span> <span class='ocrx_word' id='word_1_863' title='bbox 358 5709 480 5805; x_wconf 49' lang='grc' dir='ltr'>τῇ.</span> <span class='ocrx_word' id='word_1_864' title='bbox 547 5731 593 5764; x_wconf 70' lang='grc' dir='ltr'>τε</span> <span class='ocrx_word' id='word_1_865' title='bbox 626 5709 751 5805; x_wconf 59' lang='lat' dir='ltr'><strong>api&quot;</strong></span> <span class='ocrx_word' id='word_1_866' title='bbox 763 5709 1242 5805; x_wconf 48' lang='grc' dir='ltr'><strong>ἒξξὲὗέηνίτῗέἑὲὸ.</strong></span> 
     </span>
    </p>
   </div>
   <div class='ocr_carea' id='block_1_115' title="bbox 1321 5738 1616 5809">
    <p class='ocr_par' dir='ltr' id='par_1_115' title="bbox 1321 5738 1616 5809">
     <span class='ocr_line' id='line_1_116' title="bbox 1321 5738 1616 5809; baseline 0.007 -17"><span class='ocrx_word' id='word_1_867' title='bbox 1321 5741 1364 5770; x_wconf 82' lang='grc'><strong>⁷⁷</strong></span> <span class='ocrx_word' id='word_1_868' title='bbox 1385 5743 1432 5792; x_wconf 82' lang='grc' dir='ltr'>εἰ</span> <span class='ocrx_word' id='word_1_869' title='bbox 1463 5738 1529 5809; x_wconf 79' lang='grc' dir='ltr'><strong>δ’]</strong></span> <span class='ocrx_word' id='word_1_870' title='bbox 1561 5738 1616 5809; x_wconf 75' lang='lat' dir='ltr'><strong>p.</strong></span> 
     </span>
    </p>
   </div>
   <div class='ocr_carea' id='block_1_116' title="bbox 271 5795 1105 5877">
    <p class='ocr_par' dir='ltr' id='par_1_116' title="bbox 271 5795 1105 5877">
     <span class='ocr_line' id='line_1_117' title="bbox 271 5795 1105 5877; baseline 0.016 -31"><span class='ocrx_word' id='word_1_871' title='bbox 271 5795 467 5877; x_wconf 79' lang='grc' dir='ltr'>ξασθαι</span> <span class='ocrx_word' id='word_1_872' title='bbox 502 5816 562 5863; x_wconf 83' lang='grc' dir='ltr'><strong>ς.</strong></span> <span class='ocrx_word' id='word_1_873' title='bbox 639 5802 681 5834; x_wconf 77' lang='grc'><strong>⁸¹</strong></span> <span class='ocrx_word' id='word_1_874' title='bbox 713 5803 868 5875; x_wconf 72' lang='grc' dir='ltr'>ὁρᾷς]</span> <span class='ocrx_word' id='word_1_875' title='bbox 900 5795 1105 5876; x_wconf 51' lang='grc' dir='ltr'>ρξτὶὸιί.</span> 
     </span>
    </p>
   </div>
   <div class='ocr_carea' id='block_1_117' title="bbox 3322 5663 3540 5715">
    <p class='ocr_par' dir='ltr' id='par_1_117' title="bbox 3322 5663 3540 5715">
     <span class='ocr_line' id='line_1_118' title="bbox 3322 5663 3540 5715; baseline 0.014 -3"><span class='ocrx_word' id='word_1_876' title='bbox 3322 5664 3367 5694; x_wconf 81' lang='grc'><strong>⁷³</strong></span> <span class='ocrx_word' id='word_1_877' title='bbox 3394 5663 3540 5715; x_wconf 63' lang='grc' dir='ltr'>οἴους</span> 
     </span>
    </p>
   </div>
   <div class='ocr_carea' id='block_1_118' title="bbox 2703 5731 3537 5799">
    <p class='ocr_par' dir='ltr' id='par_1_118' title="bbox 2703 5731 3537 5799">
     <span class='ocr_line' id='line_1_119' title="bbox 2703 5731 3537 5799; baseline -0.007 -10"><span class='ocrx_word' id='word_1_878' title='bbox 2703 5739 2746 5770; x_wconf 79' lang='grc'><strong>¹¹⁹</strong></span> <span class='ocrx_word' id='word_1_879' title='bbox 2778 5738 2838 5789; x_wconf 88' lang='grc' dir='ltr'><strong>ού</strong></span> <span class='ocrx_word' id='word_1_880' title='bbox 2871 5738 2937 5789; x_wconf 74' lang='grc' dir='ltr'><strong>τά</strong></span> <span class='ocrx_word' id='word_1_881' title='bbox 2974 5731 3054 5789; x_wconf 81' lang='grc' dir='ltr'><strong>Ᾱ;</strong></span> <span class='ocrx_word' id='word_1_882' title='bbox 3090 5737 3226 5790; x_wconf 77' lang='grc' dir='ltr'><strong>αύτά</strong></span> <span class='ocrx_word' id='word_1_883' title='bbox 3257 5751 3317 5799; x_wconf 82' lang='grc' dir='ltr'><strong>ς.</strong></span> <span class='ocrx_word' id='word_1_884' title='bbox 3391 5731 3436 5763; x_wconf 80' lang='grc'>⁶⁰</span> <span class='ocrx_word' id='word_1_885' title='bbox 3454 5733 3537 5784; x_wconf 78' lang='grc' dir='ltr'><strong>δέ·</strong></span> 
     </span>
    </p>
   </div>
  </div>
