3960 6424
488 340 626 405 1543

1620 332 1884 394 ΡΗΟΤΙΙ
1910 332 2292 393 PATRIARC
2304 332 2426 393 [UE
2453 335 2563 395 (ΣΡ.

3609 346 3742 411 15H

484 462 584 515 les,
618 468 779 522 quam
812 452 901 507 llle
936 452 1001 505 ad
1041 452 1200 504 linem
1234 451 1383 504 aurei
1426 453 1639 521 generis
1667 452 1948 522 usurpavit
1991 451 2075 505 his

2181 467 2285 520 μνη
2296 453 2449 520 μεῖον
2470 452 2568 520 τῆς
2592 451 2798 522 ἀρετῆς
2828 452 2921 506 τὸν
2943 455 3110 523 τάφον
3140 458 3488 529 κεκτημένοι,
3525 464 3620 515 καὶ
3643 455 3743 517 ὑπὸ

486 548 663 599 verbis
690 562 706 599 :

2169 544 2273 611 γῆς
2308 544 2463 606 ὄντες
2500 543 2600 613 τὴν
2630 544 2735 611 γῆν
2766 543 3127 611 φυλάττοντες
3153 549 3350 617 αὐτὴν,
3383 551 3497 603 ἀλλ’
3527 554 3626 621 οὐχ
3660 556 3745 606 ὑπ.

485 638 656 706 αὐτῆς
686 637 958 706 ἐχόμενοι,
992 636 1094 705 τῆς
1133 635 1380 688 Ἠσιόδου
1410 636 1767 705 προσρήσεως
1793 633 2070 703 ἐγγύτατα
2105 635 2335 705 ἥκοντες
2366 637 2634 706 μετέχειν,
2664 636 2733 707 ἢν
2764 636 2975 700 ἐκεῖνος
3000 639 3083 701 είς
3110 643 3209 711 τὴν
3235 645 3330 694 τοῦ
3391 646 3595 713 χρυσοῦ
3658 648 3742 713 γέ.

489 742 605 787 «ou;
641 722 899 794 τελευτὴν
932 724 1207 793 ἐποίησεν,
1242 724 1412 778 εἰπών
1435 740 1451 756 ο

592 816 710 868 Divi
740 815 835 868 sub
860 816 1013 866 terris
1043 817 1279 882 sacrique
1306 816 1526 884 bonique
1548 828 1821 878 vocantur,

592 884 845 938 Custodes
875 884 1165 949 hominum,
1200 883 1599 954 depulsoresque
1642 886 1903 938 malorum
1928 883 2065 953 (92).

485 976 618 1031 Nam
659 986 714 1029 et
752 975 873 1029 illos
914 977 959 1031 si
999 993 1104 1031 nou
1134 979 1287 1032 divos
1308 979 1402 1032 sed
1443 979 1653 1035 divinos
1694 978 2069 1047 appellaveris,

488 1071 683 1123 merito
724 1068 898 1134 possis
957 1070 1343 1124 subterraneos
1399 1072 1658 1138 quosdam
1715 1071 1968 1125 custodes
2016 1079 2072 1125 et

487 1164 902 1209 conservatores
939 1156 1276 1221 Graaeorum,
1330 1158 1593 1212 malorum
1639 1158 1972 1227 depulsores,
2014 1166 2072 1212 et

489 1251 723 1317 undique
775 1250 1010 1316 optimos
1060 1250 1241 1303 dicere
1278 1267 1292 1302 :
1329 1264 1391 1303 ac
1434 1250 1704 1318 regionem
1751 1266 1854 1303 non
1892 1249 2072 1304 minus

490 1350 658 1394 tutam
710 1350 987 1408 praestare,
1027 1356 1189 1409 quam
1234 1341 1286 1392 in
1323 1341 1526 1395 Colouo
1569 1342 1734 1395 situm
1780 1341 2068 1410 Olﬂdipum,

488 1439 582 1483 aut
612 1431 656 1483 si
687 1431 839 1496 cujus
890 1430 1018 1483 alibi
1074 1431 1385 1499 Sepulcrum
1424 1430 1558 1485 vivis
1598 1433 1851 1499 prodesse
1893 1431 2070 1484 credi-

489 1533 578 1575 tur
616 1524 749 1592 (95}.
785 1522 922 1587 Quid
965 1521 1107 1590 quod
1149 1522 1414 1576 artificem
1457 1538 1581 1576 esse
1613 1523 1823 1575 dicendi
1867 1521 2067 1575 Panem

490 1613 737 1667 Mercurii
795 1614 959 1665 lilimn
1018 1613 1257 1667 Platonis
1298 1624 1382 1667 est
1434 1616 1658 1668 dictum.
1707 1613 1826 1668 Jam
1872 1614 2068 1668 ethoc

489 1707 769 1760 modestia:
807 1707 956 1760 illum
1018 1706 1230 1774 signum
1285 1705 1590 1767 considera,
1621 1707 1872 1775 quodque
1911 1705 1954 1758 si
1987 1703 2069 1758 vel

489 1814 712 1852 aureum
739 1799 1011 1852 habuisset
1037 1800 1297 1862 animum,
1326 1814 1431 1851 non
1452 1789 1579 1851 eum
1607 1797 1869 1866 potuisset
1887 1794 2069 1864 explo-

490 1905 612 1943 rare
652 1888 983 1958 diligentius.
1039 1889 1221 1956 Quid?
1271 1889 1413 1958 quod
1466 1887 1720 1943 existimo
1775 1888 2069 1943 Miltiadem

487 1981 674 2049 etiam,
711 1984 754 2035 si
790 1982 1013 2035 deorum
1059 1981 1263 2035 subiret
1298 1981 1584 2050 judicium,
1611 1983 1851 2034 omnium
1894 1980 2074 2034 ealcu-

491 2071 558 2125 lis
582 2071 884 2124 absolutum
910 2072 999 2136 iri,
1035 2088 1158 2138 nec,
1191 2084 1250 2125 ut
1272 2071 1515 2136 Orestes,
1555 2076 1780 2125 alteram
1810 2071 2075 2125 duntaxat

489 2172 697 2228 partem
747 2171 1184 2227 consecuturum,
1248 2177 1347 2215 nec
1400 2160 1620 2228 injuria.
1684 2160 1820 2215 Nam
1878 2172 1936 2216 ut
1987 2162 2075 2217 ille

488 2240 719 2306 matrem
747 2252 889 2320 juste
922 2253 1144 2317 occidit,
1182 2255 1253 2305 ita
1281 2254 1365 2305 hic
1396 2251 1664 2309 Graeciam
1700 2253 1853 2323 juste
1889 2268 2074 2307 serva-

489 2340 588 2406 vit,
620 2356 716 2394 nec
742 2343 930 2408 patrize
961 2344 1122 2395 modo
1152 2343 1244 2396 sed
1272 2352 1326 2396 et
1352 2343 1623 2396 communi
1652 2344 1829 2412 gentis
1874 2342 2073 2415 42Ὶὸ

488 2428 691 2483 Graecae
756 2439 962 2484 naturae
1025 2431 1389 2500 pulcherrime
1449 2432 1690 2485 omnium
1756 2434 2074 2487 nutritnenti

492 2521 710 2588 praemia
747 2520 1013 2590 rependit.
1063 2522 1310 2591 Cumque
1366 2522 1590 2590 singula:
1638 2523 1890 2577 civitates
1948 2538 2075 2579 suos

494 2613 722 2665 habeant
757 2613 971 2683 generis
1013 2625 1285 2675 auctores,
1337 2613 1481 2667 hunc
1513 2614 1703 2667 merito
1732 2630 2075 2669 communem

490 2701 661 2755 Graeci
712 2704 925 2769 generis
985 2714 1263 2755 auctorem
1315 2704 1436 2771 quis
1491 2704 1705 2758 dixerit.
1764 2704 2077 2770 Quinetiam

490 2796 696 2847 crimen
728 2796 1003 2857 existimo,
1045 2794 1189 2863 quod
1223 2806 1408 2863 postea
1452 2796 1730 2859 sustinuit,
1762 2796 1807 2850 si
1837 2797 1965 2866 quid
2011 2800 2078 2852 de

490 2902 557 2937 eo
598 2887 762 2939 etiam
809 2886 1094 2940 dicendum
1134 2898 1236 2950 est,
1277 2888 1571 2940 maximum
1600 2886 1714 2955 jam
1763 2903 1885 2941 esse
1933 2888 2078 2942 illius

492 2976 816 3041 praestantia:
849 2976 1083 3044 signum.
1117 2974 1356 3030 Cunctos
1392 2978 1537 3029 enim
1585 2977 1879 3030 censebant
1910 2979 2079 3045 ipsius

488 3066 691 3119 virtute
748 3066 1012 3135 superari,
1059 3081 1157 3120 nec
1201 3068 1286 3119 ubi
1334 3067 1595 3120 Miltiades
1640 3068 1878 3131 adesset,
1924 3068 2082 3135 quid-

2193 817 2259 866 Οί
2288 811 2711 884 μὲνλδαίμονες
2747 812 2917 881 ἁγνοί
2951 816 3299 883 ὑποχθόνιοι
3338 820 3679 884 καλέονται,

2183 882 2452 942 Ἔσθλοὶ,
2478 882 2844 946 ἀλεξίκακοι,
2871 882 3138 951 φύλακές
3155 887 3389 954 θνητῶν
3403 882 3745 957 ἀνθρώπων.

2172 974 2301 1047 [694
2351 974 2446 1046 Η.]
2491 975 2795 1038 Κάκείνους
2832 977 2973 1044 πλὴν
3009 976 3134 1030 ὅσον
3185 980 3245 1031 ού
3298 979 3558 1049 δαίμονας
3618 983 3747 1036 ἀλλὰ

2173 1067 2485 1135 δαιμονίους
2533 1066 2751 1131 καλῶν,
2808 1066 3155 1137 Θαρῤούντως
3202 1068 3269 1123 ἂν
3318 1068 3461 1139 ἔχοις
3508 1072 3687 1138 λέγειν
3706 1075 3747 1103 ⁸¹²

2177 1158 2531 1227 ὑποχθονίους
2557 1160 2706 1220 τινὰς
2739 1158 2985 1225 φύλακας
3018 1162 3113 1212 καὶ
3142 1162 3389 1230 σωτῆρας
3412 1162 3521 1215 τῶν
3563 1162 3745 1233 ἰ-λλῄ-

2174 1266 2280 1302 νων
2314 1249 2668 1313 άλεξικάκους
2694 1252 2790 1302 καὶ
2813 1250 2990 1303 πάντα
3020 1251 3279 1319 ἀγαθοὺς,
3316 1255 3406 1306 καὶ
3437 1254 3661 1323 ρύεσΟαί
3691 1273 3744 1323 γε

2171 1340 2271 1409 τὴν
2300 1339 2485 1410 χώραν
2510 1340 2570 1392 οὐ
2595 1342 2777 1410 χεῖρον
2805 1341 2838 1410 ἢ
2871 1340 2961 1393 τὸν
2989 1343 3045 1393 ὲν
3077 1342 3311 1412 Κολωνῷ
3339 1345 3593 1413 κείμενον
3616 1346 3749 1398 Οἰδί-

2172 1448 2328 1493 πουν,
2370 1431 2404 1500 ἢ
2435 1429 2488 1482 εί
2512 1447 2598 1492 τις
2626 1430 2808 1482 ἄλλοθί
2856 1448 2957 1483 που
2994 1427 3097 1500 τῆς
3122 1433 3303 1503 χώρας
3338 1436 3395 1486 ὲν
3426 1436 3608 1505 καιρῷ
3643 1438 3751 1498 τοῖς

2174 1518 2310 1584 ζῶσι
2348 1520 2563 1574 κεῖσθαι
2604 1521 2986 1574 πεπίστευται.
3030 1525 3137 1576 Καὶ
3184 1525 3291 1592 μὴν
3323 1525 3372 1558 ⁸³
3400 1527 3650 1594 τεχνικόν
3687 1543 3749 1594 γε

2175 1609 2315 1665 εἶναι
2338 1630 2403 1664 πε
2415 1614 2466 1679 pi.
2486 1613 2677 1679 λόγους
2700 1613 2851 1665 Πᾶνα
2872 1614 2962 1666 τὸν
2996 1614 3197 1684 Ἐρμοῦ
3219 1616 3553 1685 Πλάτωνοςή
3581 1618 3749 1687 φωνή.

2176 1703 2383 1772 Σκέψαι
2406 1704 2452 1735 ⁸⁸
2478 1702 2541 1774 δὴ
2581 1703 2673 1755 καὶ
2716 1703 2907 1768 τοῦτο,
2935 1705 3131 1757 ὁπόσον
3169 1722 3223 1756 τι
3262 1705 3364 1775 τῆς
3398 1705 3611 1757 ἐκείνου
3651 1722 3753 1758 σω-

2103 1829 2144 1883 Β
2178 1793 2453 1864 φροσύνης
2488 1794 2820 1863 τεκμήριον,
2854 1794 2947 1846 καὶ
2986 1795 3100 1858 ὅτι,
3126 1795 3176 1847 εἰ
3209 1795 3418 1864 χρυσῆν
3460 1794 3755 1864 ἐτύγχανεν

2175 1884 2313 1953 ἔχων
2336 1885 2436 1955 τὴν
2467 1884 2679 1955 ψυχὴν,
2712 1886 2814 1937 οὐκ
2834 1884 2901 1938 ἂν
2924 1886 3061 1957 αὐτῇ
3088 1886 3292 1941 καλλίω
3323 1887 3560 1958 βάσανον
3583 1906 3753 1956 προσ-

2172 1976 2426 2046 ήνεγκεν.
2453 1971 2624 2045 υἷμαι
2652 1975 2698 2008 ⁸⁵
2721 1975 2778 2028 δὲ
2804 1976 2907 2029 κᾶν
2935 1978 2992 2029 ὲν
3044 1978 3181 2031 θεῶν
3205 1979 3546 2049 δικαστηρίῳ
3576 1979 3754 2048 κρινό-

2178 2084 2341 2138 μενον
2375 2066 2681 2137 Μιλτιάδην
2710 2069 2931 2132 ἁπάσας
2962 2069 3286 2139 ἀποφυγεῖν,
3316 2072 3416 2141 ούχ
3451 2072 3643 2141 ὥσπερ
3669 2072 3756 2125 τὸν

2187 2156 2451 2227 Ὀρέστην
2488 2159 2621 2225 φασὶ
2654 2158 2754 2222 τὰς
2777 2159 3032 2228 ἡμισείας
3068 2161 3461 2229 μεταλαόὀντα.
3494 2164 3753 2222 Εἰκότως

2174 2248 2204 2300 ὁ
2236 2248 2333 2317 μὲν
2371 2248 2481 2317 γὰρ
2527 2248 2626 2318 τὴν
2657 2249 2871 2318 μητέρα
2907 2252 3196 2304 ἀπέκτεινε
3233 2253 3480 2319 δικαίως,
3504 2254 3533 2305 ὁ
3564 2254 3625 2307 δὲ
3660 2254 3758 2322 τὴν

2190 2336 2427 2392 Ἐλλάδα
2472 2338 2645 2392 ἔσωσε
2695 2339 2952 2407 δικαίως,
2984 2342 3080 2394 καὶ
3119 2343 3187 2395 τὰ
3231 2346 3457 2411 τροφεῖα
3498 2344 3757 2397 κάλλιστα

2177 2427 2483 2494 ἀνθρώπων
2516 2428 2757 2492 ἐξέτισεν
2802 2431 2864 2482 ού
2915 2430 3074 2502 μόνον
3114 2434 3180 2502 τῇ
3221 2433 3442 2503 πατρίδι
3470 2433 3632 2505 [1284
3665 2433 3755 2504 fl]

2178 2519 2313 2572 ἀλλὰ
2337 2519 2433 2572 καὶ
2467 2522 2533 2590 τῇ
2560 2523 2714 2591 κοινῇ
2751 2520 2911 2589 φύσει
2934 2522 3027 2575 τοῦ
3058 2524 3249 2591 γένους
3280 2524 3373 2578 τοῦ
3418 2526 3753 2593 Ἑλληνικοῦ.

2180 2610 2289 2662 Καὶ
2306 2611 2415 2679 γάρ
2432 2610 2570 2663 τοι⁸⁶
2587 2612 2735 2664 κατὰ
2748 2612 2930 2677 πόλεις
2951 2614 3049 2682 μὲν
3066 2614 3255 2678 ἄλλους
3273 2616 3423 2669 ἄλλοι
3440 2616 3756 2684 νομίζουσιν

2178 2700 2492 2771 ἀρχηγέτας
2510 2744 2525 2768 ,
2560 2704 2740 2756 κοινδν
2764 2704 2821 2757 δὲ
2849 2706 2948 2773 τῆς
2988 2706 3238 2769 Ἑλλάδος
3264 2708 3577 2778 ἀρχηγέτην
3613 2711 3759 2761 ἐκεῖ·

2179 2811 2270 2846 νον
2309 2793 2537 2857 δικαίως
2584 2795 2649 2848 άν
2677 2812 2763 2858 τις
2800 2797 2988 2865 ἡγοῖτο
3007 2798 3076 2851 ⁸⁷.
3107 2798 3330 2867 Νομίζω
3377 2799 3423 2851 δ’
3456 2800 3630 2867 ἔγωγε
3663 2801 3759 2853 sui.

2178 2886 2281 2954 τὴν
2311 2886 2513 2950 αἰτίαν,
2538 2886 2603 2957 ῆν
2626 2884 2855 2957 ὕστερον
2875 2887 3055 2959 ἔσχεν,
3085 2890 3133 2942 εί
3163 2891 3246 2942 δεῖ
3270 2908 3322 2942 τι
3348 2892 3441 2943 καὶ
3469 2907 3537 2942 πε
3546 2893 3601 2961 ρὶ
3630 2893 3760 2944 ταύο

2179 2993 2280 3045 της
2310 2977 2515 3040 εἰπεῖν,
2547 2977 2647 3047 ἤδη
2685 2979 2942 3047 μέγιστον
2988 2981 3254 3050 σύμὸολον
3283 2974 3424 3035 εἶναι
3455 2983 3551 3035 τοῦ
3580 2983 3760 3053 πολλῷ

2180 3084 2288 3119 τινι
2323 3068 2430 3120 τῶν
2466 3068 2643 3122 ἄλλων
2678 3072 2887 3125 ἐκεῖνον
2919 3072 3215 3139 διενεγκεῖν
3239 3090 3254 3103 ο
3296 3076 3540 3137 ἅπαντας
3564 3074 3610 3105 ⁸⁸
3652 3078 3759 3144 γὰρ

490 3172 652 3223 quant
702 3159 865 3221 vinci,
900 3167 993 3211 aut
1039 3158 1157 3227 capi
1199 3173 1302 3210 non
1356 3173 1534 3226 posse.
1590 3158 1653 3211 Ει
1702 3174 1825 3212 eum
1857 3173 1957 3226 ego
1986 3161 2073 3226 qui

2181 3160 2364 3229 ἠξίουν
2398 3162 2662 3230 ἡττᾶσθαι
2690 3164 2789 3232 τῆς
2824 3165 3026 3236 ἀρετῆς
3055 3164 3154 3233 τῆς
3188 3165 3425 3231 ἐκείνου,
3464 3168 3556 3219 καὶ
3590 3167 3759 3236 μηδὲν

494 3259 601 3302 tant
650 3247 829 3313 fortis,
889 3259 996 3302 lant
1054 3250 1311 3318 prudens,
1356 3259 1464 3303 tam
1523 3250 1800 3303 modestus
1838 3250 1960 3316 fuit,
2012 3266 2077 3304 ac

487 3341 743 3396 virtutem
779 3356 867 3411 per
903 3351 1066 3396 totam
1095 3341 1260 3396 vitam
1290 3342 1478 3405 coluit,
1509 3342 1833 3397 adulationis
1864 3351 2073 3411 partem

486 3444 751 3488 sectatum
782 3435 1047 3488 credam?
1085 3436 1298 3504 Quique
1328 3451 1449 3489 cum
1489 3451 1610 3489 reus
1655 3447 1928 3503 ageretur,
1971 3452 2075 3490 nou

491 3527 711 3579 vulnera
762 3524 1034 3591 judicihus
1082 3527 1409 3591 OSlelltlct‘il,
1464 3542 1585 3580 eum
1625 3527 1853 3581 haberet
1896 3528 2077 3581 Cimo-

489 3634 611 3671 nem
649 3634 799 3671 :non
844 3619 1040 3672 liberos
1091 3620 1394 3684 sustulerit,
1431 3636 1557 3674 eum
1615 3623 1839 3675 haberet
1894 3621 2078 3675 Cimoo

491 3722 653 3770 nem;
687 3707 828 3760 hunc
854 3722 954 3777 ego
986 3708 1323 3763 adulatorem
1367 3708 1650 3776 appellem,
1696 3720 1860 3778 atque
1894 3712 2079 3764 adula-

490 3797 692 3849 tionem
726 3796 891 3851 fuisse
921 3798 1065 3853 illius
1095 3800 1577 3855 demonstrationis
1602 3816 1665 3854 ac
1691 3802 1815 3854 vita:
1845 3818 2071 3871 scopum

488 3887 703 3941 dicam?
744 3888 933 3942 Merito
961 3904 1090 3943 vero
1127 3905 1233 3943 non
1269 3891 1416 3959 ipsos
1443 3892 1566 3960 quis
1604 3890 1815 3961 adulari
1851 3893 2076 3958 diceret,

490 3993 556 4031 ac
576 3979 847 4032 serviliter
877 3995 986 4034 non
1020 3979 1251 4049 ingenue
1282 3997 1378 4037 nos
1407 3998 1618 4055 gererq,
1647 3984 1764 4051 qui,
1790 3984 1914 4037 dum
1942 3985 2080 4037 alte-

489 4071 601 4123 rius
643 4084 979 4140 aucupemur
1027 4074 1278 4141 gratiam,
1326 4082 1517 4142 sponte
1560 4076 1846 4128 veritatem
1891 4076 2082 4145 oppri-

493 4174 727 4215 mantus.

651 4445 921 4502 Miltiades
945 4465 1040 4519 pro
1076 4448 1445 4506 Themistocle.
1467 4481 1538 4493 —
1561 4452 1882 4511 Emordium.

562 4536 747 4590 Restat
778 4538 940 4607 igitur
971 4538 1385 4606 Themistocles,
1418 4557 1577 4609 quem
1614 4542 1828 4611 quidem
1858 4542 2081 4596 minime

488 4628 713 4682 decebat
762 4644 792 4682 e
836 4632 1087 4684 secundis
1135 4632 1336 4698 primas
1385 4632 1549 4696 ferre,
1612 4648 1924 4702 quanquam
1978 4635 2081 4687 hoc

492 4717 565 4769 illi
593 4721 822 4771 ittaxitne
843 4719 941 4772 soli
968 4722 1214 4791 contigit.
1238 4722 1378 4788 Quin
1397 4725 1573 4792 potius
1596 4725 1717 4791 quis
1738 4726 1887 4777 abeo
1906 4725 1977 4777 sit
1995 4738 2082 4777 se-

489 4809 718 4871 cundus,
772 4809 1004 4872 diﬂieile,
1053 4815 1237 4876 credo,
1293 4814 1363 4867 sit
1418 4815 1661 4869 inventu.
1712 4814 1887 4868 Tanto
1934 4815 2077 4868 enim

488 4896 880 4952 Marathuniuut
926 4900 1096 4965 illum,
1134 4914 1226 4954 aut
1259 4919 1584 4974 quocunque.
1632 4920 1753 4959 eum
1804 4910 1950 4958 voles
1984 4920 2081 4974 ap-

489 4990 690 5059 pellare
742 4991 980 5055 nomine,
1027 4992 1311 5047 intervallo
1352 4998 1627 5063 superavit
1657 4999 1906 5052 onmihus
1939 4998 1990 5050 in
2022 5012 2081 5051 se

487 5083 810 5138 cadentibus
850 5082 1033 5148 rebus,
1060 5096 1259 5152 quanto
1296 5086 1512 5140 Darium
1552 5086 1760 5142 Xerxes
1806 5088 1952 5142 omni
1995 5087 2079 5140 vi~

2179 3251 2452 3320 ἀήττητον
2488 3248 2626 3306 εἶναι
2655 3254 2777 3323 μηδ’
2805 3255 3078 3309 ἀνάλωτον
3105 3258 3239 3315 ὅπου
3268 3257 3564 3326 Μιλτιάδης
3612 3275 3687 3308 πα
3701 3276 3759 3328 ρο-

2178 3343 2286 3413 είη.
2319 3339 2434 3397 Εἶτ’
2463 3343 2575 3412 ἐγὼ
2606 3345 2697 3398 τὸν
2731 3344 2904 3411 οὕτως
2930 3349 3171 3417 ἀνδρεῖον
3216 3351 3310 3403 καὶ
3356 3351 3621 3419 φρόνιμον
3665 3354 3757 3403 καὶ

2180 3433 2467 3504 σώφρονα,
2500 3436 2594 3489 τὸν
2616 3437 2706 3490 διὰ
2750 3437 2868 3507 βίου
2898 3439 3274 3509 μελετήσαντα
3305 3440 3505 3512 ἀρετὴν
3525 3484 3540 3503 ,
3570 3442 3758 3493 τοῦτον

2180 3528 2471 3591 κολακείας
2512 3528 2686 3599 μορίῳ
2728 3529 2987 3599 σχολάσαι
3014 3531 3191 3595 δοκῶ;
3227 3533 3316 3585 τὸν
3340 3533 3448 3585 οὐδ’
3478 3534 3568 3584 ὅτε
3604 3533 3754 3601 Expi-

2178 3638 2319 3683 νετο,
2358 3622 2511 3673 οὐδὲν
2545 3622 2705 3674 πλέον
2734 3625 2847 3685 τοῖς
2868 3622 3146 3686 δικασταῖς
3183 3624 3425 3690 δείξαντα
3459 3626 3552 3677 τοῦ
3586 3626 3755 3695 τραύ-

2184 3731 2352 3778 ματος
2372 3755 2384 3771 .
2422 3715 2483 3767 οὐ
2515 3714 2863 3785 δακρύσαντα
2885 3758 2899 3781 ,
2929 3715 2989 3768 οὐ
3022 3716 3211 3768 παιδία
3255 3718 3752 3786 άναὸιϐασάμενον,

2179 3808 2330 3869 ὄντος
2358 3808 2508 3876 αὐτῷ
2524 3808 2569 3839 ⁸³
2596 3808 2869 3877 Κίμωνος,
2903 3807 3093 3859 τοῦτον
3120 3808 3231 3875 ἐγὼ
3254 3809 3457 3860 κόλακα
3484 3809 3685 3863 οὑτωσὶ
3707 3810 3749 3840 ’⁸

2181 3898 2467 3967 προσείπω
2511 3899 2943 3969 μεγαλοπρεπῶς
2965 3901 3045 3965 ⁹¹;
3078 3900 3171 3952 καὶ
3205 3900 3344 3952 τοῦτ’
3387 3896 3453 3969 ἦν
3483 3904 3545 3953 τὸ
3588 3904 3756 3968 κεφάο

2180 3989 2331 4041 λαιον
2364 3990 2472 4041 τῶν
2508 3990 2699 4060 ἐκείνῳ
2739 3990 3216 4060 πεπολιτευμένων
3247 3992 3339 4043 καἸ
3384 3990 3753 4060 βεϐιωμένων,

2182 4078 2441 4132 κολακεία
2466 4081 2511 4111 ⁸⁸
2535 4095 2548 4145 ;
2571 4080 2666 4131 καὶ
2688 4079 2803 4142 πῶς
2832 4079 2890 4131 οὐ
2923 4078 3146 4142 δικαίως
3173 4080 3238 4132 ἄν
3256 4096 3336 4142 τις
3362 4081 3510 4149 ἡμᾶς
3537 4081 3591 4131 αί
3609 4080 3756 4147 ,ιοῖτῖ

2183 4172 2381 4235 αὐτοὺς
2416 4171 2754 4233 κολακεύειν,
2786 4172 2882 4223 καὶ
2912 4171 3176 4224 διακόνων
3212 4170 3370 4239 ἔργον
3395 4170 3494 4222 οὐκ
3539 4170 3753 4223 ἐλευθέ-

2188 4280 2295 4335 ρων
2338 4266 2511 4315 ποιεῖν
2532 4303 2545 4326 ,
2583 4265 2631 4315 εί
2676 4262 2775 4333 τὴν
2809 4262 2998 4333 ἑτέρου
3027 4262 3186 4332 χάριν
3213 4262 3497 4324 διώκοντες
3530 4262 3757 4330 τάληθὲς

2185 4356 2404 4417 ἑκόντες
2434 4354 2881 4424 διαφθείροιμενς

2270 4447 2439 4513 Ὑπὲρ
2482 4446 2956 4513 Θεμιστοκλέους
2976 4447 3041 4501 ³⁸.
3081 4477 3152 4486 —
3197 4445 3270 4499 Τὸ
3312 4446 3641 4513 Προοίμιον.

2261 4537 2462 4597 Λοιπὸς
2479 4537 2524 4567 ’⁸
2553 4536 2733 4587 τοίνυν
2774 4535 3178 4604 Θεμιστοκλῆς,
3223 4534 3423 4602 ἥκιστα
3456 4532 3513 4584 δὲ
3545 4534 3757 4584 πάντων

2188 4628 2337 4693 ἄξιος
2364 4630 2430 4679 ὲκ
2452 4628 2772 4696 δευτερεων
2804 4626 2872 4677 τά
2899 4628 3140 4697 πρωτεῖα
3169 4626 3333 4694 ἔχειν,
3362 4627 3410 4676 εί
3438 4626 3503 4676 τά
3530 4624 3757 4692 μάλιστα

2188 4720 2283 4771 καὶ
2322 4718 2479 4770 τοῦτο
2523 4716 2654 4769 αὐτὸ
2684 4717 2877 4786 ἐκείνῳ
2924 4718 3068 4785 μόνῳ
3103 4716 3212 4767 τῶν
3262 4716 3479 4769 πάντων
3518 4714 3759 4783 ὑπάρξαν

2189 4809 2441 4877 φαίνεται
2462 4824 2476 4837 ⁶
2504 4808 2641 4860 ἀλλὰ
2671 4808 2869 4876 μᾶλλον
2899 4809 3046 4870 ὅστις
3074 4806 3283 4859 ἐκείνου
3308 4806 3578 4877 δεύτερος,
3610 4806 3760 4857 τοῦτο

2189 4901 2318 4961 ίσως
2344 4898 2502 4969 ἔργον
2528 4900 2731 4968 εὑρεῖν.
2754 4898 3004 4966 Τοσούτῳ
3029 4898 3136 4968 γὰρ
3161 4900 3293 4967 ἡμῖν
3314 4900 3404 4950 τὸν
3428 4898 3755 4966 Μαραθῶνα,

2186 4994 2278 5045 τὸν
2319 4993 2484 5055 πάνυ,
2528 4991 2620 5043 τὸν
2654 4991 2730 5053 ὡς
2772 4991 2954 5060 βούλει
2986 4990 3131 5058 λέγε,
3160 4990 3398 5059 τοσούτῳ
3426 4991 3471 5043 δ’
3499 4989 3588 5043 οὖν
3620 4993 3758 5042 ἐκεῖ-

2189 5102 2279 5137 νον
2332 5083 2705 5151 ύπερεῦάλετο
2756 5083 2891 5134 πᾶσι
2942 5086 3053 5146 τοῖς
3087 5085 3166 5145 εἰς
3213 5082 3375 5135 αὑτὸν
3408 5082 3618 5135 ἐλθοῦσι
3648 5081 3758 5141 πῶς

1795 5243 2035 5300 VARl/E
2070 5242 2364 5298 LECTION
2376 5241 2479 5294 ES.

563 5354 606 5431 θ’
640 5354 782 5431 ἔχοις
810 5354 1013 5431 λέγειν]
1056 5358 1200 5431 ἔχειν
1228 5360 1289 5413 Α.
1391 5360 1437 5391 ’³
1465 5361 1555 5412 καὶ
1588 5360 1717 5431 μὴν]
1754 5376 1802 5427 p.
1834 5360 1961 5413 9.85.

488 5423 534 5494 Ψ
566 5430 750 5493 ἡγοῖτο
774 5442 882 5479 01ης
916 5423 1012 5479 Δι’
1057 5423 1114 5462 δέ
1135 5432 1380 5489 ἅπαντας
1407 5432 1449 5483 Α
1480 5449 1490 5483 :
1520 5423 1764 5494 ἅπαντες
1792 5448 1850 5493 ς.

488 5491 681 5547 λακεία
747 5514 857 5548 oin.
930 5500 994 5549 Α.

490 5562 534 5591 ⁸⁵
565 5564 768 5635 λοιπὸς]
803 5584 852 5634 p.
884 5566 1008 5619 9.95.

2056 5359 2105 5391 3"
2142 5357 2366 5429 σκέψαι]
2411 5374 2462 5423 p.
2497 5354 2621 5407 988.

1928 5432 1974 5463 δ’
2010 5429 2175 5482 αὑτοῦ
2221 5431 2282 5481 Α.

1096 5501 1142 5532 ’³
1165 5502 1306 5571 ὑπὲρ
1340 5498 1795 5571 Θεμιστοκλέους]
1835 5499 2118 5571 μιλτιάὸης
2174 5497 2533 5567 θεμιστοκλῆς
2568 5497 2609 5547 Α
2642 5511 2655 5547 :
2702 5496 3006 5565 ’Μιλτιάδης
3058 5497 3198 5566 ὑπὲρ
3248 5496 3667 5566 Θεμιστοκλέους
3701 5510 3761 5559 ς.

2725 5355 2773 5385 ⁸⁵
2800 5352 2975 5426 οἶμαι]
3022 5374 3073 5420 p.
3106 5356 3229 5409 29L

3328 5357 3374 5387 ⁸⁸
3399 5359 3489 5409 καὶ
3522 5357 3628 5427 γάρ
3658 5375 3760 5409 τοι.

2378 5429 2424 5459 ⁹⁰
2461 5423 2663 5480 οὑτωσὶ
2696 5440 2803 5478 om.
2832 5423 2896 5479 Α.

2984 5428 3024 5456 ’ί
3062 5428 3514 5497 μεγαλοπρεπῶς.
3607 5428 3650 5459 ’⁸
3673 5445 3762 5479 κο-

2036 5676 2267 5732 NOTAE.

576 5794 681 5859 (9'2)
714 5792 1010 5854 Hesiodus,
1042 5795 1130 5845 lib.
1169 5809 1207 5844 ι.

2244 5793 2351 5863 (95)
2397 5794 2527 5850 Vide
2564 5795 2848 5865 Sophoclis
2882 5796 3250 5868 Trangmdiam.
