3960 6436
434 402 573 470 1551

441 620 502 659 se
530 608 777 657 servaret
803 598 974 668 prius,
1007 595 1212 664 aliquid
1242 608 1272 648 a
1298 600 1351 648 te
1398 592 1505 647 dici
1553 603 1842 664 putarem;
1900 607 2026 647 cum

435 703 617 748 autem
652 689 738 746 vel
788 686 965 743 navali
1022 685 1209 755 praelio
1237 684 1590 748 vincendum,
1642 683 1728 738 vel
1780 681 2027 738 terrestri

436 784 771 854 pereundum
802 780 987 845 fuerit,
1012 792 1133 848 quae
1162 777 1280 833 haec
1301 775 1494 832 luisset
1519 774 1880 847 philosophia,
1901 789 2028 830 cum

438 877 597 932 liceat
628 872 1170 945 magniﬁcentissime
1214 870 1449 934 servari,
1479 878 1685 925 temere
1728 867 1913 923 mori?
1948 867 2029 923 Ac

438 983 659 1037 prorsus
681 966 935 1039 equidem
964 979 1072 1020 non
1104 962 1375 1033 intelligo,
1410 976 1509 1017 cur
1531 960 1809 1016 terrestris
1858 960 2033 1015 victo—

438 1062 517 1117 ria
544 1060 773 1131 pulchra
819 1059 915 1123 sit,
975 1055 1151 1127 turpis
1204 1055 1440 1120 marina,
1497 1052 1581 1109 vel
1640 1051 1811 1108 cassis
1868 1059 2033 1122 atque

436 1156 647 1210 corium
677 1151 856 1222 magni
901 1149 1013 1208 sint
1050 1147 1211 1220 pretii
1263 1147 1521 1204 rudentes
1583 1160 1648 1200 ac
1715 1144 1852 1201 remi
1912 1145 2034 1199 nul-

440 1246 565 1302 lius.

513 1505 712 1580 [Deest
760 1504 841 1558 δεῖ
881 1503 1176 1580 νομίζειν..
1204 1502 1471 1580 Κρανίαν,
1528 1516 1628 1580 pro
1674 1502 1825 1573 galea
1865 1500 2033 1569 dicit;

441 1572 649 1647 βύρσαν
699 1589 830 1629 vero
880 1572 981 1647 pro
1041 1572 1424 1647 armis,'q_uod
1482 1572 1635 1627 corio
1680 1572 2033 1647 tegerentur;

442 1641 607 1787 νήῗα,]
624 1645 800 1714 funes,
824 1641 1047 1708 κώπεας
1102 1657 1234 1698 vero
1254 1682 1271 1710 ,
1298 1641 1454 1713 ligna
1494 1641 1806 1698 necessaria
1863 1643 1930 1695 ad
1960 1657 2039 1697 re-

442 1732 583 1771 mos.

442 1732 583 1771 11108.

514 1807 610 1863 Sin
638 1816 750 1863 tota
801 1815 921 1861 erat
970 1814 1234 1875 occupata
1283 1814 1427 1860 terra
1457 1843 1473 1869 ,
1533 1804 1811 1859 exercitus
1866 1803 2038 1858 instar

443 1900 612 1957 maris
646 1900 968 1963 inundabat,
997 1899 1181 1953 onmia
1232 1896 1652 1963 diripiebantur,
1692 1909 1791 1950 nec
1843 1895 1925 1949 vel
1956 1910 2040 1949 re—

445 1994 657 2062 spicere
701 1991 921 2046 licebat.
964 1988 1163 2045 Verum
1192 1988 1245 2043 in
1289 1987 1539 2057 angustia
1574 2002 1679 2041 non
1724 1986 2038 2056 Peloponesi

442 2084 623 2146 modo,
646 2082 740 2137 sed
765 2081 930 2136 etiam
958 2080 1075 2151 spei
1103 2079 1387 2145 sedebant,
1418 2093 1517 2134 nec
1542 2093 1714 2148 usque
1740 2078 1822 2132 vel
1863 2088 2042 2132 ιρι-τει-

445 2190 563 2230 rum
588 2174 672 2231 vel
694 2173 861 2229 maris
885 2172 1051 2229 futuri
1086 2172 1471 2239 credebantur,
1494 2186 1592 2227 cur
1620 2170 1697 2226 ita
1722 2171 1791 2226 de
1820 2171 2043 2227 Achivis

443 2282 512 2323 es
535 2277 686 2324 turre
739 2267 1068 2339 iudicamus.

474 2560 486 2573 ο
530 2487 964 2633 HProverbium:
1030 2498 1088 2544 ut
1141 2488 1391 2544 Priamus
1450 2496 1505 2544 et
1548 2487 1751 2544 Helena
1813 2502 1881 2543 ex
1923 2502 2043 2543 mu-

474 2575 539 2617 ts.

442 2575 539 2617 1⁵18.

513 2651 678 2709 Solus
718 2665 883 2720 porro
920 2650 1003 2707 vel
1048 2650 1197 2707 inter
1246 2664 1449 2721 paucos
1488 2649 1780 2705 admodum
1827 2650 2041 2705 videtur

445 2741 550 2799 hoc
600 2741 807 2797 dictum
876 2740 1276 2796 Themistocles
1329 2740 1718 2810 comprobasse
1746 2780 1764 2809 ,
1842 2741 2044 2813 530a

445 2832 590 2904 quod
623 2845 746 2886 eum
809 2829 1029 2885 Alcaeus
1086 2840 1246 2899 poeta
1298 2830 1615 2899 protulisset
1670 2831 1825 2897 olim,
1888 2833 2043 2887 multi

449 2930 640 2992 postea
674 2928 1009 2989 usurparunt
1042 2937 1057 2974 :
1091 2934 1199 2975 non
1244 2918 1469 2989 lapides,
1498 2935 1606 2974 non
1632 2920 1800 2992 ligna,
1836 2922 2044 2981 πιθοία-

446 3014 669 3067 brorum
719 3020 892 3065 artem
919 3012 1175 3066 civitates
1211 3009 1425 3066 ellicere
1461 3026 1475 3065 :
1508 3012 1603 3066 sed
1630 3013 1718 3066 ubi
1747 3013 1848 3067 viri
1891 3025 2060 3079 sunt,.

446 3098 539 3168 qui
562 3112 623 3155 se
650 3098 798 3168 ipsos
819 3112 1042 3154 servare
1077 3097 1283 3163 norint,
1315 3098 1512 3153 ibidem
1544 3109 1599 3152 et
1634 3100 1796 3155 urbes
1826 3115 1948 3157 csse
1989 3114 2044 3159 et

448 3189 668 3244 nnenia.
706 3185 783 3242 lta
810 3188 856 3242 si
891 3201 993 3243 suo
1039 3188 1305 3242 duntaxat
1354 3187 1588 3243 consilio
1648 3188 1733 3244 his
1787 3189 1841 3244 in
1878 3191 2040 3247 rebus

447 3295 579 3336 usus
614 3287 761 3334 esset
793 3276 1210 3344 Themistocles,
1268 3292 1366 3332 cur
1401 3277 1526 3349 quis
1580 3278 1789 3335 diceret
1822 3280 1891 3336 ab
1944 3281 2038 3338 illo

445 3369 615 3428 fuisse
642 3369 993 3426 accusatum?
1027 3372 1161 3425 tium
1202 3380 1385 3426 autem
1426 3372 1562 3426 deus
1616 3387 1834 3443 quoque
1893 3374 2036 3431 idem

440 3464 691 3531 jusserit,
722 3463 851 3533 quid
875 3474 1265 3531 consequatur,
1304 3472 1363 3517 ut
1416 3464 1666 3532 equidem
1713 3479 1905 3521 vereor
1956 3467 2038 3521 di—

446 3574 575 3616 cere
608 3577 623 3615 :
651 3558 727 3614 ita
749 3558 930 3629 quivis
956 3557 1117 3613 facile
1144 3558 1416 3629 intelligit.
1452 3556 1848 3615 Themistocles
1885 3570 2039 3617 certe

447 3664 671 3721 prorsus
694 3647 1017 3706 absolvitur.
1052 3649 1206 3706 Hunc
1230 3650 1377 3705 enim
1414 3650 1462 3705 si
1491 3650 1757 3706 solverint
1812 3652 2035 3719 nodum,

448 3743 629 3799 Donec
668 3743 907 3798 tribuant
943 3741 1168 3797 honores
1211 3741 1468 3811 Apollini,
1515 3742 1669 3813 juxta
1721 3742 2037 3812 Delphicum

451 3837 741 3908 tripodem,
794 3850 959 3907 quem
990 3835 1061 3892 de
1124 3837 1384 3893 Barbaris
1452 3837 1772 3893 dedicarunt
1835 3838 2035 3905 Graeci,

448 3934 653 3985 stante.
710 3929 787 3983 Ac
813 3928 944 3984 deus
981 3928 1200 3999 quidem
1244 3928 1485 3984 divinam
1538 3930 1755 3986 vocavit
1810 3930 2039 3986 Salami-

451 4034 599 4083 nem,
639 4018 841 4090 quippe
874 4018 942 4072 ad
982 4032 1145 4088 quam
1208 4017 1414 4087 majora
1461 4034 1626 4088 quam
1680 4035 1781 4087 pro
1831 4020 2038 4077 viribus

448 4110 704 4167 humanis
725 4118 884 4165 erant
918 4108 1059 4164 facta
1088 4111 1417 4179 peragenda.
1448 4108 1599 4165 Plato
1621 4121 1801 4166 autem
1844 4113 2036 4167 horum

451 4211 755 4266 auctorem:
798 4202 1002 4271 quique
1026 4199 1355 4256 Sulaminem
1393 4201 1512 4256 illos
1536 4202 1783 4269 deduxit,
1834 4203 2039 4261 Graecis

450 4295 708 4351 nocuisse
743 4293 899 4361 dicit,
930 4308 1029 4350 nec
1049 4292 1119 4348 iis
1144 4292 1236 4362 qui
1279 4293 1544 4364 voluptati
1569 4295 1736 4365 plebis
1766 4300 2041 4355 subservi-

450 4395 592 4454 rent,
618 4386 897 4441 meliorem
951 4399 1176 4454 prorsus
1228 4386 1523 4442 exstitisse.
1556 4387 1737 4453 Quare
1769 4405 1892 4445 cum
1920 4397 2040 4459 post

449 4476 643 4531 navale
669 4474 909 4545 pra-lium
942 4483 1128 4530 essent
1171 4489 1362 4532 omnes
1403 4476 1455 4531 in
1506 4476 1768 4533 Isthmum
1803 4480 2037 4545 collecti,

1572 394 1838 456 PHOTII
1859 386 2367 456 PATRIARCH/E
2394 394 2505 455 ΟΡ.

505 508 619 581 Ego
645 522 796 574 vero,
824 505 1093 577 siquidem
1144 503 1364 558 vincere
1408 502 1535 573 quis
1565 511 1770 572 posset,
1820 513 1877 556 ut
1911 516 2019 557 non
2051 510 2096 565 Α

3574 388 3715 456 1552

2208 505 2351 576 Ἐγὼ
2378 507 2446 574 δ’,
2469 509 2519 561 εί
2547 507 2647 578 μὲν
2671 500 2740 577 ἦν
2764 504 2955 576 ἕτερον
2976 504 3177 576 τρόπον
3198 503 3420 576 νικῆσαι
3440 504 3476 577 ῆ
3498 505 3596 560 καὶ
3615 524 3719 561 σω-

2132 596 2293 669 θῆναι
2314 598 2377 651 τὸ
2400 597 2637 669 πρῶτον,
2665 598 2809 667 τάχα
2833 596 2899 650 ἄν
2918 613 2972 649 τι
3003 594 3134 667 [698
3166 594 3263 668 IL]
3292 595 3520 660 τούτους
3558 596 3718 669 ᾤμην

2131 690 2261 753 τοὺς
2282 688 2475 758 λόγους
2506 684 2669 746 εἶναι.
2722 688 2853 741 Ὅτε
2881 686 2927 740 δ’
2962 682 3033 759 ἦν
3056 686 3268 758 αἵρεσις
3299 686 3334 758 ἢ
3366 688 3716 759 ναυμαχοῦν-

2131 798 2234 845 τας
2287 779 2564 851 κράτεϊνῆ
2599 780 2741 835 κατὰ
2778 780 2883 849 γῆν
2949 778 3311 846 ἀπολωλέναι,
3375 780 3494 843 πῶς
3516 775 3587 852 ἦν
3609 780 3723 834 τσον

2134 872 2168 944 ἢ
2200 872 2283 937 τίς
2311 875 2344 941 ἡ
2378 872 2666 944 θαυμαστὴ
2733 870 3025 942 φιλοσοφία
3073 871 3331 925 τεθνάναι
3368 871 3569 944 μάτην,
3606 872 3723 937 ἐξόν

2139 963 2281 1033 μετὰ
2345 963 2449 1034 τῆς
2510 962 2777 1034 μεγίστης
2830 960 3077 1028 εὐδοξίας
3128 961 3408 1032 σωθῆναι;
3455 962 3632 1035 ἀρχὴν
3677 963 3723 1017 δ’

2136 1055 2318 1125 ἔγωγε
2368 1056 2470 1110 οὐκ
2520 1055 2723 1110 ἐπινοῶ
2769 1053 2875 1109 ποῦ
2932 1054 3278 1125 διακέκριται
3326 1054 3470 1110 κατὰ
3490 1050 3720 1126 γῆννμὲν

2137 1149 2359 1219 νικῆσαι
2412 1147 2579 1202 καλὸν
2631 1143 2791 1212 εἶναι,
2825 1148 2885 1201 ὲν
2929 1147 3171 1221 Θαλάττῃ
3191 1148 3236 1202 δ’
3265 1148 3513 1220 αἰσχρὸν,
3544 1148 3581 1221 ἢ
3624 1148 3720 1219 τὴν

2142 1239 2241 1310 μὲν
2301 1239 2534 1311 κρανίαν
2594 1239 2691 1293 καὶ
2753 1238 2854 1311 τὴν
2898 1238 3105 1312 βύρσαν
3144 1239 3343 1294 πολλοῦ
3369 1256 3516 1305 τινος
3561 1239 3717 1305 ἀξίαν

2139 1329 2304 1398 εἶναι,
2356 1334 2425 1386 τά
2465 1332 2523 1386 δὲ
2564 1332 2691 1397 νήῖα
2755 1330 2854 1387 καὶ
2906 1332 3036 1398 τοὺς
3090 1332 3316 1397 κωπέας
3360 1331 3520 1387 τοῦδ’
3557 1332 3718 1405 μηδε-

2140 1426 2249 1491 νός.

2212 1516 2488 1588 Λείπειτδ
2517 1516 2600 1588 δεξ
2656 1515 2923 1588 νομίζειν.
2947 1515 3225 1588 ηΚρανίαν
3271 1516 3383 1588 τὴν
3419 1533 3719 1588 περικεφα-

2140 1587 2301 1641 λαίαν
2332 1586 2744 1659 λέγει,ίβύρσαν
2766 1586 2911 1659 δὲτὸ
2939 1587 3104 1659 δπλον
3163 1586 3314 1659 παρὰ
3329 1586 3399 1641 τὸ
3416 1586 3559 1659 ἔχειν
3578 1587 3715 1659 ,βύρ-

2144 1675 2243 1728 σαν
2288 1659 2419 1728 περὶ
2469 1656 2626 1717 αὐτὸ,
2672 1659 2797 1728 νήῖα
2822 1656 2879 1711 δὲ
2909 1657 2978 1710 τὰ
3026 1656 3260 1727 σχοινία,
3315 1656 3538 1723 κωπέας
3564 1656 3623 1712 δὲ
3643 1656 3712 1713 τὰ

2144 1727 2277 1793 ξύλα
2298 1727 2374 1781 τά
2392 1728 2529 1799 πρὸς
2549 1727 2739 1791 κώπας
2764 1728 3070 1799 ἐπιτήδεια.

2214 1822 2277 1875 El
2306 1820 2408 1875 δ’δ’
2435 1821 2621 1874 ἅπασα
2665 1820 2765 1892 μὲν
2794 1820 2828 1890 ἠ
2854 1820 2925 1890 γῆ
2972 1818 3326 1889 κατείληπτο,
3395 1818 3621 1890 ἐπέρρει
3666 1820 3721 1872 δὲ

2142 1912 2335 1983 ὥσπερ
2365 1912 2638 1983 θαλάττης
2684 1911 2971 1977 ὲπίκλυσις
3003 1912 3037 1982 ἡ
3063 1912 3320 1983 στρατιὰ,
3347 1912 3523 1966 πάντα
3550 1912 3609 1966 δὲ
3626 1913 3725 1981 ἄρ-

2141 2004 2239 2076 δην
2285 2006 2386 2077 ὰνη
2397 2004 2658 2075 ρπάζετο,
2702 2003 3033 2058 ἀναϐλέπειν
3058 2003 3116 2058 δὲ
3140 2004 3243 2059 οὐκ
3270 1999 3361 2077 ἦν,
3386 2004 3502 2058 ἀλλ’
3527 2006 3588 2059 ὲν
3616 2008 3724 2069 τοῖς

2144 2098 2353 2161 στενοῖς
2386 2098 2449 2151 οὐ
2480 2097 2582 2168 τῆς
2636 2096 3052 2167 Πελοποννήσου
3101 2096 3280 2166 μόνον,
3317 2097 3453 2151 ἀλλὰ
3496 2097 3722 2151 καὶτῶν

2142 2189 2374 2243 ἐλπίδων
2402 2188 2692 2261 ἐκάθηντο,
2739 2188 3003 2242 ἀπέκειτο
3034 2186 3092 2241 δὲ
3151 2189 3288 2259 μήτε
3319 2189 3424 2260 γῆς
3456 2189 3598 2260 μήτε
3622 2189 3717 2243 θαι

2142 2281 2344 2354 λάττης
2398 2276 2540 2336 εἶναι
2596 2279 2871 2352 μηδαμοῦ,
2896 2278 2950 2335 τί
2977 2279 3152 2335 ταῦτα
3176 2282 3303 2347 τοὺς
3333 2283 3587 2354 ’Δχαιοὺς
3613 2282 3719 2338 ἀπὸ

2146 2372 2236 2427 τοῦ
2269 2374 2485 2444 πύργου
2510 2374 2770 2446 κρίνομεν
2791 2391 2806 2442 ;

2142 2467 2520 2595 ςΕξΙέαροιμία·
2557 2466 2747 2538 ὥσπερ
2773 2467 2803 2521 ό
2852 2465 3100 2539 Πρίαμος
3132 2467 3197 2521 ὲκ
3224 2464 3320 2522 τοῦ
3368 2465 3726 2538 τείχουςῖκαὶ

2281 2556 2369 2595 νη.

2281 2556 2369 2608 νη.

2215 2630 2394 2695 Μόνος
2409 2630 2457 2663 ⁸ο
2491 2629 2549 2683 δέ
2579 2647 2670 2701 μοι
2713 2628 2860 2684 δοκεῖ
2900 2628 3119 2684 πάντων
3148 2627 3507 2701 ἀνθρώπωνῆ
3534 2629 3725 2701 κομιδῇ

2143 2742 2208 2796 γε
2232 2726 2277 2760 ³¹
2300 2728 2358 2780 ὲν
2395 2725 2599 2796 ὀλίγοις
2626 2727 2798 2793 δεῖξαι
2842 2726 3220 2805 Θεμιστοκλῆς
3243 2726 3419 2798 ἀληθῆ
3448 2728 3539 2781 τὸν
3572 2727 3728 2795 λόγον

2142 2817 2296 2880 ὅντα,
2346 2817 2405 2873 ὃν
2450 2817 2618 2873 πάλαι
2674 2819 2775 2889 μὲν
2817 2818 3067 2882 Ἀλκαῖος
3089 2820 3136 2852 ⁸⁸
3193 2821 3223 2873 ό
3271 2820 3501 2890 ποιητὴς
3555 2816 3728 2886 εἶτεν,

2145 2909 2373 2984 ὕστερον
2400 2911 2457 2965 δὲ
2485 2912 2537 2965 oi
2601 2911 2789 2965 πολλοὶ
2835 2911 3249 2984 παραλαϐόντες
3301 2911 3624 2983 ἐχρήσαντο,
3655 2911 3728 2975 ὡς

2145 3003 2254 3076 ἄρα
2286 3005 2349 3058 οὐ
2383 3004 2523 3059 λίθοι
2579 3004 2701 3058 οὐδὲ
2756 3004 2890 3072 ξύλα
2942 3004 3066 3059 οὐδὲ
3126 3004 3291 3076 τέχνη
3351 3004 3623 3058 τεκτόνων
3673 3006 3728 3059 al

2146 3099 2330 3163 πόλεις
2369 3095 2501 3165 εἷεν,
2561 3098 2675 3152 ἀλλ’
2723 3098 2857 3153 ὅπου
2919 3097 3039 3151 ποτ’
3068 3096 3134 3151 ἂν
3161 3091 3293 3151 ὦσιν
3319 3095 3509 3168 ἄνδρες
3534 3096 3728 3158 αὐτοὺς

2068 3220 2112 3281 c
2147 3192 2344 3259 σώζειν
2377 3193 2600 3281 εἰδότες,
2626 3193 2864 3248 ἐνταῦθα
2892 3193 3041 3247 καὶ⁵³
3082 3192 3237 3263 τείχη
3279 3192 3377 3245 καὶ
3432 3190 3637 3254 πόλεις.
3665 3189 3728 3243 El

2146 3285 2244 3355 μὲν
2261 3286 2308 3317 ⁸⁸
2334 3280 2429 3339 οὖν
2469 3284 2635 3339 αὐτοῦ
2697 3284 2894 3358 γνώμῃ
2933 3282 3092 3354 μόνον
3120 3283 3167 3316 ⁸⁸
3199 3280 3559 3352 περὶτούτων
3604 3281 3727 3334 ὲκέ-

2137 3392 2308 3447 χρητο
2364 3374 2758 3446 Θεμιστοκλῆς,
2790 3375 3000 3429 ἐκείνου
3030 3391 3114 3439 τις
3137 3374 3204 3428 ἂν
3232 3367 3388 3427 εἴπεν
3432 3372 3599 3426 αὐτὸν
3628 3370 3724 3442 τὴν

2138 3467 2479 3539 κατηγορίαν
2535 3465 2899 3537 πεποιῆσθαι·
2945 3466 3067 3519 ἐπεὶ
3126 3465 3185 3519 δὲ
3252 3464 3346 3519 καὶ
3391 3463 3511 3528 θεὸς
3554 3459 3728 3516 ταῦτα

2139 3557 2347 3613 ἀνελὼν
2406 3559 2676 3628 φαίνεται,
2741 3559 2853 3628 ἐγὼ
2902 3557 3003 3627 μὲν
3063 3557 3207 3611 ὀκνῶ
3236 3556 3435 3624 λέγειν,
3464 3555 3571 3617 πᾶς
3587 3554 3635 3609 δ’
3662 3556 3726 3609 ἄν

2137 3666 2223 3714 τις
2247 3649 2402 3721 συνίη
2423 3649 2469 3681 ⁸⁸
2498 3649 2560 3703 τὸ
2579 3649 2784 3703 λοιπὸν·
2813 3651 2841 3703 ό
2866 3649 2911 3703 δ’
2937 3647 3030 3703 οὖν
3061 3647 3435 3718 Θεμιστοκλῆς
3462 3645 3729 3716 λαμπρῶς

2138 3741 2444 3811 ἀποφεύγει
2499 3742 2599 3814 τὴν
2655 3741 2858 3796 αἰτίαν.
2908 3740 3074 3794 Τουτὶ
3095 3739 3140 3772 ⁸⁷
3171 3738 3281 3811 γὰρ
3326 3739 3387 3793 ἓν
3445 3737 3730 3809 μοι”τῆς

2139 3834 2375 3905 ἀπορεας
2421 3832 2770 3896 διαλύσαντες
2816 3831 3172 3903 σταθήτωσαν
3204 3830 3357 3902 παρὰ
3380 3830 3473 3885 τὸν
3500 3829 3731 3901 τρίποδα

2137 3926 2229 3979 τὸν
2258 3928 2317 3980 ὲν
2355 3926 2599 3994 Δελφοῖς·
2639 3926 2789 3992 Ἕως
2805 3924 2852 3957 ⁸⁸
2880 3923 3191 3994 ἐχέτωσαν
3226 3923 3397 3993 τιμὰς
3414 3921 3521 3988 τὰς
3540 3923 3729 3987 αὑτὰς

2138 4021 2219 4085 τῷ
2258 4022 2604 4077 Ἀπόλλωνι.
2640 4022 2736 4075 Ὃν
2771 4020 3103 4091 οίἝλληνες
3147 4016 3255 4073 άπὸ
3286 4016 3396 4071 τῶν
3426 4015 3732 4088 Βαρϐάρων

2139 4117 2464 4186 ἀνέστησαν.
2499 4114 2646 4178 Ἕως
2669 4111 2715 4146 ⁸ο
2741 4114 2806 4167 ὲκ
2835 4111 2931 4166 τοῦ
2965 4110 3093 4174 τοὺς
3114 4108 3441 4181 Βαρϐάρους
3483 4125 3727 4162 καταπο-

2138 4207 2380 4279 λεμῆσαι
2408 4208 2503 4260 καὶ
2533 4206 2604 4260 τὰ
2637 4204 2863 4260 ἐκείνων
2884 4203 3171 4257 λαϐεῖν.¹0
3196 4201 3295 4273 μὲν
3307 4201 3351 4233 ⁸⁸
3392 4199 3574 4254 τοίνυν
3613 4201 3731 4262 θεὸς

2141 4298 2295 4353 θείαν
2323 4298 2620 4371 προσεῖπεν
2638 4296 2738 4369 τὴν
2766 4295 3072 4362 Σαλαμῖνα,
3107 4292 3183 4358 ὡς
3216 4293 3274 4347 ὲν
3301 4291 3466 4363 βαύτῇ
3510 4290 3732 4362 μελλόν-

2137 4410 2247 4446 των
2280 4391 2458 4464 ἔργων
2493 4389 2714 4444 ἔσεσθαι
2765 4385 3151 4460 κρειττόνωνῆ
3189 4384 3331 4439 κατὰ
3379 4386 3559 4439 πάντα
3600 4385 3727 4437 τὰνο

2142 4484 2413 4557 θρώπινα⁶
2446 4484 2674 4539 Πλάτων
2690 4481 2749 4536 δὲ
2788 4481 2880 4536 τδν
2906 4481 3081 4534 ταῦτα
3114 4477 3587 4548 κατειργασμένον
3636 4474 3733 4529 καὶ

449 4578 505 4623 et
523 4582 590 4623 ex
618 4582 745 4622 arca
769 4565 1005 4637 Neptuni
1038 4567 1105 4621 de
1129 4567 1432 4638 principatu
1456 4570 1783 4625 sententiam
1812 4570 2039 4642 ferrent,

2148 4578 2240 4632 τὸν
2288 4576 2593 4648 κομίσαντα
2650 4574 2849 4637 αὐτοὺς
2894 4572 2974 4636 είς
3000 4570 3098 4643 τὴν
3157 4570 3439 4641 Σαλαμῖνα
3486 4568 3730 4639 λυμήνα-

452 4660 707 4731 quamvis
730 4661 786 4715 in
808 4674 872 4715 ea
902 4658 1065 4716 liceat
1103 4658 1342 4730 aliquam
1371 4663 1568 4733 ingrati
1598 4665 1766 4721 animi
1810 4668 2045 4738 turpitu-

450 4754 631 4808 dinem
673 4754 988 4810 Graecorum
1040 4769 1321 4820 accusare,
1379 4771 1672 4825 possumus
1740 4769 1922 4816 tamen
1979 4762 2047 4819 de

451 4854 653 4900 caetero
694 4857 909 4917 gratum
940 4847 1183 4900 animum
1220 4846 1467 4913 laudare,
1505 4864 1570 4903 ac
1608 4866 1706 4920 pro
1736 4850 2047 4908 Themisto-

452 4935 537 4992 cle
566 4937 870 5005 suscipere.
918 4936 1055 4992 Cum
1110 4937 1253 4991 enim
1302 4938 1538 5008 seipsum
1587 4942 1819 5012 quisque
1873 4946 2049 5013 primo

455 5028 730 5096 posuisset
789 5028 931 5093 loco,
998 5028 1301 5082 secundum
1364 5045 1555 5086 omnes
1618 5036 2045 5102 pronuntiarunt

452 5117 895 5176 Themistoclem.
932 5118 1075 5189 Ergo
1104 5120 1170 5174 de
1190 5121 1499 5192 principatu
1545 5129 1838 5193 sententia,
1884 5145 1948 5184 ex
1976 5146 2042 5187 eo

454 5214 597 5283 quod
625 5225 710 5268 est
740 5214 996 5269 omnibus
1019 5212 1072 5268 in
1099 5220 1297 5267 natura
1334 5215 1497 5269 situm
1522 5227 1581 5271 ut
1614 5222 1887 5277 nemiuem
1918 5225 2042 5294 quis

456 5305 626 5373 magis
652 5322 813 5375 quam
843 5319 904 5359 se
955 5302 1167 5374 diligat,
1225 5306 1615 5378 prwveniebat,
1666 5312 1895 5382 ideoque
1941 5330 2040 5371 nec

2144 4669 2270 4725 σθαί
2297 4687 2431 4741 φησι
2453 4672 2565 4734 τοῖς
2596 4668 2890 4740 πράγμασι
2916 4666 3011 4720 καὶ
3058 4662 3167 4718 τῶν
3198 4662 3335 4734 πρὸς
3366 4660 3562 4731 ἡδονὴν
3597 4660 3734 4730 ὑπη-

2145 4764 2451 4837 ρετούντων
2493 4761 2646 4816 οὐδὲν
2674 4758 2930 4831 γενέσθαι
2966 4757 3159 4829 βελτίω
3195 4756 3261 4810 ⁶¹.
3296 4753 3408 4809 Καὶ
3431 4752 3477 4787 ⁸³
3512 4752 3625 4824 γάρ
3653 4767 3731 4803 τοι

2148 4854 2287 4927 μετὰ
2335 4854 2436 4926 τὴν
2490 4853 2799 4923 ναυμαχίαν
2852 4847 3216 4919 συλλεγέντων
3261 4845 3341 4909 εἰς
3386 4842 3479 4897 τὸν
3521 4841 3729 4911 Ἰσθμὸν

2152 4950 2413 5005 ἁπάντων
2447 4988 2462 5013 ,
2540 4948 2637 5002 καὶ
2719 4944 2995 5015 φερόντων
3064 4940 3164 5013 τὴν
3234 4938 3413 5009 ψῆφον
3471 4935 3581 4990 ἀπὸ
3636 4933 3726 4988 τοῦ

2151 5036 2342 5109 βωμοῦ
2397 5035 2493 5090 τοῦ
2554 5033 2903 5097 Πωσειδῶνος
2965 5032 3091 5104 περῖ
3150 5029 3258 5084 τῶν
3306 5028 3601 5100 ἀριστείων
3640 5024 3726 5085 ⁸⁸,

2148 5129 2314 5203 [1292
2344 5128 2438 5202 11.]
2478 5129 2655 5197 ἔξεστι
2718 5128 2820 5197 μέν
2869 5145 2927 5181 τι
2973 5126 3067 5179 καὶ
3130 5124 3386 5193 ἄγνωμον
3438 5118 3728 5174 ὲνταῦθα⁶³

2147 5222 2534 5295 κατηγορῆσαι
2549 5222 2673 5292 τῶν⁶
2689 5220 2979 5290 Ἑλλήνων,
3002 5217 3183 5285 ἔξεστι
3202 5215 3259 5269 δὲ
3276 5215 3322 5251 ⁶⁶
3343 5214 3403 5267 τὸ
3425 5210 3612 5266 λοιπὸν
3633 5211 3729 5279 τῆς

2146 5314 2575 5388 εὐγνωμοσύνης
2626 5314 2917 5367 ἐπαινέσαι
2947 5311 3041 5364 καὶ
3060 5307 3247 5363 λαϐεῖν
3280 5306 3419 5377 ὑπὲρ
3464 5302 3730 5374 Θεμιστο-

1750 5452 1982 5510 νΑιιιίΕ
2023 5454 2431 5512 LECTlONES.

528 5532 572 5617 f"
609 5534 765 5616 rb'A.
845 5535 896 5617 ff
920 5537 973 5617 εί
1001 5536 1067 5609 δ’]
1092 5553 1153 5617 _p.
1186 5537 1312 5617 3357.
1354 5540 1433 5617 .‘°
1474 5539 1655 5617 μόνος]
1692 5558 1742 5617 [ι.
1778 5544 1903 5602 559.
1960 5548 2001 5580 ⁸⁸
2032 5565 2097 5617 γε
2122 5564 2231 5603 om.
2259 5549 2325 5604 A.
2405 5548 2452 5581 ⁸³
2483 5548 2594 5603 vid.
2622 5546 2840 5602 Kuster.
2872 5545 2937 5617 ad
2977 5542 3131 5617 Sull]:
3163 5557 3215 5596 ν.
3239 5537 3497 5617 ,ξρρῇῖοςι
3525 5606 3541 5617 ,
3568 5532 3732 5617 ’³,Ψῖ

451 5614 577 5703 fante
609 5604 762 5673 τείχη
796 5608 923 5689 add.
948 5609 1011 5660 Α.
1059 5604 1137 5640 ’⁸³
1166 5611 1214 5661 εἰ
1249 5608 1371 5681 μὲν]
1404 5604 1614 5679 ρ.’545.
1642 5604 1655 5611 ’
1692 5604 1738 5646 ⁵⁵⁵
1781 5618 1944 5684 μόνον
1974 5604 2087 5673 οηῖ.
2117 5622 2183 5673 Α.
2263 5620 2311 5653 ⁵³
2341 5620 2514 5675 συνίει
2538 5620 2607 5675 Α.
2689 5619 2735 5651 ⁸⁷
2759 5614 2932 5688 τουτὶ]
2960 5632 3011 5685 p.
3032 5613 3158 5669 548.
3236 5609 3282 5642 ⁵⁸
3304 5604 3498 5689 ἕν’μοι]
3522 5606 3647 5723 ἐμοὶ
3666 5607 3729 5657 A.

513 5672 615 5723 ἒωε
638 5705 708 5713 -—
747 5676 1039 5723 ’Δπὸλλιιινι
1072 5695 1180 5723 mn-
1217 5682 1275 5723 A,
1320 5694 1434 5723 ntth
1469 5681 1824 5723 διαλύρτηυη-ορ
1860 5706 1887 5723 υ
1951 5689 2017 5723 m
2055 5692 2201 5723 mm:-
2238 5709 2277 5723 ,-
2335 5692 2442 5723 αμα
2477 5702 2658 5723 mna...
2696 5704 2815 5723 nam
2878 5690 3091 5723 ιιίιιοιηι-
3122 5681 3251 5723 illud
3279 5680 3393 5723 huc
3419 5692 3497 5723 me
3582 5693 3726 5723 νουν.

548 5623 577 5657 e
609 5623 762 5673 τειχη
796 5623 919 5659 auu.
948 5623 1011 5660 Α.
1090 5623 1137 5640 α’
1166 5623 1214 5661 ει
1249 5623 1371 5681 μεν]
1404 5626 1459 5679 p.
1485 5623 1614 5666 645.
1692 5623 1738 5646 οδ
1781 5623 1944 5684 μόνον
1974 5634 2087 5673 om.
2117 5623 2183 5673 Α.
2263 5623 2311 5653 ⁵⁸
2341 5623 2514 5675 συνίει
2538 5623 2607 5675 Α.
2689 5623 2735 5651 ⁸⁷
2759 5623 2932 5688 τουτὶ]
2960 5632 3011 5685 p.
3032 5623 3158 5669 548.
3236 5623 3282 5642 ’⁸
3305 5623 3363 5662 εν
3385 5623 3498 5678 μοι]
3522 5623 3549 5659 ε

545 5691 615 5735 ως
638 5705 708 5713 -—
747 5676 1039 5756 Ἀπόλλωνι
1072 5695 1181 5732 oni.
1214 5682 1279 5745 A,
1318 5694 1439 5749 pust
1469 5681 1824 5748 διαλύσαντες
1860 5706 1908 5742 v.
1951 5689 2017 5744 10
2054 5692 2206 5758 ponit
2238 5709 2297 5756 ς.
2335 5692 2442 5755 ἕως
2476 5702 2658 5745 autem
2696 5704 2815 5743 esse
2878 5690 3091 5742 videtur
3122 5681 3251 5739 illud
3279 5680 3393 5751 ἠως
3419 5681 3497 5733 sic
3544 5623 3626 5799 ἑῇ

550 5758 655 5799 (tuo
702 5744 914 5798 Basttus
949 5762 1035 5799 an.
1070 5748 1300 5799 Bredov.
1351 5765 1475 5799 enn.
1513 5750 1689 5799 Paris-
1771 5758 1815 5787 σο
1852 5758 1958 5799 ξηιρ
1985 5790 2052 5799 ....
2084 5762 2268 5799 inscr”
2298 5779 2384 5799 nm
2442 5763 2470 5799 Α
2532 5772 2649 5799 ηηςι
2684 5759 2949 5799 "unum"
2978 5772 3024 5799 v,
3070 5756 3137 5799 ts
3164 5752 3311 5799 Itnllll
3342 5767 3400 5799 ς.
3478 5748 3522 5778 “
3616 5765 3626 5799 ι

455 5742 519 5794 de
550 5758 655 5808 quo
702 5744 914 5798 Bastius
949 5762 1035 5814 ap.
1070 5742 1475 5819 Bredovfepp.
1513 5750 1689 5807 Paris.

458 5824 506 5863 Π·
740 5814 783 5843 ⁶²
817 5814 1031 5863 Βελτίω]
1068 5817 1279 5863 Saltim-
1308 5821 1422 5863 ὀίων
1452 5822 1545 5863 τὴν
1576 5823 1689 5863 πόθι

458 5824 506 5875 p.
539 5824 661 5863 050.
740 5824 783 5843 "
817 5824 1032 5885 βελτίω]
1067 5824 1279 5886 βελτίω.
1307 5824 1422 5888 ῥίον
1452 5824 1545 5873 τὸν
1576 5824 1744 5892 πόρον

456 5893 564 5933 om.
590 5882 656 5933 A.
752 5883 796 5913 ”
825 5882 1057 5938 ἐνταῦθα
1087 5900 1197 5942 οιιι.
1234 5890 1298 5961 Α.
1380 5891 1423 5923 ⁸⁸
1456 5890 1515 5944 δὲ
1549 5906 1659 5947 om.
1694 5894 1759 5947 A.

765 5752 1035 5843 L"'.§i‘f.i?;
1068 5752 1279 5843 5.3.291?”
1290 5752 1552 5843 329%.?
1559 5753 1739 5843 “118.1,,
1771 5758 1832 5843 ⁸ῗ.
1852 5758 1958 5823 ἕως
1985 5752 2949 5843 iis“?1'".'-'A».9°S*.Zm§?i€
2978 5772 3029 5810 ν·
3048 5756 3137 5843 ,1⁵
3164 5752 3400 5843 νίψίὶξτ

817 5814 1032 5901 βελτίω]
1067 5817 1279 5901 βελτίω.
1307 5814 1545 5901 ρίαν-εἶέν
1576 5823 1744 5901 πόρον
1791 5814 2125 5901 Ἀριστείδης
2153 5832 2310 5887 καλεῖ

3618 5693 3726 5728 ουν.

3478 5748 3522 5778 σι

3615 5744 3729 5817 μὲν]

2515 5817 2558 5864 δ’
2594 5829 2708 5903 καὶ]
2738 5848 2789 5901 p.
2825 5817 2948 5887 5'58.
3048 5827 3093 5860 “
3124 5817 3251 5897 περὶ
3297 5820 3404 5876 τῶν
3449 5817 3727 5891 ἀριστείων
