3960 6428
250 401 378 468 1553

1271 390 1798 452 BIBLIOTIIECA.
1837 416 1907 427 -
1945 389 2109 451 COD.
2145 390 2507 453 CCXLVIII.

3389 385 3531 452 1554

245 517 449 576 κλέους.
475 509 747 574 Ἕκαστος
785 510 894 581 γὰρ
939 504 1131 561 ἐαυτὸν
1162 503 1384 574 πρῶτον
1418 504 1623 575 φέρων,
1650 500 1832 555 δεύτε-

1941 510 2278 559 momentum
2309 500 2547 558 habebat
2569 497 2765 566 ullum,
2791 512 2891 555 nec
2923 506 3042 554 erat
3069 495 3225 553 venia
3261 495 3478 568 lndigna
3525 509 3538 540 =

248 609 351 677 ρον’
383 601 774 668 συνεξέπιπτον
829 603 1071 662 ἀπαντες
1121 597 1381 669 φέροντες
1435 594 1831 666 Θεμιστοκλέα.

256 695 315 751 'H
344 696 441 768 μὲν
467 694 559 749 οὖν
599 693 695 748 τοῦ
742 693 1014 766 πρωτείου
1070 691 1272 762 ψῆφος,
1334 683 1510 758 οἴμαι,
1541 688 1637 742 τοῦ
1683 689 1829 743 πᾶσι

245 787 402 858 φύσει
452 784 865 856 συμϐεϐηκότος
910 779 1221 851 ἀνθρώποις
1274 775 1382 849 ἢν·
1412 777 1571 830 τοῦτο
1627 777 1686 830 δέ
1717 777 1835 830 ἐστι

247 879 446 952 μηδένα
492 877 686 933 ἑαυτοῦ
743 877 946 947 μᾶλλον
1007 874 1209 944 φιλεῖν·
1260 870 1403 924 ὥστε
1437 869 1562 924 οὒτε
1615 870 1837 940 ἰσχυρὸν

244 967 387 1040 εῖχεν
437 967 562 1041 [699
600 966 695 1040 Η.]
747 967 902 1020 οὐδὲν
937 964 1062 1019 οὔτε
1112 962 1449 1034 συγγνώμης
1495 962 1832 1032 ἀπήλλακτο.

254 1060 560 1130 Ἦδὲύπέρ
604 1059 714 1113 τῶν
759 1058 1030 1129 δευτέρων
1081 1055 1270 1126 σαφῶς
1320 1055 1420 1126 ἤδη
1467 1053 1740 1125 σύμϐολον
1767 1049 1836 1126 ἦν

241 1154 340 1224 τῆς
359 1149 640 1221 ἀληθείας,
669 1150 762 1204 καὶ
788 1150 872 1203 ὅτι
903 1149 1005 1201 ούκ
1034 1142 1180 1217 εἶχον
1206 1146 1409 1216 ἑτέρως
1435 1144 1649 1198 θέσθαι.
1672 1145 1836 1198 Ὥστε

243 1249 291 1299 εί
323 1243 655 1315 προσείρητο
685 1242 743 1309 ἐξ
777 1242 959 1312 ἀρχῆς
1021 1239 1228 1310 μηδένα
1262 1237 1454 1293 ἐαυτὸν
1493 1236 1682 1309 φέρειν
1719 1237 1835 1291 ἀλλ’

243 1338 448 1408 ἕτερον,
512 1334 888 1406 Θεμιστοκλέα
943 1333 1148 1396 πάντες
1178 1331 1349 1385 οἴσειν
1398 1330 1645 1402 ἔμελλον,
1679 1330 1738 1383 ὃν
1773 1346 1836 1397 γε

243 1431 334 1483 καὶ
383 1428 586 1492 παντὸς
614 1428 777 1482 άλλου
801 1428 843 1459 ⁸⁷
876 1427 986 1490 πᾶς
1008 1444 1092 1488 τις
1121 1424 1452 1495 προύκρινεν
1504 1422 1707 1489 αὐτῶν,
1743 1423 1839 1475 καὶ

242 1521 437 1590 ὁμοίως
462 1520 529 1574 ἂν
546 1520 592 1552 ⁸⁸
641 1519 857 1591 πρῶτος
915 1519 1164 1588 ἐγίγνετο
1187 1517 1379 1589 ὥσπερ
1409 1516 1532 1569 τότε
1560 1515 1832 1586 δεύτερος.

243 1614 397 1669 Οὕτω
421 1613 519 1669 καὶ
541 1612 637 1666 νῦν
655 1612 910 1684 δεύτερον
941 1607 1084 1665 εἶναι
1102 1611 1477 1682 ψηφισάμενοι
1507 1609 1838 1680 προσόμοιον

243 1707 476 1771 ἐποίουν,
546 1705 736 1776 ὥσπερ
763 1703 830 1758 ἂν
860 1704 910 1758 εί
956 1702 1172 1774 πρῶτον
1220 1700 1579 1772 ἐψηφίσαντο.
1625 1701 1698 1753 Ού
1731 1698 1838 1771 μὴν

241 1797 348 1850 οὐδ’
405 1795 581 1859 οὕτως
611 1796 835 1849 ἔλαττον
891 1795 1031 1867 ἔχων
1054 1792 1318 1864 ἀπῆλθεν,
1351 1792 1469 1846 ἀλλ’
1500 1791 1838 1863 ἀμφοτέροις

1945 612 2132 652 verum
2168 610 2331 667 quam
2363 595 2432 650 de
2457 592 2718 650 secundis
2746 592 2996 648 ferebant
3038 591 3320 659 partibus,!
3347 607 3411 647 ea
3445 608 3538 649 ve-

1945 688 2126 743 ritatis
2181 698 2304 742 erat
2343 687 2557 742 illustre
2607 685 3014 749 testimonium,
3075 699 3175 741 nec
3233 698 3330 740 eos
3382 685 3542 740 aliter

1944 795 2170 836 censere
2194 794 2352 850 posse
2378 778 2724 836 ostendebat.
2751 777 3110 848 Quapropter
3153 776 3197 833 si
3223 777 3539 847 praedictum

1947 873 2138 930 fuisset
2169 873 2346 940 initio,
2381 886 2448 928 ne
2479 871 2603 941 quis
2629 870 2732 926 sibi
2765 871 3000 941 palmam
3033 869 3318 939 tribueret,
3349 884 3542 926 omnes

1945 972 2103 1019 erant
2134 962 2566 1018 Themistoclem
2625 960 3052 1031 pronuntiaturi,
3110 974 3274 1030 quem
3321 960 3538 1028 quidem

1944 1056 2200 1110 omnibus
2247 1055 2371 1110 aliis
2416 1053 2780 1126 praferebant
2819 1053 3061 1123 singuli:
3094 1065 3195 1108 nec
3239 1052 3396 1107 aliter
3424 1052 3540 1121 pri-

1945 1163 2087 1216 mus,
2117 1163 2180 1204 ac
2208 1157 2318 1204 tum
2364 1149 2635 1204 secundus
2682 1148 2897 1202 fuisset.
2960 1143 3226 1201 Similiter
3273 1150 3327 1199 et
3372 1157 3538 1206 nunc,

1944 1251 2235 1310 postquam
2303 1255 2428 1295 eum
2478 1240 2721 1296 secundo
2779 1245 3078 1308 posuerunt
3127 1235 3268 1303 loco,
3317 1236 3540 1304 perinde

1946 1331 2214 1397 fecerunt,
2255 1346 2320 1388 ac
2349 1332 2392 1387 si
2435 1331 2616 1402 primo
2647 1330 2981 1402 posuissent.
3054 1327 3438 1384 Verumtamen
3473 1341 3542 1382 ne

1943 1425 2027 1481 sic
2061 1425 2280 1496 quidem
2336 1424 2624 1481 inferiores
2694 1424 2818 1479 tulit
2874 1423 3074 1494 potius,
3128 1437 3290 1494 quam
3341 1420 3540 1495 4.300

1946 1502 2178 1588 utroque
2207 1518 2360 1575 vicit.
2395 1518 2532 1574 Nam
2559 1517 2733 1588 prima
2764 1515 2982 1587 quidem
3007 1524 3126 1570 erat
3151 1529 3182 1570 a
3204 1514 3456 1577 veritate,
3485 1522 3541 1568 et

1945 1627 1974 1667 a
2015 1612 2194 1680 seipso
2218 1620 2573 1679 consecutus,
2611 1609 3051 1680 quandoquidem
3077 1608 3217 1663 idem
3252 1605 3396 1677 quod
3420 1605 3537 1670 alii,

1944 1704 2092 1760 solus
2117 1705 2260 1775 juste
2289 1705 2535 1772 fecerat;
2575 1689 2816 1761 secunda
2844 1717 2976 1759 vero
3016 1699 3130 1771 jam
3174 1700 3222 1757 ei
3271 1712 3535 1755 concessa

1948 1799 2162 1854 fuerant
2202 1799 2282 1854 sic
2311 1808 2368 1853 ut
2400 1799 2547 1855 omni
2581 1798 2792 1852 ratione
2826 1799 3034 1868 primus
3064 1809 3230 1855 esset.
3289 1800 3356 1857 Et
3403 1815 3536 1872 quo-

243 1887 480 1958 ἐνίκησε.
516 1886 599 1940 Τά
627 1887 727 1957 μὲν
747 1886 856 1958 γὰρ
888 1886 1085 1957 πρῶτα
1131 1885 1224 1939 καὶ
1258 1883 1413 1953 παρὰ
1443 1884 1545 1955 τῆς
1571 1883 1832 1955 ἀληθείας

1943 1888 2086 1943 niam
2135 1888 2464 1958 posteriores
2493 1903 2712 1959 quoque
2735 1888 2918 1944 clades
2945 1888 3065 1960 ejus
3096 1905 3380 1947 recensere
3413 1907 3541 1961 pos-

242 1981 334 2032 καὶ
357 1981 488 2050 παρ’
512 1978 679 2034 αὑτοῦ
709 1978 891 2032 λαϐὼν
934 1975 1046 2050 εἶχε
1074 1977 1158 2048 (τὸ
1187 1978 1296 2048 γὰρ
1332 1977 1466 2031 αὐτὸ
1511 1979 1625 2042 τοῖς
1654 1977 1836 2040 ἄλλοις

241 2072 462 2143 ἐποίησε
527 2072 690 2143 μόνος
734 2072 846 2126 τῶν
904 2072 1083 2128 ἄλλων
1126 2069 1388 2139 δικαίως)
1423 2111 1439 2137 ,
1484 2069 1558 2123 τὰ
1598 2069 1656 2123 δὲ
1715 2069 1836 2123 δεύ-

240 2181 371 2235 τερα
402 2163 508 2236 ήδη
543 2163 957 2236 συνεκεχώρητο
973 2165 1039 2230 ⁵³,
1064 2163 1206 2217 ὥστε
1233 2163 1291 2230 ἐξ
1323 2163 1581 2218 ἁπάντων
1617 2163 1837 2235 πρῶτος

238 2250 325 2328 ἦν.
361 2256 545 2328 Ἔχων
569 2257 617 2289 ⁷⁸
641 2256 695 2310 δέ
718 2256 902 2326 λέγειν
944 2256 1117 2310 πολλὰ
1146 2256 1242 2310 καὶ
1285 2255 1416 2327 περὶ
1467 2255 1576 2309 τῶν
1609 2252 1836 2324 ὕστερον

235 2347 398 2401 αὑτοῦ
457 2347 778 2420 συμφορῶν,
831 2348 924 2402 καὶ
968 2348 1118 2410 ὅπως
1159 2347 1226 2401 ἂν
1285 2347 1433 2402 ἅπαν
1485 2346 1548 2399 τὸ
1593 2347 1833 2420 πρᾶγμα

238 2436 668 2506 συνεσκευάσθη,
695 2437 790 2490 καὶ
820 2435 1003 2490 ὁποῖόν
1032 2453 1155 2489 τινα
1189 2438 1291 2490 κάν
1319 2435 1530 2498 τούτοις
1558 2435 1834 2504 παρέσχεν

235 2528 453 2596 ἑαυτὸν,
515 2527 819 2601 ἐϐουλόμην
857 2527 926 2583 ἀν
971 2529 1032 2582 ἐν
1076 2527 1254 2600 τούτῳ
1308 2528 1500 2600 χρείας
1549 2522 1692 2582 εἶναι
1741 2527 1834 2580 τὸν

234 2623 386 2691 λόγον
422 2621 569 2676 ὥστε
594 2622 691 2675 καὶ
715 2623 860 2694 Ιπερὶ
888 2620 1095 2676 τούτων
1115 2621 1362 2691 ἐπείγειν
1391 2618 1532 2674 εῐναι
1565 2620 1796 2675 διελθεῖν
1816 2635 1831 2650 ο

232 2710 387 2782 οἶμαι
434 2715 548 2784 γὰρ
586 2713 707 2767 οὐδὲ
725 2715 768 2746 ⁷⁸
803 2713 1114 2785 φαυλότερα
1132 2713 1176 2748 ⁷³
1215 2714 1325 2767 οὐδ’
1357 2713 1566 2766 ἐλάττω
1621 2711 1729 2767 τῶν
1758 2713 1833 2765 εἰ·

233 2805 492 2876 ρημὲνων
520 2805 623 2877 ἤδη
649 2806 824 2859 εἰπεῖν
861 2804 929 2859 ἀν
958 2806 1089 2874 περί
1144 2804 1331 2860 αὐτοῦ.
1375 2804 1530 2858 Ἐπεὶ
1550 2806 1606 2859 δέ
1633 2807 1751 2875 ἅμα
1772 2821 1833 2858 τε

231 2900 454 2970 ἔξωτῆς
477 2899 788 2964 ὑποθέσεως
819 2901 936 2953 ἐστι
969 2900 1063 2952 καὶ
1097 2900 1274 2970 μῆκος
1304 2899 1690 2970 ἐπεισέρχεται
1713 2901 1831 2964 τοῖς

229 2989 433 3056 λόγοις,
467 2988 796 3061 παραλείψω
825 2987 1023 3056 ταῦτα,
1049 2987 1303 3042 τοσοῦτον
1352 2989 1832 3060 ἐπιφθεγξάμενος

228 3083 323 3136 καὶ
356 3082 492 3152 περὶ
513 3080 704 3134 τούτου
737 3079 834 3133 τοῦ
867 3081 1090 3153 μέρους,
1118 3080 1201 3133 ὅτι
1227 3081 1417 3153 ἐπειδὴ
1436 3081 1482 3112 ⁷³
1515 3079 1625 3135 ἔδει
1659 3098 1830 3154 στρα-

224 3174 404 3230 τεύειν
454 3175 548 3228 ἐπὶ
600 3173 700 3246 τὴν
741 3174 991 3240 Ἑλλάδα,
1028 3171 1328 3244 προύκρινε
1367 3173 1649 3247 τελευτᾷν,
1685 3173 1833 3245 ἔργῳ

228 3269 327 3342 μὲν
358 3268 534 3332 λύσας
581 3269 780 3333 πᾶσαν,
805 3267 1012 3330 αἰτίαν,
1061 3265 1242 3331 δείξας
1271 3265 1328 3320 δέ
1361 3266 1563 3322 ὁπόσου
1598 3268 1830 3337 τιμᾶται

224 3362 321 3425 τὰς
369 3361 640 3434 πρότερον
675 3361 907 3432 πράξεις
952 3360 1047 3414 καὶ
1092 3359 1163 3414 τὰ
1187 3359 1588 3430 πολιτεύματα,
1621 3360 1717 3413 καὶ
1744 3360 1830 3413 ὅτι

222 3453 487 3507 οὐδέποτε
520 3454 665 3508 ἐκὼν
705 3449 848 3507 εῖναι
877 3451 973 3505 τοῦ
1003 3450 1170 3505 καλοῦ
1195 3451 1407 3506 καὶτοῦ
1440 3451 1827 3522 προσήκοντος

222 3545 375 3599 οὐδὲν
404 3546 677 3617 πρότερον
730 3545 1043 3615 ποιήσεται,
1079 3544 1139 3598 ού
1170 3543 1404 3598 πλοῦτον
1426 3543 1493 3608 ⁷⁸,
1514 3545 1575 3597 ού
1611 3544 1828 3611 παῖδας,

218 3637 321 3690 οὔκ
348 3635 598 3702 ἐλπίδας,
617 3635 676 3690 οὐ
691 3635 789 3708 τὴν
807 3635 1082 3706 σωτηρίαν
1106 3635 1298 3707 αὑτήν.
1318 3633 1460 3702 Ἐγὼ
1474 3635 1518 3666 ⁷⁵
1549 3633 1650 3704 μὲν
1677 3632 1831 3705 οἶμαι

221 3729 317 3781 καὶ
376 3728 564 3798 ίερέας
596 3727 691 3781 καὶ
741 3726 971 3798 ἱερείας,
997 3726 1093 3780 καὶ
1137 3726 1286 3788 ὅστις
1327 3725 1492 3788 ἄλλος
1541 3725 1832 3798 Ἀθήνῃσιν

220 3821 451 3889 εὔχεται
468 3819 728 3892 δημοσίᾳ,
745 3819 973 3890 τοῦτ’,ἂν
1002 3818 1229 3883 εἰκότως
1255 3817 1380 3871 καθ’
1404 3818 1635 3872 ἕκαστον
1654 3817 1831 3880 ἐτοςτθ

222 3912 362 3984 πρὸς
411 3913 725 3976 ἆπασιτοίς
775 3911 958 3975 ἄλλοις
1005 3911 1433 3981 προσεύχεσθαι,
1489 3910 1632 3963 κατὰ
1688 3908 1822 3978 γοῦν

218 4004 472 4068 ἐκείνους
522 4003 651 4068 τοὺς
705 4003 954 4076 χρόνους,
1000 4003 1098 4058 καὶ
1141 4002 1248 4067 ἕως
1291 4002 1438 4074 ἐξῆν,
1491 4001 1656 4072 φῦναί
1712 4019 1833 4055 τινα

218 4098 414 4160 αὐτοῖς
436 4096 607 4168 ἄνδρα
631 4096 817 4168 ὅμοιον
840 4095 1220 4166 Θεμιστοκλεῖ,
1252 4095 1348 4148 καὶ
1379 4093 1520 4165 μετὰ
1541 4094 1640 4164 τῆς
1662 4093 1832 4167 ἄλλης

219 4191 318 4243 καὶ
351 4189 504 4242 τοῦτ’
522 4191 767 4258 ἐνεγκεῖν
792 4189 890 4261 τὴν
920 4189 1025 4260 γῆν
1061 4188 1323 4259 τάγαθόν.
1359 4187 1571 4241 Οὔκουν
1589 4187 1635 4219 ⁷⁷
1667 4187 1830 4240 ἐλάτο

218 4298 298 4337 τω
325 4282 379 4350 γ’
412 4279 478 4333 ἂν
502 4278 730 4334 δνασθαί
776 4297 868 4350 μοι
892 4278 1196 4349 δοκοῦσινῆ
1230 4277 1280 4332 εἰ
1308 4278 1488 4332 πάντα
1517 4278 1602 4342 είς
1635 4277 1830 4331 ἑκατὸν

217 4375 314 4426 καὶ
343 4372 430 4428 ἔτι
455 4373 628 4428 πλείω
643 4373 745 4443 τῆς
774 4373 959 4445 χώρας
983 4373 1157 4442 αὐτῆς
1180 4371 1579 4443 ἐξενεγκούσης
1598 4372 1662 4425 ⁷⁸.
1700 4372 1830 4425 Ἀλ-

216 4466 327 4528 λως
351 4464 458 4534 μὲν
489 4463 670 4518 τοίνυν
717 4464 1036 4535 ᾐσχυνόμην
1065 4463 1244 4533 ἔγωγε
1283 4463 1378 4516 ἐπὶ
1409 4462 1687 4526 τοσούτοις
1733 4462 1830 4520 καὶ

1937 1994 2075 2045 εειη,
2103 1995 2167 2035 ac
2192 1980 2464 2050 quomodo
2491 1988 2661 2034 totum
2694 1979 2970 2050 negotium
3008 1980 3171 2036 fuerit
3197 1982 3535 2046 confectum.

1937 2073 2263 2145 qualemque
2296 2073 2350 2128 in
2376 2072 2462 2128 his
2497 2073 2600 2129 iste
2634 2087 2694 2128 se
2727 2073 3040 2143 praebuerit,
3067 2073 3346 2130 declarare
3381 2092 3397 2133 :
3427 2074 3538 2131 vel-

1939 2169 2041 2226 lem
2069 2171 2324 2241 equidem
2363 2183 2483 2224 eam
2511 2169 2668 2224 nobis
2700 2168 2769 2223 ab
2799 2168 3050 2224 oratione
3073 2167 3253 2223 aﬂ’erri
3289 2168 3534 2224 necessi-

1938 2269 2126 2330 tatem,
2153 2261 2400 2318 utetiam
2429 2260 2496 2316 de
2526 2260 2610 2316 his
2639 2269 2787 2315 esset
2819 2259 3130 2315 dicendum.
3171 2259 3306 2313 Nam
3346 2273 3409 2315 ea
3438 2273 3537 2315 nec

1937 2353 2163 2419 leviora,
2196 2353 2251 2408 ni
2283 2353 2465 2420 fallor,
2492 2353 2577 2408 vel
2607 2352 2817 2407 minora
2841 2350 3022 2407 forent
3051 2351 3116 2406 iis
3146 2366 3269 2422 quia:
3289 2350 3402 2422 jam
3440 2364 3526 2406 re-

1946 2443 2052 2498 lata
2085 2451 2235 2500 sunt.
2300 2441 2502 2498 Verum
2550 2443 2806 2512 quoniam
2835 2449 2892 2498 et
2924 2449 3304 2513 argumentum
3366 2454 3532 2511 supe-

1937 2545 2080 2603 rant,
2111 2545 2166 2592 et
2205 2536 2430 2591 nimium
2461 2535 2668 2592 crescit
2694 2535 2893 2602 oratio,
2934 2535 3185 2590 omittam
3220 2549 3308 2598 ea,
3345 2542 3401 2589 et
3432 2535 3536 2590 hoc

1938 2639 2144 2684 tantum
2179 2631 2278 2683 hac
2301 2629 2466 2684 etiam
2490 2629 2556 2684 de
2586 2641 2648 2684 re
2680 2628 2899 2693 addam,
2932 2642 3056 2683 eum
3081 2635 3371 2696 postquam
3398 2641 3535 2684 con-

1935 2731 2018 2774 tra
2044 2718 2310 2775 Graeciam
2348 2718 2452 2774 fnit
2481 2718 2849 2786 militandum,
2895 2719 3032 2773 mori
3083 2718 3364 2786 maluisse,
3423 2733 3531 2790 qua

1934 2810 2153 2879 quidem
2205 2823 2266 2866 re
2299 2825 2422 2866 cum
2456 2811 2662 2867 crimen
2701 2824 2863 2866 omne
2898 2809 3167 2878 dissolvit,
3206 2819 3318 2865 tum
3351 2818 3535 2866 osten-

1937 2901 2016 2955 dit
2046 2900 2336 2957 manifeste
2396 2901 2589 2970 quanti
2641 2901 2856 2972 priores
2893 2908 3075 2971 gestas
3124 2914 3213 2955 res
3245 2907 3302 2955 et
3352 2900 3533 2970 reipu-

1936 2994 2092 3051 blica
2151 2993 2682 3050 administrationem
2738 2992 2965 3061 faceret,
3021 3007 3123 3048 nec
3180 3006 3420 3062 unquam
3477 3007 3539 3047 se

1935 3087 2198 3143 scientem
2244 3086 2541 3157 quidquam
2570 3086 2775 3141 virtute
2807 3093 2861 3141 et
2910 3083 3090 3139 ofﬁcio
3129 3083 3280 3155 prius
3323 3081 3539 3138 habitu-

1939 3195 2085 3246 rum,
2119 3194 2227 3235 non
2277 3179 2524 3245 divitias,
2583 3193 2692 3234 non
2746 3178 2971 3243 liberos,
3032 3191 3138 3231 non
3191 3190 3367 3246 spem,
3425 3191 3534 3231 non

1939 3275 2110 3343 ipsam
2151 3273 2408 3329 salutem.
2441 3273 2623 3341 Atque
2658 3270 2912 3326 existimo
2953 3269 3205 3338 equidem
3257 3277 3314 3324 et
3355 3282 3537 3324 sacer-

1931 3370 2109 3435 dotes,
2170 3376 2227 3422 et
2279 3366 2526 3437 quisquis
2564 3364 2703 3420 alius
2751 3362 2981 3419 Athenis
3032 3377 3224 3434 preces
3274 3360 3534 3426 faciebat,

1935 3460 2134 3515 merito
2167 3468 2279 3512 tum
2335 3457 2560 3528 quidem
2596 3455 2811 3526 publice
2855 3454 3151 3525 quotannis
3205 3452 3310 3509 hoc
3363 3451 3537 3509 fuisse

1935 3553 2078 3606 inter
2115 3551 2218 3606 alia
2255 3560 2533 3618 oraturos,
2565 3557 2626 3604 ut
2674 3547 2873 3619 aliquis
2931 3546 3075 3616 apud
3118 3545 3268 3616 ipsos
3312 3542 3536 3600 Themi-

1933 3641 2093 3698 stocli
2158 3640 2352 3697 similis
2382 3651 2722 3706 nasceretur,
2755 3648 2811 3694 et
2853 3637 2996 3693 inter
3020 3647 3275 3692 caeterum
3303 3651 3536 3708 proven-

1935 3745 2050 3791 tum
2085 3735 2188 3790 hoc
2224 3736 2388 3790 etiam
2419 3733 2620 3789 bonum
2655 3741 2802 3787 terra
2836 3730 3208 3801 produceret..
3249 3728 3362 3786 Nec
3388 3731 3534 3786 enim

1935 3823 2204 3880 minorem
2237 3823 2495 3878 videntur
2539 3821 2672 3877 mihi
2703 3821 2942 3876 fructum
2992 3819 3161 3876 fuisse
3200 3823 3532 3892 percepturi,

1935 3931 2099 3985 quam
2129 3915 2173 3971 si
2200 3915 2385 3970 omnia
2407 3928 2534 3968 cum
2580 3913 2909 3978 centesimo,
2958 3911 3045 3968 vel
3109 3914 3275 3968 etiam
3326 3914 3534 3985 majore

1935 4006 2123 4064 fenore
2179 4006 2330 4078 regio
2375 4005 2714 4076 protulisset.
2746 4004 2828 4060 Ac
2855 4005 3084 4075 puderet
3116 4020 3200 4059 me
3242 4019 3531 4075 propemo-

1934 4101 2084 4167 dum,
2125 4115 2248 4156 cum
2299 4108 2380 4155 tot
2406 4113 2471 4154 ac
2505 4099 2630 4154 talia
2679 4098 2932 4164 dixerim,
2966 4108 3131 4155 testes
3179 4099 3401 4168 insuper
3434 4097 3532 4153 ad-

1933 4189 2148 4256 hibere,
2191 4189 2297 4244 nisi
2332 4189 2495 4244 unius
2525 4197 2672 4246 esset
2718 4189 2939 4259 aliquod
2977 4199 3317 4246 momentum
3373 4189 3531 4245 testi-

1935 4279 2126 4345 monii,
2163 4281 2304 4349 quod
2350 4280 2740 4349 proferendum
2771 4296 2992 4338 censeo.
3055 4281 3348 4337 Videamus
3398 4297 3531 4350 ergo

1934 4373 2061 4441 quid
2109 4371 2405 4429 lEschines
2469 4372 2715 4430 Socratis
2771 4373 2996 4438 sodalis,
3059 4373 3302 4430 Platonis
3347 4385 3528 4431 autem

1933 4465 2364 4536 condiscipulus,
2391 4465 2591 4522 dixerit
2623 4485 2636 4523 :
2672 4466 2936 4533 Quoniam
2977 4467 3137 4538 igitur
3164 4465 3530 4522 Themistoclis

216 4555 496 4618 τοιούτοις
546 4557 659 4618 τοῖς
692 4556 1006 4626 εἰρημένοις
1073 4557 1317 4627 μάρτυσι
1373 4552 1824 4624 προσχρώμενος.

1939 4572 2097 4610 ausus
2127 4573 2179 4611 es
2211 4558 2370 4611 vitam
2395 4573 2628 4626 carpere,
2659 4558 2772 4613 vide
2793 4558 3003 4629 qualem
3036 4559 3306 4613 adoriaris
3333 4560 3525 4614 virum.

219 4651 388 4703 Ἐστι
416 4649 472 4702 δέ
503 4666 558 4704 τι
585 4647 860 4720 προύργου
891 4649 1020 4721 μιᾶς
1063 4649 1394 4722 μαρτυρίας,
1424 4647 1493 4719 ἣν
1514 4647 1596 4702 δεῖ
1615 4653 1820 4719 ’παρα-

1939 4647 2126 4718 Itaque
2164 4649 2336 4720 cogita
2376 4651 2516 4705 unde
2554 4651 2633 4704 sol
2663 4652 2891 4717 oriatur,
2942 4659 3100 4721 atque
3155 4651 3243 4705 ubi
3297 4652 3527 4707 occidat.

217 4744 473 4816 σχέσθαι.
545 4741 885 4814 Σκεψώμεθα
939 4741 1004 4811 δὴ
1021 4742 1066 4774 ⁷⁹
1128 4743 1257 4795 ποῖα
1306 4740 1446 4794 ἄττα
1494 4738 1646 4807 λέγει
1691 4740 1823 4811 περὶ

1939 4738 2061 4794 Νοη
2111 4749 2211 4805 est,
2243 4742 2439 4812 inquit,
2498 4742 2595 4796 hoc
2625 4742 2856 4813 difﬁcile,
2890 4741 3166 4806 Socrates,
3197 4758 3529 4814 cognoscere.

217 4835 667 4907 θεμιστοκλέους
691 4836 824 4907 ἡμῖν
873 4834 1137 4904 Αἰσχίνης
1160 4833 1208 4866 ⁸⁸
1255 4835 1284 4887 ὁ
1319 4831 1652 4910 Σωκράτους
1717 4832 1816 4903 μὲν
1857 4833 2095 4903 ἑταῖρος,
2127 4831 2414 4897 Πλάτωνος
2469 4833 2527 4887 δὲ
2555 4837 2954 4907 συμφοιτητής.
2995 4835 3238 4906 Ἐπειδὴ
3320 4836 3533 4893 τοίνυν

220 4931 335 4985 τοῦ
357 4931 835 5002 Θεμιστοκλέους
857 4930 1003 4996 ,ϐίου
1031 4929 1546 4999 ἐπιλαμϐάνεσθαι
1567 4929 1933 4999 ἐτόλμησας,
1958 4930 2187 5000 σκέψαι
2215 4932 2318 4998 οἵῳ
2375 4931 2551 4998 ἀνδρί
2616 4931 2898 5002 ἐπιτιμᾷν
2935 4932 3209 5002 ἠξίωσας
3257 4949 3270 4962 ·
3353 4932 3526 4986 ἐνθυ-

216 5026 444 5093 [uidua
472 5023 584 5092 γὰρ
611 5025 653 5056 ⁸⁸
682 5026 904 5079 ὁπόθεν
925 5026 959 5078 ὀ
990 5023 1165 5092 ἣλιος
1201 5023 1443 5091 ἀνίσχει
1500 5023 1597 5078 καὶ
1634 5024 1788 5081 ὅπου
1826 5021 2030 5078 δύεται
2046 5025 2114 5082 ⁸³.
2155 5025 2527 5092 Ἀ.1λόὺδὲν,
2553 5028 2691 5096 ἔφη,
2716 5028 3068 5096 χαλεπὸνελ,
3117 5023 3164 5084 ὦ
3201 5027 3527 5096 Σώκρατες.

220 5118 296 5171 τὰ
330 5115 579 5171 τοιαῦτα
614 5116 858 5171 είδέναι.

293 5263 412 5316 Καὶ
439 5261 580 5335 μετά
608 5261 779 5317 πολλὰ
796 5261 933 5318 ἄλλα
954 5261 1208 5334 ἐγκώμια
1259 5263 1460 5332 ἐπάγει
1487 5265 1581 5319 καὶ
1610 5263 1802 5320 ταῦτα·

1990 5263 2283 5332 Postquam
2316 5262 2577 5332 plurimas
2597 5262 2786 5319 laudes
2827 5265 2965 5319 hanc
2983 5278 3197 5333 quoque
3238 5263 3522 5336 adjungit:

1514 5486 1744 5542 VARUE
1775 5485 2187 5544 LECTIONES.

375 5647 767 5724 diiou_0ni.__A_.
848 5646 1010 5724 fi‘é‘tv]
1046 5646 1113 5724 ῥἰν
1158 5646 1277 5724 τότε
1311 5649 1373 5724 εξ.
1474 5650 1516 5680 ³9
1565 5645 1994 5724 συνεχώρητος.
2089 5649 2354 5724 Ili-iqu1
2409 5651 2646 5724 μηδ-61.
2726 5651 2765 5680 ⁷¹
2801 5649 2955 5724 οὐδὲν
2996 5653 3060 5704 Α.
3145 5652 3188 5682 τ’
3220 5651 3521 5724 φαυλότερα

215 5716 479 5792 οὐδ’ᾼοηι.
523 5719 600 5792 Α.
663 5719 710 5792 ξδ
750 5718 872 5770 ἐπεὶ
1122 5717 1180 5768 ού
1220 5717 1447 5792 πλοῦτον
1476 5735 1584 5773 mn.
1623 5716 1722 5774 A."
1765 5716 1974 5792 "(ﬁrmi
2012 5736 2060 5792 p.
2088 5716 2249 5774 362."
2314 5716 2357 5753 ⁷³
2393 5720 2511 5774 καθ’
2540 5722 2773 5774 ἕκαστον
2803 5719 2922 5792 ἔτος
2964 5731 3084 5790 post
3120 5716 3518 5792 προσεύχεσθαι

216 5789 478 5864 ιιῡηίιᾳᾼ.
555 5789 600 5820 ’⁷
631 5788 842 5864 οὔκουν.
881 5789 965 5864 -.⁷⁸
999 5787 1393 5864 ἐξενεγκούσης
1432 5806 1540 5846 om.
1576 5792 1636 5844 Λ.
1718 5791 1758 5822 ⁷³
1800 5788 1863 5859 δὴ
1894 5791 1931 5843 Λ
1961 5787 1986 5844 ”;
2015 5787 2166 5854 seu;
2249 5792 2570 5861 δθΛίσχίνης
2603 5806 2710 5847 om.
2743 5792 2806 5844 Λ.
2886 5791 2930 5822 ⁸¹
2965 5787 3093 5864 γὰρ]
3125 5787 3187 5863 δὴ
3222 5793 3284 5847 ιτ.
3333 5787 3399 5823 ’λ’
3431 5795 3518 5854 κά

219 5850 368 5915 inoo
393 5858 572 5913 δύεται
598 5876 703 5913 om.
738 5863 798 5913 A.
880 5859 923 5890 ⁸³
953 5850 1187 5928 χαλεπὸν
1219 5850 1431 5913 οιηίζλ.
1852 5850 1863 5859 ’
2119 5850 2130 5854 ⁷
2417 5850 2445 5861 ”
