3960 6470
368 400 503 464 1557
532 372 541 382 ’

1394 401 2004 465 BIBLIO’I‘HECA.—
2021 404 2187 467 COD.
2220 406 2577 469 CCXLVIII.

3502 408 3642 474 1558

365 530 475 568 των
513 514 643 587 περὶ
669 514 840 570 ταῦτα
886 512 929 545 ¹⁰
975 512 1412 584 ἁμαρτημάτων,
1456 513 1510 567 εἴ
1558 531 1613 567 τι
1657 515 1731 586 μὴ
1774 514 1944 579 καλῶς

2058 525 2311 584 cuerunt,
2340 531 2440 572 nec
2478 515 2909 585 accuratissime,
2942 530 3117 585 neque
3146 525 3205 571 ut
3239 515 3489 573 volebant
3524 533 3642 572 ma-

366 608 596 680 ὒστερον
627 609 761 681 μηδὲ
789 608 865 671 ὡς
897 607 1004 679 χρὴ
1034 606 1299 681 γράφοιεν
1325 606 1410 675 ἐφ’
1430 607 1638 661 ἑαυτῶν
1664 609 1728 662 ¹¹.
1752 610 1813 661 Εἰ
1835 608 1891 662 δέ
1910 609 1951 639 ¹¹

367 701 444 771 μὴ
476 702 686 764 πάντας
703 701 1052 764 ἐπαίδευσαν,
1078 699 1213 769 μηδέ
1233 697 1309 762 ὡς
1331 695 1441 753 οἷόν
1468 717 1525 753 τε
1559 700 1950 772 ἀκριϐέστατα,

366 791 374 859 |
401 790 533 846 1296
562 789 657 863 3.]
683 790 806 862 μηδ’
845 792 923 854 ὡς
971 790 1205 859 μάλιστα
1229 789 1605 861 ἐϐουλήθησαν
1631 792 1696 858 ’³,
1720 792 1774 845 τί
1806 793 1867 845 τό
1888 810 1952 861 γε

365 883 709 952 ἐκπεφευγδς
753 876 856 952 τῆς
888 882 1112 935 ἐκείνων
1143 882 1488 954 προστασίαι
1520 883 1587 937 ἄν
1620 901 1704 947 τις
1741 883 1946 955 τιθείη;

364 977 427 1027 οὐ
458 977 566 1045 γὰρ
590 977 690 1045 τῆς
711 976 937 1029 ἐκείνων
959 974 1176 1045 ὁμιλίας
1199 974 1356 1027 τοῦτο
1380 974 1687 1041 ἀπώναντο,
1707 975 1825 1028 ἀλλ’
1851 976 1951 1031 οὐκ

363 1067 657 1121 ἀπώναντο
707 1068 931 1121 ἐκείνων
986 1065 1068 1120 ἔτι
1116 1083 1169 1120 τι
1202 1065 1363 1120 τοῦτό
1392 1082 1479 1135 γε.
1526 1066 1737 1121 Οὔκουν
1768 1067 1825 1133 ἐξ
1874 1060 1951 1121 ὦν

365 1160 657 1228 προσεῖχον
689 1158 895 1223 αὐτοῖς,
924 1159 988 1211 ἐκ
1014 1156 1221 1213 τούτων
1241 1158 1515 1229 ἥμαρτον,
1543 1158 1660 1212 ἀλλ’
1703 1158 1762 1223 ἐξ
1785 1151 1859 1212 ὧν
1885 1157 1948 1214 οὐ

362 1253 676 1321 προσεῖχον,
726 1251 1183 1322 ἐπλημμέλησαν.
1239 1249 1428 1313 Οὕτως
1477 1249 1513 1303 ἆ
1546 1266 1611 1318 γε
1660 1250 1945 1304 ἐπείθοντο

362 1345 558 1413 σαφῶς
591 1344 683 1416 ἄρ’
734 1346 784 1398 οῖ
809 1345 1088 1409 πείθοντες
1138 1343 1357 1399 ἔπειθον
1404 1343 1606 1406 καλῶς.
1641 1344 1753 1415 Τὴν
1798 1343 1855 1397 δὲ
1905 1344 1949 1375 ί*

360 1436 654 1506 πολιτικὴν
682 1438 732 1489 εἰ
777 1436 851 1507 μὴ
893 1437 1099 1499 πάντας
1137 1435 1463 1488 ἐπαίδευσαν
1504 1434 1821 1504 Ἀθηναίους
1849 1434 1949 1488 Θε-

361 1528 661 1598 μιστοκλῆς
692 1529 787 1582 καὶ
824 1528 1098 1597 Περικλῆς
1133 1527 1229 1581 καὶ
1262 1526 1565 1596 Μιλτιάδης
1600 1526 1695 1579 καὶ
1728 1525 1944 1596 Κίμων,

358 1618 487 1689 μηδ’
520 1619 767 1683 ἅπαντας
801 1618 1002 1688 ἐφεξῆς
1032 1618 1276 1689 βελτίους
1299 1618 1564 1688 ἐποίησαν
1592 1617 1733 1670 κατά
1773 1616 1948 1685 φυλὰς

352 1711 455 1763 καὶ
485 1712 605 1763 κατ’
631 1710 799 1782 ἄνδρα
833 1710 1022 1780 ὥσπερ
1050 1709 1316 1781 θεωρικὸν
1347 1709 1444 1780 τὴν
1484 1710 1797 1781 ἐπιστήμην
1825 1710 1943 1763 δια⁴

351 1800 641 1871 νέμοντες,
674 1797 775 1855 εἶθ’
812 1800 1090 1872 ὑπερφυές
1122 1817 1174 1855 τι
1211 1802 1457 1872 φήσομεν
1489 1800 1611 1854 κατ’
1642 1800 1820 1853 αὐτῶν
1854 1802 1945 1854 εὐ-

2060 608 2224 671 xime,
2250 623 2347 662 cur
2372 609 2424 663 id
2455 609 2598 678 quod
2624 606 2831 679 eﬁ'ugit,
2855 608 2923 664 ad
2948 609 3189 677 ipsorum
3211 609 3332 679 quis
3350 611 3642 680 magistros

2058 698 2307 755 referat?
2344 699 2454 754 Nec
2478 700 2622 755 enim
2649 700 2789 757 hunc
2807 698 3046 756 fructum
3069 716 3138 756 ex
3169 700 3381 756 illorum
3411 716 3640 763 consue-

2059 790 2243 845 tudine
2292 799 2647 863 perceperant
2695 793 2892 859 potius,
2924 808 3086 863 quam
3136 806 3243 848 non
3269 791 3380 861 jam
3428 792 3483 849 id
3532 794 3641 851 illis

2058 892 2310 952 poterant
2347 894 2630 956 acceptum
2682 884 2848 941 ferre.
2886 884 3152 952 Quocirca
3204 901 3311 941 non
3351 884 3481 956 quia
3516 888 3641 944 illos

2056 978 2428 1046 altendebant,
2464 978 2786 1050 peccabant,
2819 978 2913 1035 sed
2947 979 3071 1050 quia
3106 993 3212 1034 non
3261 962 3650 1049 attendebant,‘

2055 1084 2227 1139 usque
2257 1086 2321 1127 eo
2349 1071 2438 1127 illa
2472 1088 2592 1144 quae
2621 1072 3093 1144 persuadehantur
3131 1081 3282 1127 recte
3313 1071 3422 1128 illis
3444 1073 3640 1128 suade-

2055 1162 2209 1216 bant.
2227 1162 2449 1219 Civilem
2474 1179 2603 1220 vero
2630 1165 2912 1220 scientiam
2934 1162 3039 1218 nisi
3071 1162 3433 1221 Athenienses
3449 1177 3639 1221 omnes

2054 1253 2369 1319 docuerint,
2440 1254 2835 1312 Themistocles
2864 1294 2880 1320 ,
2932 1255 3193 1323 Pericles,
3262 1254 3533 1312 Miltiades
3585 1265 3642 1312 et

2051 1340 2267 1408 Cimon,
2296 1354 2459 1414 atque
2481 1356 2710 1401 cunctos
2732 1362 2799 1401 ex
2834 1346 3026 1402 ordine
3055 1346 3301 1401 tributim
3337 1360 3400 1401 ac
3429 1345 3639 1401 viritim

2054 1433 2304 1489 meliores
2336 1435 2706 1502 reddiderant,
2738 1435 2962 1492 scientia
3003 1437 3155 1507 quasi
3187 1436 3446 1492 theatrali
3475 1450 3642 1506 pecu-

2052 1524 2142 1578 nia
2176 1525 2486 1593 distributa,
2522 1542 2591 1583 ne
2629 1529 2773 1599 ipsos
2801 1529 3021 1599 quidem
3050 1544 3111 1585 ea
3146 1529 3202 1583 in
3235 1544 3294 1585 re
3320 1528 3642 1584 excelluisse

2051 1615 2317 1675 dicemus.
2368 1618 2481 1674 Nec
2513 1619 2644 1676 illud
2679 1619 2989 1692 Protagorae
3043 1622 3119 1676 tui
3172 1622 3271 1677 tibi
3329 1620 3550 1686 sullicit,
3591 1619 3637 1675 si

2056 1708 2245 1781 vulgus
2260 1712 2344 1766 vel
2365 1726 2433 1767 ex
2453 1721 2607 1783 parte
2634 1712 2814 1785 aliqua
2852 1716 2920 1770 ad
2955 1715 3212 1770 virtutem
3242 1714 3636 1784 perduxerunt;

2053 1816 2238 1856 verum
2267 1803 2368 1858 nisi
2393 1807 2575 1860 omnia
2606 1812 2768 1876 quam
2791 1807 3099 1864 rectissime
3127 1806 3381 1878 populus,
3399 1814 3454 1862 et
3479 1804 3637 1876 quasi

350 1887 611 1958 ρηκέναι,
649 1889 726 1953 ὡς
769 1889 879 1944 οὐδ’
926 1889 1083 1943 αὐτοὶ
1142 1890 1384 1959 βελτίους
1431 1886 1572 1962 ἦσαν
1603 1890 1818 1952 οὐδενὸς
1865 1893 1943 1955 εἰς

2049 1893 2135 1948 vir
2169 1910 2309 1949 unus
2356 1896 2779 1965 administravit,
2826 1900 2878 1954 id
2909 1900 3023 1971 jam
3058 1899 3328 1969 praefectis
3375 1899 3636 1969 imputas.

346 1983 566 2051 ταῦτα;
596 1984 720 2057 [701
758 1984 853 2058 Η.]
887 1986 981 2039 καὶ
1007 1986 1109 2038 οὐκ
1129 1986 1351 2055 ἀγαπᾷς
1376 1984 1437 2038 τὸ
1466 1985 1508 2017 ¹³
1536 1986 1629 2037 τοῦ
1654 1985 1749 2038 σοῦ
1790 1987 1944 2056 Πρω-

347 2077 592 2148 ταγόρου
624 2079 688 2141 η,
725 2078 773 2131 εί
796 2079 892 2131 καὶ
917 2079 957 2109 ’⁷
986 2078 1108 2131 καθ’
1130 2077 1355 2131 ὁσονοῦν
1398 2077 1779 2148 προύϐίϐασαν
1818 2081 1946 2141 τοὺς

350 2169 589 2232 πολλοὺς
617 2172 698 2234 είς
732 2170 793 2224 τὸ
826 2170 1057 2241 βέλτιον,
1107 2169 1225 2224 ἀλλ’
1256 2170 1304 2223 εί
1356 2170 1430 2241 μὴ
1463 2170 1640 2223 πάντα
1693 2173 1721 2223 ὁ
1771 2169 1946 2240 δῆμος

349 2261 717 2331 ἀνεγκλήτως
757 2260 852 2315 καὶ
876 2261 1068 2332 ὥσπερ
1098 2257 1180 2325 εἷς
1208 2262 1354 2332 ἀνὴρ
1403 2262 1763 2332 μετεχείρισε,
1797 2260 1944 2315 τοῦτ’

346 2351 455 2422 ἤδη
490 2352 635 2405 κατά
653 2352 763 2405 τῶν
796 2351 1120 2424 προστατῶν
1164 2352 1283 2405 ἐστί
1309 2369 1414 2406 σοι.
1439 2352 1505 2405 Τί
1536 2347 1630 2405 οὖν
1655 2351 1698 2383 ¹⁸
1728 2352 1942 2423 θαυμα-

352 2442 502 2509 στὸν,
537 2443 587 2496 εί
617 2444 860 2497 κάκεῖνοι
883 2443 1054 2497 πολλὰ
1080 2443 1175 2497 καὶ
1199 2443 1413 2513 χρηστά
1439 2461 1501 2496 συ
1510 2442 1944 2513 μϐουλεύσαντες

363 2534 695 2606 Ἀθηναίοις,
735 2538 831 2591 καὶ
877 2538 1048 2591 πολλὰ
1073 2537 1185 2591 τῶν
1240 2536 1518 2608 δυσχερῶν
1570 2536 1939 2601 κωλύσαντες,

355 2624 434 2696 μὴ
486 2625 575 2680 διὰ
619 2627 808 2692 τέλους
840 2628 1039 2692 αὐτοὺς
1090 2627 1441 2699 ἠδυνήθησαν
1485 2630 1783 2699 κατασχεῖν
1818 2628 1941 2700 μηδ’

348 2715 600 2772 ἀθάνατα
625 2720 865 2785 ίάσαντο,
888 2721 1003 2774 ἀλλ’
1027 2721 1340 2792 ἡττήθησαν
1361 2721 1460 2789 τῆς
1488 2720 1551 2790 δή
1562 2737 1663 2788 μου
1700 2719 1937 2789 φύσεως,

2047 1981 2187 2039 Num
2210 2001 2339 2056 ergo
2364 1988 2560 2043 mirum
2580 1991 2707 2057 erit,
2726 1990 2769 2045 si
2801 2003 2901 2047 nec
2930 1990 3166 2056 illi,cum
3190 1990 3355 2045 multa
3381 1992 3519 2046 bona
3542 1990 3651 2046 do-

2047 2076 2286 2132 cuissent
2303 2079 2665 2136 Athenienses
2689 2095 2752 2136 ac
2779 2094 2950 2137 noxas
2972 2080 3170 2137 multas
3201 2081 3633 2151 impedivlssent,

2045 2183 2260 2240 semper
2287 2185 2381 2225 eos
2408 2173 2665 2229 cohibere
2693 2182 3010 2243 potuerunt,
3061 2189 3240 2244 neque
3273 2175 3493 2231 morbos
3526 2177 3636 2230 im-

2045 2261 2303 2317 mortales
2328 2273 2613 2331 curarunt,
2638 2268 2730 2320 sed
2772 2281 2803 2320 a
2834 2266 3014 2337 populi
3050 2277 3265 2335 natura,
3308 2269 3424 2324 sive
3452 2269 3637 2337 potius

2044 2353 2320 2409 communi
2376 2355 2655 2411 hominum
2709 2365 2838 2413 sunt
2892 2358 3059 2427 victi,
3132 2374 3237 2415 nec
3290 2360 3634 2430 iniquitatem

2044 2457 2267 2513 prorsus
2295 2461 2328 2502 e
2360 2446 2585 2503 civitate
2616 2458 2912 2518 potuerunt
2956 2451 3264 2521 exstirpare
3313 2465 3330 2505 :
3366 2450 3633 2521 quemad-

2045 2538 2263 2592 modum
2303 2553 2428 2594 cum
2478 2540 2739 2610 agricolae
2782 2543 3078 2612 quotannis
3133 2543 3250 2612 agri
3301 2543 3633 2598 detrimenta

2043 2631 2387 2693 exscindunt,
2432 2647 2532 2688 nec
2575 2647 2673 2704 per
2717 2642 2890 2691 totum
2943 2648 3129 2690 semen
3172 2642 3475 2703 penetrant.
3520 2632 3634 2689 Hoc

2043 2722 2205 2776 modo
2236 2722 2281 2778 si
2333 2732 2390 2779 et
2434 2723 2574 2788 illos,
2621 2740 2744 2781 cum
2786 2726 3063 2781 civitatem
3118 2740 3352 2796 purgare
3407 2726 3630 2793 vellent,

347 2816 461 2866 εἴτε
494 2815 713 2887 καὶτῆς
749 2816 934 2886 κοινῆς
967 2816 1274 2886 ἀνθρώπων
1299 2817 1340 2849 ’θ
1370 2817 1451 2869 δεῖ
1487 2815 1689 2881 λέγειν,
1722 2814 1819 2867 καλ⁸
1865 2815 1941 2886 μὴ

2048 2813 2238 2885 432α
2287 2817 2655 2872 necessarium
2700 2817 2981 2888 iniustitiae
3005 2830 3170 2889 atque
3217 2818 3417 2890 ingrati
3461 2817 3634 2873 animi

346 2906 687 2977 ἐδυνήθησαν
722 2908 768 2939 ⁸⁸
831 2905 1090 2971 καθάπαξ
1123 2908 1187 2959 ἐκ
1219 2906 1322 2975 τῆς
1351 2905 1558 2968 πόλεως
1591 2904 1795 2969 ἐξελεῖν
1825 2903 1941 2955 ἁδι-

348 2998 499 3064 κίαν,
540 2997 731 3069 ὥσπερ
767 2999 1005 3069 γεωργοὶ
1034 2998 1103 3052 τὰ
1135 2998 1510 3068 λυμαινόμενα
1541 2999 1607 3067 τῇ
1632 2996 1786 3069 χώρᾳ
1815 2996 1941 3050 καθ’

346 3090 588 3142 ἕκαστον
621 3090 867 3143 ἐνιαυτὸν
898 3090 1280 3153 ἐκκόπτοντες,
1313 3086 1412 3141 εἶτ’
1437 3088 1538 3141 οὐκ
1560 3087 1942 3157 ἐφικνούμενοι

345 3181 440 3235 διὰ
475 3182 678 3246 παντὸς
700 3181 793 3236 τοῦ
834 3180 1255 3255 [λυμαινομένου
1303 3180 1403 3252 τὴν
1444 3180 1629 3251 χώραν
1668 3177 1737 3251 ἰ]
1771 3179 1943 3251 σπέρ-

352 3291 548 3345 ματος.
596 3275 663 3328 Et
712 3274 899 3328 τοῦτον
934 3274 1027 3328 τὸν
1072 3274 1274 3345 τρόπον
1322 3274 1611 3334 κάκείνους
1659 3271 1945 3335 ἐθέλοντας

349 3368 645 3440 καθαίρειν
669 3369 715 3399 "
748 3370 848 3439 τὴν
874 3368 1033 3422 πόλιν
1051 3366 1284 3436 ἐξέφυγε
1314 3367 1409 3419 καὶ
1436 3365 1684 3437 ἐνέμεινε
1720 3365 1943 3437 σπέρμα

349 3461 655 3529 ἀναγκαῖον
675 3460 887 3523 ἀδικίας
910 3461 1005 3513 καὶ
1027 3458 1445 3531 ἀγνωμοσύνης,
1478 3459 1574 3511 καὶ
1604 3459 1666 3511 οὑ
1697 3461 1876 3511 πάντα
1895 3458 1945 3491 ³³

346 3554 669 3627 ὑπήκουσεν
693 3556 899 3619 αὐτοῖς,
929 3554 1045 3608 ἀλλ’
1076 3554 1224 3608 ἐστιν
1252 3553 1290 3610 ἃ
1321 3554 1415 3607 καὶ
1448 3551 1570 3606 καθ’
1603 3551 1767 3605 αὐτὸν
1793 3552 1821 3603 ὁ
1848 3550 1939 3620 δῆ-

350 3666 459 3719 μος
491 3646 873 3715 ἐϐουλεύσατο,
896 3647 1018 3701 τίνα
1041 3646 1199 3701 τοῦτο
1228 3648 1340 3709 τοῖς
1368 3646 1627 3716 ἀνδράσιν
1660 3643 1775 3714 ἔχει
1801 3660 1944 3713 φαυ-

345 3741 651 3813 Memmi)
704 3743 757 3796 τί
811 3743 895 3796 δεῖ
935 3742 1002 3796 τὰ
1054 3741 1283 3795 ἐκείνων
1346 3740 1557 3809 ἑτέροις
1604 3737 1939 3807 λογίζεσθαι,

343 3835 544 3906 ὥσπερ
568 3834 635 3889 ἂν
662 3835 708 3865 ’⁵
730 3836 779 3887 εί
817 3835 911 3888 καὶ
951 3834 1196 3896 στάσεως
1241 3832 1409 3902 οὔσης
1439 3832 1496 3885 ἐν
1526 3833 1592 3902 τῇ
1618 3830 1797 3894 πόλει,
1846 3830 1944 3883 καὶ

344 3924 562 3979 τούτων
617 3925 717 3995 τῆς
766 3925 960 3995 ἐτέρας
1013 3924 1333 3995 ἡγουμένων
1360 3927 1461 3993 τῆς
1503 3922 1613 3976 τῶν
1660 3922 1942 3985 ἐπιεικῶν,

346 4014 475 4071 εἶτα
500 4017 569 4071 τὰ
586 4004 695 4070 τῶν
722 4018 924 4088 ἐτέρων
947 4018 1326 4088 ἁμαρτήματα
1354 4017 1448 4070 καὶ
1477 4014 1589 4068 τῶν
1617 4017 1697 4079 εἰς
1719 4014 1944 4079 τούτους

346 4109 827 4181 πλημμελούντων
880 4111 1066 4174 αὐτοῖς
1118 4109 1330 4172 τούτοις
1386 4126 1472 4172 τις
1520 4109 1815 4182 προσετίθη
1873 4111 1939 4165 ³³.

346 4201 465 4255 Καὶ
493 4201 616 4254 τίνα
643 4200 758 4271 ἔχει
783 4202 944 4269 φύσιν
961 4202 1007 4232 ’⁸
1027 4201 1076 4253 οἳ
1098 4201 1234 4271 μήτε
1258 4200 1429 4271 ἔδρων
1458 4199 1632 4254 ταῦτα
1654 4202 1750 4254 καὶ
1778 4217 1947 4273 προσ-

348 4294 434 4348 έτι
483 4293 713 4347 κωλύειν
753 4292 971 4363 ὴξίουν;
1013 4292 1175 4346 Ἀλλὰ
1210 4293 1318 4363 μὴν
1352 4295 1396 4325 ³⁷
1422 4295 1476 4347 εί
1503 4311 1566 4360 γε
1595 4294 1732 4364 μηδέ
1757 4294 1947 4357 κακῶς

346 4383 620 4438 ἀκούσασι
656 4384 836 4447 καλῶς
875 4384 1022 4454 ἔχειν
1050 4384 1297 4453 οἱήσεταί
1321 4401 1405 4447 τις
1432 4386 1552 4447 ταῖς
1582 4385 1774 4454 αρταῖς
1804 4385 1943 4456 χρήο

352 4478 554 4532 σασθαι
577 4478 768 4542 λαϐαῖς
785 4520 797 4542 ,
836 4479 932 4531 καὶ
958 4476 1185 4541 ταύταις
1213 4476 1287 4546 μὴ
1310 4478 1402 4529 ἐπὶ
1428 4478 1473 4509 ³⁸
1503 4477 1579 4548 τῷ
1602 4478 1786 4541 κακῶς
1821 4480 1946 4531 ἀντ-

2043 2921 2231 2962 semen
2261 2905 2469 2979 eﬂ‘ugit,
2496 2916 2551 2962 et
2581 2910 2864 2975 remansit,
2901 2925 3005 2967 nec
3031 2910 3165 2981 ipsis
3185 2910 3638 2980 obtemperarunt

2043 2998 2248 3067 omnia,
2275 3000 2572 3070 quinetiam
2603 3017 2699 3071 per
2724 3017 2784 3058 se
2813 3001 3046 3073 populus
3068 3002 3327 3059 nonnulla
3348 3011 3635 3070 statueret,

2044 3106 2142 3145 cur
2174 3092 2290 3147 haec
2318 3093 2724 3162 improbitatem
2754 3094 2888 3149 viris
2918 3093 3170 3164 alterunt,
3222 3104 3318 3150 aut
3368 3094 3501 3165 ipsis
3535 3093 3640 3150 im-

2047 3193 2306 3251 puteutur
2351 3186 2581 3241 aliena?
2616 3186 2781 3252 Quasi
2819 3187 2943 3257 quis
2997 3198 3189 3243 exorta
3236 3188 3530 3253 seditione,
3582 3196 3640 3245 et

2050 3275 2135 3330 bis
2180 3276 2390 3332 meliori
2440 3277 2580 3347 parti
2639 3277 2970 3347 praapositis,
3003 3288 3119 3332 tum
3166 3278 3397 3334 aliorum
3432 3279 3489 3334 in
3538 3278 3640 3334 hos

2047 3375 2271 3436 peccata
2325 3368 2411 3423 his
2453 3368 2587 3437 ipsis
2637 3369 2929 3424 tribueret.
2980 3368 3265 3438 Quomodo
3318 3381 3503 3425 autem
3564 3371 3640 3426 sit

2045 3472 2283 3526 aequum,
2322 3458 2417 3529 qui
2455 3474 2558 3515 nec
2593 3473 2658 3515 ea
2704 3457 2958 3526 fecerint,
2993 3468 3052 3517 et
3094 3461 3321 3532 insuper
3347 3461 3640 3532 prohibere

2046 3551 2337 3606 voluerint.
2377 3550 2530 3617 Quod
2562 3550 2607 3605 si
2647 3565 2752 3607 nec
2780 3566 2875 3606 eos
2915 3566 3149 3623 quorum
3194 3561 3281 3608 est
3330 3552 3473 3607 latina
3510 3551 3639 3610 laesa

2047 3644 2238 3700 iisdem
2268 3644 2483 3714 putabit
2529 3644 2679 3701 ansis
2710 3645 2789 3701 uti
2820 3646 3037 3714 debere,
3068 3648 3233 3717 idque
3271 3662 3378 3702 non
3420 3649 3488 3701 ad
3516 3661 3639 3703 ma-

2044 3736 2383 3793 ledicendum
2425 3737 2663 3794 vicissim
2711 3737 2805 3793 sed
2832 3746 2893 3793 ut
2935 3753 3118 3809 seper
3158 3739 3296 3795 alios
3323 3740 3634 3807 absolvant,

2045 3829 2320 3899 quomodo
2369 3844 2493 3884 eum
2551 3822 2809 3901 probabit
2860 3829 2953 3902 qui
3009 3831 3162 3901 prior
3213 3831 3359 3886 nulla
3413 3840 3640 3889 coactus

2047 3920 2375 3977 necessitate
2414 3920 2716 3988 maledixit,
2767 3930 2825 3977 ut
2865 3937 2964 3992 per
2991 3937 3113 3993 quae
3149 3922 3271 3979 illos
3301 3923 3514 3994 pejores
3551 3924 3641 3981 vl-

2046 4011 2160 4067 deri
2196 4013 2423 4068 curabat
2446 4012 2699 4069 dextrum
2749 4014 2880 4083 quid
2924 4025 3117 4086 putare
3141 4015 3395 4087 jusserit.
3447 4015 3641 4072 Enim—

2047 4120 2176 4161 vero
2212 4106 2497 4162 nesciebas
2534 4115 2587 4162 te
2620 4106 2706 4163 his
2740 4107 3048 4178 proverbiis
3086 4110 3282 4177 teneri,
3322 4110 3494 4180 ignem
3521 4125 3639 4165 uer-

2048 4198 2249 4262 berare,
2277 4193 2507 4265 lapidem
2534 4211 2776 4263 coquere,
2816 4211 2945 4252 sexo
2974 4199 3258 4253 seminare.
3308 4197 3463 4265 Quod
3483 4191 3641 4254 enim

2049 4288 2127 4343 illi
2178 4302 2245 4342 ex
2302 4288 2766 4345 admonitionibus
2792 4288 2901 4345 tuis
2948 4304 3015 4345 ac
3047 4290 3394 4346 sermonibus
3442 4291 3639 4348 luerati

2048 4390 2195 4447 sunt,
2227 4396 2390 4451 quam
2418 4396 2533 4435 rem
2554 4381 2640 4435 vel
2671 4380 2914 4436 divinam
2936 4380 3019 4437 vel
3047 4381 3335 4436 humanam
3367 4391 3489 4452 post
3509 4395 3639 4438 eum

2052 4472 2195 4528 diem
2225 4488 2333 4542 quo
2361 4473 2460 4529 tibi
2500 4488 2665 4529 aures
2705 4474 3019 4543 praebuerat
3049 4473 3361 4545 Dionysius,
3393 4473 3479 4529 vel
3513 4474 3637 4543 Dio,

355 4572 560 4635 ειπεῖν,
586 4570 701 4623 ἀλλ’
727 4571 820 4623 ἐπὶ
844 4569 923 4641 τῷ
952 4570 1042 4624 διὰ
1070 4569 1179 4623 τῶν
1208 4569 1420 4623 ἐκείνου
1470 4571 1539 4623 τὰ
1565 4571 1778 4624 ἑαυτῶν
1800 4572 1937 4625 ἀπο-

2049 4567 2251 4622 rectius
2290 4565 2743 4621 administrarunt
2771 4565 2787 4620 ι
2815 4564 2992 4621 Tanto
3018 4573 3236 4620 nostros
3266 4580 3385 4632 nos,
3408 4580 3442 4621 ο
3461 4564 3637 4637 Plato,

348 4662 642 4731 λύσασθαι,
662 4662 779 4725 πῶς
804 4662 1086 4734 εἰρηκέναι
1107 4668 1153 4732 γ’
1185 4663 1230 4696 ²⁹
1257 4662 1421 4715 αὐτὸν
1445 4663 1713 4733 πρότερον
1729 4663 1940 4727 κακῶς,

347 4754 385 4809 ἃ
421 4754 611 4825 μηδεὶς
640 4754 994 4822 ἐπηνάγκαζε
1029 4755 1125 4807 καὶ
1153 4754 1221 4808 δι’
1254 4747 1331 4809 ὧν
1363 4754 1579 4825 χείρους
1624 4753 1760 4825 ᾤετο
1800 4756 1942 4809 ἐκεί-

349 4866 479 4913 νους
505 4849 809 4920 ἀποφῆναι,
838 4848 1010 4915 δεξιόν
1036 4865 1089 4901 τι
1110 4849 1353 4920 νομίζειν
1393 4848 1638 4902 κελεύσει
1674 4849 1718 4880 ³ο
1746 4866 1763 4916 ;
1799 4849 1943 4901 Ἐλεο

347 4941 541 5008 λήθεις
571 4942 612 4972 ³⁸
641 4942 752 5010 ἄρα
790 4940 987 4994 σαυτὸν
1030 4940 1275 5002 ἀπάσαις
1322 4942 1443 5004 ταῖς
1489 4940 1811 5011 παροιμίαις
1859 4941 1944 4992 ἐν-

348 5050 377 5086 ε
386 5032 447 5101 χό
455 5050 632 5102 μενος,
650 5036 737 5099 εἰς
763 5033 883 5102 πῦρ
901 5032 1125 5097 ξαίνων
1140 5032 1238 5086 καὶ
1264 5034 1439 5086 λίθον
1459 5032 1626 5101 ἕψων
1648 5032 1748 5086 καὶ
1771 5035 1941 5088 σπεί-

338 5139 474 5191 ρων
497 5122 603 5189 τὰς
632 5121 875 5190 πέτρας.
905 5121 970 5175 Τί
1001 5120 1110 5193 γὰρ
1134 5120 1245 5174 τῶν
1278 5120 1386 5173 σῶν
1408 5119 1703 5173 νουθεσιῶν
1734 5122 1829 5174 καὶ
1857 5119 1941 5173 λό-

347 5230 467 5281 γων
486 5213 811 5285 ἀπήλαυσαν
837 5215 1036 5268 ἐκεῖνοι
1060 5230 1075 5279 ;
1115 5213 1169 5266 τί
1200 5211 1307 5265 τῶν
1347 5212 1507 5265 θείων
1534 5211 1567 5282 ἢ
1596 5212 1704 5265 τῶν
1727 5212 1939 5283 ἀνθρω-

350 5304 528 5361 πίνων
560 5308 783 5377 ἄμεινον
814 5305 1260 5378 μετεχειρίσαντο
1281 5304 1616 5375 Διονύσιοςῆ
1647 5305 1785 5358 Δίων
1820 5306 1943 5374 μετ’

2043 4671 2207 4725 quam
2259 4664 2313 4709 tu
2361 4664 2502 4722 tuos,
2543 4653 2801 4709 meliores
2841 4652 3127 4710 efficimus.
3168 4654 3323 4721 Quod
3350 4655 3396 4711 si
3443 4654 3639 4710 horum

2042 4742 2279 4797 indolem
2318 4743 2470 4798 dices
2518 4742 2799 4797 meliorem
2849 4740 3039 4809 fuisse,
3095 4742 3202 4799 hac
3233 4757 3455 4815 quoque
3495 4743 3551 4800 in
3579 4757 3641 4800 re

2045 4846 2282 4890 nostram
2329 4835 2574 4891 declaras
2612 4835 2976 4905 prudentiam,
3016 4834 3111 4907 qui
3142 4850 3294 4907 spem
3324 4836 3378 4891 in
3418 4835 3504 4893 bis
3535 4836 3638 4891 ali-

2042 4944 2206 4998 quam
2258 4928 2605 4999 posuerimus
2631 4964 2648 4993 ,
2701 4941 2825 4981 cum
2884 4935 2940 4982 tu
2988 4936 3103 4983 toto
3158 4928 3432 4985 erraveris
3473 4929 3637 4996 coelo,

2049 5020 2267 5091 quando
2289 5036 2410 5074 cum
2442 5019 2549 5075 illis
2573 5019 2777 5075 utiliter
2807 5026 2862 5075 te
2896 5019 3301 5090 disputaturum
3331 5019 3636 5077 credidisti.

2051 5113 2255 5169 Deinde
2301 5112 2444 5169 sicut
2488 5126 2552 5168 ea
2584 5113 2638 5168 in
2668 5113 2869 5184 quibus
2910 5111 3049 5169 alios
3071 5112 3507 5169 viceruntindoli
3534 5112 3637 5168 tri-

2052 5209 2198 5273 buis,
2228 5207 2307 5263 sic
2343 5208 2505 5262 etiam
2554 5206 2603 5261 si
2643 5206 2771 5277 quid
2818 5204 2917 5259 tibi
2963 5205 3097 5262 satis
3142 5215 3345 5262 temere
3381 5206 3637 5262 videntur

2053 5303 2248 5369 egisse,
2289 5302 2391 5355 hoc
2439 5301 2616 5355 cidem
2663 5299 2828 5354 indoli
2862 5299 3070 5369 imputa
3097 5312 3323 5369 ;.neque
3346 5314 3468 5353 cum
3512 5312 3637 5369 qua:

1656 5443 1892 5500 VARUE
1927 5430 2330 5498 LECTTONES.

425 5557 471 5590 ¹⁰
501 5556 697 5630 ταῦτα]
725 5559 865 5612 αὖτά
896 5559 961 5613 Α.
1036 5559 1076 5592 ¹¹
1107 5559 1193 5626 ἐφ’
1216 5560 1261 5611 Α
1298 5576 1312 5613 :
1340 5558 1434 5627 ἀφ’
1462 5575 1522 5623 ς.

1595 5558 1637 5590 ιι
1669 5557 1812 5628 atas]
1842 5573 1893 5626 p.
1922 5558 2046 5628 στι.
2126 5558 2169 5590 ιε

2208 5554 2590 5627 ἡδοιξλήοηςταν
2618 5570 2681 5617 ςο
2724 5552 2935 5627 ,“,τὴν
2955 5553 3035 5627 δὲ]
3062 5571 3115 5626 ρο
3140 5553 3269 5627 572-
3347 5555 3393 5627 ἕξ
3415 5554 3479 5609 τὸ
3502 5559 3630 5612 add.

499 5631 541 5661 ¹⁶
560 5622 898 5715 Προξταγόρα
927 5630 993 5683 Α.
1061 5630 1101 5661 ⁸⁷
1129 5622 1447 5715 καὶλοιητξ.
1476 5622 1484 5623 ί
1515 5629 1557 5715 ⁸3
1595 5622 1873 5715 τίρῦνξίἱ.
1905 5627 2029 5715 57Λ5.
2110 5629 2150 5714 ⁸3
2175 5622 2631 5715 ἀνθρώπρνλτῶν
2982 5622 3075 5681 AT
3120 5626 3169 5658 ²⁰
3198 5624 3547 5715 ᾐξυξήθησαν

350 5700 562 5769 ’³λυμ.
631 5701 730 5770 τὴν
781 5700 965 5770 χώραν
1026 5716 1137 5770 om.
1204 5701 1271 5754 Α.

350 5772 402 5803 ³⁸
436 5768 699 5839 προστιθῇ
762 5768 826 5824 Α.

354 5843 394 5876 ³¹
422 5840 718 5913 ἐλελήθεις]
755 5856 806 5911 p.
841 5840 965 5896 577.

1363 5701 1408 5732 ²²
1445 5699 1707 5770 καθαρεῖν
1757 5698 1804 5755 Ᾱ
1837 5718 1850 5753 :
1888 5698 2172 5770 καθαριεῖν
2226 5716 2286 5761 ς.

906 5770 953 5843 ’_‘
976 5769 1161 5843 φύσιν]
1221 5769 1385 5838 φύσιν
1439 5763 1613 5827 ταῦτα
1644 5772 1707 5825 Α.
1790 5772 1831 5801 ³⁷
1864 5770 1999 5824 ἀλλὰ
2032 5763 2184 5842 μω.
2237 5824 2253 5837 ,ν
2289 5767 2335 5800 ’⁸
2364 5766 2458 5821 ἐπὶ
2514 5783 2623 5823 om.
2660 5772 2727 5824 Δ.
2805 5763 2849 5795 ³⁹
2880 5766 2932 5837 γ’
2964 5763 3076 5825 om.
3100 5768 3169 5825 A.
3248 5766 3294 5800 "
3325 5765 3537 5823 κελεύει
3558 5770 3621 5825 Α.

2366 5694 2628 5768 ²’πάντα
2681 5695 2727 5749 Δ
2779 5694 3009 5768 εᾼῖῑάντῃ
3059 5715 3123 5762 ς.
3200 5694 3532 5768 "praedm.
3565 5700 3625 5753 Α.
