3960 6490
322 413 450 480 1561

1352 420 1876 483 BIBLIOTIIECA.
1900 443 1960 456 ·-·
1989 420 2154 484 COD.
2195 420 2549 485 CCXLVIII.

3451 415 3592 482 1562

313 527 494 582 ὁτιοῦν
523 525 738 597 θύρεως
793 528 887 582 καὶ
922 528 1213 598 ἀσελγείας
1261 530 1516 587 ἀπέλιπε.
1565 535 1675 586 Καὶ
1709 535 1773 587 σὺ
1805 531 1905 602 μὲν

2033 548 2160 602 :erc,
2197 533 2356 600 idque
2399 534 2632 587 alterum
2662 530 2919 597 amicum,
2972 529 3170 603 “an
3218 531 3425 585 hostem
3456 530 3596 586 alte-

311 620 468 674 ούδὲν
491 619 752 690 ὐδρίσθης
779 620 908 683 ῐσως
937 638 950 652 ·
983 623 1012 675 ὁ
1039 622 1096 674 δὲ
1118 615 1200 683 οἷς
1231 625 1415 692 ἠγεῖτο
1443 621 1705 693 ύῦρίζειν,
1736 624 1908 676 πλείω

314 711 490 765 ταῦτα
523 711 853 783 ἐπραττενῆ
915 713 1046 784 [705
1081 713 1177 785 11.]
1228 715 1294 768 δι’
1351 708 1428 769 ὧν
1461 716 1579 787 ᾔδει
1635 717 1905 787 τιμήσων.

329 803 493 866 Ἀλλ’,
529 799 574 858 ὧ
602 806 647 836 ⁸³
684 804 905 858 πάντων
933 807 976 838 ⁸⁸
1005 805 1275 876 θαυμάσιε
1304 808 1550 872 Πλάτων,
1581 807 1657 881 μὴ
1696 808 1764 863 δι’
1796 810 1906 878 ἀμ-

320 899 444 962 φοῖν
472 897 627 962 ὤθει,
661 897 955 952 καὶταῦτα
978 899 1040 951 οὐ
1067 899 1152 952 διὰ
1186 899 1293 952 τῶν
1332 901 1501 968 φίλων
1535 902 1653 964 ἐνὸς
1681 902 1776 955 καὶ
1799 901 1908 955 τῶν

316 987 531 1060 ἐχθρῶν
560 989 624 1052 ⁸⁵,
681 989 818 1042 ἀλλὰ
862 989 953 1042 διὰ
987 989 1190 1044 σαυτοῦ
1229 1009 1288 1043 τε
1337 991 1382 1023 ⁸³
1425 994 1522 1045 acati.
1547 992 1783 1058 ίτούτων,
1817 991 1910 1057 οὒς

323 1080 527 1150 μᾶλλον
557 1081 744 1149 φίλους
772 1078 840 1151 ἦν
869 1080 1017 1144 εἰκός
1041 1081 1324 1150 ἡγεῖσθαι.
1353 1083 1414 1136 Εἰ
1443 1083 1502 1136 δὲ
1555 1083 1652 1154 μὴ,
1710 1084 1908 1136 σκόπει

321 1172 402 1242 μή
427 1174 454 1225 ὅ
482 1191 537 1226 τι
562 1172 881 1241 ἐγκαλέσεις
910 1172 978 1237 ⁸⁸,
1003 1172 1119 1226 ἀλλ’
1143 1173 1171 1226 ὃ
1199 1191 1251 1226 τι
1272 1172 1588 1245 ἀπολογήσῃ
1623 1174 1907 1245 πρότερον⁸

315 1264 562 1319 τοσαῦτά
591 1266 710 1318 ἔστι
762 1265 859 1317 καὶ
901 1265 972 1318 τὰ
1008 1265 1096 1319 σά.
1134 1266 1197 1319 El
1228 1265 1275 1318 δ’
1299 1267 1342 1298 ⁸⁷
1398 1265 1572 1337 αὐτὴν
1601 1267 1686 1334 ἐφ’
1712 1265 1914 1337 ἑαυτῆς

316 1355 404 1408 δεῖ
438 1355 538 1428 τὴν
574 1356 892 1427 προαίρεσιν
948 1356 1244 1422 ἐξετάζειν,
1275 1357 1518 1411 ἀναίτιον
1576 1359 1675 1428 μὲν
1723 1358 1786 1412 τὸ
1818 1358 1911 1411 σὺν

315 1447 570 1510 εἰκότως,
599 1450 844 1502 ἀναίτιον
872 1448 930 1502 δὲ
968 1448 1035 1502 ὲκ
1061 1447 1172 1502 τῶν
1209 1449 1390 1504 αὐτῶν
1428 1451 1522 1504 καὶ
1540 1452 1605 1503 τὸ
1624 1450 1912 1521 ἡμέτερον.

317 1535 436 1588 Καὶ
465 1536 727 1605 πρόσεστι
760 1537 857 1591 καὶ
881 1537 944 1591 τὸ
971 1539 1252 1610 κρατῆσαι
1283 1539 1394 1593 τῶν
1423 1541 1792 1612 πραγμάτων,
1819 1541 1914 1595 καὶ

315 1629 386 1683 τὸ
419 1629 592 1700 μείζω
647 1630 822 1686 ταῦτα
855 1627 999 1686 εἶναι
1031 1633 1140 1688 τῶν
1170 1650 1228 1685 τε
1257 1633 1362 1686 ὑπὸ
1405 1633 1500 1686 σοῦ
1543 1633 1907 1704 σπουδαζομέ-

2012 627 2179 681 rum?
2211 625 2407 681 Verum
2451 625 2682 690 teipsnm
2709 633 2763 678 et
2791 622 2888 677 hos
2925 635 3067 690 pete,
3097 637 3234 691 quos
3284 622 3463 691 potius
3499 621 3599 676 de-

2010 717 2178 773 bebas
2235 733 2334 787 pro
2380 715 2570 770 amicis
2606 715 2829 768 habere.
2874 712 3087 782 Alioqui
3130 726 3238 766 non
3299 721 3409 766 tarn
3469 711 3600 782 quid

2013 811 2272 872 accuses',
2327 823 2487 876 quam
2542 806 2670 876 quid
2719 806 2870 874 prius
2906 820 3132 859 excuses
3175 805 3466 859 videndum
3505 802 3604 858 tibi

2017 901 2197 965 fuerit,
2249 901 2515 970 siquidem
2547 909 2634 950 tua
2687 911 2900 966 quoque
2935 905 3079 948 tanta
3111 903 3252 949 sunt.
3287 894 3381 947 Sin
3428 894 3606 962 ipsum

2015 1008 2110 1061 per
2139 1007 2197 1048 se
2224 991 2676 1047 considerandum
2712 997 2794 1042 est
2825 987 3135 1050 consilium,
3168 1001 3266 1040 nec
3301 996 3453 1041 tuum
3486 984 3609 1039 cul-

2015 1085 2130 1155 pari
2156 1084 2281 1154 jure
2303 1091 2499 1152 potest,
2528 1095 2628 1135 nec
2650 1082 2811 1133 etiam
2838 1079 3027 1133 eadem
3051 1079 3116 1132 de
3137 1093 3298 1134 causa
3328 1087 3601 1141 nostrum,

2016 1191 2123 1246 quo
2165 1174 2373 1230 accedit
2418 1183 2476 1227 ut
2510 1172 2622 1227 voti
2670 1181 2945 1239 compotes
2996 1169 3122 1224 facti
3164 1169 3356 1235 simus,
3401 1176 3458 1222 et
3496 1168 3612 1222 haec

2017 1277 2131 1322 turn
2164 1267 2270 1322 tuis
2302 1266 2517 1332 studiis,
2561 1274 2672 1318 tum
2712 1263 2913 1317 nostris
2945 1260 3173 1317 offensis
3206 1266 3339 1315 sunt
3378 1258 3610 1327 majora.

2016 1359 2196 1427 Quare
2227 1375 2348 1414 cum
2377 1367 2432 1414 ιιι
2462 1374 2558 1413 nos
2598 1359 2928 1426 redarguere
2972 1355 3182 1418 studes,
3212 1354 3443 1423 teipsum
3473 1367 3612 1422 quo-

2015 1467 2119 1522 que
2147 1451 2346 1505 refellis
2380 1469 2398 1507 :
2427 1465 2544 1513 nos,
2569 1449 2692 1505 dum
2724 1447 2878 1501 nobis
2901 1446 3177 1517 suppetias
3198 1445 3447 1507 ferimus,
3467 1453 3615 1496 tuam

2017 1558 2234 1613 quoque
2285 1558 2397 1598 rem
2453 1543 2686 1611 agimus.
2734 1540 2989 1606 Quinimo
3039 1548 3127 1593 tua
3173 1537 3417 1594 defensio
3458 1534 3620 1590 nobis

2021 1639 2237 1704 quoque
2272 1633 2546 1699 convenit,
2591 1647 2779 1687 verum
2817 1631 2912 1685 tibi
2954 1645 3061 1685 non
3111 1638 3210 1694 tot,
3273 1636 3406 1696 quot
3459 1624 3619 1680 nobis

318 1737 432 1772 νων
466 1712 542 1772 ὧν
566 1737 626 1773 τε
670 1720 827 1773 αὐτοὶ
877 1720 1390 1792 προσεκρούσαμεν.
1430 1725 1501 1776 Σὺ
1535 1724 1635 1794 μὲν
1665 1723 1842 1777 τοίνυν
1869 1725 1913 1757 ⁸⁸

2033 1733 2142 1780 sunt
2175 1724 2508 1793 adjumenta.
2541 1722 2731 1789 Itaque
2767 1729 2827 1774 ut
2863 1719 3020 1776 nobis
3049 1721 3170 1790 quis
3197 1727 3406 1789 parcat,
3434 1717 3619 1771 incer-

317 1811 602 1881 ὲλέγχειεν
631 1813 778 1883 ἡμᾶς
801 1812 969 1879 ἀξιῶν
1005 1814 1099 1867 καὶ
1130 1813 1272 1868 κατὰ
1301 1815 1500 1869 σαυτοῦ
1519 1815 1721 1885 λέγεις,
1751 1817 1914 1887 ἡμεῖς

2033 1826 2138 1872 tum
2173 1818 2244 1873 sit
2268 1831 2335 1871 an
2376 1824 2430 1872 et
2459 1816 2553 1870 tihi
2589 1815 2711 1880 ;sin
2746 1823 2796 1868 te
2822 1813 3170 1880 condemnet,
3203 1810 3357 1866 nobis
3385 1809 3621 1864 fortasse

317 1903 384 1956 δὲ
414 1903 556 1974 ὑπὲρ
606 1904 763 1974 ήμῶν
793 1905 975 1959 αὐτῶν
1021 1906 1274 1973 λέγοντες
1303 1907 1397 1960 καὶ
1453 1909 1497 1941 ⁶⁹
1525 1907 1586 1961 τὸ
1629 1907 1724 1962 σὺν
1751 1909 1915 1981 θερα-

2033 1909 2238 1963 veniam
2272 1907 2443 1962 dabit.
2481 1906 2634 1973 Quod
2669 1905 2716 1959 si
2766 1918 2866 1958 nec
2917 1904 3071 1958 nobis
3107 1911 3316 1973 parcat,
3347 1899 3482 1955 nihil
3512 1899 3622 1954 erit

326 1995 597 2066 πεύομεν.
639 1995 860 2051 Μᾶλλον
894 1997 952 2050 δὲ
996 1997 1098 2067 τῆς
1157 1998 1258 2067 μὲν
1313 1999 1412 2069 σῆς
1466 1999 1767 2068 ἀπολογίας
1817 2001 1914 2054 καὶ

2033 1999 2098 2056 ibi
2148 1999 2520 2069 sperandum:
2575 2012 2745 2066 usque
2783 2010 2850 2052 eo
2881 1995 3112 2051 victoria
3141 2004 3324 2049 nostra
3370 1991 3515 2047 cedit
3561 1990 3620 2045 in

325 2086 492 2156 ἡμεῖς
522 2087 882 2158 μετέσχομεν,
946 2089 1031 2142 σοὶ
1084 2089 1131 2144 δ’
1163 2090 1263 2160 ούχ
1304 2091 1429 2144 ὅσον
1469 2094 1605 2162 ἡμῖν
1649 2092 1906 2164 ὑπάρχει.

2033 2104 2170 2149 tuum
2188 2091 2553 2148 commodum.
2582 2090 2915 2157 Quapropter
2938 2087 3095 2141 etiam
3128 2094 3222 2139 tua
3254 2083 3487 2153 require,
3513 2098 3620 2137 non

328 2178 492 2234 Ὥστε
526 2182 575 2234 εί
607 2181 708 2252 μὲν
737 2181 896 2253 ήμῶν
929 2199 1012 2246 τις
1047 2182 1316 2252 φείσεται,
1346 2184 1542 2254 ἄδηλον
1575 2186 1624 2239 εί
1653 2185 1750 2240 καὶ
1779 2185 1873 2239 σοῦ
1896 2203 1911 2218 ·

2033 2202 2155 2242 nea.
2179 2184 2356 2255 lnquit
2383 2186 2450 2238 ad
2485 2183 2773 2251 quemdam
2805 2181 3016 2235 Teucer
3037 2177 3268 2250 (93-95).

323 2269 378 2322 εί
397 2268 455 2323 δὲ
481 2270 576 2324 σοῦ
601 2286 686 2334 τις
715 2271 1039 2342 καταγνοίη,
1067 2274 1208 2344 τάχα
1239 2274 1307 2329 ἂν
1335 2276 1470 2346 ἡμῖν
1496 2292 1561 2345 γε
1593 2277 1854 2349 συγγνοίη
1879 2293 1896 2309 ο
1938 2277 1986 2330 εί
2020 2277 2066 2331 δ’
2093 2276 2165 2331 αὖ
2220 2277 2343 2348 μηδ’
2386 2277 2434 2309 ⁷⁸
2462 2275 2621 2347 ήμῶν
2670 2273 2916 2344 φείσεται
2945 2272 2989 2304 τί
3057 2270 3220 2341 σχολῇ
3295 2286 3359 2338 γε
3387 2269 3440 2302 τ’
3503 2264 3619 2322 σοῦ.

327 2359 488 2506 οἶδ-ἔω
512 2362 574 2415 τὸ
602 2364 759 2434 νικᾷν
789 2363 939 2435 ἡμᾶς
965 2363 1109 2436 ὑπὲρ
1143 2364 1237 2419 σοῦ
1272 2366 1506 2436 γίνεται.
1546 2368 1704 2438 Πρὸς
1729 2368 1916 2424 ταῦτα
1939 2373 2156 2424 σκόπει
2177 2369 2264 2440 μὴ
2301 2369 2530 2439 τούμὸν
2553 2367 2716 2423 ἀλλὰ
2754 2366 2853 2420 καί
2919 2361 2986 2418 τό
3017 2364 3158 2428 σὸν,
3199 2359 3446 2430 Τεῦκρος
3514 2359 3628 2430 ἔφη

327 2469 413 2505 τιν
450 2469 464 2482 ·

325 2469 436 2505 τινι
450 2469 464 2482 ⁸

334 2542 428 2610 Τῷ
463 2546 858 2618 ’Δταμέμνονι
886 2548 1256 2605 όνειδίσαντι
1285 2550 1353 2605 τὸ
1382 2551 1560 2621 γένος
1588 2551 1677 2605 ὅτι
1709 2550 1914 2618 νόθον,

2098 2547 2494 2622 Agamemnoni
2553 2547 2907 2617 exprobranti
2966 2560 3137 2618 genus
3191 2554 3449 2622 tanquam
3491 2557 3632 2622 _spu-

3423 2612 3600 2688 [rium

329 2703 435 2758 καὶ
472 2703 548 2776 μὴ
576 2704 768 2776 βούλου
795 2705 974 2760 πάντα
1001 2705 1562 2777 ἀκριύῶςιὲξετάζειν,
1588 2704 1723 2775 μηδὲ
1752 2704 1922 2774 τριῶν

2033 2727 2131 2770 nec
2168 2714 2348 2769 omnia
2372 2727 2573 2768 conare
2600 2711 2842 2767 studiose
2867 2713 3125 2778 scrutari,
3155 2724 3332 2780 neque
3355 2665 3480 2764 cuin
3516 2665 3623 2763 tri;

331 2794 506 2850 ὅντων
525 2799 604 2859 είς
623 2796 660 2850 ἅ.
684 2815 766 2857 τις
788 2797 855 2852 ἂν
875 2798 923 2830 ⁷³
951 2797 1294 2869 βλέψειε,τῆς
1323 2797 1575 2868 γνώμης,
1590 2798 1700 2850 τῶν
1722 2797 1922 2868 ἔργων,

2033 2807 2145 2864 sint
2193 2805 2613 2870 consideranda,
2657 2805 2892 2868 animus,
2941 2802 3381 2870 facta,fortunaa,
3418 2799 3633 2854 duobus

331 2889 438 2960 τῆς
470 2889 663 2960 τύχης,
707 2890 870 2958 ἀφεὶς
920 2890 1000 2945 τὼ
1050 2889 1160 2945 δύω
1189 2890 1286 2944 τοῦ
1335 2891 1520 2962 τρίτου
1564 2890 1843 2961 λαμϐάνον
1881 2889 1926 2942 θ’

2035 2899 2276 2964 Omissis,
2329 2899 2512 2967 arripe
2563 2896 2781 2951 tertium
2805 2936 2823 2962 ,
2856 2895 3010 2965 cujus
3057 2896 3188 2949 item
3225 2909 3353 2964 pars
3389 2893 3630 2947 maxima

334 2981 513 3036 ταῦτα
567 2982 789 3036 καὶτοῦ
838 2983 1031 3036 τούτου
1083 2982 1339 3036 πλείστου
1372 2983 1574 3054 μέρους
1625 2981 1745 3053 μεθ’
1771 2980 1928 3051 ήμῶν

2039 2993 2323 3046 nobiscum
2371 2989 2522 3045 facit.
2573 2989 2786 3044 Etenim
2821 2989 2866 3043 si
2920 2987 3005 3042 his
3047 2986 3204 3041 initio
3248 2985 3473 3049 relictis,
3533 2999 3635 3054 pro

334 3074 511 3138 ὕντος.
551 3075 612 3128 El
637 3074 746 3144 γὰρ
773 3075 922 3146 ἡμᾶς
956 3073 1061 3128 ἔδει
1093 3074 1266 3127 ταῦτα
1310 3074 1627 3144 προειδότας
1663 3073 1723 3139 ἐξ
1752 3071 1928 3143 ἀρχῆς

2038 3083 2246 3140 ὕπνοιο
2271 3097 2368 3137 nos
2397 3083 2668 3136 devovere
2696 3080 3097 3138 debuissemus.
3140 3095 3247 3134 non
3281 3092 3501 3132 eramus
3545 3092 3633 3132 re-

337 3167 660 3236 ἐξεπίτηδες
691 3167 834 3238 ὑπὲρ
868 3166 968 3236 τῆς
1002 3165 1250 3230 Ἑλλάδος
1287 3166 1436 3236 ἡμᾶς
1474 3166 1674 3228 αὐτοὺς
1714 3163 1928 3218 ἐπιδοῦ-

2041 3176 2304 3241 eusaturi,
2331 3189 2506 3244 neque
2540 3174 2721 3229 Codro
2766 3182 2972 3227 tantum
3005 3172 3215 3227 cessuri
3246 3192 3259 3227 :
3293 3180 3455 3240 atque
3478 3169 3546 3224 ad
3574 3168 3631 3224 id

341 3276 455 3322 ναι,
488 3258 589 3314 οὐκ
645 3258 714 3312 ἂν
765 3257 1129 3328 ὠκνήσαμεν,
1166 3259 1274 3313 οὐδ’
1313 3257 1630 3330 ἡττήθημεν
1680 3256 1774 3310 τοῦ
1825 3257 1928 3309 Κό-

2042 3279 2123 3334 ιιι,
2171 3269 2358 3333 credo,
2405 3267 2724 3322 adhortatus
2758 3280 2934 3322 esses.
2983 3266 3098 3336 Age
3135 3279 3262 3319 vero
3307 3271 3485 3317 utrum
3529 3262 3638 3318 hoc

339 3351 473 3419 δρου
504 3351 793 3406 τοσοῦτονο
833 3353 928 3406 καὶ
984 3351 1050 3405 σύ
1078 3349 1130 3420 γ’
1175 3351 1242 3405 ἂν
1283 3347 1436 3422 οἶμαι
1466 3351 1640 3404 ταῦτα
1675 3349 1928 3403 συνεϐού-

2041 3360 2350 3425 maluisses,
2374 3367 2433 3412 ut
2471 3357 2605 3412 nihil
2639 3373 2668 3410 a
2699 3357 2857 3410 nobis
2888 3366 3097 3424 gestum
3143 3369 3380 3423 unquam
3415 3353 3636 3419 fuisset,

341 3445 564 3509 λευσας.
593 3444 761 3516 [1500
795 3441 889 3513 [1.]
938 3442 1114 3509 Ἐπεὶ,
1168 3442 1302 3512 φέρε
1331 3443 1467 3512 πρὸς
1515 3442 1713 3508 φιλίου.
1752 3441 1936 3511 πότερ’

343 3539 482 3594 ἄντ’
505 3539 705 3609 μᾶλλον
732 3536 1056 3607 ἐϐουλήθης,
1085 3538 1223 3608 μήτε
1250 3538 1318 3590 τὰ
1349 3535 1663 3606 πραχθέντα
1696 3535 1762 3588 δι’
1784 3537 1815 3605 ή
1826 3535 1942 3604 μῶν

348 3630 673 3701 πεπρᾶχθαι
704 3633 770 3700 τῇ
813 3629 987 3694 πόλει,
1023 3630 1161 3700 μήτε
1192 3630 1272 3691 είς
1303 3628 1450 3697 ἡμᾶς
1474 3625 1680 3695 μηδένα
1700 3625 1806 3679 τῶν
1842 3643 1942 3680 πο-

342 3722 519 3775 λιτῶν
543 3721 874 3793 ἐξαμαρτεῖν
894 3739 909 3788 ;
931 3719 1127 3774 ούκοῦν
1151 3720 1331 3788 ἕτεροι
1361 3717 1456 3770 καὶ
1477 3719 1556 3779 είς
1576 3719 1722 3787 ήμᾶς
1743 3717 1839 3770 καὶ
1863 3718 1944 3780 είς

351 3815 598 3878 ἐκείνους
616 3815 859 3884 ἔμελλον·
882 3815 916 3886 ἢ
941 3814 1164 3867 ἐκείνων
1184 3829 1247 3881 γε
1265 3813 1428 3866 ἕνεκα
1447 3811 1584 3864 ὥστε
1605 3809 1942 3881 πραχθῆναι,

349 3908 451 3963 καὶ
478 3906 654 3961 ταῦτα
686 3907 737 3959 εί
759 3907 867 3960 δέοι
902 3906 1216 3976 συμϐῆναι;
1263 3903 1408 3972 Ἐγὼ
1447 3902 1545 3972 μὲν
1571 3897 1726 3972 οἶμαι
1746 3901 1942 3956 ταῦτα.

349 3999 568 4054 Οὐκοῦν
597 3999 672 4052 ὅτ’
715 4000 979 4068 ἀμφότερ’
1029 3998 1098 4052 ἂν
1126 3997 1172 4029 ⁷⁸
1203 3995 1372 4066 φαίης
1421 3993 1628 4046 ἐθέλειν
1663 3991 1863 4062 μᾶλλον
1909 3989 1944 4060 ἢ

357 4093 656 4164 μηδέτερα,
693 4091 976 4163 ὁμολογεῖς
1014 4089 1110 4143 καὶ
1146 4090 1260 4152 τοῖς
1295 4085 1944 4164 πεπολιτευμένοιςηὴμῖν

353 4188 578 4242 ᾶπαντα
608 4187 643 4239 ἃ
667 4186 938 4257 προσήκει
965 4184 1269 4255 προσεῖναι,
1299 4181 1391 4233 καὶ
1420 4179 1680 4250 μειζόνως
1712 4178 1780 4230 τὰ
1807 4175 1945 4246 πρὸς

355 4280 605 4345 εὐδοξίαν
625 4279 671 4310 ⁷⁸
699 4281 764 4349 τῇ
807 4277 964 4330 πόλει
1015 4275 1116 4344 τῆς
1158 4274 1338 4338 αἰτίας
1396 4268 1555 4325 εἶναι.
1596 4270 1718 4332 Πῶς
1756 4268 1850 4322 οὖν
1885 4269 1944 4321 οὐ

352 4371 566 4432 δίκαιος
596 4365 738 4441 ἦσθα
765 4367 964 4437 μᾶλλον
989 4368 1232 4419 ἐπαινεῖν
1258 4364 1291 4435 ἢ
1312 4364 1538 4434 ψὲγειν;
1580 4362 1666 4424 ἀς
1688 4361 1734 4415 δ’
1757 4359 1948 4423 άπλῶς

357 4466 535 4517 εἰπεῖν
560 4463 628 4527 ⁷⁷,
657 4461 760 4515 πού
783 4460 991 4513 δίκαιον
1027 4457 1221 4529 μόνους
1257 4457 1508 4509 ἀπαιτεῖν
1557 4454 1787 4516 εὐθύνας
1820 4453 1948 4515 τοὺς

353 4557 421 4610 ού
457 4556 652 4626 μόνους
699 4553 809 4609 τῶν
841 4551 1187 4622 πραγμάτων
1219 4549 1464 4615 αἰτίουςς
1497 4545 1691 4600 ούκουν
1724 4544 1851 4608 τούς
1883 4561 1948 4613 γε

359 4649 612 4718 ἡνιόχους
643 4643 947 4712 αἰτιώμεθα
970 4644 1096 4706 τοὺς
1119 4643 1164 4672 ⁷⁸
1191 4641 1249 4708 ἐξ
1282 4639 1480 4710 ἀρχῆς,
1515 4637 1582 4692 ἂν
1606 4637 1795 4706 ἕτερος
1819 4636 1949 4698 τοὺς

2045 3468 2148 3509 nec
2176 3451 2228 3506 in
2259 3466 2358 3506 nos
2408 3450 2606 3506 civium
2637 3449 2924 3517 quisquam
2961 3454 3240 3517 peccasset
3285 3446 3495 3516 (itaque
3524 3453 3634 3498 tam

2047 3546 2100 3600 in
2152 3561 2250 3600 nos
2287 3561 2450 3614 quam
2481 3544 2537 3597 in
2586 3543 2730 3608 illos,
2760 3551 2920 3596 erant
2971 3541 3062 3595 alii
3114 3538 3413 3609 peccaturi)
3463 3553 3531 3591 an
3576 3546 3638 3593 ut

2048 3642 2162 3696 lure
2186 3655 2425 3710 quoque,
2455 3639 2500 3694 si
2541 3638 2718 3692 fuerat
2749 3651 2904 3707 Opus,
2935 3651 3047 3706 quo
3095 3635 3284 3689 fierent
3319 3633 3432 3698 illa,
3464 3633 3640 3686 conti-

2047 3733 2275 3800 gissent.
2312 3731 2456 3796 Haec,
2491 3730 2748 3794 arbitror,
2782 3727 2992 3782 malles.
3019 3727 3160 3797 Ergo
3189 3740 3313 3779 cum
3351 3735 3643 3791 utrumque

2049 3834 2100 3876 te
2127 3838 2290 3893 quam
2321 3832 2572 3878 neutrum
2624 3820 2783 3874 malle
2815 3819 2976 3884 dicis,
3014 3833 3138 3874 cum
3176 3817 3357 3872 omnia
3388 3832 3512 3886 qua:
3549 3832 3642 3872 rc-

2046 3915 2404 3987 qnirebantur
2438 3915 2492 3969 in
2533 3911 3066 3968 administrationem
3094 3920 3334 3966 nostram
3381 3908 3643 3965 incidisse

2047 4007 2352 4071 conﬁteris,
2371 4017 2482 4060 tum
2505 4005 2654 4075 plura
2681 4004 2826 4071 urbi,
2849 4003 2916 4059 de
2944 4005 3140 4073 quibus
3168 4001 3450 4072 glorietur,
3475 4014 3640 4070 quam

2046 4102 2114 4155 ob
2141 4114 2262 4169 qua?
2288 4097 2741 4167 reprehendatur,
2776 4104 3090 4164 suppetere.
3119 4094 3262 4161 Quin
3292 4107 3423 4163 ergo
3450 4092 3644 4148 laudas

2048 4193 2224 4262 potius
2247 4206 2408 4260 quam
2444 4191 2749 4258 vituperas.
2780 4188 3022 4258 Denique
3060 4202 3162 4241 cur
3191 4187 3260 4240 ab
3290 4186 3360 4241 iis
3405 4183 3646 4239 rationes

2050 4277 2348 4347 repetimus
2389 4278 2542 4342 solis,
2575 4277 2669 4346 qui
2713 4276 2814 4332 soli
2861 4292 3044 4331 rerum
3077 4284 3331 4330 auctores
3369 4289 3476 4329 non
3525 4273 3646 4328 fue-

2050 4377 2198 4427 runt.
2245 4369 2378 4424 Nam
2426 4385 2528 4425 nec
2565 4369 2772 4440 primos
2814 4369 3261 4439 reprehendimus
3299 4366 3540 4435 aurigas,
3590 4365 3640 4420 si

2049 4466 2176 4536 quis
2206 4466 2427 4519 eosdem
2470 4479 2640 4533 equos
2685 4463 2825 4518 alius
2855 4462 3154 4518 deteriores
3221 4459 3417 4533 533!)
3467 4459 3649 4515 reddi-

2051 4559 2210 4614 derit.
2260 4557 2460 4614 Verum
2519 4566 2575 4613 et
2621 4556 2824 4626 auriga:
2881 4568 3257 4625 equorumque
3325 4552 3650 4621 domitores,

2051 4649 2296 4718 magistri
2338 4648 2474 4703 fiunt
2519 4646 2713 4717 pluris,
2739 4660 2863 4701 cum
2899 4646 2992 4700 alii
3026 4644 3276 4699 eamdem
3318 4651 3649 4713 potestatem

359 4738 562 4799 αὐτοὺς
598 4737 797 4798 ἵππους
833 4731 1165 4804 παραλαϐὼν
1207 4731 1433 4792 κακίους
1467 4726 1760 4798 ἀποδείξῃ·
1813 4726 1928 4779 em

2057 4741 2223 4805 nacti,
2281 4756 2384 4794 non
2429 4741 2618 4796 eodem
2665 4739 2827 4793 modo
2870 4751 2932 4792 se
2979 4744 3197 4806 gerunt,
3253 4732 3417 4803 idque
3458 4731 3651 4787 eodem

360 4830 460 4888 καὶ
488 4829 690 4900 ήνίοχοι
722 4829 814 4882 καὶ
846 4825 1197 4894 πωλοδάμναι
1232 4822 1329 4878 καὶ
1359 4820 1668 4875 διδάσκαλοι
1691 4817 1928 4890 μειζόνω

2053 4837 2323 4896 tempore.
2356 4827 2469 4898 Age
2495 4841 2650 4895 vero,
2685 4841 2808 4895 quas
2848 4825 2982 4879 viris
3012 4824 3098 4878 his
3129 4822 3452 4888 acciderint,
3482 4819 3652 4875 etiam

361 4921 766 4993 εὐδοκιμοῦσιν,
785 4921 914 4972 ὅταν
939 4918 1046 4972 τῶν
1073 4915 1253 4970 αὐτῶν
1277 4915 1455 4986 ἕτεροι
1472 4912 1654 4983 κύριοι
1682 4909 1928 4964 καθεστῶ

2052 4930 2454 4986 percurramus.
2489 4915 2677 4984 Neque
2721 4917 2866 4970 enim
2902 4899 3094 4968 omnes
3128 4914 3318 4967 eodem
3354 4911 3516 4965 modo
3552 4925 3654 4979 po-

362 5032 459 5076 τες
481 5014 556 5083 μὴ
577 5012 682 5066 τῶν
702 5013 836 5066 ῐσων
855 5011 996 5077 άξιοι
1020 5010 1309 5077 γένωνται,
1340 5008 1436 5060 καὶ
1447 5004 1515 5076 νὴ
1532 5005 1607 5057 Δί’
1629 5004 1694 5059 ἄν
1709 5003 1754 5035 ⁷⁸
1781 5019 1846 5068 γε
1861 5019 1928 5054 κα

2053 5007 2214 5079 polus
2256 5008 2667 5076 condemnavit,
2695 5021 2872 5076 neque
2900 5007 2953 5061 id
2999 5005 3076 5060 illi
3112 5001 3391 5059 communi
3432 5001 3655 5056 decrvto

365 5108 512 5164 κατά
538 5107 665 5170 τοὺς
700 5105 895 5167 αὐτοὺς
923 5103 1173 5173 χρόνους.
1200 5100 1339 5170 Φέρε
1374 5098 1438 5167 δὴ
1460 5097 1506 5127 ⁸ο
1535 5095 1632 5149 καὶ
1674 5094 1804 5164 περὶ
1845 5093 1928 5145 τῶε

2053 5109 2182 5153 sunt
2230 5099 2400 5168 passi,
2446 5113 2622 5170 neque
2673 5098 2838 5153 etiam
2913 5111 3142 5166 prorsus
3185 5107 3395 5149 omnes.
3444 5088 3648 5145 Verum

367 5198 797 5270 συμϐεϐηκότων
835 5194 1013 5250 αὐτῶν
1043 5196 1156 5256 τοῖς
1197 5190 1425 5261 ἀνδράσι
1471 5186 1804 5257 σκεψώμεθα
1860 5201 1928 5238 κα

2055 5189 2454 5245 Themistocles
2513 5190 2732 5260 quidem
2778 5197 2834 5245 et
2887 5186 3081 5245 Cimon
3128 5184 3457 5246 ostracismo
3521 5189 3650 5235 sunt

1650 5298 1886 5355 YAIilAE
1925 5302 2220 5360 LECTION
2231 5305 2335 5362 ES.

443 5411 487 5441 ⁸³
516 5406 626 5461 ἀλλ’
655 5399 736 5477 ὦ]
767 5420 820 5477 p.
848 5403 974 5477 587.
1052 5402 1098 5434 ⁸³
1124 5400 1342 5477 πάντων
1367 5412 1482 5477 om.
1505 5396 1582 5477 ‘A.
1661 5392 1836 5477 “.xatl.
1865 5396 1974 5477 τῷν
2002 5399 2211 5477 ἐχθρῶν
2245 5413 2354 5477 orn.
2522 5397 2668 5477 ⁸⁵-τε
2700 5409 2810 5477 om.
2841 5395 2909 5449 A.
2955 5393 3031 5477 3'
3055 5389 3360 5477 ἐγκαλέσης
3379 5390 3449 5477 ΛΑ.
3525 5387 3572 5477 ⁶Ῐ
3601 5387 3652 5440 εί

443 5411 487 5441 ⁸³
516 5407 626 5461 ἀλλ’
667 5407 736 5477 ὦ]
767 5420 820 5471 p.
848 5407 974 5459 587.
1052 5407 1098 5434 "
1124 5407 1342 5454 πάντων
1369 5412 1482 5451 om.
1518 5407 1582 5448 Α.
1661 5407 1707 5424 ν’
1740 5407 1836 5446 και,
1865 5407 1974 5450 των
2002 5407 2211 5468 ἐχθρῶν
2245 5413 2354 5454 om.
2380 5407 2448 5452 Α.
2522 5407 2568 5430 ⁵⁸
2609 5413 2668 5448 τε
2700 5409 2810 5450 om.
2841 5407 2909 5449 A.
2985 5407 3031 5425 "
3055 5407 3360 5512 εγκαλεσής
3384 5407 3449 5443 Α.
3525 5407 3566 5419 ν’
3601 5407 3650 5440 ει

368 5480 439 5550 δί
481 5495 534 5548 ιι.
571 5476 694 5550 389-
751 5476 820 5550 fi
857 5473 1038 5550 τρίνυν
1073 5488 1198 5550 ρεξτε.
1226 5472 1288 5523 Αο
1340 5467 1528 5550 sui
1555 5463 1769 5550 οιιοηΑτ
1812 5466 1970 5550 ire?
2005 5467 2208 5550 αὲξιὲν]
2244 5467 2407 5550 αὺῑοιὲ
2440 5466 2626 5550 Αοητθ
2657 5462 2734 5550 ,αὖ
2776 5481 2841 5533 γε
2871 5463 3135 5550 ιξηδζῖο,
3167 5461 3305 5550 "fi";
3334 5475 3487 5550 σξται
3503 5472 3650 5550 .9'1';

368 5527 439 5607 λς
483 5527 693 5619 "ira
715 5545 767 5616 γ’
797 5546 862 5599 ἂν
895 5545 1043 5619 κν.
1077 5541 1198 5619 In"!
1235 5537 1562 5619 resveeuv
1597 5548 1652 5619 γα
1685 5527 2008 5619 series.
2047 5539 2094 5570 τ’
2117 5527 2208 5619 ἂν]
2248 5537 2341 5619 κτξὲ
2371 5537 2437 5592 Αο
2601 5527 2844 5619 eum
3016 5533 3063 5566 "
3094 5530 3172 5619 ἐν
3203 5527 3426 5619 ³ἔ¹ί¹’.Α’
3498 5527 3550 5614 1'
3581 5527 3652 5579 τά

370 5597 510 5693 ῖιὲἐὺς
549 5597 925 5682 εὐδοξίαννοιη.
949 5597 1017 5667 Ἀ.
1094 5612 1137 5698 ⁷⁸⁷
1171 5597 1246 5673 tbi
1274 5609 1323 5660 δ*
1349 5605 1534 5668 ἀπλῶς
1565 5597 1755 5658 εἰπεῖν-
1779 5604 1855 5676 (ρ.
1887 5606 2013 5678 594)
2039 5623 2151 5664 om.
2183 5597 2248 5665 ft.
2288 5606 2521 5680 δίκαιον]
2537 5606 2592 5662 δὲ
2615 5597 2823 5661 δίκαὶον
2837 5597 2936 5661 καὶ
2952 5605 3018 5664 Α.
3094 5603 3141 5636 ⁷⁸
3165 5602 3291 5668 τοὺς
3323 5603 3372 5662 Α,
3409 5618 3424 5656 :
3465 5597 3558 5663 οὒς
3579 5613 3648 5662 ς,

370 5694 420 5726 ⁷³
447 5691 513 5747 ἂν
540 5707 651 5746 οιη.
693 5688 758 5742 Α.
835 5685 882 5718 ³ο
911 5684 1045 5754 φέρε
1074 5679 1164 5754 δη]
1189 5696 1240 5752 p.
1282 5679 1406 5736 398.
1881 5719 1888 5724 .

486 5710 513 5746 ν
540 5707 651 5746 om.
693 5699 758 5742 Α.
835 5699 882 5718 ον
911 5699 1045 5757 φερε
1074 5699 1164 5754 οη]
1189 5699 1240 5752 p.
1282 5699 1406 5736 ouo.

1902 5768 2130 5828 ΝΟΤΔΕ,

448 5877 672 5948 (θὸ-ἱιὸ)
697 5874 1020 5946 Quemdam,L
1046 5872 1507 5942 Agamemnonem
1540 5867 1694 5938 ,ἦσθε
1734 5863 2038 5934 Sophoclis.
