3960 6456
367 418 507 483 1565

1411 416 1939 480 BIBLIOTHECA.
1965 439 2036 454 -
2065 415 2231 480 COD.
2262 414 2622 479 CCXLVIII.

3502 400 3651 481 1566

362 531 554 599 ἄρχειν
578 526 675 581 καὶ
706 525 861 595 ἄγειν
891 526 1015 580 ὅποι
1056 524 1298 594 βούλοιτο
1334 526 1581 591 ἑαυτούς.
1605 526 1770 582 Ἀλλὰ
1791 529 1811 560 ⁸
1844 527 1951 598 μὴν

2064 527 2257 581 vellent
2288 526 2487 581 ducere
2538 523 2823 594 iusserint.
2855 522 2998 590 Quin
3039 522 3087 580 si
3119 530 3173 579 et
3192 508 3467 592 prioribus
3492 524 3649 581 annis

363 624 453 670 ἱτε
483 618 689 670 καὶτὸν
713 615 1025 686 ἔμπροσθεν
1057 616 1249 685 χρόνον
1301 616 1581 687 εὐδοκίμει
1621 618 1792 671 πολλὰ
1824 618 1954 686 ἑξῆς

365 711 465 777 ἕτη
489 708 532 773 ⁸,
575 708 668 759 καὶ
703 705 842 774 μετὰ
889 706 989 775 τὴν
1035 703 1335 775 καταδίκην
1384 705 1642 775 μέγιστος
1689 707 1853 761 πάλιν
1885 703 1954 779 ἦν

362 801 477 853 τῶν
515 797 774 864 πολιτῶν,
806 797 923 861 πῶς
980 797 1080 850 οὐκ
1130 797 1458 867 ἀμφοτέρων
1507 798 1671 852 ἕνεκα
1714 799 1955 871 ζηλωτός

364 897 509 955 ὲςτι,
541 894 636 945 καὶ
670 891 769 959 τῆς
824 890 1003 961 ἀρχῆς
1059 890 1152 943 καὶ
1181 889 1274 942 τοῦ
1324 891 1555 959 τέλους;
1612 893 1687 945 Οὐ
1740 895 1850 963 γὰρ
1898 892 1959 945 τὸ

367 982 746 1055 προσκροῦσαι
777 983 889 1045 τοῖς
929 981 1245 1052 ἔμπροσθεν
1283 983 1679 1052 ὲπεσκότησεν,
1718 983 1854 1037 ἀλλὰ
1896 984 1959 1037 τὸ

368 1077 633 1148 τιμᾶσθαι
666 1076 803 1145 μετὰ
836 1074 997 1128 τοῦτο
1034 1076 1219 1128 πᾶσαν
1249 1076 1645 1146 παρεγράψατο
1687 1076 1789 1147 τὴν
1822 1094 1959 1147 συμ-

369 1170 567 1239 φοράν.
596 1168 673 1220 Ού
702 1166 813 1236 γὰρ
844 1166 907 1218 τὺ
936 1166 1104 1237 μέσον
1136 1166 1324 1237 κύριόν
1357 1168 1506 1222 ἐστιν
1533 1167 1813 1239 ἑκατέρων
1851 1168 1960 1222 τῶν

376 1286 389 1306 θ
410 1260 603 1330 αιρῶν,
650 1244 785 1312 ἀλλὰ
825 1260 1018 1329 κρατεῖ
1047 1258 1111 1312 τὸ
1145 1262 1606 1331 συναμφότερονξ⁵
1641 1261 1736 1314 τοῦ
1769 1260 1957 1331 μέσου.

374 1351 499 1402 Inlita
538 1350 648 1419 γὰρ
690 1351 802 1411 τοῖς
840 1347 1085 1419 πρώτοις
1122 1349 1201 1403 δεῖ
1246 1350 1448 1404 διδόναι
1478 1350 1578 1421 τὴν
1608 1351 1809 1422 ψῆφον,
1850 1353 1962 1403 ὲτι-

376 1444 517 1508 μᾶτο
554 1443 648 1497 ἀπ’
680 1443 700 1475 ⁸
753 1442 933 1513 ἀρχῆς
959 1456 973 1472 ⁸
1008 1443 1119 1497 εἴτε
1166 1446 1280 1507 τοῖς
1334 1442 1599 1514 ὕστερον,
1640 1444 1740 1498 οὐκ
1786 1445 1844 1498 ὲν
1881 1438 1962 1508 οἷς

373 1534 729 1601 κατέγνωσαν
762 1534 1020 1603 ἔστησαν,
1052 1535 1191 1589 ἀλλὰ
1221 1538 1510 1608 προσεῖχον
1545 1537 1711 1590 πάλιν
1757 1536 1834 1600 ὡς
1863 1535 1963 1589 αὑ-

370 1629 485 1681 τῶν
516 1630 771 1697 βελτίονι.
806 1630 912 1682 Καὶ
935 1631 1043 1700 μὴν
1074 1632 1174 1701 οὐχ
1206 1632 1332 1685 ὅσον
1366 1632 1461 1686 δύο
1488 1633 1606 1688 ἀνθ’
1635 1634 1754 1698 ἑνός
1791 1636 1960 1699 ἐστιν,

366 1720 490 1773 ἀλλ’
522 1720 604 1773 ὅτι
655 1721 748 1775 καὶ
799 1721 862 1774 τδ
914 1721 1121 1791 πλῆθος
1173 1722 1406 1783 ἑκάστου
1461 1725 1653 1795 χρόνου
1698 1725 1798 1779 οὐκ
1848 1726 1962 1779 ἴσον

366 1815 494 1866 οὐδὲ
523 1813 712 1881 ἐγγύς.
747 1816 858 1867 Καὶ
893 1814 1001 1884 μὴν
1031 1816 1050 1847 ⁷
1089 1814 1212 1868 οὐδὲ
1247 1817 1373 1879 τοὺς
1406 1816 1669 1886 λαχόντας
1710 1817 1961 1880 ἅπαντας

2059 620 2240 674 multis
2301 619 2569 688 gratiosus
2637 616 2758 682 fuit,
2830 624 2885 673 et
2956 626 3082 687 post
3135 615 3647 671 condemnationem

2060 725 2272 764 rursum
2325 710 2595 763 maximus
2628 709 2823 774 evasit,
2864 708 3118 763 nimirum
3159 722 3222 764 ex
3248 719 3497 776 utroque,
3539 716 3648 761 tam

2058 800 2321 870 principio
2374 816 2535 869 quam
2570 801 2693 868 line,
2716 800 3066 855 admirandus
3095 799 3325 854 exstitit.
3372 798 3482 852 Nec
3501 798 3649 851 enim

2059 893 2262 948 olionsa
2326 909 2413 948 res
2462 894 2672 963 priores
2701 893 3036 959 obscuravit,
3103 908 3289 947 verum
3324 893 3500 947 honor
3531 899 3651 961 post

2063 984 2271 1038 delatus
2324 999 2539 1039 omnem
2609 985 2805 1041 delevit
2881 984 3263 1040 calamitatem.
3326 982 3445 1039 Non
3504 983 3651 1035 enim

2063 1078 2299 1132 medium
2359 1087 2571 1146 tempus
2635 1078 2822 1147 utique
2904 1085 3147 1146 praestat,
3222 1090 3409 1131 verum
3486 1075 3649 1131 simul

2066 1180 2362 1242 utrumque
2401 1172 2601 1226 medio.
2641 1171 2773 1225 Nam
2806 1172 2920 1227 sive
2954 1172 3140 1242 priora
3200 1169 3447 1237 secteris,
3482 1169 3537 1223 in
3557 1170 3651 1223 bo-

2066 1280 2197 1319 nore
2261 1265 2492 1332 primum
2547 1263 2669 1328 fuit,
2721 1263 2835 1319 sive
2859 1263 3185 1333 posteriora,
3214 1263 3267 1317 in
3322 1264 3654 1317 condemna-

2062 1356 2210 1410 tione
2239 1371 2343 1410 non
2384 1355 2836 1429 perseverabant,
2897 1356 2993 1410 sed
3047 1369 3237 1410 rursus
3287 1363 3346 1410 ut
3384 1354 3651 1424 potiorem

2066 1451 2440 1506 atlendebant.
2476 1447 2665 1518 Neque
2693 1464 2822 1504 vero
2880 1449 2984 1504 duo
3046 1448 3315 1504 duntaxat
3354 1446 3444 1501 uni
3480 1463 3651 1517 oppo-

2066 1554 2286 1610 nuntur,
2323 1559 2513 1599 verum
2576 1557 2647 1597 ne
2704 1541 3039 1614 singulorum
3090 1541 3309 1612 quidem
3348 1549 3651 1610 temporum

2066 1638 2297 1706 spatium
2330 1643 2414 1691 est
2458 1634 2570 1689 ullo
2613 1635 2768 1690 modo
2802 1635 3027 1704 aequale.
3060 1634 3315 1701 Quinimo
3346 1646 3445 1689 nec
3462 1646 3654 1686 omnes

2065 1744 2188 1783 eum
2239 1728 2449 1798 judices
2480 1727 2875 1782 condemnasse
2901 1726 3155 1781 censendi
3188 1734 3333 1791 sunt,
3362 1724 3456 1780 sed
3488 1721 3652 1791 aliqui

2067 1821 2229 1876 etiam
2300 1819 2493 1874 Pericli
2546 1830 2695 1875 recte
2757 1817 3065 1886 suﬂragrati
3117 1828 3266 1871 sunt.
3313 1816 3426 1873 Nos
3488 1814 3654 1886 igitur

364 1904 580 1958 ’.ἵεσθαι
610 1904 631 1936 ⁸
662 1904 769 1974 χρὴ
804 1905 1156 1972 καταγνῶναι
1215 1904 1314 1975 τὴν
1355 1906 1574 1984 γραφὴν
1622 1907 1809 1971 αὐτοῦ,
1840 1908 1955 1962 ἀλλ’

2070 1915 2322 1969 meliores
2353 1924 2515 1984 atque
2570 1915 2800 1982 optimos
2850 1912 3178 1967 reddiderat.
3229 1909 3367 1976 Quid
3415 1908 3482 1963 ad
3516 1909 3651 1973 haec,

366 1994 517 2051 εἷναί
568 2014 724 2060 τινας
756 1997 807 2049 οἶ
861 1997 956 2050 καὶ
1001 1996 1080 2067 τῷ
1135 1997 1395 2066 Περικλεῖ
1448 1983 1632 2063 καλῶς
1680 1998 1965 2065 ποιοῦντες

366 2092 558 2144 ἔθεντο
574 2092 615 2141 ⁹.
659 2089 871 2143 Οὐκοῦν
898 2088 1121 2153 τούτους
1149 2106 1213 2157 γε
1247 2090 1291 2122 ¹⁰
1333 2089 1581 2161 βελτίους
1616 2108 1678 2144 τε
1709 2090 1809 2144 καὶ
1838 2091 1965 2161 βελ-

366 2183 590 2245 τίστους
627 2176 695 2252 ἦν
723 2178 1069 2249 πεποιηκώς.
1101 2182 1296 2234 Καίτοι
1331 2181 1384 2234 τί
1414 2182 1457 2213 ¹¹
1493 2182 1765 2253 φήσομεν,
1788 2176 1833 2236 ὧ
1859 2181 1968 2236 τῶν

387 2277 660 2345 Ἑλλήνων
688 2275 898 2346 ἄριστε.
943 2273 1173 2344 πότερον
1211 2275 1438 2339 δικαίως
1466 2276 1546 2339 είς
1597 2276 1659 2329 σὲ
1686 2276 1796 2329 τότ’
1820 2277 1967 2329 ὲκεί-

367 2382 500 2428 νυυς
533 2363 708 2417 ταῦτα
738 2364 966 2435 τολμᾷν,
989 2364 1023 2434 ἢ
1058 2363 1119 2416 σὲ
1151 2364 1254 2433 τῆς
1287 2365 1515 2418 ἐκείνων
1559 2366 1759 2436 μανίας
1796 2366 1967 2420 ὑπεύ-

370 2460 535 2510 θυνον
570 2452 741 2523 εἷναι;
788 2457 902 2525 ἐγὼ
936 2458 1035 2527 μὲν
1072 2458 1183 2528 γὰρ
1212 2457 1494 2528 οὐδέτερον
1534 2458 1603 2513 ἂν
1634 2459 1823 2529 φαίην.
1854 2460 1966 2513 Καὶ

376 2551 488 2619 μὴν
517 2550 628 2619 ἔχοι
663 2550 711 2617 γ’
742 2548 809 2602 ἄν
834 2566 918 2612 τις
940 2549 1066 2612 τοὺς
1091 2550 1216 2612 σοὺς
1233 2548 1423 2617 λόγους
1441 2550 1780 2619 ἀμυνόμενος
1802 2551 1966 2605 διπλᾶ

378 2642 636 2712 ττρέφειν
662 2642 804 2694 κατὰ
828 2642 922 2695 σοῦ
945 2642 1041 2695 καὶ
1073 2642 1217 2694 κατὰ
1244 2642 1591 2713 Σωκράτους,
1619 2640 1695 2705 ὡς
1725 2644 1774 2695 εί
1801 2643 1893 2697 καὶ
1920 2645 1963 2677 ⁸³

368 2734 444 2785 τὰ
473 2730 707 2800 μάλιστα
737 2731 940 2794 ἀδίκως
975 2731 1106 2800 ὑμῖν
1129 2731 1302 2784 ταῦτα
1329 2730 1634 2796 συνέϐαινε,
1665 2732 1866 2803 τρόπον
1899 2733 1963 2801 γέ

376 2842 397 2872 ε.
412 2840 499 2874 ινα
525 2823 592 2876 τὰ
626 2824 974 2893 προσήκοντα
1016 2823 1309 2893 ἐπάσχετε,
1346 2823 1401 2876 ετ
1440 2823 1545 2895 πέρ
1587 2840 1653 2891 γε
1687 2825 1961 2888 τοιούτους

375 2913 735 2967 ἀπεδείκνυτε
780 2913 875 2976 οὒς
908 2913 1247 2971 ὲπαιδεύετε.
1283 2913 1495 2968 Οὐκοῦν
1535 2916 1585 2968 εἰ
1629 2915 1729 2986 μὲν
1756 2915 1822 2968 τὰ
1852 2916 1962 2969 τῶν

374 3003 656 3074 ὁμιλητῶν
679 3005 1061 3076 ἁμαρτήματα
1087 3004 1198 3058 τῶν
1218 3006 1673 3076 προσεστηκότων
1693 3007 1810 3061 ἐστὶ
1832 3025 1963 3062 κατ-

374 3098 729 3164 ηγορήματα,
767 3095 968 3148 σαυτοῦ
1004 3095 1098 3148 καὶ
1133 3093 1229 3147 τοῦ
1258 3094 1446 3165 ἑτέρου
1491 3095 1692 3164 μᾶλλον
1724 3097 1960 3168 κατηγό-

381 3203 559 3255 ρηκας
590 3186 623 3255 ἢ
660 3186 991 3250 Περικλέους
1018 3203 1077 3238 τε
1107 3187 1152 3219 ¹³
1194 3187 1287 3240 καὶ
1341 3180 1416 3240 ὧν
1447 3186 1573 3241 οἴει.
1612 3187 1721 3241 Καὶ
1751 3188 1816 3259 νὴ
1855 3189 1956 3255 Δί’,

376 3280 427 3330 εἰ
492 3276 694 3347 βούλει,
741 3277 805 3330 τὸ
845 3278 1047 3347 μᾶλλον
1102 3278 1309 3347 ἀφίημί
1364 3295 1448 3331 σοι
1495 3278 1576 3311 ⁸⁵·
1632 3282 1719 3334 ὃτι
1769 3283 1825 3336 δὲ
1862 3284 1960 3354 οὐχ

372 3367 563 3439 ἦττον,
600 3371 782 3439 ἀρκεῖ.
835 3370 899 3423 Εἰ
947 3370 989 3422 δ’
1024 3371 1184 3440 ὑμεῖς
1230 3370 1273 3402 ⁸⁸
1331 3370 1521 3439 ὰθῶοι,
1565 3373 1853 3430 κάκείνους
1897 3376 1961 3427 ὲκ

371 3461 488 3513 τῶν
516 3462 694 3515 αὐτῶν
744 3462 890 3522 εἰκός
921 3458 1260 3527 ὲστινεῖναι,
1298 3464 1352 3517 et
1386 3464 1493 3534 πέρ
1523 3482 1586 3531 γε
1628 3464 1674 3497 ⁸⁸
1712 3464 1808 3518 τοῦ
1844 3466 1960 3519 (sou

377 3554 659 3624 μέμνησαι
687 3555 777 3605 καὶ
816 3554 889 3624 μὴ
911 3555 1261 3625 ὑπερϐαίνεις
1290 3556 1387 3625 τὴν
1421 3559 1767 3629 γεωμετρίαν
1793 3558 1958 3614 ἑκών.

377 3642 494 3698 Εἴθ’
525 3646 583 3699 ὃν
621 3647 662 3676 ’⁷
686 3647 846 3709 αὐτὸς
886 3648 1107 3716 ἀφῆκας
1138 3649 1180 3680 ³⁸
1218 3649 1287 3701 ἂν
1325 3649 1369 3680 ¹⁹
1408 3649 1510 3719 τῆς
1545 3651 1747 3718 αἰτίας,
1772 3652 1960 3705 τοῦτον

371 3735 689 3800 διαϐάλλεις
734 3738 799 3789 ἐκ
846 3738 945 3805 τῆς
990 3738 1162 3806 αὐτῆς
1194 3737 1398 3809 ταύτης
1448 3739 1647 3802 αἰτίας.
1676 3740 1789 3793 Καὶ
1842 3740 1961 3805 πῶς

372 3827 479 3878 οὐκ
514 3828 712 3885 ἄτοπον
748 3828 894 3898 ἄλλῳ
926 3829 1025 3899 μὶν
1065 3829 1131 3883 ἂν
1164 3829 1375 3897 λέγοντι
1418 3830 1492 3901 μὴ
1526 3831 1835 3899 πιστεύειν,
1865 3833 1962 3886 αύ-

374 3918 473 3975 τὸν
498 3917 554 3971 δὲ
577 3921 934 3987 κατηγορεῖν;
962 3921 1069 3974 Καὶ
1094 3920 1159 3971 δι’
1187 3920 1223 3973 ὃ.
1246 3920 1334 3972 τὸν
1356 3920 1584 3989 λέγοντα
1612 3922 1746 3991 ἡγοῦ
1769 3923 1960 3995 χείρω,

370 4007 467 4060 διὰ
486 4006 659 4061 ταῦτα
694 4009 965 4078 Περικλέα
996 4009 1185 4075 ἀξιοῦν
1214 4010 1420 4078 φαῦλον
1460 4011 1813 4081 νομίζεσθαι;
1853 4014 1961 4066 Καὶ

369 4099 505 4162 τοὺς
537 4100 1092 4169 καταψηφισαμένους
1122 4103 1447 4173 αἰτιώμενον
1482 4106 1528 4137 ²⁰
1571 4106 1719 4175 ἡμᾶς
1750 4107 1959 4162 πείθειν

373 4193 943 4260 συγκαταγινώσκειν,
972 4193 1161 4264 ὥσπερ
1194 4196 1433 4265 χρηστοῦ
1461 4197 1606 4260 τινὸς
1636 4198 1961 4268 πράγματος

374 4283 629 4352 μεθέξειν
664 4283 982 4353 μέλλοντας,
1018 4285 1132 4338 ἀλλ’
1156 4288 1254 4356 οὐχ
1280 4286 1309 4339 ὂ
1360 4287 1485 4357 μηδ’
1512 4289 1743 4352 ἐκείνοις
1779 4291 1959 4354 καλῶς

370 4374 491 4445 εἶχε
521 4376 781 4445 ποιῆσαις
826 4378 1069 4429 κάκεῖνοι
1099 4379 1199 4447 μὲν
1239 4379 1397 4432 αὐτοὶ
1426 4380 1521 4449 τὴν
1553 4381 1765 4433 ἑαυτῶν
1794 4400 1958 4434 καταε-

368 4466 530 4534 δίκην
561 4467 656 4536 οὐχ
690 4466 1101 4533 ὑπελογίσαντο,
1131 4469 1247 4522 ἀλλ’
1283 4470 1487 4539 ἐτίμων
1522 4471 1686 4523 πάλιν
1718 4472 1793 4535 ὡς
1822 4491 1957 4542 χρη-

2070 2003 2382 2058 Graecorum
2446 2005 2664 2073 optime,
2731 2003 3010 2058 dicemus?
3069 2001 3265 2058 Utrum
3324 2011 3470 2053 recte
3533 1997 3653 2053 illos

2070 2096 2185 2150 haec
2216 2098 2267 2149 in
2321 2106 2371 2148 te
2409 2096 2765 2158 commisisse,
2805 2110 2871 2148 an
2907 2104 2958 2148 te
2996 2092 3214 2148 illorum
3249 2106 3371 2146 esse
3429 2088 3653 2144 insanire

2074 2188 2270 2241 reum?
2318 2187 2585 2258 Equidem
2630 2196 2885 2243 neutrum
2949 2185 3202 2239 dixerim.
3263 2182 3651 2237 Verumtamen

2070 2288 2251 2347 posset
2294 2278 2492 2347 aliquis
2552 2277 2657 2331 tuis
2704 2276 2888 2331 verbis
2972 2278 3332 2345 respondens,
3404 2272 3651 2328 bifariam

2067 2377 2252 2421 contra
2298 2375 2350 2421 te
2374 2376 2430 2421 et
2467 2369 2751 2421 Socratem
2800 2366 2905 2419 hoc
2957 2374 3230 2433 torquere,
3295 2361 3453 2432 quasi
3506 2370 3652 2416 recte

2069 2454 2467 2525 quodammodo
2528 2455 2701 2522 vobis,
2766 2455 3017 2523 quamvis
3056 2451 3253 2525 43ήὸ
3292 2453 3652 2522 injustissime

2067 2548 2182 2601 haec
2219 2546 2515 2602 acciderint
2536 2586 2551 2611 ,
2588 2546 3028 2616 quandoquidem
3056 2545 3188 2599 tales
3217 2544 3507 2613 discipulos
3534 2559 3651 2611 pro-

2067 2639 2285 2694 tulistis.
2344 2638 2522 2706 Quare
2585 2641 2630 2695 si
2697 2640 3026 2694 asseclarum
3082 2649 3305 2707 peccata
3364 2636 3649 2707 praesidum

2064 2728 2275 2797 culpam
2325 2729 2585 2793 continet,
2627 2727 2853 2797 teipsum
2910 2739 2965 2784 et
3027 2728 3269 2785 sodalem
3327 2727 3524 2794 potius,
3559 2736 3654 2780 aut

2064 2819 2253 2875 saltem
2286 2835 2392 2875 non
2422 2821 2599 2875 minus
2649 2834 2809 2889 quam
2850 2818 3113 2875 Periclem
3159 2828 3215 2874 et
3269 2834 3405 2888 quos
3434 2817 3653 2873 volebas

2062 2912 2351 2967 accusasti.
2401 2910 2497 2965 Sin
2538 2925 2633 2965 vos
2678 2912 2809 2965 estis
2865 2912 3107 2966 insontes
3140 2949 3157 2977 ,
3195 2910 3384 2965 eodem
3440 2922 3655 2978 quoque

2063 3005 2138 3060 illi
2172 3005 2331 3061 modo
2358 3004 2558 3059 debent
2608 3018 2751 3069 esse,
2785 3004 3052 3073 siquidem
3109 3002 3434 3073 aequalitatis
3456 3002 3652 3057 memi-

2062 3096 2214 3160 nlsti,
2272 3108 2369 3150 nec
2416 3093 2765 3163 geometriam
2819 3101 3010 3161 sponte
3047 3087 3457 3156 transgrederis.
3512 3086 3653 3154 Ergo

2054 3200 2229 3256 quem
2296 3186 2413 3255 ipse
2458 3198 2488 3238 a
2534 3184 2763 3238 crimine
2811 3182 3159 3247 absolvisses,
3217 3196 3364 3244 eum,
3406 3177 3655 3234 criminis

2061 3279 2302 3349 ejusdem
2337 3277 2752 3345 accusasiQuid
2816 3290 2997 3330 autem
3046 3273 3332 3329 absurdius
3367 3284 3528 3340 quam
3567 3266 3651 3323 al-

2062 3372 2163 3428 teri
2222 3371 2423 3426 dicenti
2484 3384 2591 3424 non
2638 3370 2897 3435 credere,
2956 3368 3131 3436 ipsum
3195 3362 3491 3419 accusare?
3535 3375 3656 3431 pro-

2061 3476 2180 3535 pter
2208 3478 2327 3533 qua:
2375 3463 2646 3517 dicentem
2692 3460 2931 3532 pejorem
2990 3459 3134 3515 l'ores
3184 3457 3498 3521 habiturus,
3528 3469 3654 3525 pro-

2062 3564 2181 3626 pter
2227 3571 2288 3610 ea
2331 3554 2593 3610 Periclem
2627 3553 2766 3608 velle
2799 3551 3105 3622 improbum
3137 3547 3354 3604 videri?
3412 3546 3481 3601 Et
3526 3562 3651 3601 cum

2061 3662 2159 3704 eos
2188 3648 2279 3717 qui
2334 3647 2482 3702 illum
2560 3647 2993 3702 condemnarunt
3056 3640 3353 3712 improbes,
3420 3653 3519 3694 nos
3585 3641 3652 3691 ad

2061 3740 2297 3797 similem
2331 3736 2842 3794 condemnationem
2890 3734 3119 3799 bortari,
3146 3732 3299 3803 quasi
3327 3730 3400 3784 rei
3423 3727 3653 3797 alicujus

2059 3832 2374 3902 przeclat‘zn,
2434 3837 2489 3885 et
2537 3844 2642 3884 non
2692 3828 2850 3897 ejus,
2908 3840 3028 3896 quae
3066 3838 3167 3879 nec
3216 3823 3333 3878 illos
3371 3820 3659 3892 docuerit,

2059 3924 2352 3993 participes
2408 3919 2577 3976 l‘uturi
2655 3919 2848 3975 simus.
2922 3915 3002 3971 Illi
3056 3929 3184 3971 vero
3235 3928 3390 3970 suam
3451 3910 3655 3966 conde-

2061 4014 2394 4068 mnationem
2433 4011 2534 4081 ipsi
2582 4024 2687 4064 non
2715 4015 3066 4071 excusarunt,
3104 4006 3197 4060 sed
3258 4015 3473 4058 rursum
3531 4009 3661 4057 tan-.

2060 4121 2222 4176 quam
2284 4103 2515 4169 probum
2565 4111 2620 4158 et
2666 4102 2874 4173 justum
2904 4100 2958 4154 in
3018 4098 3189 4154 oculis
3245 4096 3656 4151 tulerunt:nos

2066 4212 2187 4253 eum
2234 4198 2320 4251 cui
2379 4196 2585 4251 nullum
2614 4208 2903 4263 possumus
2936 4192 3080 4245 aliud
3113 4189 3320 4245 crimen
3355 4186 3653 4256 imponere,

2058 4299 2280 4356 propter
2317 4288 2829 4343 condemnationem
2862 4278 3315 4340 contemnemus?
3346 4277 3410 4331 Et
3444 4281 3663 4331 eorun.‘

2060 4378 2181 4433 dem
2238 4378 2516 4432 hominum
2558 4378 2800 4448 peccatis
2856 4377 3138 4440 nitemur,
3176 4381 3325 4426 recte
3352 4368 3495 4423 facta
3547 4382 3653 4422 non

2062 4470 2442 4527 attendemus?
2473 4469 2605 4524 Cum
2644 4467 2945 4537 praesertim
2998 4465 3213 4520 illorum
3240 4470 3462 4535 peccata
3484 4459 3657 4516 fatea-

373 4556 505 4608 στὸν
552 4558 646 4608 καὶ
681 4557 886 4610 δίκαιον
909 4573 923 4588 ⁸
959 4559 1117 4628 ἡμεῖς
1152 4560 1208 4611 δὲ
1266 4553 1327 4612 οὗ
1366 4560 1531 4629 μηδὲν
1556 4561 1683 4614 ἄλλο
1723 4580 1956 4631 κατηγο-

2064 4580 2182 4617 mur
2210 4603 2225 4628 ,
2286 4572 2379 4616 aut
2436 4563 2611 4631 potius
2648 4576 2996 4615 accusemus.
3034 4558 3205 4625 Quam
3241 4558 3315 4624 id,
3371 4556 3598 4612 obsecro
3635 4594 3652 4617 .

372 4649 496 4719 θεῖν
535 4648 755 4715 ἔχομεν,
799 4648 989 4701 τοῦτον
1043 4652 1385 4720 ἁτιμάσομεν
1413 4651 1501 4705 διὰ
1553 4653 1653 4722 τὴν
1693 4654 1849 4725 δίκην
1878 4655 1960 4719 ²¹;

370 4739 471 4791 καὶ
508 4739 614 4792 τῶν
668 4741 849 4793 αὐτῶν
906 4741 1117 4811 ἀνδρῶν
1166 4742 1193 4795 ὃ
1254 4744 1354 4812 μὲν
1410 4744 1703 4814 ἥμαρτον,
1747 4747 1965 4817 ἰσχυρὸν

372 4831 741 4900 ποιησόμεθα,
775 4831 812 4887 ἃ
865 4834 919 4886 δὲ
950 4830 1008 4886 εὖ
1049 4835 1372 4903 φρονοῦντες
1408 4836 1700 4906 ἔπραττον,
1733 4840 1790 4890 ὲν
1821 4839 1967 4893 οῦδε-

371 4922 467 4983 νδς
528 4923 693 4995 μοίρᾳ
744 4924 1007 4995 θήσομεν,
1055 4928 1150 4979 καὶ
1207 4926 1381 4980 ταῦτα
1442 4930 1840 4999 ὁμολογοῦντες
1891 4932 1966 4996 ὡς

370 5011 643 5079 ἥμαρτον,
675 5012 838 5084 [1504
870 5013 959 5086 IL]
991 5015 1190 5084 μᾶλλον
1220 5015 1278 5068 δὲ
1308 5020 1742 5088 κατηγοροῦντες
1762 5021 1835 5085 “;
1870 5023 1962 5074 xui

374 5102 500 5155 τίνα
541 5107 693 5157 ταῦτ’
727 5107 770 5137 ’³
805 5102 919 5175 ε’χε
962 5108 1006 5137 ’δ
1050 5106 1244 5174 λόγον;
1307 5108 1416 5174 ἐγὼ
1450 5110 1550 5178 μὲν
1592 5112 1691 5163 ούκ
1736 5111 1959 5164 ἐπινοῶ.

377 5196 612 5252 Πλάτων
659 5200 704 5230 ³³
751 5200 806 5252 δὲ
857 5201 957 5269 τὴν
993 5201 1281 5271 συμφορὰν
1326 5201 1401 5266 ὡς
1431 5202 1557 5274 [706
1588 5202 1679 5275 lL]
1720 5204 1961 5274 ἀδίκημα

2072 4655 2302 4709 rationis
2360 4654 2522 4709 habet
2582 4651 3158 4720 speciem?Equidem
3228 4666 3334 4703 uun
3391 4648 3653 4719 intelligo.

2062 4746 2135 4800 At
2175 4744 2332 4799 Plato
2369 4745 2575 4799 cladem
2629 4759 2726 4812 pro
2780 4743 2974 4810 injuria
3025 4740 3298 4812 suggillat,
3328 4755 3451 4794 cum
3482 4738 3656 4795 fortu—

2072 4853 2193 4891 nam
2231 4837 2431 4891 decreti
2483 4837 2599 4890 loca
2647 4835 3024 4899 considerans,
3056 4842 3174 4887 tum
3205 4832 3431 4888 aliorum
3462 4829 3655 4886 delicta

2070 4929 2156 4982 his
2219 4930 2523 4997 imponens.
2583 4927 2639 4981 Si
2700 4941 2826 4981 vero
2894 4925 3050 4993 equis
3092 4922 3501 4979 calcitrantibus
3560 4935 3656 4976 eos

2071 5019 2161 5088 qtti
2214 5017 2563 5073 condemnati
2630 5025 2757 5072 sunt
2805 5014 3053 5082 confert,
3101 5014 3304 5085 aliquid
3353 5027 3412 5069 se
3468 5019 3653 5068 contra

2075 5114 2200 5168 illos
2259 5114 2478 5182 gravius
2524 5112 2824 5168 arbitratur
2878 5113 3079 5167 dicere.
3146 5110 3298 5177 Quod
3347 5110 3392 5164 si
3447 5108 3661 5163 'conde-

2071 5214 2317 5260 mnantes
2350 5222 2474 5261 cum
2516 5206 2619 5259 diis
2651 5203 2935 5260 duodecim
2969 5203 3217 5259 conferre
3249 5208 3469 5270 possent
3515 5197 3654 5270 (96),

1737 5299 1971 5354 γΑιιιΑῐ
2010 5298 2416 5356 LECTIONES.

454 5383 632 5458 {illis
661 5383 788 5458 μὴν]
822 5387 1023 5458 p.405.
1100 5386 1123 5418 ⁸
1155 5384 1273 5458 ἔτη]
1307 5387 1386 5441 ἔτι
1420 5390 1482 5458 Α.

380 5455 404 5485 ⁸
441 5455 647 5508 οἴεσθαι
684 5457 787 5526 χρὴ
819 5455 1025 5522 πάντας
1065 5474 1124 5519 ς.

1204 5459 1224 5490 ⁹
1258 5457 1464 5530 ἔθεντο]
1501 5457 1933 5530 ὲψηφίσανέοΑ.

378 5529 429 5577 εἰ
462 5543 523 5589 ς.
624 5527 668 5557 ³³
696 5543 755 5577 τε
790 5545 896 5580 om.
932 5530 999 5586 Α,

1077 5528 1119 5600 ’ξ
1156 5546 1235 5579 σοι
1282 5548 1388 5582 om.
1424 5524 1490 5581 Ᾱ.
1547 5524 1808 5600 πίὴμεῖς
1837 5550 1896 5596 ς.

379 5614 490 5669 (tot.
646 5668 651 5669 ν
695 5598 741 5627 ²⁰
775 5596 1117 5669 αἱτιῴμενον]
1168 5600 1406 5669 ἐώμενον
1438 5616 1584 5652 rore.
1632 5593 1714 5653 Av:
1743 5593 2073 5668 αἰτιώμενος
2106 5619 2166 5665 ς.
2244 5606 2282 5634 ³·
2340 5600 2497 5669 δίκην
2527 5601 2567 5653 Α
2609 5618 2621 5653 :
2666 5593 2965 5667 καταδίκην
2994 5612 3055 5660 ς.

1458 5671 1503 5701 ιε
1536 5671 1780 5743 Πλάτων]
1814 5673 2016 5741 p.413.

382 5667 428 5697 ³³
459 5666 600 5719 τοῦτ’
627 5668 693 5721 Α,
794 5669 837 5699 ³⁸
872 5664 1016 5740 εἶχεν
1050 5664 1144 5724 ΑἏ
1172 5664 1284 5739 ἔχει
1320 5687 1378 5733 ς.

1582 5392 1604 5423 ³
1652 5390 2085 5493 amsancti

1981 5532 2022 5563 ³³
2053 5550 2113 5601 γε
2131 5524 2259 5587 ’θιιι⁹
2296 5531 2359 5583 Α.
2439 5529 2480 5560 ¹⁷
2505 5525 2605 5582 εἷθ’
2642 5528 2723 5600 ὃν]
3056 5524 3100 5556 ³⁸
3131 5526 3340 5601 iisin.-

2128 5392 2409 5462 συμφέρον
2434 5389 2500 5443 Α.
2543 5461 2546 5462 ν
2577 5392 2598 5423 ⁸
2627 5389 2722 5462 ἀπ’
2752 5392 2789 5462 It
2829 5405 2841 5442 :
2874 5386 2940 5462 ἐξ,
2965 5403 3028 5462 ς.
3103 5385 3124 5417 '
3151 5381 3415 5462 statuta]
3446 5396 3496 5462 ι).
3528 5381 3658 5462 ιοις,

2122 5440 2407 5531 BLK
2434 5440 2553 5492 ni“
2586 5440 2790 5527 καίτοι]
2913 5440 3043 5510 ΪΗἾ.
3150 5457 3193 5486 ¹’
3226 5440 3413 5507 εἴκᾶἵ
3443 5440 3484 5505 Ἀ
3518 5470 3531 5505 :
3564 5456 3659 5506 καὶ

2149 5549 2259 5576 mn-
2299 5531 2359 5576 A-
2439 5529 2480 5560 ¹⁷
2505 5525 2605 5576 εἷθ’
2642 5528 2723 5576 ὃνῖ
2758 5545 2807 5576 n.
2846 5527 2973 5576 M5.
3056 5524 3100 5556 ⁸⁸
3131 5526 3340 5576 deﬁxa:
3374 5526 3437 5576 A.
3520 5524 3560 5555 "
3591 5524 3658 5576 ἀν

3134 5542 3340 5595 αφηκες
3374 5542 3437 5579 Α.
3520 5542 3560 5555 ³·
3591 5542 3658 5576 αν

3134 5596 3182 5627 ³³
3214 5593 3554 5666 κατηγόρουν
3589 5598 3653 5650 Δ.

1882 5764 2112 5821 NOTAE.

454 5846 564 5927 (Ἶϋ)
606 5843 685 5927 Dii
721 5866 948 5916 majores
979 5854 1258 5927 duodecim
1283 5871 1464 5927 Equos
1493 5858 1638 5927 apud
1679 5858 1959 5925 Apuleium

381 5919 588 5985 Ennius
630 5926 710 5977 sic
773 5937 1009 5978 recenset
1044 5941 1056 5977 :
1090 5924 1247 5989 Juno,
1283 5919 1461 5993 Vcsta,
1489 5919 1744 5993 Minerva;
1768 5930 1951 5996 Ceres,

2074 5861 2265 5931 Diana,
2316 5857 2738 5931 V’cttttskMars,
2774 5855 3099 5921 Mercurius,
3140 5851 3307 5920 .luvis,
3347 5849 3662 5931 Neptunus.L

2072 5930 2361 5998 Vulcanus,
2405 5928 2613 5998 Αυυιίυ.
