  <div class='ocr_page' id='page_1' title='image "/cluster/home/n/w/nwhite01/storage/ocr_20150623/103:no.3/coo.31924054870070/799.png"; bbox 0 0 3960 6436; ppageno 0'>
   <div class='ocr_carea' id='block_1_1' title="bbox 371 412 506 479">
    <p class='ocr_par' dir='ltr' id='par_1_1' title="bbox 371 412 506 479">
     <span class='ocr_line' id='line_1_1' title="bbox 371 412 506 479; baseline -0.015 0"><span class='ocrx_word' id='word_1_1' title='bbox 371 412 506 479; x_wconf 74' lang='lat'><strong>1507</strong></span> 
     </span>
    </p>
   </div>
   <div class='ocr_carea' id='block_1_2' title="bbox 1512 409 2462 473">
    <p class='ocr_par' dir='ltr' id='par_1_2' title="bbox 1512 409 2462 473">
     <span class='ocr_line' id='line_1_2' title="bbox 1512 409 2462 473; baseline -0.001 0"><span class='ocrx_word' id='word_1_2' title='bbox 1512 411 1778 473; x_wconf 86' lang='lat' dir='ltr'><strong>PHOTII</strong></span> <span class='ocrx_word' id='word_1_3' title='bbox 1807 409 2313 471; x_wconf 71' lang='lat' dir='ltr'><strong>PATRIARCIL’E</strong></span> <span class='ocrx_word' id='word_1_4' title='bbox 2353 410 2462 472; x_wconf 84' lang='lat' dir='ltr'><strong>CP.</strong></span> 
     </span>
    </p>
   </div>
   <div class='ocr_carea' id='block_1_3' title="bbox 3505 403 3641 471">
    <p class='ocr_par' dir='ltr' id='par_1_3' title="bbox 3505 403 3641 471">
     <span class='ocr_line' id='line_1_3' title="bbox 3505 403 3641 471; baseline 0.015 -3"><span class='ocrx_word' id='word_1_5' title='bbox 3505 403 3641 471; x_wconf 77' lang='lat'><strong>1563</strong></span> 
     </span>
    </p>
   </div>
   <div class='ocr_carea' id='block_1_4' title="bbox 367 515 1987 592">
    <p class='ocr_par' dir='ltr' id='par_1_4' title="bbox 367 518 1987 592">
     <span class='ocr_line' id='line_1_4' title="bbox 367 518 1987 592; baseline -0.004 -13"><span class='ocrx_word' id='word_1_6' title='bbox 367 540 398 579; x_wconf 90' lang='lat' dir='ltr'><strong>a</strong></span> <span class='ocrx_word' id='word_1_7' title='bbox 435 519 807 592; x_wconf 84' lang='lat' dir='ltr'><strong>vituperandis</strong></span> <span class='ocrx_word' id='word_1_8' title='bbox 846 519 975 583; x_wconf 88' lang='lat' dir='ltr'><strong>reis,</strong></span> <span class='ocrx_word' id='word_1_9' title='bbox 1016 518 1205 585; x_wconf 85' lang='lat' dir='ltr'><strong>credo,</strong></span> <span class='ocrx_word' id='word_1_10' title='bbox 1267 518 1650 574; x_wconf 68' lang='lat' dir='ltr'><strong>abstinuisset.</strong></span> <span class='ocrx_word' id='word_1_11' title='bbox 1681 518 1987 577; x_wconf 27' lang='lat' dir='ltr'><strong>Caeterum,</strong></span> 
     </span>
    </p>
   </div>
   <div class='ocr_carea' id='block_1_5' title="bbox 2098 515 3639 592">
    <p class='ocr_par' dir='ltr' id='par_1_5' title="bbox 2099 515 3639 590">
     <span class='ocr_line' id='line_1_5' title="bbox 2099 515 3639 590; baseline -0.001 -20"><span class='ocrx_word' id='word_1_12' title='bbox 2099 519 2435 589; x_wconf 84' lang='grc' dir='ltr'><strong>ατηγὸρηκε,</strong></span> <span class='ocrx_word' id='word_1_13' title='bbox 2468 517 2568 590; x_wconf 81' lang='grc' dir='ltr'><strong>τὴν</strong></span> <span class='ocrx_word' id='word_1_14' title='bbox 2601 517 2700 589; x_wconf 83' lang='grc' dir='ltr'><strong>μὲν</strong></span> <span class='ocrx_word' id='word_1_15' title='bbox 2732 516 2905 588; x_wconf 81' lang='grc' dir='ltr'><strong>τύχην</strong></span> <span class='ocrx_word' id='word_1_16' title='bbox 2938 515 3063 570; x_wconf 78' lang='grc' dir='ltr'><strong>ἀντὶ</strong></span> <span class='ocrx_word' id='word_1_17' title='bbox 3089 515 3314 587; x_wconf 80' lang='grc' dir='ltr'><strong>γνώμης</strong></span> <span class='ocrx_word' id='word_1_18' title='bbox 3349 515 3639 581; x_wconf 74' lang='grc' dir='ltr'><strong>ἐξετάζων,</strong></span> 
     </span>
    </p>
   </div>
   <div class='ocr_carea' id='block_1_6' title="bbox 369 611 1964 683">
    <p class='ocr_par' dir='ltr' id='par_1_6' title="bbox 369 611 1964 683">
     <span class='ocr_line' id='line_1_6' title="bbox 369 611 1964 683; baseline -0.002 -13"><span class='ocrx_word' id='word_1_19' title='bbox 369 617 415 670; x_wconf 88' lang='lat' dir='ltr'><strong>si</strong></span> <span class='ocrx_word' id='word_1_20' title='bbox 451 615 601 670; x_wconf 84' lang='lat' dir='ltr'><strong>viros</strong></span> <span class='ocrx_word' id='word_1_21' title='bbox 656 625 889 682; x_wconf 90' lang='lat' dir='ltr'><strong>utroque</strong></span> <span class='ocrx_word' id='word_1_22' title='bbox 934 611 1099 666; x_wconf 92' lang='lat' dir='ltr'><strong>modo</strong></span> <span class='ocrx_word' id='word_1_23' title='bbox 1149 611 1289 665; x_wconf 84' lang='lat' dir='ltr'><strong>volet</strong></span> <span class='ocrx_word' id='word_1_24' title='bbox 1327 611 1481 666; x_wconf 87' lang='lat' dir='ltr'><strong>Plato</strong></span> <span class='ocrx_word' id='word_1_25' title='bbox 1535 613 1964 683; x_wconf 83' lang='lat' dir='ltr'><strong>reprehendere,</strong></span> 
     </span>
    </p>
   </div>
   <div class='ocr_carea' id='block_1_7' title="bbox 369 704 1967 776">
    <p class='ocr_par' dir='ltr' id='par_1_7' title="bbox 369 704 1967 776">
     <span class='ocr_line' id='line_1_7' title="bbox 369 704 1967 776; baseline 0 -16"><span class='ocrx_word' id='word_1_26' title='bbox 369 707 524 776; x_wconf 83' lang='lat' dir='ltr'><strong>quasi</strong></span> <span class='ocrx_word' id='word_1_27' title='bbox 563 718 781 760; x_wconf 85' lang='lat' dir='ltr'><strong>acutum</strong></span> <span class='ocrx_word' id='word_1_28' title='bbox 837 704 1096 773; x_wconf 83' lang='lat' dir='ltr'><strong>quiddam</strong></span> <span class='ocrx_word' id='word_1_29' title='bbox 1128 704 1441 774; x_wconf 88' lang='lat' dir='ltr'><strong>arripuerit,</strong></span> <span class='ocrx_word' id='word_1_30' title='bbox 1475 705 1604 774; x_wconf 91' lang='lat' dir='ltr'><strong>quid</strong></span> <span class='ocrx_word' id='word_1_31' title='bbox 1651 714 1800 759; x_wconf 90' lang='lat' dir='ltr'><strong>vetat</strong></span> <span class='ocrx_word' id='word_1_32' title='bbox 1828 721 1967 775; x_wconf 82' lang='lat' dir='ltr'><strong>quo—</strong></span> 
     </span>
    </p>
   </div>
   <div class='ocr_carea' id='block_1_8' title="bbox 371 797 1968 867">
    <p class='ocr_par' dir='ltr' id='par_1_8' title="bbox 371 797 1968 867">
     <span class='ocr_line' id='line_1_8' title="bbox 371 797 1968 867; baseline -0.003 -13"><span class='ocrx_word' id='word_1_33' title='bbox 371 800 556 854; x_wconf 88' lang='lat' dir='ltr'><strong>minus</strong></span> <span class='ocrx_word' id='word_1_34' title='bbox 606 799 804 867; x_wconf 83' lang='lat' dir='ltr'><strong>aliquis</strong></span> <span class='ocrx_word' id='word_1_35' title='bbox 853 813 952 867; x_wconf 89' lang='lat' dir='ltr'><strong>par</strong></span> <span class='ocrx_word' id='word_1_36' title='bbox 989 797 1105 866; x_wconf 85' lang='lat' dir='ltr'><strong>pari</strong></span> <span class='ocrx_word' id='word_1_37' title='bbox 1155 797 1408 864; x_wconf 85' lang='lat' dir='ltr'><strong>reddens,</strong></span> <span class='ocrx_word' id='word_1_38' title='bbox 1457 806 1686 867; x_wconf 88' lang='lat' dir='ltr'><strong>utroque</strong></span> <span class='ocrx_word' id='word_1_39' title='bbox 1752 814 1968 852; x_wconf 83' lang='lat' dir='ltr'><strong>rursum</strong></span> 
     </span>
    </p>
   </div>
   <div class='ocr_carea' id='block_1_9' title="bbox 374 888 1974 957">
    <p class='ocr_par' dir='ltr' id='par_1_9' title="bbox 374 888 1974 957">
     <span class='ocr_line' id='line_1_9' title="bbox 374 888 1974 957; baseline -0.002 -10"><span class='ocrx_word' id='word_1_40' title='bbox 374 895 537 948; x_wconf 86' lang='lat' dir='ltr'><strong>modo</strong></span> <span class='ocrx_word' id='word_1_41' title='bbox 574 892 654 947; x_wconf 88' lang='lat' dir='ltr'><strong>sic</strong></span> <span class='ocrx_word' id='word_1_42' title='bbox 709 891 1023 948; x_wconf 80' lang='lat' dir='ltr'><strong>dissolvat?</strong></span> <span class='ocrx_word' id='word_1_43' title='bbox 1087 891 1144 947; x_wconf 83' lang='lat' dir='ltr'><strong>Si</strong></span> <span class='ocrx_word' id='word_1_44' title='bbox 1216 906 1312 946; x_wconf 91' lang='lat' dir='ltr'><strong>eos</strong></span> <span class='ocrx_word' id='word_1_45' title='bbox 1362 901 1513 946; x_wconf 90' lang='lat' dir='ltr'><strong>recte</strong></span> <span class='ocrx_word' id='word_1_46' title='bbox 1555 900 1612 945; x_wconf 90' lang='lat' dir='ltr'><strong>et</strong></span> <span class='ocrx_word' id='word_1_47' title='bbox 1665 888 1809 957; x_wconf 81' lang='lat' dir='ltr'><strong>iuste</strong></span> <span class='ocrx_word' id='word_1_48' title='bbox 1842 905 1974 944; x_wconf 89' lang='lat' dir='ltr'><strong>con-</strong></span> 
     </span>
    </p>
   </div>
   <div class='ocr_carea' id='block_1_10' title="bbox 375 978 1970 1050">
    <p class='ocr_par' dir='ltr' id='par_1_10' title="bbox 375 978 1970 1050">
     <span class='ocr_line' id='line_1_10' title="bbox 375 978 1970 1050; baseline 0.002 -17"><span class='ocrx_word' id='word_1_49' title='bbox 375 980 698 1034; x_wconf 89' lang='lat' dir='ltr'><strong>demnarunt</strong></span> <span class='ocrx_word' id='word_1_50' title='bbox 731 980 1114 1044; x_wconf 83' lang='lat' dir='ltr'><strong>Athenienses,</strong></span> <span class='ocrx_word' id='word_1_51' title='bbox 1147 995 1255 1036; x_wconf 89' lang='lat' dir='ltr'><strong>non</strong></span> <span class='ocrx_word' id='word_1_52' title='bbox 1281 989 1438 1035; x_wconf 90' lang='lat' dir='ltr'><strong>erant</strong></span> <span class='ocrx_word' id='word_1_53' title='bbox 1458 978 1527 1034; x_wconf 79' lang='lat' dir='ltr'><strong>ab</strong></span> <span class='ocrx_word' id='word_1_54' title='bbox 1549 979 1656 1036; x_wconf 87' lang='lat' dir='ltr'><strong>illis</strong></span> <span class='ocrx_word' id='word_1_55' title='bbox 1686 981 1925 1050; x_wconf 84' lang='lat' dir='ltr'><strong>corrupti</strong></span> <span class='ocrx_word' id='word_1_56' title='bbox 1955 997 1970 1036; x_wconf 89' lang='lat'><strong>:</strong></span> 
     </span>
    </p>
   </div>
   <div class='ocr_carea' id='block_1_11' title="bbox 378 1070 1972 1139">
    <p class='ocr_par' dir='ltr' id='par_1_11' title="bbox 378 1070 1972 1139">
     <span class='ocr_line' id='line_1_11' title="bbox 378 1070 1972 1139; baseline 0.003 -17"><span class='ocrx_word' id='word_1_57' title='bbox 378 1085 504 1123; x_wconf 90' lang='lat' dir='ltr'><strong>nam</strong></span> <span class='ocrx_word' id='word_1_58' title='bbox 549 1086 671 1125; x_wconf 88' lang='lat' dir='ltr'><strong>cum</strong></span> <span class='ocrx_word' id='word_1_59' title='bbox 728 1078 875 1125; x_wconf 87' lang='lat' dir='ltr'><strong>recte</strong></span> <span class='ocrx_word' id='word_1_60' title='bbox 905 1073 1165 1139; x_wconf 77' lang='lat' dir='ltr'><strong>agebant,</strong></span> <span class='ocrx_word' id='word_1_61' title='bbox 1224 1086 1329 1126; x_wconf 90' lang='lat' dir='ltr'><strong>non</strong></span> <span class='ocrx_word' id='word_1_62' title='bbox 1367 1085 1464 1126; x_wconf 87' lang='lat' dir='ltr'><strong>eos</strong></span> <span class='ocrx_word' id='word_1_63' title='bbox 1496 1070 1972 1139; x_wconf 84' lang='lat' dir='ltr'><strong>illicorruperant.</strong></span> 
     </span>
    </p>
   </div>
   <div class='ocr_carea' id='block_1_12' title="bbox 379 1158 1977 1230">
    <p class='ocr_par' dir='ltr' id='par_1_12' title="bbox 379 1158 1977 1230">
     <span class='ocr_line' id='line_1_12' title="bbox 379 1158 1977 1230; baseline 0.005 -22"><span class='ocrx_word' id='word_1_64' title='bbox 379 1158 559 1226; x_wconf 86' lang='lat' dir='ltr'><strong>Quare</strong></span> <span class='ocrx_word' id='word_1_65' title='bbox 600 1159 644 1213; x_wconf 90' lang='lat' dir='ltr'><strong>si</strong></span> <span class='ocrx_word' id='word_1_66' title='bbox 705 1160 902 1214; x_wconf 90' lang='lat' dir='ltr'><strong>merito</strong></span> <span class='ocrx_word' id='word_1_67' title='bbox 937 1168 1063 1213; x_wconf 92' lang='lat' dir='ltr'><strong>sunt</strong></span> <span class='ocrx_word' id='word_1_68' title='bbox 1093 1159 1463 1227; x_wconf 83' lang='lat' dir='ltr'><strong>condemnati,</strong></span> <span class='ocrx_word' id='word_1_69' title='bbox 1499 1174 1609 1215; x_wconf 90' lang='lat' dir='ltr'><strong>non</strong></span> <span class='ocrx_word' id='word_1_70' title='bbox 1637 1159 1727 1215; x_wconf 90' lang='lat' dir='ltr'><strong>hic</strong></span> <span class='ocrx_word' id='word_1_71' title='bbox 1761 1159 1977 1230; x_wconf 79' lang='lat' dir='ltr'><strong>pejores</strong></span> 
     </span>
    </p>
   </div>
   <div class='ocr_carea' id='block_1_13' title="bbox 379 1249 1972 1321">
    <p class='ocr_par' dir='ltr' id='par_1_13' title="bbox 379 1249 1972 1321">
     <span class='ocr_line' id='line_1_13' title="bbox 379 1249 1972 1321; baseline 0.002 -19"><span class='ocrx_word' id='word_1_72' title='bbox 379 1260 561 1317; x_wconf 90' lang='lat' dir='ltr'><strong>erunt,</strong></span> <span class='ocrx_word' id='word_1_73' title='bbox 607 1249 810 1321; x_wconf 62' lang='lat' dir='ltr'><strong>535a</strong></span> <span class='ocrx_word' id='word_1_74' title='bbox 873 1250 958 1304; x_wconf 88' lang='lat' dir='ltr'><strong>sin</strong></span> <span class='ocrx_word' id='word_1_75' title='bbox 1036 1265 1132 1304; x_wconf 88' lang='lat' dir='ltr'><strong>eos</strong></span> <span class='ocrx_word' id='word_1_76' title='bbox 1208 1250 1416 1321; x_wconf 84' lang='lat' dir='ltr'><strong>injuste</strong></span> <span class='ocrx_word' id='word_1_77' title='bbox 1497 1253 1972 1318; x_wconf 85' lang='lat' dir='ltr'><strong>condemnarunt,</strong></span> 
     </span>
    </p>
   </div>
   <div class='ocr_carea' id='block_1_14' title="bbox 384 1341 1978 1411">
    <p class='ocr_par' dir='ltr' id='par_1_14' title="bbox 384 1341 1978 1411">
     <span class='ocr_line' id='line_1_14' title="bbox 384 1341 1978 1411; baseline 0.003 -17"><span class='ocrx_word' id='word_1_78' title='bbox 384 1341 635 1408; x_wconf 85' lang='lat' dir='ltr'><strong>lnjuriam</strong></span> <span class='ocrx_word' id='word_1_79' title='bbox 659 1343 804 1411; x_wconf 85' lang='lat' dir='ltr'><strong>passi</strong></span> <span class='ocrx_word' id='word_1_80' title='bbox 855 1351 984 1396; x_wconf 89' lang='lat' dir='ltr'><strong>sunt</strong></span> <span class='ocrx_word' id='word_1_81' title='bbox 1011 1343 1136 1406; x_wconf 89' lang='lat' dir='ltr'><strong>viri,</strong></span> <span class='ocrx_word' id='word_1_82' title='bbox 1174 1358 1279 1396; x_wconf 91' lang='lat' dir='ltr'><strong>non</strong></span> <span class='ocrx_word' id='word_1_83' title='bbox 1315 1343 1614 1399; x_wconf 89' lang='lat' dir='ltr'><strong>intulerunt</strong></span> <span class='ocrx_word' id='word_1_84' title='bbox 1647 1363 1660 1398; x_wconf 93' lang='lat'><strong>:</strong></span> <span class='ocrx_word' id='word_1_85' title='bbox 1714 1345 1849 1400; x_wconf 88' lang='lat' dir='ltr'><strong>tales</strong></span> <span class='ocrx_word' id='word_1_86' title='bbox 1876 1361 1978 1399; x_wconf 87' lang='lat' dir='ltr'><strong>au-</strong></span> 
     </span>
    </p>
   </div>
   <div class='ocr_carea' id='block_1_15' title="bbox 383 1429 1972 1504">
    <p class='ocr_par' dir='ltr' id='par_1_15' title="bbox 383 1429 1972 1504">
     <span class='ocr_line' id='line_1_15' title="bbox 383 1429 1972 1504; baseline 0.004 -22"><span class='ocrx_word' id='word_1_87' title='bbox 383 1439 490 1483; x_wconf 68' lang='lat' dir='ltr'><strong>tem</strong></span> <span class='ocrx_word' id='word_1_88' title='bbox 551 1429 841 1500; x_wconf 87' lang='lat' dir='ltr'><strong>adjuvandi</strong></span> <span class='ocrx_word' id='word_1_89' title='bbox 884 1440 1059 1494; x_wconf 70' lang='lat' dir='ltr'><strong>sunt,,</strong></span> <span class='ocrx_word' id='word_1_90' title='bbox 1086 1448 1194 1486; x_wconf 91' lang='lat' dir='ltr'><strong>non</strong></span> <span class='ocrx_word' id='word_1_91' title='bbox 1225 1434 1521 1487; x_wconf 88' lang='lat' dir='ltr'><strong>accusandi</strong></span> <span class='ocrx_word' id='word_1_92' title='bbox 1553 1475 1568 1497; x_wconf 90' lang='lat'><strong>,</strong></span> <span class='ocrx_word' id='word_1_93' title='bbox 1601 1443 1693 1488; x_wconf 86' lang='lat' dir='ltr'><strong>aut</strong></span> <span class='ocrx_word' id='word_1_94' title='bbox 1715 1437 1760 1489; x_wconf 93' lang='lat' dir='ltr'><strong>si</strong></span> <span class='ocrx_word' id='word_1_95' title='bbox 1786 1434 1972 1504; x_wconf 88' lang='lat' dir='ltr'><strong>juvari</strong></span> 
     </span>
    </p>
   </div>
   <div class='ocr_carea' id='block_1_16' title="bbox 382 1522 1982 1595">
    <p class='ocr_par' dir='ltr' id='par_1_16' title="bbox 382 1522 1982 1595">
     <span class='ocr_line' id='line_1_16' title="bbox 382 1522 1982 1595; baseline 0.004 -20"><span class='ocrx_word' id='word_1_96' title='bbox 382 1531 678 1592; x_wconf 87' lang='lat' dir='ltr'><strong>nequeunt,</strong></span> <span class='ocrx_word' id='word_1_97' title='bbox 743 1522 934 1577; x_wconf 85' lang='lat' dir='ltr'><strong>saltem</strong></span> <span class='ocrx_word' id='word_1_98' title='bbox 987 1526 1235 1579; x_wconf 84' lang='lat' dir='ltr'><strong>accusari</strong></span> <span class='ocrx_word' id='word_1_99' title='bbox 1280 1542 1386 1579; x_wconf 92' lang='lat' dir='ltr'><strong>nou</strong></span> <span class='ocrx_word' id='word_1_100' title='bbox 1445 1525 1661 1582; x_wconf 85' lang='lat' dir='ltr'><strong>debent.</strong></span> <span class='ocrx_word' id='word_1_101' title='bbox 1695 1527 1820 1595; x_wconf 69' lang='lat' dir='ltr'><strong>Ego}</strong></span> <span class='ocrx_word' id='word_1_102' title='bbox 1853 1542 1982 1582; x_wconf 85' lang='lat' dir='ltr'><strong>vero</strong></span> 
     </span>
    </p>
   </div>
   <div class='ocr_carea' id='block_1_17' title="bbox 382 1612 1982 1687">
    <p class='ocr_par' dir='ltr' id='par_1_17' title="bbox 382 1612 1982 1687">
     <span class='ocr_line' id='line_1_17' title="bbox 382 1612 1982 1687; baseline 0.008 -26"><span class='ocrx_word' id='word_1_103' title='bbox 382 1612 805 1680; x_wconf 68' lang='lat' dir='ltr'><strong>t-legantiorihus</strong></span> <span class='ocrx_word' id='word_1_104' title='bbox 844 1613 960 1669; x_wconf 78' lang='lat' dir='ltr'><strong>ltzec</strong></span> <span class='ocrx_word' id='word_1_105' title='bbox 991 1615 1257 1685; x_wconf 88' lang='lat' dir='ltr'><strong>relinquo.</strong></span> <span class='ocrx_word' id='word_1_106' title='bbox 1286 1614 1404 1684; x_wconf 84' lang='lat' dir='ltr'><strong>Ipse</strong></span> <span class='ocrx_word' id='word_1_107' title='bbox 1446 1627 1627 1673; x_wconf 89' lang='lat' dir='ltr'><strong>autem</strong></span> <span class='ocrx_word' id='word_1_108' title='bbox 1658 1619 1784 1687; x_wconf 89' lang='lat' dir='ltr'><strong>quid</strong></span> <span class='ocrx_word' id='word_1_109' title='bbox 1833 1617 1982 1672; x_wconf 72' lang='lat' dir='ltr'><strong>affir-</strong></span> 
     </span>
    </p>
   </div>
   <div class='ocr_carea' id='block_1_18' title="bbox 385 1707 1983 1785">
    <p class='ocr_par' dir='ltr' id='par_1_18' title="bbox 385 1707 1983 1785">
     <span class='ocr_line' id='line_1_18' title="bbox 385 1707 1983 1785; baseline 0.006 -27"><span class='ocrx_word' id='word_1_110' title='bbox 385 1707 512 1760; x_wconf 79' lang='lat' dir='ltr'><strong>mo?</strong></span> <span class='ocrx_word' id='word_1_111' title='bbox 565 1717 657 1762; x_wconf 88' lang='lat' dir='ltr'><strong>aut</strong></span> <span class='ocrx_word' id='word_1_112' title='bbox 702 1725 864 1780; x_wconf 88' lang='lat' dir='ltr'><strong>quam</strong></span> <span class='ocrx_word' id='word_1_113' title='bbox 906 1711 1180 1766; x_wconf 88' lang='lat' dir='ltr'><strong>rationem</strong></span> <span class='ocrx_word' id='word_1_114' title='bbox 1245 1714 1498 1783; x_wconf 85' lang='lat' dir='ltr'><strong>sequor?</strong></span> <span class='ocrx_word' id='word_1_115' title='bbox 1570 1713 1687 1769; x_wconf 76' lang='lat' dir='ltr'><strong>Non</strong></span> <span class='ocrx_word' id='word_1_116' title='bbox 1753 1722 1983 1785; x_wconf 89' lang='lat' dir='ltr'><strong>possunt</strong></span> 
     </span>
    </p>
   </div>
   <div class='ocr_carea' id='block_1_19' title="bbox 2065 603 3644 682">
    <p class='ocr_par' dir='ltr' id='par_1_19' title="bbox 2065 603 3644 682">
     <span class='ocr_line' id='line_1_19' title="bbox 2065 603 3644 682; baseline -0.003 -19"><span class='ocrx_word' id='word_1_117' title='bbox 2065 609 2166 680; x_wconf 81' lang='grc' dir='ltr'><strong>τὴν</strong></span> <span class='ocrx_word' id='word_1_118' title='bbox 2194 609 2239 663; x_wconf 88' lang='grc' dir='ltr'><strong>δ’</strong></span> <span class='ocrx_word' id='word_1_119' title='bbox 2268 611 2472 680; x_wconf 87' lang='grc' dir='ltr'><strong>ἑτέρων</strong></span> <span class='ocrx_word' id='word_1_120' title='bbox 2505 610 2783 682; x_wconf 80' lang='grc' dir='ltr'><strong>ἁμαρτίαν</strong></span> <span class='ocrx_word' id='word_1_121' title='bbox 2822 609 2898 673; x_wconf 88' lang='grc' dir='ltr'>ὡς</span> <span class='ocrx_word' id='word_1_122' title='bbox 2921 608 3148 662; x_wconf 75' lang='grc' dir='ltr'><strong>ἐκείνων</strong></span> <span class='ocrx_word' id='word_1_123' title='bbox 3173 603 3341 662; x_wconf 84' lang='grc' dir='ltr'><strong>οὖσαν</strong></span> <span class='ocrx_word' id='word_1_124' title='bbox 3366 607 3560 670; x_wconf 87' lang='grc' dir='ltr'><strong>τιθείς.</strong></span> <span class='ocrx_word' id='word_1_125' title='bbox 3580 607 3644 660; x_wconf 76' lang='lat' dir='ltr'><strong>Et</strong></span> 
     </span>
    </p>
   </div>
   <div class='ocr_carea' id='block_1_20' title="bbox 2067 699 3648 774">
    <p class='ocr_par' dir='ltr' id='par_1_20' title="bbox 2067 699 3648 774">
     <span class='ocr_line' id='line_1_20' title="bbox 2067 699 3648 774; baseline -0.003 -18"><span class='ocrx_word' id='word_1_126' title='bbox 2067 703 2126 756; x_wconf 90' lang='grc' dir='ltr'><strong>δὲ</strong></span> <span class='ocrx_word' id='word_1_127' title='bbox 2144 704 2270 766; x_wconf 82' lang='grc' dir='ltr'><strong>τοὺς</strong></span> <span class='ocrx_word' id='word_1_128' title='bbox 2295 703 2846 774; x_wconf 79' lang='grc' dir='ltr'><strong>καταψηφιζομένους</strong></span> <span class='ocrx_word' id='word_1_129' title='bbox 2866 700 2963 754; x_wconf 77' lang='grc' dir='ltr'><strong>καὶ</strong></span> <span class='ocrx_word' id='word_1_130' title='bbox 2987 703 3099 764; x_wconf 87' lang='grc' dir='ltr'><strong>τοῖς</strong></span> <span class='ocrx_word' id='word_1_131' title='bbox 3119 700 3307 763; x_wconf 78' lang='grc' dir='ltr'>ἵπποις</span> <span class='ocrx_word' id='word_1_132' title='bbox 3332 699 3648 763; x_wconf 80' lang='grc' dir='ltr'><strong>ἀπεικάζων</strong></span> 
     </span>
    </p>
   </div>
   <div class='ocr_carea' id='block_1_21' title="bbox 2070 784 3652 864">
    <p class='ocr_par' dir='ltr' id='par_1_21' title="bbox 2070 784 3652 864">
     <span class='ocr_line' id='line_1_21' title="bbox 2070 784 3652 864; baseline -0.001 -15"><span class='ocrx_word' id='word_1_133' title='bbox 2070 798 2187 858; x_wconf 88' lang='grc' dir='ltr'><strong>τοῖς</strong></span> <span class='ocrx_word' id='word_1_134' title='bbox 2219 795 2569 860; x_wconf 81' lang='grc' dir='ltr'><strong>λακτίζουσιν</strong></span> <span class='ocrx_word' id='word_1_135' title='bbox 2615 795 2834 864; x_wconf 84' lang='grc' dir='ltr'><strong>ἰσχυρόν</strong></span> <span class='ocrx_word' id='word_1_136' title='bbox 2857 810 2911 846; x_wconf 88' lang='grc' dir='ltr'><strong>τι</strong></span> <span class='ocrx_word' id='word_1_137' title='bbox 2940 793 3119 861; x_wconf 84' lang='grc' dir='ltr'><strong>λέγειν</strong></span> <span class='ocrx_word' id='word_1_138' title='bbox 3147 791 3268 845; x_wconf 87' lang='grc' dir='ltr'><strong>καθ’</strong></span> <span class='ocrx_word' id='word_1_139' title='bbox 3293 784 3368 846; x_wconf 81' lang='grc' dir='ltr'><strong>ὧν</strong></span> <span class='ocrx_word' id='word_1_140' title='bbox 3413 793 3448 861; x_wconf 82' lang='grc' dir='ltr'>ἡ</span> <span class='ocrx_word' id='word_1_141' title='bbox 3473 791 3652 860; x_wconf 80' lang='grc' dir='ltr'><strong>ψῆφος</strong></span> 
     </span>
    </p>
   </div>
   <div class='ocr_carea' id='block_1_22' title="bbox 2072 883 3656 958">
    <p class='ocr_par' dir='ltr' id='par_1_22' title="bbox 2072 883 3656 958">
     <span class='ocr_line' id='line_1_22' title="bbox 2072 883 3656 958; baseline -0.004 -16"><span class='ocrx_word' id='word_1_142' title='bbox 2072 889 2266 953; x_wconf 84' lang='grc' dir='ltr'><strong>οῐεται,</strong></span> <span class='ocrx_word' id='word_1_143' title='bbox 2285 888 2422 958; x_wconf 88' lang='grc' dir='ltr'><strong>ταχύ</strong></span> <span class='ocrx_word' id='word_1_144' title='bbox 2453 889 2508 957; x_wconf 88' lang='grc' dir='ltr'><strong>γ’</strong></span> <span class='ocrx_word' id='word_1_145' title='bbox 2532 887 2598 942; x_wconf 79' lang='grc' dir='ltr'><strong>ἂν</strong></span> <span class='ocrx_word' id='word_1_146' title='bbox 2629 889 2678 940; x_wconf 85' lang='grc' dir='ltr'><strong>εί</strong></span> <span class='ocrx_word' id='word_1_147' title='bbox 2700 889 2813 951; x_wconf 89' lang='grc' dir='ltr'><strong>τοῖς</strong></span> <span class='ocrx_word' id='word_1_148' title='bbox 2845 886 3054 940; x_wconf 87' lang='grc' dir='ltr'><strong>δώδεκα</strong></span> <span class='ocrx_word' id='word_1_149' title='bbox 3078 885 3222 948; x_wconf 90' lang='grc' dir='ltr'><strong>θεοῖς</strong></span> <span class='ocrx_word' id='word_1_150' title='bbox 3252 883 3406 954; x_wconf 76' lang='grc' dir='ltr'><strong>ἔσχεν</strong></span> <span class='ocrx_word' id='word_1_151' title='bbox 3435 884 3656 938; x_wconf 78' lang='grc' dir='ltr'><strong>εἰκάσαι</strong></span> 
     </span>
    </p>
   </div>
   <div class='ocr_carea' id='block_1_23' title="bbox 2073 974 3658 1049">
    <p class='ocr_par' dir='ltr' id='par_1_23' title="bbox 2073 974 3658 1049">
     <span class='ocr_line' id='line_1_23' title="bbox 2073 974 3658 1049; baseline -0.003 -16"><span class='ocrx_word' id='word_1_152' title='bbox 2073 980 2202 1044; x_wconf 81' lang='grc' dir='ltr'><strong>τοὺς</strong></span> <span class='ocrx_word' id='word_1_153' title='bbox 2235 981 2633 1049; x_wconf 77' lang='grc' dir='ltr'><strong>καταγνόντας,</strong></span> <span class='ocrx_word' id='word_1_154' title='bbox 2665 979 2926 1048; x_wconf 78' lang='grc' dir='ltr'><strong>ἀπέσχετ’</strong></span> <span class='ocrx_word' id='word_1_155' title='bbox 2957 977 3026 1032; x_wconf 77' lang='grc' dir='ltr'><strong>ἂν</strong></span> <span class='ocrx_word' id='word_1_156' title='bbox 3065 977 3177 1031; x_wconf 91' lang='grc' dir='ltr'><strong>τῶν</strong></span> <span class='ocrx_word' id='word_1_157' title='bbox 3206 977 3445 1031; x_wconf 84' lang='grc' dir='ltr'><strong>ἀλόντων</strong></span> <span class='ocrx_word' id='word_1_158' title='bbox 3493 976 3555 1029; x_wconf 79' lang='grc' dir='ltr'><strong>τὸ</strong></span> <span class='ocrx_word' id='word_1_159' title='bbox 3579 974 3658 1045; x_wconf 79' lang='grc' dir='ltr'><strong>μὴ</strong></span> 
     </span>
    </p>
   </div>
   <div class='ocr_carea' id='block_1_24' title="bbox 2075 1068 3662 1140">
    <p class='ocr_par' dir='ltr' id='par_1_24' title="bbox 2075 1068 3662 1140">
     <span class='ocr_line' id='line_1_24' title="bbox 2075 1068 3662 1140; baseline -0.003 -16"><span class='ocrx_word' id='word_1_160' title='bbox 2075 1071 2137 1125; x_wconf 83' lang='grc' dir='ltr'><strong>ού</strong></span> <span class='ocrx_word' id='word_1_161' title='bbox 2179 1071 2367 1135; x_wconf 91' lang='grc' dir='ltr'><strong>κακῶς</strong></span> <span class='ocrx_word' id='word_1_162' title='bbox 2405 1073 2602 1126; x_wconf 84' lang='grc' dir='ltr'><strong>εἰπεῖν.</strong></span> <span class='ocrx_word' id='word_1_163' title='bbox 2635 1073 2698 1124; x_wconf 83' lang='lat' dir='ltr'><strong>Ei</strong></span> <span class='ocrx_word' id='word_1_164' title='bbox 2719 1072 2764 1124; x_wconf 77' lang='grc' dir='ltr'><strong>δ’</strong></span> <span class='ocrx_word' id='word_1_165' title='bbox 2789 1072 2836 1102; x_wconf 76' lang='grc'><strong>’⁸</strong></span> <span class='ocrx_word' id='word_1_166' title='bbox 2866 1071 2954 1124; x_wconf 79' lang='grc' dir='ltr'><strong>ἐπ’</strong></span> <span class='ocrx_word' id='word_1_167' title='bbox 2997 1070 3284 1140; x_wconf 80' lang='grc' dir='ltr'><strong>ἀμφότερα</strong></span> <span class='ocrx_word' id='word_1_168' title='bbox 3327 1069 3553 1122; x_wconf 81' lang='grc' dir='ltr'><strong>Πλάτων</strong></span> <span class='ocrx_word' id='word_1_169' title='bbox 3573 1068 3662 1120; x_wconf 80' lang='lat' dir='ltr'><strong>al-</strong></span> 
     </span>
    </p>
   </div>
   <div class='ocr_carea' id='block_1_25' title="bbox 2075 1159 3662 1234">
    <p class='ocr_par' dir='ltr' id='par_1_25' title="bbox 2075 1159 3662 1234">
     <span class='ocr_line' id='line_1_25' title="bbox 2075 1159 3662 1234; baseline -0.002 -19"><span class='ocrx_word' id='word_1_170' title='bbox 2075 1163 2326 1218; x_wconf 88' lang='grc' dir='ltr'><strong>τιάσεται</strong></span> <span class='ocrx_word' id='word_1_171' title='bbox 2355 1164 2485 1226; x_wconf 81' lang='grc' dir='ltr'><strong>τοὺς</strong></span> <span class='ocrx_word' id='word_1_172' title='bbox 2528 1163 2748 1233; x_wconf 79' lang='grc' dir='ltr'><strong>ἄνδρας,</strong></span> <span class='ocrx_word' id='word_1_173' title='bbox 2773 1162 2966 1234; x_wconf 80' lang='grc' dir='ltr'><strong>ὥσπερ</strong></span> <span class='ocrx_word' id='word_1_174' title='bbox 2996 1162 3161 1232; x_wconf 80' lang='grc' dir='ltr'><strong>σοφοῦ</strong></span> <span class='ocrx_word' id='word_1_175' title='bbox 3209 1161 3355 1225; x_wconf 69' lang='grc' dir='ltr'><strong>τινος</strong></span> <span class='ocrx_word' id='word_1_176' title='bbox 3394 1159 3662 1230; x_wconf 73' lang='grc' dir='ltr'><strong>εἰλημμέ-</strong></span> 
     </span>
    </p>
   </div>
   <div class='ocr_carea' id='block_1_26' title="bbox 2079 1248 3664 1322">
    <p class='ocr_par' dir='ltr' id='par_1_26' title="bbox 2079 1248 3664 1322">
     <span class='ocr_line' id='line_1_26' title="bbox 2079 1248 3664 1322; baseline -0.004 -15"><span class='ocrx_word' id='word_1_177' title='bbox 2079 1270 2170 1315; x_wconf 89' lang='grc' dir='ltr'><strong>νος</strong></span> <span class='ocrx_word' id='word_1_178' title='bbox 2193 1254 2260 1320; x_wconf 73' lang='grc'><strong>’⁷,</strong></span> <span class='ocrx_word' id='word_1_179' title='bbox 2286 1254 2340 1306; x_wconf 90' lang='grc' dir='ltr'><strong>τί</strong></span> <span class='ocrx_word' id='word_1_180' title='bbox 2369 1253 2569 1306; x_wconf 78' lang='grc' dir='ltr'><strong>κωλύει</strong></span> <span class='ocrx_word' id='word_1_181' title='bbox 2605 1254 2728 1307; x_wconf 85' lang='grc' dir='ltr'><strong>τινὰ</strong></span> <span class='ocrx_word' id='word_1_182' title='bbox 2763 1254 2864 1317; x_wconf 82' lang='grc' dir='ltr'><strong>τὰς</strong></span> <span class='ocrx_word' id='word_1_183' title='bbox 2899 1253 3090 1322; x_wconf 78' lang='grc' dir='ltr'>ὁμοίας</span> <span class='ocrx_word' id='word_1_184' title='bbox 3122 1251 3545 1306; x_wconf 81' lang='grc' dir='ltr'><strong>ἀνταποδιδόντα</strong></span> <span class='ocrx_word' id='word_1_185' title='bbox 3574 1248 3664 1301; x_wconf 67' lang='grc' dir='ltr'><strong>ἐπ’</strong></span> 
     </span>
    </p>
   </div>
   <div class='ocr_carea' id='block_1_27' title="bbox 2079 1341 3668 1415">
    <p class='ocr_par' dir='ltr' id='par_1_27' title="bbox 2079 1341 3668 1415">
     <span class='ocr_line' id='line_1_27' title="bbox 2079 1341 3668 1415; baseline -0.004 -14"><span class='ocrx_word' id='word_1_186' title='bbox 2079 1344 2372 1415; x_wconf 71' lang='grc' dir='ltr'><strong>ἀμφότερα</strong></span> <span class='ocrx_word' id='word_1_187' title='bbox 2401 1345 2467 1400; x_wconf 81' lang='grc' dir='ltr'><strong>αὖ</strong></span> <span class='ocrx_word' id='word_1_188' title='bbox 2488 1347 2534 1378; x_wconf 74' lang='grc'><strong>³⁸</strong></span> <span class='ocrx_word' id='word_1_189' title='bbox 2569 1345 2890 1414; x_wconf 73' lang='grc' dir='ltr'>φιλονείκως</span> <span class='ocrx_word' id='word_1_190' title='bbox 2922 1345 3396 1415; x_wconf 75' lang='grc' dir='ltr'><strong>ὑπολαμϐάνοντα,</strong></span> <span class='ocrx_word' id='word_1_191' title='bbox 3429 1341 3668 1396; x_wconf 77' lang='grc' dir='ltr'><strong>διαλύειν</strong></span> 
     </span>
    </p>
   </div>
   <div class='ocr_carea' id='block_1_28' title="bbox 2081 1434 3674 1506">
    <p class='ocr_par' dir='ltr' id='par_1_28' title="bbox 2081 1434 3674 1506">
     <span class='ocr_line' id='line_1_28' title="bbox 2081 1434 3674 1506; baseline -0.002 -16"><span class='ocrx_word' id='word_1_192' title='bbox 2081 1437 2181 1490; x_wconf 69' lang='grc' dir='ltr'><strong>ὡδὶ</strong></span> <span class='ocrx_word' id='word_1_193' title='bbox 2201 1437 2294 1491; x_wconf 82' lang='grc' dir='ltr'><strong>τὸν</strong></span> <span class='ocrx_word' id='word_1_194' title='bbox 2321 1437 2499 1506; x_wconf 83' lang='grc' dir='ltr'><strong>λόγον,</strong></span> <span class='ocrx_word' id='word_1_195' title='bbox 2516 1440 2598 1491; x_wconf 83' lang='grc' dir='ltr'><strong>ὅτι</strong></span> <span class='ocrx_word' id='word_1_196' title='bbox 2624 1440 2673 1492; x_wconf 89' lang='grc' dir='ltr'><strong>εί</strong></span> <span class='ocrx_word' id='word_1_197' title='bbox 2697 1438 2879 1501; x_wconf 89' lang='grc' dir='ltr'><strong>καλῶς</strong></span> <span class='ocrx_word' id='word_1_198' title='bbox 2900 1438 2991 1491; x_wconf 72' lang='grc' dir='ltr'><strong>καὶ</strong></span> <span class='ocrx_word' id='word_1_199' title='bbox 3013 1437 3080 1490; x_wconf 82' lang='grc' dir='ltr'><strong>τὰ</strong></span> <span class='ocrx_word' id='word_1_200' title='bbox 3101 1437 3286 1490; x_wconf 88' lang='grc' dir='ltr'><strong>δίκαια</strong></span> <span class='ocrx_word' id='word_1_201' title='bbox 3303 1435 3483 1490; x_wconf 86' lang='grc' dir='ltr'><strong>αὐτῶν</strong></span> <span class='ocrx_word' id='word_1_202' title='bbox 3512 1434 3674 1504; x_wconf 77' lang='grc' dir='ltr'><strong>Ἀθη-</strong></span> 
     </span>
    </p>
   </div>
   <div class='ocr_carea' id='block_1_29' title="bbox 2083 1524 3667 1599">
    <p class='ocr_par' dir='ltr' id='par_1_29' title="bbox 2083 1524 3667 1599">
     <span class='ocr_line' id='line_1_29' title="bbox 2083 1524 3667 1599; baseline -0.004 -16"><span class='ocrx_word' id='word_1_203' title='bbox 2083 1531 2223 1583; x_wconf 88' lang='grc' dir='ltr'><strong>ναῖοι</strong></span> <span class='ocrx_word' id='word_1_204' title='bbox 2254 1529 2628 1597; x_wconf 82' lang='grc' dir='ltr'><strong>κατέγνωσαν,</strong></span> <span class='ocrx_word' id='word_1_205' title='bbox 2655 1530 2756 1583; x_wconf 79' lang='grc' dir='ltr'><strong>οὐκ</strong></span> <span class='ocrx_word' id='word_1_206' title='bbox 2776 1524 2920 1599; x_wconf 75' lang='grc' dir='ltr'><strong>ἦσαν</strong></span> <span class='ocrx_word' id='word_1_207' title='bbox 2948 1529 3038 1582; x_wconf 80' lang='grc' dir='ltr'><strong>ὑπ’</strong></span> <span class='ocrx_word' id='word_1_208' title='bbox 3058 1528 3240 1582; x_wconf 81' lang='grc' dir='ltr'><strong>αὐτῶν</strong></span> <span class='ocrx_word' id='word_1_209' title='bbox 3256 1526 3667 1596; x_wconf 70' lang='grc' dir='ltr'><strong>διεφθαρμένοι*</strong></span> 
     </span>
    </p>
   </div>
   <div class='ocr_carea' id='block_1_30' title="bbox 2085 1617 3670 1690">
    <p class='ocr_par' dir='ltr' id='par_1_30' title="bbox 2085 1617 3670 1690">
     <span class='ocr_line' id='line_1_30' title="bbox 2085 1617 3670 1690; baseline -0.004 -16"><span class='ocrx_word' id='word_1_210' title='bbox 2085 1620 2154 1674; x_wconf 90' lang='grc' dir='ltr'><strong>τά</strong></span> <span class='ocrx_word' id='word_1_211' title='bbox 2189 1621 2296 1690; x_wconf 88' lang='grc' dir='ltr'><strong>γὰρ</strong></span> <span class='ocrx_word' id='word_1_212' title='bbox 2331 1621 2514 1674; x_wconf 89' lang='grc' dir='ltr'><strong>δίκαια</strong></span> <span class='ocrx_word' id='word_1_213' title='bbox 2549 1621 2790 1676; x_wconf 72' lang='grc' dir='ltr'><strong>ἐποίουν.</strong></span> <span class='ocrx_word' id='word_1_214' title='bbox 2827 1620 3040 1674; x_wconf 83' lang='grc' dir='ltr'><strong>Οὐκοῦν</strong></span> <span class='ocrx_word' id='word_1_215' title='bbox 3063 1619 3170 1674; x_wconf 79' lang='grc' dir='ltr'><strong>οὐδ’</strong></span> <span class='ocrx_word' id='word_1_216' title='bbox 3196 1619 3392 1672; x_wconf 83' lang='grc' dir='ltr'><strong>ἐκεῖνοι</strong></span> <span class='ocrx_word' id='word_1_217' title='bbox 3413 1617 3670 1687; x_wconf 74' lang='grc' dir='ltr'><strong>διεφθαρ-</strong></span> 
     </span>
    </p>
   </div>
   <div class='ocr_carea' id='block_1_31' title="bbox 2089 1709 3667 1779">
    <p class='ocr_par' dir='ltr' id='par_1_31' title="bbox 2089 1709 3667 1779">
     <span class='ocr_line' id='line_1_31' title="bbox 2089 1709 3667 1779; baseline -0.003 -15"><span class='ocrx_word' id='word_1_218' title='bbox 2089 1726 2284 1766; x_wconf 82' lang='grc' dir='ltr'><strong>κεσαν⁸</strong></span> <span class='ocrx_word' id='word_1_219' title='bbox 2319 1711 2462 1766; x_wconf 80' lang='grc' dir='ltr'><strong>ὥστε</strong></span> <span class='ocrx_word' id='word_1_220' title='bbox 2512 1714 2563 1766; x_wconf 76' lang='grc' dir='ltr'><strong>εἰ</strong></span> <span class='ocrx_word' id='word_1_221' title='bbox 2611 1712 2836 1776; x_wconf 87' lang='grc' dir='ltr'><strong>δικαίως</strong></span> <span class='ocrx_word' id='word_1_222' title='bbox 2887 1711 3161 1778; x_wconf 81' lang='grc' dir='ltr'><strong>ἑάλωσαν,</strong></span> <span class='ocrx_word' id='word_1_223' title='bbox 3209 1710 3361 1763; x_wconf 80' lang='grc' dir='ltr'><strong>οὐδὲν</strong></span> <span class='ocrx_word' id='word_1_224' title='bbox 3405 1709 3577 1779; x_wconf 81' lang='grc' dir='ltr'><strong>ταύτῃ</strong></span> <span class='ocrx_word' id='word_1_225' title='bbox 3604 1725 3667 1776; x_wconf 82' lang='grc' dir='ltr'><strong>γε</strong></span> 
     </span>
    </p>
   </div>
   <div class='ocr_carea' id='block_1_32' title="bbox 387 1799 1987 1878">
    <p class='ocr_par' dir='ltr' id='par_1_32' title="bbox 387 1799 1982 1874">
     <span class='ocr_line' id='line_1_32' title="bbox 387 1799 1982 1874; baseline 0.008 -26"><span class='ocrx_word' id='word_1_226' title='bbox 387 1799 604 1868; x_wconf 79' lang='lat' dir='ltr'><strong>utrique</strong></span> <span class='ocrx_word' id='word_1_227' title='bbox 677 1801 837 1854; x_wconf 89' lang='lat' dir='ltr'><strong>simul</strong></span> <span class='ocrx_word' id='word_1_228' title='bbox 890 1803 1173 1868; x_wconf 86' lang='lat' dir='ltr'><strong>accusari,</strong></span> <span class='ocrx_word' id='word_1_229' title='bbox 1227 1813 1283 1858; x_wconf 91' lang='lat' dir='ltr'><strong>et</strong></span> <span class='ocrx_word' id='word_1_230' title='bbox 1367 1805 1558 1874; x_wconf 79' lang='lat' dir='ltr'><strong>vulgus</strong></span> <span class='ocrx_word' id='word_1_231' title='bbox 1617 1815 1673 1861; x_wconf 90' lang='lat' dir='ltr'><strong>et</strong></span> <span class='ocrx_word' id='word_1_232' title='bbox 1717 1807 1842 1869; x_wconf 87' lang='lat' dir='ltr'><strong>viri,</strong></span> <span class='ocrx_word' id='word_1_233' title='bbox 1879 1807 1982 1861; x_wconf 89' lang='lat' dir='ltr'><strong>nisi</strong></span> 
     </span>
    </p>
   </div>
   <div class='ocr_carea' id='block_1_33' title="bbox 2098 1799 3672 1878">
    <p class='ocr_par' dir='ltr' id='par_1_33' title="bbox 2098 1801 3672 1878">
     <span class='ocr_line' id='line_1_33' title="bbox 2098 1801 3672 1878; baseline -0.002 -20"><span class='ocrx_word' id='word_1_234' title='bbox 2098 1805 2313 1876; x_wconf 85' lang='grc' dir='ltr'>χείρους</span> <span class='ocrx_word' id='word_1_235' title='bbox 2331 1801 2496 1878; x_wconf 75' lang='grc' dir='ltr'><strong>ἦσαν.</strong></span> <span class='ocrx_word' id='word_1_236' title='bbox 2523 1807 2586 1860; x_wconf 85' lang='lat' dir='ltr'><strong>Ei</strong></span> <span class='ocrx_word' id='word_1_237' title='bbox 2616 1806 2674 1860; x_wconf 84' lang='grc' dir='ltr'><strong>δὲ</strong></span> <span class='ocrx_word' id='word_1_238' title='bbox 2707 1805 2910 1870; x_wconf 82' lang='grc' dir='ltr'>ἀδίκως</span> <span class='ocrx_word' id='word_1_239' title='bbox 2939 1805 3123 1860; x_wconf 83' lang='grc' dir='ltr'><strong>αὐτῶν</strong></span> <span class='ocrx_word' id='word_1_240' title='bbox 3152 1805 3348 1859; x_wconf 86' lang='grc' dir='ltr'><strong>ἑκεῖνοι</strong></span> <span class='ocrx_word' id='word_1_241' title='bbox 3375 1801 3672 1870; x_wconf 75' lang='grc' dir='ltr'><strong>κατεψηφί-</strong></span> 
     </span>
    </p>
   </div>
   <div class='ocr_carea' id='block_1_34' title="bbox 386 1867 1987 1968">
    <p class='ocr_par' dir='ltr' id='par_1_34' title="bbox 386 1891 1982 1957">
     <span class='ocr_line' id='line_1_34' title="bbox 386 1891 1982 1957; baseline 0.01 -17"><span class='ocrx_word' id='word_1_242' title='bbox 386 1891 590 1944; x_wconf 70' lang='grc' dir='ltr'><strong>ιιξτοτοε</strong></span> <span class='ocrx_word' id='word_1_243' title='bbox 649 1893 936 1949; x_wconf 81' lang='lat' dir='ltr'><strong>manifeste</strong></span> <span class='ocrx_word' id='word_1_244' title='bbox 970 1894 1290 1950; x_wconf 89' lang='lat' dir='ltr'><strong>calumniari</strong></span> <span class='ocrx_word' id='word_1_245' title='bbox 1321 1898 1590 1952; x_wconf 82' lang='lat' dir='ltr'><strong>volumus.</strong></span> <span class='ocrx_word' id='word_1_246' title='bbox 1648 1898 1859 1954; x_wconf 82' lang='lat' dir='ltr'><strong>Etenim</strong></span> <span class='ocrx_word' id='word_1_247' title='bbox 1934 1900 1982 1957; x_wconf 88' lang='lat' dir='ltr'><strong>si</strong></span> 
     </span>
    </p>
   </div>
   <div class='ocr_carea' id='block_1_35' title="bbox 2098 1867 3672 1968">
    <p class='ocr_par' dir='ltr' id='par_1_35' title="bbox 2098 1867 3672 1968">
     <span class='ocr_line' id='line_1_35' title="bbox 2098 1867 3672 1968; baseline -0.005 -16"><span class='ocrx_word' id='word_1_248' title='bbox 2098 1867 2621 1963; x_wconf 39' lang='grc' dir='ltr'><strong>σαντα-ἀδικεῖσθαι</strong></span> <span class='ocrx_word' id='word_1_249' title='bbox 2653 1901 2768 1962; x_wconf 88' lang='grc' dir='ltr'><strong>τοῖς</strong></span> <span class='ocrx_word' id='word_1_250' title='bbox 2815 1867 3074 1968; x_wconf 79' lang='grc' dir='ltr'><strong>ἀνδράσιν</strong></span> <span class='ocrx_word' id='word_1_251' title='bbox 3125 1895 3424 1967; x_wconf 80' lang='grc' dir='ltr'><strong>περίεστιν,</strong></span> <span class='ocrx_word' id='word_1_252' title='bbox 3466 1867 3672 1946; x_wconf 74' lang='grc' dir='ltr'><strong>ἀδικεῖν</strong></span> 
     </span>
    </p>
   </div>
   <div class='ocr_carea' id='block_1_36' title="bbox 387 1981 1986 2057">
    <p class='ocr_par' dir='ltr' id='par_1_36' title="bbox 387 1981 1986 2057">
     <span class='ocr_line' id='line_1_36' title="bbox 387 1981 1986 2057; baseline 0.009 -26"><span class='ocrx_word' id='word_1_253' title='bbox 387 1992 534 2033; x_wconf 74' lang='lat' dir='ltr'><strong>reete</strong></span> <span class='ocrx_word' id='word_1_254' title='bbox 588 1981 702 2035; x_wconf 86' lang='lat' dir='ltr'><strong>sint</strong></span> <span class='ocrx_word' id='word_1_255' title='bbox 759 1986 1133 2049; x_wconf 87' lang='lat' dir='ltr'><strong>condemnati,</strong></span> <span class='ocrx_word' id='word_1_256' title='bbox 1195 1986 1294 2053; x_wconf 88' lang='lat' dir='ltr'><strong>ipsi</strong></span> <span class='ocrx_word' id='word_1_257' title='bbox 1357 1989 1573 2057; x_wconf 91' lang='lat' dir='ltr'><strong>quidem</strong></span> <span class='ocrx_word' id='word_1_258' title='bbox 1645 1990 1851 2046; x_wconf 91' lang='lat' dir='ltr'><strong>fuerint</strong></span> <span class='ocrx_word' id='word_1_259' title='bbox 1884 1993 1986 2046; x_wconf 88' lang='lat' dir='ltr'><strong>im-</strong></span> 
     </span>
    </p>
   </div>
   <div class='ocr_carea' id='block_1_37' title="bbox 389 2072 1980 2152">
    <p class='ocr_par' dir='ltr' id='par_1_37' title="bbox 389 2072 1980 2152">
     <span class='ocr_line' id='line_1_37' title="bbox 389 2072 1980 2152; baseline 0.01 -28"><span class='ocrx_word' id='word_1_260' title='bbox 389 2072 578 2138; x_wconf 69' lang='lat' dir='ltr'><strong>probi;</strong></span> <span class='ocrx_word' id='word_1_261' title='bbox 614 2075 844 2142; x_wconf 86' lang='lat' dir='ltr'><strong>populus</strong></span> <span class='ocrx_word' id='word_1_262' title='bbox 876 2076 1054 2132; x_wconf 84' lang='lat' dir='ltr'><strong>oﬂicio</strong></span> <span class='ocrx_word' id='word_1_263' title='bbox 1079 2094 1178 2133; x_wconf 89' lang='lat' dir='ltr'><strong>suo</strong></span> <span class='ocrx_word' id='word_1_264' title='bbox 1226 2079 1443 2136; x_wconf 88' lang='lat' dir='ltr'><strong>functus</strong></span> <span class='ocrx_word' id='word_1_265' title='bbox 1474 2089 1576 2136; x_wconf 87' lang='lat' dir='ltr'><strong>est.</strong></span> <span class='ocrx_word' id='word_1_266' title='bbox 1626 2082 1816 2152; x_wconf 89' lang='lat' dir='ltr'><strong>Itaque</strong></span> <span class='ocrx_word' id='word_1_267' title='bbox 1873 2101 1980 2139; x_wconf 89' lang='lat' dir='ltr'><strong>non</strong></span> 
     </span>
    </p>
   </div>
   <div class='ocr_carea' id='block_1_38' title="bbox 390 2163 1985 2244">
    <p class='ocr_par' dir='ltr' id='par_1_38' title="bbox 390 2163 1985 2244">
     <span class='ocr_line' id='line_1_38' title="bbox 390 2163 1985 2244; baseline 0.009 -31"><span class='ocrx_word' id='word_1_268' title='bbox 390 2163 641 2219; x_wconf 60' lang='lat' dir='ltr'><strong>debetob</strong></span> <span class='ocrx_word' id='word_1_269' title='bbox 683 2165 822 2220; x_wconf 89' lang='lat' dir='ltr'><strong>hanc</strong></span> <span class='ocrx_word' id='word_1_270' title='bbox 870 2183 986 2221; x_wconf 90' lang='lat' dir='ltr'><strong>rem</strong></span> <span class='ocrx_word' id='word_1_271' title='bbox 1032 2169 1252 2238; x_wconf 87' lang='lat' dir='ltr'><strong>quidem</strong></span> <span class='ocrx_word' id='word_1_272' title='bbox 1305 2170 1550 2241; x_wconf 83' lang='lat' dir='ltr'><strong>culpari,</strong></span> <span class='ocrx_word' id='word_1_273' title='bbox 1605 2188 1674 2227; x_wconf 88' lang='lat' dir='ltr'><strong>an</strong></span> <span class='ocrx_word' id='word_1_274' title='bbox 1701 2190 1831 2244; x_wconf 82' lang='lat' dir='ltr'><strong>ergo</strong></span> <span class='ocrx_word' id='word_1_275' title='bbox 1862 2190 1985 2229; x_wconf 93' lang='lat' dir='ltr'><strong>cum</strong></span> 
     </span>
    </p>
   </div>
   <div class='ocr_carea' id='block_1_39' title="bbox 391 2257 1990 2340">
    <p class='ocr_par' dir='ltr' id='par_1_39' title="bbox 391 2257 1990 2340">
     <span class='ocr_line' id='line_1_39' title="bbox 391 2257 1990 2340; baseline 0.011 -36"><span class='ocrx_word' id='word_1_276' title='bbox 391 2267 517 2307; x_wconf 84' lang='lat' dir='ltr'><strong>eum</strong></span> <span class='ocrx_word' id='word_1_277' title='bbox 559 2273 681 2310; x_wconf 88' lang='lat' dir='ltr'><strong>cttm</strong></span> <span class='ocrx_word' id='word_1_278' title='bbox 725 2257 1116 2316; x_wconf 81' lang='lat' dir='ltr'><strong>ferocientibus</strong></span> <span class='ocrx_word' id='word_1_279' title='bbox 1160 2262 1345 2317; x_wconf 89' lang='lat' dir='ltr'><strong>bestiis</strong></span> <span class='ocrx_word' id='word_1_280' title='bbox 1396 2279 1808 2334; x_wconf 86' lang='lat' dir='ltr'><strong>comparamus,</strong></span> <span class='ocrx_word' id='word_1_281' title='bbox 1841 2279 1990 2340; x_wconf 78' lang='lat' dir='ltr'><strong>recte</strong></span> 
     </span>
    </p>
   </div>
   <div class='ocr_carea' id='block_1_40' title="bbox 393 2345 1989 2427">
    <p class='ocr_par' dir='ltr' id='par_1_40' title="bbox 393 2345 1989 2427">
     <span class='ocr_line' id='line_1_40' title="bbox 393 2345 1989 2427; baseline 0.009 -30"><span class='ocrx_word' id='word_1_282' title='bbox 393 2362 492 2398; x_wconf 75' lang='lat' dir='ltr'><strong>nos</strong></span> <span class='ocrx_word' id='word_1_283' title='bbox 527 2345 710 2403; x_wconf 83' lang='lat' dir='ltr'><strong>facere</strong></span> <span class='ocrx_word' id='word_1_284' title='bbox 784 2349 1068 2406; x_wconf 84' lang='lat' dir='ltr'><strong>dicemus?</strong></span> <span class='ocrx_word' id='word_1_285' title='bbox 1126 2352 1222 2408; x_wconf 87' lang='lat' dir='ltr'><strong>Sin</strong></span> <span class='ocrx_word' id='word_1_286' title='bbox 1274 2356 1530 2424; x_wconf 79' lang='lat' dir='ltr'><strong>peccavit</strong></span> <span class='ocrx_word' id='word_1_287' title='bbox 1582 2357 1842 2427; x_wconf 88' lang='lat' dir='ltr'><strong>populus,</strong></span> <span class='ocrx_word' id='word_1_288' title='bbox 1880 2375 1989 2413; x_wconf 87' lang='lat' dir='ltr'><strong>una</strong></span> 
     </span>
    </p>
   </div>
   <div class='ocr_carea' id='block_1_41' title="bbox 393 2440 1986 2517">
    <p class='ocr_par' dir='ltr' id='par_1_41' title="bbox 393 2440 1986 2517">
     <span class='ocr_line' id='line_1_41' title="bbox 393 2440 1986 2517; baseline 0.013 -29"><span class='ocrx_word' id='word_1_289' title='bbox 393 2452 518 2492; x_wconf 87' lang='lat' dir='ltr'><strong>cum</strong></span> <span class='ocrx_word' id='word_1_290' title='bbox 575 2440 765 2509; x_wconf 83' lang='lat' dir='ltr'><strong>ipsius,</strong></span> <span class='ocrx_word' id='word_1_291' title='bbox 818 2453 1043 2512; x_wconf 87' lang='lat' dir='ltr'><strong>peccato</strong></span> <span class='ocrx_word' id='word_1_292' title='bbox 1100 2447 1344 2502; x_wconf 85' lang='lat' dir='ltr'><strong>virorum</strong></span> <span class='ocrx_word' id='word_1_293' title='bbox 1423 2450 1679 2517; x_wconf 88' lang='lat' dir='ltr'><strong>probrum</strong></span> <span class='ocrx_word' id='word_1_294' title='bbox 1739 2451 1986 2508; x_wconf 87' lang='lat' dir='ltr'><strong>diluitur.</strong></span> 
     </span>
    </p>
   </div>
   <div class='ocr_carea' id='block_1_42' title="bbox 397 2529 1977 2610">
    <p class='ocr_par' dir='ltr' id='par_1_42' title="bbox 397 2529 1977 2610">
     <span class='ocr_line' id='line_1_42' title="bbox 397 2529 1977 2610; baseline 0.009 -28"><span class='ocrx_word' id='word_1_295' title='bbox 397 2529 453 2584; x_wconf 89' lang='lat' dir='ltr'><strong>lu</strong></span> <span class='ocrx_word' id='word_1_296' title='bbox 488 2531 588 2586; x_wconf 90' lang='lat' dir='ltr'><strong>hoc</strong></span> <span class='ocrx_word' id='word_1_297' title='bbox 619 2535 763 2587; x_wconf 88' lang='lat' dir='ltr'><strong>enim</strong></span> <span class='ocrx_word' id='word_1_298' title='bbox 799 2536 916 2603; x_wconf 86' lang='lat' dir='ltr'><strong>ipso</strong></span> <span class='ocrx_word' id='word_1_299' title='bbox 953 2537 1315 2594; x_wconf 83' lang='lat' dir='ltr'><strong>Athenienses</strong></span> <span class='ocrx_word' id='word_1_300' title='bbox 1362 2540 1664 2610; x_wconf 84' lang='lat' dir='ltr'><strong>deliquisse</strong></span> <span class='ocrx_word' id='word_1_301' title='bbox 1715 2544 1977 2610; x_wconf 87' lang='lat' dir='ltr'><strong>dicimus,</strong></span> 
     </span>
    </p>
   </div>
   <div class='ocr_carea' id='block_1_43' title="bbox 394 2619 1977 2700">
    <p class='ocr_par' dir='ltr' id='par_1_43' title="bbox 394 2619 1977 2700">
     <span class='ocr_line' id='line_1_43' title="bbox 394 2619 1977 2700; baseline 0.012 -33"><span class='ocrx_word' id='word_1_302' title='bbox 394 2619 536 2686; x_wconf 86' lang='lat' dir='ltr'><strong>quod</strong></span> <span class='ocrx_word' id='word_1_303' title='bbox 562 2620 682 2673; x_wconf 88' lang='lat' dir='ltr'><strong>illus</strong></span> <span class='ocrx_word' id='word_1_304' title='bbox 740 2623 954 2687; x_wconf 77' lang='lat' dir='ltr'><strong>exsilio,</strong></span> <span class='ocrx_word' id='word_1_305' title='bbox 1017 2627 1265 2694; x_wconf 85' lang='lat' dir='ltr'><strong>pecunia,</strong></span> <span class='ocrx_word' id='word_1_306' title='bbox 1319 2627 1400 2681; x_wconf 90' lang='lat' dir='ltr'><strong>vel</strong></span> <span class='ocrx_word' id='word_1_307' title='bbox 1436 2628 1541 2683; x_wconf 90' lang='lat' dir='ltr'><strong>alia</strong></span> <span class='ocrx_word' id='word_1_308' title='bbox 1566 2644 1625 2684; x_wconf 89' lang='lat' dir='ltr'><strong>re</strong></span> <span class='ocrx_word' id='word_1_309' title='bbox 1648 2645 1977 2700; x_wconf 89' lang='lat' dir='ltr'><strong>quacunque</strong></span> 
     </span>
    </p>
   </div>
   <div class='ocr_carea' id='block_1_44' title="bbox 399 2710 1995 2781">
    <p class='ocr_par' dir='ltr' id='par_1_44' title="bbox 399 2710 1995 2781">
     <span class='ocr_line' id='line_1_44' title="bbox 399 2710 1995 2781; baseline 0.011 -19"><span class='ocrx_word' id='word_1_310' title='bbox 399 2710 723 2768; x_wconf 84' lang='lat' dir='ltr'><strong>multarunt.</strong></span> <span class='ocrx_word' id='word_1_311' title='bbox 763 2714 904 2781; x_wconf 85' lang='lat' dir='ltr'><strong>Quid</strong></span> <span class='ocrx_word' id='word_1_312' title='bbox 939 2726 1118 2771; x_wconf 88' lang='lat' dir='ltr'><strong>autem</strong></span> <span class='ocrx_word' id='word_1_313' title='bbox 1153 2719 1272 2773; x_wconf 70' lang='lat' dir='ltr'><strong>hare</strong></span> <span class='ocrx_word' id='word_1_314' title='bbox 1313 2719 1473 2775; x_wconf 79' lang='lat' dir='ltr'><strong>affert</strong></span> <span class='ocrx_word' id='word_1_315' title='bbox 1515 2722 1701 2776; x_wconf 88' lang='lat' dir='ltr'><strong>ratio?</strong></span> <span class='ocrx_word' id='word_1_316' title='bbox 1741 2723 1873 2778; x_wconf 91' lang='lat' dir='ltr'><strong>nihil</strong></span> <span class='ocrx_word' id='word_1_317' title='bbox 1899 2738 1995 2779; x_wconf 81' lang='lat' dir='ltr'><strong>eos</strong></span> 
     </span>
    </p>
   </div>
   <div class='ocr_carea' id='block_1_45' title="bbox 398 2802 1993 2879">
    <p class='ocr_par' dir='ltr' id='par_1_45' title="bbox 398 2802 1993 2879">
     <span class='ocr_line' id='line_1_45' title="bbox 398 2802 1993 2879; baseline 0.01 -25"><span class='ocrx_word' id='word_1_318' title='bbox 398 2802 591 2856; x_wconf 90' lang='lat' dir='ltr'><strong>horum</strong></span> <span class='ocrx_word' id='word_1_319' title='bbox 629 2806 856 2862; x_wconf 90' lang='lat' dir='ltr'><strong>meritos</strong></span> <span class='ocrx_word' id='word_1_320' title='bbox 890 2822 1032 2863; x_wconf 89' lang='lat' dir='ltr'><strong>esse.</strong></span> <span class='ocrx_word' id='word_1_321' title='bbox 1067 2809 1233 2879; x_wconf 78' lang='lat' dir='ltr'><strong>Atqui</strong></span> <span class='ocrx_word' id='word_1_322' title='bbox 1269 2810 1312 2865; x_wconf 94' lang='lat' dir='ltr'><strong>si</strong></span> <span class='ocrx_word' id='word_1_323' title='bbox 1357 2811 1498 2865; x_wconf 88' lang='lat' dir='ltr'><strong>male</strong></span> <span class='ocrx_word' id='word_1_324' title='bbox 1518 2812 1784 2878; x_wconf 79' lang='lat' dir='ltr'><strong>fecerant,</strong></span> <span class='ocrx_word' id='word_1_325' title='bbox 1815 2815 1993 2870; x_wconf 91' lang='lat' dir='ltr'><strong>meriti</strong></span> 
     </span>
    </p>
   </div>
   <div class='ocr_carea' id='block_1_46' title="bbox 397 2900 1996 2978">
    <p class='ocr_par' dir='ltr' id='par_1_46' title="bbox 397 2900 1996 2978">
     <span class='ocr_line' id='line_1_46' title="bbox 397 2900 1996 2978; baseline 0.011 -31"><span class='ocrx_word' id='word_1_326' title='bbox 397 2904 604 2961; x_wconf 86' lang='lat' dir='ltr'><strong>erant;</strong></span> <span class='ocrx_word' id='word_1_327' title='bbox 651 2900 911 2967; x_wconf 91' lang='lat' dir='ltr'><strong>quoniam</strong></span> <span class='ocrx_word' id='word_1_328' title='bbox 961 2911 1146 2956; x_wconf 88' lang='lat' dir='ltr'><strong>autem</strong></span> <span class='ocrx_word' id='word_1_329' title='bbox 1203 2905 1387 2958; x_wconf 90' lang='lat' dir='ltr'><strong>meriti</strong></span> <span class='ocrx_word' id='word_1_330' title='bbox 1430 2921 1536 2960; x_wconf 89' lang='lat' dir='ltr'><strong>non</strong></span> <span class='ocrx_word' id='word_1_331' title='bbox 1567 2918 1746 2974; x_wconf 90' lang='lat' dir='ltr'><strong>erant,</strong></span> <span class='ocrx_word' id='word_1_332' title='bbox 1790 2908 1996 2978; x_wconf 90' lang='lat' dir='ltr'><strong>liquido</strong></span> 
     </span>
    </p>
   </div>
   <div class='ocr_carea' id='block_1_47' title="bbox 398 2987 1992 3072">
    <p class='ocr_par' dir='ltr' id='par_1_47' title="bbox 398 2987 1992 3072">
     <span class='ocr_line' id='line_1_47' title="bbox 398 2987 1992 3072; baseline 0.013 -32"><span class='ocrx_word' id='word_1_333' title='bbox 398 2987 674 3060; x_wconf 76' lang='lat' dir='ltr'><strong>colligitur</strong></span> <span class='ocrx_word' id='word_1_334' title='bbox 733 2995 878 3050; x_wconf 90' lang='lat' dir='ltr'><strong>male</strong></span> <span class='ocrx_word' id='word_1_335' title='bbox 931 2997 1066 3052; x_wconf 89' lang='lat' dir='ltr'><strong>nihil</strong></span> <span class='ocrx_word' id='word_1_336' title='bbox 1118 2997 1331 3055; x_wconf 88' lang='lat' dir='ltr'><strong>fecisse.</strong></span> <span class='ocrx_word' id='word_1_337' title='bbox 1363 2999 1485 3055; x_wconf 86' lang='lat' dir='ltr'><strong>Jam</strong></span> <span class='ocrx_word' id='word_1_338' title='bbox 1521 3003 1612 3072; x_wconf 90' lang='lat' dir='ltr'><strong>qui</strong></span> <span class='ocrx_word' id='word_1_339' title='bbox 1656 3004 1841 3071; x_wconf 89' lang='lat' dir='ltr'><strong>probis</strong></span> <span class='ocrx_word' id='word_1_340' title='bbox 1872 3020 1992 3060; x_wconf 88' lang='lat' dir='ltr'><strong>ma-</strong></span> 
     </span>
    </p>
   </div>
   <div class='ocr_carea' id='block_1_48' title="bbox 403 3079 1998 3169">
    <p class='ocr_par' dir='ltr' id='par_1_48' title="bbox 403 3079 1998 3169">
     <span class='ocr_line' id='line_1_48' title="bbox 403 3079 1998 3169; baseline 0.014 -38"><span class='ocrx_word' id='word_1_341' title='bbox 403 3079 663 3146; x_wconf 87' lang='lat' dir='ltr'><strong>ledicunt,</strong></span> <span class='ocrx_word' id='word_1_342' title='bbox 697 3093 752 3138; x_wconf 89' lang='lat' dir='ltr'><strong>et</strong></span> <span class='ocrx_word' id='word_1_343' title='bbox 793 3087 1099 3146; x_wconf 86' lang='lat' dir='ltr'><strong>calumnias</strong></span> <span class='ocrx_word' id='word_1_344' title='bbox 1164 3091 1437 3162; x_wconf 87' lang='lat' dir='ltr'><strong>ingerunt,</strong></span> <span class='ocrx_word' id='word_1_345' title='bbox 1474 3110 1580 3149; x_wconf 90' lang='lat' dir='ltr'><strong>non</strong></span> <span class='ocrx_word' id='word_1_346' title='bbox 1618 3096 1807 3166; x_wconf 91' lang='lat' dir='ltr'><strong>utique</strong></span> <span class='ocrx_word' id='word_1_347' title='bbox 1829 3099 1998 3169; x_wconf 87' lang='lat' dir='ltr'><strong>probe</strong></span> 
     </span>
    </p>
   </div>
   <div class='ocr_carea' id='block_1_49' title="bbox 2093 1985 3678 2060">
    <p class='ocr_par' dir='ltr' id='par_1_49' title="bbox 2093 1985 3678 2060">
     <span class='ocr_line' id='line_1_49' title="bbox 2093 1985 3678 2060; baseline -0.004 -17"><span class='ocrx_word' id='word_1_348' title='bbox 2093 1990 2148 2043; x_wconf 89' lang='grc' dir='ltr'><strong>δὲ</strong></span> <span class='ocrx_word' id='word_1_349' title='bbox 2176 1993 2222 2024; x_wconf 77' lang='grc'><strong>³⁸</strong></span> <span class='ocrx_word' id='word_1_350' title='bbox 2257 1991 2511 2057; x_wconf 81' lang='grc' dir='ltr'><strong>οὐδαμῶς</strong></span> <span class='ocrx_word' id='word_1_351' title='bbox 2529 2006 2544 2020; x_wconf 84' lang='lat'><strong><em>°</em></strong></span> <span class='ocrx_word' id='word_1_352' title='bbox 2575 1993 2688 2054; x_wconf 89' lang='grc' dir='ltr'><strong>τοῖς</strong></span> <span class='ocrx_word' id='word_1_353' title='bbox 2715 1989 2759 2044; x_wconf 76' lang='grc' dir='ltr'><strong>δ’</strong></span> <span class='ocrx_word' id='word_1_354' title='bbox 2787 1988 3094 2060; x_wconf 82' lang='grc' dir='ltr'><strong>ἀδικηθεῖσι</strong></span> <span class='ocrx_word' id='word_1_355' title='bbox 3121 1987 3356 2059; x_wconf 87' lang='grc' dir='ltr'><strong>βοηθεῖν,</strong></span> <span class='ocrx_word' id='word_1_356' title='bbox 3380 1985 3480 2038; x_wconf 81' lang='grc' dir='ltr'><strong>οὐκ</strong></span> <span class='ocrx_word' id='word_1_357' title='bbox 3509 1988 3678 2053; x_wconf 80' lang='grc' dir='ltr'><strong>ἐγκα-</strong></span> 
     </span>
    </p>
   </div>
   <div class='ocr_carea' id='block_1_50' title="bbox 2093 2076 3679 2152">
    <p class='ocr_par' dir='ltr' id='par_1_50' title="bbox 2093 2076 3679 2152">
     <span class='ocr_line' id='line_1_50' title="bbox 2093 2076 3679 2152; baseline -0.003 -18"><span class='ocrx_word' id='word_1_358' title='bbox 2093 2082 2208 2135; x_wconf 90' lang='grc' dir='ltr'><strong>λεῖν</strong></span> <span class='ocrx_word' id='word_1_359' title='bbox 2235 2082 2383 2146; x_wconf 83' lang='grc' dir='ltr'><strong>εἰκός</strong></span> <span class='ocrx_word' id='word_1_360' title='bbox 2415 2084 2584 2137; x_wconf 85' lang='grc' dir='ltr'><strong>ἑστιν.</strong></span> <span class='ocrx_word' id='word_1_361' title='bbox 2623 2082 2686 2136; x_wconf 81' lang='lat' dir='ltr'><strong>Ei</strong></span> <span class='ocrx_word' id='word_1_362' title='bbox 2737 2083 2794 2136; x_wconf 88' lang='grc' dir='ltr'><strong>δέ</strong></span> <span class='ocrx_word' id='word_1_363' title='bbox 2837 2099 2921 2135; x_wconf 90' lang='grc' dir='ltr'><strong>τοι</strong></span> <span class='ocrx_word' id='word_1_364' title='bbox 2953 2082 3046 2135; x_wconf 82' lang='grc' dir='ltr'><strong>καὶ</strong></span> <span class='ocrx_word' id='word_1_365' title='bbox 3077 2080 3152 2152; x_wconf 77' lang='grc' dir='ltr'><strong>μὴ</strong></span> <span class='ocrx_word' id='word_1_366' title='bbox 3189 2078 3413 2134; x_wconf 81' lang='grc' dir='ltr'><strong>δυνατὸν</strong></span> <span class='ocrx_word' id='word_1_367' title='bbox 3439 2076 3679 2148; x_wconf 78' lang='grc' dir='ltr'><strong>βοηθεῖν,</strong></span> 
     </span>
    </p>
   </div>
   <div class='ocr_carea' id='block_1_51' title="bbox 2095 2168 3682 2245">
    <p class='ocr_par' dir='ltr' id='par_1_51' title="bbox 2095 2168 3682 2245">
     <span class='ocr_line' id='line_1_51' title="bbox 2095 2168 3682 2245; baseline -0.004 -17"><span class='ocrx_word' id='word_1_368' title='bbox 2095 2175 2210 2228; x_wconf 84' lang='grc' dir='ltr'><strong>ἀλλ’</strong></span> <span class='ocrx_word' id='word_1_369' title='bbox 2241 2175 2364 2245; x_wconf 77' lang='grc' dir='ltr'><strong>οὐχὶ</strong></span> <span class='ocrx_word' id='word_1_370' title='bbox 2396 2176 2516 2244; x_wconf 62' lang='grc' dir='ltr'><strong>καὶ,</strong></span> <span class='ocrx_word' id='word_1_371' title='bbox 2533 2175 2741 2228; x_wconf 87' lang='grc' dir='ltr'><strong>δίκαιον</strong></span> <span class='ocrx_word' id='word_1_372' title='bbox 2781 2173 3056 2242; x_wconf 82' lang='grc' dir='ltr'><strong>ἐγκαλεῖν.</strong></span> <span class='ocrx_word' id='word_1_373' title='bbox 3107 2172 3248 2242; x_wconf 82' lang='grc' dir='ltr'><strong>Ἐγὼ</strong></span> <span class='ocrx_word' id='word_1_374' title='bbox 3274 2171 3331 2225; x_wconf 82' lang='grc' dir='ltr'><strong>δὲ</strong></span> <span class='ocrx_word' id='word_1_375' title='bbox 3372 2169 3549 2224; x_wconf 82' lang='grc' dir='ltr'><strong>ταῦτα</strong></span> <span class='ocrx_word' id='word_1_376' title='bbox 3579 2168 3682 2238; x_wconf 80' lang='grc' dir='ltr'><strong>μὲν</strong></span> 
     </span>
    </p>
   </div>
   <div class='ocr_carea' id='block_1_52' title="bbox 2095 2261 3682 2340">
    <p class='ocr_par' dir='ltr' id='par_1_52' title="bbox 2095 2261 3682 2340">
     <span class='ocr_line' id='line_1_52' title="bbox 2095 2261 3682 2340; baseline -0.004 -20"><span class='ocrx_word' id='word_1_377' title='bbox 2095 2269 2208 2330; x_wconf 88' lang='grc' dir='ltr'><strong>τοῖς</strong></span> <span class='ocrx_word' id='word_1_378' title='bbox 2238 2267 2601 2340; x_wconf 78' lang='grc' dir='ltr'><strong>κομψοτέροις</strong></span> <span class='ocrx_word' id='word_1_379' title='bbox 2629 2266 2896 2337; x_wconf 85' lang='grc' dir='ltr'><strong>παρίημι·</strong></span> <span class='ocrx_word' id='word_1_380' title='bbox 2924 2265 3089 2328; x_wconf 76' lang='grc' dir='ltr'><strong>αὐτὸς</strong></span> <span class='ocrx_word' id='word_1_381' title='bbox 3114 2264 3171 2318; x_wconf 79' lang='grc' dir='ltr'><strong>δὲ</strong></span> <span class='ocrx_word' id='word_1_382' title='bbox 3189 2264 3242 2318; x_wconf 87' lang='grc' dir='ltr'><strong>τί</strong></span> <span class='ocrx_word' id='word_1_383' title='bbox 3267 2281 3410 2334; x_wconf 81' lang='grc' dir='ltr'><strong>φημι</strong></span> <span class='ocrx_word' id='word_1_384' title='bbox 3438 2263 3534 2318; x_wconf 72' lang='grc' dir='ltr'><strong>καὶ</strong></span> <span class='ocrx_word' id='word_1_385' title='bbox 3561 2261 3682 2324; x_wconf 84' lang='grc' dir='ltr'><strong>πῶς</strong></span> 
     </span>
    </p>
   </div>
   <div class='ocr_carea' id='block_1_53' title="bbox 2095 2353 3684 2428">
    <p class='ocr_par' dir='ltr' id='par_1_53' title="bbox 2095 2353 3684 2428">
     <span class='ocr_line' id='line_1_53' title="bbox 2095 2353 3684 2428; baseline -0.006 -16"><span class='ocrx_word' id='word_1_386' title='bbox 2095 2358 2328 2428; x_wconf 87' lang='grc' dir='ltr'><strong>δέχομαι</strong></span> <span class='ocrx_word' id='word_1_387' title='bbox 2358 2358 2454 2411; x_wconf 82' lang='grc' dir='ltr'><strong>τὸν</strong></span> <span class='ocrx_word' id='word_1_388' title='bbox 2500 2357 2657 2425; x_wconf 87' lang='grc' dir='ltr'><strong>λόγον</strong></span> <span class='ocrx_word' id='word_1_389' title='bbox 2683 2374 2698 2422; x_wconf 88' lang='grc'>;</span> <span class='ocrx_word' id='word_1_390' title='bbox 2728 2357 2843 2410; x_wconf 84' lang='grc' dir='ltr'><strong>Οὐκ</strong></span> <span class='ocrx_word' id='word_1_391' title='bbox 2891 2355 3008 2410; x_wconf 74' lang='grc' dir='ltr'><strong>ἔστι</strong></span> <span class='ocrx_word' id='word_1_392' title='bbox 3048 2356 3257 2410; x_wconf 88' lang='grc' dir='ltr'><strong>δίκαιον</strong></span> <span class='ocrx_word' id='word_1_393' title='bbox 3313 2354 3430 2425; x_wconf 71' lang='grc' dir='ltr'><strong>ἅμα</strong></span> <span class='ocrx_word' id='word_1_394' title='bbox 3477 2353 3684 2423; x_wconf 79' lang='grc' dir='ltr'><strong>ἀμφοῖν</strong></span> 
     </span>
    </p>
   </div>
   <div class='ocr_carea' id='block_1_54' title="bbox 2097 2445 3686 2523">
    <p class='ocr_par' dir='ltr' id='par_1_54' title="bbox 2097 2445 3686 2523">
     <span class='ocr_line' id='line_1_54' title="bbox 2097 2445 3686 2523; baseline -0.007 -16"><span class='ocrx_word' id='word_1_395' title='bbox 2097 2455 2451 2523; x_wconf 83' lang='grc' dir='ltr'><strong>κατηγορεῖν,</strong></span> <span class='ocrx_word' id='word_1_396' title='bbox 2484 2452 2580 2505; x_wconf 76' lang='grc' dir='ltr'><strong>καὶ</strong></span> <span class='ocrx_word' id='word_1_397' title='bbox 2612 2450 2707 2504; x_wconf 84' lang='grc' dir='ltr'><strong>τοῦ</strong></span> <span class='ocrx_word' id='word_1_398' title='bbox 2736 2450 2912 2521; x_wconf 78' lang='grc' dir='ltr'><strong>δήμου</strong></span> <span class='ocrx_word' id='word_1_399' title='bbox 2943 2448 3244 2505; x_wconf 83' lang='grc' dir='ltr'><strong>κάκείνων·</strong></span> <span class='ocrx_word' id='word_1_400' title='bbox 3281 2448 3314 2519; x_wconf 80' lang='grc' dir='ltr'>ἢ</span> <span class='ocrx_word' id='word_1_401' title='bbox 3341 2446 3527 2517; x_wconf 82' lang='grc' dir='ltr'><strong>σαφῶς</strong></span> <span class='ocrx_word' id='word_1_402' title='bbox 3556 2445 3686 2508; x_wconf 79' lang='grc' dir='ltr'><strong>τοὺς</strong></span> 
     </span>
    </p>
   </div>
   <div class='ocr_carea' id='block_1_55' title="bbox 2100 2538 3686 2616">
    <p class='ocr_par' dir='ltr' id='par_1_55' title="bbox 2100 2538 3686 2616">
     <span class='ocr_line' id='line_1_55' title="bbox 2100 2538 3686 2616; baseline -0.007 -16"><span class='ocrx_word' id='word_1_403' title='bbox 2100 2547 2322 2616; x_wconf 87' lang='grc' dir='ltr'><strong>ἑτέρους</strong></span> <span class='ocrx_word' id='word_1_404' title='bbox 2360 2545 2865 2615; x_wconf 79' lang='grc' dir='ltr'><strong>συκοφαντήσομεν.</strong></span> <span class='ocrx_word' id='word_1_405' title='bbox 2902 2543 2964 2596; x_wconf 81' lang='lat' dir='ltr'><strong>Ei</strong></span> <span class='ocrx_word' id='word_1_406' title='bbox 3014 2541 3112 2612; x_wconf 82' lang='grc' dir='ltr'><strong>μὲν</strong></span> <span class='ocrx_word' id='word_1_407' title='bbox 3140 2540 3250 2612; x_wconf 88' lang='grc' dir='ltr'><strong>γάρ</strong></span> <span class='ocrx_word' id='word_1_408' title='bbox 3285 2539 3463 2611; x_wconf 86' lang='grc' dir='ltr'><strong>ὀρθῶς</strong></span> <span class='ocrx_word' id='word_1_409' title='bbox 3497 2538 3686 2592; x_wconf 78' lang='grc' dir='ltr'><strong>ἑκεῖνα</strong></span> 
     </span>
    </p>
   </div>
   <div class='ocr_carea' id='block_1_56' title="bbox 2100 2627 3687 2706">
    <p class='ocr_par' dir='ltr' id='par_1_56' title="bbox 2100 2627 3687 2706">
     <span class='ocr_line' id='line_1_56' title="bbox 2100 2627 3687 2706; baseline -0.006 -17"><span class='ocrx_word' id='word_1_410' title='bbox 2100 2635 2479 2705; x_wconf 85' lang='grc' dir='ltr'><strong>κατεγνώσθη,</strong></span> <span class='ocrx_word' id='word_1_411' title='bbox 2511 2635 2732 2705; x_wconf 71' lang='grc' dir='ltr'><strong>ἠδίκουν</strong></span> <span class='ocrx_word' id='word_1_412' title='bbox 2785 2633 2888 2704; x_wconf 84' lang='grc' dir='ltr'><strong>μὲν</strong></span> <span class='ocrx_word' id='word_1_413' title='bbox 2940 2631 3057 2706; x_wconf 81' lang='grc' dir='ltr'><strong>(ὡς</strong></span> <span class='ocrx_word' id='word_1_414' title='bbox 3088 2629 3300 2701; x_wconf 84' lang='grc' dir='ltr'><strong>ἑοικεν)</strong></span> <span class='ocrx_word' id='word_1_415' title='bbox 3344 2631 3563 2693; x_wconf 69' lang='grc' dir='ltr'><strong>ἐκεῖνοι,</strong></span> <span class='ocrx_word' id='word_1_416' title='bbox 3606 2627 3687 2697; x_wconf 85' lang='grc' dir='ltr'><strong>τῷ</strong></span> 
     </span>
    </p>
   </div>
   <div class='ocr_carea' id='block_1_57' title="bbox 2099 2722 3686 2801">
    <p class='ocr_par' dir='ltr' id='par_1_57' title="bbox 2099 2722 3686 2801">
     <span class='ocr_line' id='line_1_57' title="bbox 2099 2722 3686 2801; baseline -0.006 -19"><span class='ocrx_word' id='word_1_417' title='bbox 2099 2729 2256 2801; x_wconf 85' lang='grc' dir='ltr'><strong>δήμῳ</strong></span> <span class='ocrx_word' id='word_1_418' title='bbox 2292 2729 2338 2783; x_wconf 83' lang='grc' dir='ltr'><strong>δ’</strong></span> <span class='ocrx_word' id='word_1_419' title='bbox 2393 2729 2431 2785; x_wconf 77' lang='grc' dir='ltr'>ἃ</span> <span class='ocrx_word' id='word_1_420' title='bbox 2478 2729 2748 2799; x_wconf 83' lang='grc' dir='ltr'><strong>προσήκει</strong></span> <span class='ocrx_word' id='word_1_421' title='bbox 2781 2727 3121 2798; x_wconf 87' lang='grc' dir='ltr'><strong>πέπρακται,</strong></span> <span class='ocrx_word' id='word_1_422' title='bbox 3151 2724 3293 2778; x_wconf 85' lang='grc' dir='ltr'><strong>ὥστε</strong></span> <span class='ocrx_word' id='word_1_423' title='bbox 3319 2722 3441 2794; x_wconf 75' lang='grc' dir='ltr'><strong>οὐχὶ</strong></span> <span class='ocrx_word' id='word_1_424' title='bbox 3480 2722 3543 2792; x_wconf 84' lang='grc' dir='ltr'><strong>δή</strong></span> <span class='ocrx_word' id='word_1_425' title='bbox 3581 2737 3686 2774; x_wconf 83' lang='grc' dir='ltr'><strong>που</strong></span> 
     </span>
    </p>
   </div>
   <div class='ocr_carea' id='block_1_58' title="bbox 2101 2809 3686 2890">
    <p class='ocr_par' dir='ltr' id='par_1_58' title="bbox 2101 2809 3686 2890">
     <span class='ocr_line' id='line_1_58' title="bbox 2101 2809 3686 2890; baseline -0.006 -15"><span class='ocrx_word' id='word_1_426' title='bbox 2101 2821 2278 2876; x_wconf 81' lang='grc' dir='ltr'><strong>ταῦτά</strong></span> <span class='ocrx_word' id='word_1_427' title='bbox 2323 2838 2387 2890; x_wconf 82' lang='grc' dir='ltr'><strong>γε</strong></span> <span class='ocrx_word' id='word_1_428' title='bbox 2441 2821 2654 2874; x_wconf 89' lang='grc' dir='ltr'><strong>δίκαιον</strong></span> <span class='ocrx_word' id='word_1_429' title='bbox 2715 2819 3048 2889; x_wconf 85' lang='grc' dir='ltr'><strong>κατηγορεῖν</strong></span> <span class='ocrx_word' id='word_1_430' title='bbox 3100 2815 3289 2871; x_wconf 79' lang='grc' dir='ltr'><strong>αὑτοῦ.</strong></span> <span class='ocrx_word' id='word_1_431' title='bbox 3328 2815 3449 2878; x_wconf 90' lang='grc' dir='ltr'><strong>Πῶς</strong></span> <span class='ocrx_word' id='word_1_432' title='bbox 3494 2815 3543 2846; x_wconf 77' lang='grc'><strong>³⁸</strong></span> <span class='ocrx_word' id='word_1_433' title='bbox 3591 2809 3686 2866; x_wconf 75' lang='grc' dir='ltr'><strong>οὖν</strong></span> 
     </span>
    </p>
   </div>
   <div class='ocr_carea' id='block_1_59' title="bbox 2100 2905 3687 2986">
    <p class='ocr_par' dir='ltr' id='par_1_59' title="bbox 2100 2905 3687 2986">
     <span class='ocr_line' id='line_1_59' title="bbox 2100 2905 3687 2986; baseline -0.007 -18"><span class='ocrx_word' id='word_1_434' title='bbox 2100 2917 2218 2978; x_wconf 87' lang='grc' dir='ltr'><strong>τοῖς</strong></span> <span class='ocrx_word' id='word_1_435' title='bbox 2266 2914 2615 2986; x_wconf 89' lang='grc' dir='ltr'><strong>ἀγριαίνουσι</strong></span> <span class='ocrx_word' id='word_1_436' title='bbox 2679 2912 2791 2966; x_wconf 87' lang='grc' dir='ltr'><strong>τῶν</strong></span> <span class='ocrx_word' id='word_1_437' title='bbox 2847 2909 3003 2976; x_wconf 81' lang='grc' dir='ltr'><strong>ζώων</strong></span> <span class='ocrx_word' id='word_1_438' title='bbox 3068 2908 3231 2964; x_wconf 75' lang='grc' dir='ltr'><strong>αὑτὸν</strong></span> <span class='ocrx_word' id='word_1_439' title='bbox 3292 2905 3687 2969; x_wconf 77' lang='grc' dir='ltr'><strong>ἀπεικάζοντες</strong></span> 
     </span>
    </p>
   </div>
   <div class='ocr_carea' id='block_1_60' title="bbox 2103 2997 3690 3080">
    <p class='ocr_par' dir='ltr' id='par_1_60' title="bbox 2103 2997 3690 3080">
     <span class='ocr_line' id='line_1_60' title="bbox 2103 2997 3690 3080; baseline -0.008 -18"><span class='ocrx_word' id='word_1_440' title='bbox 2103 3007 2287 3080; x_wconf 83' lang='grc' dir='ltr'><strong>ὀρθῶς</strong></span> <span class='ocrx_word' id='word_1_441' title='bbox 2339 3007 2588 3078; x_wconf 82' lang='grc' dir='ltr'><strong>φήσομεν</strong></span> <span class='ocrx_word' id='word_1_442' title='bbox 2633 3004 2809 3058; x_wconf 88' lang='grc' dir='ltr'><strong>ποιεῖν</strong></span> <span class='ocrx_word' id='word_1_443' title='bbox 2831 3002 2916 3068; x_wconf 79' lang='grc' dir='ltr'><strong>⁸¹ς</strong></span> <span class='ocrx_word' id='word_1_444' title='bbox 2969 3001 3019 3055; x_wconf 80' lang='grc' dir='ltr'><strong>εί</strong></span> <span class='ocrx_word' id='word_1_445' title='bbox 3052 3000 3097 3057; x_wconf 79' lang='grc' dir='ltr'><strong>δ’</strong></span> <span class='ocrx_word' id='word_1_446' title='bbox 3140 3001 3389 3070; x_wconf 77' lang='grc' dir='ltr'><strong>ἥμαρτεν</strong></span> <span class='ocrx_word' id='word_1_447' title='bbox 3420 3000 3449 3052; x_wconf 85' lang='grc' dir='ltr'>ὁ</span> <span class='ocrx_word' id='word_1_448' title='bbox 3493 2997 3690 3067; x_wconf 78' lang='grc' dir='ltr'><strong>δῆμος,</strong></span> 
     </span>
    </p>
   </div>
   <div class='ocr_carea' id='block_1_61' title="bbox 2106 3089 3694 3173">
    <p class='ocr_par' dir='ltr' id='par_1_61' title="bbox 2106 3089 3694 3173">
     <span class='ocr_line' id='line_1_61' title="bbox 2106 3089 3694 3173; baseline -0.009 -17"><span class='ocrx_word' id='word_1_449' title='bbox 2106 3103 2224 3173; x_wconf 71' lang='grc' dir='ltr'><strong>ἅμα</strong></span> <span class='ocrx_word' id='word_1_450' title='bbox 2254 3117 2316 3153; x_wconf 87' lang='grc' dir='ltr'><strong>τε</strong></span> <span class='ocrx_word' id='word_1_451' title='bbox 2349 3098 2545 3169; x_wconf 81' lang='grc' dir='ltr'><strong>ἐκείνῳ</strong></span> <span class='ocrx_word' id='word_1_452' title='bbox 2574 3096 2890 3169; x_wconf 80' lang='grc' dir='ltr'><strong>ἡμάρτηται</strong></span> <span class='ocrx_word' id='word_1_453' title='bbox 2929 3095 3024 3149; x_wconf 62' lang='grc' dir='ltr'><strong>καὶ⁵</strong></span> <span class='ocrx_word' id='word_1_454' title='bbox 3070 3096 3183 3158; x_wconf 89' lang='grc' dir='ltr'><strong>τοῖς</strong></span> <span class='ocrx_word' id='word_1_455' title='bbox 3213 3092 3436 3164; x_wconf 80' lang='grc' dir='ltr'><strong>ἀνδράσι</strong></span> <span class='ocrx_word' id='word_1_456' title='bbox 3480 3089 3694 3144; x_wconf 76' lang='grc' dir='ltr'><strong>τοῦνει-</strong></span> 
     </span>
    </p>
   </div>
   <div class='ocr_carea' id='block_1_62' title="bbox 401 3174 1987 3292">
    <p class='ocr_par' dir='ltr' id='par_1_62' title="bbox 401 3174 1987 3292">
     <span class='ocr_line' id='line_1_62' title="bbox 401 3174 1987 3263; baseline 0.015 -38"><span class='ocrx_word' id='word_1_457' title='bbox 401 3174 630 3231; x_wconf 88' lang='lat' dir='ltr'><strong>faciunt.</strong></span> <span class='ocrx_word' id='word_1_458' title='bbox 681 3177 790 3235; x_wconf 83' lang='lat' dir='ltr'><strong>Nos</strong></span> <span class='ocrx_word' id='word_1_459' title='bbox 846 3181 1012 3251; x_wconf 89' lang='lat' dir='ltr'><strong>igitur</strong></span> <span class='ocrx_word' id='word_1_460' title='bbox 1083 3200 1180 3252; x_wconf 87' lang='lat' dir='ltr'><strong>pro</strong></span> <span class='ocrx_word' id='word_1_461' title='bbox 1247 3189 1597 3244; x_wconf 84' lang='lat' dir='ltr'><strong>accusatione</strong></span> <span class='ocrx_word' id='word_1_462' title='bbox 1646 3200 1987 3263; x_wconf 72' lang='lat' dir='ltr'><strong>utrorumque</strong></span> 
     </span>
     <span class='ocr_line' id='line_1_63' title="bbox 401 3263 1633 3292; baseline 0 0"><span class='ocrx_word' id='word_1_463' title='bbox 401 3263 595 3292; x_wconf 47' lang='lat' dir='ltr'><strong>luna-..</strong></span> <span class='ocrx_word' id='word_1_464' title='bbox 659 3279 902 3292; x_wconf 69' lang='lat'><strong>--._-______</strong></span> <span class='ocrx_word' id='word_1_465' title='bbox 922 3290 964 3292; x_wconf 59' lang='lat'><strong>-,,</strong></span> <span class='ocrx_word' id='word_1_466' title='bbox 1002 3290 1013 3292; x_wconf 36' lang='grc' dir='ltr'><strong>μ</strong></span> <span class='ocrx_word' id='word_1_467' title='bbox 1112 3276 1124 3292; x_wconf 84' lang='grc' dir='ltr'><strong>ι</strong></span> <span class='ocrx_word' id='word_1_468' title='bbox 1167 3276 1188 3292; x_wconf 69' lang='grc' dir='ltr'><em>ρ</em></span> <span class='ocrx_word' id='word_1_469' title='bbox 1288 3280 1299 3291; x_wconf 78' lang='grc' dir='ltr'><strong>ι</strong></span> <span class='ocrx_word' id='word_1_470' title='bbox 1613 3281 1633 3292; x_wconf 83' lang='grc'><strong>.</strong></span> 
     </span>
    </p>
   </div>
   <div class='ocr_carea' id='block_1_63' title="bbox 2098 3174 3695 3292">
    <p class='ocr_par' dir='ltr' id='par_1_63' title="bbox 2106 3183 3695 3259">
     <span class='ocr_line' id='line_1_64' title="bbox 2106 3183 3695 3259; baseline -0.009 -10"><span class='ocrx_word' id='word_1_471' title='bbox 2106 3195 2194 3258; x_wconf 86' lang='grc' dir='ltr'><strong>δος</strong></span> <span class='ocrx_word' id='word_1_472' title='bbox 2221 3195 2268 3226; x_wconf 76' lang='grc'>³³</span> <span class='ocrx_word' id='word_1_473' title='bbox 2295 3193 2536 3246; x_wconf 88' lang='grc' dir='ltr'><strong>λέλυται,</strong></span> <span class='ocrx_word' id='word_1_474' title='bbox 2569 3189 2712 3243; x_wconf 81' lang='grc' dir='ltr'><strong>Αὐτὸ</strong></span> <span class='ocrx_word' id='word_1_475' title='bbox 2741 3189 2786 3221; x_wconf 85' lang='grc'><em>³³</em></span> <span class='ocrx_word' id='word_1_476' title='bbox 2827 3187 2937 3259; x_wconf 91' lang='grc' dir='ltr'><strong>γάρ</strong></span> <span class='ocrx_word' id='word_1_477' title='bbox 2991 3184 3148 3240; x_wconf 84' lang='grc' dir='ltr'><strong>τοῦτὸ</strong></span> <span class='ocrx_word' id='word_1_478' title='bbox 3195 3201 3374 3255; x_wconf 83' lang='grc' dir='ltr'><strong>φαμεν</strong></span> <span class='ocrx_word' id='word_1_479' title='bbox 3421 3183 3695 3253; x_wconf 79' lang='grc' dir='ltr'><strong>δήπουθεν</strong></span> 
     </span>
    </p>
   </div>
   <div class='ocr_carea' id='block_1_64' title="bbox 392 3263 1987 3357">
    <p class='ocr_par' dir='ltr' id='par_1_64' title="bbox 392 3263 1987 3351">
     <span class='ocr_line' id='line_1_65' title="bbox 392 3263 1987 3351; baseline 0.015 -34"><span class='ocrx_word' id='word_1_480' title='bbox 392 3263 597 3332; x_wconf 79' lang='lat' dir='ltr'><strong>justam</strong></span> <span class='ocrx_word' id='word_1_481' title='bbox 659 3279 1022 3344; x_wconf 85' lang='lat' dir='ltr'><strong>utrorumque</strong></span> <span class='ocrx_word' id='word_1_482' title='bbox 1093 3276 1463 3335; x_wconf 83' lang='lat' dir='ltr'><strong>defensionem</strong></span> <span class='ocrx_word' id='word_1_483' title='bbox 1507 3281 1873 3351; x_wconf 90' lang='lat' dir='ltr'><strong>proferemus,</strong></span> <span class='ocrx_word' id='word_1_484' title='bbox 1933 3301 1987 3342; x_wconf 73' lang='lat' dir='ltr'><strong>at</strong></span> 
     </span>
    </p>
   </div>
   <div class='ocr_carea' id='block_1_65' title="bbox 2098 3263 3692 3357">
    <p class='ocr_par' dir='ltr' id='par_1_65' title="bbox 2103 3273 3692 3357">
     <span class='ocr_line' id='line_1_66' title="bbox 2103 3273 3692 3357; baseline -0.009 -17"><span class='ocrx_word' id='word_1_485' title='bbox 2103 3286 2378 3357; x_wconf 85' lang='grc' dir='ltr'><strong>ἁμαρτεῖν</strong></span> <span class='ocrx_word' id='word_1_486' title='bbox 2414 3281 2760 3352; x_wconf 81' lang='grc' dir='ltr'><strong>Ἀθηναίους,</strong></span> <span class='ocrx_word' id='word_1_487' title='bbox 2793 3278 3137 3350; x_wconf 82' lang='grc' dir='ltr'><strong>τιμήσαντας</strong></span> <span class='ocrx_word' id='word_1_488' title='bbox 3168 3275 3401 3338; x_wconf 87' lang='grc' dir='ltr'><strong>ἑκείνοις</strong></span> <span class='ocrx_word' id='word_1_489' title='bbox 3445 3273 3626 3343; x_wconf 79' lang='grc' dir='ltr'><strong>φυγῆς</strong></span> <span class='ocrx_word' id='word_1_490' title='bbox 3655 3273 3692 3342; x_wconf 75' lang='grc' dir='ltr'>ἢ</span> 
     </span>
    </p>
   </div>
   <div class='ocr_carea' id='block_1_66' title="bbox 404 3363 2000 3445">
    <p class='ocr_par' dir='ltr' id='par_1_66' title="bbox 404 3363 2000 3445">
     <span class='ocr_line' id='line_1_67' title="bbox 404 3363 2000 3445; baseline 0.016 -34"><span class='ocrx_word' id='word_1_491' title='bbox 404 3373 508 3414; x_wconf 88' lang='lat' dir='ltr'><strong>nec</strong></span> <span class='ocrx_word' id='word_1_492' title='bbox 571 3363 754 3430; x_wconf 90' lang='lat' dir='ltr'><strong>populi</strong></span> <span class='ocrx_word' id='word_1_493' title='bbox 808 3367 974 3422; x_wconf 88' lang='lat' dir='ltr'><strong>totius</strong></span> <span class='ocrx_word' id='word_1_494' title='bbox 1028 3372 1170 3424; x_wconf 84' lang='lat' dir='ltr'><strong>hanc</strong></span> <span class='ocrx_word' id='word_1_495' title='bbox 1224 3387 1345 3427; x_wconf 90' lang='lat' dir='ltr'><strong>esse</strong></span> <span class='ocrx_word' id='word_1_496' title='bbox 1421 3374 1662 3445; x_wconf 85' lang='lat' dir='ltr'><strong>culpam,</strong></span> <span class='ocrx_word' id='word_1_497' title='bbox 1708 3393 1808 3434; x_wconf 91' lang='lat' dir='ltr'><strong>nec</strong></span> <span class='ocrx_word' id='word_1_498' title='bbox 1879 3379 2000 3438; x_wconf 78' lang='lat' dir='ltr'><strong>illos</strong></span> 
     </span>
    </p>
   </div>
   <div class='ocr_carea' id='block_1_67' title="bbox 399 3449 1993 3531">
    <p class='ocr_par' dir='ltr' id='par_1_67' title="bbox 399 3449 1993 3531">
     <span class='ocr_line' id='line_1_68' title="bbox 399 3449 1993 3531; baseline 0.017 -29"><span class='ocrx_word' id='word_1_499' title='bbox 399 3449 572 3506; x_wconf 85' lang='lat' dir='ltr'><strong>sicubi</strong></span> <span class='ocrx_word' id='word_1_500' title='bbox 629 3455 997 3525; x_wconf 86' lang='lat' dir='ltr'><strong>offenderunt,</strong></span> <span class='ocrx_word' id='word_1_501' title='bbox 1027 3462 1242 3531; x_wconf 88' lang='lat' dir='ltr'><strong>pejores</strong></span> <span class='ocrx_word' id='word_1_502' title='bbox 1273 3464 1461 3520; x_wconf 91' lang='lat' dir='ltr'><strong>haberi</strong></span> <span class='ocrx_word' id='word_1_503' title='bbox 1498 3468 1701 3524; x_wconf 85' lang='lat' dir='ltr'><strong>debere</strong></span> <span class='ocrx_word' id='word_1_504' title='bbox 1724 3471 1993 3528; x_wconf 88' lang='lat' dir='ltr'><strong>dicemus.</strong></span> 
     </span>
    </p>
   </div>
   <div class='ocr_carea' id='block_1_68' title="bbox 401 3539 1993 3634">
    <p class='ocr_par' dir='ltr' id='par_1_68' title="bbox 401 3539 1993 3634">
     <span class='ocr_line' id='line_1_69' title="bbox 401 3539 1993 3634; baseline 0.018 -42"><span class='ocrx_word' id='word_1_505' title='bbox 401 3539 510 3597; x_wconf 81' lang='lat' dir='ltr'><strong>Nec</strong></span> <span class='ocrx_word' id='word_1_506' title='bbox 576 3544 721 3599; x_wconf 88' lang='lat' dir='ltr'><strong>enim</strong></span> <span class='ocrx_word' id='word_1_507' title='bbox 769 3558 828 3603; x_wconf 94' lang='lat' dir='ltr'><strong>ut</strong></span> <span class='ocrx_word' id='word_1_508' title='bbox 873 3551 1104 3608; x_wconf 91' lang='lat' dir='ltr'><strong>athletis</strong></span> <span class='ocrx_word' id='word_1_509' title='bbox 1161 3555 1322 3620; x_wconf 86' lang='lat' dir='ltr'><strong>solet,</strong></span> <span class='ocrx_word' id='word_1_510' title='bbox 1377 3558 1457 3612; x_wconf 84' lang='lat' dir='ltr'><strong>sic</strong></span> <span class='ocrx_word' id='word_1_511' title='bbox 1504 3570 1560 3614; x_wconf 92' lang='lat' dir='ltr'><strong>et</strong></span> <span class='ocrx_word' id='word_1_512' title='bbox 1614 3564 1791 3631; x_wconf 89' lang='lat' dir='ltr'><strong>poetis</strong></span> <span class='ocrx_word' id='word_1_513' title='bbox 1851 3580 1993 3634; x_wconf 73' lang='lat' dir='ltr'><strong>prae-</strong></span> 
     </span>
    </p>
   </div>
   <div class='ocr_carea' id='block_1_69' title="bbox 399 3635 1998 3719">
    <p class='ocr_par' dir='ltr' id='par_1_69' title="bbox 399 3635 1998 3719">
     <span class='ocr_line' id='line_1_70' title="bbox 399 3635 1998 3719; baseline 0.018 -35"><span class='ocrx_word' id='word_1_514' title='bbox 399 3635 760 3694; x_wconf 81' lang='lat' dir='ltr'><strong>stantiorihtts</strong></span> <span class='ocrx_word' id='word_1_515' title='bbox 832 3657 1048 3712; x_wconf 87' lang='lat' dir='ltr'><strong>semper</strong></span> <span class='ocrx_word' id='word_1_516' title='bbox 1098 3647 1346 3703; x_wconf 88' lang='lat' dir='ltr'><strong>defertur</strong></span> <span class='ocrx_word' id='word_1_517' title='bbox 1393 3651 1647 3719; x_wconf 86' lang='lat' dir='ltr'><strong>victoria,</strong></span> <span class='ocrx_word' id='word_1_518' title='bbox 1694 3671 1884 3710; x_wconf 88' lang='lat' dir='ltr'><strong>verum</strong></span> <span class='ocrx_word' id='word_1_519' title='bbox 1941 3667 1998 3713; x_wconf 86' lang='lat' dir='ltr'><strong>et</strong></span> 
     </span>
    </p>
   </div>
   <div class='ocr_carea' id='block_1_70' title="bbox 402 3725 1995 3810">
    <p class='ocr_par' dir='ltr' id='par_1_70' title="bbox 402 3725 1995 3810">
     <span class='ocr_line' id='line_1_71' title="bbox 402 3725 1995 3810; baseline 0.016 -32"><span class='ocrx_word' id='word_1_520' title='bbox 402 3725 489 3779; x_wconf 81' lang='lat' dir='ltr'><strong>ltic</strong></span> <span class='ocrx_word' id='word_1_521' title='bbox 521 3726 863 3787; x_wconf 83' lang='lat' dir='ltr'><strong>Pindaricum</strong></span> <span class='ocrx_word' id='word_1_522' title='bbox 902 3735 1032 3790; x_wconf 90' lang='lat' dir='ltr'><strong>illttd</strong></span> <span class='ocrx_word' id='word_1_523' title='bbox 1066 3738 1242 3794; x_wconf 89' lang='lat' dir='ltr'><strong>locum</strong></span> <span class='ocrx_word' id='word_1_524' title='bbox 1293 3741 1472 3810; x_wconf 86' lang='lat' dir='ltr'><strong>habet,</strong></span> <span class='ocrx_word' id='word_1_525' title='bbox 1521 3747 1806 3804; x_wconf 82' lang='lat' dir='ltr'><strong>verissime</strong></span> <span class='ocrx_word' id='word_1_526' title='bbox 1850 3749 1995 3804; x_wconf 91' lang='lat' dir='ltr'><strong>enim</strong></span> 
     </span>
    </p>
   </div>
   <div class='ocr_carea' id='block_1_71' title="bbox 400 3819 762 3878">
    <p class='ocr_par' dir='ltr' id='par_1_71' title="bbox 400 3819 762 3878">
     <span class='ocr_line' id='line_1_72' title="bbox 400 3819 762 3878; baseline 0.028 -10"><span class='ocrx_word' id='word_1_527' title='bbox 400 3819 598 3874; x_wconf 88' lang='lat' dir='ltr'><strong>cecinit</strong></span> <span class='ocrx_word' id='word_1_528' title='bbox 625 3822 711 3876; x_wconf 90' lang='lat' dir='ltr'><strong>ille</strong></span> <span class='ocrx_word' id='word_1_529' title='bbox 749 3841 762 3878; x_wconf 89' lang='lat'><strong>:</strong></span> 
     </span>
    </p>
   </div>
   <div class='ocr_carea' id='block_1_72' title="bbox 2099 3359 3694 3448">
    <p class='ocr_par' dir='ltr' id='par_1_72' title="bbox 2099 3359 3694 3448">
     <span class='ocr_line' id='line_1_73' title="bbox 2099 3359 3694 3448; baseline -0.011 -16"><span class='ocrx_word' id='word_1_530' title='bbox 2099 3377 2430 3448; x_wconf 83' lang='grc' dir='ltr'><strong>ὁτουδήποτε</strong></span> <span class='ocrx_word' id='word_1_531' title='bbox 2461 3375 2734 3444; x_wconf 77' lang='grc' dir='ltr'><strong>ἐτίμησαν</strong></span> <span class='ocrx_word' id='word_1_532' title='bbox 2784 3369 3024 3439; x_wconf 80' lang='grc' dir='ltr'><strong>ἑκάστῳ.</strong></span> <span class='ocrx_word' id='word_1_533' title='bbox 3076 3359 3247 3430; x_wconf 79' lang='grc' dir='ltr'><strong>Οὗτος</strong></span> <span class='ocrx_word' id='word_1_534' title='bbox 3278 3365 3336 3419; x_wconf 84' lang='grc' dir='ltr'><strong>δὲ</strong></span> <span class='ocrx_word' id='word_1_535' title='bbox 3382 3367 3412 3419; x_wconf 79' lang='grc' dir='ltr'>ὁ</span> <span class='ocrx_word' id='word_1_536' title='bbox 3439 3363 3601 3432; x_wconf 77' lang='grc' dir='ltr'><strong>λόγος</strong></span> <span class='ocrx_word' id='word_1_537' title='bbox 3635 3361 3694 3415; x_wconf 83' lang='grc' dir='ltr'><strong>τί</strong></span> 
     </span>
    </p>
   </div>
   <div class='ocr_carea' id='block_1_73' title="bbox 2100 3452 3693 3539">
    <p class='ocr_par' dir='ltr' id='par_1_73' title="bbox 2100 3452 3693 3539">
     <span class='ocr_line' id='line_1_74' title="bbox 2100 3452 3693 3539; baseline -0.012 -16"><span class='ocrx_word' id='word_1_538' title='bbox 2100 3470 2288 3539; x_wconf 87' lang='grc' dir='ltr'><strong>λέγει;</strong></span> <span class='ocrx_word' id='word_1_539' title='bbox 2321 3465 2568 3536; x_wconf 77' lang='grc' dir='ltr'><strong>Μηδενὸς</strong></span> <span class='ocrx_word' id='word_1_540' title='bbox 2597 3463 2805 3517; x_wconf 88' lang='grc' dir='ltr'><strong>τούτων</strong></span> <span class='ocrx_word' id='word_1_541' title='bbox 2853 3460 3097 3524; x_wconf 73' lang='grc' dir='ltr'><strong>ἐκείνους</strong></span> <span class='ocrx_word' id='word_1_542' title='bbox 3143 3457 3328 3524; x_wconf 82' lang='grc' dir='ltr'><strong>ἀξίους</strong></span> <span class='ocrx_word' id='word_1_543' title='bbox 3378 3452 3545 3510; x_wconf 70' lang='grc' dir='ltr'><strong>εἶναι.</strong></span> <span class='ocrx_word' id='word_1_544' title='bbox 3580 3454 3693 3508; x_wconf 77' lang='grc' dir='ltr'><strong>Καὶ</strong></span> 
     </span>
    </p>
   </div>
   <div class='ocr_carea' id='block_1_74' title="bbox 2103 3545 3693 3635">
    <p class='ocr_par' dir='ltr' id='par_1_74' title="bbox 2103 3545 3693 3635">
     <span class='ocr_line' id='line_1_75' title="bbox 2103 3545 3693 3635; baseline -0.009 -20"><span class='ocrx_word' id='word_1_545' title='bbox 2103 3563 2214 3635; x_wconf 86' lang='grc' dir='ltr'><strong>μὴν</strong></span> <span class='ocrx_word' id='word_1_546' title='bbox 2261 3560 2316 3614; x_wconf 83' lang='grc' dir='ltr'><strong>ετ</strong></span> <span class='ocrx_word' id='word_1_547' title='bbox 2350 3576 2414 3628; x_wconf 91' lang='grc' dir='ltr'><strong>γε</strong></span> <span class='ocrx_word' id='word_1_548' title='bbox 2469 3558 2714 3629; x_wconf 71' lang='grc' dir='ltr'><strong>ἠδίκουν,</strong></span> <span class='ocrx_word' id='word_1_549' title='bbox 2766 3554 2908 3619; x_wconf 78' lang='grc' dir='ltr'><strong>ἄξιοι</strong></span> <span class='ocrx_word' id='word_1_550' title='bbox 2956 3552 3160 3606; x_wconf 81' lang='grc' dir='ltr'><strong>τούτων</strong></span> <span class='ocrx_word' id='word_1_551' title='bbox 3201 3545 3379 3623; x_wconf 76' lang='grc' dir='ltr'><strong>ἦσαν’</strong></span> <span class='ocrx_word' id='word_1_552' title='bbox 3408 3550 3497 3603; x_wconf 81' lang='grc' dir='ltr'><strong>ὅτε</strong></span> <span class='ocrx_word' id='word_1_553' title='bbox 3539 3548 3596 3602; x_wconf 75' lang='grc' dir='ltr'><strong>δὲ</strong></span> <span class='ocrx_word' id='word_1_554' title='bbox 3629 3548 3693 3601; x_wconf 82' lang='grc' dir='ltr'><strong>οὗ</strong></span> 
     </span>
    </p>
   </div>
   <div class='ocr_carea' id='block_1_75' title="bbox 2105 3639 3694 3718">
    <p class='ocr_par' dir='ltr' id='par_1_75' title="bbox 2105 3639 3694 3718">
     <span class='ocr_line' id='line_1_76' title="bbox 2105 3639 3694 3718; baseline -0.011 -9"><span class='ocrx_word' id='word_1_555' title='bbox 2105 3655 2313 3709; x_wconf 86' lang='grc' dir='ltr'><strong>τούτων</strong></span> <span class='ocrx_word' id='word_1_556' title='bbox 2339 3652 2504 3717; x_wconf 80' lang='grc' dir='ltr'><strong>ἄξιοι,</strong></span> <span class='ocrx_word' id='word_1_557' title='bbox 2539 3648 2729 3718; x_wconf 81' lang='grc' dir='ltr'><strong>σαφῶς</strong></span> <span class='ocrx_word' id='word_1_558' title='bbox 2761 3648 2864 3701; x_wconf 84' lang='grc' dir='ltr'><strong>οὐκ</strong></span> <span class='ocrx_word' id='word_1_559' title='bbox 2891 3645 3130 3716; x_wconf 81' lang='grc' dir='ltr'><strong>ἠδίκουν.</strong></span> <span class='ocrx_word' id='word_1_560' title='bbox 3154 3643 3296 3706; x_wconf 80' lang='grc' dir='ltr'><strong>Τοὺς</strong></span> <span class='ocrx_word' id='word_1_561' title='bbox 3334 3641 3381 3695; x_wconf 83' lang='grc' dir='ltr'><strong>δ’</strong></span> <span class='ocrx_word' id='word_1_562' title='bbox 3429 3641 3533 3694; x_wconf 85' lang='grc' dir='ltr'><strong>ούκ</strong></span> <span class='ocrx_word' id='word_1_563' title='bbox 3575 3639 3694 3693; x_wconf 89' lang='grc' dir='ltr'><strong>ἀδι-</strong></span> 
     </span>
    </p>
   </div>
   <div class='ocr_carea' id='block_1_76' title="bbox 2108 3730 3697 3809">
    <p class='ocr_par' dir='ltr' id='par_1_76' title="bbox 2108 3730 3697 3809">
     <span class='ocr_line' id='line_1_77' title="bbox 2108 3730 3697 3809; baseline -0.011 -7"><span class='ocrx_word' id='word_1_564' title='bbox 2108 3747 2340 3809; x_wconf 80' lang='grc' dir='ltr'><strong>κοῦντας</strong></span> <span class='ocrx_word' id='word_1_565' title='bbox 2372 3743 2561 3808; x_wconf 89' lang='grc' dir='ltr'><strong>κακῶς</strong></span> <span class='ocrx_word' id='word_1_566' title='bbox 2585 3742 2766 3809; x_wconf 88' lang='grc' dir='ltr'><strong>λέγειν</strong></span> <span class='ocrx_word' id='word_1_567' title='bbox 2817 3739 2914 3792; x_wconf 74' lang='grc' dir='ltr'><strong>καὶ</strong></span> <span class='ocrx_word' id='word_1_568' title='bbox 2949 3737 3306 3806; x_wconf 74' lang='grc' dir='ltr'><strong>συκοφαντεῖν</strong></span> <span class='ocrx_word' id='word_1_569' title='bbox 3349 3730 3473 3803; x_wconf 82' lang='grc' dir='ltr'><strong>οὐχὶ</strong></span> <span class='ocrx_word' id='word_1_570' title='bbox 3510 3731 3697 3784; x_wconf 81' lang='grc' dir='ltr'><strong>δίκαια</strong></span> 
     </span>
    </p>
   </div>
   <div class='ocr_carea' id='block_1_77' title="bbox 2109 3824 3698 3903">
    <p class='ocr_par' dir='ltr' id='par_1_77' title="bbox 2109 3824 3698 3903">
     <span class='ocr_line' id='line_1_78' title="bbox 2109 3824 3698 3903; baseline -0.014 -8"><span class='ocrx_word' id='word_1_571' title='bbox 2109 3841 2285 3895; x_wconf 87' lang='grc' dir='ltr'><strong>ποιεῖν</strong></span> <span class='ocrx_word' id='word_1_572' title='bbox 2313 3837 2358 3869; x_wconf 69' lang='grc'>³⁸</span> <span class='ocrx_word' id='word_1_573' title='bbox 2393 3834 2562 3890; x_wconf 87' lang='grc' dir='ltr'><strong>ἑστίν.</strong></span> <span class='ocrx_word' id='word_1_574' title='bbox 2612 3833 2804 3903; x_wconf 80' lang='grc' dir='ltr'><strong>Ἱιμεῖς</strong></span> <span class='ocrx_word' id='word_1_575' title='bbox 2834 3830 3015 3884; x_wconf 89' lang='grc' dir='ltr'><strong>τοίνυν</strong></span> <span class='ocrx_word' id='word_1_576' title='bbox 3051 3828 3172 3882; x_wconf 78' lang='grc' dir='ltr'><strong>ἀντὶ</strong></span> <span class='ocrx_word' id='word_1_577' title='bbox 3211 3825 3308 3880; x_wconf 79' lang='grc' dir='ltr'><strong>τοῦ</strong></span> <span class='ocrx_word' id='word_1_578' title='bbox 3364 3824 3698 3894; x_wconf 85' lang='grc' dir='ltr'><strong>κατηγορεῖν</strong></span> 
     </span>
    </p>
   </div>
   <div class='ocr_carea' id='block_1_78' title="bbox 400 3910 3699 4010">
    <p class='ocr_par' dir='ltr' id='par_1_78' title="bbox 400 3910 3699 4010">
     <span class='ocr_line' id='line_1_79' title="bbox 400 3910 3699 4010; baseline 0.003 -46"><span class='ocrx_word' id='word_1_579' title='bbox 400 3910 730 3985; x_wconf 78' lang='grc' dir='ltr'><strong>ἀμφοτέρων</strong></span> <span class='ocrx_word' id='word_1_580' title='bbox 761 3917 900 3990; x_wconf 82' lang='grc' dir='ltr'><strong>ὑπὲρ</strong></span> <span class='ocrx_word' id='word_1_581' title='bbox 923 3922 1255 3996; x_wconf 72' lang='grc' dir='ltr'><strong>ἀμφοτέρων</strong></span> <span class='ocrx_word' id='word_1_582' title='bbox 1284 3928 1354 3982; x_wconf 84' lang='grc' dir='ltr'><strong>τὰ</strong></span> <span class='ocrx_word' id='word_1_583' title='bbox 1383 3932 1665 4002; x_wconf 84' lang='grc' dir='ltr'><strong>πρέποντα</strong></span> <span class='ocrx_word' id='word_1_584' title='bbox 1697 3938 2138 4010; x_wconf 84' lang='grc' dir='ltr'><strong>ἀπολογούμεθα,</strong></span> <span class='ocrx_word' id='word_1_585' title='bbox 2170 3935 2297 3989; x_wconf 80' lang='grc' dir='ltr'><strong>οὕτε</strong></span> <span class='ocrx_word' id='word_1_586' title='bbox 2327 3931 2422 3987; x_wconf 80' lang='grc' dir='ltr'><strong>τοῦ</strong></span> <span class='ocrx_word' id='word_1_587' title='bbox 2453 3931 2628 4002; x_wconf 88' lang='grc' dir='ltr'><strong>δήμου</strong></span> <span class='ocrx_word' id='word_1_588' title='bbox 2650 3930 2768 4000; x_wconf 81' lang='grc' dir='ltr'><strong>ιτὴν</strong></span> <span class='ocrx_word' id='word_1_589' title='bbox 2796 3927 2979 3982; x_wconf 74' lang='grc' dir='ltr'><strong>αἰτίαν</strong></span> <span class='ocrx_word' id='word_1_590' title='bbox 3008 3923 3237 3990; x_wconf 35' lang='grc' dir='ltr'><strong>,παντὸς</strong></span> <span class='ocrx_word' id='word_1_591' title='bbox 3261 3923 3306 3955; x_wconf 86' lang='grc'><strong><em>³⁵</em></strong></span> <span class='ocrx_word' id='word_1_592' title='bbox 3381 3916 3523 3975; x_wconf 78' lang='grc' dir='ltr'><strong>εἶναι</strong></span> <span class='ocrx_word' id='word_1_593' title='bbox 3587 3919 3699 3988; x_wconf 77' lang='grc' dir='ltr'><strong>φά-</strong></span> 
     </span>
    </p>
   </div>
   <div class='ocr_carea' id='block_1_79' title="bbox 406 4011 3699 4103">
    <p class='ocr_par' dir='ltr' id='par_1_79' title="bbox 406 4011 3699 4103">
     <span class='ocr_line' id='line_1_80' title="bbox 406 4011 3699 4103; baseline 0 -30"><span class='ocrx_word' id='word_1_594' title='bbox 406 4023 651 4073; x_wconf 64' lang='grc' dir='ltr'><strong>ακοντες.</strong></span> <span class='ocrx_word' id='word_1_595' title='bbox 677 4011 800 4066; x_wconf 69' lang='grc' dir='ltr'><strong>οὗτε</strong></span> <span class='ocrx_word' id='word_1_596' title='bbox 832 4015 1075 4082; x_wconf 76' lang='grc' dir='ltr'><strong>ἐκείνους</strong></span> <span class='ocrx_word' id='word_1_597' title='bbox 1111 4023 1432 4092; x_wconf 80' lang='grc' dir='ltr'><strong>προσήκειν,</strong></span> <span class='ocrx_word' id='word_1_598' title='bbox 1470 4028 1518 4078; x_wconf 85' lang='grc' dir='ltr'><strong>εἰ</strong></span> <span class='ocrx_word' id='word_1_599' title='bbox 1573 4029 1655 4083; x_wconf 79' lang='grc' dir='ltr'><strong>ὅτι</strong></span> <span class='ocrx_word' id='word_1_600' title='bbox 1685 4033 2119 4103; x_wconf 84' lang='grc' dir='ltr'><strong>προσέπταισαν,</strong></span> <span class='ocrx_word' id='word_1_601' title='bbox 2179 4029 2398 4101; x_wconf 87' lang='grc' dir='ltr'><strong>χείρους</strong></span> <span class='ocrx_word' id='word_1_602' title='bbox 2445 4023 2787 4096; x_wconf 82' lang='grc' dir='ltr'><strong>νομίζεσθαι.</strong></span> <span class='ocrx_word' id='word_1_603' title='bbox 2862 4021 2973 4074; x_wconf 71' lang='grc' dir='ltr'><strong>Καὶ</strong></span> <span class='ocrx_word' id='word_1_604' title='bbox 3041 4019 3143 4072; x_wconf 79' lang='grc' dir='ltr'><strong>οὐκ</strong></span> <span class='ocrx_word' id='word_1_605' title='bbox 3183 4018 3226 4050; x_wconf 75' lang='grc'><strong>³⁸</strong></span> <span class='ocrx_word' id='word_1_606' title='bbox 3297 4016 3390 4069; x_wconf 75' lang='grc' dir='ltr'><strong>ἐπὶ</strong></span> <span class='ocrx_word' id='word_1_607' title='bbox 3440 4013 3543 4083; x_wconf 79' lang='grc' dir='ltr'><strong>μὲν</strong></span> <span class='ocrx_word' id='word_1_608' title='bbox 3586 4012 3699 4073; x_wconf 70' lang='lat' dir='ltr'><strong>=th</strong></span> 
     </span>
    </p>
   </div>
   <div class='ocr_carea' id='block_1_80' title="bbox 403 4099 3694 4198">
    <p class='ocr_par' dir='ltr' id='par_1_80' title="bbox 403 4099 3694 4198">
     <span class='ocr_line' id='line_1_81' title="bbox 403 4099 3694 4198; baseline -0.006 -19"><span class='ocrx_word' id='word_1_609' title='bbox 403 4099 827 4198; x_wconf 47' lang='grc' dir='ltr'><strong>ἀβλητξῦνοῦτω</strong></span> <span class='ocrx_word' id='word_1_610' title='bbox 850 4110 1158 4177; x_wconf 71' lang='grc' dir='ltr'><strong>συμδαίνειο</strong></span> <span class='ocrx_word' id='word_1_611' title='bbox 1187 4117 1256 4170; x_wconf 63' lang='grc' dir='ltr'><strong>τὰ</strong></span> <span class='ocrx_word' id='word_1_612' title='bbox 1296 4117 1352 4170; x_wconf 76' lang='grc' dir='ltr'><strong>δὲ</strong></span> <span class='ocrx_word' id='word_1_613' title='bbox 1384 4120 1482 4190; x_wconf 78' lang='grc' dir='ltr'><strong>τῆς</strong></span> <span class='ocrx_word' id='word_1_614' title='bbox 1531 4099 1798 4195; x_wconf 70' lang='grc' dir='ltr'><strong>μουσικῆς</strong></span> <span class='ocrx_word' id='word_1_615' title='bbox 1828 4128 2128 4198; x_wconf 80' lang='grc' dir='ltr'><strong>ἑστηκυῖαν</strong></span> <span class='ocrx_word' id='word_1_616' title='bbox 2165 4099 2280 4196; x_wconf 80' lang='grc' dir='ltr'><strong>ἑχει</strong></span> <span class='ocrx_word' id='word_1_617' title='bbox 2305 4122 2404 4193; x_wconf 80' lang='grc' dir='ltr'><strong>τὴν</strong></span> <span class='ocrx_word' id='word_1_618' title='bbox 2435 4120 2596 4191; x_wconf 88' lang='grc' dir='ltr'><strong>νίκην</strong></span> <span class='ocrx_word' id='word_1_619' title='bbox 2622 4120 2738 4181; x_wconf 91' lang='grc' dir='ltr'><strong>τοῖς</strong></span> <span class='ocrx_word' id='word_1_620' title='bbox 2796 4116 3124 4187; x_wconf 87' lang='grc' dir='ltr'><strong>κρείττοσιν,</strong></span> <span class='ocrx_word' id='word_1_621' title='bbox 3206 4109 3344 4167; x_wconf 78' lang='grc' dir='ltr'><strong>ἀλλὰ</strong></span> <span class='ocrx_word' id='word_1_622' title='bbox 3403 4103 3694 4162; x_wconf 82' lang='grc' dir='ltr'><strong>κάνταῦθα</strong></span> 
     </span>
    </p>
   </div>
   <div class='ocr_carea' id='block_1_81' title="bbox 405 4192 2722 4288">
    <p class='ocr_par' dir='ltr' id='par_1_81' title="bbox 405 4192 2722 4288">
     <span class='ocr_line' id='line_1_82' title="bbox 405 4192 2722 4288; baseline 0.017 -44"><span class='ocrx_word' id='word_1_623' title='bbox 405 4192 466 4244; x_wconf 74' lang='grc' dir='ltr'><strong>τὸ</strong></span> <span class='ocrx_word' id='word_1_624' title='bbox 513 4194 607 4248; x_wconf 85' lang='grc' dir='ltr'><strong>τοῦ</strong></span> <span class='ocrx_word' id='word_1_625' title='bbox 657 4197 920 4267; x_wconf 83' lang='grc' dir='ltr'><strong>Πινδάρου</strong></span> <span class='ocrx_word' id='word_1_626' title='bbox 974 4207 1203 4271; x_wconf 85' lang='grc' dir='ltr'><strong>κρατεῖ·</strong></span> <span class='ocrx_word' id='word_1_627' title='bbox 1253 4209 1396 4262; x_wconf 80' lang='grc' dir='ltr'><strong>πάνυ</strong></span> <span class='ocrx_word' id='word_1_628' title='bbox 1440 4210 1550 4283; x_wconf 85' lang='grc' dir='ltr'><strong>γὰρ</strong></span> <span class='ocrx_word' id='word_1_629' title='bbox 1591 4215 1709 4285; x_wconf 85' lang='grc' dir='ltr'><strong>μετ’</strong></span> <span class='ocrx_word' id='word_1_630' title='bbox 1742 4192 2003 4288; x_wconf 80' lang='grc' dir='ltr'><strong>ἀληθείας</strong></span> <span class='ocrx_word' id='word_1_631' title='bbox 2040 4192 2424 4278; x_wconf 23' lang='grc' dir='ltr'><strong>τοῦτ’γὲκεῖνος</strong></span> <span class='ocrx_word' id='word_1_632' title='bbox 2455 4211 2722 4284; x_wconf 76' lang='grc' dir='ltr'><strong>ὕμνησενο</strong></span> 
     </span>
    </p>
   </div>
   <div class='ocr_carea' id='block_1_82' title="bbox 478 4308 1841 4390">
    <p class='ocr_par' dir='ltr' id='par_1_82' title="bbox 478 4308 1841 4390">
     <span class='ocr_line' id='line_1_83' title="bbox 478 4308 1841 4390; baseline 0.016 -29"><span class='ocrx_word' id='word_1_633' title='bbox 478 4308 572 4379; x_wconf 83' lang='lat' dir='ltr'><strong>[In</strong></span> <span class='ocrx_word' id='word_1_634' title='bbox 628 4312 767 4365; x_wconf 78' lang='lat' dir='ltr'><strong>circo</strong></span> <span class='ocrx_word' id='word_1_635' title='bbox 804 4323 980 4367; x_wconf 82' lang='lat' dir='ltr'><strong>autem</strong></span> <span class='ocrx_word' id='word_1_636' title='bbox 1011 4316 1250 4384; x_wconf 80' lang='lat' dir='ltr'><strong>fortuna,</strong></span> <span class='ocrx_word' id='word_1_637' title='bbox 1286 4337 1389 4374; x_wconf 86' lang='lat' dir='ltr'><strong>non</strong></span> <span class='ocrx_word' id='word_1_638' title='bbox 1420 4324 1580 4377; x_wconf 84' lang='lat' dir='ltr'><strong>robur</strong></span> <span class='ocrx_word' id='word_1_639' title='bbox 1606 4367 1620 4390; x_wconf 90' lang='lat'><strong>,</strong></span> <span class='ocrx_word' id='word_1_640' title='bbox 1659 4329 1841 4383; x_wconf 84' lang='lat' dir='ltr'><strong>vincit.</strong></span> 
     </span>
    </p>
   </div>
   <div class='ocr_carea' id='block_1_83' title="bbox 479 4420 1998 4497">
    <p class='ocr_par' dir='ltr' id='par_1_83' title="bbox 479 4420 1998 4497">
     <span class='ocr_line' id='line_1_84' title="bbox 479 4420 1998 4497; baseline 0.014 -25"><span class='ocrx_word' id='word_1_641' title='bbox 479 4420 664 4490; x_wconf 89' lang='lat' dir='ltr'><strong>Itaque</strong></span> <span class='ocrx_word' id='word_1_642' title='bbox 711 4425 1056 4493; x_wconf 80' lang='lat' dir='ltr'><strong>conspicatus</strong></span> <span class='ocrx_word' id='word_1_643' title='bbox 1086 4425 1368 4484; x_wconf 87' lang='lat' dir='ltr'><strong>Eumelum</strong></span> <span class='ocrx_word' id='word_1_644' title='bbox 1407 4433 1664 4497; x_wconf 84' lang='lat' dir='ltr'><strong>Achilles,</strong></span> <span class='ocrx_word' id='word_1_645' title='bbox 1717 4437 1998 4492; x_wconf 88' lang='lat' dir='ltr'><strong>cadentem</strong></span> 
     </span>
    </p>
   </div>
   <div class='ocr_carea' id='block_1_84' title="bbox 408 4516 1171 4577">
    <p class='ocr_par' dir='ltr' id='par_1_84' title="bbox 408 4516 1171 4577">
     <span class='ocr_line' id='line_1_85' title="bbox 408 4516 1171 4577; baseline 0.014 -11"><span class='ocrx_word' id='word_1_646' title='bbox 408 4527 439 4566; x_wconf 92' lang='lat' dir='ltr'><strong>c</strong></span> <span class='ocrx_word' id='word_1_647' title='bbox 477 4527 638 4568; x_wconf 90' lang='lat' dir='ltr'><strong>curru</strong></span> <span class='ocrx_word' id='word_1_648' title='bbox 693 4516 949 4573; x_wconf 88' lang='lat' dir='ltr'><strong>misertus</strong></span> <span class='ocrx_word' id='word_1_649' title='bbox 997 4520 1171 4577; x_wconf 76' lang='lat' dir='ltr'><strong>dixit:</strong></span> 
     </span>
    </p>
   </div>
   <div class='ocr_carea' id='block_1_85' title="bbox 481 4627 1901 4716">
    <p class='ocr_par' dir='ltr' id='par_1_85' title="bbox 481 4627 1901 4716">
     <span class='ocr_line' id='line_1_86' title="bbox 481 4627 1901 4716; baseline 0.014 -34"><span class='ocrx_word' id='word_1_650' title='bbox 481 4627 723 4697; x_wconf 77' lang='lat' dir='ltr'><strong>Optimus</strong></span> <span class='ocrx_word' id='word_1_651' title='bbox 773 4645 1005 4690; x_wconf 74' lang='lat' dir='ltr'><strong>extremo</strong></span> <span class='ocrx_word' id='word_1_652' title='bbox 1040 4638 1119 4690; x_wconf 76' lang='lat' dir='ltr'><strong>uir</strong></span> <span class='ocrx_word' id='word_1_653' title='bbox 1158 4655 1316 4708; x_wconf 81' lang='lat' dir='ltr'><strong>equos</strong></span> <span class='ocrx_word' id='word_1_654' title='bbox 1363 4642 1470 4712; x_wconf 83' lang='lat' dir='ltr'><strong>agit</strong></span> <span class='ocrx_word' id='word_1_655' title='bbox 1499 4644 1682 4700; x_wconf 80' lang='lat' dir='ltr'><strong>ordine</strong></span> <span class='ocrx_word' id='word_1_656' title='bbox 1716 4646 1901 4716; x_wconf 74' lang='lat' dir='ltr'><strong>fortes.</strong></span> 
     </span>
    </p>
   </div>
   <div class='ocr_carea' id='block_1_86' title="bbox 480 4739 2001 4829">
    <p class='ocr_par' dir='ltr' id='par_1_86' title="bbox 480 4739 2001 4829">
     <span class='ocr_line' id='line_1_87' title="bbox 480 4739 2001 4829; baseline 0.014 -34"><span class='ocrx_word' id='word_1_657' title='bbox 480 4739 640 4809; x_wconf 79' lang='lat' dir='ltr'><strong>Atqui</strong></span> <span class='ocrx_word' id='word_1_658' title='bbox 672 4744 965 4800; x_wconf 88' lang='lat' dir='ltr'><strong>absurdum</strong></span> <span class='ocrx_word' id='word_1_659' title='bbox 997 4760 1116 4803; x_wconf 82' lang='lat' dir='ltr'><strong>erat</strong></span> <span class='ocrx_word' id='word_1_660' title='bbox 1146 4749 1347 4806; x_wconf 69' lang='lat' dir='ltr'><strong>haecita</strong></span> <span class='ocrx_word' id='word_1_661' title='bbox 1374 4752 1631 4826; x_wconf 89' lang='lat' dir='ltr'><strong>deinceps</strong></span> <span class='ocrx_word' id='word_1_662' title='bbox 1648 4758 2001 4829; x_wconf 75' lang='lat' dir='ltr'><strong>conjungere,</strong></span> 
     </span>
    </p>
   </div>
   <div class='ocr_carea' id='block_1_87' title="bbox 409 4834 2005 4907">
    <p class='ocr_par' dir='ltr' id='par_1_87' title="bbox 409 4834 2005 4907">
     <span class='ocr_line' id='line_1_88' title="bbox 409 4834 2005 4907; baseline 0.014 -23"><span class='ocrx_word' id='word_1_663' title='bbox 409 4843 572 4902; x_wconf 78' lang='lat' dir='ltr'><strong>atque</strong></span> <span class='ocrx_word' id='word_1_664' title='bbox 587 4834 836 4888; x_wconf 78' lang='lat' dir='ltr'><strong>eumdem</strong></span> <span class='ocrx_word' id='word_1_665' title='bbox 864 4839 1124 4905; x_wconf 88' lang='lat' dir='ltr'><strong>optimum</strong></span> <span class='ocrx_word' id='word_1_666' title='bbox 1155 4852 1208 4897; x_wconf 91' lang='lat' dir='ltr'><strong>et</strong></span> <span class='ocrx_word' id='word_1_667' title='bbox 1236 4855 1535 4901; x_wconf 79' lang='lat' dir='ltr'><strong>extremum</strong></span> <span class='ocrx_word' id='word_1_668' title='bbox 1555 4849 1753 4904; x_wconf 87' lang='lat' dir='ltr'><strong>dicere.</strong></span> <span class='ocrx_word' id='word_1_669' title='bbox 1777 4849 2005 4907; x_wconf 85' lang='lat' dir='ltr'><strong>Verum-</strong></span> 
     </span>
    </p>
   </div>
   <div class='ocr_carea' id='block_1_88' title="bbox 411 4926 2003 5000">
    <p class='ocr_par' dir='ltr' id='par_1_88' title="bbox 411 4926 2003 5000">
     <span class='ocr_line' id='line_1_89' title="bbox 411 4926 2003 5000; baseline 0.014 -22"><span class='ocrx_word' id='word_1_670' title='bbox 411 4932 592 4980; x_wconf 42' lang='lat' dir='ltr'><strong>tamen</strong></span> <span class='ocrx_word' id='word_1_671' title='bbox 611 4926 808 4996; x_wconf 75' lang='lat' dir='ltr'><strong>italres,</strong></span> <span class='ocrx_word' id='word_1_672' title='bbox 825 4929 1018 4999; x_wconf 89' lang='lat' dir='ltr'><strong>inquit,</strong></span> <span class='ocrx_word' id='word_1_673' title='bbox 1041 4933 1289 4991; x_wconf 77' lang='lat' dir='ltr'><strong>humanae</strong></span> <span class='ocrx_word' id='word_1_674' title='bbox 1307 4936 1505 4994; x_wconf 90' lang='lat' dir='ltr'><strong>ferunt.</strong></span> <span class='ocrx_word' id='word_1_675' title='bbox 1521 4939 1634 4996; x_wconf 83' lang='lat' dir='ltr'><strong>lloc</strong></span> <span class='ocrx_word' id='word_1_676' title='bbox 1647 4945 1791 4998; x_wconf 90' lang='lat' dir='ltr'><strong>enim</strong></span> <span class='ocrx_word' id='word_1_677' title='bbox 1815 4945 2003 5000; x_wconf 80' lang='lat' dir='ltr'><strong>viden-</strong></span> 
     </span>
    </p>
   </div>
   <div class='ocr_carea' id='block_1_89' title="bbox 411 5015 2005 5104">
    <p class='ocr_par' dir='ltr' id='par_1_89' title="bbox 411 5015 2005 5104">
     <span class='ocr_line' id='line_1_90' title="bbox 411 5015 2005 5104; baseline 0.014 -34"><span class='ocrx_word' id='word_1_678' title='bbox 411 5026 498 5070; x_wconf 83' lang='lat' dir='ltr'><strong>tur</strong></span> <span class='ocrx_word' id='word_1_679' title='bbox 547 5015 676 5071; x_wconf 91' lang='lat' dir='ltr'><strong>mihi</strong></span> <span class='ocrx_word' id='word_1_680' title='bbox 713 5021 874 5074; x_wconf 85' lang='lat' dir='ltr'><strong>verba</strong></span> <span class='ocrx_word' id='word_1_681' title='bbox 908 5023 1062 5088; x_wconf 86' lang='lat' dir='ltr'><strong>velle,</strong></span> <span class='ocrx_word' id='word_1_682' title='bbox 1098 5028 1344 5083; x_wconf 87' lang='lat' dir='ltr'><strong>eumdem</strong></span> <span class='ocrx_word' id='word_1_683' title='bbox 1380 5046 1500 5088; x_wconf 86' lang='lat' dir='ltr'><strong>esse</strong></span> <span class='ocrx_word' id='word_1_684' title='bbox 1559 5043 1616 5088; x_wconf 92' lang='lat' dir='ltr'><strong>et</strong></span> <span class='ocrx_word' id='word_1_685' title='bbox 1653 5035 1915 5104; x_wconf 82' lang='lat' dir='ltr'><strong>Optimum</strong></span> <span class='ocrx_word' id='word_1_686' title='bbox 1949 5045 2005 5092; x_wconf 90' lang='lat' dir='ltr'><strong>et</strong></span> 
     </span>
    </p>
   </div>
   <div class='ocr_carea' id='block_1_90' title="bbox 409 5112 2003 5199">
    <p class='ocr_par' dir='ltr' id='par_1_90' title="bbox 409 5112 2003 5199">
     <span class='ocr_line' id='line_1_91' title="bbox 409 5112 2003 5199; baseline 0.016 -40"><span class='ocrx_word' id='word_1_687' title='bbox 409 5116 746 5199; x_wconf 76' lang='lat' dir='ltr'><strong>extremum,</strong></span> <span class='ocrx_word' id='word_1_688' title='bbox 777 5112 919 5180; x_wconf 91' lang='lat' dir='ltr'><strong>quod</strong></span> <span class='ocrx_word' id='word_1_689' title='bbox 974 5115 1122 5170; x_wconf 88' lang='lat' dir='ltr'><strong>olim&#39;</strong></span> <span class='ocrx_word' id='word_1_690' title='bbox 1151 5117 1406 5174; x_wconf 85' lang='lat' dir='ltr'><strong>Orontem</strong></span> <span class='ocrx_word' id='word_1_691' title='bbox 1449 5123 1668 5179; x_wconf 78' lang='lat' dir='ltr'><strong>Persam</strong></span> <span class='ocrx_word' id='word_1_692' title='bbox 1721 5127 1787 5182; x_wconf 90' lang='lat' dir='ltr'><strong>de</strong></span> <span class='ocrx_word' id='word_1_693' title='bbox 1836 5128 2003 5199; x_wconf 83' lang='lat' dir='ltr'><strong>digito</strong></span> 
     </span>
    </p>
   </div>
   <div class='ocr_carea' id='block_1_91' title="bbox 409 5197 2001 5285">
    <p class='ocr_par' dir='ltr' id='par_1_91' title="bbox 409 5197 2001 5285">
     <span class='ocr_line' id='line_1_92' title="bbox 409 5197 2001 5285; baseline 0.014 -34"><span class='ocrx_word' id='word_1_694' title='bbox 409 5197 613 5256; x_wconf 68' lang='lat' dir='ltr'><strong>dixisse</strong></span> <span class='ocrx_word' id='word_1_695' title='bbox 635 5201 833 5265; x_wconf 86' lang='lat' dir='ltr'><strong>ferunt,</strong></span> <span class='ocrx_word' id='word_1_696' title='bbox 871 5208 1118 5261; x_wconf 90' lang='lat' dir='ltr'><strong>eumdem</strong></span> <span class='ocrx_word' id='word_1_697' title='bbox 1151 5209 1253 5264; x_wconf 90' lang='lat' dir='ltr'><strong>situ</strong></span> <span class='ocrx_word' id='word_1_698' title='bbox 1279 5211 1384 5266; x_wconf 86' lang='lat' dir='ltr'><strong>alio</strong></span> <span class='ocrx_word' id='word_1_699' title='bbox 1421 5230 1565 5270; x_wconf 91' lang='lat' dir='ltr'><strong>nunc</strong></span> <span class='ocrx_word' id='word_1_700' title='bbox 1598 5216 1785 5272; x_wconf 87' lang='lat' dir='ltr'><strong>decem</strong></span> <span class='ocrx_word' id='word_1_701' title='bbox 1813 5197 2001 5285; x_wconf 44' lang='lat' dir='ltr'><strong>mil—lia,</strong></span> 
     </span>
    </p>
   </div>
   <div class='ocr_carea' id='block_1_92' title="bbox 412 5299 2001 5381">
    <p class='ocr_par' dir='ltr' id='par_1_92' title="bbox 412 5299 2001 5381">
     <span class='ocr_line' id='line_1_93' title="bbox 412 5299 2001 5381; baseline 0.012 -33"><span class='ocrx_word' id='word_1_702' title='bbox 412 5309 555 5348; x_wconf 80' lang='lat' dir='ltr'><strong>nunc</strong></span> <span class='ocrx_word' id='word_1_703' title='bbox 586 5314 748 5352; x_wconf 88' lang='lat' dir='ltr'><strong>unum</strong></span> <span class='ocrx_word' id='word_1_704' title='bbox 785 5299 1050 5356; x_wconf 81' lang='lat' dir='ltr'><strong>duntaxat</strong></span> <span class='ocrx_word' id='word_1_705' title='bbox 1091 5306 1624 5375; x_wconf 69' lang='lat' dir='ltr'><strong>ostetttlerc.tht:tre</strong></span> <span class='ocrx_word' id='word_1_706' title='bbox 1653 5311 1736 5381; x_wconf 64' lang='lat' dir='ltr'><strong>ad:</strong></span> <span class='ocrx_word' id='word_1_707' title='bbox 1761 5311 2001 5368; x_wconf 84' lang='lat' dir='ltr'><strong>Platonis</strong></span> 
     </span>
    </p>
   </div>
   <div class='ocr_carea' id='block_1_93' title="bbox 413 5389 2005 5471">
    <p class='ocr_par' dir='ltr' id='par_1_93' title="bbox 413 5389 2005 5471">
     <span class='ocr_line' id='line_1_94' title="bbox 413 5389 2005 5471; baseline 0.013 -30"><span class='ocrx_word' id='word_1_708' title='bbox 413 5389 718 5459; x_wconf 74' lang='lat' dir='ltr'><strong>exemplum</strong></span> <span class='ocrx_word' id='word_1_709' title='bbox 737 5394 878 5464; x_wconf 74' lang='lat' dir='ltr'><strong>mihi</strong></span> <span class='ocrx_word' id='word_1_710' title='bbox 900 5405 1051 5452; x_wconf 86' lang='lat' dir='ltr'><strong>certe</strong></span> <span class='ocrx_word' id='word_1_711' title='bbox 1065 5397 1280 5452; x_wconf 83' lang='lat' dir='ltr'><strong>videtur</strong></span> <span class='ocrx_word' id='word_1_712' title='bbox 1301 5398 1496 5471; x_wconf 57' lang='lat' dir='ltr'><strong>“5b</strong></span> <span class='ocrx_word' id='word_1_713' title='bbox 1528 5402 1780 5461; x_wconf 83' lang='lat' dir='ltr'><strong>Eumelus</strong></span> <span class='ocrx_word' id='word_1_714' title='bbox 1812 5406 1864 5460; x_wconf 90' lang='lat' dir='ltr'><strong>in</strong></span> <span class='ocrx_word' id='word_1_715' title='bbox 1896 5421 2005 5460; x_wconf 76' lang='lat' dir='ltr'><strong>ca:—</strong></span> 
     </span>
    </p>
   </div>
   <div class='ocr_carea' id='block_1_94' title="bbox 2232 4313 3429 4394">
    <p class='ocr_par' dir='ltr' id='par_1_94' title="bbox 2232 4313 3429 4394">
     <span class='ocr_line' id='line_1_95' title="bbox 2232 4313 3429 4394; baseline -0.011 -13"><span class='ocrx_word' id='word_1_716' title='bbox 2232 4327 2337 4382; x_wconf 83' lang='grc' dir='ltr'><strong>Ἐν</strong></span> <span class='ocrx_word' id='word_1_717' title='bbox 2363 4325 2618 4394; x_wconf 79' lang='grc' dir='ltr'><strong>ἔργμασι</strong></span> <span class='ocrx_word' id='word_1_718' title='bbox 2646 4318 2785 4386; x_wconf 75' lang='grc' dir='ltr'><strong>νικᾷ</strong></span> <span class='ocrx_word' id='word_1_719' title='bbox 2814 4318 2963 4386; x_wconf 84' lang='grc' dir='ltr'><strong>τύχα</strong></span> <span class='ocrx_word' id='word_1_720' title='bbox 2995 4317 3064 4382; x_wconf 83' lang='grc'><strong>⁸⁷,</strong></span> <span class='ocrx_word' id='word_1_721' title='bbox 3089 4315 3160 4369; x_wconf 82' lang='grc' dir='ltr'><strong>οὐ</strong></span> <span class='ocrx_word' id='word_1_722' title='bbox 3190 4313 3429 4378; x_wconf 83' lang='grc' dir='ltr'><strong>σθένος.</strong></span> 
     </span>
    </p>
   </div>
   <div class='ocr_carea' id='block_1_95' title="bbox 2182 4425 3700 4503">
    <p class='ocr_par' dir='ltr' id='par_1_95' title="bbox 2182 4425 3700 4503">
     <span class='ocr_line' id='line_1_96' title="bbox 2182 4425 3700 4503; baseline -0.009 -10"><span class='ocrx_word' id='word_1_723' title='bbox 2182 4441 2344 4493; x_wconf 85' lang='grc' dir='ltr'><strong>Ὥστε</strong></span> <span class='ocrx_word' id='word_1_724' title='bbox 2368 4438 2413 4471; x_wconf 80' lang='grc'><strong>³⁸</strong></span> <span class='ocrx_word' id='word_1_725' title='bbox 2449 4435 2574 4490; x_wconf 83' lang='grc' dir='ltr'><strong>Ξδὼν</strong></span> <span class='ocrx_word' id='word_1_726' title='bbox 2604 4435 2694 4488; x_wconf 79' lang='grc' dir='ltr'><strong>τὸν</strong></span> <span class='ocrx_word' id='word_1_727' title='bbox 2721 4431 2973 4503; x_wconf 74' lang='grc' dir='ltr'><strong>Εὔμηλον</strong></span> <span class='ocrx_word' id='word_1_728' title='bbox 3013 4427 3294 4499; x_wconf 71' lang='grc' dir='ltr'><strong>Ἀχιλλεὺς</strong></span> <span class='ocrx_word' id='word_1_729' title='bbox 3316 4425 3412 4480; x_wconf 76' lang='grc' dir='ltr'><strong>τοῦ</strong></span> <span class='ocrx_word' id='word_1_730' title='bbox 3441 4426 3700 4498; x_wconf 68' lang='grc' dir='ltr'><strong>ἅρματος</strong></span> 
     </span>
    </p>
   </div>
   <div class='ocr_carea' id='block_1_96' title="bbox 2108 4521 3079 4600">
    <p class='ocr_par' dir='ltr' id='par_1_96' title="bbox 2108 4521 3079 4600">
     <span class='ocr_line' id='line_1_97' title="bbox 2108 4521 3079 4600; baseline -0.014 -13"><span class='ocrx_word' id='word_1_731' title='bbox 2108 4531 2415 4586; x_wconf 77' lang='grc' dir='ltr'><strong>ἐκπεσόντα</strong></span> <span class='ocrx_word' id='word_1_732' title='bbox 2443 4525 2676 4600; x_wconf 80' lang='grc' dir='ltr'><strong>ᾤκτειρέ</strong></span> <span class='ocrx_word' id='word_1_733' title='bbox 2719 4542 2781 4578; x_wconf 88' lang='grc' dir='ltr'><strong>τε</strong></span> <span class='ocrx_word' id='word_1_734' title='bbox 2814 4522 2909 4577; x_wconf 76' lang='grc' dir='ltr'><strong>καὶ</strong></span> <span class='ocrx_word' id='word_1_735' title='bbox 2931 4521 3079 4590; x_wconf 86' lang='grc' dir='ltr'><strong>λέγει</strong></span> 
     </span>
    </p>
   </div>
   <div class='ocr_carea' id='block_1_97' title="bbox 2029 4633 3700 4744">
    <p class='ocr_par' dir='ltr' id='par_1_97' title="bbox 2029 4633 3700 4744">
     <span class='ocr_line' id='line_1_98' title="bbox 2029 4633 3700 4744; baseline -0.013 -40"><span class='ocrx_word' id='word_1_736' title='bbox 2029 4681 2082 4744; x_wconf 75' lang='lat' dir='ltr'><strong>D</strong></span> <span class='ocrx_word' id='word_1_737' title='bbox 2109 4646 2367 4712; x_wconf 84' lang='grc' dir='ltr'><strong>Λοῐσθος</strong></span> <span class='ocrx_word' id='word_1_738' title='bbox 2387 4642 2543 4712; x_wconf 80' lang='grc' dir='ltr'><strong>ἀνὴρ</strong></span> <span class='ocrx_word' id='word_1_739' title='bbox 2570 4641 2822 4711; x_wconf 81' lang='grc' dir='ltr'><strong>ὤριστος</strong></span> <span class='ocrx_word' id='word_1_740' title='bbox 2855 4638 3100 4694; x_wconf 73' lang='grc' dir='ltr'><strong>ἐλαύνει</strong></span> <span class='ocrx_word' id='word_1_741' title='bbox 3125 4635 3411 4708; x_wconf 79' lang='grc' dir='ltr'><strong>μώνυχας</strong></span> <span class='ocrx_word' id='word_1_742' title='bbox 3441 4633 3700 4697; x_wconf 70' lang='grc' dir='ltr'><strong>ἵππους.</strong></span> 
     </span>
    </p>
   </div>
   <div class='ocr_carea' id='block_1_98' title="bbox 2176 4747 3703 4832">
    <p class='ocr_par' dir='ltr' id='par_1_98' title="bbox 2176 4747 3703 4832">
     <span class='ocr_line' id='line_1_99' title="bbox 2176 4747 3703 4832; baseline -0.01 -17"><span class='ocrx_word' id='word_1_743' title='bbox 2176 4753 2307 4832; x_wconf 66' lang='grc' dir='ltr'><strong>Ἆρ’</strong></span> <span class='ocrx_word' id='word_1_744' title='bbox 2344 4757 2437 4813; x_wconf 75' lang='grc' dir='ltr'><strong>οὖν</strong></span> <span class='ocrx_word' id='word_1_745' title='bbox 2457 4758 2518 4812; x_wconf 87' lang='grc' dir='ltr'><strong>οὑ</strong></span> <span class='ocrx_word' id='word_1_746' title='bbox 2543 4755 2847 4830; x_wconf 84' lang='grc' dir='ltr'><strong>παράδοξον</strong></span> <span class='ocrx_word' id='word_1_747' title='bbox 2878 4755 3004 4826; x_wconf 81' lang='grc' dir='ltr'><strong>ἑξῆς</strong></span> <span class='ocrx_word' id='word_1_748' title='bbox 3025 4753 3221 4808; x_wconf 79' lang='grc' dir='ltr'><strong>οὑτωσὶ</strong></span> <span class='ocrx_word' id='word_1_749' title='bbox 3264 4751 3438 4805; x_wconf 86' lang='grc' dir='ltr'><strong>θεῖναι</strong></span> <span class='ocrx_word' id='word_1_750' title='bbox 3487 4747 3703 4818; x_wconf 63' lang='grc' dir='ltr'><strong>παρά-λη</strong></span> 
     </span>
    </p>
   </div>
   <div class='ocr_carea' id='block_1_99' title="bbox 2106 4843 3705 4920">
    <p class='ocr_par' dir='ltr' id='par_1_99' title="bbox 2106 4843 3705 4920">
     <span class='ocr_line' id='line_1_100' title="bbox 2106 4843 3705 4920; baseline -0.008 -16"><span class='ocrx_word' id='word_1_751' title='bbox 2106 4851 2268 4920; x_wconf 86' lang='grc' dir='ltr'><strong>ληλα,</strong></span> <span class='ocrx_word' id='word_1_752' title='bbox 2320 4849 2418 4904; x_wconf 77' lang='grc' dir='ltr'><strong>καὶ</strong></span> <span class='ocrx_word' id='word_1_753' title='bbox 2462 4848 2555 4902; x_wconf 84' lang='grc' dir='ltr'><strong>τὸν</strong></span> <span class='ocrx_word' id='word_1_754' title='bbox 2598 4849 2762 4904; x_wconf 74' lang='grc' dir='ltr'><strong>αὐτὸν</strong></span> <span class='ocrx_word' id='word_1_755' title='bbox 2815 4846 3028 4901; x_wconf 86' lang='grc' dir='ltr'><strong>λοῖσθόν</strong></span> <span class='ocrx_word' id='word_1_756' title='bbox 3054 4864 3113 4899; x_wconf 87' lang='grc' dir='ltr'><strong>τε</strong></span> <span class='ocrx_word' id='word_1_757' title='bbox 3147 4845 3242 4899; x_wconf 74' lang='grc' dir='ltr'><strong>καὶ</strong></span> <span class='ocrx_word' id='word_1_758' title='bbox 3274 4843 3496 4915; x_wconf 72' lang='grc' dir='ltr'><strong>ἄριστον</strong></span> <span class='ocrx_word' id='word_1_759' title='bbox 3528 4856 3705 4912; x_wconf 71' lang='grc' dir='ltr'><strong>προσ-ε</strong></span> 
     </span>
    </p>
   </div>
   <div class='ocr_carea' id='block_1_100' title="bbox 2106 4932 3703 5011">
    <p class='ocr_par' dir='ltr' id='par_1_100' title="bbox 2106 4932 3703 5011">
     <span class='ocr_line' id='line_1_101' title="bbox 2106 4932 3703 5011; baseline -0.009 -13"><span class='ocrx_word' id='word_1_760' title='bbox 2106 4945 2319 5010; x_wconf 83' lang='grc' dir='ltr'><strong>ειπεῖν;</strong></span> <span class='ocrx_word' id='word_1_761' title='bbox 2380 4940 2523 4994; x_wconf 84' lang='grc' dir='ltr'><strong>Ἀλλ’</strong></span> <span class='ocrx_word' id='word_1_762' title='bbox 2575 4941 2726 5011; x_wconf 84' lang='grc' dir='ltr'><strong>ὅμως</strong></span> <span class='ocrx_word' id='word_1_763' title='bbox 2778 4939 3028 5005; x_wconf 83' lang='grc' dir='ltr'><strong>τοιαῦτα,</strong></span> <span class='ocrx_word' id='word_1_764' title='bbox 3062 4938 3216 5010; x_wconf 72' lang='grc' dir='ltr'><strong>φησὶ,</strong></span> <span class='ocrx_word' id='word_1_765' title='bbox 3280 4937 3350 4990; x_wconf 81' lang='grc' dir='ltr'><strong>τὰ</strong></span> <span class='ocrx_word' id='word_1_766' title='bbox 3384 4932 3703 5004; x_wconf 84' lang='grc' dir='ltr'><strong>ἀνθρώπεια</strong></span> 
     </span>
    </p>
   </div>
   <div class='ocr_carea' id='block_1_101' title="bbox 2109 5020 3701 5109">
    <p class='ocr_par' dir='ltr' id='par_1_101' title="bbox 2109 5020 3701 5109">
     <span class='ocr_line' id='line_1_102' title="bbox 2109 5020 3701 5109; baseline -0.009 -19"><span class='ocrx_word' id='word_1_767' title='bbox 2109 5035 2289 5109; x_wconf 78' lang='grc' dir='ltr'><strong>(τοῦτο</strong></span> <span class='ocrx_word' id='word_1_768' title='bbox 2319 5034 2429 5105; x_wconf 83' lang='grc' dir='ltr'><strong>γάρ</strong></span> <span class='ocrx_word' id='word_1_769' title='bbox 2457 5051 2547 5104; x_wconf 87' lang='grc' dir='ltr'><strong>μοι</strong></span> <span class='ocrx_word' id='word_1_770' title='bbox 2568 5034 2716 5087; x_wconf 88' lang='grc' dir='ltr'><strong>δοκεῖ</strong></span> <span class='ocrx_word' id='word_1_771' title='bbox 2737 5033 2846 5087; x_wconf 88' lang='grc' dir='ltr'><strong>τῶν</strong></span> <span class='ocrx_word' id='word_1_772' title='bbox 2873 5031 3133 5104; x_wconf 76' lang='grc' dir='ltr'><strong>ῥημάτων</strong></span> <span class='ocrx_word' id='word_1_773' title='bbox 3157 5029 3216 5083; x_wconf 80' lang='grc' dir='ltr'><strong>τὸ</strong></span> <span class='ocrx_word' id='word_1_774' title='bbox 3241 5027 3488 5100; x_wconf 86' lang='grc' dir='ltr'><strong>βούλημα</strong></span> <span class='ocrx_word' id='word_1_775' title='bbox 3511 5020 3701 5091; x_wconf 83' lang='grc' dir='ltr'><strong>εἶναι)⁹</strong></span> 
     </span>
    </p>
   </div>
   <div class='ocr_carea' id='block_1_102' title="bbox 2110 5119 3702 5199">
    <p class='ocr_par' dir='ltr' id='par_1_102' title="bbox 2110 5119 3702 5199">
     <span class='ocr_line' id='line_1_103' title="bbox 2110 5119 3702 5199; baseline -0.009 -15"><span class='ocrx_word' id='word_1_776' title='bbox 2110 5128 2330 5192; x_wconf 76' lang='grc' dir='ltr'><strong>ὁαύτὸς</strong></span> <span class='ocrx_word' id='word_1_777' title='bbox 2400 5126 2540 5199; x_wconf 81' lang='grc' dir='ltr'><strong>ἀνὴρ</strong></span> <span class='ocrx_word' id='word_1_778' title='bbox 2589 5126 2720 5199; x_wconf 82' lang='lat'><strong>[707</strong></span> <span class='ocrx_word' id='word_1_779' title='bbox 2763 5123 2854 5197; x_wconf 75' lang='lat' dir='ltr'><strong>IL]</strong></span> <span class='ocrx_word' id='word_1_780' title='bbox 2920 5123 3141 5196; x_wconf 83' lang='grc' dir='ltr'><strong>ἄριστός</strong></span> <span class='ocrx_word' id='word_1_781' title='bbox 3182 5139 3242 5175; x_wconf 88' lang='grc' dir='ltr'><strong>τε</strong></span> <span class='ocrx_word' id='word_1_782' title='bbox 3298 5119 3395 5174; x_wconf 73' lang='grc' dir='ltr'><strong>καὶ</strong></span> <span class='ocrx_word' id='word_1_783' title='bbox 3449 5119 3702 5188; x_wconf 77' lang='grc' dir='ltr'><strong>ἔσχατος.</strong></span> 
     </span>
    </p>
   </div>
   <div class='ocr_carea' id='block_1_103' title="bbox 2114 5210 3705 5291">
    <p class='ocr_par' dir='ltr' id='par_1_103' title="bbox 2114 5210 3705 5291">
     <span class='ocr_line' id='line_1_104' title="bbox 2114 5210 3705 5291; baseline -0.009 -17"><span class='ocrx_word' id='word_1_784' title='bbox 2114 5221 2293 5291; x_wconf 88' lang='grc' dir='ltr'><strong>Ὅπερ</strong></span> <span class='ocrx_word' id='word_1_785' title='bbox 2316 5221 2360 5253; x_wconf 75' lang='grc'>³⁸</span> <span class='ocrx_word' id='word_1_786' title='bbox 2393 5221 2526 5290; x_wconf 79' lang='grc' dir='ltr'><strong>περὶ</strong></span> <span class='ocrx_word' id='word_1_787' title='bbox 2554 5218 2650 5272; x_wconf 81' lang='grc' dir='ltr'><strong>τοῦ</strong></span> <span class='ocrx_word' id='word_1_788' title='bbox 2688 5216 2951 5271; x_wconf 82' lang='grc' dir='ltr'><strong>δακτύλου</strong></span> <span class='ocrx_word' id='word_1_789' title='bbox 2981 5216 3112 5286; x_wconf 83' lang='grc' dir='ltr'><strong>φασί</strong></span> <span class='ocrx_word' id='word_1_790' title='bbox 3167 5213 3286 5268; x_wconf 88' lang='grc' dir='ltr'><strong>ποτ’</strong></span> <span class='ocrx_word' id='word_1_791' title='bbox 3321 5213 3494 5266; x_wconf 73' lang='grc' dir='ltr'><strong>εἰπεῖν</strong></span> <span class='ocrx_word' id='word_1_792' title='bbox 3513 5210 3705 5279; x_wconf 83' lang='grc' dir='ltr'><strong>Ὀρόν-</strong></span> 
     </span>
    </p>
   </div>
   <div class='ocr_carea' id='block_1_104' title="bbox 2112 5300 3708 5381">
    <p class='ocr_par' dir='ltr' id='par_1_104' title="bbox 2112 5300 3708 5381">
     <span class='ocr_line' id='line_1_105' title="bbox 2112 5300 3708 5381; baseline -0.008 -17"><span class='ocrx_word' id='word_1_793' title='bbox 2112 5328 2211 5380; x_wconf 89' lang='grc' dir='ltr'><strong>την</strong></span> <span class='ocrx_word' id='word_1_794' title='bbox 2249 5311 2295 5343; x_wconf 69' lang='grc' dir='ltr'><strong>δο</strong></span> <span class='ocrx_word' id='word_1_795' title='bbox 2323 5309 2417 5364; x_wconf 85' lang='grc' dir='ltr'><strong>τὸν</strong></span> <span class='ocrx_word' id='word_1_796' title='bbox 2469 5309 2709 5381; x_wconf 83' lang='grc' dir='ltr'><strong>Πέρσην,</strong></span> <span class='ocrx_word' id='word_1_797' title='bbox 2757 5308 2834 5372; x_wconf 84' lang='grc' dir='ltr'>ὡς</span> <span class='ocrx_word' id='word_1_798' title='bbox 2866 5307 2949 5362; x_wconf 69' lang='grc'><strong>6⁸⁸</strong></span> <span class='ocrx_word' id='word_1_799' title='bbox 2983 5306 3148 5370; x_wconf 82' lang='grc' dir='ltr'><strong>αὐτὸς</strong></span> <span class='ocrx_word' id='word_1_800' title='bbox 3177 5305 3254 5360; x_wconf 83' lang='grc' dir='ltr'><strong>ὢν</strong></span> <span class='ocrx_word' id='word_1_801' title='bbox 3286 5307 3353 5377; x_wconf 78' lang='grc' dir='ltr'><strong>τῇ</strong></span> <span class='ocrx_word' id='word_1_802' title='bbox 3383 5303 3528 5356; x_wconf 87' lang='grc' dir='ltr'><strong>θέσει</strong></span> <span class='ocrx_word' id='word_1_803' title='bbox 3573 5300 3708 5354; x_wconf 74' lang='grc' dir='ltr'><strong>ποτέ</strong></span> 
     </span>
    </p>
   </div>
   <div class='ocr_carea' id='block_1_105' title="bbox 2116 5393 3708 5476">
    <p class='ocr_par' dir='ltr' id='par_1_105' title="bbox 2116 5393 3708 5476">
     <span class='ocr_line' id='line_1_106' title="bbox 2116 5393 3708 5476; baseline -0.007 -19"><span class='ocrx_word' id='word_1_804' title='bbox 2116 5405 2216 5476; x_wconf 80' lang='grc' dir='ltr'><strong>μὲν</strong></span> <span class='ocrx_word' id='word_1_805' title='bbox 2241 5403 2310 5457; x_wconf 81' lang='grc' dir='ltr'><strong>τὰ</strong></span> <span class='ocrx_word' id='word_1_806' title='bbox 2333 5403 2505 5474; x_wconf 88' lang='grc' dir='ltr'><strong>μυρία</strong></span> <span class='ocrx_word' id='word_1_807' title='bbox 2541 5401 2819 5474; x_wconf 89' lang='grc' dir='ltr'><strong>σημαίνει,</strong></span> <span class='ocrx_word' id='word_1_808' title='bbox 2845 5400 2975 5454; x_wconf 85' lang='grc' dir='ltr'><strong>ποτὲ</strong></span> <span class='ocrx_word' id='word_1_809' title='bbox 3008 5400 3054 5455; x_wconf 79' lang='grc' dir='ltr'><strong>δ’</strong></span> <span class='ocrx_word' id='word_1_810' title='bbox 3090 5399 3151 5453; x_wconf 85' lang='grc' dir='ltr'><strong>ού</strong></span> <span class='ocrx_word' id='word_1_811' title='bbox 3186 5399 3349 5453; x_wconf 82' lang='grc' dir='ltr'><strong>πλέον</strong></span> <span class='ocrx_word' id='word_1_812' title='bbox 3381 5397 3416 5469; x_wconf 77' lang='grc' dir='ltr'>ἢ</span> <span class='ocrx_word' id='word_1_813' title='bbox 3459 5393 3708 5449; x_wconf 77' lang='grc' dir='ltr'><strong>ἑν.“Ὧστ“</strong></span> 
     </span>
    </p>
   </div>
   <div class='ocr_carea' id='block_1_106' title="bbox 1678 5565 2374 5629">
    <p class='ocr_par' dir='ltr' id='par_1_106' title="bbox 1678 5565 2374 5629">
     <span class='ocr_line' id='line_1_107' title="bbox 1678 5565 2374 5629; baseline 0.01 -11"><span class='ocrx_word' id='word_1_814' title='bbox 1678 5565 1916 5622; x_wconf 74' lang='lat' dir='ltr'><strong>VARUE</strong></span> <span class='ocrx_word' id='word_1_815' title='bbox 1953 5567 2374 5629; x_wconf 83' lang='lat' dir='ltr'><strong>LECTIONES.</strong></span> 
     </span>
    </p>
   </div>
   <div class='ocr_carea' id='block_1_107' title="bbox 492 5715 1670 5791">
    <p class='ocr_par' dir='ltr' id='par_1_107' title="bbox 492 5715 1670 5791">
     <span class='ocr_line' id='line_1_108' title="bbox 492 5715 1670 5791; baseline 0.01 -25"><span class='ocrx_word' id='word_1_816' title='bbox 492 5715 537 5742; x_wconf 66' lang='grc' dir='ltr'><strong>π</strong></span> <span class='ocrx_word' id='word_1_817' title='bbox 557 5717 628 5791; x_wconf 36' lang='grc' dir='ltr'><strong>ῌεί</strong></span> <span class='ocrx_word' id='word_1_818' title='bbox 659 5718 727 5791; x_wconf 76' lang='grc' dir='ltr'><strong>δἸ</strong></span> <span class='ocrx_word' id='word_1_819' title='bbox 787 5735 840 5783; x_wconf 85' lang='lat' dir='ltr'><strong>p.</strong></span> <span class='ocrx_word' id='word_1_820' title='bbox 881 5721 1001 5791; x_wconf 52' lang='lat' dir='ltr'><strong>Uti.</strong></span> <span class='ocrx_word' id='word_1_821' title='bbox 1082 5722 1124 5750; x_wconf 80' lang='grc'><strong>’⁷</strong></span> <span class='ocrx_word' id='word_1_822' title='bbox 1158 5723 1561 5791; x_wconf 73' lang='grc' dir='ltr'><strong>ἐπειλημμένος</strong></span> <span class='ocrx_word' id='word_1_823' title='bbox 1607 5726 1670 5782; x_wconf 85' lang='lat' dir='ltr'><strong>A.</strong></span> 
     </span>
    </p>
   </div>
   <div class='ocr_carea' id='block_1_108' title="bbox 430 5778 1550 5852">
    <p class='ocr_par' dir='ltr' id='par_1_108' title="bbox 430 5778 1550 5852">
     <span class='ocr_line' id='line_1_109' title="bbox 430 5778 1550 5852; baseline 0.015 -23"><span class='ocrx_word' id='word_1_824' title='bbox 430 5778 757 5852; x_wconf 68' lang='grc' dir='ltr'><strong>δ’τοῦνειδος</strong></span> <span class='ocrx_word' id='word_1_825' title='bbox 783 5778 826 5840; x_wconf 72' lang='grc' dir='ltr'>Ᾱ</span> <span class='ocrx_word' id='word_1_826' title='bbox 856 5809 867 5840; x_wconf 88' lang='lat'><strong>:</strong></span> <span class='ocrx_word' id='word_1_827' title='bbox 903 5789 962 5840; x_wconf 79' lang='grc' dir='ltr'><strong>τὸ</strong></span> <span class='ocrx_word' id='word_1_828' title='bbox 981 5790 1178 5851; x_wconf 68' lang='grc' dir='ltr'><strong>ὄνειδος</strong></span> <span class='ocrx_word' id='word_1_829' title='bbox 1201 5807 1260 5852; x_wconf 78' lang='grc' dir='ltr'><strong>ς.</strong></span> <span class='ocrx_word' id='word_1_830' title='bbox 1339 5778 1550 5846; x_wconf 55' lang='grc' dir='ltr'><strong>ϊ³ἀύτᾶ</strong></span> 
     </span>
    </p>
   </div>
   <div class='ocr_carea' id='block_1_109' title="bbox 431 5847 1836 5935">
    <p class='ocr_par' dir='ltr' id='par_1_109' title="bbox 431 5847 1836 5935">
     <span class='ocr_line' id='line_1_110' title="bbox 431 5847 1836 5935; baseline 0.017 -38"><span class='ocrx_word' id='word_1_831' title='bbox 431 5847 564 5917; x_wconf 76' lang='grc' dir='ltr'><strong>τᾱιχα</strong></span> <span class='ocrx_word' id='word_1_832' title='bbox 589 5856 651 5906; x_wconf 82' lang='grc' dir='ltr'><strong>Λ.</strong></span> <span class='ocrx_word' id='word_1_833' title='bbox 729 5857 959 5928; x_wconf 51' lang='lat' dir='ltr'><strong>&quot;time!</strong></span> <span class='ocrx_word' id='word_1_834' title='bbox 994 5875 1042 5927; x_wconf 75' lang='grc' dir='ltr'><strong>ν,</strong></span> <span class='ocrx_word' id='word_1_835' title='bbox 1076 5847 1227 5914; x_wconf 47' lang='grc' dir='ltr'><strong>ιίῑὶῧί</strong></span> <span class='ocrx_word' id='word_1_836' title='bbox 1279 5863 1320 5893; x_wconf 70' lang='grc'>³³</span> <span class='ocrx_word' id='word_1_837' title='bbox 1357 5863 1516 5934; x_wconf 77' lang='grc' dir='ltr'><strong>ὅπερ]</strong></span> <span class='ocrx_word' id='word_1_838' title='bbox 1557 5864 1745 5935; x_wconf 77' lang='grc' dir='ltr'><strong>ὥσπερ</strong></span> <span class='ocrx_word' id='word_1_839' title='bbox 1775 5871 1836 5922; x_wconf 75' lang='grc' dir='ltr'><strong>Α.</strong></span> 
     </span>
    </p>
   </div>
   <div class='ocr_carea' id='block_1_110' title="bbox 1918 5870 3163 5943">
    <p class='ocr_par' dir='ltr' id='par_1_110' title="bbox 1918 5870 3163 5943">
     <span class='ocr_line' id='line_1_111' title="bbox 1918 5870 3163 5943; baseline 0 -20"><span class='ocrx_word' id='word_1_840' title='bbox 1918 5870 1959 5899; x_wconf 69' lang='grc' dir='ltr'><strong>⁵ο</strong></span> <span class='ocrx_word' id='word_1_841' title='bbox 2006 5870 2292 5943; x_wconf 75' lang='grc' dir='ltr'><strong>Ὀρόντην]</strong></span> <span class='ocrx_word' id='word_1_842' title='bbox 2325 5871 2397 5926; x_wconf 88' lang='lat' dir='ltr'><strong>cf.</strong></span> <span class='ocrx_word' id='word_1_843' title='bbox 2448 5875 2642 5929; x_wconf 76' lang='lat' dir='ltr'><strong>Sttidas</strong></span> <span class='ocrx_word' id='word_1_844' title='bbox 2689 5889 2738 5924; x_wconf 72' lang='grc' dir='ltr'><strong>γ.</strong></span> <span class='ocrx_word' id='word_1_845' title='bbox 2787 5871 3163 5942; x_wconf 69' lang='grc' dir='ltr'><strong>ἶΑρθαξὰκιος.</strong></span> 
     </span>
    </p>
   </div>
   <div class='ocr_carea' id='block_1_111' title="bbox 1752 5723 3704 5800">
    <p class='ocr_par' dir='ltr' id='par_1_111' title="bbox 1752 5723 3704 5800">
     <span class='ocr_line' id='line_1_112' title="bbox 1752 5723 3704 5800; baseline 0.01 -19"><span class='ocrx_word' id='word_1_846' title='bbox 1752 5729 1794 5759; x_wconf 68' lang='grc'><strong>’⁸</strong></span> <span class='ocrx_word' id='word_1_847' title='bbox 1839 5725 1905 5783; x_wconf 71' lang='grc' dir='ltr'><strong>αὖ</strong></span> <span class='ocrx_word' id='word_1_848' title='bbox 1953 5746 2062 5784; x_wconf 90' lang='lat' dir='ltr'><strong>om.</strong></span> <span class='ocrx_word' id='word_1_849' title='bbox 2097 5733 2162 5784; x_wconf 83' lang='lat' dir='ltr'><strong>A.</strong></span> <span class='ocrx_word' id='word_1_850' title='bbox 2242 5733 2286 5766; x_wconf 80' lang='lat'><strong>&#39;9</strong></span> <span class='ocrx_word' id='word_1_851' title='bbox 2321 5730 2378 5783; x_wconf 79' lang='grc' dir='ltr'><strong>δὲ</strong></span> <span class='ocrx_word' id='word_1_852' title='bbox 2425 5733 2465 5786; x_wconf 83' lang='grc' dir='ltr'>Α</span> <span class='ocrx_word' id='word_1_853' title='bbox 2519 5751 2531 5786; x_wconf 91' lang='lat'><strong>:</strong></span> <span class='ocrx_word' id='word_1_854' title='bbox 2566 5749 2629 5800; x_wconf 83' lang='grc' dir='ltr'><strong>γε</strong></span> <span class='ocrx_word' id='word_1_855' title='bbox 2659 5748 2717 5794; x_wconf 79' lang='grc' dir='ltr'><strong>ς’.</strong></span> <span class='ocrx_word' id='word_1_856' title='bbox 2797 5732 2839 5762; x_wconf 78' lang='grc' dir='ltr'><strong>³ο</strong></span> <span class='ocrx_word' id='word_1_857' title='bbox 2871 5730 2987 5792; x_wconf 79' lang='grc' dir='ltr'><strong>πῶς</strong></span> <span class='ocrx_word' id='word_1_858' title='bbox 3025 5726 3137 5800; x_wconf 65' lang='lat' dir='ltr'><strong>05V;</strong></span> <span class='ocrx_word' id='word_1_859' title='bbox 3213 5728 3252 5758; x_wconf 81' lang='grc'><strong>³¹</strong></span> <span class='ocrx_word' id='word_1_860' title='bbox 3288 5727 3609 5800; x_wconf 54' lang='grc' dir='ltr'><strong>Ἑοέεῖνρπντ</strong></span> <span class='ocrx_word' id='word_1_861' title='bbox 3639 5723 3704 5800; x_wconf 73' lang='lat' dir='ltr'><strong>A:</strong></span> 
     </span>
    </p>
   </div>
   <div class='ocr_carea' id='block_1_112' title="bbox 1649 5798 3134 5870">
    <p class='ocr_par' dir='ltr' id='par_1_112' title="bbox 1649 5798 3134 5870">
     <span class='ocr_line' id='line_1_113' title="bbox 1649 5798 3134 5870; baseline 0.003 -22"><span class='ocrx_word' id='word_1_862' title='bbox 1649 5799 1691 5826; x_wconf 67' lang='lat'><strong>3&quot;</strong></span> <span class='ocrx_word' id='word_1_863' title='bbox 1714 5803 1890 5853; x_wconf 81' lang='grc' dir='ltr'><strong>ποιεῖν</strong></span> <span class='ocrx_word' id='word_1_864' title='bbox 1926 5803 2042 5852; x_wconf 81' lang='grc' dir='ltr'><strong>ἐστι</strong></span> <span class='ocrx_word' id='word_1_865' title='bbox 2068 5816 2178 5855; x_wconf 91' lang='lat' dir='ltr'><strong>om.</strong></span> <span class='ocrx_word' id='word_1_866' title='bbox 2201 5805 2264 5856; x_wconf 84' lang='lat' dir='ltr'><strong>A.</strong></span> <span class='ocrx_word' id='word_1_867' title='bbox 2345 5803 2389 5833; x_wconf 81' lang='grc'><strong>³³</strong></span> <span class='ocrx_word' id='word_1_868' title='bbox 2412 5798 2628 5865; x_wconf 74' lang='grc' dir='ltr'><strong>πάντως</strong></span> <span class='ocrx_word' id='word_1_869' title='bbox 2656 5804 2718 5856; x_wconf 85' lang='grc' dir='ltr'>Λ.</span> <span class='ocrx_word' id='word_1_870' title='bbox 2797 5803 2839 5833; x_wconf 81' lang='grc'><strong>³⁸</strong></span> <span class='ocrx_word' id='word_1_871' title='bbox 2862 5801 2956 5854; x_wconf 75' lang='grc' dir='ltr'><strong>καὶ</strong></span> <span class='ocrx_word' id='word_1_872' title='bbox 3013 5798 3134 5870; x_wconf 80' lang='grc' dir='ltr'><strong>οὐκ]</strong></span> 
     </span>
    </p>
   </div>
   <div class='ocr_carea' id='block_1_113' title="bbox 3163 5790 3706 5869">
    <p class='ocr_par' dir='ltr' id='par_1_113' title="bbox 3163 5790 3706 5869">
     <span class='ocr_line' id='line_1_114' title="bbox 3163 5790 3706 5869; baseline -0.015 -16"><span class='ocrx_word' id='word_1_873' title='bbox 3163 5814 3214 5869; x_wconf 76' lang='grc' dir='ltr'><strong>ρ.</strong></span> <span class='ocrx_word' id='word_1_874' title='bbox 3273 5797 3395 5851; x_wconf 70' lang='lat'><strong>422.</strong></span> <span class='ocrx_word' id='word_1_875' title='bbox 3468 5790 3706 5869; x_wconf 48' lang='lat' dir='ltr'><strong>&quot;sexui</strong></span> 
     </span>
    </p>
   </div>
   <div class='ocr_carea' id='block_1_114' title="bbox 3260 5865 3597 5922">
    <p class='ocr_par' dir='ltr' id='par_1_114' title="bbox 3260 5865 3597 5922">
     <span class='ocr_line' id='line_1_115' title="bbox 3260 5865 3597 5922; baseline 0.003 -1"><span class='ocrx_word' id='word_1_876' title='bbox 3260 5869 3298 5900; x_wconf 62' lang='grc' dir='ltr'><strong>δ’</strong></span> <span class='ocrx_word' id='word_1_877' title='bbox 3332 5870 3359 5921; x_wconf 81' lang='grc' dir='ltr'>ὁ</span> <span class='ocrx_word' id='word_1_878' title='bbox 3386 5880 3487 5922; x_wconf 90' lang='lat' dir='ltr'><strong>om.</strong></span> <span class='ocrx_word' id='word_1_879' title='bbox 3527 5865 3597 5922; x_wconf 76' lang='grc' dir='ltr'><strong>Δ.</strong></span> 
     </span>
    </p>
   </div>
  </div>
