3960 6432
323 392 456 461 1569

1375 401 1898 464 BIBLIUTHECA.
1926 429 1981 441 -
2018 405 2184 468 COD.
2227 408 2583 472 CCXLVIII-

3481 412 3619 476 1570

315 513 440 582 ἐμοὶ
469 512 570 582 μὲν
604 513 865 588 ἄντικρυς
895 514 976 575 είς
1005 514 1065 567 τὸ
1101 514 1144 546 δ’
1174 514 1464 578 Πλάτωνος
1500 517 1857 586 παράδειγμα
1884 517 1912 570 6

2026 524 2149 574 leris
2195 532 2467 589 spectare,
2513 537 2636 578 cum
2697 537 2804 578 non
2837 523 3068 580 victoria
3109 531 3321 579 tantum
3367 526 3615 595 privatus

318 600 575 672 Εῦμηλος
618 604 818 658 τείνειν
852 605 1020 669 δοκεῖ,
1056 606 1197 659 κατά
1241 622 1300 658 τε
1340 605 1495 670 ἄλλα,
1523 606 1618 660 καὶ
1645 606 1745 676 οὺχ
1780 606 1906 660 ὅσον
2011 623 2115 676 est,
2164 613 2261 668 sed

314 695 417 764 τῆς
447 695 608 766 νίκης
636 697 930 768 ἐστερήθη.

330 787 521 842 Ἀλλὰ
587 787 686 843 καί
732 788 1011 860 ἀγκῶνάς
1059 808 1125 845 τε
1155 790 1594 880 περιεδρύφθηᾱ
1611 793 1806 878 στόμα
1823 807 1916 934 ]τε

1524 881 1702 930 ρινας
1732 880 1814 916 τε.

319 949 430 1005 ὑπὸ
475 949 584 1005 τῶν
628 949 814 1004 ῐππων
853 949 964 1006 τῶν
1016 951 1257 1024 ἀρίστων
1305 952 1401 1007 καὶ
1435 953 1526 1023 ὑφ’
1557 947 1632 1009 ὧν
1656 954 1776 1008 οὐδὲ
1804 953 1917 1007 πώ-

317 1060 453 1098 ποτε
477 1043 523 1077 ⁸³
543 1044 779 1115 ἐσφάλη.

360 1157 562 1245 ,μζζοᾷ
599 1155 1016 1245 ξὶᾏῌὌρύντης
1057 1160 1087 1213 6
1143 1158 1651 1245 llépo‘qg‘éagrcecdw
1686 1161 1788 1245 τῆς
1819 1161 1921 1229 ἀρ-

317 1229 424 1302 χῆς
446 1231 552 1284 Καὶ
582 1232 616 1283 ὁ
632 1229 976 1302 δάκτυλος,
994 1230 1120 1301 ἐφη,
1149 1229 1298 1284 ποτὲ
1307 1230 1426 1299 μὲν
1441 1229 1533 1297 ἐν,
1557 1233 1706 1285 ποτὲ
1727 1229 1794 1283 δὲ
1805 1249 1923 1300 μυ-

308 1300 422 1372 pta
444 1300 756 1368 σημαίνει.

391 1388 458 1444 Εί
502 1389 677 1459 φίλοις
730 1387 779 1422 ⁸⁸
824 1388 1122 1460 ίσχύεις,εί
1163 1390 1465 1461 χρήμασιν,
1511 1390 1560 1442 εί
1594 1387 1755 1454 δόξαν
1775 1389 1922 1460 ἔχεις

318 1483 383 1536 ἐν
416 1483 484 1554 τῇ
511 1481 688 1546 πόλει,
716 1481 908 1552 μηδενὶ
934 1481 1144 1534 τούτων
1195 1480 1446 1554 ἐπαρθῇς
1469 1480 1538 1549 ⁸⁸,
1566 1480 1702 1553 μηδὲ
1732 1480 1922 1552 μεῖζον

317 1572 616 1642 φρονήσεις
657 1570 754 1641 τῆς
825 1570 1076 1638 ἐξουσίας
1116 1571 1184 1625 ⁵⁸.
1220 1570 1280 1624 El
1325 1570 1547 1624 πάντων
1593 1573 1915 1642 κρατήσεις,

2094 791 2160 846 Et
2187 794 2390 850 cubito:
2423 806 2579 866 atque
2603 809 2681 853 est
2723 816 2877 855 nares
2915 803 3179 859 laceratus
3221 815 3271 860 et
3298 824 3393 861 ora

2021 949 2176 1020 equis
2204 951 2425 1021 optimis
2466 963 2570 1008 cta
2596 955 2793 1026 quibus
2819 974 3095 1030 nunquam
3139 961 3316 1018 fuerat
3353 963 3615 1032 dejectus.

2096 1151 2357 1235 [Orontes
2406 1156 2571 1212 Persa
2628 1159 2884 1236 excideris
2934 1162 3167 1236 imperio
3201 1183 3225 1236 :_
3263 1165 3496 1236 Digitus,
3528 1168 3618 1223 in-

2017 1227 2159 1294 quit,
2196 1242 2336 1280 nunc
2362 1242 2548 1297 unum,
2580 1246 2719 1283 nunc
2749 1231 2919 1286 millia
2949 1227 3229 1307 osienditj

2109 1381 2377 1450 Quocirca
2424 1384 2541 1440 sive
2611 1386 2824 1453 amicis,
2885 1390 3002 1445 sive
3048 1391 3243 1462 Opibus
3285 1393 3457 1461 vales,
3506 1396 3622 1450 sive

2021 1476 2255 1546 gloriam
2301 1479 2445 1532 inter
2475 1481 2622 1535 cives
2650 1496 2710 1534 es
2735 1472 3088 1551 consecutus,
3123 1485 3230 1540 noli
3264 1497 3314 1542 te
3336 1487 3618 1548 extollere,

2032 1585 2129 1625 nec
2159 1570 2278 1638 plus
2309 1571 2404 1626 tibi
2437 1582 2602 1641 quam
2654 1575 2835 1640 liceat,
2880 1578 3142 1634 trilmere.
3180 1579 3254 1634 Ut
3283 1580 3468 1634 omnia
3514 1581 3616 1634 sibi

317 1664 537 1737 ἡττήσῃ
566 1664 667 1733 τῆς
698 1664 889 1736 τύχης.
922 1660 1092 1717 Ταῦτ’
1133 1662 1282 1716 ἐστὶν
1317 1664 1345 1717 6
1375 1661 1525 1730 ἁγὼν
1546 1654 1723 1727 οὗτος,
1759 1662 1917 1716 ταῦθ’

2026 1674 2331 1731 suppetant,
2371 1680 2399 1718 a
2430 1665 2646 1720 fortuna
2682 1670 2943 1724 vinceris.
2993 1669 3120 1725 llaec
3151 1671 3254 1725 sibi
3286 1671 3400 1725 vult
3439 1683 3621 1727 certa-

319 1753 575 1824 Ὅμηρος
610 1753 784 1824 λέγει.
833 1752 1000 1808 Οὐδὲν
1046 1753 1156 1806 τῶν
1208 1753 1567 1824 ἀνθρωπείων
1598 1754 1644 1786 ⁸⁷
1677 1754 1919 1825 ἀσφαλὲς

316 1845 431 1899 οὐδ’
470 1846 677 1916 ὁμαλὸν
728 1845 840 1900 οὐδ’
882 1843 1179 1918 αὔταρκες,
1222 1845 1342 1900 ἀλλ’
1392 1847 1694 1918 ήττήσεται
1742 1850 1843 1919 μὲν
1889 1849 1919 1903 6

322 1937 547 2009 ισχυρδς
576 1936 674 1992 τοῦ
724 1937 1011 2004 ἀσθενοῦς,
1071 1939 1201 1993 ὅταν
1272 1939 1468 2009 καιρὸς
1529 1939 1576 1972 ’⁵⁸
1700 1941 1916 2009 τούτου,

321 2029 596 2084 ἁλώσεται
633 2030 692 2084 δέ
743 2029 1006 2086 Βαϐυλὼν
1050 2030 1238 2094 αὐτοῖς
1265 2031 1493 2102 τείχεσι,
1522 2033 1684 2087 πάλιν
1709 2034 1766 2087 δέ
1793 2036 1920 2099 τοὺς

322 2121 542 2190 Πέρσας
561 2120 931 2194 πορθήσουσιν
989 2122 1208 2192 ἐτεροιο
1256 2124 1436 2177 πάντα
1471 2124 1647 2178 ταῦτα
1689 2126 1920 2190 ἐναλλὰξ

319 2214 699 2287 περιέρχεται.
731 2216 796 2269 Et
817 2215 872 2269 δὲ
893 2217 937 2247 δ’
963 2214 1171 2280 ἔσωζον
1200 2215 1299 2286 μὲν
1324 2217 1374 2268 οί
1418 2216 1754 2288 κυϐερνῆται
1777 2219 1919 2271 πάν-

319 2322 414 2370 τες
437 2305 686 2370 ἅπαντας
737 2306 865 2370 τοὺς
907 2307 1268 2378 ἐμπλέοντας,
1325 2307 1533 2372 ἔσωζον
1565 2309 1611 2362 δ’
1649 2310 1699 2362 οί
1745 2311 1921 2381 ἰατροὶ

320 2400 528 2464 πάντες
588 2399 636 2433 ⁵ο
679 2399 929 2463 ἅπαντας
973 2400 1109 2464 τοὺς
1161 2400 1496 2470 κάμνοντας,
1538 2401 1734 2456 ἐνίκων
1772 2403 1829 2456 δὲ
1868 2403 1918 2456 οῑ

323 2489 661 2560 κρείττονες,
685 2491 882 2545 ἐνίκων
909 2491 966 2545 δὲ
1006 2491 1056 2544 οἱ
1083 2491 1354 2561 μείζονες,
1383 2491 1444 2544 τὸ
1490 2491 1536 2545 δ’
1563 2492 1654 2547 ἀεὶ
1700 2492 1920 2558 τούτοις

319 2585 460 2642 πᾶσι
492 2584 724 2656 προσῆν,
759 2585 951 2656 μηδεὶς
1005 2585 1050 2638 δ’
1090 2585 1390 2655 ἐσφάλλετο
1437 2585 1548 2638 τῶν
1597 2585 1918 2658 ἀρξαμένων

317 2675 647 2746 κατορθοῦν,
674 2677 807 2748 εὐχὴ
841 2677 896 2732 δὲ
930 2678 1025 2731 καὶ
1079 2677 1309 2748 δύναμις
1342 2678 1535 2748 μηδενὶ
1570 2679 1613 2711 ⁸¹
1643 2678 1916 2750 διέφερεν,

319 2767 574 2821 ἀθάνατα
605 2769 764 2821 πάντ’
805 2763 874 2840 ῆν
911 2769 979 2822 τά
1015 2768 1062 2801 ⁸³
1105 2769 1214 2822 τῶν
1259 2765 1566 2839 ἀνθρώπων
1591 2769 1916 2841 πράγματα,

317 2861 419 2914 καὶ
441 2860 596 2914 οὐδὲν
623 2859 690 2914 ἂν
718 2860 851 2924 ἴσως
878 2861 1044 2932 εὐχῆς
1063 2860 1337 2932 προσέδει,
1362 2860 1471 2914 οὐδ’
1493 2861 1560 2915 ἂν
1583 2861 1918 2926 κατέκλυζεν

2024 1771 2146 1808 men
2187 1757 2359 1823 istud;
2400 1760 2514 1812 haec
2547 1759 2814 1814 Homerus
2847 1761 3009 1817 dicit.
3051 1763 3194 1818 Nihil
3235 1776 3318 1818 est
3356 1765 3410 1818 in
3457 1766 3621 1819 rebus

2024 1846 2282 1903 humanis
2330 1864 2606 1915 securum,
2645 1851 2780 1905 nihil
2816 1853 3103 1923 aequabile,
3141 1855 3273 1908 nihil
3323 1855 3427 1910 sibi
3479 1854 3622 1911 suffi-

2021 1937 2175 1990 cicns
2211 1954 2224 1990 :
2262 1953 2485 2002 verum,
2533 1955 2656 1994 cum
2709 1950 2920 2012 tempus
2979 1943 3134 2006 feret,
3189 1943 3383 1998 fortem
3438 1943 3620 1998 vincet

2022 2029 2372 2094 imbecillior,
2411 2030 2651 2099 Babylon
2701 2049 2804 2086 una
2862 2051 2983 2087 cum
3031 2036 3301 2090 moenibus
3346 2036 3617 2106 capietur,

2021 2115 2217 2172 Persas
2249 2135 2466 2173 rursum
2499 2124 2902 2190 populabuntur
2939 2124 3052 2178 alii.
3087 2125 3216 2180 Haec
3249 2126 3394 2180 enim
3431 2130 3616 2181 omnia

2022 2209 2075 2263 in
2126 2211 2313 2264 orbem
2365 2211 2634 2267 feruntur.
2686 2213 2841 2280 Quod
2886 2217 2931 2270 si
2986 2218 3382 2285 gubernatores
3425 2232 3620 2275 omnes

2026 2314 2256 2359 cunctos
2320 2316 2571 2359 vectores
2632 2307 2812 2362 salvos
2872 2318 3232 2377 pra’stareut,
3299 2325 3362 2366 ac
3421 2312 3617 2366 medici

2018 2410 2212 2449 onmes
2263 2409 2494 2451 cunctos
2550 2407 2813 2453 sanarent
2868 2412 3121 2468 aegrotos,
3169 2411 3223 2455 et
3275 2402 3512 2468 majores
3552 2419 3615 2458 ac

2019 2488 2262 2556 potiores
2302 2491 2606 2552 vincerent,
2643 2499 2808 2557 atque
2860 2490 2912 2544 hi
2964 2506 3154 2547 omnes
3196 2507 3413 2562 semper
3453 2493 3613 2550 ﬂore-

2019 2589 2162 2645 rent,
2193 2595 2294 2634 ncc
2319 2581 2610 2649 quisquam
2637 2596 2826 2635 eorum
2853 2583 2942 2650 qui
2969 2594 3114 2638 recte
3139 2586 3397 2652 coepisset
3422 2600 3608 2654 agerc,

2016 2682 2252 2738 erraret,
2294 2687 2468 2742 neque
2500 2685 2687 2728 votum
2721 2692 2751 2728 a
2783 2673 3042 2730 facultate
3080 2676 3376 2746 quidquam
3418 2676 3601 2732 differ-

2019 2777 2134 2828 ret,
2179 2765 2516 2820 immortales
2564 2765 2743 2821 forent
2793 2781 2882 2821 res
2932 2783 3124 2822 omnes
3177 2769 3460 2835 humanas,
3517 2785 3616 2826 nec

2017 2856 2276 2927 precibus
2323 2855 2574 2912 fortassis
2605 2872 2743 2925 opus
2775 2868 2943 2921 esset,
2983 2872 3161 2927 neque
3200 2874 3318 2926 nos,
3351 2869 3410 2913 ut
3449 2877 3612 2921 ηιιηο.

314 2951 473 3021 ἡμᾶς
503 2950 613 3005 τῶν
664 2949 842 3005 πίθων
896 2951 1096 3024 ἅτερος
1150 2951 1343 3022 ὥσπερ
1391 2950 1509 3006 νῦν.
1538 2952 1631 3024 Μὴ
1654 2951 1702 2984 ⁸⁸
1725 2954 1909 3006 τοίνυν

2026 2949 2224 3003 dolimn
2266 2949 2496 3004 alterum
2537 2949 2892 3019 perfudisset.
2940 2948 3018 3005 Ne
3063 2953 3285 3006 mireris
3327 2952 3521 3023 igitur,
3567 2953 3612 3006 si

317 3042 634 3116 θαυμάσῃς,
662 3045 712 3098 εί
747 3022 1020 3118 Περικλῆς
1050 3044 1193 3114 ἔχων
1233 3045 1546 3114 ἐπιστήμην
1584 3022 1681 3098 καὶ
1718 3044 1918 3115 τέχνην

2026 3039 2288 3106 Pericles,
2319 3057 2442 3097 cum
2487 3042 2774 3098 scientiam
2827 3053 2882 3098 et
2925 3056 3100 3099 artem
3142 3045 3396 3111 habebat,
3431 3060 3462 3100 a
3506 3045 3620 3098 Dm

315 3135 417 3190 τοῦ
439 3137 574 3191 Θεοῦ
598 3137 695 3193 καὶ
731 3135 832 3207 τῆς
859 3135 1032 3208 τύχης
1054 3137 1283 3207 ἡττᾶτο·
1319 3138 1446 3208 μηδ’
1484 3139 1790 3210 ἀμνημόνει
1809 3140 1918 3195 τῶν

316 3228 554 3300 καιρῶν,
581 3227 676 3294 οὓς
731 3228 896 3292 αὐτὸς
953 3229 1062 3301 φῂς
1100 3229 1202 3283 οὐκ
1232 3228 1416 3298 ὀλίγον
1437 3229 1720 3298 δύνασθαι,
1745 3226 1826 3295 οἷς
1855 3232 1916 3286 οὐ

315 3320 656 3392 πραοτάτοις
677 3320 887 3385 ἐκεῖνος
914 3321 1036 3374 τότε
1066 3322 1416 3393 χρησάμενος
1434 3325 1710 3394 φαίνεται.
1739 3327 1917 3380 Πολλᾶ

313 3411 419 3468 καὶ
452 3412 735 3486 παράδοξα
761 3412 888 3468 κατ’
921 3413 1020 3467 ἀνθ
1033 3411 1249 3483 ρώπους
1293 3415 1388 3468 καὶ
1416 3415 1610 3485 γέγονε
1634 3417 1728 3471 καὶ
1751 3420 1917 3490 γενή-

317 3524 476 3562 σεται
503 3523 519 3538 ο
573 3502 650 3562 ὧν
699 3506 818 3561 ἐστὶ
868 3506 965 3561 καὶ
1010 3507 1080 3560 τὰ
1111 3507 1325 3571 τούτοις
1366 3510 1480 3571 τοῖς
1516 3509 1745 3581 ἀνδράσι
1780 3528 1920 3581 συμ-

315 3596 516 3650 ϐάντα.
557 3595 655 3659 Τίς
691 3595 735 3648 δ’
763 3594 862 3648 οὐκ
888 3596 955 3650 ἂν
975 3593 1149 3665 φαίης
1197 3595 1341 3649 Ἀλλ’
1363 3595 1518 3650 οὔπω
1555 3597 1734 3652 ταῦτά
1770 3601 1919 3656 ἐστιν

2019 3140 2076 3189 et
2103 3132 2316 3188 fortuna
2352 3132 2686 3199 vincebatur,
2723 3148 2899 3203 neque
2935 3145 3241 3202 temporum
3269 3135 3616 3199 obliviscere,

2019 3225 2218 3294 quibus
2248 3225 2365 3292 ipse
2403 3240 2508 3279 non
2549 3240 2742 3295 parum
2779 3226 2994 3290 tribuis,
3024 3236 3078 3280 et
3117 3225 3205 3281 ille
3233 3241 3340 3280 non
3371 3228 3614 3296 optimis,

2018 3325 2079 3371 ut
2108 3327 2356 3386 apparet,
2403 3329 2535 3372 tunc
2583 3331 2715 3372 usus
2770 3319 2891 3372 fuit.
2944 3319 3109 3373 Multa
3162 3319 3306 3374 inter
3361 3320 3610 3376 homines

2018 3409 2162 3464 facta
2195 3415 2323 3463 sunt
2369 3417 2422 3463 et
2469 3408 2599 3462 flent
2629 3409 2899 3474 miranda,
2947 3409 3092 3464 inter
3131 3424 3250 3481 qua:
3288 3421 3415 3466 sunt
3445 3411 3608 3466 etiam

2019 3516 2138 3571 qua:
2173 3501 2259 3556 his
2294 3501 2429 3556 viris
2476 3501 2849 3572 contigerunt,
2884 3511 2944 3555 ut
2982 3517 3146 3559 nemo
3183 3512 3366 3574 negat.
3413 3503 3613 3560 Verum

2017 3610 2081 3650 ea
2115 3597 2354 3649 nondum
2402 3595 2756 3660 convincunt,
2811 3595 2931 3650 illos
2981 3610 3083 3651 nec
3137 3597 3262 3650 boni
3314 3597 3613 3669 quidquam

2019 3689 2284 3752 scivisse,
2340 3702 2442 3742 nec
2501 3689 2784 3742 meliorem
2845 3704 3176 3758 quemquam
3236 3691 3464 3747 reddere
3516 3708 3613 3764 po~

2020 3783 2210 3846 tuisse,
2273 3781 2544 3850 siquidem
2605 3789 2855 3850 poterant
2918 3792 2974 3836 et
3039 3791 3214 3837 artem
3297 3792 3485 3841 tenere
3561 3794 3616 3842 et

314 3689 548 3759 δλεγχος
584 3688 708 3743 κατ’
736 3688 919 3744 αὐτῶν
944 3687 1022 3752 ὡς
1057 3687 1183 3742 οὔτε
1213 3687 1516 3759 ἠπίσταντο
1546 3691 1786 3762 χρηστὸν
1827 3693 1917 3746 οὺ-

313 3782 430 3848 δέν,
488 3780 614 3835 οὗτε
665 3779 922 3835 ἐδύναντο
973 3779 1218 3852 βελτίους
1276 3782 1451 3836 ποιεῖν
1484 3781 1570 3816 ’⁸ο
1627 3782 1742 3837 ἀλλ’
1787 3784 1919 3855 ἐξῆν

313 3874 506 3937 αὐτοῖς
518 3873 620 3944 τήν
639 3888 702 3941 γε
729 3871 927 3942 τέχνην
952 3870 1224 3942 δήπουθεν
1250 3869 1396 3942 ἐχειν
1429 3872 1526 3924 καὶ
1553 3870 1616 3925 τὸ
1643 3871 1917 3942 χρηστοὺς

2026 3874 2172 3943 probi
2237 3887 2382 3937 esse,
2451 3888 2767 3942 quanquam
2828 3888 2893 3928 eo
2943 3873 3162 3944 quidem
3218 3882 3463 3946 tempore
3491 3891 3612 3932 ma-

313 3961 488 4032 εῐναι,
547 3966 600 4018 εί
654 3963 892 4018 καὶτῶν
945 3961 1211 4034 μειζόνων
1261 3961 1598 4035 ἐπικουριῶν
1640 3963 1700 4016 ἐν
1736 3981 1802 4033 γε
1837 3962 1918 4035 τῷ

2026 3962 2229 4031 iuribus
2268 3963 2531 4018 carebant
2567 3963 2919 4030 adiumentis.
2957 3961 3218 4020 Libenter
3249 3977 3430 4022 autem
3461 3983 3612 4039 qua:-

311 4059 440 4114 τότε
469 4058 788 4131 ἐστέρηντο.
827 4059 1029 4123 Ἡδέως
1047 4060 1094 4092 ⁸⁸
1127 4057 1174 4113 δ’
1222 4059 1290 4114 ἂν
1313 4060 1566 4132 ἐροίμην,
1599 4061 1749 4126 ὅστις
1787 4060 1915 4133 βού-

2026 4054 2204 4109 sierim
2251 4055 2445 4123 siquis
2495 4070 2594 4125 pro
2640 4056 2867 4111 Platone
2917 4057 3049 4112 velit
3096 4059 3447 4127 respondere,
3488 4075 3610 4115 cum

313 4152 479 4205 λεται
519 4152 564 4184 "
587 4151 846 4218 δέξασθαι
893 4151 955 4206 τὺ
989 4151 1260 4223 ἐρώτημα
1303 4153 1446 4226 ὑπὲρ
1475 4153 1786 4219 Πλάτωνος,
1818 4155 1918 4206 αύ-

2026 4147 2137 4218 ipse
2164 4147 2320 4202 Plato
2350 4147 2744 4214 rempublicam
2779 4164 2886 4203 non
2917 4150 3334 4217 administrarit,
3368 4155 3612 4222 nunquid

309 4244 409 4307 τὸς
441 4245 496 4297 δέ
531 4245 576 4276 ⁸⁷
601 4245 664 4314 δὴ
701 4245 755 4297 τί
777 4243 966 4314 μαθὼν
995 4245 1129 4315 ἡμῖν
1161 4246 1190 4298 6
1217 4245 1446 4300 Πλάτων
1481 4245 1585 4300 οὐκ
1632 4245 1917 4300 ἐπολιτεύ-

2026 4252 2200 4293 eausa:
2231 4239 2377 4294 dicet
2409 4241 2723 4309 quisquam,
2755 4254 2951 4310 praeter
2982 4242 3055 4307 id,
3085 4244 3228 4311 quod
3262 4243 3403 4312 apud
3435 4244 3608 4314 ipsum

316 4347 455 4389 σατο
481 4352 497 4403 ;
529 4332 619 4407 ἄρ’
651 4337 696 4369 ⁸⁸
725 4337 854 4392 ἄλλο
871 4354 926 4390 τι
946 4339 1172 4407 φήσειεν
1201 4338 1268 4391 ἂν
1285 4338 1329 4370 ⁵³
1355 4336 1606 4391 ὁστισοῦν
1638 4337 1672 4409 ἢ
1704 4336 1765 4390 τὸ
1780 4337 1912 4390 αὐτὸ

2026 4331 2152 4386 dicit
2185 4331 2485 4388 Socrates?
2523 4333 2661 4399 Quid
2709 4335 2856 4389 enim
2915 4334 3097 4388 aliud?
3147 4336 3289 4405 Ergo
3337 4335 3381 4390 si
3436 4336 3488 4391 in
3546 4353 3608 4391 ea

312 4431 499 4497 τοῦτο,
529 4431 667 4502 ὅπερ
697 4431 791 4486 καὶ
838 4430 1139 4502 Σωκράτης
1187 4429 1364 4499 λέγων
1395 4429 1591 4501 ἐκείνῳ
1623 4431 1911 4500 φαίνεταις

2026 4441 2254 4496 quorum
2288 4435 2342 4480 tu
2381 4436 2526 4481 metu
2569 4426 2784 4496 publica
2820 4440 2926 4480 non
2971 4428 3226 4494 curabas,
3260 4428 3472 4483 Illorum
3507 4430 3610 4484 alio

314 4523 374 4577 τί
417 4523 524 4594 μὴν
565 4523 790 4594 ἐτερον;
831 4518 947 4576 Εἶθ’
998 4521 1036 4578 ἃ.
1092 4521 1353 4593 φοϐηθεὶς
1377 4522 1422 4554 ⁸ο
1463 4522 1538 4594 μὴ
1585 4523 1767 4597 πάθῃς
1813 4523 1915 4578 οὐκ

2026 4521 2136 4587 quis
2167 4519 2376 4582 incidit,
2411 4533 2537 4573 eum
2568 4535 2673 4572 non
2703 4520 2907 4586 optima
2935 4533 3166 4588 qumque
3207 4522 3450 4574 suasisse
3479 4536 3611 4575 con-

315 4616 707 4689 ἐδημηγόρεις,
741 4613 896 4669 ταῦτ’
925 4613 978 4668 εἴ
1031 4631 1117 4676 τις
1182 4615 1410 4668 ἐκείνων
1435 4616 1728 4683 πέπονθεν,
1754 4615 1830 4680 ὡς
1852 4617 1913 4669 οὐ

2026 4610 2234 4665 .endis?
2270 4609 2432 4677 Atqui
2462 4609 2509 4664 si
2539 4609 2672 4663 nihil
2701 4607 2900 4680 [‘36a
2942 4619 3062 4663 erat
3099 4611 3348 4678 periculi,
3384 4627 3482 4666 cur
3514 4627 3613 4682 pa-

315 4713 390 4768 τὰ
416 4713 671 4783 βέλτιστα
694 4711 1080 4767 συνεϐούλευεν
1115 4709 1397 4784 ίσχυρίζῃς
1464 4711 1559 4764 καὶ
1592 4709 1700 4781 μὴν
1736 4710 1785 4762 εί
1817 4708 1916 4780 μὲν

2026 4702 2172 4756 .riam
2209 4701 2410 4756 nullam
2447 4700 2499 4754 in
2531 4701 2794 4767 rejuvisti
2817 4702 2842 4754 τ
2887 4699 2982 4754 Sin
3013 4710 3130 4755 erat
3168 4713 3391 4771 paratus
3417 4705 3611 4761 interi-

314 4806 501 4871 οὐδεὶς
529 4806 667 4877 ἐπῆν
693 4805 958 4869 κίνδυνος,
983 4805 1076 4860 τοῦ
1111 4806 1271 4877 χάριν
1315 4803 1469 4857 οὐδὲν
1505 4802 1726 4875 ὤνησας
1745 4803 1846 4872 τὴν
1872 4801 1916 4835 ⁸¹

2026 4805 2127 4856 lus,
2152 4807 2253 4847 cur
2291 4792 2511 4847 miraris
2562 4791 2778 4845 illorum
2824 4807 3154 4861 quemquam
3197 4794 3249 4847 in
3287 4794 3493 4851 cladem
3527 4797 3613 4852 in-

319 4898 596 4970 πατρίδα;
628 4897 676 4950 εί
707 4898 750 4951 δ’
781 4897 998 4967 ἕτοιμον
1035 4893 1103 4968 ῆν
1131 4897 1492 4964 ἀπολωλέναι,
1520 4895 1571 4950 τί
1612 4893 1916 4966 θαυμάζεις

2026 4886 2236 4952 cidisse,
2273 4895 2326 4941 et
2373 4901 2496 4940 cum
2545 4883 2749 4954 optima
2778 4885 3008 4940 consilia
3045 4886 3162 4954 ipse
3194 4902 3317 4942 cum
3353 4889 3610 4958 periculis

319 4991 378 5046 εί
394 5008 476 5055 τις
505 4989 730 5043 ἐκείνων
763 4989 1036 5059 ἐχρήσατο
1072 4989 1350 5059 συμφορᾷ,
1399 4987 1597 5056 καὶτῷ
1623 4988 1693 5040 τὰ
1732 4986 1914 5056 βέλτι-

2026 4980 2335 5049 coniungas,
2364 4977 2486 5033 illos
2509 4987 2799 5046 postquam
2832 4977 3179 5033 offenderunt
3208 4979 3398 5049 optimi
3444 4979 3612 5037 fuisse

321 5099 428 5136 στα
458 5080 638 5148 λέγειν
665 5079 836 5144 τιθεὶς
866 5080 1026 5144 αὐτὸς
1043 5079 1273 5132 ἕπεσθαι
1303 5081 1364 5133 τὸ
1392 5077 1748 5141 κινδυνεύειν,
1771 5076 1914 5131 ἐκεί-

2026 5070 2236 5126 consilii
2289 5085 2477 5140 negas.
2515 5067 2650 5123 Cum
2693 5070 2861 5136 igitur
2912 5070 2989 5124 illi
3044 5071 3247 5125 nullam
3299 5081 3606 5126 secuturam

318 5191 448 5237 νους
507 5173 568 5239 ἐξ
625 5165 702 5228 ὧν
754 5171 1036 5244 ἠτύχησαν
1068 5173 1394 5245 ἀποστερεῖς
1430 5171 1524 5225 τοῦ
1558 5172 1602 5203 ⁸³
1646 5171 1826 5239 λέγειν
1848 5168 1918 5222 τὰ

2026 5164 2228 5219 cladem
2276 5161 2505 5232 iustitiae
2558 5170 2993 5233 prmtexuerunt,
3031 5178 3216 5218 verum
3269 5163 3496 5234 largiter
3545 5181 3611 5221 ac

320 5265 618 5340 βέλτιστας
670 5263 885 5319 Οὐκοῦν
934 5263 1012 5316 ὅτ’
1052 5264 1252 5317 ἐκεῖνοι
1295 5262 1576 5333 φαίνονται
1606 5261 1773 5334 μηδὲν
1807 5257 1917 5313 τῶν

2026 5257 2345 5326 simpliciter
2388 5255 2662 5311 communi
2708 5255 2852 5311 bono
2896 5256 3318 5328 impenderunt;
3365 5257 3607 5314 Socratis

1613 5426 1848 5483 VARIA‘S
1885 5423 2183 5479 LECTION
2195 5425 2293 5478 Eb.

402 5596 447 5626 δ’
478 5595 559 5657 είς
578 5592 638 5647 τδ
659 5592 948 5656 Πλάτωνος
972 5589 1454 5661 παράδειγμαγοιιι.
1476 5587 1546 5661 Α..
1562 5658 1581 5661 _
1621 5585 1666 5661 f3
1686 5583 1916 5661 subacta
1937 5597 2045 5661 om.
2070 5581 2136 5634 A.
2160 5579 2259 5661 ..βξ
2280 5581 2327 5632 εἰ
2353 5580 2530 5661 φίλοις
2561 5580 2765 5661 ἰσχύεις
2793 5590 2868 5661 (p_.
3029 5579 3164 5661 ‘atld.
3186 5582 3295 5661 §._
3326 5581 3371 5613 ⁸⁸
3396 5580 3608 5661 Ξούτιυν

323 5666 512 5738 μεῖζον
540 5650 806 5738 ’ἐπαρθῇς
983 5663 1030 5694 ⁸⁸
1055 5650 1122 5738 τῇ
1148 5650 1371 5738 ἐξουσία
1391 5660 1456 5738 Αἷ
1535 5653 1985 5738 ιξρἁνθὶρωιπίνων.
2012 5655 2107 5738 Α.τ
2157 5650 2356 5738 “frmi
2398 5651 2426 5702 6
2453 5650 2649 5738 καιρὶις
2678 5669 2740 5738 ς·ἒ
2763 5721 2782 5738 Ἰ
2818 5651 2860 5685 ’⁵⁸
2888 5651 3046 5738 alii]
3097 5667 3148 5738 [3:
3190 5651 3324 5738 Ηἵὶ
3394 5653 3438 5738 ⁸έ
3470 5653 3608 5738 πάν-

317 5715 951 5802 ἕὲέῑιιτέάνὲεὲϊὶίίτιί
981 5715 1211 5802 μηδένὶῖ
1249 5715 1495 5802 eccm.
1530 5799 1540 5802 -
1570 5729 1616 5760 "
1648 5715 1807 5802 πάντ’
1862 5719 1930 5802 ᾖξ’
1958 5723 2000 5802 ἓ
2029 5716 2147 5802 ξ,ἦὲ
2182 5720 2424 5802 ,ἅπειντει
2466 5715 2650 5802 ςεζ
2682 5715 3046 5802 Mlti-43.1.5
3098 5715 3149 5802 1⁸
3179 5715 3601 5802 scaber-4‘.-

319 5735 414 5799 τες
490 5735 730 5794 ἅπαντες
763 5735 830 5787 Α.
907 5735 951 5789 ⁵.¹
981 5735 1193 5802 μηδενὶ]
1249 5735 1402 5783 οὐδὲν
1427 5735 1495 5784 Α.
1570 5735 1616 5760 ⁵¹
1648 5735 1807 5781 πάντ’
1862 5735 1930 5792 ην
1958 5735 2000 5774 Δ
2034 5739 2046 5775 :
2078 5735 2147 5790 ην
2206 5737 2424 5773 απαντα
2466 5738 2525 5784 ς.
2604 5735 2650 5752 ⁰⁴
2682 5735 2781 5794 μὴ]
2819 5740 2870 5789 p.
2900 5735 3026 5776 σοι.
3103 5735 3149 5753 ”
3179 5735 3353 5775 ποιεῖν
3383 5737 3494 5774 ein.
3537 5735 3601 5775 Λ.

319 5809 370 5840 ⁸⁵
403 5735 600 5878 ἐδέως]
624 5821 677 5874 p.
923 5804 970 5836 ⁸⁸
1005 5801 1344 5878 βούλοιτοΑ.
1420 5799 1554 5878 ’τᾲδὲ
1586 5815 1695 5878 orn.
1817 5867 1831 5878 Δ
1873 5787 2068 5878 δευᾶρξ]
2101 5791 2194 5878 ᾇρ⁸
2239 5787 2338 5878 .05):
2367 5793 2434 5846 Δ.
2509 5794 2554 5825 ⁵⁹
2583 5794 2651 5846 ἂν
2680 5810 2790 5848 om.
2822 5794 2886 5847 Α.
2958 5795 3004 5824 ⁶⁰
3029 5793 3291 5864 φοϐηθεὶς
3323 5792 3399 5864 μὴ
3426 5793 3467 5845 Α
3489 5806 3503 5846 :
3528 5793 3605 5862 μὴ

319 5860 674 5947 φοὸἶηθεὶῖξ.
765 5876 808 5908 ⁶¹
842 5860 1061 5947 ὤνησάς
1090 5872 1187 5929 καὶ
1211 5871 1310 5944 τὴν
1337 5889 1398 5937 ς.
1478 5873 1523 5906 ⁸³
1551 5868 1673 5942 τοῦ]
1714 5866 1776 5922 τὸ
1803 5867 1870 5921 Δ.
1896 5860 2118 5937 οὐκοῦν]
2140 5860 2199 5934 p.
2225 5860 2351 5918 456.
