  <div class='ocr_page' id='page_1' title='image "/cluster/home/n/w/nwhite01/storage/ocr_20150623/103:no.3/coo.31924054870070/803.png"; bbox 0 0 3960 6436; ppageno 0'>
   <div class='ocr_carea' id='block_1_1' title="bbox 407 401 546 478">
    <p class='ocr_par' dir='ltr' id='par_1_1' title="bbox 407 401 546 478">
     <span class='ocr_line' id='line_1_1' title="bbox 407 401 546 478; baseline -0.007 -1"><span class='ocrx_word' id='word_1_1' title='bbox 407 401 546 478; x_wconf 65' lang='lat'><strong>1575</strong></span> 
     </span>
    </p>
   </div>
   <div class='ocr_carea' id='block_1_2' title="bbox 1509 391 2461 464">
    <p class='ocr_par' dir='ltr' id='par_1_2' title="bbox 1509 391 2461 464">
     <span class='ocr_line' id='line_1_2' title="bbox 1509 391 2461 464; baseline -0.011 0"><span class='ocrx_word' id='word_1_2' title='bbox 1509 399 1778 464; x_wconf 84' lang='grc' dir='ltr'><strong>ΡΗΟΤΙῙ</strong></span> <span class='ocrx_word' id='word_1_3' title='bbox 1814 391 2322 462; x_wconf 70' lang='grc' dir='ltr'><strong>ΡᾹΤΒΙΑΒΕΗίΕ</strong></span> <span class='ocrx_word' id='word_1_4' title='bbox 2351 392 2461 455; x_wconf 88' lang='lat' dir='ltr'><strong>CP.</strong></span> 
     </span>
    </p>
   </div>
   <div class='ocr_carea' id='block_1_3' title="bbox 3538 387 3671 452">
    <p class='ocr_par' dir='ltr' id='par_1_3' title="bbox 3538 387 3671 452">
     <span class='ocr_line' id='line_1_3' title="bbox 3538 387 3671 452; baseline -0.008 0"><span class='ocrx_word' id='word_1_5' title='bbox 3538 387 3671 452; x_wconf 75' lang='lat'><strong>1576</strong></span> 
     </span>
    </p>
   </div>
   <div class='ocr_carea' id='block_1_4' title="bbox 402 499 2029 601">
    <p class='ocr_par' dir='ltr' id='par_1_4' title="bbox 402 511 2029 601">
     <span class='ocr_line' id='line_1_4' title="bbox 402 511 2029 601; baseline -0.014 -17"><span class='ocrx_word' id='word_1_6' title='bbox 402 522 793 601; x_wconf 81' lang='lat' dir='ltr'><strong>ignominiam,</strong></span> <span class='ocrx_word' id='word_1_7' title='bbox 843 527 1009 590; x_wconf 82' lang='lat' dir='ltr'><strong>atque</strong></span> <span class='ocrx_word' id='word_1_8' title='bbox 1052 517 1189 573; x_wconf 82' lang='lat' dir='ltr'><strong>adeo</strong></span> <span class='ocrx_word' id='word_1_9' title='bbox 1237 513 1479 570; x_wconf 76' lang='lat' dir='ltr'><strong>Platonis</strong></span> <span class='ocrx_word' id='word_1_10' title='bbox 1527 514 1697 585; x_wconf 81' lang='lat' dir='ltr'><strong>ipsius</strong></span> <span class='ocrx_word' id='word_1_11' title='bbox 1749 511 2029 576; x_wconf 43' lang='lat' dir='ltr'><strong>cederet”</strong></span> 
     </span>
    </p>
   </div>
   <div class='ocr_carea' id='block_1_5' title="bbox 2132 499 3675 601">
    <p class='ocr_par' dir='ltr' id='par_1_5' title="bbox 2132 499 3675 573">
     <span class='ocr_line' id='line_1_5' title="bbox 2132 499 3675 573; baseline -0.001 -16"><span class='ocrx_word' id='word_1_12' title='bbox 2132 505 2208 557; x_wconf 85' lang='grc' dir='ltr'><strong>λλ’</strong></span> <span class='ocrx_word' id='word_1_13' title='bbox 2248 502 2444 573; x_wconf 77' lang='grc' dir='ltr'><strong>ἀτιμία</strong></span> <span class='ocrx_word' id='word_1_14' title='bbox 2475 499 2584 554; x_wconf 86' lang='grc' dir='ltr'><strong>τῶν</strong></span> <span class='ocrx_word' id='word_1_15' title='bbox 2622 500 2800 556; x_wconf 86' lang='grc' dir='ltr'>ἀλλων</span> <span class='ocrx_word' id='word_1_16' title='bbox 2835 500 3082 572; x_wconf 66' lang='grc' dir='ltr'>ψᾶλλον,</span> <span class='ocrx_word' id='word_1_17' title='bbox 3130 500 3318 571; x_wconf 78' lang='grc' dir='ltr'>σχεδὸν</span> <span class='ocrx_word' id='word_1_18' title='bbox 3356 499 3533 554; x_wconf 81' lang='grc' dir='ltr'>δέτι⁶</span> <span class='ocrx_word' id='word_1_19' title='bbox 3583 505 3675 557; x_wconf 80' lang='grc' dir='ltr'>καὶ</span> 
     </span>
    </p>
   </div>
   <div class='ocr_carea' id='block_1_6' title="bbox 405 601 2000 684">
    <p class='ocr_par' dir='ltr' id='par_1_6' title="bbox 405 601 2000 684">
     <span class='ocr_line' id='line_1_6' title="bbox 405 601 2000 684; baseline -0.015 -6"><span class='ocrx_word' id='word_1_20' title='bbox 405 623 541 677; x_wconf 65' lang='lat' dir='ltr'><strong>ham</strong></span> <span class='ocrx_word' id='word_1_21' title='bbox 589 633 710 672; x_wconf 92' lang='lat' dir='ltr'><strong>cum</strong></span> <span class='ocrx_word' id='word_1_22' title='bbox 760 625 1013 684; x_wconf 88' lang='lat' dir='ltr'><strong>putamus</strong></span> <span class='ocrx_word' id='word_1_23' title='bbox 1056 625 1182 664; x_wconf 91' lang='lat' dir='ltr'><strong>eum</strong></span> <span class='ocrx_word' id='word_1_24' title='bbox 1232 623 1338 663; x_wconf 90' lang='lat' dir='ltr'><strong>non</strong></span> <span class='ocrx_word' id='word_1_25' title='bbox 1389 620 1566 674; x_wconf 84' lang='lat' dir='ltr'><strong>posse,</strong></span> <span class='ocrx_word' id='word_1_26' title='bbox 1603 605 1647 659; x_wconf 88' lang='lat' dir='ltr'><strong>si</strong></span> <span class='ocrx_word' id='word_1_27' title='bbox 1696 602 1820 673; x_wconf 86' lang='lat' dir='ltr'><strong>quis</strong></span> <span class='ocrx_word' id='word_1_28' title='bbox 1862 601 2000 654; x_wconf 85' lang='lat' dir='ltr'><strong>alius</strong></span> 
     </span>
    </p>
   </div>
   <div class='ocr_carea' id='block_1_7' title="bbox 406 692 2002 786">
    <p class='ocr_par' dir='ltr' id='par_1_7' title="bbox 406 692 2002 786">
     <span class='ocr_line' id='line_1_7' title="bbox 406 692 2002 786; baseline -0.016 -16"><span class='ocrx_word' id='word_1_29' title='bbox 406 713 612 786; x_wconf 85' lang='lat' dir='ltr'><strong>probus</strong></span> <span class='ocrx_word' id='word_1_30' title='bbox 658 708 941 768; x_wconf 78' lang='lat' dir='ltr'><strong>habeatur,</strong></span> <span class='ocrx_word' id='word_1_31' title='bbox 986 703 1155 772; x_wconf 84' lang='lat' dir='ltr'><strong>pluris</strong></span> <span class='ocrx_word' id='word_1_32' title='bbox 1211 700 1352 763; x_wconf 82' lang='lat' dir='ltr'><strong>ﬂeri,</strong></span> <span class='ocrx_word' id='word_1_33' title='bbox 1395 697 1500 752; x_wconf 90' lang='lat' dir='ltr'><strong>tale</strong></span> <span class='ocrx_word' id='word_1_34' title='bbox 1533 697 1794 766; x_wconf 82' lang='lat' dir='ltr'><strong>quiddam</strong></span> <span class='ocrx_word' id='word_1_35' title='bbox 1835 692 2002 749; x_wconf 77' lang='lat' dir='ltr'><strong>elﬁci-</strong></span> 
     </span>
    </p>
   </div>
   <div class='ocr_carea' id='block_1_8' title="bbox 411 787 1999 870">
    <p class='ocr_par' dir='ltr' id='par_1_8' title="bbox 411 787 1999 870">
     <span class='ocr_line' id='line_1_8' title="bbox 411 787 1999 870; baseline -0.016 -8"><span class='ocrx_word' id='word_1_36' title='bbox 411 822 550 862; x_wconf 85' lang='lat' dir='ltr'><strong>mus.</strong></span> <span class='ocrx_word' id='word_1_37' title='bbox 592 800 780 870; x_wconf 60' lang='lat' dir='ltr'><strong>Feque</strong></span> <span class='ocrx_word' id='word_1_38' title='bbox 809 797 1068 852; x_wconf 80' lang='lat' dir='ltr'><strong>convenit</strong></span> <span class='ocrx_word' id='word_1_39' title='bbox 1098 803 1442 850; x_wconf 86' lang='lat' dir='ltr'><strong>contractum</strong></span> <span class='ocrx_word' id='word_1_40' title='bbox 1471 806 1596 844; x_wconf 88' lang='lat' dir='ltr'><strong>cum</strong></span> <span class='ocrx_word' id='word_1_41' title='bbox 1639 788 1760 842; x_wconf 89' lang='lat' dir='ltr'><strong>aliis</strong></span> <span class='ocrx_word' id='word_1_42' title='bbox 1793 787 1999 850; x_wconf 83' lang='lat' dir='ltr'><strong>«dium,</strong></span> 
     </span>
    </p>
   </div>
   <div class='ocr_carea' id='block_1_9' title="bbox 410 877 2002 968">
    <p class='ocr_par' dir='ltr' id='par_1_9' title="bbox 410 877 2002 968">
     <span class='ocr_line' id='line_1_9' title="bbox 410 877 2002 968; baseline -0.015 -13"><span class='ocrx_word' id='word_1_43' title='bbox 410 902 533 955; x_wconf 82' lang='lat' dir='ltr'><strong>lidei</strong></span> <span class='ocrx_word' id='word_1_44' title='bbox 584 897 723 968; x_wconf 78' lang='lat' dir='ltr'><strong>apud</strong></span> <span class='ocrx_word' id='word_1_45' title='bbox 777 895 912 949; x_wconf 84' lang='lat' dir='ltr'><strong>alios</strong></span> <span class='ocrx_word' id='word_1_46' title='bbox 944 891 1292 946; x_wconf 70' lang='lat' dir='ltr'><strong>occasionem</strong></span> <span class='ocrx_word' id='word_1_47' title='bbox 1345 886 1462 940; x_wconf 80' lang='lat' dir='ltr'><strong>fore</strong></span> <span class='ocrx_word' id='word_1_48' title='bbox 1509 883 1746 938; x_wconf 75' lang='lat' dir='ltr'><strong>credere.</strong></span> <span class='ocrx_word' id='word_1_49' title='bbox 1778 879 1914 934; x_wconf 83' lang='lat' dir='ltr'><strong>Nam</strong></span> <span class='ocrx_word' id='word_1_50' title='bbox 1957 877 2002 932; x_wconf 90' lang='lat' dir='ltr'><strong>si</strong></span> 
     </span>
    </p>
   </div>
   <div class='ocr_carea' id='block_1_10' title="bbox 411 970 2004 1049">
    <p class='ocr_par' dir='ltr' id='par_1_10' title="bbox 411 970 2004 1049">
     <span class='ocr_line' id='line_1_10' title="bbox 411 970 2004 1049; baseline -0.016 0"><span class='ocrx_word' id='word_1_51' title='bbox 411 993 618 1049; x_wconf 79' lang='lat' dir='ltr'><strong>l’latoni</strong></span> <span class='ocrx_word' id='word_1_52' title='bbox 655 1005 762 1044; x_wconf 86' lang='lat' dir='ltr'><strong>non</strong></span> <span class='ocrx_word' id='word_1_53' title='bbox 799 981 1195 1042; x_wconf 78' lang='lat' dir='ltr'><strong>malefaciendo</strong></span> <span class='ocrx_word' id='word_1_54' title='bbox 1225 979 1461 1034; x_wconf 76' lang='lat' dir='ltr'><strong>debitam</strong></span> <span class='ocrx_word' id='word_1_55' title='bbox 1499 976 1629 1030; x_wconf 89' lang='lat' dir='ltr'><strong>viris</strong></span> <span class='ocrx_word' id='word_1_56' title='bbox 1660 974 1872 1026; x_wconf 87' lang='lat' dir='ltr'><strong>laudem</strong></span> <span class='ocrx_word' id='word_1_57' title='bbox 1904 970 2004 1024; x_wconf 87' lang='lat' dir='ltr'><strong>tri-</strong></span> 
     </span>
    </p>
   </div>
   <div class='ocr_carea' id='block_1_11' title="bbox 413 1062 2005 1150">
    <p class='ocr_par' dir='ltr' id='par_1_11' title="bbox 413 1062 2005 1150">
     <span class='ocr_line' id='line_1_11' title="bbox 413 1062 2005 1150; baseline -0.017 -10"><span class='ocrx_word' id='word_1_58' title='bbox 413 1086 651 1150; x_wconf 82' lang='lat' dir='ltr'><strong>buimus,</strong></span> <span class='ocrx_word' id='word_1_59' title='bbox 681 1079 911 1142; x_wconf 86' lang='lat' dir='ltr'><strong>nemini,</strong></span> <span class='ocrx_word' id='word_1_60' title='bbox 932 1078 1118 1136; x_wconf 87' lang='lat' dir='ltr'><strong>credo,</strong></span> <span class='ocrx_word' id='word_1_61' title='bbox 1145 1072 1375 1126; x_wconf 83' lang='lat' dir='ltr'><strong>facimus</strong></span> <span class='ocrx_word' id='word_1_62' title='bbox 1397 1068 1674 1136; x_wconf 73' lang='lat' dir='ltr'><strong>iniuriam.</strong></span> <span class='ocrx_word' id='word_1_63' title='bbox 1711 1064 1834 1119; x_wconf 64' lang='lat' dir='ltr'><strong>llaec</strong></span> <span class='ocrx_word' id='word_1_64' title='bbox 1860 1062 2005 1116; x_wconf 87' lang='lat' dir='ltr'><strong>enim</strong></span> 
     </span>
    </p>
   </div>
   <div class='ocr_carea' id='block_1_12' title="bbox 414 1154 2004 1249">
    <p class='ocr_par' dir='ltr' id='par_1_12' title="bbox 414 1154 2004 1249">
     <span class='ocr_line' id='line_1_12' title="bbox 414 1154 2004 1249; baseline -0.016 -17"><span class='ocrx_word' id='word_1_65' title='bbox 414 1177 636 1249; x_wconf 91' lang='lat' dir='ltr'><strong>politica</strong></span> <span class='ocrx_word' id='word_1_66' title='bbox 671 1184 816 1240; x_wconf 88' lang='lat' dir='ltr'><strong>sunt,</strong></span> <span class='ocrx_word' id='word_1_67' title='bbox 871 1172 1106 1227; x_wconf 87' lang='lat' dir='ltr'><strong>humana</strong></span> <span class='ocrx_word' id='word_1_68' title='bbox 1138 1180 1203 1219; x_wconf 90' lang='lat' dir='ltr'><strong>ac</strong></span> <span class='ocrx_word' id='word_1_69' title='bbox 1237 1164 1340 1218; x_wconf 89' lang='lat' dir='ltr'><strong>diis</strong></span> <span class='ocrx_word' id='word_1_70' title='bbox 1367 1163 1436 1216; x_wconf 89' lang='lat' dir='ltr'><strong>ab</strong></span> <span class='ocrx_word' id='word_1_71' title='bbox 1468 1160 1613 1214; x_wconf 90' lang='lat' dir='ltr'><strong>omni</strong></span> <span class='ocrx_word' id='word_1_72' title='bbox 1641 1173 1755 1212; x_wconf 68' lang='lat' dir='ltr'><strong>aevo</strong></span> <span class='ocrx_word' id='word_1_73' title='bbox 1785 1154 2004 1225; x_wconf 87' lang='lat' dir='ltr'><strong>placita.</strong></span> 
     </span>
    </p>
   </div>
   <div class='ocr_carea' id='block_1_13' title="bbox 418 1247 2010 1330">
    <p class='ocr_par' dir='ltr' id='par_1_13' title="bbox 418 1247 2010 1330">
     <span class='ocr_line' id='line_1_13' title="bbox 418 1247 2010 1330; baseline -0.018 -3"><span class='ocrx_word' id='word_1_74' title='bbox 418 1247 617 1327; x_wconf 53' lang='lat' dir='ltr'><strong>Verum</strong></span> <span class='ocrx_word' id='word_1_75' title='bbox 649 1268 694 1323; x_wconf 95' lang='lat' dir='ltr'><strong>si</strong></span> <span class='ocrx_word' id='word_1_76' title='bbox 726 1281 814 1322; x_wconf 90' lang='lat' dir='ltr'><strong>res</strong></span> <span class='ocrx_word' id='word_1_77' title='bbox 843 1271 927 1320; x_wconf 80' lang='lat' dir='ltr'><strong>est</strong></span> <span class='ocrx_word' id='word_1_78' title='bbox 953 1260 1196 1330; x_wconf 88' lang='lat' dir='ltr'><strong>improba</strong></span> <span class='ocrx_word' id='word_1_79' title='bbox 1220 1255 1506 1325; x_wconf 71' lang='lat' dir='ltr'><strong>tragoedia,</strong></span> <span class='ocrx_word' id='word_1_80' title='bbox 1538 1261 1702 1318; x_wconf 83' lang='lat' dir='ltr'><strong>atque</strong></span> <span class='ocrx_word' id='word_1_81' title='bbox 1733 1247 2010 1318; x_wconf 88' lang='lat' dir='ltr'><strong>improbo-</strong></span> 
     </span>
    </p>
   </div>
   <div class='ocr_carea' id='block_1_14' title="bbox 419 1334 2010 1420">
    <p class='ocr_par' dir='ltr' id='par_1_14' title="bbox 419 1334 2010 1420">
     <span class='ocr_line' id='line_1_14' title="bbox 419 1334 2010 1420; baseline -0.02 -2"><span class='ocrx_word' id='word_1_82' title='bbox 419 1378 539 1418; x_wconf 89' lang='lat' dir='ltr'><strong>rum</strong></span> <span class='ocrx_word' id='word_1_83' title='bbox 571 1359 852 1414; x_wconf 87' lang='lat' dir='ltr'><strong>hominum</strong></span> <span class='ocrx_word' id='word_1_84' title='bbox 894 1352 1182 1420; x_wconf 89' lang='lat' dir='ltr'><strong>scriptum,</strong></span> <span class='ocrx_word' id='word_1_85' title='bbox 1226 1346 1350 1415; x_wconf 88' lang='lat' dir='ltr'><strong>quis</strong></span> <span class='ocrx_word' id='word_1_86' title='bbox 1393 1352 1445 1397; x_wconf 90' lang='lat' dir='ltr'><strong>te</strong></span> <span class='ocrx_word' id='word_1_87' title='bbox 1486 1341 1633 1396; x_wconf 80' lang='lat' dir='ltr'><strong>dicat</strong></span> <span class='ocrx_word' id='word_1_88' title='bbox 1676 1352 1797 1392; x_wconf 88' lang='lat' dir='ltr'><strong>esse</strong></span> <span class='ocrx_word' id='word_1_89' title='bbox 1842 1334 2010 1404; x_wconf 85' lang='lat' dir='ltr'><strong>tragi-</strong></span> 
     </span>
    </p>
   </div>
   <div class='ocr_carea' id='block_1_15' title="bbox 417 1424 2012 1515">
    <p class='ocr_par' dir='ltr' id='par_1_15' title="bbox 417 1424 2012 1515">
     <span class='ocr_line' id='line_1_15' title="bbox 417 1424 2012 1515; baseline -0.019 -7"><span class='ocrx_word' id='word_1_90' title='bbox 417 1452 586 1508; x_wconf 77' lang='lat' dir='ltr'><strong>cum?</strong></span> <span class='ocrx_word' id='word_1_91' title='bbox 619 1448 770 1515; x_wconf 91' lang='lat' dir='ltr'><strong>Quod</strong></span> <span class='ocrx_word' id='word_1_92' title='bbox 808 1444 952 1499; x_wconf 89' lang='lat' dir='ltr'><strong>enim</strong></span> <span class='ocrx_word' id='word_1_93' title='bbox 984 1439 1182 1511; x_wconf 58' lang='lat'><strong>5370</strong></span> <span class='ocrx_word' id='word_1_94' title='bbox 1210 1448 1434 1506; x_wconf 87' lang='lat' dir='ltr'><strong>prorsus</strong></span> <span class='ocrx_word' id='word_1_95' title='bbox 1460 1440 1545 1488; x_wconf 85' lang='lat' dir='ltr'><strong>est</strong></span> <span class='ocrx_word' id='word_1_96' title='bbox 1573 1438 1751 1497; x_wconf 81' lang='lat' dir='ltr'><strong>turpe,</strong></span> <span class='ocrx_word' id='word_1_97' title='bbox 1782 1428 1832 1480; x_wconf 92' lang='lat' dir='ltr'><strong>id</strong></span> <span class='ocrx_word' id='word_1_98' title='bbox 1868 1424 2012 1479; x_wconf 89' lang='lat' dir='ltr'><strong>nullo</strong></span> 
     </span>
    </p>
   </div>
   <div class='ocr_carea' id='block_1_16' title="bbox 420 1524 2014 1609">
    <p class='ocr_par' dir='ltr' id='par_1_16' title="bbox 420 1524 2014 1609">
     <span class='ocr_line' id='line_1_16' title="bbox 420 1524 2014 1609; baseline -0.02 -9"><span class='ocrx_word' id='word_1_99' title='bbox 420 1543 583 1600; x_wconf 90' lang='lat' dir='ltr'><strong>modo</strong></span> <span class='ocrx_word' id='word_1_100' title='bbox 623 1546 800 1609; x_wconf 81' lang='lat' dir='ltr'><strong>potest</strong></span> <span class='ocrx_word' id='word_1_101' title='bbox 844 1536 1137 1589; x_wconf 89' lang='lat' dir='ltr'><strong>honestum</strong></span> <span class='ocrx_word' id='word_1_102' title='bbox 1176 1527 1315 1582; x_wconf 89' lang='lat' dir='ltr'><strong>lieri.</strong></span> <span class='ocrx_word' id='word_1_103' title='bbox 1355 1524 1557 1579; x_wconf 86' lang='lat' dir='ltr'><strong>Deinde</strong></span> <span class='ocrx_word' id='word_1_104' title='bbox 1607 1534 1777 1592; x_wconf 82' lang='lat' dir='ltr'><strong>negas</strong></span> <span class='ocrx_word' id='word_1_105' title='bbox 1825 1530 2014 1587; x_wconf 87' lang='lat' dir='ltr'><strong>quem-</strong></span> 
     </span>
    </p>
   </div>
   <div class='ocr_carea' id='block_1_17' title="bbox 419 1607 2010 1706">
    <p class='ocr_par' dir='ltr' id='par_1_17' title="bbox 419 1607 2010 1706">
     <span class='ocr_line' id='line_1_17' title="bbox 419 1607 2010 1706; baseline -0.02 -17"><span class='ocrx_word' id='word_1_106' title='bbox 419 1650 586 1706; x_wconf 84' lang='lat' dir='ltr'><strong>quam</strong></span> <span class='ocrx_word' id='word_1_107' title='bbox 620 1607 816 1684; x_wconf 82' lang='lat' dir='ltr'><strong>debere</strong></span> <span class='ocrx_word' id='word_1_108' title='bbox 865 1621 1145 1693; x_wconf 87' lang='lat' dir='ltr'><strong>improbos</strong></span> <span class='ocrx_word' id='word_1_109' title='bbox 1190 1615 1432 1680; x_wconf 89' lang='lat' dir='ltr'><strong>imitari,</strong></span> <span class='ocrx_word' id='word_1_110' title='bbox 1486 1613 1569 1667; x_wconf 89' lang='lat' dir='ltr'><strong>vel</strong></span> <span class='ocrx_word' id='word_1_111' title='bbox 1603 1611 1669 1665; x_wconf 83' lang='lat' dir='ltr'><strong>ad</strong></span> <span class='ocrx_word' id='word_1_112' title='bbox 1703 1607 2010 1677; x_wconf 71' lang='lat' dir='ltr'><strong>exemplum</strong></span> 
     </span>
    </p>
   </div>
   <div class='ocr_carea' id='block_1_18' title="bbox 423 1701 2012 1786">
    <p class='ocr_par' dir='ltr' id='par_1_18' title="bbox 423 1701 2012 1786">
     <span class='ocr_line' id='line_1_18' title="bbox 423 1701 2012 1786; baseline -0.021 -2"><span class='ocrx_word' id='word_1_113' title='bbox 423 1725 661 1784; x_wconf 89' lang='lat' dir='ltr'><strong>deterius</strong></span> <span class='ocrx_word' id='word_1_114' title='bbox 698 1735 758 1776; x_wconf 87' lang='lat' dir='ltr'><strong>se</strong></span> <span class='ocrx_word' id='word_1_115' title='bbox 788 1727 1144 1786; x_wconf 86' lang='lat' dir='ltr'><strong>componere;</strong></span> <span class='ocrx_word' id='word_1_116' title='bbox 1190 1724 1290 1762; x_wconf 91' lang='lat' dir='ltr'><strong>nec</strong></span> <span class='ocrx_word' id='word_1_117' title='bbox 1330 1708 1446 1776; x_wconf 77' lang='lat' dir='ltr'><strong>ipse</strong></span> <span class='ocrx_word' id='word_1_118' title='bbox 1493 1705 1597 1759; x_wconf 90' lang='lat' dir='ltr'><strong>hoc</strong></span> <span class='ocrx_word' id='word_1_119' title='bbox 1632 1701 1831 1769; x_wconf 86' lang='lat' dir='ltr'><strong>ubique</strong></span> <span class='ocrx_word' id='word_1_120' title='bbox 1874 1713 2012 1767; x_wconf 61' lang='lat' dir='ltr'><strong>pra?-</strong></span> 
     </span>
    </p>
   </div>
   <div class='ocr_carea' id='block_1_19' title="bbox 423 1790 2016 1885">
    <p class='ocr_par' dir='ltr' id='par_1_19' title="bbox 423 1790 2016 1885">
     <span class='ocr_line' id='line_1_19' title="bbox 423 1790 2016 1885; baseline -0.023 -8"><span class='ocrx_word' id='word_1_121' title='bbox 423 1831 560 1885; x_wconf 85' lang='lat' dir='ltr'><strong>stas,</strong></span> <span class='ocrx_word' id='word_1_122' title='bbox 595 1830 780 1871; x_wconf 88' lang='lat' dir='ltr'><strong>verum</strong></span> <span class='ocrx_word' id='word_1_123' title='bbox 811 1808 1043 1865; x_wconf 77' lang='lat' dir='ltr'><strong>imitaris</strong></span> <span class='ocrx_word' id='word_1_124' title='bbox 1079 1802 1387 1872; x_wconf 82' lang='lat' dir='ltr'><strong>Sopltistas,</strong></span> <span class='ocrx_word' id='word_1_125' title='bbox 1420 1795 1810 1869; x_wconf 79' lang='lat' dir='ltr'><strong>sycophantas,</strong></span> <span class='ocrx_word' id='word_1_126' title='bbox 1839 1790 2016 1845; x_wconf 87' lang='lat' dir='ltr'><strong>Thra-</strong></span> 
     </span>
    </p>
   </div>
   <div class='ocr_carea' id='block_1_20' title="bbox 2101 593 3672 664">
    <p class='ocr_par' dir='ltr' id='par_1_20' title="bbox 2101 593 3672 664">
     <span class='ocr_line' id='line_1_20' title="bbox 2101 593 3672 664; baseline -0.002 -13"><span class='ocrx_word' id='word_1_127' title='bbox 2101 595 2269 651; x_wconf 86' lang='grc' dir='ltr'>αὑτοῦ</span> <span class='ocrx_word' id='word_1_128' title='bbox 2299 595 2608 656; x_wconf 78' lang='grc' dir='ltr'>Πλάτωνος.</span> <span class='ocrx_word' id='word_1_129' title='bbox 2655 593 2730 645; x_wconf 81' lang='grc' dir='ltr'>Τδ</span> <span class='ocrx_word' id='word_1_130' title='bbox 2773 593 2921 664; x_wconf 71' lang='grc' dir='ltr'>γὰρ’</span> <span class='ocrx_word' id='word_1_131' title='bbox 2955 594 3210 662; x_wconf 81' lang='grc' dir='ltr'>ἡγεῖσθαι</span> <span class='ocrx_word' id='word_1_132' title='bbox 3265 594 3504 664; x_wconf 81' lang='grc' dir='ltr'><strong>χρηστοῦ</strong></span> <span class='ocrx_word' id='word_1_133' title='bbox 3527 611 3672 659; x_wconf 87' lang='grc' dir='ltr'>τινος</span> 
     </span>
    </p>
   </div>
   <div class='ocr_carea' id='block_1_21' title="bbox 2101 681 3674 757">
    <p class='ocr_par' dir='ltr' id='par_1_21' title="bbox 2101 681 3674 757">
     <span class='ocr_line' id='line_1_21' title="bbox 2101 681 3674 757; baseline -0.004 -12"><span class='ocrx_word' id='word_1_134' title='bbox 2101 691 2262 747; x_wconf 76' lang='grc' dir='ltr'>ἄλλου</span> <span class='ocrx_word' id='word_1_135' title='bbox 2295 687 2578 757; x_wconf 72' lang='grc' dir='ltr'><strong>κριθέντος</strong></span> <span class='ocrx_word' id='word_1_136' title='bbox 2613 685 2688 756; x_wconf 82' lang='grc' dir='ltr'><strong>μὴ</strong></span> <span class='ocrx_word' id='word_1_137' title='bbox 2709 681 2848 738; x_wconf 70' lang='grc' dir='ltr'>εἶναι</span> <span class='ocrx_word' id='word_1_138' title='bbox 2877 687 3051 754; x_wconf 83' lang='grc' dir='ltr'>τούτῳ</span> <span class='ocrx_word' id='word_1_139' title='bbox 3079 683 3323 747; x_wconf 85' lang='grc' dir='ltr'>πλείονος</span> <span class='ocrx_word' id='word_1_140' title='bbox 3348 685 3486 756; x_wconf 82' lang='grc' dir='ltr'>ἀξίῳ</span> <span class='ocrx_word' id='word_1_141' title='bbox 3506 686 3674 750; x_wconf 70' lang='grc' dir='ltr'>δόξαι,</span> 
     </span>
    </p>
   </div>
   <div class='ocr_carea' id='block_1_22' title="bbox 2103 777 3674 848">
    <p class='ocr_par' dir='ltr' id='par_1_22' title="bbox 2103 777 3674 848">
     <span class='ocr_line' id='line_1_22' title="bbox 2103 777 3674 848; baseline -0.004 -11"><span class='ocrx_word' id='word_1_142' title='bbox 2103 783 2222 847; x_wconf 85' lang='grc' dir='ltr'><strong>πῶς</strong></span> <span class='ocrx_word' id='word_1_143' title='bbox 2250 781 2312 836; x_wconf 85' lang='grc' dir='ltr'><strong>οὑ</strong></span> <span class='ocrx_word' id='word_1_144' title='bbox 2368 779 2610 833; x_wconf 70' lang='grc' dir='ltr'>τοιοῦτον</span> <span class='ocrx_word' id='word_1_145' title='bbox 2663 779 2849 845; x_wconf 62' lang='lat' dir='ltr'><strong>tactv;</strong></span> <span class='ocrx_word' id='word_1_146' title='bbox 2887 777 2963 831; x_wconf 83' lang='grc' dir='ltr'><strong>Οὐ</strong></span> <span class='ocrx_word' id='word_1_147' title='bbox 2996 778 3111 830; x_wconf 84' lang='grc' dir='ltr'>δεῖ⁸</span> <span class='ocrx_word' id='word_1_148' title='bbox 3172 778 3270 847; x_wconf 76' lang='grc' dir='ltr'>τὴν</span> <span class='ocrx_word' id='word_1_149' title='bbox 3332 778 3466 848; x_wconf 79' lang='grc' dir='ltr'>πρὸς</span> <span class='ocrx_word' id='word_1_150' title='bbox 3514 778 3674 842; x_wconf 71' lang='grc' dir='ltr'>τοῦςθ</span> 
     </span>
    </p>
   </div>
   <div class='ocr_carea' id='block_1_23' title="bbox 2104 868 3678 949">
    <p class='ocr_par' dir='ltr' id='par_1_23' title="bbox 2104 868 3678 949">
     <span class='ocr_line' id='line_1_23' title="bbox 2104 868 3678 949; baseline -0.003 -20"><span class='ocrx_word' id='word_1_151' title='bbox 2104 874 2324 949; x_wconf 69' lang='grc' dir='ltr'>ἑτέρους</span> <span class='ocrx_word' id='word_1_152' title='bbox 2352 871 2652 942; x_wconf 82' lang='grc' dir='ltr'>ἀπέχθειαν</span> <span class='ocrx_word' id='word_1_153' title='bbox 2688 868 2934 939; x_wconf 81' lang='grc' dir='ltr'>νομίζειν</span> <span class='ocrx_word' id='word_1_154' title='bbox 2967 868 3221 938; x_wconf 80' lang='grc' dir='ltr'>ἀφορμὴν</span> <span class='ocrx_word' id='word_1_155' title='bbox 3253 869 3352 938; x_wconf 81' lang='grc' dir='ltr'>τῆς</span> <span class='ocrx_word' id='word_1_156' title='bbox 3392 870 3530 942; x_wconf 77' lang='grc' dir='ltr'>πρὸς</span> <span class='ocrx_word' id='word_1_157' title='bbox 3553 872 3678 933; x_wconf 73' lang='grc' dir='ltr'>τοὺς</span> 
     </span>
    </p>
   </div>
   <div class='ocr_carea' id='block_1_24' title="bbox 2107 957 3678 1038">
    <p class='ocr_par' dir='ltr' id='par_1_24' title="bbox 2107 957 3678 1038">
     <span class='ocr_line' id='line_1_24' title="bbox 2107 957 3678 1038; baseline -0.004 -18"><span class='ocrx_word' id='word_1_158' title='bbox 2107 967 2328 1038; x_wconf 81' lang='grc' dir='ltr'>ἑτέρους</span> <span class='ocrx_word' id='word_1_159' title='bbox 2362 965 2601 1026; x_wconf 89' lang='grc' dir='ltr'>πίστεως</span> <span class='ocrx_word' id='word_1_160' title='bbox 2632 957 2797 1015; x_wconf 75' lang='grc' dir='ltr'>εἶναι.</span> <span class='ocrx_word' id='word_1_161' title='bbox 2827 961 2890 1014; x_wconf 84' lang='grc' dir='ltr'><strong>Εἰ</strong></span> <span class='ocrx_word' id='word_1_162' title='bbox 2925 960 3034 1031; x_wconf 83' lang='grc' dir='ltr'><strong>γὰρ</strong></span> <span class='ocrx_word' id='word_1_163' title='bbox 3065 959 3165 1012; x_wconf 88' lang='grc' dir='ltr'><strong>τοῦ</strong></span> <span class='ocrx_word' id='word_1_164' title='bbox 3196 960 3238 991; x_wconf 73' lang='grc'><strong><em>⁸⁸</em></strong></span> <span class='ocrx_word' id='word_1_165' title='bbox 3272 959 3532 1014; x_wconf 85' lang='grc' dir='ltr'>Πλάτωνα</span> <span class='ocrx_word' id='word_1_166' title='bbox 3577 979 3678 1016; x_wconf 83' lang='grc' dir='ltr'>κα·</span> 
     </span>
    </p>
   </div>
   <div class='ocr_carea' id='block_1_25' title="bbox 2107 1053 3679 1125">
    <p class='ocr_par' dir='ltr' id='par_1_25' title="bbox 2107 1053 3679 1125">
     <span class='ocr_line' id='line_1_25' title="bbox 2107 1053 3679 1125; baseline -0.003 -14"><span class='ocrx_word' id='word_1_167' title='bbox 2107 1058 2204 1112; x_wconf 81' lang='grc' dir='ltr'><strong>κόν</strong></span> <span class='ocrx_word' id='word_1_168' title='bbox 2234 1076 2288 1110; x_wconf 91' lang='grc' dir='ltr'><strong>τι</strong></span> <span class='ocrx_word' id='word_1_169' title='bbox 2315 1058 2496 1124; x_wconf 86' lang='grc' dir='ltr'>λέγειν</span> <span class='ocrx_word' id='word_1_170' title='bbox 2534 1053 2825 1122; x_wconf 82' lang='grc' dir='ltr'><strong>ἀφιέμενοι</strong></span> <span class='ocrx_word' id='word_1_171' title='bbox 2873 1055 2986 1117; x_wconf 86' lang='grc' dir='ltr'>τοῖς</span> <span class='ocrx_word' id='word_1_172' title='bbox 3017 1053 3242 1125; x_wconf 81' lang='grc' dir='ltr'><strong>ἀνδράσι</strong></span> <span class='ocrx_word' id='word_1_173' title='bbox 3289 1053 3356 1105; x_wconf 81' lang='grc' dir='ltr'>τὰ</span> <span class='ocrx_word' id='word_1_174' title='bbox 3406 1053 3679 1123; x_wconf 78' lang='grc' dir='ltr'><strong>πρέποντα</strong></span> 
     </span>
    </p>
   </div>
   <div class='ocr_carea' id='block_1_26' title="bbox 2109 1139 3682 1216">
    <p class='ocr_par' dir='ltr' id='par_1_26' title="bbox 2109 1139 3682 1216">
     <span class='ocr_line' id='line_1_26' title="bbox 2109 1139 3682 1216; baseline -0.004 -15"><span class='ocrx_word' id='word_1_175' title='bbox 2109 1144 2496 1216; x_wconf 82' lang='grc' dir='ltr'><strong>ἀπεδώκαμεν,</strong></span> <span class='ocrx_word' id='word_1_176' title='bbox 2533 1147 2638 1198; x_wconf 80' lang='grc' dir='ltr'>οὐκ</span> <span class='ocrx_word' id='word_1_177' title='bbox 2665 1142 2978 1212; x_wconf 79' lang='grc' dir='ltr'><strong>ἀδικοῦμεν,</strong></span> <span class='ocrx_word' id='word_1_178' title='bbox 3013 1139 3169 1212; x_wconf 78' lang='grc' dir='ltr'>οἶμαι</span> <span class='ocrx_word' id='word_1_179' title='bbox 3197 1161 3212 1176; x_wconf 82' lang='grc' dir='ltr'><strong>ο</strong></span> <span class='ocrx_word' id='word_1_180' title='bbox 3260 1143 3432 1196; x_wconf 81' lang='grc' dir='ltr'>ταῦτα</span> <span class='ocrx_word' id='word_1_181' title='bbox 3455 1143 3561 1214; x_wconf 81' lang='grc' dir='ltr'>γὰρ</span> <span class='ocrx_word' id='word_1_182' title='bbox 3590 1146 3682 1196; x_wconf 77' lang='grc' dir='ltr'>καὶ</span> 
     </span>
    </p>
   </div>
   <div class='ocr_carea' id='block_1_27' title="bbox 2111 1223 3683 1306">
    <p class='ocr_par' dir='ltr' id='par_1_27' title="bbox 2111 1223 3683 1306">
     <span class='ocr_line' id='line_1_27' title="bbox 2111 1223 3683 1306; baseline -0.004 -13"><span class='ocrx_word' id='word_1_183' title='bbox 2111 1239 2366 1293; x_wconf 82' lang='grc' dir='ltr'>πολιτικά</span> <span class='ocrx_word' id='word_1_184' title='bbox 2388 1239 2427 1269; x_wconf 83' lang='grc'><strong>¹¹</strong></span> <span class='ocrx_word' id='word_1_185' title='bbox 2463 1240 2558 1292; x_wconf 79' lang='grc' dir='ltr'>καὶ</span> <span class='ocrx_word' id='word_1_186' title='bbox 2590 1233 2911 1304; x_wconf 82' lang='grc' dir='ltr'>ἀνθρώπινα</span> <span class='ocrx_word' id='word_1_187' title='bbox 2971 1236 3064 1287; x_wconf 75' lang='grc' dir='ltr'><strong>καὶ</strong></span> <span class='ocrx_word' id='word_1_188' title='bbox 3097 1236 3240 1298; x_wconf 79' lang='grc' dir='ltr'>θεοῖς</span> <span class='ocrx_word' id='word_1_189' title='bbox 3269 1223 3574 1306; x_wconf 75' lang='grc' dir='ltr'><strong>ἀρέσκοντα</strong></span> <span class='ocrx_word' id='word_1_190' title='bbox 3621 1236 3683 1287; x_wconf 76' lang='grc' dir='ltr'>ὲκ</span> 
     </span>
    </p>
   </div>
   <div class='ocr_carea' id='block_1_28' title="bbox 2112 1326 3681 1399">
    <p class='ocr_par' dir='ltr' id='par_1_28' title="bbox 2112 1326 3681 1399">
     <span class='ocr_line' id='line_1_28' title="bbox 2112 1326 3681 1399; baseline -0.004 -15"><span class='ocrx_word' id='word_1_191' title='bbox 2112 1331 2206 1384; x_wconf 89' lang='grc' dir='ltr'><strong>τοῦ</strong></span> <span class='ocrx_word' id='word_1_192' title='bbox 2232 1329 2432 1394; x_wconf 79' lang='grc' dir='ltr'>παντὸς</span> <span class='ocrx_word' id='word_1_193' title='bbox 2462 1329 2678 1399; x_wconf 88' lang='grc' dir='ltr'>χρόνου.</span> <span class='ocrx_word' id='word_1_194' title='bbox 2733 1327 2931 1379; x_wconf 78' lang='grc' dir='ltr'><strong>’Λλλ“¹³</strong></span> <span class='ocrx_word' id='word_1_195' title='bbox 2987 1327 3041 1380; x_wconf 80' lang='grc' dir='ltr'><strong>εί</strong></span> <span class='ocrx_word' id='word_1_196' title='bbox 3075 1327 3158 1379; x_wconf 88' lang='grc' dir='ltr'><strong>τοί</strong></span> <span class='ocrx_word' id='word_1_197' title='bbox 3215 1343 3280 1394; x_wconf 90' lang='grc' dir='ltr'><strong>γε</strong></span> <span class='ocrx_word' id='word_1_198' title='bbox 3315 1326 3517 1395; x_wconf 82' lang='grc' dir='ltr'>φαῦλόν</span> <span class='ocrx_word' id='word_1_199' title='bbox 3561 1343 3624 1394; x_wconf 86' lang='grc' dir='ltr'><strong>γε</strong></span> <span class='ocrx_word' id='word_1_200' title='bbox 3647 1329 3681 1396; x_wconf 88' lang='grc' dir='ltr'><strong>ή</strong></span> 
     </span>
    </p>
   </div>
   <div class='ocr_carea' id='block_1_29' title="bbox 2113 1418 3686 1494">
    <p class='ocr_par' dir='ltr' id='par_1_29' title="bbox 2113 1418 3686 1494">
     <span class='ocr_line' id='line_1_29' title="bbox 2113 1418 3686 1494; baseline -0.004 -18"><span class='ocrx_word' id='word_1_201' title='bbox 2113 1422 2393 1494; x_wconf 76' lang='grc' dir='ltr'><strong>τραγῳδία</strong></span> <span class='ocrx_word' id='word_1_202' title='bbox 2421 1422 2518 1473; x_wconf 76' lang='grc' dir='ltr'>καὶ</span> <span class='ocrx_word' id='word_1_203' title='bbox 2553 1419 2776 1490; x_wconf 79' lang='grc' dir='ltr'><strong>φαύλων</strong></span> <span class='ocrx_word' id='word_1_204' title='bbox 2826 1418 3153 1489; x_wconf 81' lang='grc' dir='ltr'>ἀνθρώπων,</span> <span class='ocrx_word' id='word_1_205' title='bbox 3212 1418 3331 1480; x_wconf 88' lang='grc' dir='ltr'><strong>πῶς</strong></span> <span class='ocrx_word' id='word_1_206' title='bbox 3386 1434 3444 1470; x_wconf 88' lang='grc' dir='ltr'><strong>σε</strong></span> <span class='ocrx_word' id='word_1_207' title='bbox 3501 1418 3686 1488; x_wconf 79' lang='grc' dir='ltr'>φῶμεν</span> 
     </span>
    </p>
   </div>
   <div class='ocr_carea' id='block_1_30' title="bbox 2115 1509 3690 1586">
    <p class='ocr_par' dir='ltr' id='par_1_30' title="bbox 2115 1509 3690 1586">
     <span class='ocr_line' id='line_1_30' title="bbox 2115 1509 3690 1586; baseline -0.004 -18"><span class='ocrx_word' id='word_1_208' title='bbox 2115 1513 2428 1586; x_wconf 77' lang='grc' dir='ltr'>τραγῳδίαν</span> <span class='ocrx_word' id='word_1_209' title='bbox 2464 1514 2670 1577; x_wconf 84' lang='grc' dir='ltr'>ποιεῖν;</span> <span class='ocrx_word' id='word_1_210' title='bbox 2699 1511 2760 1564; x_wconf 84' lang='grc' dir='ltr'><strong>οὑ</strong></span> <span class='ocrx_word' id='word_1_211' title='bbox 2787 1509 2896 1580; x_wconf 84' lang='grc' dir='ltr'>γὰρ</span> <span class='ocrx_word' id='word_1_212' title='bbox 2923 1510 2983 1563; x_wconf 86' lang='grc' dir='ltr'>τό</span> <span class='ocrx_word' id='word_1_213' title='bbox 3008 1527 3070 1578; x_wconf 89' lang='grc' dir='ltr'><strong>γε</strong></span> <span class='ocrx_word' id='word_1_214' title='bbox 3102 1509 3241 1572; x_wconf 86' lang='grc' dir='ltr'><strong>ὅλως</strong></span> <span class='ocrx_word' id='word_1_215' title='bbox 3271 1509 3493 1579; x_wconf 79' lang='grc' dir='ltr'>αίσχρὸν</span> <span class='ocrx_word' id='word_1_216' title='bbox 3531 1510 3690 1562; x_wconf 80' lang='grc' dir='ltr'>οὐδα-</span> 
     </span>
    </p>
   </div>
   <div class='ocr_carea' id='block_1_31' title="bbox 2121 1602 3690 1679">
    <p class='ocr_par' dir='ltr' id='par_1_31' title="bbox 2121 1602 3690 1679">
     <span class='ocr_line' id='line_1_31' title="bbox 2121 1602 3690 1679; baseline -0.003 -20"><span class='ocrx_word' id='word_1_217' title='bbox 2121 1608 2238 1679; x_wconf 83' lang='grc' dir='ltr'>μῶς</span> <span class='ocrx_word' id='word_1_218' title='bbox 2261 1608 2343 1660; x_wconf 79' lang='grc' dir='ltr'>ἔνι</span> <span class='ocrx_word' id='word_1_219' title='bbox 2375 1607 2438 1677; x_wconf 91' lang='grc' dir='ltr'><strong>δή</strong></span> <span class='ocrx_word' id='word_1_220' title='bbox 2470 1622 2573 1657; x_wconf 90' lang='grc' dir='ltr'><strong>που</strong></span> <span class='ocrx_word' id='word_1_221' title='bbox 2605 1607 2831 1673; x_wconf 86' lang='grc' dir='ltr'>ποιῆσαι</span> <span class='ocrx_word' id='word_1_222' title='bbox 2861 1603 3064 1667; x_wconf 82' lang='grc' dir='ltr'>καλῶς.</span> <span class='ocrx_word' id='word_1_223' title='bbox 3099 1603 3206 1656; x_wconf 76' lang='grc' dir='ltr'><strong>Καὶ</strong></span> <span class='ocrx_word' id='word_1_224' title='bbox 3253 1602 3434 1671; x_wconf 86' lang='grc' dir='ltr'>λέγεις</span> <span class='ocrx_word' id='word_1_225' title='bbox 3465 1603 3565 1671; x_wconf 85' lang='grc' dir='ltr'><strong>μὲν</strong></span> <span class='ocrx_word' id='word_1_226' title='bbox 3613 1604 3690 1664; x_wconf 78' lang='grc' dir='ltr'><strong>ὡς</strong></span> 
     </span>
    </p>
   </div>
   <div class='ocr_carea' id='block_1_32' title="bbox 2117 1693 3692 1771">
    <p class='ocr_par' dir='ltr' id='par_1_32' title="bbox 2117 1693 3692 1771">
     <span class='ocr_line' id='line_1_32' title="bbox 2117 1693 3692 1771; baseline -0.005 -18"><span class='ocrx_word' id='word_1_227' title='bbox 2117 1703 2178 1754; x_wconf 71' lang='grc' dir='ltr'><strong>οὗ</strong></span> <span class='ocrx_word' id='word_1_228' title='bbox 2211 1699 2317 1771; x_wconf 85' lang='grc' dir='ltr'><strong>χρὴ</strong></span> <span class='ocrx_word' id='word_1_229' title='bbox 2348 1696 2632 1769; x_wconf 87' lang='grc' dir='ltr'>μιμεῖσθαι</span> <span class='ocrx_word' id='word_1_230' title='bbox 2685 1697 2814 1759; x_wconf 76' lang='grc' dir='ltr'>τοὺς</span> <span class='ocrx_word' id='word_1_231' title='bbox 2869 1695 3108 1764; x_wconf 83' lang='grc' dir='ltr'>φαύλους</span> <span class='ocrx_word' id='word_1_232' title='bbox 3163 1695 3272 1747; x_wconf 82' lang='grc' dir='ltr'>οὐδ’</span> <span class='ocrx_word' id='word_1_233' title='bbox 3297 1694 3340 1725; x_wconf 82' lang='grc'><strong>¹³</strong></span> <span class='ocrx_word' id='word_1_234' title='bbox 3393 1693 3692 1762; x_wconf 76' lang='grc' dir='ltr'>ἀφομοιοῦν</span> 
     </span>
    </p>
   </div>
   <div class='ocr_carea' id='block_1_33' title="bbox 2120 1785 3693 1862">
    <p class='ocr_par' dir='ltr' id='par_1_33' title="bbox 2120 1785 3693 1862">
     <span class='ocr_line' id='line_1_33' title="bbox 2120 1785 3693 1862; baseline -0.006 -15"><span class='ocrx_word' id='word_1_235' title='bbox 2120 1795 2233 1856; x_wconf 88' lang='grc' dir='ltr'>τοῖς</span> <span class='ocrx_word' id='word_1_236' title='bbox 2258 1793 2497 1862; x_wconf 84' lang='grc' dir='ltr'>χείροσιν</span> <span class='ocrx_word' id='word_1_237' title='bbox 2520 1789 2586 1854; x_wconf 68' lang='grc'><strong>¹⁸,</strong></span> <span class='ocrx_word' id='word_1_238' title='bbox 2641 1788 2802 1851; x_wconf 77' lang='grc' dir='ltr'>αὐτὸς</span> <span class='ocrx_word' id='word_1_239' title='bbox 2851 1788 2895 1843; x_wconf 85' lang='grc' dir='ltr'>δ’</span> <span class='ocrx_word' id='word_1_240' title='bbox 2927 1787 2987 1840; x_wconf 84' lang='grc' dir='ltr'><strong>οὑ</strong></span> <span class='ocrx_word' id='word_1_241' title='bbox 3042 1788 3182 1841; x_wconf 81' lang='grc' dir='ltr'>πάνυ</span> <span class='ocrx_word' id='word_1_242' title='bbox 3220 1788 3323 1858; x_wconf 77' lang='grc' dir='ltr'><strong>χρῇ</strong></span> <span class='ocrx_word' id='word_1_243' title='bbox 3380 1786 3556 1856; x_wconf 86' lang='grc' dir='ltr'>τούτῳ</span> <span class='ocrx_word' id='word_1_244' title='bbox 3606 1785 3693 1838; x_wconf 71' lang='grc' dir='ltr'>διὰ.</span> 
     </span>
    </p>
   </div>
   <div class='ocr_carea' id='block_1_34' title="bbox 425 1880 2029 1985">
    <p class='ocr_par' dir='ltr' id='par_1_34' title="bbox 425 1880 2016 1985">
     <span class='ocr_line' id='line_1_34' title="bbox 425 1880 2016 1985; baseline -0.021 -18"><span class='ocrx_word' id='word_1_245' title='bbox 425 1880 766 1985; x_wconf 82' lang='lat' dir='ltr'><strong>symachum,</strong></span> <span class='ocrx_word' id='word_1_246' title='bbox 804 1915 962 1971; x_wconf 84' lang='lat' dir='ltr'><strong>quem</strong></span> <span class='ocrx_word' id='word_1_247' title='bbox 1021 1897 1179 1964; x_wconf 88' lang='lat' dir='ltr'><strong>plane</strong></span> <span class='ocrx_word' id='word_1_248' title='bbox 1227 1891 1595 1959; x_wconf 87' lang='lat' dir='ltr'><strong>impudentem</strong></span> <span class='ocrx_word' id='word_1_249' title='bbox 1651 1883 1820 1938; x_wconf 79' lang='lat' dir='ltr'><strong>fuisse</strong></span> <span class='ocrx_word' id='word_1_250' title='bbox 1848 1884 2016 1946; x_wconf 90' lang='lat' dir='ltr'><strong>aiunt,</strong></span> 
     </span>
    </p>
   </div>
   <div class='ocr_carea' id='block_1_35' title="bbox 2132 1880 3691 1985">
    <p class='ocr_par' dir='ltr' id='par_1_35' title="bbox 2132 1880 3691 1985">
     <span class='ocr_line' id='line_1_35' title="bbox 2132 1880 3691 1985; baseline -0.006 -48"><span class='ocrx_word' id='word_1_251' title='bbox 2132 1886 2339 1985; x_wconf 63' lang='grc' dir='ltr'>τέλους,</span> <span class='ocrx_word' id='word_1_252' title='bbox 2388 1883 2526 1936; x_wconf 86' lang='grc' dir='ltr'><strong>ἀλλά</strong></span> <span class='ocrx_word' id='word_1_253' title='bbox 2585 1884 2726 1954; x_wconf 80' lang='grc' dir='ltr'><strong>μιμῇ</strong></span> <span class='ocrx_word' id='word_1_254' title='bbox 2783 1880 3066 1949; x_wconf 79' lang='grc' dir='ltr'>σοφιστὰς,</span> <span class='ocrx_word' id='word_1_255' title='bbox 3136 1881 3275 1950; x_wconf 84' lang='grc' dir='ltr'><strong>μιμῇ</strong></span> <span class='ocrx_word' id='word_1_256' title='bbox 3331 1881 3691 1946; x_wconf 73' lang='grc' dir='ltr'>συκοφάντας,</span> 
     </span>
    </p>
   </div>
   <div class='ocr_carea' id='block_1_36' title="bbox 427 1983 2020 2072">
    <p class='ocr_par' dir='ltr' id='par_1_36' title="bbox 427 1983 2020 2072">
     <span class='ocr_line' id='line_1_36' title="bbox 427 1983 2020 2072; baseline -0.02 -15"><span class='ocrx_word' id='word_1_257' title='bbox 427 1983 558 2072; x_wconf 85' lang='lat' dir='ltr'><strong>quia</strong></span> <span class='ocrx_word' id='word_1_258' title='bbox 603 2008 880 2064; x_wconf 89' lang='lat' dir='ltr'><strong>nunquam</strong></span> <span class='ocrx_word' id='word_1_259' title='bbox 925 1986 1147 2044; x_wconf 86' lang='lat' dir='ltr'><strong>erubuit</strong></span> <span class='ocrx_word' id='word_1_260' title='bbox 1179 2025 1194 2050; x_wconf 96' lang='lat'><strong>,</strong></span> <span class='ocrx_word' id='word_1_261' title='bbox 1225 1983 1512 2053; x_wconf 87' lang='lat' dir='ltr'><strong>janitores,</strong></span> <span class='ocrx_word' id='word_1_262' title='bbox 1551 1993 1747 2049; x_wconf 83' lang='lat' dir='ltr'><strong>pueros</strong></span> <span class='ocrx_word' id='word_1_263' title='bbox 1796 1984 2020 2029; x_wconf 90' lang='lat' dir='ltr'><strong>cunctos</strong></span> 
     </span>
    </p>
   </div>
   <div class='ocr_carea' id='block_1_37' title="bbox 431 2066 2018 2158">
    <p class='ocr_par' dir='ltr' id='par_1_37' title="bbox 431 2066 2018 2158">
     <span class='ocr_line' id='line_1_37' title="bbox 431 2066 2018 2158; baseline -0.021 -9"><span class='ocrx_word' id='word_1_264' title='bbox 431 2066 676 2150; x_wconf 76' lang='lat' dir='ltr'><strong>homines</strong></span> <span class='ocrx_word' id='word_1_265' title='bbox 701 2087 833 2158; x_wconf 88' lang='lat'><strong>(98).</strong></span> <span class='ocrx_word' id='word_1_266' title='bbox 863 2083 992 2146; x_wconf 84' lang='lat' dir='ltr'><strong>Sed,</strong></span> <span class='ocrx_word' id='word_1_267' title='bbox 1023 2088 1082 2133; x_wconf 93' lang='lat' dir='ltr'><strong>ut</strong></span> <span class='ocrx_word' id='word_1_268' title='bbox 1109 2079 1365 2139; x_wconf 80' lang='lat' dir='ltr'><strong>arbitror,</strong></span> <span class='ocrx_word' id='word_1_269' title='bbox 1384 2073 1630 2128; x_wconf 64' lang='lat' dir='ltr'><strong>Graecum</strong></span> <span class='ocrx_word' id='word_1_270' title='bbox 1651 2069 1823 2132; x_wconf 90' lang='lat' dir='ltr'><strong>illum,</strong></span> <span class='ocrx_word' id='word_1_271' title='bbox 1845 2066 2018 2132; x_wconf 75' lang='lat' dir='ltr'><strong>facile,</strong></span> 
     </span>
    </p>
   </div>
   <div class='ocr_carea' id='block_1_38' title="bbox 428 2159 2021 2257">
    <p class='ocr_par' dir='ltr' id='par_1_38' title="bbox 428 2159 2021 2257">
     <span class='ocr_line' id='line_1_38' title="bbox 428 2159 2021 2257; baseline -0.019 -17"><span class='ocrx_word' id='word_1_272' title='bbox 428 2186 752 2257; x_wconf 87' lang='lat' dir='ltr'><strong>gratiosum,</strong></span> <span class='ocrx_word' id='word_1_273' title='bbox 784 2177 993 2230; x_wconf 85' lang='lat' dir='ltr'><strong>varium</strong></span> <span class='ocrx_word' id='word_1_274' title='bbox 1045 2188 1110 2226; x_wconf 88' lang='lat' dir='ltr'><strong>ac</strong></span> <span class='ocrx_word' id='word_1_275' title='bbox 1141 2171 1408 2231; x_wconf 85' lang='lat' dir='ltr'><strong>divinum,</strong></span> <span class='ocrx_word' id='word_1_276' title='bbox 1446 2165 1587 2233; x_wconf 92' lang='lat' dir='ltr'><strong>quod</strong></span> <span class='ocrx_word' id='word_1_277' title='bbox 1623 2163 1809 2216; x_wconf 73' lang='lat' dir='ltr'><strong>adharc</strong></span> <span class='ocrx_word' id='word_1_278' title='bbox 1837 2159 2021 2214; x_wconf 88' lang='lat' dir='ltr'><strong>omnia</strong></span> 
     </span>
    </p>
   </div>
   <div class='ocr_carea' id='block_1_39' title="bbox 431 2256 2026 2339">
    <p class='ocr_par' dir='ltr' id='par_1_39' title="bbox 431 2256 2026 2339">
     <span class='ocr_line' id='line_1_39' title="bbox 431 2256 2026 2339; baseline -0.018 -8"><span class='ocrx_word' id='word_1_279' title='bbox 431 2256 487 2331; x_wconf 84' lang='lat' dir='ltr'><strong>te</strong></span> <span class='ocrx_word' id='word_1_280' title='bbox 523 2274 692 2338; x_wconf 87' lang='lat' dir='ltr'><strong>ducit,</strong></span> <span class='ocrx_word' id='word_1_281' title='bbox 731 2268 1026 2339; x_wconf 88' lang='lat' dir='ltr'><strong>ingenium,</strong></span> <span class='ocrx_word' id='word_1_282' title='bbox 1063 2262 1217 2316; x_wconf 82' lang='lat' dir='ltr'><strong>fateri</strong></span> <span class='ocrx_word' id='word_1_283' title='bbox 1270 2270 1320 2313; x_wconf 90' lang='lat' dir='ltr'><strong>te</strong></span> <span class='ocrx_word' id='word_1_284' title='bbox 1369 2257 1533 2326; x_wconf 82' lang='lat' dir='ltr'><strong>cogit,</strong></span> <span class='ocrx_word' id='word_1_285' title='bbox 1586 2256 1776 2308; x_wconf 86' lang='lat' dir='ltr'><strong>horum</strong></span> <span class='ocrx_word' id='word_1_286' title='bbox 1807 2265 2026 2321; x_wconf 90' lang='lat' dir='ltr'><strong>quoque</strong></span> 
     </span>
    </p>
   </div>
   <div class='ocr_carea' id='block_1_40' title="bbox 432 2341 2024 2434">
    <p class='ocr_par' dir='ltr' id='par_1_40' title="bbox 432 2341 2024 2434">
     <span class='ocr_line' id='line_1_40' title="bbox 432 2341 2024 2434; baseline -0.019 -13"><span class='ocrx_word' id='word_1_287' title='bbox 432 2364 646 2434; x_wconf 85' lang='lat' dir='ltr'><strong>singula</strong></span> <span class='ocrx_word' id='word_1_288' title='bbox 692 2374 849 2415; x_wconf 91' lang='lat' dir='ltr'><strong>suum</strong></span> <span class='ocrx_word' id='word_1_289' title='bbox 885 2356 1089 2409; x_wconf 84' lang='lat' dir='ltr'><strong>habere</strong></span> <span class='ocrx_word' id='word_1_290' title='bbox 1125 2366 1282 2405; x_wconf 90' lang='lat' dir='ltr'><strong>usum</strong></span> <span class='ocrx_word' id='word_1_291' title='bbox 1327 2363 1451 2402; x_wconf 90' lang='lat' dir='ltr'><strong>cum</strong></span> <span class='ocrx_word' id='word_1_292' title='bbox 1497 2355 1742 2413; x_wconf 87' lang='lat' dir='ltr'><strong>tempore</strong></span> <span class='ocrx_word' id='word_1_293' title='bbox 1769 2352 1820 2395; x_wconf 90' lang='lat' dir='ltr'><strong>et</strong></span> <span class='ocrx_word' id='word_1_294' title='bbox 1851 2341 2024 2410; x_wconf 79' lang='lat' dir='ltr'><strong>gratia</strong></span> 
     </span>
    </p>
   </div>
   <div class='ocr_carea' id='block_1_41' title="bbox 431 2433 2028 2524">
    <p class='ocr_par' dir='ltr' id='par_1_41' title="bbox 431 2433 2028 2524">
     <span class='ocr_line' id='line_1_41' title="bbox 431 2433 2028 2524; baseline -0.018 -11"><span class='ocrx_word' id='word_1_295' title='bbox 431 2433 808 2524; x_wconf 62' lang='lat' dir='ltr'><strong>coniunctum.</strong></span> <span class='ocrx_word' id='word_1_296' title='bbox 862 2449 1038 2515; x_wconf 81' lang='lat' dir='ltr'><strong>Atque</strong></span> <span class='ocrx_word' id='word_1_297' title='bbox 1093 2443 1193 2497; x_wconf 89' lang='lat' dir='ltr'><strong>hos</strong></span> <span class='ocrx_word' id='word_1_298' title='bbox 1243 2454 1434 2495; x_wconf 87' lang='lat' dir='ltr'><strong>omnes</strong></span> <span class='ocrx_word' id='word_1_299' title='bbox 1493 2435 1755 2505; x_wconf 72' lang='lat' dir='ltr'><strong>voluptati</strong></span> <span class='ocrx_word' id='word_1_300' title='bbox 1808 2433 2028 2487; x_wconf 85' lang='lat' dir='ltr'><strong>studere</strong></span> 
     </span>
    </p>
   </div>
   <div class='ocr_carea' id='block_1_42' title="bbox 432 2528 2026 2607">
    <p class='ocr_par' dir='ltr' id='par_1_42' title="bbox 432 2528 2026 2607">
     <span class='ocr_line' id='line_1_42' title="bbox 432 2528 2026 2607; baseline -0.019 -3"><span class='ocrx_word' id='word_1_301' title='bbox 432 2549 691 2604; x_wconf 87' lang='lat' dir='ltr'><strong>allirmas.</strong></span> <span class='ocrx_word' id='word_1_302' title='bbox 727 2543 923 2600; x_wconf 84' lang='lat' dir='ltr'><strong>Utrum</strong></span> <span class='ocrx_word' id='word_1_303' title='bbox 968 2549 1021 2593; x_wconf 91' lang='lat' dir='ltr'><strong>te</strong></span> <span class='ocrx_word' id='word_1_304' title='bbox 1067 2537 1232 2607; x_wconf 79' lang='lat' dir='ltr'><strong>igitur</strong></span> <span class='ocrx_word' id='word_1_305' title='bbox 1284 2533 1503 2596; x_wconf 90' lang='lat' dir='ltr'><strong>minus,</strong></span> <span class='ocrx_word' id='word_1_306' title='bbox 1551 2544 1620 2583; x_wconf 90' lang='lat' dir='ltr'><strong>an</strong></span> <span class='ocrx_word' id='word_1_307' title='bbox 1669 2528 1812 2597; x_wconf 91' lang='lat' dir='ltr'><strong>plus,</strong></span> <span class='ocrx_word' id='word_1_308' title='bbox 1865 2539 2026 2594; x_wconf 90' lang='lat' dir='ltr'><strong>quam</strong></span> 
     </span>
    </p>
   </div>
   <div class='ocr_carea' id='block_1_43' title="bbox 434 2619 2031 2709">
    <p class='ocr_par' dir='ltr' id='par_1_43' title="bbox 434 2619 2031 2709">
     <span class='ocr_line' id='line_1_43' title="bbox 434 2619 2031 2709; baseline -0.02 -10"><span class='ocrx_word' id='word_1_309' title='bbox 434 2644 647 2703; x_wconf 88' lang='lat' dir='ltr'><strong>deceat,</strong></span> <span class='ocrx_word' id='word_1_310' title='bbox 697 2648 898 2709; x_wconf 89' lang='lat' dir='ltr'><strong>ponere</strong></span> <span class='ocrx_word' id='word_1_311' title='bbox 929 2628 1218 2687; x_wconf 77' lang='lat' dir='ltr'><strong>dicemus?</strong></span> <span class='ocrx_word' id='word_1_312' title='bbox 1248 2625 1464 2681; x_wconf 89' lang='lat' dir='ltr'><strong>Etenim</strong></span> <span class='ocrx_word' id='word_1_313' title='bbox 1509 2619 1770 2690; x_wconf 82' lang='lat' dir='ltr'><strong>voluptati</strong></span> <span class='ocrx_word' id='word_1_314' title='bbox 1813 2627 2031 2686; x_wconf 86' lang='lat' dir='ltr'><strong>quoque</strong></span> 
     </span>
    </p>
   </div>
   <div class='ocr_carea' id='block_1_44' title="bbox 436 2706 2030 2808">
    <p class='ocr_par' dir='ltr' id='par_1_44' title="bbox 436 2706 2030 2808">
     <span class='ocr_line' id='line_1_44' title="bbox 436 2706 2030 2808; baseline -0.02 -16"><span class='ocrx_word' id='word_1_315' title='bbox 436 2745 629 2808; x_wconf 87' lang='lat' dir='ltr'><strong>poetas</strong></span> <span class='ocrx_word' id='word_1_316' title='bbox 660 2706 880 2785; x_wconf 72' lang='lat' dir='ltr'><strong>studere</strong></span> <span class='ocrx_word' id='word_1_317' title='bbox 923 2722 1186 2778; x_wconf 89' lang='lat' dir='ltr'><strong>creditur.</strong></span> <span class='ocrx_word' id='word_1_318' title='bbox 1235 2718 1579 2786; x_wconf 83' lang='lat' dir='ltr'><strong>Quapropter</strong></span> <span class='ocrx_word' id='word_1_319' title='bbox 1615 2727 1733 2767; x_wconf 91' lang='lat' dir='ltr'><strong>cum</strong></span> <span class='ocrx_word' id='word_1_320' title='bbox 1787 2710 1841 2763; x_wconf 92' lang='lat' dir='ltr'><strong>id</strong></span> <span class='ocrx_word' id='word_1_321' title='bbox 1887 2706 2030 2776; x_wconf 88' lang='lat' dir='ltr'><strong>quod</strong></span> 
     </span>
    </p>
   </div>
   <div class='ocr_carea' id='block_1_45' title="bbox 437 2799 2029 2894">
    <p class='ocr_par' dir='ltr' id='par_1_45' title="bbox 437 2799 2029 2894">
     <span class='ocr_line' id='line_1_45' title="bbox 437 2799 2029 2894; baseline -0.021 -11"><span class='ocrx_word' id='word_1_322' title='bbox 437 2799 800 2894; x_wconf 66' lang='lat' dir='ltr'><strong>adjiciendum</strong></span> <span class='ocrx_word' id='word_1_323' title='bbox 840 2825 959 2872; x_wconf 91' lang='lat' dir='ltr'><strong>erat</strong></span> <span class='ocrx_word' id='word_1_324' title='bbox 993 2811 1166 2884; x_wconf 82' lang='lat' dir='ltr'><strong>(99-l)</strong></span> <span class='ocrx_word' id='word_1_325' title='bbox 1215 2809 1417 2872; x_wconf 75' lang='lat' dir='ltr'><strong>aufers,</strong></span> <span class='ocrx_word' id='word_1_326' title='bbox 1452 2807 1629 2859; x_wconf 88' lang='lat' dir='ltr'><strong>minus</strong></span> <span class='ocrx_word' id='word_1_327' title='bbox 1657 2816 1820 2870; x_wconf 86' lang='lat' dir='ltr'><strong>quam</strong></span> <span class='ocrx_word' id='word_1_328' title='bbox 1853 2799 2029 2860; x_wconf 87' lang='lat' dir='ltr'><strong>decet,</strong></span> 
     </span>
    </p>
   </div>
   <div class='ocr_carea' id='block_1_46' title="bbox 440 2891 2034 2972">
    <p class='ocr_par' dir='ltr' id='par_1_46' title="bbox 440 2891 2034 2972">
     <span class='ocr_line' id='line_1_46' title="bbox 440 2891 2034 2972; baseline -0.021 1"><span class='ocrx_word' id='word_1_329' title='bbox 440 2891 600 2972; x_wconf 78' lang='lat' dir='ltr'><strong>dicis.</strong></span> <span class='ocrx_word' id='word_1_330' title='bbox 635 2913 772 2968; x_wconf 88' lang='lat' dir='ltr'><strong>Cum</strong></span> <span class='ocrx_word' id='word_1_331' title='bbox 804 2916 984 2963; x_wconf 88' lang='lat' dir='ltr'><strong>autem</strong></span> <span class='ocrx_word' id='word_1_332' title='bbox 1017 2918 1086 2959; x_wconf 77' lang='lat' dir='ltr'><strong>ex</strong></span> <span class='ocrx_word' id='word_1_333' title='bbox 1131 2916 1197 2957; x_wconf 90' lang='lat' dir='ltr'><strong>eo</strong></span> <span class='ocrx_word' id='word_1_334' title='bbox 1239 2899 1601 2954; x_wconf 85' lang='lat' dir='ltr'><strong>adulationem</strong></span> <span class='ocrx_word' id='word_1_335' title='bbox 1650 2893 1756 2947; x_wconf 89' lang='lat' dir='ltr'><strong>illis</strong></span> <span class='ocrx_word' id='word_1_336' title='bbox 1788 2891 2034 2959; x_wconf 83' lang='lat' dir='ltr'><strong>impone-</strong></span> 
     </span>
    </p>
   </div>
   <div class='ocr_carea' id='block_1_47' title="bbox 443 2983 2036 3078">
    <p class='ocr_par' dir='ltr' id='par_1_47' title="bbox 443 2983 2036 3078">
     <span class='ocr_line' id='line_1_47' title="bbox 443 2983 2036 3078; baseline -0.021 -11"><span class='ocrx_word' id='word_1_337' title='bbox 443 3013 571 3078; x_wconf 90' lang='lat' dir='ltr'><strong>bat,</strong></span> <span class='ocrx_word' id='word_1_338' title='bbox 606 3007 726 3078; x_wconf 90' lang='lat' dir='ltr'><strong>plus</strong></span> <span class='ocrx_word' id='word_1_339' title='bbox 770 3003 1014 3075; x_wconf 78' lang='lat' dir='ltr'><strong>prolecto</strong></span> <span class='ocrx_word' id='word_1_340' title='bbox 1041 3010 1204 3066; x_wconf 90' lang='lat' dir='ltr'><strong>quam</strong></span> <span class='ocrx_word' id='word_1_341' title='bbox 1256 2992 1635 3062; x_wconf 82' lang='lat' dir='ltr'><strong>requirebatur</strong></span> <span class='ocrx_word' id='word_1_342' title='bbox 1667 2998 1757 3040; x_wconf 89' lang='lat' dir='ltr'><strong>tua</strong></span> <span class='ocrx_word' id='word_1_343' title='bbox 1790 2983 2036 3039; x_wconf 86' lang='lat' dir='ltr'><strong>contine-</strong></span> 
     </span>
    </p>
   </div>
   <div class='ocr_carea' id='block_1_48' title="bbox 443 3073 2038 3156">
    <p class='ocr_par' dir='ltr' id='par_1_48' title="bbox 443 3073 2038 3156">
     <span class='ocr_line' id='line_1_48' title="bbox 443 3073 2038 3156; baseline -0.019 1"><span class='ocrx_word' id='word_1_344' title='bbox 443 3073 785 3156; x_wconf 40' lang='lat' dir='ltr'><strong>bat&#39;o&#39;ratio.</strong></span> <span class='ocrx_word' id='word_1_345' title='bbox 830 3092 1057 3146; x_wconf 81' lang='lat' dir='ltr'><strong>Poteras</strong></span> <span class='ocrx_word' id='word_1_346' title='bbox 1100 3086 1272 3151; x_wconf 90' lang='lat' dir='ltr'><strong>enim,</strong></span> <span class='ocrx_word' id='word_1_347' title='bbox 1323 3085 1407 3138; x_wconf 84' lang='lat' dir='ltr'><strong>vir</strong></span> <span class='ocrx_word' id='word_1_348' title='bbox 1452 3080 1732 3152; x_wconf 67' lang='lat' dir='ltr'><strong>praeclare,</strong></span> <span class='ocrx_word' id='word_1_349' title='bbox 1783 3073 1946 3130; x_wconf 85' lang='lat' dir='ltr'><strong>simul</strong></span> <span class='ocrx_word' id='word_1_350' title='bbox 1982 3082 2038 3126; x_wconf 89' lang='lat' dir='ltr'><strong>et</strong></span> 
     </span>
    </p>
   </div>
   <div class='ocr_carea' id='block_1_49' title="bbox 439 3169 2035 3263">
    <p class='ocr_par' dir='ltr' id='par_1_49' title="bbox 439 3169 2035 3263">
     <span class='ocr_line' id='line_1_49' title="bbox 439 3169 2035 3263; baseline -0.021 -15"><span class='ocrx_word' id='word_1_351' title='bbox 439 3193 665 3263; x_wconf 79' lang='lat' dir='ltr'><strong>juvenes</strong></span> <span class='ocrx_word' id='word_1_352' title='bbox 689 3187 755 3242; x_wconf 88' lang='lat' dir='ltr'><strong>ad</strong></span> <span class='ocrx_word' id='word_1_353' title='bbox 791 3183 1055 3253; x_wconf 83' lang='lat' dir='ltr'><strong>justitiam</strong></span> <span class='ocrx_word' id='word_1_354' title='bbox 1102 3176 1426 3239; x_wconf 85' lang='lat' dir='ltr'><strong>conl‘ortari,</strong></span> <span class='ocrx_word' id='word_1_355' title='bbox 1459 3183 1513 3228; x_wconf 89' lang='lat' dir='ltr'><strong>et</strong></span> <span class='ocrx_word' id='word_1_356' title='bbox 1542 3169 1851 3226; x_wconf 81' lang='lat' dir='ltr'><strong>senioribus</strong></span> <span class='ocrx_word' id='word_1_357' title='bbox 1879 3177 2035 3220; x_wconf 88' lang='lat' dir='ltr'><strong>sumn</strong></span> 
     </span>
    </p>
   </div>
   <div class='ocr_carea' id='block_1_50' title="bbox 445 3255 2038 3339">
    <p class='ocr_par' dir='ltr' id='par_1_50' title="bbox 445 3255 2038 3339">
     <span class='ocr_line' id='line_1_50' title="bbox 445 3255 2038 3339; baseline -0.019 -2"><span class='ocrx_word' id='word_1_358' title='bbox 445 3255 707 3339; x_wconf 73' lang='lat' dir='ltr'><strong>tribuere.</strong></span> <span class='ocrx_word' id='word_1_359' title='bbox 739 3273 953 3330; x_wconf 85' lang='lat' dir='ltr'><strong>Etenim</strong></span> <span class='ocrx_word' id='word_1_360' title='bbox 990 3283 1048 3327; x_wconf 94' lang='lat' dir='ltr'><strong>ut</strong></span> <span class='ocrx_word' id='word_1_361' title='bbox 1082 3269 1291 3326; x_wconf 88' lang='lat' dir='ltr'><strong>laudari</strong></span> <span class='ocrx_word' id='word_1_362' title='bbox 1327 3281 1433 3322; x_wconf 90' lang='lat' dir='ltr'><strong>non</strong></span> <span class='ocrx_word' id='word_1_363' title='bbox 1466 3263 1789 3334; x_wconf 89' lang='lat' dir='ltr'><strong>potuissent,</strong></span> <span class='ocrx_word' id='word_1_364' title='bbox 1823 3255 2038 3311; x_wconf 87' lang='lat' dir='ltr'><strong>silentio</strong></span> 
     </span>
    </p>
   </div>
   <div class='ocr_carea' id='block_1_51' title="bbox 448 3352 2040 3442">
    <p class='ocr_par' dir='ltr' id='par_1_51' title="bbox 448 3352 2040 3442">
     <span class='ocr_line' id='line_1_51' title="bbox 448 3352 2040 3442; baseline -0.02 -12"><span class='ocrx_word' id='word_1_365' title='bbox 448 3385 631 3430; x_wconf 86' lang='lat' dir='ltr'><strong>tamen</strong></span> <span class='ocrx_word' id='word_1_366' title='bbox 658 3377 907 3442; x_wconf 84' lang='lat' dir='ltr'><strong>poterant</strong></span> <span class='ocrx_word' id='word_1_367' title='bbox 935 3363 1226 3438; x_wconf 75' lang='lat' dir='ltr'><strong>przeteriri,</strong></span> <span class='ocrx_word' id='word_1_368' title='bbox 1260 3372 1436 3429; x_wconf 88' lang='lat' dir='ltr'><strong>neque</strong></span> <span class='ocrx_word' id='word_1_369' title='bbox 1464 3355 1651 3410; x_wconf 76' lang='lat' dir='ltr'><strong>fueras</strong></span> <span class='ocrx_word' id='word_1_370' title='bbox 1680 3352 1749 3406; x_wconf 89' lang='lat' dir='ltr'><strong>ob</strong></span> <span class='ocrx_word' id='word_1_371' title='bbox 1776 3364 1894 3402; x_wconf 88' lang='lat' dir='ltr'><strong>eam</strong></span> <span class='ocrx_word' id='word_1_372' title='bbox 1924 3360 2040 3401; x_wconf 91' lang='lat' dir='ltr'><strong>rem</strong></span> 
     </span>
    </p>
   </div>
   <div class='ocr_carea' id='block_1_52' title="bbox 450 3439 2041 3521">
    <p class='ocr_par' dir='ltr' id='par_1_52' title="bbox 450 3439 2041 3521">
     <span class='ocr_line' id='line_1_52' title="bbox 450 3439 2041 3521; baseline -0.019 -1"><span class='ocrx_word' id='word_1_373' title='bbox 450 3465 719 3521; x_wconf 88' lang='lat' dir='ltr'><strong>rationem</strong></span> <span class='ocrx_word' id='word_1_374' title='bbox 803 3474 911 3516; x_wconf 88' lang='lat' dir='ltr'><strong>non</strong></span> <span class='ocrx_word' id='word_1_375' title='bbox 984 3456 1275 3512; x_wconf 80' lang='lat' dir='ltr'><strong>relatarum</strong></span> <span class='ocrx_word' id='word_1_376' title='bbox 1336 3446 1691 3505; x_wconf 81' lang='lat' dir='ltr'><strong>accusandus.</strong></span> <span class='ocrx_word' id='word_1_377' title='bbox 1759 3439 1867 3496; x_wconf 83' lang='lat' dir='ltr'><strong>Sed</strong></span> <span class='ocrx_word' id='word_1_378' title='bbox 1933 3452 2041 3492; x_wconf 91' lang='lat' dir='ltr'><strong>non</strong></span> 
     </span>
    </p>
   </div>
   <div class='ocr_carea' id='block_1_53' title="bbox 454 3533 2042 3624">
    <p class='ocr_par' dir='ltr' id='par_1_53' title="bbox 454 3533 2042 3624">
     <span class='ocr_line' id='line_1_53' title="bbox 454 3533 2042 3624; baseline -0.018 -12"><span class='ocrx_word' id='word_1_379' title='bbox 454 3559 558 3613; x_wconf 88' lang='lat' dir='ltr'><strong>hoc</strong></span> <span class='ocrx_word' id='word_1_380' title='bbox 590 3554 827 3624; x_wconf 87' lang='lat' dir='ltr'><strong>aliquem</strong></span> <span class='ocrx_word' id='word_1_381' title='bbox 859 3551 926 3606; x_wconf 88' lang='lat' dir='ltr'><strong>ad</strong></span> <span class='ocrx_word' id='word_1_382' title='bbox 953 3548 1381 3620; x_wconf 73' lang='lat' dir='ltr'><strong>indignationem</strong></span> <span class='ocrx_word' id='word_1_383' title='bbox 1413 3543 1754 3596; x_wconf 84' lang='lat' dir='ltr'><strong>commoveat</strong></span> <span class='ocrx_word' id='word_1_384' title='bbox 1785 3533 2042 3594; x_wconf 76' lang='lat' dir='ltr'><strong>maxime,</strong></span> 
     </span>
    </p>
   </div>
   <div class='ocr_carea' id='block_1_54' title="bbox 453 3625 2047 3721">
    <p class='ocr_par' dir='ltr' id='par_1_54' title="bbox 453 3625 2047 3721">
     <span class='ocr_line' id='line_1_54' title="bbox 453 3625 2047 3721; baseline -0.019 -16"><span class='ocrx_word' id='word_1_385' title='bbox 453 3649 600 3721; x_wconf 90' lang='lat' dir='ltr'><strong>quod</strong></span> <span class='ocrx_word' id='word_1_386' title='bbox 633 3646 784 3702; x_wconf 81' lang='lat' dir='ltr'><strong>Plato</strong></span> <span class='ocrx_word' id='word_1_387' title='bbox 811 3643 1126 3699; x_wconf 68' lang='lat' dir='ltr'><strong>Graecorum</strong></span> <span class='ocrx_word' id='word_1_388' title='bbox 1164 3637 1323 3694; x_wconf 78' lang='lat' dir='ltr'><strong>facile</strong></span> <span class='ocrx_word' id='word_1_389' title='bbox 1355 3635 1630 3706; x_wconf 87' lang='lat' dir='ltr'><strong>princeps,</strong></span> <span class='ocrx_word' id='word_1_390' title='bbox 1651 3638 1707 3683; x_wconf 87' lang='lat' dir='ltr'><strong>et</strong></span> <span class='ocrx_word' id='word_1_391' title='bbox 1733 3626 1825 3697; x_wconf 90' lang='lat' dir='ltr'><strong>qui</strong></span> <span class='ocrx_word' id='word_1_392' title='bbox 1853 3625 2047 3679; x_wconf 90' lang='lat' dir='ltr'><strong>merito</strong></span> 
     </span>
    </p>
   </div>
   <div class='ocr_carea' id='block_1_55' title="bbox 454 3716 2049 3814">
    <p class='ocr_par' dir='ltr' id='par_1_55' title="bbox 454 3716 2049 3814">
     <span class='ocr_line' id='line_1_55' title="bbox 454 3716 2049 3814; baseline -0.018 -16"><span class='ocrx_word' id='word_1_393' title='bbox 454 3716 750 3814; x_wconf 69' lang='lat' dir='ltr'><strong>plurimum</strong></span> <span class='ocrx_word' id='word_1_394' title='bbox 801 3737 902 3793; x_wconf 87' lang='lat' dir='ltr'><strong>sibi</strong></span> <span class='ocrx_word' id='word_1_395' title='bbox 939 3736 1164 3800; x_wconf 88' lang='lat' dir='ltr'><strong>tribuat,</strong></span> <span class='ocrx_word' id='word_1_396' title='bbox 1210 3725 1584 3798; x_wconf 75' lang='lat' dir='ltr'><strong>magnitudine</strong></span> <span class='ocrx_word' id='word_1_397' title='bbox 1619 3720 1849 3792; x_wconf 88' lang='lat' dir='ltr'><strong>quadam</strong></span> <span class='ocrx_word' id='word_1_398' title='bbox 1881 3725 1936 3772; x_wconf 81' lang='lat' dir='ltr'><strong>et</strong></span> <span class='ocrx_word' id='word_1_399' title='bbox 1967 3716 2049 3772; x_wconf 93' lang='lat' dir='ltr'><strong>in-</strong></span> 
     </span>
    </p>
   </div>
   <div class='ocr_carea' id='block_1_56' title="bbox 454 3809 2050 3905">
    <p class='ocr_par' dir='ltr' id='par_1_56' title="bbox 454 3809 2050 3905">
     <span class='ocr_line' id='line_1_56' title="bbox 454 3809 2050 3905; baseline -0.018 -16"><span class='ocrx_word' id='word_1_400' title='bbox 454 3809 600 3905; x_wconf 70' lang='lat' dir='ltr'><strong>genii</strong></span> <span class='ocrx_word' id='word_1_401' title='bbox 620 3832 873 3886; x_wconf 87' lang='lat' dir='ltr'><strong>libertate</strong></span> <span class='ocrx_word' id='word_1_402' title='bbox 896 3827 1163 3896; x_wconf 86' lang='lat' dir='ltr'><strong>quosdam</strong></span> <span class='ocrx_word' id='word_1_403' title='bbox 1190 3834 1451 3878; x_wconf 89' lang='lat' dir='ltr'><strong>accusare</strong></span> <span class='ocrx_word' id='word_1_404' title='bbox 1477 3815 1679 3882; x_wconf 90' lang='lat' dir='ltr'><strong>voluit;</strong></span> <span class='ocrx_word' id='word_1_405' title='bbox 1708 3813 1803 3867; x_wconf 91' lang='lat' dir='ltr'><strong>sed</strong></span> <span class='ocrx_word' id='word_1_406' title='bbox 1827 3820 1880 3864; x_wconf 90' lang='lat' dir='ltr'><strong>et</strong></span> <span class='ocrx_word' id='word_1_407' title='bbox 1906 3809 2050 3880; x_wconf 92' lang='lat' dir='ltr'><strong>quod</strong></span> 
     </span>
    </p>
   </div>
   <div class='ocr_carea' id='block_1_57' title="bbox 456 3905 2054 3992">
    <p class='ocr_par' dir='ltr' id='par_1_57' title="bbox 456 3905 2054 3992">
     <span class='ocr_line' id='line_1_57' title="bbox 456 3905 2054 3992; baseline -0.019 -10"><span class='ocrx_word' id='word_1_408' title='bbox 456 3924 697 3982; x_wconf 88' lang='lat' dir='ltr'><strong>nonnulli</strong></span> <span class='ocrx_word' id='word_1_409' title='bbox 733 3923 930 3978; x_wconf 85' lang='lat' dir='ltr'><strong>nullius</strong></span> <span class='ocrx_word' id='word_1_410' title='bbox 957 3921 1113 3992; x_wconf 87' lang='lat' dir='ltr'><strong>pretii</strong></span> <span class='ocrx_word' id='word_1_411' title='bbox 1145 3917 1413 3977; x_wconf 86' lang='lat' dir='ltr'><strong>homines,</strong></span> <span class='ocrx_word' id='word_1_412' title='bbox 1458 3912 1560 3966; x_wconf 90' lang='lat' dir='ltr'><strong>hac</strong></span> <span class='ocrx_word' id='word_1_413' title='bbox 1591 3905 1879 3962; x_wconf 88' lang='lat' dir='ltr'><strong>occasione</strong></span> <span class='ocrx_word' id='word_1_414' title='bbox 1904 3915 2054 3956; x_wconf 86' lang='lat' dir='ltr'><strong>sum-</strong></span> 
     </span>
    </p>
   </div>
   <div class='ocr_carea' id='block_1_58' title="bbox 460 3990 2055 4089">
    <p class='ocr_par' dir='ltr' id='par_1_58' title="bbox 460 3990 2055 4089">
     <span class='ocr_line' id='line_1_58' title="bbox 460 3990 2055 4089; baseline -0.018 -17"><span class='ocrx_word' id='word_1_415' title='bbox 460 4028 572 4089; x_wconf 86' lang='lat' dir='ltr'><strong>pta,</strong></span> <span class='ocrx_word' id='word_1_416' title='bbox 601 4031 718 4071; x_wconf 85' lang='lat' dir='ltr'><strong>rem</strong></span> <span class='ocrx_word' id='word_1_417' title='bbox 755 4016 808 4069; x_wconf 92' lang='lat' dir='ltr'><strong>in</strong></span> <span class='ocrx_word' id='word_1_418' title='bbox 838 3990 1293 4068; x_wconf 84' lang='lat' dir='ltr'><strong>consuetudinem</strong></span> <span class='ocrx_word' id='word_1_419' title='bbox 1322 4003 1566 4063; x_wconf 85' lang='lat' dir='ltr'><strong>trahunt,</strong></span> <span class='ocrx_word' id='word_1_420' title='bbox 1596 4007 1760 4066; x_wconf 91' lang='lat' dir='ltr'><strong>atque</strong></span> <span class='ocrx_word' id='word_1_421' title='bbox 1791 3993 1954 4047; x_wconf 89' lang='lat' dir='ltr'><strong>etiam</strong></span> <span class='ocrx_word' id='word_1_422' title='bbox 1987 3990 2055 4044; x_wconf 86' lang='lat' dir='ltr'><strong>de</strong></span> 
     </span>
    </p>
   </div>
   <div class='ocr_carea' id='block_1_59' title="bbox 461 4080 2056 4175">
    <p class='ocr_par' dir='ltr' id='par_1_59' title="bbox 461 4080 2056 4175">
     <span class='ocr_line' id='line_1_59' title="bbox 461 4080 2056 4175; baseline -0.02 -9"><span class='ocrx_word' id='word_1_423' title='bbox 461 4080 840 4173; x_wconf 65' lang='lat' dir='ltr'><strong>bemostliene,</strong></span> <span class='ocrx_word' id='word_1_424' title='bbox 862 4119 1020 4175; x_wconf 85' lang='lat' dir='ltr'><strong>quem</strong></span> <span class='ocrx_word' id='word_1_425' title='bbox 1056 4116 1154 4170; x_wconf 84' lang='lat' dir='ltr'><strong>ego</strong></span> <span class='ocrx_word' id='word_1_426' title='bbox 1176 4095 1428 4152; x_wconf 82' lang='lat' dir='ltr'><strong>Mercurii</strong></span> <span class='ocrx_word' id='word_1_427' title='bbox 1455 4090 1594 4164; x_wconf 76' lang='grc'><strong>(2-5)</strong></span> <span class='ocrx_word' id='word_1_428' title='bbox 1628 4085 1909 4157; x_wconf 85' lang='lat' dir='ltr'><strong>cujusdam</strong></span> <span class='ocrx_word' id='word_1_429' title='bbox 1940 4080 2056 4136; x_wconf 88' lang='lat' dir='ltr'><strong>elo—</strong></span> 
     </span>
    </p>
   </div>
   <div class='ocr_carea' id='block_1_60' title="bbox 460 4170 2056 4272">
    <p class='ocr_par' dir='ltr' id='par_1_60' title="bbox 460 4170 2056 4272">
     <span class='ocr_line' id='line_1_60' title="bbox 460 4170 2056 4272; baseline -0.02 -16"><span class='ocrx_word' id='word_1_430' title='bbox 460 4201 681 4272; x_wconf 88' lang='lat' dir='ltr'><strong>quentis</strong></span> <span class='ocrx_word' id='word_1_431' title='bbox 715 4170 835 4254; x_wconf 82' lang='lat' dir='ltr'><strong>loco</strong></span> <span class='ocrx_word' id='word_1_432' title='bbox 880 4170 934 4252; x_wconf 81' lang='lat' dir='ltr'><strong>in</strong></span> <span class='ocrx_word' id='word_1_433' title='bbox 973 4205 1147 4249; x_wconf 90' lang='lat' dir='ltr'><strong>terras</strong></span> <span class='ocrx_word' id='word_1_434' title='bbox 1193 4189 1432 4244; x_wconf 86' lang='lat' dir='ltr'><strong>arbitror</strong></span> <span class='ocrx_word' id='word_1_435' title='bbox 1481 4179 1865 4242; x_wconf 84' lang='lat' dir='ltr'><strong>descendisse,</strong></span> <span class='ocrx_word' id='word_1_436' title='bbox 1919 4170 2056 4227; x_wconf 88' lang='lat' dir='ltr'><strong>nihil</strong></span> 
     </span>
    </p>
   </div>
   <div class='ocr_carea' id='block_1_61' title="bbox 466 4263 2058 4348">
    <p class='ocr_par' dir='ltr' id='par_1_61' title="bbox 466 4263 2058 4348">
     <span class='ocr_line' id='line_1_61' title="bbox 466 4263 2058 4348; baseline -0.019 -1"><span class='ocrx_word' id='word_1_437' title='bbox 466 4308 571 4348; x_wconf 82' lang='grc' dir='ltr'>ιιυη</span> <span class='ocrx_word' id='word_1_438' title='bbox 605 4290 805 4344; x_wconf 89' lang='lat' dir='ltr'><strong>audent</strong></span> <span class='ocrx_word' id='word_1_439' title='bbox 845 4285 1082 4342; x_wconf 79' lang='lat' dir='ltr'><strong>ell‘utire.</strong></span> <span class='ocrx_word' id='word_1_440' title='bbox 1117 4281 1250 4348; x_wconf 86' lang='lat' dir='ltr'><strong>Quis</strong></span> <span class='ocrx_word' id='word_1_441' title='bbox 1275 4291 1409 4332; x_wconf 82' lang='lat' dir='ltr'><strong>vero</strong></span> <span class='ocrx_word' id='word_1_442' title='bbox 1450 4273 1605 4328; x_wconf 89' lang='lat' dir='ltr'><strong>vivos</strong></span> <span class='ocrx_word' id='word_1_443' title='bbox 1637 4271 1737 4325; x_wconf 87' lang='lat' dir='ltr'><strong>bos</strong></span> <span class='ocrx_word' id='word_1_444' title='bbox 1768 4269 1929 4331; x_wconf 83' lang='lat' dir='ltr'><strong>lerat,</strong></span> <span class='ocrx_word' id='word_1_445' title='bbox 1963 4263 2058 4333; x_wconf 91' lang='lat' dir='ltr'><strong>qui</strong></span> 
     </span>
    </p>
   </div>
   <div class='ocr_carea' id='block_1_62' title="bbox 462 4361 2059 4454">
    <p class='ocr_par' dir='ltr' id='par_1_62' title="bbox 462 4361 2059 4454">
     <span class='ocr_line' id='line_1_62' title="bbox 462 4361 2059 4454; baseline -0.019 -13"><span class='ocrx_word' id='word_1_446' title='bbox 462 4385 665 4454; x_wconf 73' lang='lat' dir='ltr'><strong>Sthius</strong></span> <span class='ocrx_word' id='word_1_447' title='bbox 706 4381 1078 4437; x_wconf 86' lang='lat' dir='ltr'><strong>soloecismum</strong></span> <span class='ocrx_word' id='word_1_448' title='bbox 1130 4371 1481 4430; x_wconf 87' lang='lat' dir='ltr'><strong>committunt</strong></span> <span class='ocrx_word' id='word_1_449' title='bbox 1534 4379 1695 4434; x_wconf 90' lang='lat' dir='ltr'><strong>quam</strong></span> <span class='ocrx_word' id='word_1_450' title='bbox 1742 4361 2059 4430; x_wconf 88' lang='lat' dir='ltr'><strong>loquuntur,</strong></span> 
     </span>
    </p>
   </div>
   <div class='ocr_carea' id='block_1_63' title="bbox 464 4447 2060 4538">
    <p class='ocr_par' dir='ltr' id='par_1_63' title="bbox 464 4447 2060 4538">
     <span class='ocr_line' id='line_1_63' title="bbox 464 4447 2060 4538; baseline -0.018 -8"><span class='ocrx_word' id='word_1_451' title='bbox 464 4476 603 4530; x_wconf 87' lang='lat' dir='ltr'><strong>alios</strong></span> <span class='ocrx_word' id='word_1_452' title='bbox 629 4480 1009 4533; x_wconf 86' lang='lat' dir='ltr'><strong>contemnunt,</strong></span> <span class='ocrx_word' id='word_1_453' title='bbox 1035 4473 1299 4538; x_wconf 89' lang='lat' dir='ltr'><strong>quantum</strong></span> <span class='ocrx_word' id='word_1_454' title='bbox 1334 4467 1492 4517; x_wconf 88' lang='lat' dir='ltr'><strong>erant</strong></span> <span class='ocrx_word' id='word_1_455' title='bbox 1523 4455 1622 4526; x_wconf 89' lang='lat' dir='ltr'><strong>ipsi</strong></span> <span class='ocrx_word' id='word_1_456' title='bbox 1656 4447 2060 4514; x_wconf 88' lang='lat' dir='ltr'><strong>contemnendi,</strong></span> 
     </span>
    </p>
   </div>
   <div class='ocr_carea' id='block_1_64' title="bbox 2125 1967 3694 2048">
    <p class='ocr_par' dir='ltr' id='par_1_64' title="bbox 2125 1967 3694 2048">
     <span class='ocr_line' id='line_1_64' title="bbox 2125 1967 3694 2048; baseline -0.006 -19"><span class='ocrx_word' id='word_1_457' title='bbox 2125 1979 2269 2048; x_wconf 82' lang='grc' dir='ltr'><strong>μιμῇ</strong></span> <span class='ocrx_word' id='word_1_458' title='bbox 2322 1974 2704 2048; x_wconf 81' lang='grc' dir='ltr'>[ἀναίσχυντον</span> <span class='ocrx_word' id='word_1_459' title='bbox 2726 1974 2769 2004; x_wconf 71' lang='grc'><strong>⁸⁵</strong></span> <span class='ocrx_word' id='word_1_460' title='bbox 2828 1973 2972 2026; x_wconf 81' lang='grc' dir='ltr'>πάνυ</span> <span class='ocrx_word' id='word_1_461' title='bbox 3006 1970 3196 2024; x_wconf 83' lang='grc' dir='ltr'>τοῦτόν</span> <span class='ocrx_word' id='word_1_462' title='bbox 3259 1967 3445 2039; x_wconf 75' lang='grc' dir='ltr'>φασιν]</span> <span class='ocrx_word' id='word_1_463' title='bbox 3479 1967 3694 2040; x_wconf 84' lang='grc' dir='ltr'>Θρασύ-</span> 
     </span>
    </p>
   </div>
   <div class='ocr_carea' id='block_1_65' title="bbox 2127 2061 3696 2138">
    <p class='ocr_par' dir='ltr' id='par_1_65' title="bbox 2127 2061 3696 2138">
     <span class='ocr_line' id='line_1_65' title="bbox 2127 2061 3696 2138; baseline -0.004 -18"><span class='ocrx_word' id='word_1_464' title='bbox 2127 2084 2302 2138; x_wconf 83' lang='grc' dir='ltr'>μαχον</span> <span class='ocrx_word' id='word_1_465' title='bbox 2332 2067 2423 2119; x_wconf 77' lang='grc' dir='ltr'>τὸν</span> <span class='ocrx_word' id='word_1_466' title='bbox 2455 2063 2802 2118; x_wconf 82' lang='grc' dir='ltr'>οὐδεπώποτε</span> <span class='ocrx_word' id='word_1_467' title='bbox 2825 2064 2867 2095; x_wconf 82' lang='grc'><strong>¹⁶</strong></span> <span class='ocrx_word' id='word_1_468' title='bbox 2924 2063 3345 2132; x_wconf 78' lang='grc' dir='ltr'><strong>ἐρυθριάσαντα,</strong></span> <span class='ocrx_word' id='word_1_469' title='bbox 3398 2061 3696 2130; x_wconf 80' lang='grc' dir='ltr'>θυρωροὺς,</span> 
     </span>
    </p>
   </div>
   <div class='ocr_carea' id='block_1_66' title="bbox 2126 2152 3700 2231">
    <p class='ocr_par' dir='ltr' id='par_1_66' title="bbox 2126 2152 3700 2231">
     <span class='ocr_line' id='line_1_66' title="bbox 2126 2152 3700 2231; baseline -0.004 -19"><span class='ocrx_word' id='word_1_470' title='bbox 2126 2161 2340 2226; x_wconf 86' lang='grc' dir='ltr'>παιδία,</span> <span class='ocrx_word' id='word_1_471' title='bbox 2400 2160 2630 2231; x_wconf 86' lang='grc' dir='ltr'>μυρίους</span> <span class='ocrx_word' id='word_1_472' title='bbox 2660 2161 2726 2212; x_wconf 70' lang='grc'><strong>⁸⁷.</strong></span> <span class='ocrx_word' id='word_1_473' title='bbox 2805 2157 2949 2211; x_wconf 83' lang='grc' dir='ltr'>Ἀλλ’</span> <span class='ocrx_word' id='word_1_474' title='bbox 3004 2152 3161 2227; x_wconf 74' lang='grc' dir='ltr'><strong>οἶμαι</strong></span> <span class='ocrx_word' id='word_1_475' title='bbox 3213 2157 3275 2208; x_wconf 79' lang='grc' dir='ltr'>τὸ</span> <span class='ocrx_word' id='word_1_476' title='bbox 3334 2155 3434 2224; x_wconf 80' lang='grc' dir='ltr'>τῆς</span> <span class='ocrx_word' id='word_1_477' title='bbox 3488 2154 3700 2222; x_wconf 57' lang='lat' dir='ltr'><strong>causam;</strong></span> 
     </span>
    </p>
   </div>
   <div class='ocr_carea' id='block_1_67' title="bbox 2141 2251 3703 2327">
    <p class='ocr_par' dir='ltr' id='par_1_67' title="bbox 2141 2251 3703 2327">
     <span class='ocr_line' id='line_1_67' title="bbox 2141 2251 3703 2327; baseline -0.006 -17"><span class='ocrx_word' id='word_1_478' title='bbox 2141 2256 2459 2327; x_wconf 81' lang='grc' dir='ltr'>Ἑλληνικὸν</span> <span class='ocrx_word' id='word_1_479' title='bbox 2492 2256 2590 2308; x_wconf 72' lang='grc' dir='ltr'>καὶ</span> <span class='ocrx_word' id='word_1_480' title='bbox 2609 2254 2760 2307; x_wconf 73' lang='grc' dir='ltr'>εῦκοὶ</span> <span class='ocrx_word' id='word_1_481' title='bbox 2773 2272 2831 2307; x_wconf 93' lang='grc' dir='ltr'>ον</span> <span class='ocrx_word' id='word_1_482' title='bbox 2862 2255 2956 2307; x_wconf 73' lang='grc' dir='ltr'>καὶ</span> <span class='ocrx_word' id='word_1_483' title='bbox 2986 2252 3176 2323; x_wconf 75' lang='grc' dir='ltr'>εὔχαρι</span> <span class='ocrx_word' id='word_1_484' title='bbox 3209 2251 3306 2306; x_wconf 72' lang='grc' dir='ltr'>καὶ</span> <span class='ocrx_word' id='word_1_485' title='bbox 3341 2251 3582 2303; x_wconf 74' lang='grc' dir='ltr'>ποικίλον</span> <span class='ocrx_word' id='word_1_486' title='bbox 3607 2252 3703 2302; x_wconf 72' lang='grc' dir='ltr'>καὶ</span> 
     </span>
    </p>
   </div>
   <div class='ocr_carea' id='block_1_68' title="bbox 2130 2342 3704 2416">
    <p class='ocr_par' dir='ltr' id='par_1_68' title="bbox 2130 2342 3704 2416">
     <span class='ocr_line' id='line_1_68' title="bbox 2130 2342 3704 2416; baseline -0.006 -15"><span class='ocrx_word' id='word_1_487' title='bbox 2130 2348 2297 2413; x_wconf 85' lang='grc' dir='ltr'>θεῖον,</span> <span class='ocrx_word' id='word_1_488' title='bbox 2329 2348 2413 2416; x_wconf 79' lang='grc' dir='ltr'><strong>ἐφ’</strong></span> <span class='ocrx_word' id='word_1_489' title='bbox 2447 2347 2667 2400; x_wconf 71' lang='grc' dir='ltr'>ἅπαντα</span> <span class='ocrx_word' id='word_1_490' title='bbox 2697 2344 2872 2399; x_wconf 88' lang='grc' dir='ltr'>ταῦτα</span> <span class='ocrx_word' id='word_1_491' title='bbox 2915 2346 3047 2413; x_wconf 84' lang='grc' dir='ltr'>ἀγον</span> <span class='ocrx_word' id='word_1_492' title='bbox 3078 2361 3158 2407; x_wconf 90' lang='grc' dir='ltr'><strong>σε,</strong></span> <span class='ocrx_word' id='word_1_493' title='bbox 3214 2345 3357 2395; x_wconf 85' lang='grc' dir='ltr'>ποιεῖ</span> <span class='ocrx_word' id='word_1_494' title='bbox 3409 2342 3704 2413; x_wconf 84' lang='grc' dir='ltr'>μαρτυρεῖν</span> 
     </span>
    </p>
   </div>
   <div class='ocr_carea' id='block_1_69' title="bbox 2130 2434 3704 2509">
    <p class='ocr_par' dir='ltr' id='par_1_69' title="bbox 2130 2434 3704 2509">
     <span class='ocr_line' id='line_1_69' title="bbox 2130 2434 3704 2509; baseline -0.006 -14"><span class='ocrx_word' id='word_1_495' title='bbox 2130 2443 2213 2495; x_wconf 81' lang='grc' dir='ltr'>ὅτι</span> <span class='ocrx_word' id='word_1_496' title='bbox 2248 2440 2576 2494; x_wconf 72' lang='grc' dir='ltr'>καὶτούτων</span> <span class='ocrx_word' id='word_1_497' title='bbox 2607 2440 2841 2492; x_wconf 77' lang='grc' dir='ltr'>ἑκάστου</span> <span class='ocrx_word' id='word_1_498' title='bbox 2871 2438 3066 2509; x_wconf 82' lang='grc' dir='ltr'>χρῆσίς</span> <span class='ocrx_word' id='word_1_499' title='bbox 3116 2438 3234 2489; x_wconf 75' lang='grc' dir='ltr'>ἐστι</span> <span class='ocrx_word' id='word_1_500' title='bbox 3267 2435 3456 2506; x_wconf 74' lang='grc' dir='ltr'>καιρὸν</span> <span class='ocrx_word' id='word_1_501' title='bbox 3510 2434 3704 2504; x_wconf 74' lang='grc' dir='ltr'>ἔχουσα</span> 
     </span>
    </p>
   </div>
   <div class='ocr_carea' id='block_1_70' title="bbox 2132 2521 3706 2603">
    <p class='ocr_par' dir='ltr' id='par_1_70' title="bbox 2132 2521 3706 2603">
     <span class='ocr_line' id='line_1_70' title="bbox 2132 2521 3706 2603; baseline -0.006 -17"><span class='ocrx_word' id='word_1_502' title='bbox 2132 2534 2227 2587; x_wconf 74' lang='grc' dir='ltr'>καὶ</span> <span class='ocrx_word' id='word_1_503' title='bbox 2251 2533 2412 2603; x_wconf 79' lang='grc' dir='ltr'>χάριν</span> <span class='ocrx_word' id='word_1_504' title='bbox 2449 2531 2684 2602; x_wconf 76' lang='grc' dir='ltr'><strong>ἐμμελῆ.</strong></span> <span class='ocrx_word' id='word_1_505' title='bbox 2722 2525 2855 2583; x_wconf 77' lang='grc' dir='ltr'>Εἶτα</span> <span class='ocrx_word' id='word_1_506' title='bbox 2880 2529 2922 2561; x_wconf 80' lang='grc'><strong>¹⁸</strong></span> <span class='ocrx_word' id='word_1_507' title='bbox 2970 2529 3150 2598; x_wconf 88' lang='grc' dir='ltr'>λέγεις</span> <span class='ocrx_word' id='word_1_508' title='bbox 3194 2529 3276 2581; x_wconf 82' lang='grc' dir='ltr'>ὅτι</span> <span class='ocrx_word' id='word_1_509' title='bbox 3322 2526 3520 2589; x_wconf 80' lang='grc' dir='ltr'>πάντες</span> <span class='ocrx_word' id='word_1_510' title='bbox 3563 2521 3706 2580; x_wconf 72' lang='grc' dir='ltr'>οὗτοι</span> 
     </span>
    </p>
   </div>
   <div class='ocr_carea' id='block_1_71' title="bbox 2131 2612 3705 2692">
    <p class='ocr_par' dir='ltr' id='par_1_71' title="bbox 2131 2612 3705 2692">
     <span class='ocr_line' id='line_1_71' title="bbox 2131 2612 3705 2692; baseline -0.006 -17"><span class='ocrx_word' id='word_1_511' title='bbox 2131 2621 2228 2676; x_wconf 89' lang='grc' dir='ltr'><strong>τοῦ</strong></span> <span class='ocrx_word' id='word_1_512' title='bbox 2257 2625 2298 2654; x_wconf 80' lang='grc'><strong>¹⁹</strong></span> <span class='ocrx_word' id='word_1_513' title='bbox 2321 2622 2460 2690; x_wconf 82' lang='grc' dir='ltr'>πρὸς</span> <span class='ocrx_word' id='word_1_514' title='bbox 2492 2620 2684 2692; x_wconf 79' lang='grc' dir='ltr'>ἡδονὴν</span> <span class='ocrx_word' id='word_1_515' title='bbox 2706 2621 3051 2691; x_wconf 83' lang='grc' dir='ltr'>ὲξήρτηνται.</span> <span class='ocrx_word' id='word_1_516' title='bbox 3104 2617 3336 2686; x_wconf 83' lang='grc' dir='ltr'>Πότερ¹⁶</span> <span class='ocrx_word' id='word_1_517' title='bbox 3359 2612 3451 2668; x_wconf 80' lang='grc' dir='ltr'>οὖν</span> <span class='ocrx_word' id='word_1_518' title='bbox 3485 2633 3544 2668; x_wconf 92' lang='grc' dir='ltr'><strong>σε</strong></span> <span class='ocrx_word' id='word_1_519' title='bbox 3591 2614 3705 2684; x_wconf 83' lang='grc' dir='ltr'><strong>φῶ-</strong></span> 
     </span>
    </p>
   </div>
   <div class='ocr_carea' id='block_1_72' title="bbox 2136 2705 3706 2784">
    <p class='ocr_par' dir='ltr' id='par_1_72' title="bbox 2136 2705 3706 2784">
     <span class='ocr_line' id='line_1_72' title="bbox 2136 2705 3706 2784; baseline -0.006 -19"><span class='ocrx_word' id='word_1_520' title='bbox 2136 2730 2238 2784; x_wconf 89' lang='grc' dir='ltr'>μεν</span> <span class='ocrx_word' id='word_1_521' title='bbox 2269 2710 2489 2764; x_wconf 80' lang='grc' dir='ltr'>ἔλαττον</span> <span class='ocrx_word' id='word_1_522' title='bbox 2523 2708 2617 2762; x_wconf 88' lang='grc' dir='ltr'><strong>τοῦ</strong></span> <span class='ocrx_word' id='word_1_523' title='bbox 2642 2710 2852 2773; x_wconf 78' lang='grc' dir='ltr'>δέοντος</span> <span class='ocrx_word' id='word_1_524' title='bbox 2883 2707 3119 2776; x_wconf 87' lang='grc' dir='ltr'>λέγεινῆ</span> <span class='ocrx_word' id='word_1_525' title='bbox 3152 2708 3346 2772; x_wconf 79' lang='grc' dir='ltr'>πλέον;</span> <span class='ocrx_word' id='word_1_526' title='bbox 3371 2707 3450 2759; x_wconf 75' lang='grc' dir='ltr'>ὅτι</span> <span class='ocrx_word' id='word_1_527' title='bbox 3475 2706 3570 2775; x_wconf 84' lang='grc' dir='ltr'><strong>μὲν</strong></span> <span class='ocrx_word' id='word_1_528' title='bbox 3599 2705 3706 2776; x_wconf 74' lang='grc' dir='ltr'><strong>γὰρ</strong></span> 
     </span>
    </p>
   </div>
   <div class='ocr_carea' id='block_1_73' title="bbox 2135 2797 3708 2874">
    <p class='ocr_par' dir='ltr' id='par_1_73' title="bbox 2135 2797 3708 2874">
     <span class='ocr_line' id='line_1_73' title="bbox 2135 2797 3708 2874; baseline -0.006 -16"><span class='ocrx_word' id='word_1_529' title='bbox 2135 2805 2230 2858; x_wconf 72' lang='grc' dir='ltr'>καὶ</span> <span class='ocrx_word' id='word_1_530' title='bbox 2266 2804 2360 2858; x_wconf 87' lang='grc' dir='ltr'><strong>τοῦ</strong></span> <span class='ocrx_word' id='word_1_531' title='bbox 2391 2803 2528 2874; x_wconf 84' lang='grc' dir='ltr'>πρὸς</span> <span class='ocrx_word' id='word_1_532' title='bbox 2553 2801 2751 2874; x_wconf 83' lang='grc' dir='ltr'>ήδονὴν</span> <span class='ocrx_word' id='word_1_533' title='bbox 2772 2800 3148 2873; x_wconf 76' lang='grc' dir='ltr'>φροντίζουσιν</span> <span class='ocrx_word' id='word_1_534' title='bbox 3167 2801 3214 2854; x_wconf 85' lang='grc' dir='ltr'><strong>οί</strong></span> <span class='ocrx_word' id='word_1_535' title='bbox 3241 2800 3482 2870; x_wconf 77' lang='grc' dir='ltr'>ποιηταὶ.</span> <span class='ocrx_word' id='word_1_536' title='bbox 3515 2797 3708 2867; x_wconf 82' lang='grc' dir='ltr'>ὁμολο-</span> 
     </span>
    </p>
   </div>
   <div class='ocr_carea' id='block_1_74' title="bbox 2135 2888 3707 2965">
    <p class='ocr_par' dir='ltr' id='par_1_74' title="bbox 2135 2888 3707 2965">
     <span class='ocr_line' id='line_1_74' title="bbox 2135 2888 3707 2965; baseline -0.005 -17"><span class='ocrx_word' id='word_1_537' title='bbox 2135 2899 2315 2965; x_wconf 88' lang='grc' dir='ltr'>γεῖται</span> <span class='ocrx_word' id='word_1_538' title='bbox 2351 2911 2364 2924; x_wconf 92' lang='grc'><strong>·</strong></span> <span class='ocrx_word' id='word_1_539' title='bbox 2417 2893 2550 2947; x_wconf 86' lang='grc' dir='ltr'>ὥσθ’</span> <span class='ocrx_word' id='word_1_540' title='bbox 2597 2894 2722 2947; x_wconf 84' lang='grc' dir='ltr'>ὅσον</span> <span class='ocrx_word' id='word_1_541' title='bbox 2770 2892 3088 2964; x_wconf 88' lang='grc' dir='ltr'>προσθεῖναι</span> <span class='ocrx_word' id='word_1_542' title='bbox 3148 2891 3422 2961; x_wconf 85' lang='grc' dir='ltr'>προσῆκεν</span> <span class='ocrx_word' id='word_1_543' title='bbox 3440 2890 3510 2956; x_wconf 83' lang='lat'><strong>“,</strong></span> <span class='ocrx_word' id='word_1_544' title='bbox 3565 2888 3707 2942; x_wconf 81' lang='grc' dir='ltr'>τοῦτ’</span> 
     </span>
    </p>
   </div>
   <div class='ocr_carea' id='block_1_75' title="bbox 2136 2982 3712 3058">
    <p class='ocr_par' dir='ltr' id='par_1_75' title="bbox 2136 2982 3712 3058">
     <span class='ocr_line' id='line_1_75' title="bbox 2136 2982 3712 3058; baseline -0.006 -15"><span class='ocrx_word' id='word_1_545' title='bbox 2136 2988 2354 3058; x_wconf 84' lang='grc' dir='ltr'>ἀφελὼν</span> <span class='ocrx_word' id='word_1_546' title='bbox 2380 2987 2602 3041; x_wconf 74' lang='grc' dir='ltr'>ἔλαττον</span> <span class='ocrx_word' id='word_1_547' title='bbox 2636 2986 2787 3058; x_wconf 87' lang='grc' dir='ltr'><strong>παρά</strong></span> <span class='ocrx_word' id='word_1_548' title='bbox 2814 2985 2955 3040; x_wconf 83' lang='grc' dir='ltr'>τοῦτ’</span> <span class='ocrx_word' id='word_1_549' title='bbox 2986 2985 3236 3054; x_wconf 72' lang='grc' dir='ltr'>εἴρηκας.</span> <span class='ocrx_word' id='word_1_550' title='bbox 3269 2985 3389 3036; x_wconf 83' lang='grc' dir='ltr'>Ὀτι</span> <span class='ocrx_word' id='word_1_551' title='bbox 3425 2982 3482 3035; x_wconf 83' lang='grc' dir='ltr'>δὲ</span> <span class='ocrx_word' id='word_1_552' title='bbox 3529 2982 3712 3044; x_wconf 83' lang='grc' dir='ltr'>αὑτοῖς</span> 
     </span>
    </p>
   </div>
   <div class='ocr_carea' id='block_1_76' title="bbox 2137 3074 3713 3150">
    <p class='ocr_par' dir='ltr' id='par_1_76' title="bbox 2137 3074 3713 3150">
     <span class='ocr_line' id='line_1_76' title="bbox 2137 3074 3713 3150; baseline -0.006 -15"><span class='ocrx_word' id='word_1_553' title='bbox 2137 3080 2434 3136; x_wconf 80' lang='grc' dir='ltr'>κολακείαν</span> <span class='ocrx_word' id='word_1_554' title='bbox 2471 3078 2823 3150; x_wconf 77' lang='grc' dir='ltr'>ὲπενηνόχεις</span> <span class='ocrx_word' id='word_1_555' title='bbox 2858 3079 2922 3131; x_wconf 82' lang='grc' dir='ltr'>ὲκ</span> <span class='ocrx_word' id='word_1_556' title='bbox 2972 3077 3163 3130; x_wconf 88' lang='grc' dir='ltr'>τούτου</span> <span class='ocrx_word' id='word_1_557' title='bbox 3189 3078 3260 3140; x_wconf 75' lang='grc'><strong>’⁸,</strong></span> <span class='ocrx_word' id='word_1_558' title='bbox 3315 3076 3432 3139; x_wconf 85' lang='grc' dir='ltr'>πῶς</span> <span class='ocrx_word' id='word_1_559' title='bbox 3470 3075 3567 3127; x_wconf 81' lang='grc' dir='ltr'>οὐκ</span> <span class='ocrx_word' id='word_1_560' title='bbox 3609 3074 3713 3140; x_wconf 74' lang='grc' dir='ltr'>ἔξω</span> 
     </span>
    </p>
   </div>
   <div class='ocr_carea' id='block_1_77' title="bbox 2139 3162 3712 3241">
    <p class='ocr_par' dir='ltr' id='par_1_77' title="bbox 2139 3162 3712 3241">
     <span class='ocr_line' id='line_1_77' title="bbox 2139 3162 3712 3241; baseline -0.006 -16"><span class='ocrx_word' id='word_1_561' title='bbox 2139 3173 2234 3226; x_wconf 89' lang='grc' dir='ltr'><strong>τοῦ</strong></span> <span class='ocrx_word' id='word_1_562' title='bbox 2267 3173 2477 3235; x_wconf 84' lang='grc' dir='ltr'>δέοντος</span> <span class='ocrx_word' id='word_1_563' title='bbox 2503 3171 2756 3241; x_wconf 77' lang='grc' dir='ltr'>εἴρηκας,</span> <span class='ocrx_word' id='word_1_564' title='bbox 2791 3169 2824 3240; x_wconf 77' lang='grc' dir='ltr'>ἢ</span> <span class='ocrx_word' id='word_1_565' title='bbox 2853 3169 2967 3232; x_wconf 84' lang='grc' dir='ltr'><strong>πῶς</strong></span> <span class='ocrx_word' id='word_1_566' title='bbox 2989 3171 3046 3222; x_wconf 88' lang='grc' dir='ltr'>ού</span> <span class='ocrx_word' id='word_1_567' title='bbox 3078 3166 3249 3238; x_wconf 82' lang='grc' dir='ltr'>ταύτῃ</span> <span class='ocrx_word' id='word_1_568' title='bbox 3301 3168 3459 3219; x_wconf 90' lang='grc' dir='ltr'>πλέον</span> <span class='ocrx_word' id='word_1_569' title='bbox 3506 3162 3570 3220; x_wconf 78' lang='grc' dir='ltr'>αὗ</span> <span class='ocrx_word' id='word_1_570' title='bbox 3621 3164 3712 3218; x_wconf 88' lang='grc' dir='ltr'><strong>τοῦ</strong></span> 
     </span>
    </p>
   </div>
   <div class='ocr_carea' id='block_1_78' title="bbox 2140 3252 3712 3336">
    <p class='ocr_par' dir='ltr' id='par_1_78' title="bbox 2140 3252 3712 3336">
     <span class='ocr_line' id='line_1_78' title="bbox 2140 3252 3712 3336; baseline -0.008 -15"><span class='ocrx_word' id='word_1_571' title='bbox 2140 3267 2350 3329; x_wconf 87' lang='grc' dir='ltr'>δέοντός</span> <span class='ocrx_word' id='word_1_572' title='bbox 2379 3267 2528 3319; x_wconf 74' lang='grc' dir='ltr'>ἐστιν</span> <span class='ocrx_word' id='word_1_573' title='bbox 2556 3264 2693 3336; x_wconf 78' lang='grc' dir='ltr'>έχων</span> <span class='ocrx_word' id='word_1_574' title='bbox 2714 3265 2742 3317; x_wconf 84' lang='grc' dir='ltr'><strong>ὁ</strong></span> <span class='ocrx_word' id='word_1_575' title='bbox 2767 3263 2957 3332; x_wconf 83' lang='grc' dir='ltr'>λόγος;</span> <span class='ocrx_word' id='word_1_576' title='bbox 2995 3261 3153 3330; x_wconf 81' lang='grc' dir='ltr'>Ἑξῆν</span> <span class='ocrx_word' id='word_1_577' title='bbox 3175 3261 3219 3290; x_wconf 79' lang='grc'>³³</span> <span class='ocrx_word' id='word_1_578' title='bbox 3248 3261 3376 3330; x_wconf 83' lang='grc' dir='ltr'>γὰρ,</span> <span class='ocrx_word' id='word_1_579' title='bbox 3405 3252 3449 3313; x_wconf 84' lang='grc' dir='ltr'><strong>ὧ</strong></span> <span class='ocrx_word' id='word_1_580' title='bbox 3481 3260 3712 3327; x_wconf 85' lang='grc' dir='ltr'>γενναῖε,</span> 
     </span>
    </p>
   </div>
   <div class='ocr_carea' id='block_1_79' title="bbox 2142 3350 3718 3424">
    <p class='ocr_par' dir='ltr' id='par_1_79' title="bbox 2142 3350 3718 3424">
     <span class='ocr_line' id='line_1_79' title="bbox 2142 3350 3718 3424; baseline -0.009 -11"><span class='ocrx_word' id='word_1_581' title='bbox 2142 3361 2240 3413; x_wconf 74' lang='grc' dir='ltr'>καὶ</span> <span class='ocrx_word' id='word_1_582' title='bbox 2265 3359 2393 3420; x_wconf 79' lang='grc' dir='ltr'>τοὺς</span> <span class='ocrx_word' id='word_1_583' title='bbox 2424 3358 2580 3420; x_wconf 81' lang='grc' dir='ltr'>νέους</span> <span class='ocrx_word' id='word_1_584' title='bbox 2611 3356 2858 3415; x_wconf 81' lang='grc' dir='ltr'>δικαίους</span> <span class='ocrx_word' id='word_1_585' title='bbox 2895 3350 3037 3408; x_wconf 82' lang='grc' dir='ltr'>εἶναι</span> <span class='ocrx_word' id='word_1_586' title='bbox 3089 3353 3418 3424; x_wconf 82' lang='grc' dir='ltr'>προτρέπειν</span> <span class='ocrx_word' id='word_1_587' title='bbox 3467 3351 3561 3404; x_wconf 70' lang='grc' dir='ltr'><strong>καὶ</strong></span> <span class='ocrx_word' id='word_1_588' title='bbox 3603 3351 3718 3412; x_wconf 81' lang='grc' dir='ltr'>τοῖς</span> 
     </span>
    </p>
   </div>
   <div class='ocr_carea' id='block_1_80' title="bbox 2144 3437 3714 3518">
    <p class='ocr_par' dir='ltr' id='par_1_80' title="bbox 2144 3437 3714 3518">
     <span class='ocr_line' id='line_1_80' title="bbox 2144 3437 3714 3518; baseline -0.007 -18"><span class='ocrx_word' id='word_1_589' title='bbox 2144 3446 2542 3518; x_wconf 80' lang='grc' dir='ltr'>πρεσϐυτέροις</span> <span class='ocrx_word' id='word_1_590' title='bbox 2581 3445 2650 3498; x_wconf 83' lang='grc' dir='ltr'>τὰ</span> <span class='ocrx_word' id='word_1_591' title='bbox 2695 3444 2982 3516; x_wconf 77' lang='grc' dir='ltr'>πρέποντα</span> <span class='ocrx_word' id='word_1_592' title='bbox 3009 3441 3319 3495; x_wconf 87' lang='grc' dir='ltr'>ἀποδοῦναι,</span> <span class='ocrx_word' id='word_1_593' title='bbox 3371 3441 3481 3494; x_wconf 78' lang='grc' dir='ltr'><strong>Καὶ</strong></span> <span class='ocrx_word' id='word_1_594' title='bbox 3526 3437 3636 3508; x_wconf 82' lang='grc' dir='ltr'>γὰρ</span> <span class='ocrx_word' id='word_1_595' title='bbox 3665 3437 3714 3490; x_wconf 88' lang='grc' dir='ltr'><strong>εί</strong></span> 
     </span>
    </p>
   </div>
   <div class='ocr_carea' id='block_1_81' title="bbox 2149 3526 3718 3606">
    <p class='ocr_par' dir='ltr' id='par_1_81' title="bbox 2149 3526 3718 3606">
     <span class='ocr_line' id='line_1_81' title="bbox 2149 3526 3718 3606; baseline -0.007 -18"><span class='ocrx_word' id='word_1_596' title='bbox 2149 3535 2316 3606; x_wconf 79' lang='grc' dir='ltr'>μηδὲν</span> <span class='ocrx_word' id='word_1_597' title='bbox 2336 3535 2557 3604; x_wconf 84' lang='grc' dir='ltr'>είχομεν</span> <span class='ocrx_word' id='word_1_598' title='bbox 2577 3534 2825 3587; x_wconf 77' lang='grc' dir='ltr'>ἐπαινεῖν</span> <span class='ocrx_word' id='word_1_599' title='bbox 2856 3530 3071 3595; x_wconf 82' lang='grc' dir='ltr'>αὐτοὺς,</span> <span class='ocrx_word' id='word_1_600' title='bbox 3106 3528 3224 3582; x_wconf 81' lang='grc' dir='ltr'>ἀλλ’</span> <span class='ocrx_word' id='word_1_601' title='bbox 3261 3528 3388 3597; x_wconf 80' lang='grc' dir='ltr'><strong>ἐξῆν</strong></span> <span class='ocrx_word' id='word_1_602' title='bbox 3437 3543 3501 3595; x_wconf 89' lang='grc' dir='ltr'><strong>γε</strong></span> <span class='ocrx_word' id='word_1_603' title='bbox 3549 3526 3718 3595; x_wconf 77' lang='grc' dir='ltr'>δήπου</span> 
     </span>
    </p>
   </div>
   <div class='ocr_carea' id='block_1_82' title="bbox 2150 3611 3718 3695">
    <p class='ocr_par' dir='ltr' id='par_1_82' title="bbox 2150 3611 3718 3695">
     <span class='ocr_line' id='line_1_82' title="bbox 2150 3611 3718 3695; baseline -0.007 -17"><span class='ocrx_word' id='word_1_604' title='bbox 2150 3626 2328 3695; x_wconf 76' lang='grc' dir='ltr'>σιωπῇ</span> <span class='ocrx_word' id='word_1_605' title='bbox 2347 3621 2660 3694; x_wconf 85' lang='grc' dir='ltr'>παρελθεῖν,</span> <span class='ocrx_word' id='word_1_606' title='bbox 2676 3620 2772 3675; x_wconf 76' lang='grc' dir='ltr'>καὶ</span> <span class='ocrx_word' id='word_1_607' title='bbox 2794 3621 2896 3674; x_wconf 85' lang='grc' dir='ltr'><strong>οὑκ</strong></span> <span class='ocrx_word' id='word_1_608' title='bbox 2911 3619 3135 3690; x_wconf 73' lang='grc' dir='ltr'>ἔμελλες</span> <span class='ocrx_word' id='word_1_609' title='bbox 3160 3617 3415 3687; x_wconf 82' lang='grc' dir='ltr'>ὀφλήσειν</span> <span class='ocrx_word' id='word_1_610' title='bbox 3446 3615 3609 3688; x_wconf 72' lang='grc'><strong>[1312</strong></span> <span class='ocrx_word' id='word_1_611' title='bbox 3628 3611 3718 3684; x_wconf 75' lang='lat'><strong>8.]</strong></span> 
     </span>
    </p>
   </div>
   <div class='ocr_carea' id='block_1_83' title="bbox 2150 3705 3720 3784">
    <p class='ocr_par' dir='ltr' id='par_1_83' title="bbox 2150 3705 3720 3784">
     <span class='ocr_line' id='line_1_83' title="bbox 2150 3705 3720 3784; baseline -0.008 -15"><span class='ocrx_word' id='word_1_612' title='bbox 2150 3715 2398 3784; x_wconf 88' lang='grc' dir='ltr'>ἀλογίου.</span> <span class='ocrx_word' id='word_1_613' title='bbox 2430 3712 2597 3767; x_wconf 82' lang='grc' dir='ltr'>Ἀλλὰ</span> <span class='ocrx_word' id='word_1_614' title='bbox 2622 3712 2731 3784; x_wconf 86' lang='grc' dir='ltr'>γὰρ</span> <span class='ocrx_word' id='word_1_615' title='bbox 2761 3711 2862 3783; x_wconf 81' lang='grc' dir='ltr'><strong>οὐχ</strong></span> <span class='ocrx_word' id='word_1_616' title='bbox 2894 3710 2976 3764; x_wconf 86' lang='grc' dir='ltr'>ὃτι</span> <span class='ocrx_word' id='word_1_617' title='bbox 2996 3711 3042 3742; x_wconf 74' lang='grc'><strong>’⁸</strong></span> <span class='ocrx_word' id='word_1_618' title='bbox 3064 3710 3287 3764; x_wconf 82' lang='grc' dir='ltr'>Πλάτων</span> <span class='ocrx_word' id='word_1_619' title='bbox 3325 3711 3354 3762; x_wconf 86' lang='grc' dir='ltr'>ὁ</span> <span class='ocrx_word' id='word_1_620' title='bbox 3383 3708 3492 3760; x_wconf 84' lang='grc' dir='ltr'><strong>τῶν</strong></span> <span class='ocrx_word' id='word_1_621' title='bbox 3536 3705 3720 3774; x_wconf 73' lang='grc' dir='ltr'>Ἐλλήο</span> 
     </span>
    </p>
   </div>
   <div class='ocr_carea' id='block_1_84' title="bbox 2152 3796 3721 3874">
    <p class='ocr_par' dir='ltr' id='par_1_84' title="bbox 2152 3796 3721 3874">
     <span class='ocr_line' id='line_1_84' title="bbox 2152 3796 3721 3874; baseline -0.008 -14"><span class='ocrx_word' id='word_1_622' title='bbox 2152 3823 2261 3860; x_wconf 91' lang='grc' dir='ltr'><strong>νων</strong></span> <span class='ocrx_word' id='word_1_623' title='bbox 2290 3804 2547 3858; x_wconf 91' lang='grc' dir='ltr'>τοσοῦτον</span> <span class='ocrx_word' id='word_1_624' title='bbox 2566 3803 2894 3874; x_wconf 80' lang='grc' dir='ltr'>ὑπερφέρων</span> <span class='ocrx_word' id='word_1_625' title='bbox 2950 3803 3043 3855; x_wconf 76' lang='grc' dir='ltr'>καὶ</span> <span class='ocrx_word' id='word_1_626' title='bbox 3070 3800 3292 3862; x_wconf 84' lang='grc' dir='ltr'>δικαίως</span> <span class='ocrx_word' id='word_1_627' title='bbox 3343 3799 3599 3869; x_wconf 85' lang='grc' dir='ltr'>μέγιστον</span> <span class='ocrx_word' id='word_1_628' title='bbox 3640 3796 3721 3864; x_wconf 71' lang='grc' dir='ltr'><strong>ἐφ’</strong></span> 
     </span>
    </p>
   </div>
   <div class='ocr_carea' id='block_1_85' title="bbox 2154 3886 3724 3966">
    <p class='ocr_par' dir='ltr' id='par_1_85' title="bbox 2154 3886 3724 3966">
     <span class='ocr_line' id='line_1_85' title="bbox 2154 3886 3724 3966; baseline -0.006 -18"><span class='ocrx_word' id='word_1_629' title='bbox 2154 3894 2335 3966; x_wconf 77' lang='grc' dir='ltr'>ἑαυτῷ</span> <span class='ocrx_word' id='word_1_630' title='bbox 2369 3895 2583 3966; x_wconf 84' lang='grc' dir='ltr'>φρονῶν</span> <span class='ocrx_word' id='word_1_631' title='bbox 2609 3892 2990 3964; x_wconf 83' lang='grc' dir='ltr'>κατηγορῆσαί</span> <span class='ocrx_word' id='word_1_632' title='bbox 3027 3908 3190 3945; x_wconf 88' lang='grc' dir='ltr'>τινων</span> <span class='ocrx_word' id='word_1_633' title='bbox 3239 3890 3439 3960; x_wconf 74' lang='grc' dir='ltr'>ἠξίωσε</span> <span class='ocrx_word' id='word_1_634' title='bbox 3506 3886 3724 3959; x_wconf 78' lang='grc' dir='ltr'>μεγέθει</span> 
     </span>
    </p>
   </div>
   <div class='ocr_carea' id='block_1_86' title="bbox 2153 3978 3727 4057">
    <p class='ocr_par' dir='ltr' id='par_1_86' title="bbox 2153 3978 3727 4057">
     <span class='ocr_line' id='line_1_86' title="bbox 2153 3978 3727 4057; baseline -0.007 -17"><span class='ocrx_word' id='word_1_635' title='bbox 2153 3989 2264 4043; x_wconf 73' lang='grc' dir='ltr'>τινὶ</span> <span class='ocrx_word' id='word_1_636' title='bbox 2290 3987 2386 4041; x_wconf 56' lang='grc' dir='ltr'><strong>καὶ⁵</strong></span> <span class='ocrx_word' id='word_1_637' title='bbox 2413 3985 2631 4057; x_wconf 73' lang='grc' dir='ltr'>ἐξουσίᾳ</span> <span class='ocrx_word' id='word_1_638' title='bbox 2664 3987 2898 4054; x_wconf 85' lang='grc' dir='ltr'>φύσεως,</span> <span class='ocrx_word' id='word_1_639' title='bbox 2932 3982 3091 4036; x_wconf 93' lang='grc' dir='ltr'>τοῦτο</span> <span class='ocrx_word' id='word_1_640' title='bbox 3118 3982 3215 4035; x_wconf 74' lang='lat' dir='ltr'><strong>xal.</strong></span> <span class='ocrx_word' id='word_1_641' title='bbox 3249 3978 3465 4051; x_wconf 83' lang='grc' dir='ltr'>μάλιστ’</span> <span class='ocrx_word' id='word_1_642' title='bbox 3493 3980 3558 4032; x_wconf 86' lang='grc' dir='ltr'><strong>ἀν</strong></span> <span class='ocrx_word' id='word_1_643' title='bbox 3577 3979 3624 4009; x_wconf 74' lang='grc'><strong>’⁵</strong></span> <span class='ocrx_word' id='word_1_644' title='bbox 3645 3993 3727 4038; x_wconf 86' lang='grc' dir='ltr'><strong>τις</strong></span> 
     </span>
    </p>
   </div>
   <div class='ocr_carea' id='block_1_87' title="bbox 2159 4070 3727 4148">
    <p class='ocr_par' dir='ltr' id='par_1_87' title="bbox 2159 4070 3727 4148">
     <span class='ocr_line' id='line_1_87' title="bbox 2159 4070 3727 4148; baseline -0.009 -14"><span class='ocrx_word' id='word_1_645' title='bbox 2159 4079 2618 4148; x_wconf 84' lang='grc' dir='ltr'>ἀγανακτήσειεν,</span> <span class='ocrx_word' id='word_1_646' title='bbox 2648 4077 2764 4133; x_wconf 84' lang='grc' dir='ltr'>ἀλλ’</span> <span class='ocrx_word' id='word_1_647' title='bbox 2797 4076 2879 4130; x_wconf 83' lang='grc' dir='ltr'>ὅτι</span> <span class='ocrx_word' id='word_1_648' title='bbox 2915 4077 3011 4129; x_wconf 71' lang='grc' dir='ltr'>καὶ</span> <span class='ocrx_word' id='word_1_649' title='bbox 3031 4075 3139 4128; x_wconf 82' lang='grc' dir='ltr'><strong>τῶν</strong></span> <span class='ocrx_word' id='word_1_650' title='bbox 3169 4073 3362 4144; x_wconf 81' lang='grc' dir='ltr'>κομιδῇ</span> <span class='ocrx_word' id='word_1_651' title='bbox 3406 4087 3554 4133; x_wconf 89' lang='grc' dir='ltr'>τινες</span> <span class='ocrx_word' id='word_1_652' title='bbox 3580 4070 3727 4122; x_wconf 76' lang='grc' dir='ltr'>οὐδε-</span> 
     </span>
    </p>
   </div>
   <div class='ocr_carea' id='block_1_88' title="bbox 2158 4160 3732 4238">
    <p class='ocr_par' dir='ltr' id='par_1_88' title="bbox 2158 4160 3732 4238">
     <span class='ocr_line' id='line_1_88' title="bbox 2158 4160 3732 4238; baseline -0.01 -14"><span class='ocrx_word' id='word_1_653' title='bbox 2158 4171 2250 4234; x_wconf 77' lang='grc' dir='ltr'>νὸς</span> <span class='ocrx_word' id='word_1_654' title='bbox 2280 4169 2450 4233; x_wconf 80' lang='grc' dir='ltr'>ἀξίων</span> <span class='ocrx_word' id='word_1_655' title='bbox 2471 4169 2516 4202; x_wconf 79' lang='grc'>³⁸</span> <span class='ocrx_word' id='word_1_656' title='bbox 2577 4168 2798 4238; x_wconf 78' lang='grc' dir='ltr'>ἀφορμῇ</span> <span class='ocrx_word' id='word_1_657' title='bbox 2831 4166 3003 4238; x_wconf 79' lang='grc' dir='ltr'>ταύτῃ</span> <span class='ocrx_word' id='word_1_658' title='bbox 3041 4164 3312 4236; x_wconf 85' lang='grc' dir='ltr'>χρώμενοι</span> <span class='ocrx_word' id='word_1_659' title='bbox 3353 4161 3585 4234; x_wconf 72' lang='grc' dir='ltr'>μελέτην</span> <span class='ocrx_word' id='word_1_660' title='bbox 3617 4160 3732 4229; x_wconf 38' lang='grc' dir='ltr'>Λήδη</span> 
     </span>
    </p>
   </div>
   <div class='ocr_carea' id='block_1_89' title="bbox 2159 4253 3733 4333">
    <p class='ocr_par' dir='ltr' id='par_1_89' title="bbox 2159 4253 3733 4333">
     <span class='ocr_line' id='line_1_89' title="bbox 2159 4253 3733 4333; baseline -0.009 -16"><span class='ocrx_word' id='word_1_661' title='bbox 2159 4263 2222 4317; x_wconf 80' lang='grc' dir='ltr'>τὸ</span> <span class='ocrx_word' id='word_1_662' title='bbox 2249 4263 2485 4333; x_wconf 82' lang='grc' dir='ltr'>πρᾶγμα</span> <span class='ocrx_word' id='word_1_663' title='bbox 2514 4261 2862 4330; x_wconf 83' lang='grc' dir='ltr'>πεποίηνται,</span> <span class='ocrx_word' id='word_1_664' title='bbox 2895 4259 2990 4312; x_wconf 76' lang='grc' dir='ltr'>καὶ</span> <span class='ocrx_word' id='word_1_665' title='bbox 3043 4255 3283 4326; x_wconf 84' lang='grc' dir='ltr'>τολμῶσι</span> <span class='ocrx_word' id='word_1_666' title='bbox 3310 4256 3401 4307; x_wconf 73' lang='grc' dir='ltr'>καὶ</span> <span class='ocrx_word' id='word_1_667' title='bbox 3446 4253 3576 4322; x_wconf 74' lang='grc' dir='ltr'>περὶ</span> <span class='ocrx_word' id='word_1_668' title='bbox 3629 4255 3733 4320; x_wconf 74' lang='lat' dir='ltr'><strong>Aq-</strong></span> 
     </span>
    </p>
   </div>
   <div class='ocr_carea' id='block_1_90' title="bbox 2167 4343 3732 4427">
    <p class='ocr_par' dir='ltr' id='par_1_90' title="bbox 2167 4343 3732 4427">
     <span class='ocr_line' id='line_1_90' title="bbox 2167 4343 3732 4427; baseline -0.009 -19"><span class='ocrx_word' id='word_1_669' title='bbox 2167 4355 2466 4427; x_wconf 87' lang='grc' dir='ltr'>μοσθένους</span> <span class='ocrx_word' id='word_1_670' title='bbox 2508 4353 2589 4424; x_wconf 85' lang='grc' dir='ltr'><strong>(ὃν</strong></span> <span class='ocrx_word' id='word_1_671' title='bbox 2641 4351 2753 4422; x_wconf 78' lang='grc' dir='ltr'><strong>ἐγὼ</strong></span> <span class='ocrx_word' id='word_1_672' title='bbox 2788 4352 2952 4422; x_wconf 81' lang='grc' dir='ltr'>φαίην</span> <span class='ocrx_word' id='word_1_673' title='bbox 2987 4350 3053 4405; x_wconf 71' lang='grc' dir='ltr'>ἂν</span> <span class='ocrx_word' id='word_1_674' title='bbox 3109 4347 3310 4418; x_wconf 83' lang='grc' dir='ltr'>Ἑρμοῦ</span> <span class='ocrx_word' id='word_1_675' title='bbox 3368 4347 3511 4409; x_wconf 83' lang='grc' dir='ltr'>τινὸς</span> <span class='ocrx_word' id='word_1_676' title='bbox 3557 4343 3732 4412; x_wconf 78' lang='grc' dir='ltr'>λογίου</span> 
     </span>
    </p>
   </div>
   <div class='ocr_carea' id='block_1_91' title="bbox 2163 4437 3735 4516">
    <p class='ocr_par' dir='ltr' id='par_1_91' title="bbox 2163 4437 3735 4516">
     <span class='ocr_line' id='line_1_91' title="bbox 2163 4437 3735 4516; baseline -0.009 -17"><span class='ocrx_word' id='word_1_677' title='bbox 2163 4445 2336 4501; x_wconf 83' lang='grc' dir='ltr'>τύπον</span> <span class='ocrx_word' id='word_1_678' title='bbox 2389 4447 2469 4509; x_wconf 80' lang='grc' dir='ltr'>εἰς</span> <span class='ocrx_word' id='word_1_679' title='bbox 2528 4445 2849 4516; x_wconf 85' lang='grc' dir='ltr'>ἀνθρώπους</span> <span class='ocrx_word' id='word_1_680' title='bbox 2901 4441 3200 4510; x_wconf 83' lang='grc' dir='ltr'>κατελθεῖν)</span> <span class='ocrx_word' id='word_1_681' title='bbox 3251 4441 3278 4492; x_wconf 84' lang='grc' dir='ltr'><strong>ὅ</strong></span> <span class='ocrx_word' id='word_1_682' title='bbox 3313 4456 3367 4491; x_wconf 89' lang='grc' dir='ltr'><strong>τι</strong></span> <span class='ocrx_word' id='word_1_683' title='bbox 3423 4438 3498 4495; x_wconf 74' lang='grc' dir='ltr'>ἂν,</span> <span class='ocrx_word' id='word_1_684' title='bbox 3537 4437 3735 4505; x_wconf 70' lang='grc' dir='ltr'>τύχωσι</span> 
     </span>
    </p>
   </div>
   <div class='ocr_carea' id='block_1_92' title="bbox 468 4528 2029 4630">
    <p class='ocr_par' dir='ltr' id='par_1_92' title="bbox 468 4539 2029 4630">
     <span class='ocr_line' id='line_1_92' title="bbox 468 4539 2029 4630; baseline -0.02 -8"><span class='ocrx_word' id='word_1_685' title='bbox 468 4567 526 4622; x_wconf 92' lang='lat' dir='ltr'><strong>in</strong></span> <span class='ocrx_word' id='word_1_686' title='bbox 578 4575 806 4620; x_wconf 66' lang='lat' dir='ltr'><strong>caeteros</strong></span> <span class='ocrx_word' id='word_1_687' title='bbox 861 4560 1185 4630; x_wconf 90' lang='lat' dir='ltr'><strong>anquirunt,</strong></span> <span class='ocrx_word' id='word_1_688' title='bbox 1230 4553 1286 4608; x_wconf 88' lang='lat' dir='ltr'><strong>in</strong></span> <span class='ocrx_word' id='word_1_689' title='bbox 1336 4565 1395 4606; x_wconf 91' lang='lat' dir='ltr'><strong>se</strong></span> <span class='ocrx_word' id='word_1_690' title='bbox 1440 4558 1750 4614; x_wconf 81' lang='lat' dir='ltr'><strong>nunquam;</strong></span> <span class='ocrx_word' id='word_1_691' title='bbox 1806 4539 2029 4594; x_wconf 84' lang='lat' dir='ltr'><strong>virtutcr</strong></span> 
     </span>
    </p>
   </div>
   <div class='ocr_carea' id='block_1_93' title="bbox 2132 4528 3736 4630">
    <p class='ocr_par' dir='ltr' id='par_1_93' title="bbox 2132 4528 3736 4617">
     <span class='ocr_line' id='line_1_93' title="bbox 2132 4528 3736 4617; baseline -0.013 -24"><span class='ocrx_word' id='word_1_692' title='bbox 2132 4580 2141 4617; x_wconf 62' lang='grc'><em>,</em></span> <span class='ocrx_word' id='word_1_693' title='bbox 2171 4539 2534 4612; x_wconf 79' lang='grc' dir='ltr'>βλασφημεῖν.</span> <span class='ocrx_word' id='word_1_694' title='bbox 2562 4537 2756 4590; x_wconf 84' lang='grc' dir='ltr'>Καίτοι</span> <span class='ocrx_word' id='word_1_695' title='bbox 2783 4537 2869 4599; x_wconf 87' lang='grc' dir='ltr'><strong>τίς</strong></span> <span class='ocrx_word' id='word_1_696' title='bbox 2894 4535 2958 4588; x_wconf 85' lang='grc' dir='ltr'>ἂν</span> <span class='ocrx_word' id='word_1_697' title='bbox 2994 4534 3069 4595; x_wconf 75' lang='grc' dir='ltr'><strong>είς</strong></span> <span class='ocrx_word' id='word_1_698' title='bbox 3096 4531 3302 4597; x_wconf 75' lang='grc' dir='ltr'>ζῶντας</span> <span class='ocrx_word' id='word_1_699' title='bbox 3330 4528 3498 4584; x_wconf 82' lang='grc' dir='ltr'>τελῶν</span> <span class='ocrx_word' id='word_1_700' title='bbox 3538 4530 3736 4579; x_wconf 78' lang='grc' dir='ltr'>τούτων</span> 
     </span>
    </p>
   </div>
   <div class='ocr_carea' id='block_1_94' title="bbox 469 4659 772 4727">
    <p class='ocr_par' dir='ltr' id='par_1_94' title="bbox 469 4659 772 4727">
     <span class='ocr_line' id='line_1_94' title="bbox 469 4659 772 4727; baseline -0.02 -10"><span class='ocrx_word' id='word_1_701' title='bbox 469 4659 772 4727; x_wconf 73' lang='lat' dir='ltr'><strong>extollunt,</strong></span> 
     </span>
    </p>
   </div>
   <div class='ocr_carea' id='block_1_95' title="bbox 820 4619 2029 4717">
    <p class='ocr_par' dir='ltr' id='par_1_95' title="bbox 820 4635 2026 4717">
     <span class='ocr_line' id='line_1_95' title="bbox 820 4635 2026 4717; baseline -0.021 -4"><span class='ocrx_word' id='word_1_702' title='bbox 820 4672 927 4712; x_wconf 92' lang='lat' dir='ltr'><strong>non</strong></span> <span class='ocrx_word' id='word_1_703' title='bbox 974 4659 1265 4716; x_wconf 81' lang='lat' dir='ltr'><strong>exercent;</strong></span> <span class='ocrx_word' id='word_1_704' title='bbox 1321 4645 1442 4717; x_wconf 90' lang='lat' dir='ltr'><strong>vagi</strong></span> <span class='ocrx_word' id='word_1_705' title='bbox 1497 4639 1854 4698; x_wconf 88' lang='lat' dir='ltr'><strong>obambulant</strong></span> <span class='ocrx_word' id='word_1_706' title='bbox 1893 4653 1908 4692; x_wconf 92' lang='lat'><strong>:</strong></span> <span class='ocrx_word' id='word_1_707' title='bbox 1952 4635 2026 4690; x_wconf 79' lang='lat' dir='ltr'><strong>vit</strong></span> 
     </span>
    </p>
   </div>
   <div class='ocr_carea' id='block_1_96' title="bbox 2132 4619 3736 4717">
    <p class='ocr_par' dir='ltr' id='par_1_96' title="bbox 2168 4619 3736 4701">
     <span class='ocr_line' id='line_1_96' title="bbox 2168 4619 3736 4701; baseline -0.013 -14"><span class='ocrx_word' id='word_1_708' title='bbox 2168 4631 2492 4701; x_wconf 81' lang='grc' dir='ltr'>ἀνάσχοιτο;</span> <span class='ocrx_word' id='word_1_709' title='bbox 2519 4627 2567 4681; x_wconf 83' lang='grc' dir='ltr'><strong>οἳ</strong></span> <span class='ocrx_word' id='word_1_710' title='bbox 2593 4627 2764 4681; x_wconf 84' lang='grc' dir='ltr'>πλείω</span> <span class='ocrx_word' id='word_1_711' title='bbox 2797 4628 2894 4697; x_wconf 85' lang='grc' dir='ltr'><strong>μὲν</strong></span> <span class='ocrx_word' id='word_1_712' title='bbox 2920 4623 3306 4687; x_wconf 78' lang='grc' dir='ltr'>σολοικίζουσιν</span> <span class='ocrx_word' id='word_1_713' title='bbox 3335 4621 3366 4692; x_wconf 72' lang='grc' dir='ltr'>ἢ</span> <span class='ocrx_word' id='word_1_714' title='bbox 3391 4619 3736 4687; x_wconf 80' lang='grc' dir='ltr'>φθέγγονται,</span> 
     </span>
    </p>
   </div>
   <div class='ocr_carea' id='block_1_97' title="bbox 471 4711 2029 4816">
    <p class='ocr_par' dir='ltr' id='par_1_97' title="bbox 471 4711 2029 4816">
     <span class='ocr_line' id='line_1_97' title="bbox 471 4711 2029 4816; baseline -0.017 -5"><span class='ocrx_word' id='word_1_715' title='bbox 471 4711 772 4811; x_wconf 43' lang='lat' dir='ltr'><strong>Huius;</strong></span> <span class='ocrx_word' id='word_1_716' title='bbox 804 4711 1210 4816; x_wconf 51' lang='lat' dir='ltr'><strong>carentum“);</strong></span> <span class='ocrx_word' id='word_1_717' title='bbox 1243 4711 1460 4796; x_wconf 61' lang='lat' dir='ltr'><strong>uesiohi</strong></span> <span class='ocrx_word' id='word_1_718' title='bbox 1481 4736 1610 4800; x_wconf 84' lang='lat' dir='ltr'><strong>fuci,</strong></span> <span class='ocrx_word' id='word_1_719' title='bbox 1644 4730 1956 4788; x_wconf 74' lang='lat' dir='ltr'><strong>Archilochi</strong></span> <span class='ocrx_word' id='word_1_720' title='bbox 1990 4728 2029 4784; x_wconf 83' lang='lat' dir='ltr'><strong>si</strong></span> 
     </span>
    </p>
   </div>
   <div class='ocr_carea' id='block_1_98' title="bbox 2132 4711 3737 4816">
    <p class='ocr_par' dir='ltr' id='par_1_98' title="bbox 2171 4711 3737 4796">
     <span class='ocr_line' id='line_1_98' title="bbox 2171 4711 3737 4796; baseline -0.011 -17"><span class='ocrx_word' id='word_1_721' title='bbox 2171 4724 2485 4796; x_wconf 83' lang='grc' dir='ltr'>ὑπερορῶσι</span> <span class='ocrx_word' id='word_1_722' title='bbox 2514 4723 2572 4776; x_wconf 79' lang='grc' dir='ltr'>δὲ</span> <span class='ocrx_word' id='word_1_723' title='bbox 2610 4721 2720 4775; x_wconf 86' lang='grc' dir='ltr'><strong>τῶν</strong></span> <span class='ocrx_word' id='word_1_724' title='bbox 2775 4719 2949 4775; x_wconf 82' lang='grc' dir='ltr'>ἄλλων</span> <span class='ocrx_word' id='word_1_725' title='bbox 2989 4720 3113 4772; x_wconf 85' lang='grc' dir='ltr'>ὅσον</span> <span class='ocrx_word' id='word_1_726' title='bbox 3149 4718 3332 4778; x_wconf 82' lang='grc' dir='ltr'>αὑτοῖς</span> <span class='ocrx_word' id='word_1_727' title='bbox 3372 4711 3737 4784; x_wconf 76' lang='grc' dir='ltr'>ὑπερορᾶσθαι</span> 
     </span>
    </p>
   </div>
   <div class='ocr_carea' id='block_1_99' title="bbox 477 4824 2068 4910">
    <p class='ocr_par' dir='ltr' id='par_1_99' title="bbox 477 4824 2068 4910">
     <span class='ocr_line' id='line_1_99' title="bbox 477 4824 2068 4910; baseline -0.018 -8"><span class='ocrx_word' id='word_1_728' title='bbox 477 4846 620 4910; x_wconf 66' lang='lat' dir='ltr'><strong>Iniaz,</strong></span> <span class='ocrx_word' id='word_1_729' title='bbox 657 4842 867 4898; x_wconf 89' lang='lat' dir='ltr'><strong>duabus</strong></span> <span class='ocrx_word' id='word_1_730' title='bbox 894 4839 1088 4895; x_wconf 80' lang='lat' dir='ltr'><strong>formis</strong></span> <span class='ocrx_word' id='word_1_731' title='bbox 1119 4849 1218 4907; x_wconf 90' lang='lat' dir='ltr'><strong>pro</strong></span> <span class='ocrx_word' id='word_1_732' title='bbox 1254 4833 1427 4887; x_wconf 89' lang='lat' dir='ltr'><strong>tribus</strong></span> <span class='ocrx_word' id='word_1_733' title='bbox 1456 4842 1636 4884; x_wconf 62' lang='lat' dir='ltr'><strong>vaccae</strong></span> <span class='ocrx_word' id='word_1_734' title='bbox 1665 4824 1885 4894; x_wconf 64' lang='lat' dir='ltr'><strong>tragicae</strong></span> <span class='ocrx_word' id='word_1_735' title='bbox 1925 4836 2068 4892; x_wconf 71' lang='lat' dir='ltr'><strong>prm-</strong></span> 
     </span>
    </p>
   </div>
   <div class='ocr_carea' id='block_1_100' title="bbox 2172 4802 3737 4888">
    <p class='ocr_par' dir='ltr' id='par_1_100' title="bbox 2172 4802 3737 4888">
     <span class='ocr_line' id='line_1_100' title="bbox 2172 4802 3737 4888; baseline -0.011 -19"><span class='ocrx_word' id='word_1_736' title='bbox 2172 4819 2462 4888; x_wconf 77' lang='grc' dir='ltr'>προσὴκει.</span> <span class='ocrx_word' id='word_1_737' title='bbox 2491 4814 2603 4867; x_wconf 78' lang='grc' dir='ltr'><strong>Καὶ</strong></span> <span class='ocrx_word' id='word_1_738' title='bbox 2636 4814 2761 4876; x_wconf 82' lang='grc' dir='ltr'>τοὺς</span> <span class='ocrx_word' id='word_1_739' title='bbox 2779 4813 2823 4843; x_wconf 76' lang='grc'><strong>’⁷</strong></span> <span class='ocrx_word' id='word_1_740' title='bbox 2859 4813 2956 4882; x_wconf 83' lang='grc' dir='ltr'><strong>μὲν</strong></span> <span class='ocrx_word' id='word_1_741' title='bbox 3005 4809 3196 4872; x_wconf 85' lang='grc' dir='ltr'>ἀλλους</span> <span class='ocrx_word' id='word_1_742' title='bbox 3231 4807 3598 4874; x_wconf 76' lang='grc' dir='ltr'>ἐξετάζουσιν,</span> <span class='ocrx_word' id='word_1_743' title='bbox 3651 4802 3737 4854; x_wconf 65' lang='lat' dir='ltr'><strong>azi-</strong></span> 
     </span>
    </p>
   </div>
   <div class='ocr_carea' id='block_1_101' title="bbox 477 4895 2029 5000">
    <p class='ocr_par' dir='ltr' id='par_1_101' title="bbox 477 4895 2029 5000">
     <span class='ocr_line' id='line_1_101' title="bbox 477 4895 2029 5000; baseline -0.017 -9"><span class='ocrx_word' id='word_1_744' title='bbox 477 4895 736 4999; x_wconf 31' lang='lat' dir='ltr'><strong>ditiIQui</strong></span> <span class='ocrx_word' id='word_1_745' title='bbox 766 4945 889 4985; x_wconf 91' lang='lat' dir='ltr'><strong>cum</strong></span> <span class='ocrx_word' id='word_1_746' title='bbox 920 4942 981 5000; x_wconf 85' lang='lat' dir='ltr'><strong>se</strong></span> <span class='ocrx_word' id='word_1_747' title='bbox 1009 4895 1135 4984; x_wconf 79' lang='lat' dir='ltr'><strong>Jovi</strong></span> <span class='ocrx_word' id='word_1_748' title='bbox 1161 4932 1359 4992; x_wconf 87' lang='lat' dir='ltr'><strong>negent</strong></span> <span class='ocrx_word' id='word_1_749' title='bbox 1387 4921 1604 4982; x_wconf 79' lang='lat' dir='ltr'><strong>cedere,</strong></span> <span class='ocrx_word' id='word_1_750' title='bbox 1633 4915 1860 4984; x_wconf 84' lang='lat' dir='ltr'><strong>pecunia</strong></span> <span class='ocrx_word' id='word_1_751' title='bbox 1892 4919 2029 4967; x_wconf 80' lang='lat' dir='ltr'><strong>tantt‘</strong></span> 
     </span>
    </p>
   </div>
   <div class='ocr_carea' id='block_1_102' title="bbox 2132 4895 3736 5000">
    <p class='ocr_par' dir='ltr' id='par_1_102' title="bbox 2172 4895 3736 4975">
     <span class='ocr_line' id='line_1_102' title="bbox 2172 4895 3736 4975; baseline -0.015 -12"><span class='ocrx_word' id='word_1_752' title='bbox 2172 4910 2297 4972; x_wconf 80' lang='grc' dir='ltr'>τοὺς</span> <span class='ocrx_word' id='word_1_753' title='bbox 2326 4908 2466 4961; x_wconf 85' lang='grc' dir='ltr'>δὲού</span> <span class='ocrx_word' id='word_1_754' title='bbox 2499 4906 2722 4960; x_wconf 85' lang='grc' dir='ltr'>πώποτε</span> <span class='ocrx_word' id='word_1_755' title='bbox 2757 4905 3000 4975; x_wconf 77' lang='grc' dir='ltr'>ἠξίωσαν</span> <span class='ocrx_word' id='word_1_756' title='bbox 3021 4905 3086 4956; x_wconf 75' lang='grc'><strong>’⁸.</strong></span> <span class='ocrx_word' id='word_1_757' title='bbox 3120 4901 3231 4955; x_wconf 73' lang='grc' dir='ltr'><strong>Καὶ</strong></span> <span class='ocrx_word' id='word_1_758' title='bbox 3280 4898 3604 4969; x_wconf 83' lang='grc' dir='ltr'>σεμνύνουσι</span> <span class='ocrx_word' id='word_1_759' title='bbox 3645 4895 3736 4962; x_wconf 76' lang='grc' dir='ltr'><strong>μὲν</strong></span> 
     </span>
    </p>
   </div>
   <div class='ocr_carea' id='block_1_103' title="bbox 479 4987 2029 5100">
    <p class='ocr_par' dir='ltr' id='par_1_103' title="bbox 479 4998 2029 5100">
     <span class='ocr_line' id='line_1_103' title="bbox 479 4998 2029 5100; baseline -0.017 -16"><span class='ocrx_word' id='word_1_760' title='bbox 479 5041 610 5100; x_wconf 91' lang='lat' dir='ltr'><strong>pere</strong></span> <span class='ocrx_word' id='word_1_761' title='bbox 644 4998 1048 5086; x_wconf 84' lang='lat' dir='ltr'><strong>vincuntur,et</strong></span> <span class='ocrx_word' id='word_1_762' title='bbox 1079 5016 1200 5072; x_wconf 85' lang='lat' dir='ltr'><strong>aliis</strong></span> <span class='ocrx_word' id='word_1_763' title='bbox 1229 5011 1598 5069; x_wconf 86' lang='lat' dir='ltr'><strong>convitiantur</strong></span> <span class='ocrx_word' id='word_1_764' title='bbox 1626 5025 1642 5064; x_wconf 84' lang='lat'><strong>:</strong></span> <span class='ocrx_word' id='word_1_765' title='bbox 1670 5020 1779 5062; x_wconf 90' lang='lat' dir='ltr'><strong>non</strong></span> <span class='ocrx_word' id='word_1_766' title='bbox 1807 5005 1950 5076; x_wconf 86' lang='lat' dir='ltr'><strong>quod</strong></span> <span class='ocrx_word' id='word_1_767' title='bbox 1987 5019 2029 5059; x_wconf 71' lang='lat' dir='ltr'><strong>rt</strong></span> 
     </span>
    </p>
   </div>
   <div class='ocr_carea' id='block_1_104' title="bbox 2132 4987 3739 5100">
    <p class='ocr_par' dir='ltr' id='par_1_104' title="bbox 2175 4987 3739 5074">
     <span class='ocr_line' id='line_1_104' title="bbox 2175 4987 3739 5074; baseline -0.006 -18"><span class='ocrx_word' id='word_1_768' title='bbox 2175 5001 2277 5074; x_wconf 82' lang='grc' dir='ltr'>τὴν</span> <span class='ocrx_word' id='word_1_769' title='bbox 2306 5002 2533 5072; x_wconf 82' lang='grc' dir='ltr'>ἀρετήν,</span> <span class='ocrx_word' id='word_1_770' title='bbox 2561 4999 2789 5055; x_wconf 88' lang='grc' dir='ltr'>ἀσκοῦσι</span> <span class='ocrx_word' id='word_1_771' title='bbox 2817 4998 2861 5051; x_wconf 87' lang='grc' dir='ltr'>δ’</span> <span class='ocrx_word' id='word_1_772' title='bbox 2909 4995 2994 5062; x_wconf 84' lang='grc' dir='ltr'>οὓ,</span> <span class='ocrx_word' id='word_1_773' title='bbox 3048 4996 3432 5065; x_wconf 85' lang='grc' dir='ltr'>περιέρχονται</span> <span class='ocrx_word' id='word_1_774' title='bbox 3472 4990 3531 5042; x_wconf 84' lang='grc' dir='ltr'>δὲ</span> <span class='ocrx_word' id='word_1_775' title='bbox 3577 4987 3739 5046; x_wconf 71' lang='grc' dir='ltr'>ἄλλως</span> 
     </span>
    </p>
   </div>
   <div class='ocr_carea' id='block_1_105' title="bbox 1786 5143 2468 5203">
    <p class='ocr_par' dir='ltr' id='par_1_105' title="bbox 1786 5143 2468 5203">
     <span class='ocr_line' id='line_1_105' title="bbox 1786 5143 2468 5203; baseline -0.004 0"><span class='ocrx_word' id='word_1_776' title='bbox 1786 5145 2027 5203; x_wconf 63' lang='lat' dir='ltr'><strong>VARIIE</strong></span> <span class='ocrx_word' id='word_1_777' title='bbox 2062 5143 2468 5200; x_wconf 80' lang='lat' dir='ltr'><strong>LECTIONES.</strong></span> 
     </span>
    </p>
   </div>
   <div class='ocr_carea' id='block_1_106' title="bbox 485 5356 1978 5495">
    <p class='ocr_par' dir='ltr' id='par_1_106' title="bbox 485 5356 1978 5495">
     <span class='ocr_line' id='line_1_106' title="bbox 485 5356 1978 5419; baseline -0.019 -10"><span class='ocrx_word' id='word_1_778' title='bbox 485 5356 682 5410; x_wconf 76' lang='grc' dir='ltr'>οιιι.Α.</span> <span class='ocrx_word' id='word_1_779' title='bbox 759 5356 801 5382; x_wconf 82' lang='grc'><strong>¹¹</strong></span> <span class='ocrx_word' id='word_1_780' title='bbox 833 5356 972 5419; x_wconf 71' lang='grc' dir='ltr'>ἀλλ’]</span> <span class='ocrx_word' id='word_1_781' title='bbox 1022 5362 1075 5414; x_wconf 82' lang='grc' dir='ltr'>ρ.</span> <span class='ocrx_word' id='word_1_782' title='bbox 1107 5356 1232 5398; x_wconf 73' lang='grc' dir='ltr'>4δυ.</span> <span class='ocrx_word' id='word_1_783' title='bbox 1296 5356 1339 5373; x_wconf 86' lang='grc'><strong>³·</strong></span> <span class='ocrx_word' id='word_1_784' title='bbox 1364 5356 1496 5392; x_wconf 80' lang='grc' dir='ltr'>ουο.</span> <span class='ocrx_word' id='word_1_785' title='bbox 1560 5356 1603 5366; x_wconf 70' lang='grc'><strong>’⁷</strong></span> <span class='ocrx_word' id='word_1_786' title='bbox 1627 5356 1870 5411; x_wconf 62' lang='grc' dir='ltr'>χειρυσιν</span> <span class='ocrx_word' id='word_1_787' title='bbox 1901 5356 1978 5384; x_wconf 82' lang='lat' dir='ltr'><strong>um</strong></span> 
     </span>
     <span class='ocr_line' id='line_1_107' title="bbox 487 5401 1978 5495; baseline -0.016 -19"><span class='ocrx_word' id='word_1_788' title='bbox 487 5424 661 5495; x_wconf 67' lang='grc' dir='ltr'>ρίους,</span> <span class='ocrx_word' id='word_1_789' title='bbox 695 5420 964 5495; x_wconf 70' lang='grc' dir='ltr'>παιδίας.</span> <span class='ocrx_word' id='word_1_790' title='bbox 1099 5408 1503 5495; x_wconf 35' lang='grc' dir='ltr'><strong>εἷταλρκιίίξίἒ</strong></span> <span class='ocrx_word' id='word_1_791' title='bbox 1553 5407 1621 5495; x_wconf 43' lang='grc' dir='ltr'><strong>⁸η</strong></span> <span class='ocrx_word' id='word_1_792' title='bbox 1647 5420 1741 5495; x_wconf 59' lang='grc' dir='ltr'><strong>του</strong></span> <span class='ocrx_word' id='word_1_793' title='bbox 1768 5401 1978 5495; x_wconf 49' lang='lat' dir='ltr'><strong>om:</strong></span> 
     </span>
    </p>
   </div>
   <div class='ocr_carea' id='block_1_107' title="bbox 2049 5389 3198 5466">
    <p class='ocr_par' dir='ltr' id='par_1_107' title="bbox 2049 5389 3198 5466">
     <span class='ocr_line' id='line_1_108' title="bbox 2049 5389 3198 5466; baseline -0.01 -15"><span class='ocrx_word' id='word_1_794' title='bbox 2049 5401 2095 5431; x_wconf 81' lang='grc'><strong>²⁰</strong></span> <span class='ocrx_word' id='word_1_795' title='bbox 2120 5399 2349 5466; x_wconf 86' lang='grc' dir='ltr'>πότερον</span> <span class='ocrx_word' id='word_1_796' title='bbox 2383 5389 2446 5450; x_wconf 50' lang='lat' dir='ltr'><strong>if.</strong></span> <span class='ocrx_word' id='word_1_797' title='bbox 2519 5398 2560 5426; x_wconf 84' lang='grc'>¹¹</span> <span class='ocrx_word' id='word_1_798' title='bbox 2593 5389 2892 5466; x_wconf 74' lang='grc' dir='ltr'>προσῆκεν]</span> <span class='ocrx_word' id='word_1_799' title='bbox 2934 5390 3080 5466; x_wconf 76' lang='grc' dir='ltr'>πρὸς</span> <span class='ocrx_word' id='word_1_800' title='bbox 3132 5389 3198 5441; x_wconf 83' lang='grc' dir='ltr'><strong>Α.</strong></span> 
     </span>
    </p>
   </div>
   <div class='ocr_carea' id='block_1_108' title="bbox 499 5459 3128 5565">
    <p class='ocr_par' dir='ltr' id='par_1_108' title="bbox 499 5459 3128 5565">
     <span class='ocr_line' id='line_1_109' title="bbox 499 5459 3128 5565; baseline -0.014 -17"><span class='ocrx_word' id='word_1_801' title='bbox 499 5459 964 5565; x_wconf 61' lang='grc' dir='ltr'><strong>ῗῗέἔῆνῖἶὶἷξιῦξ</strong></span> <span class='ocrx_word' id='word_1_802' title='bbox 1042 5459 1513 5556; x_wconf 52' lang='grc' dir='ltr'><strong>ἰ’όόἶδττὶῇὲὺῇει</strong></span> <span class='ocrx_word' id='word_1_803' title='bbox 1542 5477 1608 5531; x_wconf 81' lang='grc' dir='ltr'><strong>Α.</strong></span> <span class='ocrx_word' id='word_1_804' title='bbox 1686 5475 1732 5506; x_wconf 76' lang='grc' dir='ltr'><strong>ιο</strong></span> <span class='ocrx_word' id='word_1_805' title='bbox 1765 5473 1832 5527; x_wconf 78' lang='grc' dir='ltr'>διν</span> <span class='ocrx_word' id='word_1_806' title='bbox 1859 5487 1970 5527; x_wconf 91' lang='lat' dir='ltr'><strong>om.</strong></span> <span class='ocrx_word' id='word_1_807' title='bbox 2001 5471 2068 5524; x_wconf 85' lang='lat' dir='ltr'><strong>A.</strong></span> <span class='ocrx_word' id='word_1_808' title='bbox 2135 5471 2180 5501; x_wconf 74' lang='grc' dir='ltr'><strong><em>η</em></strong></span> <span class='ocrx_word' id='word_1_809' title='bbox 2214 5459 2380 5536; x_wconf 74' lang='grc' dir='ltr'><strong>ἀξίων</strong></span> <span class='ocrx_word' id='word_1_810' title='bbox 2411 5459 2725 5530; x_wconf 81' lang='grc' dir='ltr'>οὐδενὸς’ς.</span> <span class='ocrx_word' id='word_1_811' title='bbox 2760 5459 2829 5493; x_wconf 74' lang='grc' dir='ltr'>ἠ</span> <span class='ocrx_word' id='word_1_812' title='bbox 2862 5459 2954 5515; x_wconf 77' lang='grc' dir='ltr'>καὶ</span> <span class='ocrx_word' id='word_1_813' title='bbox 2981 5459 3128 5521; x_wconf 85' lang='grc' dir='ltr'>τούς.</span> 
     </span>
    </p>
   </div>
   <div class='ocr_carea' id='block_1_109' title="bbox 557 5215 3743 5382">
    <p class='ocr_par' dir='ltr' id='par_1_109' title="bbox 557 5215 3743 5382">
     <span class='ocr_line' id='line_1_110' title="bbox 557 5215 3743 5381; baseline -0.015 -46"><span class='ocrx_word' id='word_1_814' title='bbox 557 5280 654 5335; x_wconf 76' lang='grc' dir='ltr'><strong>⁸δέ</strong></span> <span class='ocrx_word' id='word_1_815' title='bbox 694 5277 834 5381; x_wconf 57' lang='grc' dir='ltr'>τι1δ⁹</span> <span class='ocrx_word' id='word_1_816' title='bbox 871 5275 952 5330; x_wconf 74' lang='grc' dir='ltr'>ἔτι</span> <span class='ocrx_word' id='word_1_817' title='bbox 988 5291 1052 5340; x_wconf 82' lang='grc' dir='ltr'>ς.</span> <span class='ocrx_word' id='word_1_818' title='bbox 1125 5274 1146 5305; x_wconf 82' lang='grc'><strong>⁷</strong></span> <span class='ocrx_word' id='word_1_819' title='bbox 1175 5271 1284 5342; x_wconf 77' lang='grc' dir='ltr'><strong>γὰρ</strong></span> <span class='ocrx_word' id='word_1_820' title='bbox 1328 5283 1438 5322; x_wconf 86' lang='lat' dir='ltr'><strong>om.</strong></span> <span class='ocrx_word' id='word_1_821' title='bbox 1507 5264 1575 5320; x_wconf 81' lang='grc' dir='ltr'><strong>Α.</strong></span> <span class='ocrx_word' id='word_1_822' title='bbox 1653 5261 1676 5294; x_wconf 81' lang='grc'><strong>⁸</strong></span> <span class='ocrx_word' id='word_1_823' title='bbox 1708 5261 1768 5314; x_wconf 82' lang='grc' dir='ltr'><strong>οὗ</strong></span> <span class='ocrx_word' id='word_1_824' title='bbox 1789 5258 1891 5331; x_wconf 87' lang='grc' dir='ltr'>δεῖ]</span> <span class='ocrx_word' id='word_1_825' title='bbox 1920 5277 1974 5329; x_wconf 83' lang='lat' dir='ltr'><strong>p.</strong></span> <span class='ocrx_word' id='word_1_826' title='bbox 2033 5258 2160 5313; x_wconf 66' lang='grc'><strong>486.</strong></span> <span class='ocrx_word' id='word_1_827' title='bbox 2239 5258 2260 5288; x_wconf 75' lang='grc'><strong>⁸</strong></span> <span class='ocrx_word' id='word_1_828' title='bbox 2289 5257 2417 5320; x_wconf 86' lang='grc' dir='ltr'>τοὺς</span> <span class='ocrx_word' id='word_1_829' title='bbox 2444 5270 2552 5310; x_wconf 91' lang='lat' dir='ltr'><strong>om.</strong></span> <span class='ocrx_word' id='word_1_830' title='bbox 2608 5255 2673 5310; x_wconf 80' lang='grc' dir='ltr'><strong>Α.</strong></span> <span class='ocrx_word' id='word_1_831' title='bbox 2714 5254 2757 5286; x_wconf 80' lang='grc'><strong>¹⁰</strong></span> <span class='ocrx_word' id='word_1_832' title='bbox 2791 5250 2884 5305; x_wconf 89' lang='grc' dir='ltr'><strong>τοῦ</strong></span> <span class='ocrx_word' id='word_1_833' title='bbox 2915 5249 2956 5302; x_wconf 79' lang='grc' dir='ltr'><strong>Α</strong></span> <span class='ocrx_word' id='word_1_834' title='bbox 2993 5264 3006 5300; x_wconf 90' lang='lat'>:</span> <span class='ocrx_word' id='word_1_835' title='bbox 3041 5247 3129 5299; x_wconf 73' lang='grc' dir='ltr'>τὸν</span> <span class='ocrx_word' id='word_1_836' title='bbox 3169 5215 3244 5308; x_wconf 20' lang='grc' dir='ltr'><strong>ς..</strong></span> <span class='ocrx_word' id='word_1_837' title='bbox 3313 5243 3351 5273; x_wconf 86' lang='grc'><strong>¹¹</strong></span> <span class='ocrx_word' id='word_1_838' title='bbox 3375 5243 3463 5294; x_wconf 81' lang='grc' dir='ltr'>καὶ</span> <span class='ocrx_word' id='word_1_839' title='bbox 3502 5239 3743 5292; x_wconf 75' lang='grc' dir='ltr'>πολιτικᾶ</span> 
     </span>
     <span class='ocr_line' id='line_1_111' title="bbox 557 5311 3743 5382; baseline -0.001 0"><span class='ocrx_word' id='word_1_840' title='bbox 557 5369 573 5382; x_wconf 91' lang='lat'><strong>.</strong></span> <span class='ocrx_word' id='word_1_841' title='bbox 623 5356 650 5382; x_wconf 74' lang='grc' dir='ltr'><strong>Α</strong></span> <span class='ocrx_word' id='word_1_842' title='bbox 782 5353 801 5382; x_wconf 77' lang='grc' dir='ltr'><strong>ι</strong></span> <span class='ocrx_word' id='word_1_843' title='bbox 833 5346 971 5382; x_wconf 69' lang='lat' dir='ltr'><strong>nm</strong></span> <span class='ocrx_word' id='word_1_844' title='bbox 1022 5362 1052 5382; x_wconf 90' lang='lat' dir='ltr'><strong>n</strong></span> <span class='ocrx_word' id='word_1_845' title='bbox 1108 5343 1211 5382; x_wconf 70' lang='lat' dir='ltr'><strong>mn</strong></span> <span class='ocrx_word' id='word_1_846' title='bbox 1295 5341 1339 5373; x_wconf 72' lang='grc' dir='ltr'><strong>ιι</strong></span> <span class='ocrx_word' id='word_1_847' title='bbox 1364 5337 1496 5382; x_wconf 71' lang='grc' dir='ltr'>οὐδ’-</span> <span class='ocrx_word' id='word_1_848' title='bbox 1559 5336 1603 5366; x_wconf 64' lang='grc' dir='ltr'>ιδ</span> <span class='ocrx_word' id='word_1_849' title='bbox 1627 5334 1870 5382; x_wconf 83' lang='grc' dir='ltr'>νείοοσιν</span> <span class='ocrx_word' id='word_1_850' title='bbox 1901 5347 2010 5382; x_wconf 88' lang='lat' dir='ltr'><strong>om.</strong></span> <span class='ocrx_word' id='word_1_851' title='bbox 2047 5335 2113 5382; x_wconf 85' lang='lat' dir='ltr'><strong>A.</strong></span> <span class='ocrx_word' id='word_1_852' title='bbox 2176 5329 2218 5361; x_wconf 82' lang='grc'>¹⁸</span> <span class='ocrx_word' id='word_1_853' title='bbox 2243 5328 2457 5382; x_wconf 79' lang='grc' dir='ltr'>ἀναίσγ.</span> <span class='ocrx_word' id='word_1_854' title='bbox 2490 5343 2548 5378; x_wconf 88' lang='grc' dir='ltr'>π.</span> <span class='ocrx_word' id='word_1_855' title='bbox 2575 5343 2625 5378; x_wconf 89' lang='grc' dir='ltr'>τ.</span> <span class='ocrx_word' id='word_1_856' title='bbox 2661 5341 2824 5382; x_wconf 84' lang='grc' dir='ltr'>φασιν</span> <span class='ocrx_word' id='word_1_857' title='bbox 2850 5338 2957 5374; x_wconf 79' lang='grc' dir='ltr'><strong>01η-</strong></span> <span class='ocrx_word' id='word_1_858' title='bbox 2983 5323 3045 5373; x_wconf 63' lang='lat' dir='ltr'><strong>Ac</strong></span> <span class='ocrx_word' id='word_1_859' title='bbox 3097 5318 3139 5348; x_wconf 68' lang='grc'>³⁸</span> <span class='ocrx_word' id='word_1_860' title='bbox 3168 5315 3420 5367; x_wconf 69' lang='grc' dir='ltr'><strong>οὐδέποτε</strong></span> <span class='ocrx_word' id='word_1_861' title='bbox 3457 5312 3520 5364; x_wconf 68' lang='grc' dir='ltr'><strong>Α·</strong></span> <span class='ocrx_word' id='word_1_862' title='bbox 3590 5311 3743 5382; x_wconf 62' lang='grc' dir='ltr'><strong>Ἤλυ-</strong></span> 
     </span>
    </p>
   </div>
   <div class='ocr_carea' id='block_1_110' title="bbox 833 5312 3520 5419">
    <p class='ocr_par' dir='ltr' id='par_1_110' title="bbox 833 5312 3520 5419">
     <span class='ocr_line' id='line_1_112' title="bbox 833 5312 3520 5419; baseline -0.015 -18"><span class='ocrx_word' id='word_1_863' title='bbox 833 5312 1075 5419; x_wconf 38' lang='lat' dir='ltr'><strong>eiii]</strong></span> <span class='ocrx_word' id='word_1_864' title='bbox 1107 5312 2010 5419; x_wconf 39' lang='grc' dir='ltr'><strong>ῥὸθῖγίῖξιῖδς.’-ίξηχείροσινηξιὴ.</strong></span> <span class='ocrx_word' id='word_1_865' title='bbox 2172 5329 2218 5419; x_wconf 60' lang='lat'><strong>:5</strong></span> <span class='ocrx_word' id='word_1_866' title='bbox 2243 5312 2457 5419; x_wconf 48' lang='grc' dir='ltr'>ἀναίέχ.</span> <span class='ocrx_word' id='word_1_867' title='bbox 2490 5343 2625 5419; x_wconf 41' lang='grc' dir='ltr'><strong>ξιτ.</strong></span> <span class='ocrx_word' id='word_1_868' title='bbox 2661 5341 2824 5404; x_wconf 73' lang='grc' dir='ltr'>φασιν</span> <span class='ocrx_word' id='word_1_869' title='bbox 2850 5338 2957 5419; x_wconf 51' lang='lat' dir='ltr'><strong>01m.</strong></span> <span class='ocrx_word' id='word_1_870' title='bbox 2983 5323 3049 5419; x_wconf 48' lang='grc' dir='ltr'><strong>Α)ἶ</strong></span> <span class='ocrx_word' id='word_1_871' title='bbox 3097 5315 3420 5419; x_wconf 31' lang='grc' dir='ltr'>’θςούδξξτοτε</span> <span class='ocrx_word' id='word_1_872' title='bbox 3457 5312 3520 5364; x_wconf 74' lang='grc' dir='ltr'><strong>Α.</strong></span> 
     </span>
    </p>
   </div>
   <div class='ocr_carea' id='block_1_111' title="bbox 3590 5311 3746 5358">
    <p class='ocr_par' dir='ltr' id='par_1_111' title="bbox 3590 5311 3746 5358">
     <span class='ocr_line' id='line_1_113' title="bbox 3590 5311 3746 5358; baseline -0.013 1"><span class='ocrx_word' id='word_1_873' title='bbox 3590 5311 3628 5339; x_wconf 84' lang='grc'><strong>¹⁷</strong></span> <span class='ocrx_word' id='word_1_874' title='bbox 3653 5328 3746 5358; x_wconf 74' lang='grc' dir='ltr'>αυ-</span> 
     </span>
    </p>
   </div>
   <div class='ocr_carea' id='block_1_112' title="bbox 3264 5328 3744 5435">
    <p class='ocr_par' dir='ltr' id='par_1_112' title="bbox 3264 5328 3744 5435">
     <span class='ocr_line' id='line_1_114' title="bbox 3264 5328 3744 5377; baseline -0.015 -13"><span class='ocrx_word' id='word_1_875' title='bbox 3264 5328 3420 5365; x_wconf 86' lang='grc' dir='ltr'>εποτε</span> <span class='ocrx_word' id='word_1_876' title='bbox 3457 5328 3520 5364; x_wconf 68' lang='grc' dir='ltr'><strong>Α.</strong></span> <span class='ocrx_word' id='word_1_877' title='bbox 3591 5328 3623 5339; x_wconf 80' lang='grc'><em>·’</em></span> <span class='ocrx_word' id='word_1_878' title='bbox 3651 5328 3744 5377; x_wconf 74' lang='grc' dir='ltr'><strong>μυ-</strong></span> 
     </span>
     <span class='ocr_line' id='line_1_115' title="bbox 3264 5379 3744 5435; baseline -0.006 1"><span class='ocrx_word' id='word_1_879' title='bbox 3264 5385 3308 5414; x_wconf 78' lang='grc'><strong>¹²</strong></span> <span class='ocrx_word' id='word_1_880' title='bbox 3333 5383 3520 5435; x_wconf 85' lang='grc' dir='ltr'>τούτου</span> <span class='ocrx_word' id='word_1_881' title='bbox 3554 5379 3645 5432; x_wconf 83' lang='grc' dir='ltr'><strong>τοῦ</strong></span> <span class='ocrx_word' id='word_1_882' title='bbox 3685 5383 3744 5433; x_wconf 82' lang='grc' dir='ltr'><strong>Α.</strong></span> 
     </span>
    </p>
   </div>
   <div class='ocr_carea' id='block_1_113' title="bbox 3203 5449 3729 5523">
    <p class='ocr_par' dir='ltr' id='par_1_113' title="bbox 3203 5449 3729 5523">
     <span class='ocr_line' id='line_1_116' title="bbox 3203 5449 3729 5523; baseline -0.017 -16"><span class='ocrx_word' id='word_1_883' title='bbox 3203 5456 3246 5488; x_wconf 75' lang='grc'><strong>’⁸</strong></span> <span class='ocrx_word' id='word_1_884' title='bbox 3276 5455 3510 5523; x_wconf 79' lang='grc' dir='ltr'>ἠξίωσαν</span> <span class='ocrx_word' id='word_1_885' title='bbox 3542 5468 3649 5504; x_wconf 89' lang='lat' dir='ltr'><strong>om.</strong></span> <span class='ocrx_word' id='word_1_886' title='bbox 3686 5449 3729 5499; x_wconf 74' lang='grc' dir='ltr'><strong>Α</strong></span> 
     </span>
    </p>
   </div>
   <div class='ocr_carea' id='block_1_114' title="bbox 1993 5610 2224 5668">
    <p class='ocr_par' dir='ltr' id='par_1_114' title="bbox 1993 5610 2224 5668">
     <span class='ocr_line' id='line_1_117' title="bbox 1993 5610 2224 5668; baseline 0.009 -2"><span class='ocrx_word' id='word_1_887' title='bbox 1993 5610 2224 5668; x_wconf 60' lang='grc' dir='ltr'><strong>ΝΟΤΧΕ.</strong></span> 
     </span>
    </p>
   </div>
   <div class='ocr_carea' id='block_1_115' title="bbox 563 5704 2081 5791">
    <p class='ocr_par' dir='ltr' id='par_1_115' title="bbox 563 5704 2081 5791">
     <span class='ocr_line' id='line_1_118' title="bbox 563 5704 2081 5791; baseline -0.013 -15"><span class='ocrx_word' id='word_1_888' title='bbox 563 5721 678 5791; x_wconf 84' lang='lat'><strong>(98)</strong></span> <span class='ocrx_word' id='word_1_889' title='bbox 713 5721 963 5776; x_wconf 81' lang='lat' dir='ltr'><strong>Audaces</strong></span> <span class='ocrx_word' id='word_1_890' title='bbox 1010 5718 1077 5772; x_wconf 85' lang='lat' dir='ltr'><strong>ad</strong></span> <span class='ocrx_word' id='word_1_891' title='bbox 1127 5714 1267 5771; x_wconf 83' lang='lat' dir='ltr'><strong>ostia</strong></span> <span class='ocrx_word' id='word_1_892' title='bbox 1312 5709 1600 5782; x_wconf 89' lang='lat' dir='ltr'><strong>ponimus,</strong></span> <span class='ocrx_word' id='word_1_893' title='bbox 1637 5715 1696 5761; x_wconf 93' lang='lat' dir='ltr'><strong>ut</strong></span> <span class='ocrx_word' id='word_1_894' title='bbox 1749 5704 1936 5760; x_wconf 81' lang='lat' dir='ltr'><strong>ﬁdeles</strong></span> <span class='ocrx_word' id='word_1_895' title='bbox 1979 5718 2081 5758; x_wconf 87' lang='lat' dir='ltr'><strong>cu-</strong></span> 
     </span>
    </p>
   </div>
   <div class='ocr_carea' id='block_1_116' title="bbox 496 5793 1882 5930">
    <p class='ocr_par' dir='ltr' id='par_1_116' title="bbox 496 5793 1882 5930">
     <span class='ocr_line' id='line_1_119' title="bbox 496 5793 1882 5930; baseline -0.023 -1"><span class='ocrx_word' id='word_1_896' title='bbox 496 5793 744 5930; x_wconf 46' lang='lat' dir='ltr'><strong>“iiiis-&#39;1)</strong></span> <span class='ocrx_word' id='word_1_897' title='bbox 773 5856 1074 5930; x_wconf 81' lang='lat' dir='ltr'><strong>Oportebat</strong></span> <span class='ocrx_word' id='word_1_898' title='bbox 1101 5855 1247 5911; x_wconf 83' lang='lat' dir='ltr'><strong>enim</strong></span> <span class='ocrx_word' id='word_1_899' title='bbox 1277 5851 1513 5923; x_wconf 83' lang='lat' dir='ltr'><strong>adjicere</strong></span> <span class='ocrx_word' id='word_1_900' title='bbox 1538 5846 1882 5904; x_wconf 75' lang='lat' dir='ltr'><strong>sectantibus.</strong></span> 
     </span>
    </p>
   </div>
   <div class='ocr_carea' id='block_1_117' title="bbox 2261 5677 3732 5772">
    <p class='ocr_par' dir='ltr' id='par_1_117' title="bbox 2261 5677 3732 5772">
     <span class='ocr_line' id='line_1_120' title="bbox 2261 5677 3732 5772; baseline -0.018 -13"><span class='ocrx_word' id='word_1_901' title='bbox 2261 5701 2404 5772; x_wconf 64' lang='grc' dir='ltr'><strong>(σὲ-5)</strong></span> <span class='ocrx_word' id='word_1_902' title='bbox 2435 5700 2734 5772; x_wconf 73' lang='lat' dir='ltr'><strong>Mercurius</strong></span> <span class='ocrx_word' id='word_1_903' title='bbox 2763 5697 2903 5772; x_wconf 78' lang='lat' dir='ltr'><strong>alter</strong></span> <span class='ocrx_word' id='word_1_904' title='bbox 2931 5690 3198 5765; x_wconf 87' lang='lat' dir='ltr'><strong>proverbii</strong></span> <span class='ocrx_word' id='word_1_905' title='bbox 3223 5687 3404 5758; x_wconf 86' lang='lat' dir='ltr'><strong>specie</strong></span> <span class='ocrx_word' id='word_1_906' title='bbox 3434 5677 3732 5753; x_wconf 88' lang='lat' dir='ltr'><strong>supr.Pbot</strong></span> 
     </span>
    </p>
   </div>
   <div class='ocr_carea' id='block_1_118' title="bbox 2263 5768 2806 5846">
    <p class='ocr_par' dir='ltr' id='par_1_118' title="bbox 2263 5768 2806 5846">
     <span class='ocr_line' id='line_1_121' title="bbox 2263 5768 2806 5846; baseline -0.007 -20"><span class='ocrx_word' id='word_1_907' title='bbox 2263 5768 2337 5846; x_wconf 76' lang='grc'><strong>(4)</strong></span> <span class='ocrx_word' id='word_1_908' title='bbox 2374 5768 2534 5830; x_wconf 83' lang='lat' dir='ltr'><strong>Hom.</strong></span> <span class='ocrx_word' id='word_1_909' title='bbox 2561 5769 2710 5826; x_wconf 87' lang='lat' dir='ltr'><strong>Iliad.</strong></span> <span class='ocrx_word' id='word_1_910' title='bbox 2746 5768 2806 5838; x_wconf 82' lang='grc' dir='ltr'><strong>ψ.</strong></span> 
     </span>
    </p>
   </div>
  </div>
