3960 6428
238 414 370 481 I577

1272 418 1799 489 BIBLIOTHECA.
1832 455 1901 467 -
1930 431 2091 493 COD.
2122 433 2480 499 CCXLVIII.

3356 446 3497 516 1578

237 523 436 598 βροτῶν
466 521 661 579 εἴδωλα
691 525 999 596 καμόντων,
1047 526 1290 585 Ἡσιόδου
1318 536 1582 607 κηφῆνες,
1627 539 1803 611 Ἀρχι-

1916 542 2061 614 ipsas
2101 547 2536 615 condemnarint,
2567 550 2660 605 sed
2688 551 2812 622 quia
2847 568 2969 611 cum
2995 557 3147 627 paria
3182 558 3364 616 facere
3389 580 3498 622 non

233 615 385 684 λόχου
457 611 707 684 πίθηκοι,
760 614 856 668 δύο
920 618 1136 689 μορφάς
1193 620 1405 691 ἔχοντες
1463 626 1586 680 ἀντὶ
1636 628 1808 699 τριῶν

230 703 328 773 τῆς
344 702 614 772 τραγικῆς
638 701 783 772 βοός.
812 706 876 759 Οἳ
907 707 1002 760 τοῦ
1030 708 1130 779 μὲν
1173 710 1296 775 Διὸς
1330 711 1451 784 [711
1493 714 1562 768 Η.
1588 717 1606 788 J
1656 716 1808 771 οὐδὲν

231 794 439 867 χείρους
467 794 630 864 φασὶν
658 792 823 864 εἶναι,
851 800 945 853 τοῦ
968 801 1024 854 δὲ
1057 802 1247 857 ὀϐολοῦ
1299 807 1555 861 τοσοῦτον
1594 810 1807 881 ἡττῶνι

229 903 349 941 ται·
377 884 702 951 ὀνειδίζουσι
724 888 781 944 δὲ
809 893 925 956 τοῖς
950 893 1133 959 ἄλλοις
1150 896 1219 962 ’⁸,
1238 898 1298 950 οὐ
1324 898 1433 953 τῶν
1460 902 1807 973 πραγμάτων

228 974 655 1047 κατεγνωκότες,
721 981 860 1037 ἀλλά
916 985 1239 1052 φθονοῦντες
1292 990 1375 1044 ὄτι
1426 992 1579 1046 αὐτοὶ
1634 995 1807 1049 ταῦτα

228 1070 484 1141 πράττειν
504 1069 551 1103 ³⁰
574 1072 637 1124 οὐ
667 1072 947 1130 δύνανται.
975 1077 1039 1130 El
1062 1078 1120 1132 δέ
1156 1096 1242 1142 τις
1290 1081 1473 1135 αὐτῶν
1521 1084 1653 1151 περὶ
1705 1087 1806 1157 τῆς

226 1161 555 1231 ἐγκρατείας
603 1163 1011 1235 διαλεγομένων
1076 1171 1388 1244 ἀπαντικρὺ
1441 1175 1605 1246 σταίη
1666 1174 1806 1247 ἔχων

225 1251 495 1322 ἔνθρυπτα
524 1255 619 1308 καὶ
655 1261 983 1326 στρεπτοὺς,
1017 1259 1344 1316 ἐκϐάλλουσι
1399 1264 1501 1335 τὴν
1557 1265 1805 1334 γλῶτταν

222 1343 410 1413 ὥσπερ
438 1345 777 1411 ὀΜενέλεως
826 1350 889 1403 τὸ
940 1351 1115 1420 ξίφος.
1169 1352 1354 1425 Αὐτὴν
1419 1356 1519 1426 μὲν
1552 1357 1661 1428 γὰρ
1708 1358 1806 1412 ἐὰν

224 1434 375 1488 ἴδωσι
402 1436 504 1507 τὴν
535 1437 780 1509 Ἑλένην,
837 1441 1059 1513 Ἑλένην
1096 1444 1273 1514 λέγωῐ
1326 1447 1667 1519 θεράπαιναν
1707 1452 1806 1521 μὲν

221 1521 313 1580 οὖν
367 1527 560 1582 ὁποίαν
612 1530 837 1601 ἐποίησε
890 1534 1201 1606 Μένανδρος
1246 1536 1347 1608 τὴν
1405 1540 1667 1610 Φρυγίαν,
1728 1542 1807 1613 τῷ

220 1617 331 1669 ὄντι
348 1618 574 1672 παιδιὰν
607 1621 973 1691 ἀποφαίνουσι
1002 1626 1133 1691 τοὺς
1177 1629 1459 1699 Σατύρους
1492 1630 1587 1684 τοῦ
1635 1634 1807 1702 Σοφο-

220 1704 426 1769 κλέους.
477 1707 540 1761 Οἲ
559 1709 601 1741 ³¹
653 1711 731 1780 τῷ
764 1712 864 1782 μὲν
916 1715 1249 1793 ἀποστερεῖν
1307 1723 1587 1774 κοινωνεῖν
1632 1721 1806 1793 ὄνομα

218 1795 480 1864 τίθενται,
519 1798 601 1871 τῷ
629 1801 688 1856 δὲ
736 1803 952 1873 φθονεῖν
999 1792 1335 1878 φιλοσοφεῖν,
1374 1810 1454 1883 τῷ
1494 1812 1542 1864 δ’
1578 1792 1807 1884 ἀπορεῖν

219 1888 495 1961 ὑπερορᾷν
520 1894 843 1963 χρημάτων.
879 1898 1375 1972 Ἐπαγγελλόμενοι
1405 1902 1462 1956 δὲ
1495 1904 1803 1976 φιλανθρω-
1835 1884 1879 1944 Β

219 1980 344 2033 πίαν
370 1982 589 2054 ὤνησαν
620 1988 720 2057 μὲν
742 1988 934 2043 οὐδένα
958 1990 1201 2059 πώποτε,
1223 1994 1593 2065 ὲπηρεάξουσι
1614 1997 1672 2050 δὲ
1688 2000 1800 2062 τοῖς

215 2075 545 2151 χρωμένοις.
606 2080 719 2134 Καὶ
752 2081 879 2143 τοὺς
921 2082 1019 2152 μὲν
1068 2083 1261 2148 ἄλλους
1297 2085 1407 2139 οὐδ’
1443 2088 1803 2152 ἀπαντῶντας

212 2170 403 2243 όρῶσι,
453 2170 643 2228 τῶνδὲ
676 2173 948 2230 πλουσίων
1003 2173 1166 2231 ἕινεκα
1223 2178 1302 2240 είς
1344 2177 1441 2249 τὴν
1501 2180 1801 2251 ὑπεροριάν

212 2260 565 2333 ἀπαίρουσιν,
595 2263 785 2337 ὥσπερ
819 2265 869 2319 οἱ
912 2266 1123 2337 Φρύγες
1180 2269 1228 2321 οί
1258 2265 1366 2322 τῶν
1406 2267 1603 2324 ἐλαιῶν
1640 2269 1803 2323 ἕνεκα

211 2350 309 2419 τῆς
336 2352 628 2425 συλλογῆς,
654 2355 703 2408 οἳ
725 2358 819 2411 καὶ
838 2357 883 2389 ³³
909 2359 1417 2429 προσιόντωνεὺθὺς
1436 2359 1716 2429 ὤσφροντο
1734 2360 1799 2414 ³³.

213 2435 368 2495 Οὗτοι
394 2444 440 2475 ⁸⁸
482 2445 590 2516 γάρ
605 2447 649 2479 ³⁵
685 2448 826 2501 εἰσιν
850 2450 899 2501 ei
936 2450 1035 2521 τὴν
1067 2452 1163 2519 μὲν
1215 2452 1601 2521 ἀναισχυντίαν
1648 2452 1800 2505 ἐλευο

212 2531 400 2604 θερίαν
435 2536 772 2606 νομίζοντες,
826 2540 888 2591 τὸ
932 2538 980 2593 δ’
1019 2541 1425 2611 ἀπεχθάνεσθαι
1484 2544 1800 2614 παρρτισιά⁸

212 2623 419 2690 ξεσθαι,
471 2628 534 2679 τὸ
580 2626 638 2681 δὲ
687 2628 994 2699 λαμϐάνειν
1056 2631 1626 2702 φιλανθρωπεύεσθαι.
1706 2634 1801 2698 Είς

207 2714 355 2770 τοῦθ’
380 2718 428 2749 ³⁸
463 2718 659 2788 ἥκουσι
701 2721 803 2788 τῆς
829 2720 873 2752 ³⁷
916 2721 1129 2790 σοφίας,
1177 2723 1317 2775 ὥστε
1344 2724 1607 2794 ἀργύριον
1636 2726 1736 2793 μὲν
1757 2726 1801 2758 ³⁸

208 2807 269 2859 οὐ
329 2811 688 2879 πράττονται,
743 2813 1014 2884 ἀργυρίου
1036 2815 1079 2847 ³⁹
1127 2815 1173 2868 δ’
1201 2815 1247 2847 ⁸⁰
1282 2815 1449 2879 ἀξίως
1498 2817 1800 2886 λαμϐάνειν

208 2899 557 2956 ἐπίστανται.
596 2903 718 2957 Κᾶν
749 2906 848 2975 μέν
864 2922 929 2975 γε
959 2904 1099 2978 τύχῃ
1133 2923 1219 2971 τις
1270 2908 1493 2961 ἔλαττον
1555 2910 1798 2980 πέμψας,

208 2991 502 3061 ἐνέμειναν
530 2994 610 3064 τῷ
635 2995 906 3067 δόγματι1’
933 2996 999 3051 ἂν
1021 2997 1077 3051 δὲ
1104 2999 1395 3071 ἁδρότερον
1420 3000 1482 3053 τὸ
1502 3000 1543 3031 ⁸¹
1577 3002 1801 3055 σακκίον

207 3083 392 3148 αὐτοῖς
419 3085 467 3117 δ’
489 3088 654 3158 φανῇ,
678 3088 923 3159 Γοργόνα
952 3090 1199 3160 Περσεὺς
1227 3091 1580 3163 ἐχειρώσατο.
1611 3095 1736 3159 Τοῖς
1755 3094 1801 3127 ⁴³

209 3178 268 3228 ἐν
296 3178 636 3250 Παλαιστίνῃ
663 3179 951 3235 δυσσεϐέσι
989 3183 1352 3253 παραπλήσια
1380 3185 1506 3249 τοὺς
1537 3186 1796 3256 τρόπους.

206 3266 321 3320 Καὶ
350 3270 465 3341 γὰρ
501 3271 734 3335 ἐκείνοις
765 3272 912 3326 τοῦτ’
955 3272 1074 3327 ἔστι
1134 3274 1403 3346 σύμϐολον
1457 3276 1557 3348 τῆς
1607 3278 1799 3331 δυσσε-

209 3356 385 3422 ϐείας,
420 3359 506 3412 ὅτι
558 3362 686 3425 τοὺς
736 3360 1021 3432 κρείττους
1056 3363 1116 3415 οὐ
1154 3364 1470 3435 νομίζουσι’
1509 3368 1605 3421 καὶ
1654 3361 1801 3421 οὗτοι

204 3450 413 3520 τρόπον
452 3451 574 3505 τινὰ
597 3454 867 3521 ἀφεστᾶσι
898 3455 1006 3507 τῶν
1053 3455 1346 3529 Ἑλλήνων,
1381 3457 1583 3528 μᾶλλον
1612 3459 1668 3513 δὲ
1709 3461 1803 3513 καὶ

207 3539 434 3593 πάντων
456 3541 565 3595 τῶν
598 3544 925 3614 κρειττόνων
942 3544 1007 3612 ⁸⁵,
1034 3545 1103 3599 τὰ
1138 3548 1238 3617 μὲν
1286 3548 1422 3602 ἀλλα
1470 3550 1803 3619 ἀφωνότεροι

205 3633 309 3703 τῆς
348 3635 512 3698 σκιᾶς
540 3636 641 3705 τῆς
695 3636 929 3704 ἑαυτῶν,
963 3637 1186 3693 ἐπειδάν
1240 3640 1299 3693 δέ
1357 3658 1511 3705 τινας
1568 3641 1801 3695 είπεῖν⁸⁸

208 3722 399 3786 κακῶς
440 3723 537 3797 δέῃ
560 3727 655 3778 καὶ
672 3726 1033 3795 διαϐαλεῖνδθ,
1070 3727 1149 3799 τῷ
1198 3729 1499 3801 Δωδωναίῳ
1554 3730 1653 3801 μὲν
1702 3731 1805 3785 οὐκ

206 3813 273 3867 ἂν
297 3816 554 3880 εἰκάσαις
588 3818 786 3881 αὐτοὺς
819 3819 1058 3891 χαλκείῳ
1083 3838 1095 3851 ·
1136 3822 1211 3892 μὴ
1242 3820 1374 3892 γὰρ,
1410 3814 1457 3875 ὧ
1506 3821 1644 3876 Ζεῦί
1679 3825 1803 3887 ταῖς

203 3905 261 3959 δὲ
289 3908 489 3977 ὲμπίσι
516 3912 637 3974 ταῖς
666 3912 725 3963 ὲν
760 3910 841 3981 τῷ
894 3912 1072 3984 σκότῳ
1128 3911 1479 3982 βομϐούσαις.
1517 3913 1805 3982 Συγκατα-

206 4002 425 4071 πρᾶξαι
458 4002 558 4071 μέν
585 4020 639 4056 τι
696 4002 807 4057 τῶν
875 4004 1105 4059 δεόντων
1152 4006 1411 4060 ἁπάντων
1443 4006 1488 4038 ⁵⁷
1531 4006 1806 4078 ἀχρηστό-

200 4110 385 4157 τατοι,
415 4092 657 4167 διορύξαι
685 4095 741 4148 δὲ
763 4096 940 4150 οἰκίαν
962 4097 1058 4152 καὶ
1070 4098 1324 4169 ταράξαι,
1351 4098 1445 4153 καὶ
1469 4097 1805 4171 συγκροῦσαι

202 4185 333 4247 τοὺς
361 4183 512 4237 ἔνδον
553 4184 691 4255 πρὸς
719 4186 1014 4257 ἀλλήλους,
1046 4187 1144 4240 καὶ
1180 4188 1353 4257 φῆσαι
1390 4188 1549 4241 πάντ’
1607 4187 1805 4251 αὐτοὺς

202 4276 533 4347 διοικήσειν,
572 4279 792 4334 πάντων
850 4277 1169 4334 δεινότατοι.
1235 4278 1582 4342 Καταδύντες
1637 4277 1693 4331 δὲ
1724 4280 1804 4342 είς

202 4369 334 4432 τοὺς
370 4370 661 4440 χηραμοὺς
689 4373 807 4425 ἐκεῖ
836 4373 907 4426 τὰ
936 4371 1228 4442 θαυμαστὰ
1286 4373 1619 4441 σοφίζονται,
1677 4373 1805 4444 σκιᾷ

202 4479 315 4515 τινι
372 4461 556 4530 λόγοις
609 4464 985 4528 ἀνασπῶντες,
1031 4464 1137 4535 ἔφη
1187 4464 1284 4519 6⁸⁸
1344 4463 1643 4534 Σοφοκλῆς,
1713 4463 1804 4517 τὸν

1908 637 2156 705 possint,
2206 639 2473 695 invident.
2531 640 2685 709 Quod
2736 645 2781 699 si
2840 645 3043 718 438a
3085 650 3210 720 quis
3256 653 3388 722 ipsis
3434 657 3502 714 de

1907 727 2248 783 continentia
2304 729 2706 798 diSputantibus
2755 737 3037 805 oppositus
3086 738 3369 807 placentas
3421 743 3500 816 (5)

1906 818 2157 873 ostendat
2204 828 2259 873 et
2308 820 2561 888 monilia,
2619 823 2857 895 linguam
2919 828 3231 898 demittunt,
3284 842 3348 888 ut
3403 849 3502 890 en-

1906 923 2022 965 sem
2072 908 2350 967 Menelaus
2412 910 2515 985 (6).
2564 913 2701 969 Nam
2752 917 2797 973 si
2846 917 3105 976 Helenam
3150 924 3371 980 videant
3422 927 3503 996 ip-

1906 1015 2054 1068 sam,
2118 1001 2381 1057 Helenam
2438 1006 2655 1060 auteml
2721 1009 2767 1064 si
2831 1010 2918 1064 vel
2975 1013 3227 1069 ancillam
3282 1016 3500 1086 qualem

1908 1091 2064 1147 ﬁnxit
2112 1092 2407 1151 Menander
2444 1095 2759 1169 Phrygiam,
2820 1100 3105 1172 Sophoclis
3142 1114 3356 1176 satyros
3407 1122 3497 1163 re-

1907 1197 2035 1237 vera
2078 1198 2177 1253 pro
2219 1185 2428 1243 ludicro
2481 1199 2676 1245 curant
2725 1191 2937 1249 haberi.
2993 1194 3095 1262 Qui
3135 1200 3501 1267 privationem

1907 1282 2107 1330 vocant
2163 1278 2601 1335 communionem
2660 1281 2774 1352 (7);
2822 1283 3088 1349 invidiam
3146 1294 3332 1341 autem
3379 1287 3500 1355 phi—

1906 1365 2249 1435 losophiam,
2324 1376 2381 1423 et
2455 1370 2694 1440 inopiam
2773 1374 3016 1442 pecuniae
3100 1384 3496 1447 contemptum.

1906 1456 2042 1512 Cum
2124 1466 2305 1513 autem
2381 1460 2772 1518 humanitatem
2852 1465 3251 1534 proﬁteantur,
3322 1469 3501 1524 nemi-

1909 1561 2029 1600 nem
2074 1547 2329 1615 juverunt
2359 1565 2620 1620 unquam,
2665 1562 2722 1607 et
2766 1554 2858 1623 qui
2895 1554 3062 1611 voluit
3108 1556 3243 1626 ipsis
3275 1557 3373 1623 uti,
3404 1571 3499 1614 eos

1909 1634 2188 1691 infestant.
2241 1639 2311 1693 Et
2354 1640 2491 1697 alios
2535 1642 2755 1712 quidem
2811 1644 2901 1699 vix
2950 1654 3302 1703 occurrentes
3352 1648 3498 1718 aspi—

1908 1725 2078 1793 ciunt,
2114 1726 2340 1783 divitum
2390 1738 2567 1786 autem
2602 1734 2775 1802 gratia
2831 1735 2896 1790 ad
2934 1736 3070 1792 lines
3117 1740 3354 1809 regionis
3400 1754 3498 1795 oc-

1909 1826 2157 1884 currunt,
2190 1823 2646 1889 quemadmodum
2675 1825 2916 1898 Prhyges
2951 1838 3175 1899 propter
3202 1831 3371 1888 oleas.
3400 1832 3489 1886 Et-

1913 1906 2057 1960 enim
2091 1908 2144 1962 hi
2173 1920 2322 1977 sunt,
2357 1914 2452 1984 qui
2487 1913 2875 1985 impudentiam
2904 1928 2959 1971 et
3001 1919 3263 1975 oil‘ensam
3306 1930 3500 1990 putant

1912 2011 2033 2051 esse
2061 1997 2393 2068 libertatem,
2421 2003 2813 2059 humanitatem
2843 2005 2899 2060 in
2930 2006 3245 2070 accipiendo
3266 2018 3495 2075 ponunt.

1911 2086 2089 2154 Quid?
2114 2092 2256 2159 quod
2293 2091 2359 2145 ad
2398 2106 2517 2147 eam
2569 2094 2891 2164 sapientiam
2919 2102 3287 2165 pervenerunt
3313 2103 3372 2149 ut
3401 2109 3499 2164 pe-

1911 2179 2126 2235 cuniam
2176 2195 2286 2235 non
2330 2181 2570 2253 exigant,
2602 2185 2745 2252 quod
2787 2193 2971 2240 autem
3003 2187 3289 2254 pecuniam
3332 2187 3496 2253 valet,

1910 2269 2162 2339 accipere
2195 2270 2399 2338 norint,
2430 2270 2485 2325 in
2532 2274 2799 2329 sententia
2843 2285 3192 2345 perseverent
3222 2295 3235 2333 :
3269 2277 3352 2332 sin
3381 2283 3500 2331 tur-

1909 2358 2086 2429 gidior
2118 2360 2191 2416 sit
2234 2360 2456 2420 etIectus
2494 2365 2744 2422 sacculus
2776 2366 3086 2437 Gorgonem
3120 2371 3325 2439 ceperit
3366 2367 3500 2425 Per-

1908 2464 2055 2506 seus.
2092 2449 2209 2507 Non
2242 2453 2405 2508 alieni
2453 2455 2520 2511 ab
2552 2445 2840 2524 impio'rum
2867 2458 3285 2515 Palmstinorum
3328 2460 3498 2513 mori-

1908 2540 2030 2595 bus.
2061 2538 2196 2595 Nam
2222 2546 2276 2597 et
2304 2543 2378 2597 illi
2411 2544 2513 2599 hoc
2543 2545 2745 2599 habent
2770 2546 3061 2616 impietatis
3088 2548 3325 2617 signum,
3351 2550 3499 2619 quod

1909 2632 2038 2686 deos
2065 2646 2188 2687 esse
2210 2648 2320 2688 non
2350 2644 2560 2703 putent,
2587 2645 2750 2705 atque
2774 2636 2829 2691 hi
2858 2652 2887 2691 a
2916 2637 3142 2707 Graecis,
3173 2649 3337 2710 atque
3360 2641 3500 2697 adeo

1906 2724 2067 2778 bonis
2108 2725 2363 2780 omnibus
2412 2727 2810 2795 quodammodo
2860 2730 3217 2798 dissentiunt,
3259 2733 3312 2787 in
3367 2732 3500 2787 reli~

1907 2812 2029 2882 quis
2081 2812 2301 2881 quidem
2349 2814 2511 2870 rebus
2556 2816 2745 2871 umbra
2793 2831 2890 2871 sua
2939 2818 3117 2886 magis
3165 2818 3499 2873 mutizcnm

1911 2912 2090 2956 autem
2124 2902 2320 2972 aliquis
2345 2903 2718 2960 criminandus
2763 2914 2820 2960 et
2843 2906 3255 2963 calumniandus
3276 2915 3381 2973 est,
3409 2908 3502 2965 vix

1908 2996 2002 3047 aeri
2036 2993 2337 3062 Dodonaeo,
2372 3011 2563 3052 verum
2612 2996 2873 3054 culicibus
2916 3000 3099 3069 potius
3156 3000 3212 3054 in
3258 3001 3501 3057 tenebris

1908 3087 2375 3158 perstrepentibus
2410 3090 2748 3156 conferendi,
2780 3092 2844 3146 ad
2889 3106 3003 3146 rem
3036 3093 3273 3149 maxime
3314 3108 3503 3149 neces-

1909 3186 2109 3239 sariam
2157 3187 2518 3255 peragendam
2554 3187 2791 3242 maxime
2830 3188 3067 3256 inutiles,
3103 3188 3171 3243 ad
3206 3190 3350 3244 aedes
3376 3203 3501 3260 per-

1908 3278 2185 3348 forandas,
2206 3293 2261 3340 et
2291 3285 2690 3354 perturbandos
2716 3293 2879 3357 atque
2908 3287 3049 3342 inter
3070 3302 3129 3342 se
3151 3289 3501 3343 committen-

1904 3373 2003 3429 dos
2057 3374 2409 3440 domesticos,
2447 3390 2772 3446 omnemque
2819 3376 3349 3433 administrationem
3392 3378 3502 3433 sibi

1904 3464 2295 3534 arrogandam,
2342 3466 2586 3521 omnium
2649 3468 2940 3537 aptissimi.
3003 3468 3111 3523 Sed
3161 3469 3215 3525 in
3274 3469 3502 3525 latibula

1906 3557 2173 3613 submersi
2240 3558 2485 3611 miranda
2537 3559 2786 3628 quaedam
2848 3560 3371 3626 comminiscuntur,
3429 3563 3501 3615 ad

1907 3647 2158 3703 Umbram
2190 3647 2381 3703 nescio
2412 3663 2574 3718 quam
2612 3652 2774 3704 verba
2810 3659 3143 3719 eructantes,
3177 3652 3353 3721 inquit
3396 3650 3501 3707 So—

1908 3740 2149 3811 phocles,
2188 3741 2531 3797 anthericum
2579 3751 2864 3806 metentes,
2895 3742 3191 3798 funiculum
3236 3744 3291 3799 in
3330 3758 3502 3798 arena

1909 3842 2215 3899 nectentes,
2249 3833 2407 3889 telam
2448 3834 2635 3889 nescio
2666 3849 2828 3903 quam
2860 3842 3188 3891 retexentes.
3222 3834 3502 3902 Quantum

1907 3926 2053 3980 enim
2080 3925 2132 3979 in
2155 3924 2422 3995 sapientia
2443 3926 3104 3996 proﬁciunt,tantumdem
3124 3927 3376 3981 amittunt
3394 3926 3499 3997 (8),

1910 4032 2239 4088 magnopere
2268 4017 2371 4073 sibi
2406 4018 2703 4088 placentes,
2731 4033 2853 4074 cum
2891 4018 3177 4074 rhetoricae
3204 4017 3501 4073 maledixe~

1906 4111 2039 4175 rint,
2084 4112 2241 4181 quasi
2284 4126 2391 4166 non
2421 4111 2585 4167 etiam
2622 4113 2807 4167 famuli
2840 4112 3037 4185 4381)
3068 4127 3230 4183 saepe,
3260 4128 3322 4168 ac
3356 4129 3500 4183 prae-

1909 4204 2096 4258 sertim
2123 4204 2420 4272 magistrae,
2452 4203 2704 4260 dominos
2740 4206 2880 4259 intra
2913 4208 3101 4261 dentes
3125 4207 3498 4262 exsecrentur.

1909 4291 2217 4358 Quinetiam
2241 4300 2457 4364 satyrus
2482 4292 2560 4364 (9)
2584 4295 2806 4363 quidam
2836 4294 3085 4349 scenicus
3109 4295 3237 4350 olim
3259 4306 3343 4351 est
3367 4295 3505 4350 Her-

1908 4381 2015 4437 culi
2047 4382 2400 4452 imprecatus,
2434 4383 2500 4436 ad
2535 4383 2692 4453 cujus
2732 4384 3026 4437 adventum
3062 4382 3347 4438 confestim
3382 4398 3505 4440 suc-

1909 4473 2114 4529 cubuit.
2142 4472 2252 4528 Nec
2278 4474 2553 4529 immerito
2583 4475 2837 4529 videntur
2868 4475 2999 4528 mihi
3038 4475 3248 4529 cunctis
3281 4476 3507 4530 maledi-

201 4552 481 4624 ἀνθέρικα
520 4554 848 4621 θερίζοντες,
893 4555 954 4609 τὸ
973 4556 1017 4589 ιθ
1071 4558 1135 4609 ὲκ
1181 4556 1280 4624 τῆς
1328 4554 1515 4626 ἄμμου
1569 4552 1802 4624 σχοινίον

1912 4580 2057 4632 cere,
2090 4566 2527 4637 quandoquidem
2577 4567 2675 4622 hac
2718 4581 2776 4620 re
2820 4567 3109 4635 plurimum
3161 4567 3363 4633 valent,
3409 4570 3507 4639 qui

204 4646 532 4711 πλέκοντες,
568 4648 669 4701 ούκ
703 4643 799 4701 οἷδ’
827 4650 1012 4702 ὅντινα
1054 4649 1204 4702 ἱστὸν
1261 4647 1589 4711 ἀναλύοντες
1614 4664 1628 4677 °
1677 4648 1803 4701 ὅσον

202 4737 318 4807 γὰρ
345 4736 414 4790 ἂν
455 4738 776 4809 προκόψωσι
805 4739 903 4810 τῆς
964 4739 1176 4807 σοφίας,
1223 4737 1475 4791 τοσοῦτον
1532 4738 1803 4806 ἀνταφαι-

203 4827 392 4896 ροῦσι,
434 4827 645 4897 μεγάλα
659 4829 705 4860 ⁸⁸
737 4826 1084 4899 φρονοῦντες,
1120 4828 1214 4883 ἐὰν
1245 4825 1545 4901 ῥητορικὴν
1605 4825 1802 4880 εἴπωσι

201 4916 421 4980 κακῶς,
456 4915 624 4988 [i315
652 4915 747 4988 8.]
778 4917 968 4987 ὥσπερ
991 4912 1084 4970 οῦν
1115 4917 1208 4970 καὶ
1254 4918 1384 4980 τοὺς
1430 4915 1651 4979 δούλους
1685 4917 1800 4980 τοῖς

197 5006 506 5070 δεσπόταις
561 5006 654 5060 ὑπ’
685 5008 896 5061 ’ὀδόντα
938 5006 981 5041 ⁵¹
1015 5006 1280 5071 πολλάκις
1336 5006 1795 5078 καταρωμένους,

200 5102 301 5153 κοιλ⁸
340 5101 578 5170 μάλιστα
604 5102 733 5165 τοὺς
765 5100 1061 5171 μαστιγίας
1094 5099 1297 5154 αὐτῶν.
1333 5098 1473 5171 Ἤδη
1503 5099 1562 5152 δέ
1583 5116 1667 5162 τις
1705 5099 1804 5152 καὶ

1909 4667 1968 4714 ut
2010 4658 2213 4713 nullius
2253 4658 2488 4712 hominis
2522 4656 2854 4713 mentionem
2898 4656 3121 4721 faciant,
3154 4656 3294 4712 male
3321 4664 3505 4712 tamen

1908 4746 2095 4802 dicunt
2118 4746 2323 4814 omnia,
2352 4746 2423 4802 ita
2448 4746 2590 4815 quod
2615 4746 2816 4819 habent
2838 4748 2889 4803 in
2915 4747 3148 4802 medium
3182 4746 3493 4803 conferunt.

1906 4840 2087 4909 Atque
2154 4837 2319 4893 etiam
2383 4838 2812 4908 pulcherrimum
2877 4838 3239 4910 philosophia:
3302 4854 3508 4895 nomen

1908 4933 2012 4989 sibi
2040 4933 2307 4998 tribuunt,
2332 4932 2488 5003 quasi
2516 4932 2694 4987 locum
2721 4931 2776 4987 in
2806 4928 3020 4997 theatro
3040 4941 3506 5004 praeoccupasent.

1912 5026 2090 5096 Atque
2140 5025 2417 5094 equidem,
2454 5032 2509 5079 et
2552 5022 2766 5079 Platoni
2812 5026 3053 5081 debitum
3092 5028 3353 5082 honorem
3407 5023 3508 5079 tri-

1919 5121 2031 5185 bui,
2064 5128 2120 5175 et
2168 5119 2413 5173 virorum
2447 5116 2700 5187 dignitati
2740 5132 2897 5187 Opem
2932 5117 3028 5173 tuli
3072 5134 3180 5174 non
3212 5116 3506 5187 ignaviter.

1510 5212 1747 5269 VARhE
1788 5208 2197 5270 LECTIONES.

305 5307 328 5337 ⁹
368 5308 479 5370 τοῖς
505 5309 696 5371 κακοῖς
712 5308 891 5372 ἄλλοις
921 5326 981 5373 ς.
1049 5308 1093 5340 ³⁰
1120 5308 1291 5364 ταῦτα
1316 5308 1583 5379 πράττειν
1612 5312 1672 5364 οὐ
1710 5315 1755 5364 Δ
1783 5327 1800 5365 :
1838 5311 2101 5383 πράττειν
2138 5306 2310 5363 ταῦτα
2337 5322 2401 5369 ς.
2461 5304 2503 5336 ³¹
2537 5302 2613 5375 οἳ]
2636 5296 2789 5387 οὗτοι
2844 5307 2909 5359 Α.
2982 5304 3028 5337 ³⁸
3064 5305 3114 5357 οἳ
3142 5302 3255 5359 καὶ.
3323 5303 3368 5337 ⁸³
3397 5301 3512 5357 ὥσ-

305 5393 415 5428 )ντο
435 5393 545 5428 om.
579 5377 648 5428 A.
721 5379 767 5410 “
806 5375 973 5428 οὗτοιι
1009 5393 1063 5428 n-
1100 5379 1223 5428 515.
1294 5378 1338 5411 ⁸⁸
1354 5381 1463 5428 γάρ
1500 5397 1611 5428 om-
1636 5382 1700 5428 Α-
1775 5383 1820 5414 ³ο
1859 5379 2003 5428 τοῦθ’
2036 5381 2116 5428 A:
2147 5378 2305 5428 τοῦτο
2338 5376 2467 5428 δ’.’ς·.
2526 5374 2569 5405 ³⁷
2601 5392 2700 5428 της
2718 5390 2825 5428 om.
2853 5377 2918 5427 Α.
2969 5374 3015 5406 ³⁸
3049 5377 3168 5428 μὲν.
3250 5374 3294 5407 ³⁹
3329 5374 3510 5428 άογυ-

201 5393 415 5462 φροντο
435 5393 545 5430 om.
579 5377 648 5430 A.
721 5379 767 5410 “
806 5377 973 5450 οὗτοι]
1009 5393 1063 5446 p.
1100 5379 1223 5435 515.
1294 5378 1338 5411 ⁸⁸
1354 5377 1463 5449 γάρ
1500 5397 1611 5436 om.
1635 5382 1700 5435 Α.
1775 5383 1820 5414 ⁸⁸
1859 5377 2003 5435 τοῦθ’
2035 5381 2116 5435 A:
2147 5378 2305 5431 τοῦτο
2338 5377 2467 5438 8'59-
2526 5377 2569 5405 ³⁷
2601 5377 2700 5443 τῆς
2718 5390 2825 5428 οῐη-
2853 5377 2918 5427 Α·
2969 5377 3015 5406 ³⁸
3048 5377 3168 5444 μὲν.
3215 5377 3294 5475 ⁸³³
3329 5377 3509 5444 ἀργυ-

200 5445 1378 5547 9:13.21??sz6'].3°§;’§Z.-::."3“A‘x‘q’
1399 5466 1462 5547 ἳί
1492 5450 1772 5547 ιδῖἓὺτῗῖί
1794 5454 2001 5547 Ἧι.ῧὲ
2046 5450 2239 5547 ficii
2266 5447 2342 5547 (E'
2374 5442 2501 5547 δίῒέ
2538 5443 3260 5547 .flff‘:““t‘:’l£3“a§:.-.'
3289 5445 3410 5547 ἷῗῗὶ
3440 5444 3509 5547 ξ’

231 5518 252 5547 ⁸
282 5515 599 5570 διαϐάλλειν
613 5518 680 5571 Α.
722 5512 806 5549 ’⁸⁷
836 5520 1098 5574 ἁπάντων
1118 5534 1231 5574 om.
1260 5512 1327 5575 λ.
1349 5512 1362 5521 ’
1416 5521 1462 5552 ⁵⁸
1490 5522 1518 5575 ὀ
1542 5537 1653 5577 om.
1676 5512 1766 5577 Α(
1824 5524 1868 5554 ⁵³
1906 5522 2023 5592 θερ.
2063 5521 2157 5573 καὶ
2180 5518 2241 5573 τὸ
2276 5512 2348 5580 ξ’.

2456 5515 2501 5549 ⁵⁰
2535 5514 2682 5585 μέγα
2714 5532 2774 5577 ς.
2850 5516 3019 5583 ’ίδὺπ’
3060 5515 3249 5569 ὀδόντα
3294 5530 3404 5570 om.
3435 5518 3506 5573 Α,

1734 5612 1971 5671 ΝΟΤιιΕ.

285 5702 370 5771 (5)
401 5700 705 5771 Utrumque
745 5704 956 5773 species
992 5706 1275 5774 placentae.

282 5775 372 5844 (εἰ)
394 5774 796 5844 Andromache.
826 5776 967 5844 apud
997 5775 1242 5842 Euripid.

284 5776 347 5839 (6
394 5775 796 5827 Andromache.
826 5776 967 5844 apud
997 5775 1242 5842 Euripid.

284 5775 372 5912 (7i
402 5843 516 5897 Hoc
538 5845 998 5910 -reprehendendo
1041 5846 1317 5901 Platonem
1348 5845 1501 5903 dicit.

430 5937 706 5999 PATBOL.
743 5932 863 5998 Gn.
898 5936 1051 5999 CIII.

2015 5703 2070 5780 ξ)
2099 5702 2201 5780 Per
2228 5701 2427 5757 malam
2459 5702 2697 5780 ipsorum
2726 5700 3071 5780 sententiam.
3216 5770 3228 5780 _
3394 5768 3428 5780 υ
3469 5768 3481 5780 ,

2015 5705 2047 5758 8
2099 5705 2201 5758 Per
2228 5705 2427 5757 "mam
2459 5705 2697 5769 iimorum
2726 5705 3071 5756 sententiam.
3417 5768 3428 5779 .
3469 5768 3481 5780 O

1916 5705 2369 5901 Βᾶἱῖξῂδοιγτυε
2423 5774 2681 5842 quidam,
2742 5786 2847 5827 non
2899 5773 3044 5829 enim
3108 5770 3323 5843 genium
3377 5768 3509 5824 dlcn

3070 5932 3163 5994 5οι
