3960 6424
468 364 605 429 1579
1621 358 1886 420 ΡΗΟΤΙΙ
1924 361 2064 420 ΡΑΤ

2173 361 2433 422 ARCHE
2470 362 2578 423 CP.
3607 363 3739 427 1580

464 474 619 544 Quod
647 473 692 531 si
724 472 849 547 quis
888 472 1007 529 haec
1042 470 1281 527 refutare
1312 477 1515 543 potest,
1544 469 1591 525 si
1630 470 1683 524 id
1711 470 1900 526 eadem
1934 484 2053 525 ser-

2173 472 2401 543 Σάτυρος
2429 472 2538 526 τῶν
2564 470 2657 526 ἐπὶ
2682 475 2888 544 σκηνῆς
2936 471 3288 544 κατηράσατο
3342 472 3423 546 τῷ
3460 471 3738 545 Ἡρακλεῖ,

462 578 585 623 vata
631 564 763 621 mihi
817 563 1220 632 benevolentia,
1279 578 1389 635 qua
1444 561 1728 617 Platonem
1769 575 1870 631 ego
1924 575 2046 616 sum

2173 559 2345 632 εἶτάγ¹
2382 562 2551 632 ἔκυψε
2606 565 2929 636 προσιόντος
2977 563 3129 619 κάτω
3157 565 3206 596 ⁸³
3258 564 3487 629 εἰκότως
3534 565 3593 619 δέ
3649 584 3739 636 μοι

461 664 808 731 prosecutus,
846 656 1060 723 fecerit,
1104 671 1227 711 eum
1272 670 1373 728 ego
1417 671 1565 713 nunc
1590 664 1648 711 et
1679 653 1734 709 in
1762 663 2046 725 posterum

2173 653 2432 709 ῑοκοῦσι⁵³
2462 654 2648 719 κακῶς
2678 656 2928 720 ἅπαντας
2956 655 3137 725 λέγειν
3152 655 3199 689 ⁸⁸
3220 671 3239 688 ⁸
3268 656 3406 710 πολὺ
3422 655 3533 727 γὰρ
3557 656 3740 722 αὐτοῖς

463 751 697 806 amicum
728 765 837 805 non
863 750 1077 805 hostem
1109 749 1391 818 iudicabo.

2173 746 2248 801 τοῦ
2272 746 2602 818 πράγματος
2631 749 2935 819 περίεστιν,
2969 749 3021 804 οἵ
3052 765 3117 817 γε
3132 748 3237 804 κᾶν
3269 748 3503 820 μηδενὸς
3524 747 3739 819 ἀνθρώ-

462 860 582 905 πων
617 844 1024 915 μεμνήσωνται,
1086 844 1305 913 λέγουσι
1369 844 1416 898 δ’
1474 843 1511 899 ἃ
1548 844 1767 913 λέγουσι
1811 843 2019 907 κακῶς
2050 841 2193 896 ὥστε
2224 843 2318 913 ἀφ’
2346 836 2422 899 ὧν
2455 844 2640 916 έχουσι
2662 845 3000 917 χαρίζονται.
3026 840 3161 899 Εἶτα
3209 846 3271 900 τὸ
3318 845 3599 901 κάλλιπον
3633 845 3741 899 τῶν

461 933 750 1005 ὀνομάτων
790 934 977 997 αὐτοῖς
1030 933 1326 1001 τέθεινται,
1382 934 1725 1003 φιλοσοφίαν,
1791 931 1982 1002 ὥσπερ
2039 929 2168 987 θέαν
2206 933 2728 1003 προκατειληφότες.
2780 932 2923 1003 Ἐγὼ
2947 933 2994 966 ⁸⁵
3030 934 3129 1005 μὲν
3179 933 3275 989 οὖν
3322 933 3452 1007 [712
3492 934 3587 1007 IL]
3648 937 3742 992 καὶ

463 1026 716 1082 Πλάτωνι
745 1025 844 1093 τὴν
874 1027 1261 1097 προσήκουσαν
1314 1026 1481 1097 τιμὴν
1506 1024 1803 1096 άπένειμα,
1868 1026 1966 1080 καὶ
2005 1027 2121 1089 τοῖς
2159 1026 2386 1097 ἀνδράσι
2429 1029 2497 1082 τά
2541 1029 2826 1100 πρέποντα
2855 1025 3167 1101 ἐϐοήθησα,
3192 1028 3289 1083 καὶ
3337 1027 3458 1101 οὐχὶ
3496 1032 3743 1102 προηκά-

466 1139 595 1193 μην.
636 1122 699 1175 Et
760 1119 820 1173 δέ
864 1137 951 1184 τις
1027 1122 1072 1154 ⁵⁸
1097 1121 1376 1175 ἀντειπεῖν
1443 1119 1560 1191 ἔχει
1599 1119 1837 1185 τούτοις,
1888 1119 2174 1189 φυλάττων
2228 1121 2355 1192 ἐμοὶ
2402 1122 2503 1194 τὴν
2560 1123 2684 1195 ῐσην
2729 1123 3007 1195 εὐφημίαν
3053 1122 3295 1195 ὅσηνπερ
3333 1120 3444 1191 ἐγὼ
3470 1121 3739 1191 Πλάτωνι,

462 1212 675 1278 τοῦτον,
716 1211 853 1282 ἐγὼ]
867 1212 961 1265 καὶ
997 1210 1092 1266 νῦν
1151 1210 1247 1264 καὶ
1306 1209 1537 1281 ὕστερον
1575 1210 1749 1280 φίλον,
1801 1211 1903 1264 οὐκ
1935 1209 2129 1281 ἐχθρὸν
2167 1211 2339 1282 κρίνω
2360 1213 2429 1267 ⁵⁷.

1120 1324 1399 1383 CCXLIX.

835 1438 1099 1507 Esset-pta
1128 1452 1156 1491 e
1191 1435 1317 1491 Vita
1350 1435 1693 1509 Pythagorae.

534 1547 792 1621 Legimus
813 1556 871 1604 et
916 1545 1089 1603 Vitam
1118 1545 1469 1617 Pythagorae.

533 1659 784 1731 Excepit,
841 1658 1042 1729 inquit,
1105 1659 1336 1715 docendi
1391 1673 1624 1716 munere
1690 1659 2053 1733 Pythagoram

2840 1331 3021 1387 ΣΜΘθ.

2480 1506 2491 1523 Ι
2658 1445 3011 1513 Πυθαγόρου
3042 1444 3203 1510 βίος.

2243 1552 2589 1624 Ἀνεγνώσθη
2622 1556 2975 1625 Πυθαγόρου
3003 1556 3166 1623 βίος.

2230 1666 2354 1719 ’Ότι
2385 1664 2572 1732 ἔνατος
2590 1667 2639 1701 ⁸⁸
2685 1668 2796 1723 άπὸ
2850 1670 3173 1743 Πυθαγόρου
3235 1671 3479 1744 διάδοχος
3528 1672 3738 1743 γέγονα,

466 1750 623 1807 Plato
650 1765 829 1806 nonus
855 1762 1161 1817 successor,
1185 1749 1439 1821 Archytae
1468 1749 1707 1806 senioris
1732 1749 2051 1819 discipulus,

2173 1754 2313 1825 ρησὶ,
2348 1755 2600 1822 Πλάτων,
2634 1758 2899 1830 Ἀρχύτου
2924 1760 3022 1815 τοῦ
3064 1761 3446 1833 πρεσϐυτέρου
3495 1762 3740 1834 μαθητὴς

466 1844 712 1899 decimus
752 1842 1099 1898 Aristoteles.
1165 1839 1490 1913 Pythagorae
1534 1851 1718 1897 autem
1779 1840 2055 1911 discipuli,

2154 1843 2471 1914 γενόμενος,
2491 1845 2721 1912 δέκατος
2748 1847 2807 1901 δὲ
2841 1848 3251 1921 ’Δριστοτέλης.
3306 1850 3429 1906 Τῶν
3459 1851 3519 1906 δέ
3562 1852 3743 1905 Πυθα-

464 1934 557 2006 qui
612 1933 1056 2005 contemplationi
1100 1932 1274 1989 dediti
1324 1941 1507 1998 erant,
1546 1931 1816 1989 Sebastici
1861 1930 1940 2004 [id
1974 1940 2059 1988 est

2173 1934 2323 2006 γόρου
2350 1938 2401 1989 οἱ
2432 1936 2535 2007 μὲν
2551 1932 2693 2009 ἦσαν
2720 1940 2853 2010 περὶ
2889 1939 2991 2011 τὴν
3022 1940 3260 2012 θεωρίαν
3302 1941 3740 2013 καταγινόμενοι,

463 2025 561 2099 pii]
606 2024 786 2082 vocati
842 2031 1003 2091 sunt;
1049 2024 1143 2096 qui
1193 2023 1343 2079 circa
1394 2024 1635 2083 humana
1678 2032 2055 2089 versarentur,

464 2121 721 2188 Politici;
768 2122 862 2192 qui
911 2119 1207 2186 mathesin,
1257 2116 1635 2189 geometriam,
1663 2114 2057 2171 astronomiam

464 2222 736 2280 amarent,
790 2210 1201 2277 Mathematici;
1246 2210 1342 2280 qui
1398 2207 1699 2265 familiares
1745 2208 1798 2262 ei
1845 2214 2057 2271 essent,

2168 2025 2331 2098 οἵπερ
2387 2027 2682 2083 ἐκαλοῦντο
2713 2029 3057 2097 Σεϐαστικοὶ,
3091 2032 3143 2086 oi
3167 2031 3227 2086 δέ
3250 2034 3381 2105 περὶ
3424 2031 3495 2088 τὰ
3529 2032 3742 2104 ἀνθρώ-

2161 2132 2317 2183 πινα,
2356 2118 2519 2190 οἵπερ
2544 2119 2841 2177 ἐκαλοῦντο
2863 2121 3170 2190 Πολιτικοὶ,
3193 2124 3246 2177 oi
3272 2123 3330 2177 δὲ
3372 2124 3503 2194 περὶ
3538 2124 3609 2178 τά
3639 2141 3743 2194 μα-

2161 2206 2406 2277 θήματα,
2454 2210 2810 2283 γεωμετρικὰ
2859 2211 2955 2266 καὶ
2984 2210 3381 2284 άστρονομικὰ.
3419 2211 3578 2284 οἵπερ
3614 2212 3743 2267 ἐκα-

466 2303 855 2377 Pythagorici:
890 2303 1203 2371 horumque
1245 2299 1490 2370 discipuli
1537 2298 1900 2370 Pythagorei;
1936 2298 2061 2368 qui-

2173 2296 2352 2353 λοῦντο
2380 2300 2796 2373 Μαθηματικοί.
2826 2304 2941 2358 Καὶ
2971 2305 3021 2359 οί
3056 2306 3155 2376 μὲν
3181 2304 3226 2338 ⁸³
3257 2303 3409 2376 αὐτῷ
3444 2303 3523 2375 τῷ
3562 2304 3748 2358 Πυθα-

466 2410 576 2466 que
620 2395 781 2450 aliter
812 2394 1155 2451 extrinsecus
1187 2407 1313 2448 eum
1364 2391 1736 2457 imitarentur,
1778 2389 2061 2461 Pythago-

2173 2393 2304 2465 γόρᾳ
2340 2397 2730 2467 συγγενόμενοι
2744 2398 2792 2431 ⁸⁸
2835 2397 3128 2454 ἐκαλοῦντο
3172 2398 3565 2471 Πυθαγορικοὶ,
3596 2401 3646 2452 οι
3684 2398 3746 2452 δέ

465 2487 638 2542 ristae.
664 2484 867 2542 Omnes
902 2485 956 2540 hi
988 2483 1317 2540 animalibus
1346 2481 1713 2549 abstinentes,
1746 2491 1899 2537 certo
1924 2491 2062 2537 tem-

2173 2484 2371 2539 τούτων
2416 2488 2661 2559 μαθηταῖ⁸
2692 2488 3080 2558 Πυθαγόρειοι,
3130 2491 3180 2544 oi
3229 2490 3287 2544 δὲ
3321 2489 3495 2554 άλλως
3546 2488 3747 2554 ἔξωθεν

467 2593 600 2646 pore
626 2594 659 2636 e
708 2577 948 2659 victimis
974 2570 1110 2633 Solis
1142 2575 1452 2647 gustabant.
1482 2575 1711 2629 Centum
1743 2583 1798 2628 et
1826 2582 2064 2643 quatuor

2173 2576 2409 2650 ζηλωταὶ
2478 2580 2912 2652 Πυθαγορισταί.
2978 2581 3296 2652 ’Δπείχοντο
3354 2581 3415 2635 δέ
3487 2580 3748 2652 ἐμψύχων

468 2670 675 2726 vixisse
730 2669 890 2725 annis
946 2667 1121 2723 fertur
1188 2667 1555 2738 Pythagoras,
1605 2674 1662 2720 et
1707 2664 2064 2722 Mnesarchus

2173 2669 2260 2722 καὶ
2312 2667 2455 2723 κατὰ
2518 2668 2715 2739 καιρὸν
2750 2669 2936 2740 [μόνον
2955 2669 2998 2702 ⁶¹
3054 2669 3255 2724 θυσιῶν
3304 2670 3572 2739 ἐγεύοντο.
3624 2669 3748 2723 Ὀτι

468 2766 767 2821 etiamnum
795 2763 1015 2833 juvenis
1065 2777 1209 2818 unus
1253 2761 1489 2815 filiorum
1537 2758 1770 2825 abiisse;
1801 2761 2064 2816 successit

2173 2758 2363 2813 ἑκατὸν
2395 2759 2491 2814 καὶ
2517 2760 2805 2833 τεσσάρων
2834 2760 3054 2830 λέγεται
3087 2762 3224 2817 ἐτῶν
3247 2762 3293 2793 ⁸⁸
3342 2762 3599 2833 ἐζηκέναι
3652 2760 3750 2814 τὸν

470 2857 602 2913 huic
623 2854 917 2926 Telauges,
953 2853 1200 2923 Saraque
1227 2861 1282 2908 et
1302 2850 1449 2923 Myia
1481 2850 1627 2911 illius
1659 2850 1805 2918 filiae,
1843 2850 2064 2922 ipsaque

2176 2848 2524 2921 Πυθαγόραν.
2579 2851 2693 2905 Καὶ
2742 2852 2773 2905 ό
2825 2852 2924 2923 μὲν
2956 2852 3287 2924 Μνήσαρχος
3337 2846 3418 2913 εἷς
3468 2850 3581 2905 τῶν
3612 2849 3751 2904 υίῶν

472 2948 719 3016 Theano,
760 2961 867 3002 non
900 2942 1169 3016 discipula
1208 2945 1397 3011 modo,
1432 2958 1622 2999 verum
1664 2953 1719 3000 et
1754 2943 1866 2998 lilia
1898 2943 2064 3000 fuisse

2173 2940 2334 2995 αὐτοῦ
2366 2941 2586 3011 λέγεται
2622 2942 2888 3015 νεώτερος
2916 2944 3264 3016 τελευτῆσαι,
3300 2943 3593 3015 Τηλαυγὴς
3639 2942 3696 2998 δὲ
3719 2941 3752 2997 ό

469 3047 869 3096 memorantur.
916 3035 1209 3103 Diﬂ‘erunt,
1254 3044 1316 3091 ut
1353 3035 1508 3089 aiunt
1557 3033 1909 3106 Pythagorei,
1947 3034 2064 3088 nni-

2173 3029 2362 3104 ἔτερος
2391 3032 2685 3100 διεδέξατο,
2717 3034 2815 3088 καὶ
2839 3034 3052 3107 Αίσάρα
3069 3035 3115 3068 ⁸⁸
3142 3035 3239 3090 καὶ
3285 3036 3433 3090 Μυῖα
3470 3037 3529 3090 ai
3578 3034 3749 3104 θυγα-

470 3140 558 3189 tas
588 3139 645 3187 et
685 3145 857 3185 unum
883 3146 897 3184 :
926 3128 1109 3185 unitas
1141 3128 1358 3199 quidem
1406 3127 1460 3181 in
1493 3126 1654 3181 rebus
1683 3141 1804 3195 quae
1835 3125 1935 3181 sub
1978 3126 2064 3180 in-

2173 3123 2346 3194 τέρες.
2377 3125 2489 3178 Καὶ
2513 3126 2548 3196 ἠ
2580 3124 2771 3179 Θεανὼ
2797 3126 2855 3180 δὲ
2901 3126 3124 3196 λέγεται
3157 3128 3219 3181 οὐ
3275 3127 3550 3200 μαθήτρια
3589 3127 3752 3198 μόνον

470 3223 753 3279 tellectum
799 3221 1027 3288 cadunt,
1078 3220 1148 3274 ab
1180 3219 1247 3275 iis
1277 3218 1607 3287 collocatur;
1641 3232 1808 3273 unum
1845 3232 1976 3273 vero
2008 3216 2064 3271 in

471 3315 606 3385 ipsis
639 3312 907 3381 numeris,
954 3319 1012 3368 et
1049 3312 1240 3367 eodem
1288 3309 1449 3366 modo
1494 3310 1602 3364 duo
1657 3308 1712 3363 in
1762 3309 2067 3364 numeratis

472 3406 790 3462 dualitalem
844 3402 1119 3459 inﬁnitam
1156 3402 1473 3471 perhibent.
1510 3400 1704 3456 Unitas
1734 3400 1952 3470 quidem
1980 3415 2067 3457 se-

474 3497 710 3552 cundum
746 3494 1121 3565 mqualitatem
1153 3502 1209 3550 et
1239 3494 1477 3549 medium
1504 3492 1742 3548 sumitur
1777 3512 1791 3548 :
1829 3492 2067 3547 dualitas

472 3598 656 3643 autem
709 3587 1010 3643 secundum
1062 3584 1532 3656 exsuperantiam,
1590 3584 1643 3638 id
1688 3583 1833 3654 quod
1885 3583 2067 3637 minus

472 3690 576 3736 est.
610 3679 807 3751 Itaque
831 3679 1067 3734 medium
1110 3686 1163 3731 ct
1194 3676 1393 3731 modus
1426 3690 1531 3731 non
1576 3683 1805 3745 possunt
1834 3674 1953 3744 plus
1976 3682 2070 3728 aut

472 3773 654 3826 minus
682 3771 820 3837 fieri,
851 3770 946 3826 sed
970 3783 1226 3825 excessus
1243 3766 1442 3840 ἤθεα
1472 3776 1527 3823 et
1552 3766 1820 3830 defectus,
1859 3781 1980 3820 cum
2012 3764 2066 3819 in

474 3861 749 3916 inﬁnitum
790 3859 1112 3930 procedant,
1155 3868 1319 3927 atque
1349 3858 1478 3913 ideo
1505 3865 1859 3913 asseruerunt
1889 3855 2067 3911 duali-

476 3963 642 4009 tatem
674 3952 965 4009 infinitam.
999 3952 1068 4007 Et
1094 3951 1226 4008 licet
1270 3951 1456 4008 omnia
1487 3965 1519 4005 e
1543 3949 1776 4005 monade
1806 3958 1861 4004 et
1887 3948 2067 4004 duali-

476 4054 588 4100 tate
645 4045 698 4099 in
748 4058 1008 4099 numeros
1047 4044 1308 4109 referant,
1355 4042 1651 4112 omniaque
1684 4056 1807 4112 quae
1847 4048 2069 4095 exstant

474 4151 765 4192 numerum
804 4135 1101 4205 appellent,
1152 4135 1364 4191 decimo
1407 4144 1588 4189 tamen
1619 4146 1880 4188 numerus
1912 4146 2067 4187 com-

473 4230 678 4300 pletur.
741 4229 1000 4284 Decimus
1048 4242 1179 4283 vero
1221 4227 1281 4282 fit
1332 4243 1362 4281 a
1400 4235 1638 4297 quatuor
1671 4225 1827 4279 nobis
1875 4224 2068 4279 ordine

431 4370 435 4373 _
474 4318 898 4375 numerantibus
942 4316 1206 4372 numeris.
1265 4313 1477 4370 Idcirco
1512 4328 1728 4370 onmem
1780 4326 2065 4367 numerum

473 4411 886 4484 quaternarium
918 4408 1212 4478 appellant.
1256 4408 1456 4463 Tribus
1493 4419 1711 4481 quoque
1743 4403 2068 4459 asserebant

474 4502 654 4557 modis
686 4500 871 4570 seipso
921 4499 1201 4555 hominem
1236 4498 1515 4553 meliorem
1546 4495 1684 4551 fieri.
1722 4492 1911 4548 Primo
1941 4509 2064 4549 cum

477 4598 583 4652 diis
626 4594 988 4666 colloquendo
1032 4610 1047 4647 :
1088 4594 1443 4649 accedentem
1482 4590 1628 4645 enim
1681 4590 1747 4644 ad
1786 4602 1881 4644 eos
1939 4599 2067 4644 tunc

477 4686 825 4757 potissimum
856 4684 927 4740 ab
955 4685 1103 4741 omni
1137 4698 1195 4739 se
1229 4682 1500 4738 maleficio
1526 4680 1807 4736 abstinere
1838 4693 2065 4735 necesse

478 4789 585 4844 est,
609 4788 663 4834 et
688 4778 871 4848 quoad
892 4776 1009 4843 ejus
1035 4776 1149 4833 ﬁeri
1182 4783 1360 4845 potest
1383 4773 1493 4828 Deo
1521 4768 1835 4826 assimilari.
1862 4768 2068 4824 Deinde

475 4870 616 4925 bene
650 4870 716 4925 de
742 4868 866 4924 aliis
898 4867 1158 4923 merendo
1186 4884 1202 4921 :
1238 4866 1328 4921 Dei
1362 4865 1507 4919 enim
1550 4865 1655 4918 hoc
1681 4862 1959 4931 proprium
1986 4872 2069 4916 est

476 4966 531 5017 in
563 4976 737 5031 eoque
768 4959 938 5017 Deum
971 4958 1235 5014 imitatur.
1266 4957 1453 5011 Tertio
1481 4954 1717 5024 denique
1740 4954 2019 5008 moriendo
2054 4971 2065 5005 :

477 5055 527 5111 si
562 5053 707 5108 enim
755 5050 990 5116 animus,
1042 5050 1135 5119 qui
1186 5050 1238 5103 in
1292 5050 1400 5103 vita
1456 5048 1688 5117 ipsaest
1732 5044 1858 5099 vita:
1888 5060 2072 5108 causa,

2168 3213 2305 3269 ἀλλά
2332 3216 2427 3269 καὶ⁸
2461 3216 2559 3287 μία
2584 3217 2695 3271 τῶν
2725 3217 3045 3290 θυγατέρων
3070 3218 3239 3274 αὑτοῦ
3275 3215 3438 3275 εἶναι.
3462 3219 3585 3272 Ὅτι
3632 3218 3752 3272 δια-

2171 3308 2362 3381 φέρειν
2396 3308 2585 3379 ἐλεγον
2618 3312 2669 3364 οἱ
2695 3311 2804 3365 ἀπὸ
2833 3312 3153 3383 Πυθαγόρου
3174 3312 3380 3384 μονάδα
3403 3313 3497 3366 καὶ
3522 3310 3603 3365 ἐν.
3632 3310 3749 3365 Μο-

2168 3399 2267 3463 νὰς
2286 3400 2386 3471 μὲν
2408 3402 2519 3472 γάρ
2548 3401 2684 3473 παρ’
2713 3402 2898 3467 αὐτοῖς
2924 3404 3211 3475 ἐνομίζετο
3238 3404 3273 3475 ὴ
3297 3404 3355 3457 ἐν
3387 3406 3500 3468 τοῖς
3539 3406 3751 3475 νοητοῖς

2169 3491 2327 3557 οῦσα,
2356 3492 2414 3547 ἓν
2432 3494 2491 3547 δέ
2520 3494 2580 3548 τὸ
2605 3496 2664 3548 ἐν
2697 3497 2808 3559 τοῖς
2831 3495 3088 3566 ἀριθμοῖς
3112 3512 3126 3526 ·
3160 3496 3363 3566 ὁμοίως
3382 3497 3438 3551 δέ
3457 3495 3552 3551 καὶ
3571 3496 3664 3551 δύο
3687 3495 3751 3549 τὸ

2169 3583 2229 3635 ἐν
2244 3586 2358 3647 τοῖς
2388 3583 2735 3656 άριθμητοῖς.
2772 3585 2998 3654 Ἔλεγον
3020 3586 3079 3640 δὲ
3099 3587 3198 3656 τὴν
3218 3586 3386 3642 δυάδα
3402 3587 3450 3619 ⁸⁵
3477 3587 3749 3659 ἀόριστον,

2170 3671 2304 3742 ὃτιὴ
2328 3672 2428 3744 μὲν
2457 3675 2626 3745 μονάς
2643 3675 2786 3731 κατὰ
2801 3674 2899 3748 τὴν
2934 3676 3156 3749 ἰσότητα
3186 3676 3363 3732 καὶτὸ
3380 3678 3581 3749 μέτρον
3608 3678 3748 3748 λαμ-

2172 3764 2420 3831 ϐάνεται,
2435 3767 2468 3835 ή
2482 3766 2540 3819 δὲ
2557 3766 2692 3832 δυάς
2717 3767 2839 3847 καθ’
2852 3768 3164 3839 ὑπερϐολὴν
3181 3769 3275 3823 καὶ
3292 3768 3551 3840 ἔλλειψιν.
3570 3770 3749 3824 Μεσό-

2170 3875 2271 3928 της
2288 3857 2389 3928 μὲν
2407 3852 2502 3912 οῦν
2527 3859 2623 3913 καὶ
2666 3859 2866 3931 μέτρον
2885 3860 2945 3914 ού
2968 3859 3190 3915 δύναται
3220 3860 3418 3931 μᾶλλον
3464 3862 3561 3914 καὶ
3590 3856 3753 3932 ἦττον

2172 3948 2463 4018 γενέσθαιο
2499 3950 2534 4020 ἡ
2565 3949 2623 4004 δέ
2672 3949 2948 4022 ὑπερϐολὴ
3002 3951 3097 4005 καὶ
3144 3950 3380 4021 ἔλλειψις
3427 3949 3617 4020 ἐπειδὴ
3662 3950 3751 4004 ἐπ’

2172 4042 2400 4112 ἄπειρον
2433 4044 2750 4114 προχωρεῖ,
2785 4042 2877 4096 διὰ
2904 4042 3064 4098 τοῦτο
3088 4042 3341 4117 ἀόριστον
3369 4041 3541 4112 αὐτὴν
3568 4042 3753 4109 ελεγον

2170 4132 2360 4187 δυάδα.
2394 4133 2507 4187 Καὶ
2529 4133 2716 4205 ἐπειδὴ
2748 4134 2929 4188 πάντα
2962 4135 3043 4197 είς
3068 4133 3194 4196 τοὺς
3238 4131 3507 4204 ἀριθμοὺς
3550 4130 3753 4202 ἀνῆγον

2172 4221 2235 4274 ἐκ
2290 4240 2351 4275 τε
2395 4223 2496 4293 τῆς
2534 4224 2766 4293 μονάδος
2814 4224 2912 4278 καὶ
2958 4226 3060 4295 τῆς
3102 4223 3312 4289 δυάδος,
3359 4223 3455 4277 καὶ
3502 4225 3572 4277 τά
3622 4223 3753 4275 ὄντα

2173 4312 2353 4369 πάντα
2416 4315 2750 4387 άριθμοὺς⁶⁸
2808 4315 3259 4386 προσηγόρευον,
3328 4314 3358 4367 ό
3414 4313 3472 4367 δὲ
3524 4312 3751 4384 ἀριθμὸς

2175 4405 2597 4477 συμπληροῦται
2634 4409 2747 4471 τοῖς
2776 4406 2930 4472 δέκα,
2980 4408 3009 4460 ό
3057 4406 3115 4459 δὲ
3165 4405 3296 4459 δέκα
3351 4403 3603 4468 σύνθεσις
3641 4403 3749 4457 τῶν

2174 4497 2464 4569 τεσσάρων
2493 4498 2638 4551 κατὰ
2678 4498 2740 4550 τὸ
2773 4496 2903 4567 ἑξῆς
2936 4496 3313 4568 ἀριθμούντων
3339 4494 3517 4567 ἡμῶν,
3549 4495 3641 4549 καὶ
3663 4493 3751 4547 διὰ

2173 4589 2336 4644 τοῦτο
2366 4588 2459 4643 τὸν
2489 4587 2725 4661 ἀριθμὸν
2762 4587 2944 4642 πάντα
2972 4587 3277 4659 τετρακτὺν
3308 4583 3751 4654 ἔλεγον.Ἔλεγον

2174 4681 2232 4735 δὲ
2268 4681 2363 4735 τὸν
2396 4680 2685 4753 ἄνθρωπον
2714 4679 2882 4735 αὑτὸν
2933 4677 3129 4735 ἐαυτοῦ
3186 4677 3378 4748 βελτίω
3415 4674 3561 4730 κατὰ
3605 4677 3751 4745 τρεῖς

2174 4772 2413 4843 τρόπους
2451 4771 2720 4842 γίνεσθαι,
2755 4771 2973 4842 πρῶτον
3018 4771 3119 4842 μὲν
3148 4773 3214 4841 τῇ
3249 4769 3491 4840 opma“
3520 4769 3589 4837 τῇ
3619 4766 3753 4837 πρὸς

2180 4863 2308 4926 τοὺς
2343 4863 2501 4927 θεοὺς
2543 4863 2779 4935 (ἀνάγκη
2812 4863 2924 4935 γάρ
2977 4861 3359 4934 προσίοντας⁶⁷
3404 4860 3590 4923 αὐτοῖς
3635 4856 3751 4911 κατ’

2182 4954 2362 5005 ἐκεῖνο
2401 4952 2596 5024 καιροῦ
2628 4951 2961 5024 χωρίζεσθαι
2984 4953 3184 5016 αὐτοὺς
3212 4952 3391 5021 πάσης
3424 4950 3649 5015 κακίας,
3678 4948 3752 5010 είς

2184 5043 2414 5114 δύναμιν
2436 5043 2759 5116 ὁμοιοῦντας
2775 5044 2821 5076 ⁸⁸
2853 5045 3082 5109 ἑαυτοὺς
3109 5042 3188 5115 τῷ
3211 5041 3385 5113 Θεῷ),
3421 5040 3675 5111 δεύτερον
3699 5039 3753 5093 ἐν

1797 5157 2036 5214 VARIA‘J
2078 5156 2485 5215 LECTIONES.

549 5261 597 5292 ⁸³
614 5258 805 5331 κάτω]
827 5259 1001 5331 κάτω.
1029 5255 1335 5331 σάτυρος-δ’
1364 5254 1536 5331 ὅστις·
1562 5253 1635 5331 ού.
1654 5253 1764 5323 γὰρ
1785 5253 1889 5331 Δτὸν
1912 5253 2318 5331 δαίμονα-λέγει
2340 5252 2434 5306 τοῦ
2459 5253 2731 5331 διονυσίου
2765 5253 2829 5308 Α.
2880 5252 2950 5331 _'_'_
2974 5270 3076 5331 μοιΔ
3094 5250 3445 5331 δοκοῦσιιοω.
3464 5250 3534 5331 .
3596 5246 3755 5331 ’διὶέ-

477 5330 623 5401 γειν]
667 5326 890 5399 λέγουσι
941 5330 1006 5401 Α.
1068 5329 1111 5360 ⁸⁵
1151 5326 1262 5401 ἐγὼ

1152 5317 1262 5396 ἐγὼ
1317 5340 1369 5393 p.
1405 5322 1531 5378 524.
1590 5324 1637 5355 "
1655 5317 1743 5387 τις
1771 5323 1815 5376 Α
1849 5342 1863 5375 :
1894 5340 1949 5375 τι
1988 5317 2047 5386 ςί.
2124 5325 2168 5356 ⁸⁷
2201 5317 2323 5393 quae
2374 5334 2498 5392 post
2539 5324 2714 5393 κρίνω
2756 5340 2797 5387 ς
2827 5317 2996 5387 addit,
3023 5320 3373 5377 ἁλλαντοπώλ
3414 5336 3442 5381 ς
3485 5320 3517 5371 ὁ
3559 5317 3755 5371 πωλῶν

1152 5398 1220 5449 ὦς
1263 5324 1596 5449 1Λουκανικά.
1644 5409 1755 5448 om.
1820 5393 1930 5448 AC.
2000 5394 2046 5425 ⁵⁸
2077 5393 2300 5449 ἐννατος
2358 5409 2421 5449 ς.
2476 5394 2521 5426 ⁵⁹
2546 5397 2595 5447 οί
2634 5394 2734 5449 μὲν
2757 5410 2844 5449 an.
2891 5392 2954 5447 L.
2993 5392 3328 5448 Holstenium
3362 5336 3655 5449 (Eorphyr.
3689 5388 3753 5441 de

477 5392 549 5456 τὰ
601 5392 875 5471 λεγόμενα
934 5392 1220 5471 ἰδιωτικῶς
1268 5392 1596 5471 λου-κανικᾲ,
1644 5409 1755 5448 om.
1808 5393 1930 5471 nAC.
2000 5392 2300 5471 ⁵⁸Αέννατος
2358 5409 2421 5471 g3
2461 5394 2521 5471 _‘”
2546 5392 2595 5471 οί

2634 5394 2734 5463 μὲν
2757 5410 2844 5464 ap.
2891 5392 2954 5447 L.
2993 5392 3328 5464 Holstenium
3362 5388 3655 5464 (Porphyr.
3689 5388 3753 5441 de

477 5474 591 5525 vita
625 5457 855 5541 Pythag.
885 5471 974 5527 ed.
1008 5457 1225 5524 Kuster'.
1262 5483 1316 5537 p,
1344 5464 1456 5547 56).
1519 5464 1564 5495 σο
1596 5464 1979 5534 συγγινόμενοι
2043 5463 2241 5519 Suidas
2270 5479 2322 5519 ν.
2373 5457 2666 5545 Πυθαγόρα
2704 5457 2840 5533 (vol.
2886 5459 3305 5585 5.β.255,15ὲ,
3350 5457 3747 5537 mairem”:

482 5542 728 5585 Ilnlgten-
811 5543 853 5573 σι
903 5541 1080 5585 πιόνων
1111 5557 1171 5585 σ-
1264 5540 1309 5571 δ’
1337 5539 1475 5585 ὲτων
1506 5534 1727 5585 λέγεται
1756 5551 1817 5585 ς.
1899 5535 1946 5567 ⁸³
1975 5533 2190 5585 Αίσάοα
2221 5534 2498 5585 Bentleius
2545 5549 2792 5585 resnons.
2823 5535 2886 5585 ad
2924 5533 3073 5585 Bovl.
3104 5548 3158 5585 ι).
3190 5530 3251 5585 21
3316 5529 3592 5585 Lennen.:
3629 5526 3747 5581 Itbn

1264 5534 1309 5571 δ’
1337 5534 1475 5590 ἐτῶν
1506 5534 1727 5600 λέγεται
1756 5551 1817 5598 ς.

480 5542 728 5597 llolsten.
811 5543 867 5611 σίν
902 5541 1080 5611 μόνων
1111 5557 1171 5603 ς.

1899 5535 1946 5606 f3
1975 5533 2190 5606 Αίσάρα
2218 5534 2502 5606 Bentleius
2539 5530 2792 5606 re'spons.
2823 5530 3073 5606 adBoyl.
3104 5530 3251 5606 p.31

3359 5525 3556 5599 ennép.
3578 5545 3614 5599 ;7
3629 5525 3752 5599 libri

482 5596 644 5681 σάρα.
708 5611 752 5643 ⁸⁷⁵
780 5596 947 5665 δυάδα
976 5610 1044 5681 Α.
1077 5596 1281 5681 μονάδα
1322 5625 1382 5671 ς.
1528 5596 1987 5681 ἀριθμδνδυίςὶειε
2012 5620 2065 5660 ν.
2085 5596 2366 5681 ’Ᾰριθμῶη
2386 5596 2960 5681 ἀριθμὸνξτετρακτὺν
2982 5596 3147 5659 idem.
3167 5596 3511 5681 Τετρακτύςζ
3574 5596 3751 5681 “fit!

480 5666 669 5759 ὁμιλίᾳ
697 5682 763 5759 τῇ
795 5682 933 5759 πρὸς
960 5666 1092 5759 θεὸν
1149 5666 1349 5758 Suidas:
1376 5693 1426 5731 ν.
1456 5666 1781 5759 ι’ᾼνθρωπος
1836 5674 2021 5737 αὐτὸς.
2086 5666 2535 5748 ἔτ’προσιόνταςξ
2602 5676 2649 5709 ⁸⁸
2681 5666 3002 5746 ὁμοιοῦντας
3034 5688 3180 5730 corr.
3213 5672 3256 5727 A
3277 5666 3310 5727 ἐ
3339 5668 3433 5725 τδν
3453 5666 3749 5742 προσιόντι

484 5746 553 5790 -ὲ-
573 5746 863 5819 ὁμοιοῦντὰ
897 5749 1094 5805 Suidas
1124 5761 1198 5816 et,
1234 5749 1438 5805 omisso
1468 5746 1557 5799 τὸν
1595 5763 1656 5810 ς.
