  <div class='ocr_page' id='page_1' title='image "/cluster/home/n/w/nwhite01/storage/ocr_20150623/103:no.3/coo.31924054870070/806.png"; bbox 0 0 3960 6488; ppageno 0'>
   <div class='ocr_carea' id='block_1_1' title="bbox 269 388 422 477">
    <p class='ocr_par' dir='ltr' id='par_1_1' title="bbox 269 388 422 477">
     <span class='ocr_line' id='line_1_1' title="bbox 269 388 422 477; baseline -0.033 -19"><span class='ocrx_word' id='word_1_1' title='bbox 269 388 422 477; x_wconf 67' lang='grc' dir='ltr'>ιιει</span> 
     </span>
    </p>
   </div>
   <div class='ocr_carea' id='block_1_2' title="bbox 1349 398 2531 463">
    <p class='ocr_par' dir='ltr' id='par_1_2' title="bbox 1349 398 2531 463">
     <span class='ocr_line' id='line_1_2' title="bbox 1349 398 2531 463; baseline 0.001 -3"><span class='ocrx_word' id='word_1_2' title='bbox 1349 398 1877 461; x_wconf 86' lang='lat' dir='ltr'><strong>BIBLIOTHECA.</strong></span> <span class='ocrx_word' id='word_1_3' title='bbox 1939 425 1987 434; x_wconf 86' lang='lat'><em>-</em></span> <span class='ocrx_word' id='word_1_4' title='bbox 2024 401 2191 463; x_wconf 86' lang='lat' dir='ltr'><strong>COD.</strong></span> <span class='ocrx_word' id='word_1_5' title='bbox 2237 401 2531 462; x_wconf 87' lang='lat' dir='ltr'><strong>CCXLIX.</strong></span> 
     </span>
    </p>
   </div>
   <div class='ocr_carea' id='block_1_3' title="bbox 3392 400 3526 467">
    <p class='ocr_par' dir='ltr' id='par_1_3' title="bbox 3392 400 3526 467">
     <span class='ocr_line' id='line_1_3' title="bbox 3392 400 3526 467; baseline 0.03 -4"><span class='ocrx_word' id='word_1_6' title='bbox 3392 400 3526 467; x_wconf 77' lang='lat'><strong>1582</strong></span> 
     </span>
    </p>
   </div>
   <div class='ocr_carea' id='block_1_4' title="bbox 253 500 1859 590">
    <p class='ocr_par' dir='ltr' id='par_1_4' title="bbox 253 500 1835 585">
     <span class='ocr_line' id='line_1_4' title="bbox 253 500 1835 585; baseline 0.006 -26"><span class='ocrx_word' id='word_1_7' title='bbox 253 507 337 578; x_wconf 79' lang='grc' dir='ltr'>τῷ</span> <span class='ocrx_word' id='word_1_8' title='bbox 363 500 628 575; x_wconf 28' lang='grc' dir='ltr'>εῦλποιεῖν</span> <span class='ocrx_word' id='word_1_9' title='bbox 671 504 833 578; x_wconf 83' lang='grc' dir='ltr'>(Θεοῦ</span> <span class='ocrx_word' id='word_1_10' title='bbox 862 508 971 582; x_wconf 83' lang='grc' dir='ltr'><strong>γὰρ</strong></span> <span class='ocrx_word' id='word_1_11' title='bbox 1004 511 1163 567; x_wconf 87' lang='grc' dir='ltr'>τοῦτο</span> <span class='ocrx_word' id='word_1_12' title='bbox 1191 510 1286 565; x_wconf 69' lang='grc' dir='ltr'><strong>καὶ</strong></span> <span class='ocrx_word' id='word_1_13' title='bbox 1320 511 1470 577; x_wconf 82' lang='grc' dir='ltr'><strong>θείας</strong></span> <span class='ocrx_word' id='word_1_14' title='bbox 1500 514 1835 585; x_wconf 82' lang='grc' dir='ltr'>μιμήσεως),</span> 
     </span>
    </p>
   </div>
   <div class='ocr_carea' id='block_1_5' title="bbox 1968 500 3527 590">
    <p class='ocr_par' dir='ltr' id='par_1_5' title="bbox 1968 516 3527 590">
     <span class='ocr_line' id='line_1_5' title="bbox 1968 516 3527 590; baseline 0.005 -22"><span class='ocrx_word' id='word_1_15' title='bbox 1968 516 2222 571; x_wconf 69' lang='grc' dir='ltr'>»θυιυιιιηι</span> <span class='ocrx_word' id='word_1_16' title='bbox 2276 532 2307 571; x_wconf 93' lang='lat' dir='ltr'><strong>a</strong></span> <span class='ocrx_word' id='word_1_17' title='bbox 2363 528 2591 586; x_wconf 87' lang='lat' dir='ltr'><strong>corpore</strong></span> <span class='ocrx_word' id='word_1_18' title='bbox 2667 521 2973 585; x_wconf 66' lang='lat' dir='ltr'><strong>scpatatus,</strong></span> <span class='ocrx_word' id='word_1_19' title='bbox 3045 517 3226 590; x_wconf 83' lang='lat' dir='ltr'><strong>seipso</strong></span> <span class='ocrx_word' id='word_1_20' title='bbox 3283 522 3527 576; x_wconf 83' lang='lat' dir='ltr'><strong>reuditur</strong></span> 
     </span>
    </p>
   </div>
   <div class='ocr_carea' id='block_1_6' title="bbox 251 598 1840 677">
    <p class='ocr_par' dir='ltr' id='par_1_6' title="bbox 251 598 1840 677">
     <span class='ocr_line' id='line_1_6' title="bbox 251 598 1840 677; baseline 0.005 -26"><span class='ocrx_word' id='word_1_21' title='bbox 251 598 443 670; x_wconf 90' lang='grc' dir='ltr'>τρίτον</span> <span class='ocrx_word' id='word_1_22' title='bbox 477 600 537 652; x_wconf 89' lang='grc' dir='ltr'><strong>ἐν</strong></span> <span class='ocrx_word' id='word_1_23' title='bbox 567 598 647 669; x_wconf 85' lang='grc' dir='ltr'><strong>τῷ</strong></span> <span class='ocrx_word' id='word_1_24' title='bbox 680 599 1050 671; x_wconf 79' lang='grc' dir='ltr'><strong>ἀποθνήσκειν</strong></span> <span class='ocrx_word' id='word_1_25' title='bbox 1069 619 1082 633; x_wconf 90' lang='grc'><strong>·</strong></span> <span class='ocrx_word' id='word_1_26' title='bbox 1113 603 1160 655; x_wconf 83' lang='grc' dir='ltr'><strong>εί</strong></span> <span class='ocrx_word' id='word_1_27' title='bbox 1191 603 1301 673; x_wconf 85' lang='grc' dir='ltr'>γὰρ</span> <span class='ocrx_word' id='word_1_28' title='bbox 1331 606 1476 659; x_wconf 87' lang='grc' dir='ltr'><strong>κατά</strong></span> <span class='ocrx_word' id='word_1_29' title='bbox 1519 606 1684 659; x_wconf 90' lang='grc' dir='ltr'>ποσόν</span> <span class='ocrx_word' id='word_1_30' title='bbox 1714 624 1768 659; x_wconf 86' lang='grc' dir='ltr'><strong>τι</strong></span> <span class='ocrx_word' id='word_1_31' title='bbox 1806 606 1840 677; x_wconf 85' lang='grc' dir='ltr'>ἡ</span> 
     </span>
    </p>
   </div>
   <div class='ocr_carea' id='block_1_7' title="bbox 252 688 1843 770">
    <p class='ocr_par' dir='ltr' id='par_1_7' title="bbox 252 688 1843 770">
     <span class='ocr_line' id='line_1_7' title="bbox 252 688 1843 770; baseline 0.007 -28"><span class='ocrx_word' id='word_1_32' title='bbox 252 688 546 761; x_wconf 79' lang='grc' dir='ltr'>ψυχὴ-τοῦ</span> <span class='ocrx_word' id='word_1_33' title='bbox 598 689 853 762; x_wconf 83' lang='grc' dir='ltr'>σώματος</span> <span class='ocrx_word' id='word_1_34' title='bbox 894 696 953 749; x_wconf 89' lang='grc' dir='ltr'><strong>ἐν</strong></span> <span class='ocrx_word' id='word_1_35' title='bbox 998 695 1076 766; x_wconf 84' lang='grc' dir='ltr'><strong>τῷ</strong></span> <span class='ocrx_word' id='word_1_36' title='bbox 1108 696 1207 766; x_wconf 80' lang='grc' dir='ltr'>ζῇν</span> <span class='ocrx_word' id='word_1_37' title='bbox 1230 696 1292 749; x_wconf 86' lang='grc' dir='ltr'>τὸ</span> <span class='ocrx_word' id='word_1_38' title='bbox 1324 697 1490 763; x_wconf 83' lang='grc' dir='ltr'>ζῶον,</span> <span class='ocrx_word' id='word_1_39' title='bbox 1543 697 1708 769; x_wconf 78' lang='grc'><strong>[1516</strong></span> <span class='ocrx_word' id='word_1_40' title='bbox 1744 697 1843 770; x_wconf 62' lang='lat' dir='ltr'><strong>1L]</strong></span> 
     </span>
    </p>
   </div>
   <div class='ocr_carea' id='block_1_8' title="bbox 254 783 1847 859">
    <p class='ocr_par' dir='ltr' id='par_1_8' title="bbox 254 783 1847 859">
     <span class='ocr_line' id='line_1_8' title="bbox 254 783 1847 859; baseline 0.005 -23"><span class='ocrx_word' id='word_1_41' title='bbox 254 783 606 854; x_wconf 80' lang='grc' dir='ltr'><strong>χωριζομένη</strong></span> <span class='ocrx_word' id='word_1_42' title='bbox 665 783 895 854; x_wconf 79' lang='grc' dir='ltr'><strong>βελτίων</strong></span> <span class='ocrx_word' id='word_1_43' title='bbox 946 786 1154 855; x_wconf 89' lang='grc' dir='ltr'>γίνεται</span> <span class='ocrx_word' id='word_1_44' title='bbox 1201 788 1404 859; x_wconf 82' lang='grc' dir='ltr'>ἑαυτῆς</span> <span class='ocrx_word' id='word_1_45' title='bbox 1428 829 1444 854; x_wconf 93' lang='grc'><strong>,</strong></span> <span class='ocrx_word' id='word_1_46' title='bbox 1500 789 1558 843; x_wconf 76' lang='grc' dir='ltr'><strong>ἐν</strong></span> <span class='ocrx_word' id='word_1_47' title='bbox 1614 807 1677 844; x_wconf 87' lang='grc' dir='ltr'><strong>τε</strong></span> <span class='ocrx_word' id='word_1_48' title='bbox 1731 792 1847 855; x_wconf 87' lang='grc' dir='ltr'>τοῖς</span> 
     </span>
    </p>
   </div>
   <div class='ocr_carea' id='block_1_9' title="bbox 257 870 1847 941">
    <p class='ocr_par' dir='ltr' id='par_1_9' title="bbox 257 870 1847 941">
     <span class='ocr_line' id='line_1_9' title="bbox 257 870 1847 941; baseline 0.004 -15"><span class='ocrx_word' id='word_1_49' title='bbox 257 870 455 936; x_wconf 76' lang='grc' dir='ltr'>ὕπνοις</span> <span class='ocrx_word' id='word_1_50' title='bbox 501 874 645 929; x_wconf 90' lang='grc' dir='ltr'><strong>κατά</strong></span> <span class='ocrx_word' id='word_1_51' title='bbox 681 874 810 940; x_wconf 79' lang='grc' dir='ltr'>τοὺς</span> <span class='ocrx_word' id='word_1_52' title='bbox 857 876 1101 941; x_wconf 86' lang='grc' dir='ltr'>ὀνείρους</span> <span class='ocrx_word' id='word_1_53' title='bbox 1141 878 1238 933; x_wconf 81' lang='grc' dir='ltr'><strong>καὶ</strong></span> <span class='ocrx_word' id='word_1_54' title='bbox 1286 880 1345 932; x_wconf 85' lang='grc' dir='ltr'><strong>ἐν</strong></span> <span class='ocrx_word' id='word_1_55' title='bbox 1388 881 1510 941; x_wconf 81' lang='grc' dir='ltr'>ταῖς</span> <span class='ocrx_word' id='word_1_56' title='bbox 1555 880 1847 934; x_wconf 85' lang='grc' dir='ltr'>ἐκστάσεσι</span> 
     </span>
    </p>
   </div>
   <div class='ocr_carea' id='block_1_10' title="bbox 256 962 1847 1043">
    <p class='ocr_par' dir='ltr' id='par_1_10' title="bbox 256 962 1847 1043">
     <span class='ocr_line' id='line_1_10' title="bbox 256 962 1847 1043; baseline 0.007 -27"><span class='ocrx_word' id='word_1_57' title='bbox 256 962 374 1017; x_wconf 88' lang='grc' dir='ltr'><strong>τῶν</strong></span> <span class='ocrx_word' id='word_1_58' title='bbox 403 965 578 1018; x_wconf 90' lang='grc' dir='ltr'>νόσων</span> <span class='ocrx_word' id='word_1_59' title='bbox 616 967 855 1036; x_wconf 81' lang='grc' dir='ltr'>μαντικὴ</span> <span class='ocrx_word' id='word_1_60' title='bbox 884 967 1117 1035; x_wconf 87' lang='grc' dir='ltr'>γίνεται,</span> <span class='ocrx_word' id='word_1_61' title='bbox 1149 969 1330 1040; x_wconf 84' lang='grc' dir='ltr'>πολλῷ</span> <span class='ocrx_word' id='word_1_62' title='bbox 1361 969 1609 1043; x_wconf 66' lang='lat'><strong>[7131].]</strong></span> <span class='ocrx_word' id='word_1_63' title='bbox 1644 971 1847 1042; x_wconf 77' lang='grc' dir='ltr'>μᾶλλον</span> 
     </span>
    </p>
   </div>
   <div class='ocr_carea' id='block_1_11' title="bbox 262 1057 1845 1134">
    <p class='ocr_par' dir='ltr' id='par_1_11' title="bbox 262 1057 1845 1134">
     <span class='ocr_line' id='line_1_11' title="bbox 262 1057 1845 1134; baseline 0.005 -24"><span class='ocrx_word' id='word_1_64' title='bbox 262 1057 599 1128; x_wconf 87' lang='grc' dir='ltr'>βελτιοῦται,</span> <span class='ocrx_word' id='word_1_65' title='bbox 628 1060 758 1114; x_wconf 83' lang='grc' dir='ltr'>ὅταν</span> <span class='ocrx_word' id='word_1_66' title='bbox 786 1060 971 1113; x_wconf 84' lang='grc' dir='ltr'>τέλεον</span> <span class='ocrx_word' id='word_1_67' title='bbox 1000 1062 1248 1134; x_wconf 82' lang='grc' dir='ltr'><strong>χωρισθῇ</strong></span> <span class='ocrx_word' id='word_1_68' title='bbox 1276 1065 1386 1119; x_wconf 85' lang='grc' dir='ltr'>ἀπὸ</span> <span class='ocrx_word' id='word_1_69' title='bbox 1437 1064 1534 1117; x_wconf 91' lang='grc' dir='ltr'><strong>τοῦ</strong></span> <span class='ocrx_word' id='word_1_70' title='bbox 1572 1063 1845 1134; x_wconf 84' lang='grc' dir='ltr'>σώματος.</span> 
     </span>
    </p>
   </div>
   <div class='ocr_carea' id='block_1_12' title="bbox 259 1149 1846 1225">
    <p class='ocr_par' dir='ltr' id='par_1_12' title="bbox 259 1149 1846 1225">
     <span class='ocr_line' id='line_1_12' title="bbox 259 1149 1846 1225; baseline 0.002 -21"><span class='ocrx_word' id='word_1_71' title='bbox 259 1149 388 1204; x_wconf 84' lang='grc' dir='ltr'>Ὅτι</span> <span class='ocrx_word' id='word_1_72' title='bbox 420 1150 520 1221; x_wconf 82' lang='grc' dir='ltr'>τὴν</span> <span class='ocrx_word' id='word_1_73' title='bbox 557 1150 765 1220; x_wconf 83' lang='grc' dir='ltr'><strong>μονάδα</strong></span> <span class='ocrx_word' id='word_1_74' title='bbox 791 1151 1012 1207; x_wconf 88' lang='grc' dir='ltr'>πάντων</span> <span class='ocrx_word' id='word_1_75' title='bbox 1045 1153 1220 1225; x_wconf 79' lang='grc' dir='ltr'>ἀρχὴν</span> <span class='ocrx_word' id='word_1_76' title='bbox 1250 1154 1435 1223; x_wconf 77' lang='grc' dir='ltr'>ἔλεγον</span> <span class='ocrx_word' id='word_1_77' title='bbox 1462 1154 1846 1224; x_wconf 82' lang='grc' dir='ltr'>Πυθαγόρειοι,</span> 
     </span>
    </p>
   </div>
   <div class='ocr_carea' id='block_1_13' title="bbox 258 1240 1849 1315">
    <p class='ocr_par' dir='ltr' id='par_1_13' title="bbox 258 1240 1849 1315">
     <span class='ocr_line' id='line_1_13' title="bbox 258 1240 1849 1315; baseline 0.003 -22"><span class='ocrx_word' id='word_1_78' title='bbox 258 1240 389 1294; x_wconf 73' lang='grc' dir='ltr'>ἐπεὶ</span> <span class='ocrx_word' id='word_1_79' title='bbox 416 1241 478 1295; x_wconf 85' lang='grc' dir='ltr'>τὸ</span> <span class='ocrx_word' id='word_1_80' title='bbox 512 1242 612 1311; x_wconf 83' lang='grc' dir='ltr'>μὲν</span> <span class='ocrx_word' id='word_1_81' title='bbox 640 1245 869 1314; x_wconf 80' lang='grc' dir='ltr'>σημεῖον</span> <span class='ocrx_word' id='word_1_82' title='bbox 899 1244 1078 1315; x_wconf 85' lang='grc' dir='ltr'>ἀρχὴν</span> <span class='ocrx_word' id='word_1_83' title='bbox 1111 1245 1297 1314; x_wconf 77' lang='grc' dir='ltr'>ἔλεγον</span> <span class='ocrx_word' id='word_1_84' title='bbox 1330 1246 1631 1315; x_wconf 82' lang='grc' dir='ltr'><strong>γραμμῆς,</strong></span> <span class='ocrx_word' id='word_1_85' title='bbox 1666 1244 1766 1315; x_wconf 79' lang='grc' dir='ltr'><strong>τὴν</strong></span> <span class='ocrx_word' id='word_1_86' title='bbox 1791 1245 1849 1297; x_wconf 87' lang='grc' dir='ltr'>δὲ</span> 
     </span>
    </p>
   </div>
   <div class='ocr_carea' id='block_1_14' title="bbox 258 1331 1847 1406">
    <p class='ocr_par' dir='ltr' id='par_1_14' title="bbox 258 1331 1847 1406">
     <span class='ocr_line' id='line_1_14' title="bbox 258 1331 1847 1406; baseline 0.003 -23"><span class='ocrx_word' id='word_1_87' title='bbox 258 1331 546 1398; x_wconf 86' lang='grc' dir='ltr'>ἐπιπέδου,</span> <span class='ocrx_word' id='word_1_88' title='bbox 581 1331 643 1387; x_wconf 80' lang='grc' dir='ltr'><strong>τὸ</strong></span> <span class='ocrx_word' id='word_1_89' title='bbox 668 1333 724 1387; x_wconf 78' lang='grc' dir='ltr'>δὲ</span> <span class='ocrx_word' id='word_1_90' title='bbox 754 1333 850 1387; x_wconf 87' lang='grc' dir='ltr'><strong>τοῦ</strong></span> <span class='ocrx_word' id='word_1_91' title='bbox 880 1335 1047 1405; x_wconf 88' lang='grc' dir='ltr'>τριχῆ</span> <span class='ocrx_word' id='word_1_92' title='bbox 1083 1336 1377 1389; x_wconf 79' lang='grc' dir='ltr'><strong>διαστατοῦ</strong></span> <span class='ocrx_word' id='word_1_93' title='bbox 1408 1336 1530 1406; x_wconf 73' lang='grc' dir='ltr'>ἦτοι</span> <span class='ocrx_word' id='word_1_94' title='bbox 1572 1335 1847 1406; x_wconf 89' lang='grc' dir='ltr'>σώματος.</span> 
     </span>
    </p>
   </div>
   <div class='ocr_carea' id='block_1_15' title="bbox 260 1420 1851 1498">
    <p class='ocr_par' dir='ltr' id='par_1_15' title="bbox 260 1420 1851 1498">
     <span class='ocr_line' id='line_1_15' title="bbox 260 1420 1851 1498; baseline 0.004 -24"><span class='ocrx_word' id='word_1_95' title='bbox 260 1420 378 1475; x_wconf 88' lang='grc' dir='ltr'><strong>Τοῦ</strong></span> <span class='ocrx_word' id='word_1_96' title='bbox 415 1423 473 1475; x_wconf 85' lang='grc' dir='ltr'>δὲ</span> <span class='ocrx_word' id='word_1_97' title='bbox 503 1424 737 1491; x_wconf 88' lang='grc' dir='ltr'>σημείου</span> <span class='ocrx_word' id='word_1_98' title='bbox 765 1427 1229 1498; x_wconf 53' lang='grc' dir='ltr'>προεπινοεὶπαιή</span> <span class='ocrx_word' id='word_1_99' title='bbox 1260 1425 1451 1495; x_wconf 84' lang='grc' dir='ltr'>μονὰς,</span> <span class='ocrx_word' id='word_1_100' title='bbox 1487 1426 1629 1480; x_wconf 80' lang='grc' dir='ltr'>ὥστε</span> <span class='ocrx_word' id='word_1_101' title='bbox 1647 1427 1691 1458; x_wconf 73' lang='grc'><strong>⁸⁸</strong></span> <span class='ocrx_word' id='word_1_102' title='bbox 1709 1426 1851 1496; x_wconf 84' lang='grc' dir='ltr'>ἁρχὴ</span> 
     </span>
    </p>
   </div>
   <div class='ocr_carea' id='block_1_16' title="bbox 258 1513 1853 1588">
    <p class='ocr_par' dir='ltr' id='par_1_16' title="bbox 258 1513 1853 1588">
     <span class='ocr_line' id='line_1_16' title="bbox 258 1513 1853 1588; baseline 0.004 -23"><span class='ocrx_word' id='word_1_103' title='bbox 258 1513 376 1567; x_wconf 76' lang='grc' dir='ltr'><strong>τῶν</strong></span> <span class='ocrx_word' id='word_1_104' title='bbox 409 1515 681 1585; x_wconf 86' lang='grc' dir='ltr'>σωμάτων</span> <span class='ocrx_word' id='word_1_105' title='bbox 712 1518 745 1587; x_wconf 83' lang='grc' dir='ltr'><strong>ἡ</strong></span> <span class='ocrx_word' id='word_1_106' title='bbox 777 1517 945 1587; x_wconf 88' lang='grc' dir='ltr'>μονάς</span> <span class='ocrx_word' id='word_1_107' title='bbox 966 1534 983 1550; x_wconf 75' lang='grc' dir='ltr'><strong><em>ο</em></strong></span> <span class='ocrx_word' id='word_1_108' title='bbox 1019 1517 1162 1571; x_wconf 86' lang='grc' dir='ltr'>ὥστε</span> <span class='ocrx_word' id='word_1_109' title='bbox 1192 1518 1261 1571; x_wconf 85' lang='grc' dir='ltr'>τὰ</span> <span class='ocrx_word' id='word_1_110' title='bbox 1306 1517 1536 1588; x_wconf 85' lang='grc' dir='ltr'>σώματα</span> <span class='ocrx_word' id='word_1_111' title='bbox 1577 1519 1757 1571; x_wconf 88' lang='grc' dir='ltr'>πάντα</span> <span class='ocrx_word' id='word_1_112' title='bbox 1788 1520 1853 1571; x_wconf 85' lang='grc' dir='ltr'><strong>ἐκ</strong></span> 
     </span>
    </p>
   </div>
   <div class='ocr_carea' id='block_1_17' title="bbox 258 1606 1853 1679">
    <p class='ocr_par' dir='ltr' id='par_1_17' title="bbox 258 1606 1853 1679">
     <span class='ocr_line' id='line_1_17' title="bbox 258 1606 1853 1679; baseline 0.004 -24"><span class='ocrx_word' id='word_1_113' title='bbox 258 1606 363 1672; x_wconf 83' lang='grc' dir='ltr'><strong>τῆς</strong></span> <span class='ocrx_word' id='word_1_114' title='bbox 413 1606 642 1673; x_wconf 83' lang='grc' dir='ltr'>μονάδος</span> <span class='ocrx_word' id='word_1_115' title='bbox 690 1607 1005 1678; x_wconf 87' lang='grc' dir='ltr'>γεγένηται.</span> <span class='ocrx_word' id='word_1_116' title='bbox 1060 1607 1183 1662; x_wconf 83' lang='grc' dir='ltr'><strong>Ὀτι</strong></span> <span class='ocrx_word' id='word_1_117' title='bbox 1235 1609 1285 1661; x_wconf 78' lang='lat' dir='ltr'><strong>cl</strong></span> <span class='ocrx_word' id='word_1_118' title='bbox 1331 1608 1695 1679; x_wconf 84' lang='grc' dir='ltr'>Πυθαγόρειοι</span> <span class='ocrx_word' id='word_1_119' title='bbox 1743 1608 1853 1661; x_wconf 86' lang='grc' dir='ltr'><strong>τῶν</strong></span> 
     </span>
    </p>
   </div>
   <div class='ocr_carea' id='block_1_18' title="bbox 260 1693 1852 1770">
    <p class='ocr_par' dir='ltr' id='par_1_18' title="bbox 260 1693 1852 1770">
     <span class='ocr_line' id='line_1_18' title="bbox 260 1693 1852 1770; baseline 0.003 -23"><span class='ocrx_word' id='word_1_120' title='bbox 260 1693 528 1765; x_wconf 80' lang='grc' dir='ltr'>ἐμψύχων</span> <span class='ocrx_word' id='word_1_121' title='bbox 554 1697 872 1767; x_wconf 83' lang='grc' dir='ltr'><strong>ἀπείχοντο,</strong></span> <span class='ocrx_word' id='word_1_122' title='bbox 898 1700 996 1770; x_wconf 78' lang='grc' dir='ltr'>τὴν</span> <span class='ocrx_word' id='word_1_123' title='bbox 1032 1698 1459 1769; x_wconf 87' lang='grc' dir='ltr'>μετεμψύχωσιν</span> <span class='ocrx_word' id='word_1_124' title='bbox 1485 1698 1742 1770; x_wconf 83' lang='grc' dir='ltr'><strong>ἀφρόνως</strong></span> <span class='ocrx_word' id='word_1_125' title='bbox 1776 1698 1852 1761; x_wconf 84' lang='grc' dir='ltr'>ὡς</span> 
     </span>
    </p>
   </div>
   <div class='ocr_carea' id='block_1_19' title="bbox 259 1784 1853 1858">
    <p class='ocr_par' dir='ltr' id='par_1_19' title="bbox 259 1784 1853 1858">
     <span class='ocr_line' id='line_1_19' title="bbox 259 1784 1853 1858; baseline 0.002 -20"><span class='ocrx_word' id='word_1_126' title='bbox 259 1784 445 1856; x_wconf 81' lang='grc' dir='ltr'><strong>ἀληθῆ</strong></span> <span class='ocrx_word' id='word_1_127' title='bbox 501 1786 1003 1858; x_wconf 83' lang='grc' dir='ltr'>ὑπολαμϐάνοντες,</span> <span class='ocrx_word' id='word_1_128' title='bbox 1060 1790 1154 1843; x_wconf 82' lang='grc' dir='ltr'>καὶ</span> <span class='ocrx_word' id='word_1_129' title='bbox 1208 1791 1292 1844; x_wconf 82' lang='grc' dir='ltr'>ὅτι</span> <span class='ocrx_word' id='word_1_130' title='bbox 1343 1789 1414 1842; x_wconf 90' lang='grc' dir='ltr'><strong>τά</strong></span> <span class='ocrx_word' id='word_1_131' title='bbox 1457 1789 1683 1843; x_wconf 88' lang='grc' dir='ltr'>τοιαῦτα</span> <span class='ocrx_word' id='word_1_132' title='bbox 1743 1789 1853 1842; x_wconf 89' lang='grc' dir='ltr'><strong>τῶν</strong></span> 
     </span>
    </p>
   </div>
   <div class='ocr_carea' id='block_1_20' title="bbox 196 1853 1929 1952">
    <p class='ocr_par' dir='ltr' id='par_1_20' title="bbox 196 1853 1929 1952">
     <span class='ocr_line' id='line_1_20' title="bbox 196 1853 1929 1952; baseline 0 -21"><span class='ocrx_word' id='word_1_133' title='bbox 196 1884 203 1889; x_wconf 82' lang='grc'><em>’</em></span> <span class='ocrx_word' id='word_1_134' title='bbox 266 1853 583 1949; x_wconf 80' lang='grc' dir='ltr'>βρωμάτων</span> <span class='ocrx_word' id='word_1_135' title='bbox 618 1853 852 1949; x_wconf 80' lang='grc' dir='ltr'><strong>παχύνει</strong></span> <span class='ocrx_word' id='word_1_136' title='bbox 884 1853 994 1934; x_wconf 80' lang='grc' dir='ltr'>τὸν</span> <span class='ocrx_word' id='word_1_137' title='bbox 1016 1879 1163 1944; x_wconf 83' lang='grc' dir='ltr'>νοῦν,</span> <span class='ocrx_word' id='word_1_138' title='bbox 1194 1879 1583 1952; x_wconf 85' lang='grc' dir='ltr'>τροφιμώτερα</span> <span class='ocrx_word' id='word_1_139' title='bbox 1605 1880 1735 1934; x_wconf 77' lang='grc' dir='ltr'>ὄντα</span> <span class='ocrx_word' id='word_1_140' title='bbox 1757 1879 1853 1932; x_wconf 74' lang='grc' dir='ltr'>καὶ</span> <span class='ocrx_word' id='word_1_141' title='bbox 1886 1853 1929 1907; x_wconf 72' lang='grc' dir='ltr'><strong>Β</strong></span> 
     </span>
    </p>
   </div>
   <div class='ocr_carea' id='block_1_21' title="bbox 266 1968 1853 2041">
    <p class='ocr_par' dir='ltr' id='par_1_21' title="bbox 266 1968 1853 2041">
     <span class='ocr_line' id='line_1_21' title="bbox 266 1968 1853 2041; baseline 0.002 -21"><span class='ocrx_word' id='word_1_142' title='bbox 266 1968 472 2041; x_wconf 79' lang='grc' dir='ltr'>πολλὴν</span> <span class='ocrx_word' id='word_1_143' title='bbox 496 1970 748 2025; x_wconf 79' lang='grc' dir='ltr'>ἀνάδοσιν</span> <span class='ocrx_word' id='word_1_144' title='bbox 777 1971 1060 2026; x_wconf 89' lang='grc' dir='ltr'>ποιοῦντα.</span> <span class='ocrx_word' id='word_1_145' title='bbox 1081 1971 1181 2026; x_wconf 86' lang='grc' dir='ltr'>Διά</span> <span class='ocrx_word' id='word_1_146' title='bbox 1204 1968 1367 2025; x_wconf 88' lang='grc' dir='ltr'>τοῦτο</span> <span class='ocrx_word' id='word_1_147' title='bbox 1395 1970 1491 2023; x_wconf 84' lang='grc' dir='ltr'>καὶ</span> <span class='ocrx_word' id='word_1_148' title='bbox 1511 1968 1606 2024; x_wconf 87' lang='grc' dir='ltr'><strong>τοῦ</strong></span> <span class='ocrx_word' id='word_1_149' title='bbox 1638 1970 1853 2040; x_wconf 85' lang='grc' dir='ltr'>κυάμου</span> 
     </span>
    </p>
   </div>
   <div class='ocr_carea' id='block_1_22' title="bbox 266 2060 1855 2145">
    <p class='ocr_par' dir='ltr' id='par_1_22' title="bbox 266 2060 1855 2145">
     <span class='ocr_line' id='line_1_22' title="bbox 266 2060 1855 2145; baseline 0 -29"><span class='ocrx_word' id='word_1_150' title='bbox 266 2060 565 2130; x_wconf 71' lang='grc' dir='ltr'>ἀπείχοντο</span> <span class='ocrx_word' id='word_1_151' title='bbox 585 2102 600 2126; x_wconf 89' lang='grc'><strong>,</strong></span> <span class='ocrx_word' id='word_1_152' title='bbox 630 2062 712 2117; x_wconf 83' lang='grc' dir='ltr'>ὅτι</span> <span class='ocrx_word' id='word_1_153' title='bbox 748 2062 1002 2134; x_wconf 83' lang='grc' dir='ltr'>φυσώδης</span> <span class='ocrx_word' id='word_1_154' title='bbox 1026 2062 1124 2116; x_wconf 71' lang='grc' dir='ltr'>καὶ</span> <span class='ocrx_word' id='word_1_155' title='bbox 1146 2062 1581 2145; x_wconf 62' lang='grc' dir='ltr'>τροφιμώτατος.</span> <span class='ocrx_word' id='word_1_156' title='bbox 1618 2062 1730 2114; x_wconf 76' lang='grc' dir='ltr'><strong>Καὶ</strong></span> <span class='ocrx_word' id='word_1_157' title='bbox 1758 2060 1855 2116; x_wconf 85' lang='grc' dir='ltr'>ἀλ-</span> 
     </span>
    </p>
   </div>
   <div class='ocr_carea' id='block_1_23' title="bbox 263 2147 1855 2215">
    <p class='ocr_par' dir='ltr' id='par_1_23' title="bbox 263 2147 1855 2215">
     <span class='ocr_line' id='line_1_23' title="bbox 263 2147 1855 2215; baseline 0.001 -13"><span class='ocrx_word' id='word_1_158' title='bbox 263 2147 370 2213; x_wconf 84' lang='grc' dir='ltr'><strong>λας</strong></span> <span class='ocrx_word' id='word_1_159' title='bbox 402 2149 461 2202; x_wconf 80' lang='grc' dir='ltr'><strong>δέ</strong></span> <span class='ocrx_word' id='word_1_160' title='bbox 486 2167 641 2212; x_wconf 84' lang='grc' dir='ltr'>τινας</span> <span class='ocrx_word' id='word_1_161' title='bbox 674 2150 857 2215; x_wconf 87' lang='grc' dir='ltr'>αίτίας</span> <span class='ocrx_word' id='word_1_162' title='bbox 891 2151 1113 2215; x_wconf 89' lang='grc' dir='ltr'>πλείους</span> <span class='ocrx_word' id='word_1_163' title='bbox 1143 2150 1518 2214; x_wconf 83' lang='grc' dir='ltr'>ἀποδιδόασιν,</span> <span class='ocrx_word' id='word_1_164' title='bbox 1562 2151 1619 2203; x_wconf 83' lang='grc' dir='ltr'><strong>αἳ</strong></span> <span class='ocrx_word' id='word_1_165' title='bbox 1655 2150 1855 2209; x_wconf 77' lang='grc' dir='ltr'>αὐτοὺς</span> 
     </span>
    </p>
   </div>
   <div class='ocr_carea' id='block_1_24' title="bbox 267 2241 1854 2315">
    <p class='ocr_par' dir='ltr' id='par_1_24' title="bbox 267 2241 1854 2315">
     <span class='ocr_line' id='line_1_24' title="bbox 267 2241 1854 2315; baseline 0.003 -23"><span class='ocrx_word' id='word_1_166' title='bbox 267 2241 466 2309; x_wconf 87' lang='grc' dir='ltr'>ἐνῆγον</span> <span class='ocrx_word' id='word_1_167' title='bbox 493 2242 796 2312; x_wconf 83' lang='grc' dir='ltr'>ἀπέχεσθαι</span> <span class='ocrx_word' id='word_1_168' title='bbox 824 2243 935 2297; x_wconf 89' lang='grc' dir='ltr'><strong>τῶν</strong></span> <span class='ocrx_word' id='word_1_169' title='bbox 960 2247 1209 2315; x_wconf 84' lang='grc' dir='ltr'>κυάμων.</span> <span class='ocrx_word' id='word_1_170' title='bbox 1245 2244 1369 2297; x_wconf 81' lang='grc' dir='ltr'><strong>Ὀτι</strong></span> <span class='ocrx_word' id='word_1_171' title='bbox 1398 2242 1491 2297; x_wconf 85' lang='grc' dir='ltr'>τὸν</span> <span class='ocrx_word' id='word_1_172' title='bbox 1520 2241 1854 2314; x_wconf 84' lang='grc' dir='ltr'><strong>Πυθαγόραν</strong></span> 
     </span>
    </p>
   </div>
   <div class='ocr_carea' id='block_1_25' title="bbox 269 2330 1858 2406">
    <p class='ocr_par' dir='ltr' id='par_1_25' title="bbox 269 2330 1858 2406">
     <span class='ocr_line' id='line_1_25' title="bbox 269 2330 1858 2406; baseline 0.003 -22"><span class='ocrx_word' id='word_1_173' title='bbox 269 2330 443 2386; x_wconf 79' lang='grc' dir='ltr'>πολλά</span> <span class='ocrx_word' id='word_1_174' title='bbox 489 2348 624 2402; x_wconf 83' lang='grc' dir='ltr'>φασι</span> <span class='ocrx_word' id='word_1_175' title='bbox 640 2333 687 2367; x_wconf 83' lang='lat'><strong>&#39;°</strong></span> <span class='ocrx_word' id='word_1_176' title='bbox 734 2338 1042 2405; x_wconf 78' lang='grc' dir='ltr'>προειπεῖν,</span> <span class='ocrx_word' id='word_1_177' title='bbox 1078 2336 1174 2389; x_wconf 74' lang='grc' dir='ltr'>καὶ</span> <span class='ocrx_word' id='word_1_178' title='bbox 1217 2335 1398 2391; x_wconf 89' lang='grc' dir='ltr'>πάντα</span> <span class='ocrx_word' id='word_1_179' title='bbox 1448 2334 1700 2406; x_wconf 84' lang='grc' dir='ltr'>ἐκϐῆναι.</span> <span class='ocrx_word' id='word_1_180' title='bbox 1734 2335 1858 2389; x_wconf 89' lang='grc' dir='ltr'>Ὅτι</span> 
     </span>
    </p>
   </div>
   <div class='ocr_carea' id='block_1_26' title="bbox 267 2422 1857 2499">
    <p class='ocr_par' dir='ltr' id='par_1_26' title="bbox 267 2422 1857 2499">
     <span class='ocr_line' id='line_1_26' title="bbox 267 2422 1857 2499; baseline 0.002 -23"><span class='ocrx_word' id='word_1_181' title='bbox 267 2422 372 2493; x_wconf 78' lang='grc' dir='ltr'>τὴν</span> <span class='ocrx_word' id='word_1_182' title='bbox 422 2424 521 2494; x_wconf 81' lang='grc' dir='ltr'>μὲν</span> <span class='ocrx_word' id='word_1_183' title='bbox 570 2424 914 2497; x_wconf 82' lang='grc' dir='ltr'>θεωρητικὴν</span> <span class='ocrx_word' id='word_1_184' title='bbox 971 2427 1066 2481; x_wconf 77' lang='grc' dir='ltr'>καὶ</span> <span class='ocrx_word' id='word_1_185' title='bbox 1108 2429 1347 2499; x_wconf 82' lang='grc' dir='ltr'>φυσικὴν</span> <span class='ocrx_word' id='word_1_186' title='bbox 1398 2427 1668 2482; x_wconf 88' lang='grc' dir='ltr'>Πλάτωνά</span> <span class='ocrx_word' id='word_1_187' title='bbox 1722 2444 1857 2496; x_wconf 82' lang='grc' dir='ltr'>φασι</span> 
     </span>
    </p>
   </div>
   <div class='ocr_carea' id='block_1_27' title="bbox 269 2515 1856 2589">
    <p class='ocr_par' dir='ltr' id='par_1_27' title="bbox 269 2515 1856 2589">
     <span class='ocr_line' id='line_1_27' title="bbox 269 2515 1856 2589; baseline 0.002 -23"><span class='ocrx_word' id='word_1_188' title='bbox 269 2515 424 2583; x_wconf 84' lang='grc' dir='ltr'><strong>παρά</strong></span> <span class='ocrx_word' id='word_1_189' title='bbox 456 2515 566 2569; x_wconf 89' lang='grc' dir='ltr'><strong>τῶν</strong></span> <span class='ocrx_word' id='word_1_190' title='bbox 599 2518 657 2570; x_wconf 89' lang='grc' dir='ltr'><strong>ἐν</strong></span> <span class='ocrx_word' id='word_1_191' title='bbox 699 2517 901 2589; x_wconf 80' lang='grc' dir='ltr'>Ἰταλίᾳ</span> <span class='ocrx_word' id='word_1_192' title='bbox 925 2518 1313 2589; x_wconf 85' lang='grc' dir='ltr'>Πυθαγορείων</span> <span class='ocrx_word' id='word_1_193' title='bbox 1347 2518 1636 2587; x_wconf 87' lang='grc' dir='ltr'>ἐκμαθεῖν,</span> <span class='ocrx_word' id='word_1_194' title='bbox 1666 2518 1768 2589; x_wconf 80' lang='grc' dir='ltr'>τὴν</span> <span class='ocrx_word' id='word_1_195' title='bbox 1797 2517 1856 2570; x_wconf 88' lang='grc' dir='ltr'>δὲ</span> 
     </span>
    </p>
   </div>
   <div class='ocr_carea' id='block_1_28' title="bbox 1948 606 3523 677">
    <p class='ocr_par' dir='ltr' id='par_1_28' title="bbox 1948 606 3523 677">
     <span class='ocr_line' id='line_1_28' title="bbox 1948 606 3523 677; baseline 0.004 -16"><span class='ocrx_word' id='word_1_196' title='bbox 1948 606 2184 663; x_wconf 88' lang='lat' dir='ltr'><strong>melior:</strong></span> <span class='ocrx_word' id='word_1_197' title='bbox 2234 607 2502 677; x_wconf 85' lang='lat' dir='ltr'><strong>siquidem</strong></span> <span class='ocrx_word' id='word_1_198' title='bbox 2538 606 2590 663; x_wconf 87' lang='lat' dir='ltr'><strong>in</strong></span> <span class='ocrx_word' id='word_1_199' title='bbox 2641 607 2849 661; x_wconf 82' lang='lat' dir='ltr'><strong>somnis</strong></span> <span class='ocrx_word' id='word_1_200' title='bbox 2898 623 2995 677; x_wconf 87' lang='lat' dir='ltr'><strong>per</strong></span> <span class='ocrx_word' id='word_1_201' title='bbox 3038 608 3333 677; x_wconf 74' lang='lat' dir='ltr'><strong>Insomnia,</strong></span> <span class='ocrx_word' id='word_1_202' title='bbox 3375 620 3430 667; x_wconf 91' lang='lat' dir='ltr'><strong>et</strong></span> <span class='ocrx_word' id='word_1_203' title='bbox 3466 613 3523 667; x_wconf 91' lang='lat' dir='ltr'><strong>in</strong></span> 
     </span>
    </p>
   </div>
   <div class='ocr_carea' id='block_1_29' title="bbox 1946 698 3525 767">
    <p class='ocr_par' dir='ltr' id='par_1_29' title="bbox 1946 698 3525 767">
     <span class='ocr_line' id='line_1_29' title="bbox 1946 698 3525 767; baseline 0.003 -13"><span class='ocrx_word' id='word_1_204' title='bbox 1946 700 2259 756; x_wconf 78' lang='lat' dir='ltr'><strong>exstasibus</strong></span> <span class='ocrx_word' id='word_1_205' title='bbox 2305 698 2637 764; x_wconf 85' lang='lat' dir='ltr'><strong>morborum,</strong></span> <span class='ocrx_word' id='word_1_206' title='bbox 2692 698 2964 753; x_wconf 81' lang='lat' dir='ltr'><strong>divinator</strong></span> <span class='ocrx_word' id='word_1_207' title='bbox 3020 699 3097 767; x_wconf 81' lang='lat' dir='ltr'><strong>ﬁt,</strong></span> <span class='ocrx_word' id='word_1_208' title='bbox 3155 702 3330 756; x_wconf 86' lang='lat' dir='ltr'><strong>multo</strong></span> <span class='ocrx_word' id='word_1_209' title='bbox 3392 717 3525 758; x_wconf 90' lang='lat' dir='ltr'><strong>sane</strong></span> 
     </span>
    </p>
   </div>
   <div class='ocr_carea' id='block_1_30' title="bbox 1949 788 3529 861">
    <p class='ocr_par' dir='ltr' id='par_1_30' title="bbox 1949 788 3529 861">
     <span class='ocr_line' id='line_1_30' title="bbox 1949 788 3529 861; baseline 0.003 -16"><span class='ocrx_word' id='word_1_210' title='bbox 1949 799 2078 846; x_wconf 92' lang='lat' dir='ltr'><strong>tunc</strong></span> <span class='ocrx_word' id='word_1_211' title='bbox 2126 791 2475 861; x_wconf 84' lang='lat' dir='ltr'><strong>praestantior</strong></span> <span class='ocrx_word' id='word_1_212' title='bbox 2517 788 2698 858; x_wconf 90' lang='lat' dir='ltr'><strong>seipso</strong></span> <span class='ocrx_word' id='word_1_213' title='bbox 2744 789 2825 855; x_wconf 82' lang='lat' dir='ltr'><strong>lit,</strong></span> <span class='ocrx_word' id='word_1_214' title='bbox 2877 804 3003 844; x_wconf 89' lang='lat' dir='ltr'><strong>cum</strong></span> <span class='ocrx_word' id='word_1_215' title='bbox 3030 790 3142 859; x_wconf 86' lang='lat' dir='ltr'><strong>iam</strong></span> <span class='ocrx_word' id='word_1_216' title='bbox 3185 803 3464 861; x_wconf 91' lang='lat' dir='ltr'><strong>postremo</strong></span> <span class='ocrx_word' id='word_1_217' title='bbox 3495 808 3529 850; x_wconf 91' lang='lat' dir='ltr'><strong>e</strong></span> 
     </span>
    </p>
   </div>
   <div class='ocr_carea' id='block_1_31' title="bbox 1948 882 3526 954">
    <p class='ocr_par' dir='ltr' id='par_1_31' title="bbox 1948 882 3526 954">
     <span class='ocr_line' id='line_1_31' title="bbox 1948 882 3526 954; baseline 0.001 -15"><span class='ocrx_word' id='word_1_218' title='bbox 1948 898 2179 953; x_wconf 89' lang='lat' dir='ltr'><strong>corpore</strong></span> <span class='ocrx_word' id='word_1_219' title='bbox 2230 884 2507 954; x_wconf 77' lang='lat' dir='ltr'><strong>migravit.</strong></span> <span class='ocrx_word' id='word_1_220' title='bbox 2551 882 2707 953; x_wconf 83' lang='lat' dir='ltr'><strong>Apud</strong></span> <span class='ocrx_word' id='word_1_221' title='bbox 2758 883 2979 939; x_wconf 91' lang='lat' dir='ltr'><strong>eosdem</strong></span> <span class='ocrx_word' id='word_1_222' title='bbox 3007 884 3290 939; x_wconf 84' lang='lat' dir='ltr'><strong>exordium</strong></span> <span class='ocrx_word' id='word_1_223' title='bbox 3342 900 3526 941; x_wconf 88' lang='lat' dir='ltr'><strong>rerum</strong></span> 
     </span>
    </p>
   </div>
   <div class='ocr_carea' id='block_1_32' title="bbox 1950 974 3526 1044">
    <p class='ocr_par' dir='ltr' id='par_1_32' title="bbox 1950 974 3526 1044">
     <span class='ocr_line' id='line_1_32' title="bbox 1950 974 3526 1044; baseline 0.003 -16"><span class='ocrx_word' id='word_1_224' title='bbox 1950 975 2193 1029; x_wconf 91' lang='lat' dir='ltr'><strong>omnium</strong></span> <span class='ocrx_word' id='word_1_225' title='bbox 2225 983 2309 1029; x_wconf 91' lang='lat' dir='ltr'><strong>est</strong></span> <span class='ocrx_word' id='word_1_226' title='bbox 2337 974 2540 1039; x_wconf 92' lang='lat' dir='ltr'><strong>unitas,</strong></span> <span class='ocrx_word' id='word_1_227' title='bbox 2577 974 2775 1030; x_wconf 88' lang='lat' dir='ltr'><strong>deinde</strong></span> <span class='ocrx_word' id='word_1_228' title='bbox 2805 984 3062 1044; x_wconf 89' lang='lat' dir='ltr'><strong>punctum</strong></span> <span class='ocrx_word' id='word_1_229' title='bbox 3096 975 3310 1030; x_wconf 89' lang='lat' dir='ltr'><strong>initium</strong></span> <span class='ocrx_word' id='word_1_230' title='bbox 3346 977 3526 1043; x_wconf 79' lang='lat' dir='ltr'><strong>lineae,</strong></span> 
     </span>
    </p>
   </div>
   <div class='ocr_carea' id='block_1_33' title="bbox 1950 1065 3563 1139">
    <p class='ocr_par' dir='ltr' id='par_1_33' title="bbox 1950 1065 3563 1139">
     <span class='ocr_line' id='line_1_33' title="bbox 1950 1065 3563 1139; baseline 0.002 -20"><span class='ocrx_word' id='word_1_231' title='bbox 1950 1066 2089 1121; x_wconf 88' lang='lat' dir='ltr'><strong>linea</strong></span> <span class='ocrx_word' id='word_1_232' title='bbox 2120 1065 2450 1138; x_wconf 80' lang='lat' dir='ltr'><strong>superﬁciei,</strong></span> <span class='ocrx_word' id='word_1_233' title='bbox 2485 1075 2543 1120; x_wconf 91' lang='lat' dir='ltr'><strong>et</strong></span> <span class='ocrx_word' id='word_1_234' title='bbox 2581 1065 2902 1136; x_wconf 73' lang='lat' dir='ltr'><strong>superﬁcies</strong></span> <span class='ocrx_word' id='word_1_235' title='bbox 2949 1066 3179 1136; x_wconf 90' lang='lat' dir='ltr'><strong>triplicis</strong></span> <span class='ocrx_word' id='word_1_236' title='bbox 3216 1068 3269 1123; x_wconf 93' lang='lat' dir='ltr'><strong>in</strong></span> <span class='ocrx_word' id='word_1_237' title='bbox 3309 1069 3529 1138; x_wconf 85' lang='lat' dir='ltr'><strong>quanti-</strong></span> <span class='ocrx_word' id='word_1_238' title='bbox 3560 1122 3563 1139; x_wconf 23' lang='grc' dir='ltr'><strong>γ</strong></span> 
     </span>
    </p>
   </div>
   <div class='ocr_carea' id='block_1_34' title="bbox 1952 1153 3529 1225">
    <p class='ocr_par' dir='ltr' id='par_1_34' title="bbox 1952 1153 3529 1225">
     <span class='ocr_line' id='line_1_34' title="bbox 1952 1153 3529 1225; baseline 0.001 -16"><span class='ocrx_word' id='word_1_239' title='bbox 1952 1163 2065 1210; x_wconf 87' lang='lat' dir='ltr'><strong>tate</strong></span> <span class='ocrx_word' id='word_1_240' title='bbox 2102 1154 2482 1219; x_wconf 89' lang='lat' dir='ltr'><strong>dimensionis,</strong></span> <span class='ocrx_word' id='word_1_241' title='bbox 2510 1153 2618 1220; x_wconf 87' lang='lat' dir='ltr'><strong>vel,</strong></span> <span class='ocrx_word' id='word_1_242' title='bbox 2661 1162 2721 1208; x_wconf 86' lang='lat' dir='ltr'><strong>ut</strong></span> <span class='ocrx_word' id='word_1_243' title='bbox 2756 1161 2975 1221; x_wconf 86' lang='lat' dir='ltr'><strong>vocant,</strong></span> <span class='ocrx_word' id='word_1_244' title='bbox 3020 1156 3291 1225; x_wconf 91' lang='lat' dir='ltr'><strong>corporis.</strong></span> <span class='ocrx_word' id='word_1_245' title='bbox 3328 1155 3529 1212; x_wconf 79' lang='lat' dir='ltr'><strong>Verum</strong></span> 
     </span>
    </p>
   </div>
   <div class='ocr_carea' id='block_1_35' title="bbox 1953 1244 3533 1314">
    <p class='ocr_par' dir='ltr' id='par_1_35' title="bbox 1953 1244 3533 1314">
     <span class='ocr_line' id='line_1_35' title="bbox 1953 1244 3533 1314; baseline 0.003 -16"><span class='ocrx_word' id='word_1_246' title='bbox 1953 1254 2083 1300; x_wconf 90' lang='lat' dir='ltr'><strong>ante</strong></span> <span class='ocrx_word' id='word_1_247' title='bbox 2112 1253 2368 1313; x_wconf 87' lang='lat' dir='ltr'><strong>punctum</strong></span> <span class='ocrx_word' id='word_1_248' title='bbox 2408 1244 3145 1314; x_wconf 16' lang='lat' dir='ltr'><strong>Vcognoscimusmonadem.</strong></span> <span class='ocrx_word' id='word_1_249' title='bbox 3195 1246 3376 1312; x_wconf 82' lang='lat' dir='ltr'><strong>Quare</strong></span> <span class='ocrx_word' id='word_1_250' title='bbox 3406 1261 3533 1302; x_wconf 89' lang='lat' dir='ltr'><strong>cor-</strong></span> 
     </span>
    </p>
   </div>
   <div class='ocr_carea' id='block_1_36' title="bbox 1954 1337 3533 1408">
    <p class='ocr_par' dir='ltr' id='par_1_36' title="bbox 1954 1337 3533 1408">
     <span class='ocr_line' id='line_1_36' title="bbox 1954 1337 3533 1408; baseline 0.003 -17"><span class='ocrx_word' id='word_1_251' title='bbox 1954 1350 2145 1405; x_wconf 90' lang='lat' dir='ltr'><strong>porum</strong></span> <span class='ocrx_word' id='word_1_252' title='bbox 2199 1337 2418 1393; x_wconf 89' lang='lat' dir='ltr'><strong>initium</strong></span> <span class='ocrx_word' id='word_1_253' title='bbox 2460 1344 2547 1393; x_wconf 90' lang='lat' dir='ltr'><strong>est</strong></span> <span class='ocrx_word' id='word_1_254' title='bbox 2596 1338 2803 1405; x_wconf 88' lang='lat' dir='ltr'><strong>unitas,</strong></span> <span class='ocrx_word' id='word_1_255' title='bbox 2854 1339 2996 1393; x_wconf 78' lang='lat' dir='ltr'><strong>sicut</strong></span> <span class='ocrx_word' id='word_1_256' title='bbox 3021 1339 3209 1394; x_wconf 88' lang='lat' dir='ltr'><strong>omnia</strong></span> <span class='ocrx_word' id='word_1_257' title='bbox 3233 1353 3462 1408; x_wconf 91' lang='lat' dir='ltr'><strong>corpora</strong></span> <span class='ocrx_word' id='word_1_258' title='bbox 3500 1354 3533 1395; x_wconf 86' lang='lat' dir='ltr'><strong>e</strong></span> 
     </span>
    </p>
   </div>
   <div class='ocr_carea' id='block_1_37' title="bbox 1955 1427 3535 1497">
    <p class='ocr_par' dir='ltr' id='par_1_37' title="bbox 1955 1427 3535 1497">
     <span class='ocr_line' id='line_1_37' title="bbox 1955 1427 3535 1497; baseline 0.001 -18"><span class='ocrx_word' id='word_1_259' title='bbox 1955 1428 2183 1481; x_wconf 88' lang='lat' dir='ltr'><strong>monade</strong></span> <span class='ocrx_word' id='word_1_260' title='bbox 2211 1438 2625 1494; x_wconf 90' lang='lat' dir='ltr'><strong>componuntur.</strong></span> <span class='ocrx_word' id='word_1_261' title='bbox 2655 1427 2877 1492; x_wconf 66' lang='lat' dir='ltr'><strong>Adhaac,</strong></span> <span class='ocrx_word' id='word_1_262' title='bbox 2927 1438 3149 1497; x_wconf 87' lang='lat' dir='ltr'><strong>propter</strong></span> <span class='ocrx_word' id='word_1_263' title='bbox 3174 1427 3535 1497; x_wconf 82' lang='lat' dir='ltr'><strong>transmigra-</strong></span> 
     </span>
    </p>
   </div>
   <div class='ocr_carea' id='block_1_38' title="bbox 1958 1516 3534 1586">
    <p class='ocr_par' dir='ltr' id='par_1_38' title="bbox 1958 1516 3534 1586">
     <span class='ocr_line' id='line_1_38' title="bbox 1958 1516 3534 1586; baseline 0.002 -18"><span class='ocrx_word' id='word_1_264' title='bbox 1958 1517 2157 1571; x_wconf 88' lang='lat' dir='ltr'><strong>tionem</strong></span> <span class='ocrx_word' id='word_1_265' title='bbox 2191 1516 2515 1579; x_wconf 89' lang='lat' dir='ltr'><strong>animarum,</strong></span> <span class='ocrx_word' id='word_1_266' title='bbox 2567 1532 2729 1586; x_wconf 86' lang='lat' dir='ltr'><strong>quam</strong></span> <span class='ocrx_word' id='word_1_267' title='bbox 2783 1518 2952 1573; x_wconf 89' lang='lat' dir='ltr'><strong>stulto</strong></span> <span class='ocrx_word' id='word_1_268' title='bbox 2997 1532 3128 1573; x_wconf 84' lang='lat' dir='ltr'><strong>sane</strong></span> <span class='ocrx_word' id='word_1_269' title='bbox 3171 1516 3405 1572; x_wconf 88' lang='lat' dir='ltr'><strong>consilio</strong></span> <span class='ocrx_word' id='word_1_270' title='bbox 3441 1532 3534 1571; x_wconf 84' lang='lat' dir='ltr'><strong>ve-</strong></span> 
     </span>
    </p>
   </div>
   <div class='ocr_carea' id='block_1_39' title="bbox 1957 1607 3553 1677">
    <p class='ocr_par' dir='ltr' id='par_1_39' title="bbox 1957 1607 3553 1677">
     <span class='ocr_line' id='line_1_39' title="bbox 1957 1607 3553 1677; baseline -0.001 -17"><span class='ocrx_word' id='word_1_271' title='bbox 1957 1621 2070 1660; x_wconf 86' lang='lat' dir='ltr'><strong>ram</strong></span> <span class='ocrx_word' id='word_1_272' title='bbox 2128 1616 2342 1674; x_wconf 89' lang='lat' dir='ltr'><strong>putant,</strong></span> <span class='ocrx_word' id='word_1_273' title='bbox 2383 1607 2449 1661; x_wconf 90' lang='lat' dir='ltr'><strong>ab</strong></span> <span class='ocrx_word' id='word_1_274' title='bbox 2495 1607 2751 1663; x_wconf 82' lang='lat' dir='ltr'><strong>animatis</strong></span> <span class='ocrx_word' id='word_1_275' title='bbox 2811 1609 3117 1672; x_wconf 88' lang='lat' dir='ltr'><strong>abstinent;</strong></span> <span class='ocrx_word' id='word_1_276' title='bbox 3168 1607 3365 1663; x_wconf 91' lang='lat' dir='ltr'><strong>deinde</strong></span> <span class='ocrx_word' id='word_1_277' title='bbox 3409 1607 3553 1677; x_wconf 17' lang='lat' dir='ltr'><strong>quia,</strong></span> 
     </span>
    </p>
   </div>
   <div class='ocr_carea' id='block_1_40' title="bbox 1957 1695 3540 1766">
    <p class='ocr_par' dir='ltr' id='par_1_40' title="bbox 1957 1695 3540 1766">
     <span class='ocr_line' id='line_1_40' title="bbox 1957 1695 3540 1766; baseline 0.001 -19"><span class='ocrx_word' id='word_1_278' title='bbox 1957 1695 2230 1765; x_wconf 80' lang='lat' dir='ltr'><strong>ingenium</strong></span> <span class='ocrx_word' id='word_1_279' title='bbox 2265 1706 2515 1766; x_wconf 81' lang='lat' dir='ltr'><strong>gravant,</strong></span> <span class='ocrx_word' id='word_1_280' title='bbox 2548 1697 2619 1752; x_wconf 92' lang='lat' dir='ltr'><strong>ob</strong></span> <span class='ocrx_word' id='word_1_281' title='bbox 2666 1698 2893 1753; x_wconf 91' lang='lat' dir='ltr'><strong>nimium</strong></span> <span class='ocrx_word' id='word_1_282' title='bbox 2938 1698 3332 1754; x_wconf 89' lang='lat' dir='ltr'><strong>nutrimentum</strong></span> <span class='ocrx_word' id='word_1_283' title='bbox 3376 1706 3431 1753; x_wconf 84' lang='lat' dir='ltr'><strong>et</strong></span> <span class='ocrx_word' id='word_1_284' title='bbox 3455 1696 3540 1750; x_wconf 85' lang='lat' dir='ltr'><strong>di-</strong></span> 
     </span>
    </p>
   </div>
   <div class='ocr_carea' id='block_1_41' title="bbox 1958 1786 3539 1855">
    <p class='ocr_par' dir='ltr' id='par_1_41' title="bbox 1958 1786 3539 1855">
     <span class='ocr_line' id='line_1_41' title="bbox 1958 1786 3539 1855; baseline 0.001 -15"><span class='ocrx_word' id='word_1_285' title='bbox 1958 1786 2284 1855; x_wconf 82' lang='lat' dir='ltr'><strong>gestioncm.</strong></span> <span class='ocrx_word' id='word_1_286' title='bbox 2340 1786 2483 1852; x_wconf 85' lang='lat' dir='ltr'><strong>Quin</strong></span> <span class='ocrx_word' id='word_1_287' title='bbox 2515 1800 2569 1842; x_wconf 90' lang='lat' dir='ltr'><strong>et</strong></span> <span class='ocrx_word' id='word_1_288' title='bbox 2615 1786 2770 1843; x_wconf 83' lang='lat' dir='ltr'><strong>fabas</strong></span> <span class='ocrx_word' id='word_1_289' title='bbox 2800 1804 2908 1844; x_wconf 89' lang='lat' dir='ltr'><strong>non</strong></span> <span class='ocrx_word' id='word_1_290' title='bbox 2945 1789 3141 1854; x_wconf 89' lang='lat' dir='ltr'><strong>edunt,</strong></span> <span class='ocrx_word' id='word_1_291' title='bbox 3174 1788 3401 1843; x_wconf 89' lang='lat' dir='ltr'><strong>nimium</strong></span> <span class='ocrx_word' id='word_1_292' title='bbox 3446 1801 3539 1841; x_wconf 85' lang='lat' dir='ltr'><strong>se-</strong></span> 
     </span>
    </p>
   </div>
   <div class='ocr_carea' id='block_1_42' title="bbox 1960 1876 3537 1945">
    <p class='ocr_par' dir='ltr' id='par_1_42' title="bbox 1960 1876 3537 1945">
     <span class='ocr_line' id='line_1_42' title="bbox 1960 1876 3537 1945; baseline 0.001 -14"><span class='ocrx_word' id='word_1_293' title='bbox 1960 1876 2197 1931; x_wconf 86' lang='lat' dir='ltr'><strong>cundum</strong></span> <span class='ocrx_word' id='word_1_294' title='bbox 2242 1892 2340 1933; x_wconf 93' lang='lat' dir='ltr'><strong>eos</strong></span> <span class='ocrx_word' id='word_1_295' title='bbox 2380 1877 2645 1933; x_wconf 83' lang='lat' dir='ltr'><strong>inﬂationi</strong></span> <span class='ocrx_word' id='word_1_296' title='bbox 2690 1878 2981 1945; x_wconf 80' lang='lat' dir='ltr'><strong>obnoxias,</strong></span> <span class='ocrx_word' id='word_1_297' title='bbox 3024 1892 3079 1934; x_wconf 92' lang='lat' dir='ltr'><strong>et</strong></span> <span class='ocrx_word' id='word_1_298' title='bbox 3110 1879 3272 1935; x_wconf 88' lang='lat' dir='ltr'><strong>nimis</strong></span> <span class='ocrx_word' id='word_1_299' title='bbox 3303 1879 3537 1941; x_wconf 90' lang='lat' dir='ltr'><strong>alentes,</strong></span> 
     </span>
    </p>
   </div>
   <div class='ocr_carea' id='block_1_43' title="bbox 1961 1967 3543 2039">
    <p class='ocr_par' dir='ltr' id='par_1_43' title="bbox 1961 1967 3543 2039">
     <span class='ocr_line' id='line_1_43' title="bbox 1961 1967 3543 2039; baseline -0.001 -19"><span class='ocrx_word' id='word_1_300' title='bbox 1961 1967 2192 2037; x_wconf 84' lang='lat' dir='ltr'><strong>aliisque</strong></span> <span class='ocrx_word' id='word_1_301' title='bbox 2254 1969 2321 2022; x_wconf 90' lang='lat' dir='ltr'><strong>de</strong></span> <span class='ocrx_word' id='word_1_302' title='bbox 2372 1970 2573 2033; x_wconf 90' lang='lat' dir='ltr'><strong>causis,</strong></span> <span class='ocrx_word' id='word_1_303' title='bbox 2640 1984 2763 2039; x_wconf 63' lang='lat' dir='ltr'><strong>quae</strong></span> <span class='ocrx_word' id='word_1_304' title='bbox 2814 1968 3066 2025; x_wconf 82' lang='lat' dir='ltr'><strong>fabarum</strong></span> <span class='ocrx_word' id='word_1_305' title='bbox 3134 1982 3285 2023; x_wconf 90' lang='lat' dir='ltr'><strong>esum</strong></span> <span class='ocrx_word' id='word_1_306' title='bbox 3353 1969 3543 2038; x_wconf 85' lang='lat' dir='ltr'><strong>prohi-</strong></span> 
     </span>
    </p>
   </div>
   <div class='ocr_carea' id='block_1_44' title="bbox 1963 2057 3541 2131">
    <p class='ocr_par' dir='ltr' id='par_1_44' title="bbox 1963 2057 3541 2131">
     <span class='ocr_line' id='line_1_44' title="bbox 1963 2057 3541 2131; baseline 0 -20"><span class='ocrx_word' id='word_1_307' title='bbox 1963 2059 2127 2112; x_wconf 81' lang='lat' dir='ltr'><strong>beant</strong></span> <span class='ocrx_word' id='word_1_308' title='bbox 2155 2057 2288 2128; x_wconf 74' lang='lat'><strong>(10).</strong></span> <span class='ocrx_word' id='word_1_309' title='bbox 2322 2057 2561 2113; x_wconf 89' lang='lat' dir='ltr'><strong>Plurima</strong></span> <span class='ocrx_word' id='word_1_310' title='bbox 2605 2058 2945 2131; x_wconf 77' lang='lat' dir='ltr'><strong>Pythagoras</strong></span> <span class='ocrx_word' id='word_1_311' title='bbox 2984 2058 3305 2130; x_wconf 80' lang='lat' dir='ltr'><strong>praedixisse</strong></span> <span class='ocrx_word' id='word_1_312' title='bbox 3345 2057 3541 2118; x_wconf 85' lang='lat' dir='ltr'><strong>fertur.</strong></span> 
     </span>
    </p>
   </div>
   <div class='ocr_carea' id='block_1_45' title="bbox 1963 2151 3541 2224">
    <p class='ocr_par' dir='ltr' id='par_1_45' title="bbox 1963 2151 3541 2224">
     <span class='ocr_line' id='line_1_45' title="bbox 1963 2151 3541 2224; baseline -0.001 -18"><span class='ocrx_word' id='word_1_313' title='bbox 1963 2159 2018 2206; x_wconf 89' lang='lat' dir='ltr'><strong>et</strong></span> <span class='ocrx_word' id='word_1_314' title='bbox 2063 2153 2244 2206; x_wconf 89' lang='lat' dir='ltr'><strong>omnia</strong></span> <span class='ocrx_word' id='word_1_315' title='bbox 2301 2152 2590 2207; x_wconf 86' lang='lat' dir='ltr'><strong>accidisse.</strong></span> <span class='ocrx_word' id='word_1_316' title='bbox 2651 2153 2933 2209; x_wconf 87' lang='lat' dir='ltr'><strong>Platonem</strong></span> <span class='ocrx_word' id='word_1_317' title='bbox 2993 2168 3023 2207; x_wconf 92' lang='lat' dir='ltr'><strong>a</strong></span> <span class='ocrx_word' id='word_1_318' title='bbox 3077 2152 3437 2224; x_wconf 85' lang='lat' dir='ltr'><strong>Pythagoreis</strong></span> <span class='ocrx_word' id='word_1_319' title='bbox 3486 2151 3541 2205; x_wconf 85' lang='lat' dir='ltr'><strong>in</strong></span> 
     </span>
    </p>
   </div>
   <div class='ocr_carea' id='block_1_46' title="bbox 1965 2239 3547 2314">
    <p class='ocr_par' dir='ltr' id='par_1_46' title="bbox 1965 2239 3547 2314">
     <span class='ocr_line' id='line_1_46' title="bbox 1965 2239 3547 2314; baseline 0.005 -20"><span class='ocrx_word' id='word_1_320' title='bbox 1965 2239 2113 2295; x_wconf 85' lang='lat' dir='ltr'><strong>Italia</strong></span> <span class='ocrx_word' id='word_1_321' title='bbox 2145 2243 2541 2313; x_wconf 85' lang='lat' dir='ltr'><strong>speculativam</strong></span> <span class='ocrx_word' id='word_1_322' title='bbox 2573 2253 2628 2299; x_wconf 88' lang='lat' dir='ltr'><strong>et</strong></span> <span class='ocrx_word' id='word_1_323' title='bbox 2648 2244 2932 2314; x_wconf 83' lang='lat' dir='ltr'><strong>physicam</strong></span> <span class='ocrx_word' id='word_1_324' title='bbox 2960 2245 3135 2310; x_wconf 85' lang='lat' dir='ltr'><strong>aiunt,</strong></span> <span class='ocrx_word' id='word_1_325' title='bbox 3166 2252 3222 2299; x_wconf 92' lang='lat' dir='ltr'><strong>et</strong></span> <span class='ocrx_word' id='word_1_326' title='bbox 3252 2257 3282 2298; x_wconf 85' lang='lat' dir='ltr'><strong>a</strong></span> <span class='ocrx_word' id='word_1_327' title='bbox 3319 2242 3547 2303; x_wconf 80' lang='lat' dir='ltr'><strong>Socrate</strong></span> 
     </span>
    </p>
   </div>
   <div class='ocr_carea' id='block_1_47' title="bbox 1964 2332 3548 2405">
    <p class='ocr_par' dir='ltr' id='par_1_47' title="bbox 1964 2332 3548 2405">
     <span class='ocr_line' id='line_1_47' title="bbox 1964 2332 3548 2405; baseline 0.001 -18"><span class='ocrx_word' id='word_1_328' title='bbox 1964 2332 2196 2387; x_wconf 87' lang='lat' dir='ltr'><strong>ethicam</strong></span> <span class='ocrx_word' id='word_1_329' title='bbox 2227 2333 2525 2403; x_wconf 83' lang='lat' dir='ltr'><strong>didicisse;</strong></span> <span class='ocrx_word' id='word_1_330' title='bbox 2559 2334 2703 2405; x_wconf 90' lang='lat' dir='ltr'><strong>apud</strong></span> <span class='ocrx_word' id='word_1_331' title='bbox 2742 2332 3019 2389; x_wconf 90' lang='lat' dir='ltr'><strong>Zenonem</strong></span> <span class='ocrx_word' id='word_1_332' title='bbox 3050 2349 3203 2398; x_wconf 89' lang='lat' dir='ltr'><strong>vero,</strong></span> <span class='ocrx_word' id='word_1_333' title='bbox 3237 2342 3295 2390; x_wconf 89' lang='lat' dir='ltr'><strong>et</strong></span> <span class='ocrx_word' id='word_1_334' title='bbox 3318 2332 3548 2389; x_wconf 85' lang='lat' dir='ltr'><strong>Parme-</strong></span> 
     </span>
    </p>
   </div>
   <div class='ocr_carea' id='block_1_48' title="bbox 1964 2423 3550 2500">
    <p class='ocr_par' dir='ltr' id='par_1_48' title="bbox 1964 2423 3550 2500">
     <span class='ocr_line' id='line_1_48' title="bbox 1964 2423 3550 2500; baseline 0.001 -24"><span class='ocrx_word' id='word_1_335' title='bbox 1964 2423 2143 2478; x_wconf 88' lang='lat' dir='ltr'><strong>nidem</strong></span> <span class='ocrx_word' id='word_1_336' title='bbox 2176 2423 2393 2480; x_wconf 88' lang='lat' dir='ltr'><strong>Eleatas</strong></span> <span class='ocrx_word' id='word_1_337' title='bbox 2422 2425 2774 2480; x_wconf 87' lang='lat' dir='ltr'><strong>fundamenta</strong></span> <span class='ocrx_word' id='word_1_338' title='bbox 2814 2425 3017 2494; x_wconf 82' lang='lat' dir='ltr'><strong>logices</strong></span> <span class='ocrx_word' id='word_1_339' title='bbox 3038 2425 3261 2495; x_wconf 82' lang='lat' dir='ltr'><strong>iecisse,</strong></span> <span class='ocrx_word' id='word_1_340' title='bbox 3309 2423 3403 2500; x_wconf 80' lang='lat' dir='ltr'><strong>qui</strong></span> <span class='ocrx_word' id='word_1_341' title='bbox 3430 2437 3550 2479; x_wconf 70' lang='grc' dir='ltr'>οωο</span> 
     </span>
    </p>
   </div>
   <div class='ocr_carea' id='block_1_49' title="bbox 1964 2514 3115 2587">
    <p class='ocr_par' dir='ltr' id='par_1_49' title="bbox 1964 2514 3115 2587">
     <span class='ocr_line' id='line_1_49' title="bbox 1964 2514 3115 2587; baseline 0 -19"><span class='ocrx_word' id='word_1_342' title='bbox 1964 2528 2060 2568; x_wconf 89' lang='lat' dir='ltr'><strong>nes</strong></span> <span class='ocrx_word' id='word_1_343' title='bbox 2089 2530 2121 2569; x_wconf 92' lang='lat' dir='ltr'><strong>e</strong></span> <span class='ocrx_word' id='word_1_344' title='bbox 2151 2514 2468 2587; x_wconf 69' lang='lat' dir='ltr'><strong>Pythagora:</strong></span> <span class='ocrx_word' id='word_1_345' title='bbox 2492 2517 2676 2573; x_wconf 86' lang='lat' dir='ltr'><strong>schola</strong></span> <span class='ocrx_word' id='word_1_346' title='bbox 2703 2515 2933 2587; x_wconf 87' lang='lat' dir='ltr'><strong>profecti</strong></span> <span class='ocrx_word' id='word_1_347' title='bbox 2963 2524 3115 2571; x_wconf 76' lang='lat' dir='ltr'><strong>sunt.</strong></span> 
     </span>
    </p>
   </div>
   <div class='ocr_carea' id='block_1_50' title="bbox 268 2605 3550 2682">
    <p class='ocr_par' dir='ltr' id='par_1_50' title="bbox 268 2605 3550 2682">
     <span class='ocr_line' id='line_1_50' title="bbox 268 2605 3550 2682; baseline -0.001 -22"><span class='ocrx_word' id='word_1_348' title='bbox 268 2606 469 2678; x_wconf 73' lang='grc' dir='ltr'>ἠθικὴν</span> <span class='ocrx_word' id='word_1_349' title='bbox 513 2611 749 2679; x_wconf 89' lang='grc' dir='ltr'>μάλιστα</span> <span class='ocrx_word' id='word_1_350' title='bbox 797 2612 949 2682; x_wconf 86' lang='grc' dir='ltr'><strong>παρά</strong></span> <span class='ocrx_word' id='word_1_351' title='bbox 996 2612 1344 2682; x_wconf 83' lang='grc' dir='ltr'>Σωκράτους.</span> <span class='ocrx_word' id='word_1_352' title='bbox 1374 2612 1487 2682; x_wconf 92' lang='grc' dir='ltr'>Τῆς</span> <span class='ocrx_word' id='word_1_353' title='bbox 1516 2611 1575 2664; x_wconf 80' lang='grc' dir='ltr'>δὲ</span> <span class='ocrx_word' id='word_1_354' title='bbox 1622 2611 1852 2680; x_wconf 86' lang='grc' dir='ltr'>λογικῆς</span> <span class='ocrx_word' id='word_1_355' title='bbox 1893 2607 2188 2679; x_wconf 78' lang='grc' dir='ltr'>σπέρματα</span> <span class='ocrx_word' id='word_1_356' title='bbox 2233 2609 2566 2665; x_wconf 85' lang='grc' dir='ltr'>καταϐαλεῖν</span> <span class='ocrx_word' id='word_1_357' title='bbox 2615 2609 2765 2680; x_wconf 81' lang='grc' dir='ltr'>αὐτῷ</span> <span class='ocrx_word' id='word_1_358' title='bbox 2821 2609 3043 2679; x_wconf 85' lang='grc' dir='ltr'>Ζήνωνα</span> <span class='ocrx_word' id='word_1_359' title='bbox 3111 2606 3206 2661; x_wconf 72' lang='grc' dir='ltr'>καὶ</span> <span class='ocrx_word' id='word_1_360' title='bbox 3269 2605 3550 2676; x_wconf 86' lang='grc' dir='ltr'>Παρμενί-</span> 
     </span>
    </p>
   </div>
   <div class='ocr_carea' id='block_1_51' title="bbox 268 2695 2368 2775">
    <p class='ocr_par' dir='ltr' id='par_1_51' title="bbox 268 2695 2368 2775">
     <span class='ocr_line' id='line_1_51' title="bbox 268 2695 2368 2775; baseline 0.001 -23"><span class='ocrx_word' id='word_1_361' title='bbox 268 2699 372 2769; x_wconf 83' lang='grc' dir='ltr'><strong>δην</strong></span> <span class='ocrx_word' id='word_1_362' title='bbox 390 2701 432 2732; x_wconf 84' lang='grc'><strong>⁷¹</strong></span> <span class='ocrx_word' id='word_1_363' title='bbox 462 2702 590 2764; x_wconf 84' lang='grc' dir='ltr'>τοὺς</span> <span class='ocrx_word' id='word_1_364' title='bbox 632 2702 919 2767; x_wconf 84' lang='grc' dir='ltr'>Ἑλεάτας·</span> <span class='ocrx_word' id='word_1_365' title='bbox 952 2702 1051 2757; x_wconf 79' lang='grc' dir='ltr'><strong>καὶ</strong></span> <span class='ocrx_word' id='word_1_366' title='bbox 1091 2698 1235 2758; x_wconf 78' lang='grc' dir='ltr'>οὗτοι</span> <span class='ocrx_word' id='word_1_367' title='bbox 1259 2704 1317 2758; x_wconf 80' lang='grc' dir='ltr'><strong>δέ</strong></span> <span class='ocrx_word' id='word_1_368' title='bbox 1340 2705 1441 2775; x_wconf 90' lang='grc' dir='ltr'><strong>τῆς</strong></span> <span class='ocrx_word' id='word_1_369' title='bbox 1483 2701 1857 2774; x_wconf 83' lang='grc' dir='ltr'>Πυθαγορείου</span> <span class='ocrx_word' id='word_1_370' title='bbox 1892 2695 2036 2771; x_wconf 80' lang='grc' dir='ltr'>ἦσαν</span> <span class='ocrx_word' id='word_1_371' title='bbox 2061 2700 2368 2771; x_wconf 86' lang='grc' dir='ltr'>διατριϐῆς.</span> 
     </span>
    </p>
   </div>
   <div class='ocr_carea' id='block_1_52' title="bbox 350 2789 1864 2863">
    <p class='ocr_par' dir='ltr' id='par_1_52' title="bbox 350 2789 1864 2863">
     <span class='ocr_line' id='line_1_52' title="bbox 350 2789 1864 2863; baseline -0.001 -20"><span class='ocrx_word' id='word_1_372' title='bbox 350 2790 476 2843; x_wconf 86' lang='grc' dir='ltr'>Ὅτι</span> <span class='ocrx_word' id='word_1_373' title='bbox 520 2792 554 2857; x_wconf 84' lang='grc' dir='ltr'><strong>ὴ</strong></span> <span class='ocrx_word' id='word_1_374' title='bbox 600 2789 748 2859; x_wconf 72' lang='grc' dir='ltr'>ὄψις,</span> <span class='ocrx_word' id='word_1_375' title='bbox 798 2789 942 2844; x_wconf 89' lang='grc' dir='ltr'><strong>κατά</strong></span> <span class='ocrx_word' id='word_1_376' title='bbox 986 2791 1316 2863; x_wconf 85' lang='grc' dir='ltr'>Πυθαγόραν</span> <span class='ocrx_word' id='word_1_377' title='bbox 1342 2793 1439 2846; x_wconf 70' lang='grc' dir='ltr'>καὶ</span> <span class='ocrx_word' id='word_1_378' title='bbox 1476 2792 1741 2847; x_wconf 85' lang='grc' dir='ltr'>Πλάτωνα</span> <span class='ocrx_word' id='word_1_379' title='bbox 1770 2790 1864 2845; x_wconf 69' lang='grc' dir='ltr'>καὶ</span> 
     </span>
    </p>
   </div>
   <div class='ocr_carea' id='block_1_53' title="bbox 284 2878 1859 2952">
    <p class='ocr_par' dir='ltr' id='par_1_53' title="bbox 284 2878 1859 2952">
     <span class='ocr_line' id='line_1_53' title="bbox 284 2878 1859 2952; baseline 0.001 -20"><span class='ocrx_word' id='word_1_380' title='bbox 284 2879 695 2950; x_wconf 80' lang='grc' dir='ltr'>Ἀριστοτέλην,</span> <span class='ocrx_word' id='word_1_381' title='bbox 724 2880 835 2933; x_wconf 87' lang='grc' dir='ltr'><strong>τῶν</strong></span> <span class='ocrx_word' id='word_1_382' title='bbox 862 2878 1075 2935; x_wconf 87' lang='grc' dir='ltr'>δώδεκα</span> <span class='ocrx_word' id='word_1_383' title='bbox 1109 2881 1417 2952; x_wconf 86' lang='grc' dir='ltr'>χρωμάτων</span> <span class='ocrx_word' id='word_1_384' title='bbox 1465 2883 1583 2936; x_wconf 78' lang='grc' dir='ltr'>ἐστὶ</span> <span class='ocrx_word' id='word_1_385' title='bbox 1617 2881 1859 2952; x_wconf 81' lang='grc' dir='ltr'>κριτικὴ,</span> 
     </span>
    </p>
   </div>
   <div class='ocr_carea' id='block_1_54' title="bbox 269 2969 1861 3044">
    <p class='ocr_par' dir='ltr' id='par_1_54' title="bbox 269 2969 1861 3044">
     <span class='ocr_line' id='line_1_54' title="bbox 269 2969 1861 3044; baseline 0.001 -22"><span class='ocrx_word' id='word_1_386' title='bbox 269 2969 473 3024; x_wconf 83' lang='grc' dir='ltr'>λευκοῦ</span> <span class='ocrx_word' id='word_1_387' title='bbox 502 2972 600 3025; x_wconf 75' lang='grc' dir='ltr'>καὶ</span> <span class='ocrx_word' id='word_1_388' title='bbox 627 2972 859 3042; x_wconf 88' lang='grc' dir='ltr'>μέλανος</span> <span class='ocrx_word' id='word_1_389' title='bbox 885 2974 981 3028; x_wconf 78' lang='grc' dir='ltr'><strong>καὶ</strong></span> <span class='ocrx_word' id='word_1_390' title='bbox 1013 2974 1125 3027; x_wconf 90' lang='grc' dir='ltr'><strong>τῶν</strong></span> <span class='ocrx_word' id='word_1_391' title='bbox 1166 2973 1395 3044; x_wconf 81' lang='grc' dir='ltr'>μεταξὺ,</span> <span class='ocrx_word' id='word_1_392' title='bbox 1423 2972 1642 3040; x_wconf 81' lang='grc' dir='ltr'>ξανθοῦ,</span> <span class='ocrx_word' id='word_1_393' title='bbox 1676 2972 1861 3043; x_wconf 85' lang='grc' dir='ltr'>φαιοῦ,</span> 
     </span>
    </p>
   </div>
   <div class='ocr_carea' id='block_1_55' title="bbox 268 3059 1864 3133">
    <p class='ocr_par' dir='ltr' id='par_1_55' title="bbox 268 3059 1864 3133">
     <span class='ocr_line' id='line_1_55' title="bbox 268 3059 1864 3133; baseline 0.003 -22"><span class='ocrx_word' id='word_1_394' title='bbox 268 3059 484 3129; x_wconf 83' lang='grc' dir='ltr'>ὠχροῦ,</span> <span class='ocrx_word' id='word_1_395' title='bbox 502 3060 761 3131; x_wconf 82' lang='grc' dir='ltr'>ἐρυθροῦ,</span> <span class='ocrx_word' id='word_1_396' title='bbox 789 3063 1018 3126; x_wconf 87' lang='grc' dir='ltr'>κυανοῦ,</span> <span class='ocrx_word' id='word_1_397' title='bbox 1051 3061 1343 3133; x_wconf 81' lang='grc' dir='ltr'>ἁλουργοῦ,</span> <span class='ocrx_word' id='word_1_398' title='bbox 1369 3061 1645 3133; x_wconf 83' lang='grc' dir='ltr'>λαμπροῦ,</span> <span class='ocrx_word' id='word_1_399' title='bbox 1671 3062 1864 3133; x_wconf 86' lang='grc' dir='ltr'>ὀρφνί-</span> 
     </span>
    </p>
   </div>
   <div class='ocr_carea' id='block_1_56' title="bbox 269 3152 1864 3227">
    <p class='ocr_par' dir='ltr' id='par_1_56' title="bbox 269 3152 1864 3227">
     <span class='ocr_line' id='line_1_56' title="bbox 269 3152 1864 3227; baseline -0.001 -22"><span class='ocrx_word' id='word_1_400' title='bbox 269 3153 455 3206; x_wconf 72' lang='lat' dir='ltr'><strong>von&quot;.</strong></span> <span class='ocrx_word' id='word_1_401' title='bbox 497 3152 562 3206; x_wconf 81' lang='grc' dir='ltr'><em>Ἢ</em></span> <span class='ocrx_word' id='word_1_402' title='bbox 599 3153 658 3207; x_wconf 86' lang='grc' dir='ltr'>δὲ</span> <span class='ocrx_word' id='word_1_403' title='bbox 688 3154 830 3226; x_wconf 86' lang='grc' dir='ltr'>ἀκοὴ</span> <span class='ocrx_word' id='word_1_404' title='bbox 881 3157 1104 3227; x_wconf 83' lang='grc' dir='ltr'>κριτική</span> <span class='ocrx_word' id='word_1_405' title='bbox 1142 3155 1292 3209; x_wconf 89' lang='grc' dir='ltr'>ἐστιν</span> <span class='ocrx_word' id='word_1_406' title='bbox 1324 3153 1476 3219; x_wconf 80' lang='grc' dir='ltr'>όξέος</span> <span class='ocrx_word' id='word_1_407' title='bbox 1525 3155 1619 3207; x_wconf 76' lang='grc' dir='ltr'>καὶ</span> <span class='ocrx_word' id='word_1_408' title='bbox 1669 3152 1864 3225; x_wconf 80' lang='grc' dir='ltr'>βαρέος</span> 
     </span>
    </p>
   </div>
   <div class='ocr_carea' id='block_1_57' title="bbox 271 3242 1864 3320">
    <p class='ocr_par' dir='ltr' id='par_1_57' title="bbox 271 3242 1864 3320">
     <span class='ocr_line' id='line_1_57' title="bbox 271 3242 1864 3320; baseline 0.002 -24"><span class='ocrx_word' id='word_1_409' title='bbox 271 3242 541 3313; x_wconf 84' lang='grc' dir='ltr'>φθόγγου.</span> <span class='ocrx_word' id='word_1_410' title='bbox 574 3244 641 3298; x_wconf 87' lang='lat' dir='ltr'><strong>&#39;H</strong></span> <span class='ocrx_word' id='word_1_411' title='bbox 674 3244 731 3299; x_wconf 84' lang='grc' dir='ltr'>δὲ</span> <span class='ocrx_word' id='word_1_412' title='bbox 760 3245 1030 3317; x_wconf 77' lang='grc' dir='ltr'>ὄσφρησις</span> <span class='ocrx_word' id='word_1_413' title='bbox 1059 3247 1283 3320; x_wconf 82' lang='grc' dir='ltr'>κριτικὴ</span> <span class='ocrx_word' id='word_1_414' title='bbox 1335 3247 1553 3303; x_wconf 83' lang='grc' dir='ltr'>εὐωδῶν</span> <span class='ocrx_word' id='word_1_415' title='bbox 1596 3248 1693 3301; x_wconf 74' lang='grc' dir='ltr'>καὶ</span> <span class='ocrx_word' id='word_1_416' title='bbox 1736 3247 1864 3299; x_wconf 89' lang='grc' dir='ltr'>δυσ-</span> 
     </span>
    </p>
   </div>
   <div class='ocr_carea' id='block_1_58' title="bbox 271 3335 1868 3411">
    <p class='ocr_par' dir='ltr' id='par_1_58' title="bbox 271 3335 1868 3411">
     <span class='ocr_line' id='line_1_58' title="bbox 271 3335 1868 3411; baseline 0.002 -22"><span class='ocrx_word' id='word_1_417' title='bbox 271 3335 432 3391; x_wconf 85' lang='grc' dir='ltr'>ωδῶν</span> <span class='ocrx_word' id='word_1_418' title='bbox 454 3337 643 3407; x_wconf 83' lang='grc' dir='ltr'>ὀσμῶν</span> <span class='ocrx_word' id='word_1_419' title='bbox 670 3338 899 3393; x_wconf 76' lang='grc' dir='ltr'>καὶτῶν</span> <span class='ocrx_word' id='word_1_420' title='bbox 931 3340 1139 3410; x_wconf 83' lang='grc' dir='ltr'>μεταξὺ</span> <span class='ocrx_word' id='word_1_421' title='bbox 1170 3340 1236 3394; x_wconf 82' lang='grc' dir='ltr'><strong>ἐκ</strong></span> <span class='ocrx_word' id='word_1_422' title='bbox 1254 3340 1301 3373; x_wconf 81' lang='grc'>⁷³</span> <span class='ocrx_word' id='word_1_423' title='bbox 1331 3340 1659 3411; x_wconf 85' lang='grc' dir='ltr'>σηπομένων</span> <span class='ocrx_word' id='word_1_424' title='bbox 1689 3356 1748 3393; x_wconf 89' lang='grc' dir='ltr'><strong>τε</strong></span> <span class='ocrx_word' id='word_1_425' title='bbox 1772 3342 1868 3393; x_wconf 78' lang='grc' dir='ltr'>καὶ</span> 
     </span>
    </p>
   </div>
   <div class='ocr_carea' id='block_1_59' title="bbox 275 3426 1869 3500">
    <p class='ocr_par' dir='ltr' id='par_1_59' title="bbox 275 3426 1869 3500">
     <span class='ocr_line' id='line_1_59' title="bbox 275 3426 1869 3500; baseline 0 -20"><span class='ocrx_word' id='word_1_426' title='bbox 275 3426 705 3500; x_wconf 78' lang='grc' dir='ltr'>βρεχομένων,ἢ</span> <span class='ocrx_word' id='word_1_427' title='bbox 742 3428 1066 3500; x_wconf 84' lang='grc' dir='ltr'>τηκομένων</span> <span class='ocrx_word' id='word_1_428' title='bbox 1097 3429 1133 3500; x_wconf 81' lang='grc' dir='ltr'><strong>ἢ</strong></span> <span class='ocrx_word' id='word_1_429' title='bbox 1169 3428 1592 3500; x_wconf 76' lang='grc' dir='ltr'>θυμιαζομένων</span> <span class='ocrx_word' id='word_1_430' title='bbox 1607 3428 1673 3483; x_wconf 73' lang='grc'><strong>⁷⁸.</strong></span> <span class='ocrx_word' id='word_1_431' title='bbox 1721 3428 1869 3483; x_wconf 71' lang='grc' dir='ltr'><strong>Ἡδὲ</strong></span> 
     </span>
    </p>
   </div>
   <div class='ocr_carea' id='block_1_60' title="bbox 268 3520 1868 3593">
    <p class='ocr_par' dir='ltr' id='par_1_60' title="bbox 268 3520 1868 3593">
     <span class='ocr_line' id='line_1_60' title="bbox 268 3520 1868 3593; baseline 0 -20"><span class='ocrx_word' id='word_1_432' title='bbox 268 3521 467 3590; x_wconf 85' lang='grc' dir='ltr'>γεῦσις</span> <span class='ocrx_word' id='word_1_433' title='bbox 500 3522 723 3593; x_wconf 83' lang='grc' dir='ltr'>κριτική</span> <span class='ocrx_word' id='word_1_434' title='bbox 751 3522 927 3574; x_wconf 77' lang='grc' dir='ltr'>ὲστιπ</span> <span class='ocrx_word' id='word_1_435' title='bbox 952 3521 1200 3589; x_wconf 81' lang='grc' dir='ltr'>γλυκέων</span> <span class='ocrx_word' id='word_1_436' title='bbox 1224 3539 1284 3575; x_wconf 92' lang='grc' dir='ltr'><strong>τε</strong></span> <span class='ocrx_word' id='word_1_437' title='bbox 1316 3523 1411 3576; x_wconf 77' lang='grc' dir='ltr'>καὶ</span> <span class='ocrx_word' id='word_1_438' title='bbox 1438 3521 1654 3592; x_wconf 83' lang='grc' dir='ltr'>πικρῶν</span> <span class='ocrx_word' id='word_1_439' title='bbox 1677 3520 1868 3591; x_wconf 89' lang='grc' dir='ltr'>χυμῶν</span> 
     </span>
    </p>
   </div>
   <div class='ocr_carea' id='block_1_61' title="bbox 268 3610 1869 3684">
    <p class='ocr_par' dir='ltr' id='par_1_61' title="bbox 268 3610 1869 3684">
     <span class='ocr_line' id='line_1_61' title="bbox 268 3610 1869 3684; baseline -0.002 -18"><span class='ocrx_word' id='word_1_440' title='bbox 268 3612 518 3667; x_wconf 76' lang='grc' dir='ltr'>καὶτῶν</span> <span class='ocrx_word' id='word_1_441' title='bbox 555 3612 763 3683; x_wconf 79' lang='grc' dir='ltr'>μεταξὺ</span> <span class='ocrx_word' id='word_1_442' title='bbox 809 3612 1003 3667; x_wconf 85' lang='grc' dir='ltr'>πέντε⁶</span> <span class='ocrx_word' id='word_1_443' title='bbox 1037 3612 1180 3667; x_wconf 85' lang='grc' dir='ltr'><strong>ἐπτά</strong></span> <span class='ocrx_word' id='word_1_444' title='bbox 1231 3613 1340 3684; x_wconf 91' lang='grc' dir='ltr'><strong>γάρ</strong></span> <span class='ocrx_word' id='word_1_445' title='bbox 1394 3613 1534 3666; x_wconf 86' lang='grc' dir='ltr'>εἰσιν</span> <span class='ocrx_word' id='word_1_446' title='bbox 1588 3612 1640 3665; x_wconf 84' lang='grc' dir='ltr'>οἱ</span> <span class='ocrx_word' id='word_1_447' title='bbox 1692 3610 1869 3681; x_wconf 78' lang='grc' dir='ltr'>χυμοὶ</span> 
     </span>
    </p>
   </div>
   <div class='ocr_carea' id='block_1_62' title="bbox 267 3702 1867 3775">
    <p class='ocr_par' dir='ltr' id='par_1_62' title="bbox 267 3702 1867 3775">
     <span class='ocr_line' id='line_1_62' title="bbox 267 3702 1867 3775; baseline 0.007 -18"><span class='ocrx_word' id='word_1_448' title='bbox 267 3703 504 3769; x_wconf 84' lang='grc' dir='ltr'>πάντες,</span> <span class='ocrx_word' id='word_1_449' title='bbox 555 3704 784 3773; x_wconf 84' lang='grc' dir='ltr'>γλυκὺς,</span> <span class='ocrx_word' id='word_1_450' title='bbox 832 3704 1052 3775; x_wconf 83' lang='grc' dir='ltr'>πικρὸς,</span> <span class='ocrx_word' id='word_1_451' title='bbox 1102 3704 1251 3769; x_wconf 79' lang='grc' dir='ltr'>ὀξὺς,</span> <span class='ocrx_word' id='word_1_452' title='bbox 1308 3704 1528 3775; x_wconf 77' lang='grc' dir='ltr'>δριμὺς,</span> <span class='ocrx_word' id='word_1_453' title='bbox 1573 3702 1867 3774; x_wconf 67' lang='grc' dir='ltr'>σομφὸςπ,</span> 
     </span>
    </p>
   </div>
   <div class='ocr_carea' id='block_1_63' title="bbox 266 3793 1866 3867">
    <p class='ocr_par' dir='ltr' id='par_1_63' title="bbox 266 3793 1866 3867">
     <span class='ocr_line' id='line_1_63' title="bbox 266 3793 1866 3867; baseline 0.001 -20"><span class='ocrx_word' id='word_1_454' title='bbox 266 3793 499 3858; x_wconf 80' lang='grc' dir='ltr'>ἀλυκὺς,</span> <span class='ocrx_word' id='word_1_455' title='bbox 528 3795 821 3865; x_wconf 83' lang='grc' dir='ltr'>στρυφνός.</span> <span class='ocrx_word' id='word_1_456' title='bbox 857 3796 924 3850; x_wconf 90' lang='grc' dir='ltr'><strong><em>Ἦ</em></strong></span> <span class='ocrx_word' id='word_1_457' title='bbox 953 3794 1009 3849; x_wconf 79' lang='grc' dir='ltr'>δὲ</span> <span class='ocrx_word' id='word_1_458' title='bbox 1045 3796 1159 3866; x_wconf 84' lang='grc' dir='ltr'><strong>ἁφὴ</strong></span> <span class='ocrx_word' id='word_1_459' title='bbox 1186 3795 1449 3850; x_wconf 88' lang='grc' dir='ltr'>πλειόνων</span> <span class='ocrx_word' id='word_1_460' title='bbox 1480 3795 1598 3848; x_wconf 76' lang='grc' dir='ltr'>ἐστὶ</span> <span class='ocrx_word' id='word_1_461' title='bbox 1620 3794 1866 3867; x_wconf 86' lang='grc' dir='ltr'>κριτικὴ,</span> 
     </span>
    </p>
   </div>
   <div class='ocr_carea' id='block_1_64' title="bbox 267 3880 1869 3964">
    <p class='ocr_par' dir='ltr' id='par_1_64' title="bbox 267 3880 1869 3964">
     <span class='ocr_line' id='line_1_64' title="bbox 267 3880 1869 3964; baseline 0 -26"><span class='ocrx_word' id='word_1_462' title='bbox 267 3880 393 3939; x_wconf 78' lang='grc' dir='ltr'>οἷον</span> <span class='ocrx_word' id='word_1_463' title='bbox 434 3884 649 3964; x_wconf 81' lang='grc' dir='ltr'>βαρέων</span> <span class='ocrx_word' id='word_1_464' title='bbox 678 3888 773 3940; x_wconf 77' lang='grc' dir='ltr'>καὶ</span> <span class='ocrx_word' id='word_1_465' title='bbox 789 3887 834 3920; x_wconf 85' lang='grc'><strong>⁷⁷</strong></span> <span class='ocrx_word' id='word_1_466' title='bbox 861 3886 1084 3956; x_wconf 85' lang='grc' dir='ltr'>κούφων</span> <span class='ocrx_word' id='word_1_467' title='bbox 1130 3887 1226 3940; x_wconf 82' lang='grc' dir='ltr'>καὶ</span> <span class='ocrx_word' id='word_1_468' title='bbox 1248 3886 1358 3941; x_wconf 89' lang='grc' dir='ltr'><strong>τῶν</strong></span> <span class='ocrx_word' id='word_1_469' title='bbox 1391 3885 1617 3957; x_wconf 81' lang='grc' dir='ltr'>μεταξὺ,</span> <span class='ocrx_word' id='word_1_470' title='bbox 1650 3885 1869 3956; x_wconf 82' lang='grc' dir='ltr'>θερμῶν</span> 
     </span>
    </p>
   </div>
   <div class='ocr_carea' id='block_1_65' title="bbox 268 3976 1870 4049">
    <p class='ocr_par' dir='ltr' id='par_1_65' title="bbox 268 3976 1870 4049">
     <span class='ocr_line' id='line_1_65' title="bbox 268 3976 1870 4049; baseline -0.001 -18"><span class='ocrx_word' id='word_1_471' title='bbox 268 3993 341 4031; x_wconf 84' lang='grc' dir='ltr'><strong>τε</strong></span> <span class='ocrx_word' id='word_1_472' title='bbox 367 3977 465 4030; x_wconf 74' lang='grc' dir='ltr'><strong>καὶ</strong></span> <span class='ocrx_word' id='word_1_473' title='bbox 493 3976 723 4048; x_wconf 68' lang='grc' dir='ltr'>ψυχρῶν</span> <span class='ocrx_word' id='word_1_474' title='bbox 751 3978 848 4031; x_wconf 73' lang='grc' dir='ltr'>καὶ</span> <span class='ocrx_word' id='word_1_475' title='bbox 880 3978 990 4033; x_wconf 89' lang='grc' dir='ltr'><strong>τῶν</strong></span> <span class='ocrx_word' id='word_1_476' title='bbox 1015 3978 1244 4049; x_wconf 81' lang='grc' dir='ltr'>μεταξὺ,</span> <span class='ocrx_word' id='word_1_477' title='bbox 1265 3978 1515 4048; x_wconf 81' lang='grc' dir='ltr'>τραχέων</span> <span class='ocrx_word' id='word_1_478' title='bbox 1530 3979 1575 4010; x_wconf 81' lang='grc'><strong>⁷⁸</strong></span> <span class='ocrx_word' id='word_1_479' title='bbox 1590 3979 1684 4031; x_wconf 76' lang='grc' dir='ltr'>καὶ</span> <span class='ocrx_word' id='word_1_480' title='bbox 1709 3977 1870 4031; x_wconf 84' lang='grc' dir='ltr'>λείων</span> 
     </span>
    </p>
   </div>
   <div class='ocr_carea' id='block_1_66' title="bbox 274 4066 1870 4140">
    <p class='ocr_par' dir='ltr' id='par_1_66' title="bbox 274 4066 1870 4140">
     <span class='ocr_line' id='line_1_66' title="bbox 274 4066 1870 4140; baseline 0.001 -21"><span class='ocrx_word' id='word_1_481' title='bbox 274 4066 520 4137; x_wconf 43' lang='grc' dir='ltr'>διαιτῶν</span> <span class='ocrx_word' id='word_1_482' title='bbox 556 4067 761 4137; x_wconf 80' lang='grc' dir='ltr'>μεταξὺ</span> <span class='ocrx_word' id='word_1_483' title='bbox 781 4068 848 4133; x_wconf 73' lang='grc' dir='ltr'><strong>τ’,</strong></span> <span class='ocrx_word' id='word_1_484' title='bbox 882 4069 1065 4140; x_wconf 79' lang='grc' dir='ltr'>ξηρῶν</span> <span class='ocrx_word' id='word_1_485' title='bbox 1092 4070 1188 4122; x_wconf 71' lang='grc' dir='ltr'>καὶ</span> <span class='ocrx_word' id='word_1_486' title='bbox 1219 4068 1404 4139; x_wconf 83' lang='grc' dir='ltr'>ὑγρῶν</span> <span class='ocrx_word' id='word_1_487' title='bbox 1432 4070 1529 4123; x_wconf 56' lang='grc' dir='ltr'>καὶ.</span> <span class='ocrx_word' id='word_1_488' title='bbox 1557 4070 1670 4123; x_wconf 92' lang='grc' dir='ltr'><strong>τῶν</strong></span> <span class='ocrx_word' id='word_1_489' title='bbox 1701 4086 1870 4140; x_wconf 90' lang='grc' dir='ltr'>μετα-</span> 
     </span>
    </p>
   </div>
   <div class='ocr_carea' id='block_1_67' title="bbox 274 4156 1871 4229">
    <p class='ocr_par' dir='ltr' id='par_1_67' title="bbox 274 4156 1871 4229">
     <span class='ocr_line' id='line_1_67' title="bbox 274 4156 1871 4229; baseline 0.001 -21"><span class='ocrx_word' id='word_1_490' title='bbox 274 4156 369 4221; x_wconf 81' lang='grc' dir='ltr'>ξύ.</span> <span class='ocrx_word' id='word_1_491' title='bbox 404 4158 517 4211; x_wconf 76' lang='grc' dir='ltr'><strong>Καὶ</strong></span> <span class='ocrx_word' id='word_1_492' title='bbox 549 4158 605 4211; x_wconf 81' lang='grc' dir='ltr'><strong>αἱ</strong></span> <span class='ocrx_word' id='word_1_493' title='bbox 644 4157 741 4227; x_wconf 77' lang='grc' dir='ltr'>μὲν</span> <span class='ocrx_word' id='word_1_494' title='bbox 772 4156 820 4210; x_wconf 89' lang='grc' dir='ltr'>δ’</span> <span class='ocrx_word' id='word_1_495' title='bbox 852 4158 1140 4227; x_wconf 69' lang='grc' dir='ltr'>αἰσθήσεις</span> <span class='ocrx_word' id='word_1_496' title='bbox 1170 4156 1227 4210; x_wconf 82' lang='grc' dir='ltr'><strong>ἐν</strong></span> <span class='ocrx_word' id='word_1_497' title='bbox 1258 4158 1378 4211; x_wconf 63' lang='lat' dir='ltr'><strong>re”</strong></span> <span class='ocrx_word' id='word_1_498' title='bbox 1410 4160 1477 4229; x_wconf 77' lang='grc' dir='ltr'>τῇ</span> <span class='ocrx_word' id='word_1_499' title='bbox 1509 4157 1722 4227; x_wconf 82' lang='grc' dir='ltr'>κεφαλῇ</span> <span class='ocrx_word' id='word_1_500' title='bbox 1766 4160 1871 4210; x_wconf 84' lang='grc' dir='ltr'>εἰσι</span> 
     </span>
    </p>
   </div>
   <div class='ocr_carea' id='block_1_68' title="bbox 274 4246 1872 4320">
    <p class='ocr_par' dir='ltr' id='par_1_68' title="bbox 274 4246 1872 4320">
     <span class='ocr_line' id='line_1_68' title="bbox 274 4246 1872 4320; baseline 0 -18"><span class='ocrx_word' id='word_1_501' title='bbox 274 4249 382 4303; x_wconf 77' lang='grc' dir='ltr'><strong>καὶ</strong></span> <span class='ocrx_word' id='word_1_502' title='bbox 429 4246 695 4313; x_wconf 76' lang='grc' dir='ltr'>ίδιάζουσι</span> <span class='ocrx_word' id='word_1_503' title='bbox 741 4249 1210 4319; x_wconf 79' lang='grc' dir='ltr'>περικλείονται⁸¹</span> <span class='ocrx_word' id='word_1_504' title='bbox 1254 4248 1545 4319; x_wconf 79' lang='grc' dir='ltr'>όργάνοις’</span> <span class='ocrx_word' id='word_1_505' title='bbox 1589 4250 1624 4319; x_wconf 81' lang='grc' dir='ltr'>ἡ</span> <span class='ocrx_word' id='word_1_506' title='bbox 1667 4248 1724 4301; x_wconf 81' lang='grc' dir='ltr'>δὲ</span> <span class='ocrx_word' id='word_1_507' title='bbox 1760 4248 1872 4320; x_wconf 81' lang='grc' dir='ltr'><strong>ἁφὴ</strong></span> 
     </span>
    </p>
   </div>
   <div class='ocr_carea' id='block_1_69' title="bbox 275 4340 1875 4413">
    <p class='ocr_par' dir='ltr' id='par_1_69' title="bbox 275 4340 1875 4413">
     <span class='ocr_line' id='line_1_69' title="bbox 275 4340 1875 4413; baseline -0.001 -19"><span class='ocrx_word' id='word_1_508' title='bbox 275 4340 379 4394; x_wconf 76' lang='grc' dir='ltr'>καὶ</span> <span class='ocrx_word' id='word_1_509' title='bbox 407 4340 497 4394; x_wconf 86' lang='grc' dir='ltr'><strong>διά</strong></span> <span class='ocrx_word' id='word_1_510' title='bbox 528 4340 629 4410; x_wconf 89' lang='grc' dir='ltr'><strong>τῆς</strong></span> <span class='ocrx_word' id='word_1_511' title='bbox 656 4343 907 4413; x_wconf 86' lang='grc' dir='ltr'>κεφαλῆς</span> <span class='ocrx_word' id='word_1_512' title='bbox 937 4342 1034 4397; x_wconf 77' lang='grc' dir='ltr'>καὶ</span> <span class='ocrx_word' id='word_1_513' title='bbox 1062 4341 1131 4394; x_wconf 84' lang='grc' dir='ltr'><strong>δι’</strong></span> <span class='ocrx_word' id='word_1_514' title='bbox 1154 4342 1280 4395; x_wconf 85' lang='grc' dir='ltr'>ὅλου</span> <span class='ocrx_word' id='word_1_515' title='bbox 1299 4342 1345 4374; x_wconf 82' lang='grc'><strong>⁸³</strong></span> <span class='ocrx_word' id='word_1_516' title='bbox 1373 4341 1471 4394; x_wconf 80' lang='grc' dir='ltr'><strong>τοῦ</strong></span> <span class='ocrx_word' id='word_1_517' title='bbox 1496 4341 1749 4411; x_wconf 84' lang='grc' dir='ltr'>σώματος</span> <span class='ocrx_word' id='word_1_518' title='bbox 1783 4358 1875 4394; x_wconf 90' lang='grc' dir='ltr'>κε-</span> 
     </span>
    </p>
   </div>
   <div class='ocr_carea' id='block_1_70' title="bbox 277 4429 1871 4502">
    <p class='ocr_par' dir='ltr' id='par_1_70' title="bbox 277 4429 1871 4502">
     <span class='ocr_line' id='line_1_70' title="bbox 277 4429 1871 4502; baseline 0.001 -20"><span class='ocrx_word' id='word_1_519' title='bbox 277 4429 527 4500; x_wconf 83' lang='grc' dir='ltr'>χώρηκε,</span> <span class='ocrx_word' id='word_1_520' title='bbox 576 4430 671 4484; x_wconf 80' lang='grc' dir='ltr'>καὶ</span> <span class='ocrx_word' id='word_1_521' title='bbox 697 4430 815 4484; x_wconf 80' lang='grc' dir='ltr'>ἐστι</span> <span class='ocrx_word' id='word_1_522' title='bbox 860 4431 1015 4502; x_wconf 86' lang='grc' dir='ltr'>κοινὴ</span> <span class='ocrx_word' id='word_1_523' title='bbox 1058 4430 1244 4500; x_wconf 88' lang='grc' dir='ltr'>πάσης</span> <span class='ocrx_word' id='word_1_524' title='bbox 1282 4430 1615 4501; x_wconf 80' lang='grc' dir='ltr'>αἰσθήσεως,</span> <span class='ocrx_word' id='word_1_525' title='bbox 1669 4430 1871 4501; x_wconf 80' lang='grc' dir='ltr'>μᾶλλον</span> 
     </span>
    </p>
   </div>
   <div class='ocr_carea' id='block_1_71' title="bbox 271 4522 1950 4608">
    <p class='ocr_par' dir='ltr' id='par_1_71' title="bbox 271 4522 1950 4608">
     <span class='ocr_line' id='line_1_71' title="bbox 271 4522 1950 4608; baseline -0.001 -32"><span class='ocrx_word' id='word_1_526' title='bbox 271 4522 339 4576; x_wconf 77' lang='grc' dir='ltr'>δὲ</span> <span class='ocrx_word' id='word_1_527' title='bbox 389 4522 532 4577; x_wconf 82' lang='grc' dir='ltr'>κατὰ</span> <span class='ocrx_word' id='word_1_528' title='bbox 592 4523 693 4585; x_wconf 83' lang='grc' dir='ltr'>τὰς</span> <span class='ocrx_word' id='word_1_529' title='bbox 747 4525 935 4595; x_wconf 77' lang='grc' dir='ltr'>χεῖρας</span> <span class='ocrx_word' id='word_1_530' title='bbox 988 4522 1347 4595; x_wconf 63' lang='grc' dir='ltr'><strong>δηλοτέρανε³³</strong></span> <span class='ocrx_word' id='word_1_531' title='bbox 1405 4524 1705 4594; x_wconf 82' lang='grc' dir='ltr'>παρέχεται</span> <span class='ocrx_word' id='word_1_532' title='bbox 1772 4523 1871 4593; x_wconf 80' lang='grc' dir='ltr'>τὴν</span> <span class='ocrx_word' id='word_1_533' title='bbox 1907 4553 1950 4608; x_wconf 74' lang='lat' dir='ltr'><strong>D</strong></span> 
     </span>
    </p>
   </div>
   <div class='ocr_carea' id='block_1_72' title="bbox 279 4612 491 4682">
    <p class='ocr_par' dir='ltr' id='par_1_72' title="bbox 279 4612 491 4682">
     <span class='ocr_line' id='line_1_72' title="bbox 279 4612 491 4682; baseline 0.009 -18"><span class='ocrx_word' id='word_1_534' title='bbox 279 4612 491 4682; x_wconf 82' lang='grc' dir='ltr'>κρίσιν.</span> 
     </span>
    </p>
   </div>
   <div class='ocr_carea' id='block_1_73' title="bbox 356 4701 1874 4777">
    <p class='ocr_par' dir='ltr' id='par_1_73' title="bbox 356 4701 1874 4777">
     <span class='ocr_line' id='line_1_73' title="bbox 356 4701 1874 4777; baseline 0.006 -23"><span class='ocrx_word' id='word_1_535' title='bbox 356 4702 481 4755; x_wconf 83' lang='grc' dir='ltr'>’Ότι</span> <span class='ocrx_word' id='word_1_536' title='bbox 519 4701 729 4757; x_wconf 84' lang='grc' dir='ltr'>δώδεκα</span> <span class='ocrx_word' id='word_1_537' title='bbox 761 4703 942 4770; x_wconf 83' lang='grc' dir='ltr'>τάξεις</span> <span class='ocrx_word' id='word_1_538' title='bbox 984 4706 1148 4776; x_wconf 70' lang='grc' dir='ltr'>φησὶν</span> <span class='ocrx_word' id='word_1_539' title='bbox 1192 4702 1331 4761; x_wconf 78' lang='grc' dir='ltr'>εἶναι</span> <span class='ocrx_word' id='word_1_540' title='bbox 1366 4708 1423 4759; x_wconf 84' lang='grc' dir='ltr'><strong>ἐν</strong></span> <span class='ocrx_word' id='word_1_541' title='bbox 1454 4706 1531 4777; x_wconf 82' lang='grc' dir='ltr'>τῷ</span> <span class='ocrx_word' id='word_1_542' title='bbox 1576 4705 1874 4777; x_wconf 62' lang='grc' dir='ltr'>ούρανῷθδ,</span> 
     </span>
    </p>
   </div>
   <div class='ocr_carea' id='block_1_74' title="bbox 278 4792 1873 4871">
    <p class='ocr_par' dir='ltr' id='par_1_74' title="bbox 278 4792 1873 4871">
     <span class='ocr_line' id='line_1_74' title="bbox 278 4792 1873 4871; baseline 0.003 -22"><span class='ocrx_word' id='word_1_543' title='bbox 278 4792 515 4866; x_wconf 79' lang='grc' dir='ltr'>πρώτην</span> <span class='ocrx_word' id='word_1_544' title='bbox 557 4798 654 4851; x_wconf 69' lang='grc' dir='ltr'>καὶ</span> <span class='ocrx_word' id='word_1_545' title='bbox 699 4797 956 4862; x_wconf 82' lang='grc' dir='ltr'>ἐξωτάτω</span> <span class='ocrx_word' id='word_1_546' title='bbox 972 4799 1020 4831; x_wconf 79' lang='grc'>⁸⁸</span> <span class='ocrx_word' id='word_1_547' title='bbox 1048 4800 1147 4869; x_wconf 84' lang='grc' dir='ltr'>τὴν</span> <span class='ocrx_word' id='word_1_548' title='bbox 1182 4800 1398 4870; x_wconf 86' lang='grc' dir='ltr'>ἀπλανῆ</span> <span class='ocrx_word' id='word_1_549' title='bbox 1442 4801 1700 4870; x_wconf 83' lang='grc' dir='ltr'>σφαῖραν,</span> <span class='ocrx_word' id='word_1_550' title='bbox 1752 4801 1809 4853; x_wconf 84' lang='grc' dir='ltr'>ὲν</span> 
     </span>
    </p>
   </div>
   <div class='ocr_carea' id='block_1_75' title="bbox 278 4888 1869 4962">
    <p class='ocr_par' dir='ltr' id='par_1_75' title="bbox 278 4888 1869 4962">
     <span class='ocr_line' id='line_1_75' title="bbox 278 4888 1869 4962; baseline 0.003 -23"><span class='ocrx_word' id='word_1_551' title='bbox 278 4890 438 4941; x_wconf 84' lang='grc' dir='ltr'>ἐστιν</span> <span class='ocrx_word' id='word_1_552' title='bbox 466 4888 494 4941; x_wconf 86' lang='grc' dir='ltr'><strong>ὅ</strong></span> <span class='ocrx_word' id='word_1_553' title='bbox 520 4904 580 4942; x_wconf 88' lang='grc' dir='ltr'><strong>τε</strong></span> <span class='ocrx_word' id='word_1_554' title='bbox 610 4889 829 4959; x_wconf 86' lang='grc' dir='ltr'>πρῶτος</span> <span class='ocrx_word' id='word_1_555' title='bbox 859 4890 994 4954; x_wconf 83' lang='grc' dir='ltr'>Θεὸς</span> <span class='ocrx_word' id='word_1_556' title='bbox 1020 4891 1116 4944; x_wconf 76' lang='grc' dir='ltr'>καὶ</span> <span class='ocrx_word' id='word_1_557' title='bbox 1142 4892 1190 4943; x_wconf 79' lang='lat' dir='ltr'><strong>oi</strong></span> <span class='ocrx_word' id='word_1_558' title='bbox 1224 4893 1406 4962; x_wconf 73' lang='grc' dir='ltr'>νοητοὶ</span> <span class='ocrx_word' id='word_1_559' title='bbox 1437 4892 1573 4957; x_wconf 79' lang='grc' dir='ltr'>θεοὶ,</span> <span class='ocrx_word' id='word_1_560' title='bbox 1601 4893 1678 4956; x_wconf 85' lang='grc' dir='ltr'>ὡς</span> <span class='ocrx_word' id='word_1_561' title='bbox 1715 4891 1869 4962; x_wconf 79' lang='grc' dir='ltr'>Ἀρι-</span> 
     </span>
    </p>
   </div>
   <div class='ocr_carea' id='block_1_76' title="bbox 281 4980 1864 5057">
    <p class='ocr_par' dir='ltr' id='par_1_76' title="bbox 281 4980 1864 5057">
     <span class='ocr_line' id='line_1_76' title="bbox 281 4980 1864 5057; baseline 0.001 -25"><span class='ocrx_word' id='word_1_562' title='bbox 281 4980 527 5035; x_wconf 86' lang='grc' dir='ltr'>στοτέλει</span> <span class='ocrx_word' id='word_1_563' title='bbox 556 4980 725 5045; x_wconf 80' lang='grc' dir='ltr'>δοκεῖ,</span> <span class='ocrx_word' id='word_1_564' title='bbox 762 4981 905 5035; x_wconf 86' lang='grc' dir='ltr'>κατὰ</span> <span class='ocrx_word' id='word_1_565' title='bbox 934 4981 992 5034; x_wconf 81' lang='grc' dir='ltr'>δὲ</span> <span class='ocrx_word' id='word_1_566' title='bbox 1023 4981 1282 5035; x_wconf 89' lang='grc' dir='ltr'>Πλάτωνα</span> <span class='ocrx_word' id='word_1_567' title='bbox 1325 4984 1381 5035; x_wconf 81' lang='grc' dir='ltr'><strong>αἱ</strong></span> <span class='ocrx_word' id='word_1_568' title='bbox 1416 4982 1586 5057; x_wconf 62' lang='grc' dir='ltr'>ἰδέαι·</span> <span class='ocrx_word' id='word_1_569' title='bbox 1625 4982 1765 5053; x_wconf 74' lang='grc' dir='ltr'>μετὰ</span> <span class='ocrx_word' id='word_1_570' title='bbox 1809 4981 1864 5033; x_wconf 84' lang='grc' dir='ltr'>δὲ</span> 
     </span>
    </p>
   </div>
   <div class='ocr_carea' id='block_1_77' title="bbox 2044 2788 3554 2863">
    <p class='ocr_par' dir='ltr' id='par_1_77' title="bbox 2044 2788 3554 2863">
     <span class='ocr_line' id='line_1_77' title="bbox 2044 2788 3554 2863; baseline 0.003 -20"><span class='ocrx_word' id='word_1_571' title='bbox 2044 2788 2589 2863; x_wconf 77' lang='lat' dir='ltr'><strong>JuxtaPythagorae,</strong></span> <span class='ocrx_word' id='word_1_572' title='bbox 2630 2792 2898 2857; x_wconf 91' lang='lat' dir='ltr'><strong>Platonis,</strong></span> <span class='ocrx_word' id='word_1_573' title='bbox 2930 2800 2984 2847; x_wconf 90' lang='lat' dir='ltr'><strong>et</strong></span> <span class='ocrx_word' id='word_1_574' title='bbox 3007 2791 3314 2848; x_wconf 85' lang='lat' dir='ltr'><strong>Aristotelis</strong></span> <span class='ocrx_word' id='word_1_575' title='bbox 3338 2792 3554 2863; x_wconf 81' lang='lat' dir='ltr'><strong>opinio-</strong></span> 
     </span>
    </p>
   </div>
   <div class='ocr_carea' id='block_1_78' title="bbox 1973 2883 3551 2957">
    <p class='ocr_par' dir='ltr' id='par_1_78' title="bbox 1973 2883 3551 2957">
     <span class='ocr_line' id='line_1_78' title="bbox 1973 2883 3551 2957; baseline 0.002 -23"><span class='ocrx_word' id='word_1_576' title='bbox 1973 2895 2117 2946; x_wconf 92' lang='lat' dir='ltr'><strong>nem,</strong></span> <span class='ocrx_word' id='word_1_577' title='bbox 2165 2883 2450 2938; x_wconf 88' lang='lat' dir='ltr'><strong>duodecim</strong></span> <span class='ocrx_word' id='word_1_578' title='bbox 2501 2884 2774 2941; x_wconf 84' lang='lat' dir='ltr'><strong>coloribus</strong></span> <span class='ocrx_word' id='word_1_579' title='bbox 2807 2885 3005 2957; x_wconf 62' lang='grc'><strong>4391)</strong></span> <span class='ocrx_word' id='word_1_580' title='bbox 3064 2885 3254 2940; x_wconf 91' lang='lat' dir='ltr'><strong>oculus</strong></span> <span class='ocrx_word' id='word_1_581' title='bbox 3317 2884 3551 2954; x_wconf 87' lang='lat' dir='ltr'><strong>iudicat,</strong></span> 
     </span>
    </p>
   </div>
   <div class='ocr_carea' id='block_1_79' title="bbox 1973 2970 3552 3044">
    <p class='ocr_par' dir='ltr' id='par_1_79' title="bbox 1973 2970 3552 3044">
     <span class='ocr_line' id='line_1_79' title="bbox 1973 2970 3552 3044; baseline 0.001 -19"><span class='ocrx_word' id='word_1_582' title='bbox 1973 2970 2040 3025; x_wconf 89' lang='lat' dir='ltr'><strong>de</strong></span> <span class='ocrx_word' id='word_1_583' title='bbox 2074 2971 2221 3035; x_wconf 88' lang='lat' dir='ltr'><strong>albo,</strong></span> <span class='ocrx_word' id='word_1_584' title='bbox 2262 2979 2317 3026; x_wconf 91' lang='lat' dir='ltr'><strong>et</strong></span> <span class='ocrx_word' id='word_1_585' title='bbox 2357 2972 2535 3044; x_wconf 88' lang='lat' dir='ltr'><strong>nigro,</strong></span> <span class='ocrx_word' id='word_1_586' title='bbox 2571 2982 2628 3027; x_wconf 87' lang='lat' dir='ltr'><strong>et</strong></span> <span class='ocrx_word' id='word_1_587' title='bbox 2655 2974 2724 3029; x_wconf 89' lang='lat' dir='ltr'><strong>de</strong></span> <span class='ocrx_word' id='word_1_588' title='bbox 2759 2974 2975 3029; x_wconf 60' lang='lat' dir='ltr'><strong>caeteris</strong></span> <span class='ocrx_word' id='word_1_589' title='bbox 3014 2972 3344 3040; x_wconf 83' lang='lat' dir='ltr'><strong>interiectis,</strong></span> <span class='ocrx_word' id='word_1_590' title='bbox 3384 2971 3552 3036; x_wconf 83' lang='lat' dir='ltr'><strong>ﬂavo,</strong></span> 
     </span>
    </p>
   </div>
   <div class='ocr_carea' id='block_1_80' title="bbox 1972 3061 3552 3136">
    <p class='ocr_par' dir='ltr' id='par_1_80' title="bbox 1972 3061 3552 3136">
     <span class='ocr_line' id='line_1_80' title="bbox 1972 3061 3552 3136; baseline 0.001 -20"><span class='ocrx_word' id='word_1_591' title='bbox 1972 3061 2148 3128; x_wconf 83' lang='lat' dir='ltr'><strong>fusco,</strong></span> <span class='ocrx_word' id='word_1_592' title='bbox 2199 3063 2422 3132; x_wconf 90' lang='lat' dir='ltr'><strong>pallido,</strong></span> <span class='ocrx_word' id='word_1_593' title='bbox 2460 3064 2647 3133; x_wconf 89' lang='lat' dir='ltr'><strong>rubro,</strong></span> <span class='ocrx_word' id='word_1_594' title='bbox 2701 3066 2957 3133; x_wconf 74' lang='lat' dir='ltr'><strong>caeruleo,</strong></span> <span class='ocrx_word' id='word_1_595' title='bbox 3006 3078 3309 3136; x_wconf 89' lang='lat' dir='ltr'><strong>purpureo,</strong></span> <span class='ocrx_word' id='word_1_596' title='bbox 3363 3063 3552 3128; x_wconf 88' lang='lat' dir='ltr'><strong>rutilo,</strong></span> 
     </span>
    </p>
   </div>
   <div class='ocr_carea' id='block_1_81' title="bbox 1971 3157 3556 3230">
    <p class='ocr_par' dir='ltr' id='par_1_81' title="bbox 1971 3157 3556 3230">
     <span class='ocr_line' id='line_1_81' title="bbox 1971 3157 3556 3230; baseline 0.001 -20"><span class='ocrx_word' id='word_1_597' title='bbox 1971 3165 2025 3210; x_wconf 93' lang='lat' dir='ltr'><strong>et</strong></span> <span class='ocrx_word' id='word_1_598' title='bbox 2056 3157 2221 3213; x_wconf 91' lang='lat' dir='ltr'><strong>luteo.</strong></span> <span class='ocrx_word' id='word_1_599' title='bbox 2264 3158 2343 3214; x_wconf 91' lang='lat' dir='ltr'><strong>De</strong></span> <span class='ocrx_word' id='word_1_600' title='bbox 2393 3170 2549 3214; x_wconf 90' lang='lat' dir='ltr'><strong>acuta</strong></span> <span class='ocrx_word' id='word_1_601' title='bbox 2582 3169 2638 3215; x_wconf 89' lang='lat' dir='ltr'><strong>et</strong></span> <span class='ocrx_word' id='word_1_602' title='bbox 2669 3160 2820 3230; x_wconf 82' lang='lat' dir='ltr'><strong>gravi</strong></span> <span class='ocrx_word' id='word_1_603' title='bbox 2849 3172 2985 3214; x_wconf 84' lang='lat' dir='ltr'><strong>voce</strong></span> <span class='ocrx_word' id='word_1_604' title='bbox 3018 3158 3283 3229; x_wconf 88' lang='lat' dir='ltr'><strong>iudicium</strong></span> <span class='ocrx_word' id='word_1_605' title='bbox 3320 3157 3428 3212; x_wconf 79' lang='lat' dir='ltr'><strong>fert</strong></span> <span class='ocrx_word' id='word_1_606' title='bbox 3460 3171 3556 3211; x_wconf 88' lang='lat' dir='ltr'><strong>au-</strong></span> 
     </span>
    </p>
   </div>
   <div class='ocr_carea' id='block_1_82' title="bbox 1971 3249 3556 3316">
    <p class='ocr_par' dir='ltr' id='par_1_82' title="bbox 1971 3249 3556 3316">
     <span class='ocr_line' id='line_1_82' title="bbox 1971 3249 3556 3316; baseline 0.001 -12"><span class='ocrx_word' id='word_1_607' title='bbox 1971 3250 2067 3307; x_wconf 91' lang='lat' dir='ltr'><strong>ris.</strong></span> <span class='ocrx_word' id='word_1_608' title='bbox 2104 3249 2378 3308; x_wconf 86' lang='lat' dir='ltr'><strong>Odoratus</strong></span> <span class='ocrx_word' id='word_1_609' title='bbox 2404 3253 2577 3307; x_wconf 80' lang='lat' dir='ltr'><strong>bonos</strong></span> <span class='ocrx_word' id='word_1_610' title='bbox 2611 3262 2665 3307; x_wconf 90' lang='lat' dir='ltr'><strong>et</strong></span> <span class='ocrx_word' id='word_1_611' title='bbox 2690 3252 2862 3307; x_wconf 90' lang='lat' dir='ltr'><strong>malos</strong></span> <span class='ocrx_word' id='word_1_612' title='bbox 2881 3251 3050 3307; x_wconf 89' lang='lat' dir='ltr'><strong>sentit</strong></span> <span class='ocrx_word' id='word_1_613' title='bbox 3078 3251 3300 3316; x_wconf 87' lang='lat' dir='ltr'><strong>odores,</strong></span> <span class='ocrx_word' id='word_1_614' title='bbox 3338 3259 3393 3306; x_wconf 91' lang='lat' dir='ltr'><strong>et</strong></span> <span class='ocrx_word' id='word_1_615' title='bbox 3419 3251 3556 3305; x_wconf 88' lang='lat' dir='ltr'><strong>alios</strong></span> 
     </span>
    </p>
   </div>
   <div class='ocr_carea' id='block_1_83' title="bbox 1969 3340 3554 3413">
    <p class='ocr_par' dir='ltr' id='par_1_83' title="bbox 1969 3340 3554 3413">
     <span class='ocr_line' id='line_1_83' title="bbox 1969 3340 3554 3413; baseline -0.001 -17"><span class='ocrx_word' id='word_1_616' title='bbox 1969 3342 2238 3411; x_wconf 91' lang='lat' dir='ltr'><strong>pulridos,</strong></span> <span class='ocrx_word' id='word_1_617' title='bbox 2298 3343 2576 3407; x_wconf 88' lang='lat' dir='ltr'><strong>humidos,</strong></span> <span class='ocrx_word' id='word_1_618' title='bbox 2644 3343 2897 3413; x_wconf 84' lang='lat' dir='ltr'><strong>liquidos,</strong></span> <span class='ocrx_word' id='word_1_619' title='bbox 2976 3350 3295 3413; x_wconf 89' lang='lat' dir='ltr'><strong>vaporatos.</strong></span> <span class='ocrx_word' id='word_1_620' title='bbox 3360 3340 3554 3398; x_wconf 87' lang='lat' dir='ltr'><strong>Gustui</strong></span> 
     </span>
    </p>
   </div>
   <div class='ocr_carea' id='block_1_84' title="bbox 1972 3430 3552 3503">
    <p class='ocr_par' dir='ltr' id='par_1_84' title="bbox 1972 3430 3552 3503">
     <span class='ocr_line' id='line_1_84' title="bbox 1972 3430 3552 3503; baseline 0.001 -19"><span class='ocrx_word' id='word_1_621' title='bbox 1972 3430 2149 3485; x_wconf 88' lang='lat' dir='ltr'><strong>dulcia</strong></span> <span class='ocrx_word' id='word_1_622' title='bbox 2198 3434 2419 3502; x_wconf 90' lang='lat' dir='ltr'><strong>sapiunt</strong></span> <span class='ocrx_word' id='word_1_623' title='bbox 2470 3441 2526 3488; x_wconf 92' lang='lat' dir='ltr'><strong>et</strong></span> <span class='ocrx_word' id='word_1_624' title='bbox 2565 3448 2780 3497; x_wconf 91' lang='lat' dir='ltr'><strong>amara,</strong></span> <span class='ocrx_word' id='word_1_625' title='bbox 2830 3442 2886 3487; x_wconf 91' lang='lat' dir='ltr'><strong>ct</strong></span> <span class='ocrx_word' id='word_1_626' title='bbox 2930 3432 3036 3487; x_wconf 89' lang='lat' dir='ltr'><strong>alia</strong></span> <span class='ocrx_word' id='word_1_627' title='bbox 3082 3432 3325 3503; x_wconf 85' lang='lat' dir='ltr'><strong>quinque</strong></span> <span class='ocrx_word' id='word_1_628' title='bbox 3350 3431 3552 3487; x_wconf 89' lang='lat' dir='ltr'><strong>media.</strong></span> 
     </span>
    </p>
   </div>
   <div class='ocr_carea' id='block_1_85' title="bbox 1970 3518 3556 3593">
    <p class='ocr_par' dir='ltr' id='par_1_85' title="bbox 1970 3518 3556 3593">
     <span class='ocr_line' id='line_1_85' title="bbox 1970 3518 3556 3593; baseline 0.001 -19"><span class='ocrx_word' id='word_1_629' title='bbox 1970 3518 2028 3575; x_wconf 85' lang='lat' dir='ltr'><strong>In</strong></span> <span class='ocrx_word' id='word_1_630' title='bbox 2059 3521 2376 3577; x_wconf 84' lang='lat' dir='ltr'><strong>universum</strong></span> <span class='ocrx_word' id='word_1_631' title='bbox 2425 3532 2605 3579; x_wconf 87' lang='lat' dir='ltr'><strong>autem</strong></span> <span class='ocrx_word' id='word_1_632' title='bbox 2646 3532 2852 3593; x_wconf 85' lang='lat' dir='ltr'><strong>septem</strong></span> <span class='ocrx_word' id='word_1_633' title='bbox 2908 3530 3034 3577; x_wconf 91' lang='lat' dir='ltr'><strong>sunt</strong></span> <span class='ocrx_word' id='word_1_634' title='bbox 3064 3535 3307 3591; x_wconf 88' lang='lat' dir='ltr'><strong>sapores,</strong></span> <span class='ocrx_word' id='word_1_635' title='bbox 3357 3518 3556 3586; x_wconf 89' lang='lat' dir='ltr'><strong>dulcis,</strong></span> 
     </span>
    </p>
   </div>
   <div class='ocr_carea' id='block_1_86' title="bbox 1973 3609 3559 3680">
    <p class='ocr_par' dir='ltr' id='par_1_86' title="bbox 1973 3609 3559 3680">
     <span class='ocr_line' id='line_1_86' title="bbox 1973 3609 3559 3680; baseline -0.002 -17"><span class='ocrx_word' id='word_1_636' title='bbox 1973 3624 2213 3677; x_wconf 88' lang='lat' dir='ltr'><strong>amarus,</strong></span> <span class='ocrx_word' id='word_1_637' title='bbox 2272 3625 2456 3680; x_wconf 88' lang='lat' dir='ltr'><strong>asper,</strong></span> <span class='ocrx_word' id='word_1_638' title='bbox 2518 3611 2729 3677; x_wconf 89' lang='lat' dir='ltr'><strong>acidus,</strong></span> <span class='ocrx_word' id='word_1_639' title='bbox 2786 3609 2967 3665; x_wconf 91' lang='lat' dir='ltr'><strong>mollis</strong></span> <span class='ocrx_word' id='word_1_640' title='bbox 3021 3609 3220 3675; x_wconf 89' lang='lat' dir='ltr'><strong>salsus,</strong></span> <span class='ocrx_word' id='word_1_641' title='bbox 3280 3616 3559 3664; x_wconf 86' lang='lat' dir='ltr'><strong>austerus.</strong></span> 
     </span>
    </p>
   </div>
   <div class='ocr_carea' id='block_1_87' title="bbox 1971 3699 3560 3773">
    <p class='ocr_par' dir='ltr' id='par_1_87' title="bbox 1971 3699 3560 3773">
     <span class='ocr_line' id='line_1_87' title="bbox 1971 3699 3560 3773; baseline -0.003 -15"><span class='ocrx_word' id='word_1_642' title='bbox 1971 3701 2343 3758; x_wconf 90' lang='lat' dir='ltr'><strong>Plurimorum</strong></span> <span class='ocrx_word' id='word_1_643' title='bbox 2387 3718 2588 3759; x_wconf 87' lang='lat' dir='ltr'><strong>censor</strong></span> <span class='ocrx_word' id='word_1_644' title='bbox 2615 3712 2700 3759; x_wconf 89' lang='lat' dir='ltr'><strong>est</strong></span> <span class='ocrx_word' id='word_1_645' title='bbox 2732 3712 2931 3759; x_wconf 91' lang='lat' dir='ltr'><strong>tactus.</strong></span> <span class='ocrx_word' id='word_1_646' title='bbox 2974 3701 3173 3773; x_wconf 82' lang='lat' dir='ltr'><strong>Tangit</strong></span> <span class='ocrx_word' id='word_1_647' title='bbox 3197 3701 3342 3756; x_wconf 87' lang='lat' dir='ltr'><strong>enim</strong></span> <span class='ocrx_word' id='word_1_648' title='bbox 3371 3699 3560 3772; x_wconf 84' lang='lat' dir='ltr'><strong>gravia</strong></span> 
     </span>
    </p>
   </div>
   <div class='ocr_carea' id='block_1_88' title="bbox 1972 3790 3562 3866">
    <p class='ocr_par' dir='ltr' id='par_1_88' title="bbox 1972 3790 3562 3866">
     <span class='ocr_line' id='line_1_88' title="bbox 1972 3790 3562 3866; baseline -0.004 -15"><span class='ocrx_word' id='word_1_649' title='bbox 1972 3806 2028 3851; x_wconf 86' lang='lat' dir='ltr'><strong>et</strong></span> <span class='ocrx_word' id='word_1_650' title='bbox 2050 3796 2216 3862; x_wconf 87' lang='lat' dir='ltr'><strong>levia,</strong></span> <span class='ocrx_word' id='word_1_651' title='bbox 2251 3803 2306 3851; x_wconf 87' lang='lat' dir='ltr'><strong>et</strong></span> <span class='ocrx_word' id='word_1_652' title='bbox 2331 3810 2456 3866; x_wconf 86' lang='lat' dir='ltr'><strong>quae</strong></span> <span class='ocrx_word' id='word_1_653' title='bbox 2487 3799 2633 3851; x_wconf 88' lang='lat' dir='ltr'><strong>inter</strong></span> <span class='ocrx_word' id='word_1_654' title='bbox 2669 3797 2782 3851; x_wconf 62' lang='lat' dir='ltr'><strong>haec</strong></span> <span class='ocrx_word' id='word_1_655' title='bbox 2814 3803 2981 3859; x_wconf 88' lang='lat' dir='ltr'><strong>sunt;</strong></span> <span class='ocrx_word' id='word_1_656' title='bbox 3014 3793 3187 3848; x_wconf 87' lang='lat' dir='ltr'><strong>calida</strong></span> <span class='ocrx_word' id='word_1_657' title='bbox 3223 3794 3354 3848; x_wconf 87' lang='lat' dir='ltr'><strong>item</strong></span> <span class='ocrx_word' id='word_1_658' title='bbox 3381 3801 3436 3847; x_wconf 92' lang='lat' dir='ltr'><strong>et</strong></span> <span class='ocrx_word' id='word_1_659' title='bbox 3463 3790 3562 3846; x_wconf 82' lang='lat' dir='ltr'><strong>fri-</strong></span> 
     </span>
    </p>
   </div>
   <div class='ocr_carea' id='block_1_89' title="bbox 1973 3882 3561 3957">
    <p class='ocr_par' dir='ltr' id='par_1_89' title="bbox 1973 3882 3561 3957">
     <span class='ocr_line' id='line_1_89' title="bbox 1973 3882 3561 3957; baseline -0.003 -17"><span class='ocrx_word' id='word_1_660' title='bbox 1973 3888 2118 3957; x_wconf 87' lang='lat' dir='ltr'><strong>gida,</strong></span> <span class='ocrx_word' id='word_1_661' title='bbox 2142 3896 2199 3943; x_wconf 88' lang='lat' dir='ltr'><strong>et</strong></span> <span class='ocrx_word' id='word_1_662' title='bbox 2232 3902 2355 3957; x_wconf 75' lang='lat' dir='ltr'><strong>quae</strong></span> <span class='ocrx_word' id='word_1_663' title='bbox 2381 3886 2742 3954; x_wconf 78' lang='lat' dir='ltr'><strong>interiacent;</strong></span> <span class='ocrx_word' id='word_1_664' title='bbox 2790 3887 3013 3942; x_wconf 81' lang='lat' dir='ltr'><strong>dura&#39;et</strong></span> <span class='ocrx_word' id='word_1_665' title='bbox 3043 3885 3247 3948; x_wconf 90' lang='lat' dir='ltr'><strong>mollia,</strong></span> <span class='ocrx_word' id='word_1_666' title='bbox 3285 3891 3341 3939; x_wconf 89' lang='lat' dir='ltr'><strong>et</strong></span> <span class='ocrx_word' id='word_1_667' title='bbox 3366 3882 3561 3938; x_wconf 86' lang='lat' dir='ltr'><strong>horum</strong></span> 
     </span>
    </p>
   </div>
   <div class='ocr_carea' id='block_1_90' title="bbox 1975 3973 3565 4048">
    <p class='ocr_par' dir='ltr' id='par_1_90' title="bbox 1975 3973 3565 4048">
     <span class='ocr_line' id='line_1_90' title="bbox 1975 3973 3565 4048; baseline -0.003 -15"><span class='ocrx_word' id='word_1_668' title='bbox 1975 3978 2187 4047; x_wconf 88' lang='lat' dir='ltr'><strong>media;</strong></span> <span class='ocrx_word' id='word_1_669' title='bbox 2228 3980 2395 4044; x_wconf 86' lang='lat' dir='ltr'><strong>sicca,</strong></span> <span class='ocrx_word' id='word_1_670' title='bbox 2445 3988 2502 4035; x_wconf 91' lang='lat' dir='ltr'><strong>et</strong></span> <span class='ocrx_word' id='word_1_671' title='bbox 2541 3979 2786 4044; x_wconf 89' lang='lat' dir='ltr'><strong>humida,</strong></span> <span class='ocrx_word' id='word_1_672' title='bbox 2829 3987 2885 4032; x_wconf 91' lang='lat' dir='ltr'><strong>et</strong></span> <span class='ocrx_word' id='word_1_673' title='bbox 2923 3992 3044 4048; x_wconf 87' lang='lat' dir='ltr'><strong>quae</strong></span> <span class='ocrx_word' id='word_1_674' title='bbox 3074 3977 3369 4032; x_wconf 89' lang='lat' dir='ltr'><strong>intersunt.</strong></span> <span class='ocrx_word' id='word_1_675' title='bbox 3416 3973 3565 4029; x_wconf 85' lang='lat' dir='ltr'><strong>Reli-</strong></span> 
     </span>
    </p>
   </div>
   <div class='ocr_carea' id='block_1_91' title="bbox 1973 4064 3563 4141">
    <p class='ocr_par' dir='ltr' id='par_1_91' title="bbox 1973 4064 3563 4141">
     <span class='ocr_line' id='line_1_91' title="bbox 1973 4064 3563 4141; baseline -0.003 -17"><span class='ocrx_word' id='word_1_676' title='bbox 1973 4071 2066 4141; x_wconf 86' lang='lat' dir='ltr'><strong>qui</strong></span> <span class='ocrx_word' id='word_1_677' title='bbox 2117 4072 2337 4141; x_wconf 90' lang='lat' dir='ltr'><strong>quidem</strong></span> <span class='ocrx_word' id='word_1_678' title='bbox 2383 4079 2622 4140; x_wconf 91' lang='lat' dir='ltr'><strong>quatuor</strong></span> <span class='ocrx_word' id='word_1_679' title='bbox 2665 4082 2858 4123; x_wconf 87' lang='lat' dir='ltr'><strong>sensus</strong></span> <span class='ocrx_word' id='word_1_680' title='bbox 2903 4068 2955 4122; x_wconf 91' lang='lat' dir='ltr'><strong>in</strong></span> <span class='ocrx_word' id='word_1_681' title='bbox 3005 4067 3123 4122; x_wconf 91' lang='lat' dir='ltr'><strong>solo</strong></span> <span class='ocrx_word' id='word_1_682' title='bbox 3151 4066 3332 4136; x_wconf 89' lang='lat' dir='ltr'><strong>capite</strong></span> <span class='ocrx_word' id='word_1_683' title='bbox 3365 4064 3563 4120; x_wconf 87' lang='lat' dir='ltr'><strong>statio-</strong></span> 
     </span>
    </p>
   </div>
   <div class='ocr_carea' id='block_1_92' title="bbox 1973 4154 3565 4230">
    <p class='ocr_par' dir='ltr' id='par_1_92' title="bbox 1973 4154 3565 4230">
     <span class='ocr_line' id='line_1_92' title="bbox 1973 4154 3565 4230; baseline -0.006 -13"><span class='ocrx_word' id='word_1_684' title='bbox 1973 4179 2097 4219; x_wconf 90' lang='lat' dir='ltr'><strong>nem</strong></span> <span class='ocrx_word' id='word_1_685' title='bbox 2131 4164 2354 4228; x_wconf 90' lang='lat' dir='ltr'><strong>habenl,</strong></span> <span class='ocrx_word' id='word_1_686' title='bbox 2396 4169 2452 4216; x_wconf 90' lang='lat' dir='ltr'><strong>et</strong></span> <span class='ocrx_word' id='word_1_687' title='bbox 2497 4160 2718 4230; x_wconf 88' lang='lat' dir='ltr'><strong>propria</strong></span> <span class='ocrx_word' id='word_1_688' title='bbox 2776 4168 3048 4229; x_wconf 89' lang='lat' dir='ltr'><strong>occupant</strong></span> <span class='ocrx_word' id='word_1_689' title='bbox 3076 4171 3305 4230; x_wconf 85' lang='lat' dir='ltr'><strong>organa.</strong></span> <span class='ocrx_word' id='word_1_690' title='bbox 3331 4154 3441 4211; x_wconf 84' lang='lat' dir='ltr'><strong>Sed</strong></span> <span class='ocrx_word' id='word_1_691' title='bbox 3467 4169 3565 4224; x_wconf 89' lang='lat' dir='ltr'><strong>per</strong></span> 
     </span>
    </p>
   </div>
   <div class='ocr_carea' id='block_1_93' title="bbox 1975 4246 3564 4324">
    <p class='ocr_par' dir='ltr' id='par_1_93' title="bbox 1975 4246 3564 4324">
     <span class='ocr_line' id='line_1_93' title="bbox 1975 4246 3564 4324; baseline -0.006 -14"><span class='ocrx_word' id='word_1_692' title='bbox 1975 4265 2160 4324; x_wconf 88' lang='lat' dir='ltr'><strong>caput,</strong></span> <span class='ocrx_word' id='word_1_693' title='bbox 2213 4263 2268 4309; x_wconf 90' lang='lat' dir='ltr'><strong>et</strong></span> <span class='ocrx_word' id='word_1_694' title='bbox 2314 4261 2488 4308; x_wconf 88' lang='lat' dir='ltr'><strong>totum</strong></span> <span class='ocrx_word' id='word_1_695' title='bbox 2542 4266 2747 4321; x_wconf 91' lang='lat' dir='ltr'><strong>corpus</strong></span> <span class='ocrx_word' id='word_1_696' title='bbox 2810 4251 3021 4306; x_wconf 88' lang='lat' dir='ltr'><strong>habitat</strong></span> <span class='ocrx_word' id='word_1_697' title='bbox 3075 4258 3277 4315; x_wconf 88' lang='lat' dir='ltr'><strong>tactus,</strong></span> <span class='ocrx_word' id='word_1_698' title='bbox 3332 4246 3564 4316; x_wconf 86' lang='lat' dir='ltr'><strong>aliisque</strong></span> 
     </span>
    </p>
   </div>
   <div class='ocr_carea' id='block_1_94' title="bbox 1976 4341 3565 4409">
    <p class='ocr_par' dir='ltr' id='par_1_94' title="bbox 1976 4341 3565 4409">
     <span class='ocr_line' id='line_1_94' title="bbox 1976 4341 3565 4409; baseline -0.008 -4"><span class='ocrx_word' id='word_1_699' title='bbox 1976 4348 2234 4405; x_wconf 88' lang='lat' dir='ltr'><strong>sensibus</strong></span> <span class='ocrx_word' id='word_1_700' title='bbox 2261 4344 2572 4401; x_wconf 86' lang='lat' dir='ltr'><strong>communis</strong></span> <span class='ocrx_word' id='word_1_701' title='bbox 2598 4352 2681 4399; x_wconf 90' lang='lat' dir='ltr'><strong>est</strong></span> <span class='ocrx_word' id='word_1_702' title='bbox 2710 4360 2725 4396; x_wconf 89' lang='lat'><strong>:</strong></span> <span class='ocrx_word' id='word_1_703' title='bbox 2775 4344 2831 4398; x_wconf 92' lang='lat' dir='ltr'><strong>in</strong></span> <span class='ocrx_word' id='word_1_704' title='bbox 2858 4341 3106 4397; x_wconf 85' lang='lat' dir='ltr'><strong>manibus</strong></span> <span class='ocrx_word' id='word_1_705' title='bbox 3129 4346 3308 4396; x_wconf 90' lang='lat' dir='ltr'><strong>autem</strong></span> <span class='ocrx_word' id='word_1_706' title='bbox 3334 4350 3565 4409; x_wconf 62' lang='lat' dir='ltr'><strong>praeser-</strong></span> 
     </span>
    </p>
   </div>
   <div class='ocr_carea' id='block_1_95' title="bbox 1978 4436 2630 4500">
    <p class='ocr_par' dir='ltr' id='par_1_95' title="bbox 1978 4436 2630 4500">
     <span class='ocr_line' id='line_1_95' title="bbox 1978 4436 2630 4500; baseline -0.017 0"><span class='ocrx_word' id='word_1_707' title='bbox 1978 4445 2075 4500; x_wconf 88' lang='lat' dir='ltr'><strong>tim</strong></span> <span class='ocrx_word' id='word_1_708' title='bbox 2117 4442 2199 4495; x_wconf 92' lang='lat' dir='ltr'><strong>vis</strong></span> <span class='ocrx_word' id='word_1_709' title='bbox 2232 4438 2378 4493; x_wconf 87' lang='lat' dir='ltr'><strong>illius</strong></span> <span class='ocrx_word' id='word_1_710' title='bbox 2406 4436 2630 4491; x_wconf 88' lang='lat' dir='ltr'><strong>emicat.</strong></span> 
     </span>
    </p>
   </div>
   <div class='ocr_carea' id='block_1_96' title="bbox 2050 4696 3566 4774">
    <p class='ocr_par' dir='ltr' id='par_1_96' title="bbox 2050 4696 3566 4774">
     <span class='ocr_line' id='line_1_96' title="bbox 2050 4696 3566 4774; baseline -0.008 -13"><span class='ocrx_word' id='word_1_711' title='bbox 2050 4708 2322 4763; x_wconf 85' lang='lat' dir='ltr'><strong>Asserunt</strong></span> <span class='ocrx_word' id='word_1_712' title='bbox 2364 4706 2589 4774; x_wconf 88' lang='lat' dir='ltr'><strong>insuper</strong></span> <span class='ocrx_word' id='word_1_713' title='bbox 2627 4699 2911 4757; x_wconf 89' lang='lat' dir='ltr'><strong>duodecim</strong></span> <span class='ocrx_word' id='word_1_714' title='bbox 2954 4699 3119 4754; x_wconf 89' lang='lat' dir='ltr'><strong>orbes</strong></span> <span class='ocrx_word' id='word_1_715' title='bbox 3151 4698 3205 4752; x_wconf 93' lang='lat' dir='ltr'><strong>in</strong></span> <span class='ocrx_word' id='word_1_716' title='bbox 3254 4696 3392 4752; x_wconf 80' lang='lat' dir='ltr'><strong>ctelo</strong></span> <span class='ocrx_word' id='word_1_717' title='bbox 3423 4709 3566 4760; x_wconf 86' lang='lat' dir='ltr'><strong>esse,</strong></span> 
     </span>
    </p>
   </div>
   <div class='ocr_carea' id='block_1_97' title="bbox 1975 4789 3559 4869">
    <p class='ocr_par' dir='ltr' id='par_1_97' title="bbox 1975 4789 3559 4869">
     <span class='ocr_line' id='line_1_97' title="bbox 1975 4789 3559 4869; baseline -0.009 -15"><span class='ocrx_word' id='word_1_718' title='bbox 1975 4808 2031 4854; x_wconf 88' lang='lat' dir='ltr'><strong>et</strong></span> <span class='ocrx_word' id='word_1_719' title='bbox 2063 4798 2301 4869; x_wconf 90' lang='lat' dir='ltr'><strong>primum</strong></span> <span class='ocrx_word' id='word_1_720' title='bbox 2338 4796 2555 4864; x_wconf 88' lang='lat' dir='ltr'><strong>quidem</strong></span> <span class='ocrx_word' id='word_1_721' title='bbox 2584 4805 2641 4849; x_wconf 90' lang='lat' dir='ltr'><strong>et</strong></span> <span class='ocrx_word' id='word_1_722' title='bbox 2673 4792 3101 4848; x_wconf 88' lang='lat' dir='ltr'><strong>remotissimum</strong></span> <span class='ocrx_word' id='word_1_723' title='bbox 3131 4789 3559 4852; x_wconf 81' lang='lat' dir='ltr'><strong>ﬁrmamentum,</strong></span> 
     </span>
    </p>
   </div>
   <div class='ocr_carea' id='block_1_98' title="bbox 1975 4879 3569 4951">
    <p class='ocr_par' dir='ltr' id='par_1_98' title="bbox 1975 4879 3569 4951">
     <span class='ocr_line' id='line_1_98' title="bbox 1975 4879 3569 4951; baseline -0.008 -7"><span class='ocrx_word' id='word_1_724' title='bbox 1975 4890 2067 4945; x_wconf 91' lang='lat' dir='ltr'><strong>ubi</strong></span> <span class='ocrx_word' id='word_1_725' title='bbox 2105 4899 2160 4944; x_wconf 94' lang='lat' dir='ltr'><strong>et</strong></span> <span class='ocrx_word' id='word_1_726' title='bbox 2195 4902 2442 4943; x_wconf 89' lang='lat' dir='ltr'><strong>summus</strong></span> <span class='ocrx_word' id='word_1_727' title='bbox 2486 4886 2645 4948; x_wconf 86' lang='lat' dir='ltr'><strong>Deus,</strong></span> <span class='ocrx_word' id='word_1_728' title='bbox 2679 4883 2972 4951; x_wconf 74' lang='lat' dir='ltr'><strong>cteterique</strong></span> <span class='ocrx_word' id='word_1_729' title='bbox 3021 4879 3378 4949; x_wconf 82' lang='lat' dir='ltr'><strong>intelligentia</strong></span> <span class='ocrx_word' id='word_1_730' title='bbox 3427 4892 3569 4947; x_wconf 66' lang='lat' dir='ltr'><strong>prae-</strong></span> 
     </span>
    </p>
   </div>
   <div class='ocr_carea' id='block_1_99' title="bbox 1976 4969 3561 5047">
    <p class='ocr_par' dir='ltr' id='par_1_99' title="bbox 1976 4969 3561 5047">
     <span class='ocr_line' id='line_1_99' title="bbox 1976 4969 3561 5047; baseline -0.008 -12"><span class='ocrx_word' id='word_1_731' title='bbox 1976 4982 2075 5036; x_wconf 89' lang='lat' dir='ltr'><strong>diti</strong></span> <span class='ocrx_word' id='word_1_732' title='bbox 2116 4981 2211 5047; x_wconf 91' lang='lat' dir='ltr'><strong>dii,</strong></span> <span class='ocrx_word' id='word_1_733' title='bbox 2249 4991 2311 5034; x_wconf 84' lang='lat' dir='ltr'><strong>ut</strong></span> <span class='ocrx_word' id='word_1_734' title='bbox 2352 4987 2509 5033; x_wconf 83' lang='lat' dir='ltr'><strong>vocat</strong></span> <span class='ocrx_word' id='word_1_735' title='bbox 2550 4975 2891 5041; x_wconf 83' lang='lat' dir='ltr'><strong>Aristoteles,</strong></span> <span class='ocrx_word' id='word_1_736' title='bbox 2927 4983 3021 5029; x_wconf 90' lang='lat' dir='ltr'><strong>aut</strong></span> <span class='ocrx_word' id='word_1_737' title='bbox 3047 4972 3347 5028; x_wconf 88' lang='lat' dir='ltr'><strong>secundum</strong></span> <span class='ocrx_word' id='word_1_738' title='bbox 3374 4969 3561 5025; x_wconf 86' lang='lat' dir='ltr'><strong>Plato-</strong></span> 
     </span>
    </p>
   </div>
   <div class='ocr_carea' id='block_1_100' title="bbox 1544 5130 2235 5189">
    <p class='ocr_par' dir='ltr' id='par_1_100' title="bbox 1544 5130 2235 5189">
     <span class='ocr_line' id='line_1_100' title="bbox 1544 5130 2235 5189; baseline -0.004 -1"><span class='ocrx_word' id='word_1_739' title='bbox 1544 5132 1773 5189; x_wconf 77' lang='lat' dir='ltr'><strong>VARUE</strong></span> <span class='ocrx_word' id='word_1_740' title='bbox 1824 5130 2235 5188; x_wconf 78' lang='lat' dir='ltr'><strong>LECTIONES.</strong></span> 
     </span>
    </p>
   </div>
   <div class='ocr_carea' id='block_1_101' title="bbox 356 5242 1199 5315">
    <p class='ocr_par' dir='ltr' id='par_1_101' title="bbox 356 5242 1199 5315">
     <span class='ocr_line' id='line_1_101' title="bbox 356 5242 1199 5315; baseline 0.004 -19"><span class='ocrx_word' id='word_1_741' title='bbox 356 5242 566 5315; x_wconf 36' lang='lat'><strong>“13016</strong></span> <span class='ocrx_word' id='word_1_742' title='bbox 601 5244 769 5315; x_wconf 65' lang='grc' dir='ltr'>μονάς</span> <span class='ocrx_word' id='word_1_743' title='bbox 800 5258 917 5315; x_wconf 85' lang='lat' dir='ltr'><strong>om.</strong></span> <span class='ocrx_word' id='word_1_744' title='bbox 951 5245 1012 5299; x_wconf 91' lang='lat' dir='ltr'><strong>B.</strong></span> <span class='ocrx_word' id='word_1_745' title='bbox 1059 5244 1134 5315; x_wconf 18' lang='lat'><strong>7&quot;</strong></span> <span class='ocrx_word' id='word_1_746' title='bbox 1163 5261 1199 5314; x_wconf 87' lang='grc' dir='ltr'><strong>φ</strong></span> 
     </span>
    </p>
   </div>
   <div class='ocr_carea' id='block_1_102' title="bbox 1202 5241 2825 5317">
    <p class='ocr_par' dir='ltr' id='par_1_102' title="bbox 1202 5241 2825 5317">
     <span class='ocr_line' id='line_1_102' title="bbox 1202 5241 2825 5317; baseline -0.001 -20"><span class='ocrx_word' id='word_1_747' title='bbox 1202 5260 1299 5317; x_wconf 76' lang='grc' dir='ltr'><strong>ησι</strong></span> <span class='ocrx_word' id='word_1_748' title='bbox 1329 5243 1396 5301; x_wconf 85' lang='grc' dir='ltr'><strong>Α.</strong></span> <span class='ocrx_word' id='word_1_749' title='bbox 1444 5246 1949 5317; x_wconf 15' lang='grc' dir='ltr'>μ’ίγπαραμενείδην</span> <span class='ocrx_word' id='word_1_750' title='bbox 1979 5246 2042 5301; x_wconf 86' lang='grc' dir='ltr'>Α.</span> <span class='ocrx_word' id='word_1_751' title='bbox 2122 5247 2167 5277; x_wconf 84' lang='grc'>⁷²</span> <span class='ocrx_word' id='word_1_752' title='bbox 2196 5243 2421 5317; x_wconf 82' lang='grc' dir='ltr'>ὀρφνίου</span> <span class='ocrx_word' id='word_1_753' title='bbox 2481 5241 2680 5317; x_wconf 64' lang='lat' dir='ltr'><strong>Suidas</strong></span> <span class='ocrx_word' id='word_1_754' title='bbox 2707 5257 2758 5317; x_wconf 62' lang='grc' dir='ltr'><strong>τ.</strong></span> <span class='ocrx_word' id='word_1_755' title='bbox 2804 5244 2825 5261; x_wconf 77' lang='grc'><strong><em>⁸</em></strong></span> 
     </span>
    </p>
   </div>
   <div class='ocr_carea' id='block_1_103' title="bbox 2828 5240 3565 5310">
    <p class='ocr_par' dir='ltr' id='par_1_103' title="bbox 2828 5240 3565 5310">
     <span class='ocr_line' id='line_1_103' title="bbox 2828 5240 3565 5310; baseline -0.001 -18"><span class='ocrx_word' id='word_1_756' title='bbox 2828 5241 2986 5310; x_wconf 80' lang='grc' dir='ltr'>Οψις.</span> <span class='ocrx_word' id='word_1_757' title='bbox 3090 5242 3138 5273; x_wconf 81' lang='grc'><strong>⁷³</strong></span> <span class='ocrx_word' id='word_1_758' title='bbox 3165 5241 3237 5310; x_wconf 69' lang='grc' dir='ltr'><strong>ἐκ</strong></span> <span class='ocrx_word' id='word_1_759' title='bbox 3264 5240 3380 5293; x_wconf 78' lang='lat' dir='ltr'><strong>Bel</strong></span> <span class='ocrx_word' id='word_1_760' title='bbox 3414 5252 3565 5294; x_wconf 71' lang='lat' dir='ltr'><strong>corr,</strong></span> 
     </span>
    </p>
   </div>
   <div class='ocr_carea' id='block_1_104' title="bbox 276 5308 3576 5384">
    <p class='ocr_par' dir='ltr' id='par_1_104' title="bbox 276 5308 3576 5384">
     <span class='ocr_line' id='line_1_104' title="bbox 276 5308 3576 5384; baseline -0.002 -14"><span class='ocrx_word' id='word_1_761' title='bbox 276 5316 366 5384; x_wconf 13' lang='lat' dir='ltr'><strong>Ar:</strong></span> <span class='ocrx_word' id='word_1_762' title='bbox 395 5311 454 5384; x_wconf 72' lang='grc' dir='ltr'><strong>ἒξ</strong></span> <span class='ocrx_word' id='word_1_763' title='bbox 478 5330 538 5377; x_wconf 82' lang='grc' dir='ltr'><strong>ς.</strong></span> <span class='ocrx_word' id='word_1_764' title='bbox 571 5308 682 5367; x_wconf 76' lang='grc' dir='ltr'>θἰη.</span> <span class='ocrx_word' id='word_1_765' title='bbox 716 5313 933 5384; x_wconf 79' lang='lat' dir='ltr'><strong>Suidas.</strong></span> <span class='ocrx_word' id='word_1_766' title='bbox 978 5316 1025 5347; x_wconf 65' lang='grc'><strong>⁷⁸</strong></span> <span class='ocrx_word' id='word_1_767' title='bbox 1051 5308 1413 5384; x_wconf 70' lang='grc' dir='ltr'>θυμιωμένων</span> <span class='ocrx_word' id='word_1_768' title='bbox 1438 5308 1661 5371; x_wconf 69' lang='lat' dir='ltr'><strong>Suitlas.</strong></span> <span class='ocrx_word' id='word_1_769' title='bbox 1701 5308 1713 5317; x_wconf 77' lang='grc'><em>’</em></span> <span class='ocrx_word' id='word_1_770' title='bbox 1742 5317 1784 5347; x_wconf 81' lang='grc'><strong>⁷⁵</strong></span> <span class='ocrx_word' id='word_1_771' title='bbox 1804 5308 1921 5369; x_wconf 82' lang='grc' dir='ltr'><strong>ἐστὶ</strong></span> <span class='ocrx_word' id='word_1_772' title='bbox 1953 5325 2007 5369; x_wconf 85' lang='lat' dir='ltr'><strong>et</strong></span> <span class='ocrx_word' id='word_1_773' title='bbox 2036 5317 2086 5369; x_wconf 91' lang='grc' dir='ltr'>οἱ</span> <span class='ocrx_word' id='word_1_774' title='bbox 2119 5326 2181 5384; x_wconf 62' lang='lat' dir='ltr'><strong>et</strong></span> <span class='ocrx_word' id='word_1_775' title='bbox 2205 5308 2407 5375; x_wconf 78' lang='grc' dir='ltr'>πάντες</span> <span class='ocrx_word' id='word_1_776' title='bbox 2440 5327 2552 5384; x_wconf 66' lang='lat' dir='ltr'><strong>om.</strong></span> <span class='ocrx_word' id='word_1_777' title='bbox 2588 5310 2803 5384; x_wconf 76' lang='lat' dir='ltr'><strong>Suiilas.</strong></span> <span class='ocrx_word' id='word_1_778' title='bbox 2841 5380 2851 5384; x_wconf 89' lang='lat'><em>_</em></span> <span class='ocrx_word' id='word_1_779' title='bbox 2882 5308 2928 5341; x_wconf 70' lang='grc' dir='ltr'><strong><em>ἠ</em></strong></span> <span class='ocrx_word' id='word_1_780' title='bbox 2953 5308 3183 5384; x_wconf 76' lang='grc' dir='ltr'>σομφὸς]</span> <span class='ocrx_word' id='word_1_781' title='bbox 3211 5310 3419 5384; x_wconf 72' lang='grc' dir='ltr'>στυφὺς</span> <span class='ocrx_word' id='word_1_782' title='bbox 3442 5326 3576 5384; x_wconf 73' lang='grc' dir='ltr'>σομ-</span> 
     </span>
    </p>
   </div>
   <div class='ocr_carea' id='block_1_105' title="bbox 281 5379 3571 5454">
    <p class='ocr_par' dir='ltr' id='par_1_105' title="bbox 281 5379 3571 5454">
     <span class='ocr_line' id='line_1_105' title="bbox 281 5379 3571 5454; baseline -0.002 -18"><span class='ocrx_word' id='word_1_783' title='bbox 281 5383 386 5452; x_wconf 75' lang='grc' dir='ltr'>φὸς</span> <span class='ocrx_word' id='word_1_784' title='bbox 413 5383 627 5454; x_wconf 81' lang='lat' dir='ltr'><strong>Suidas.</strong></span> <span class='ocrx_word' id='word_1_785' title='bbox 704 5383 873 5454; x_wconf 31' lang='lat' dir='ltr'><strong>fatal.</strong></span> <span class='ocrx_word' id='word_1_786' title='bbox 902 5395 1026 5439; x_wconf 87' lang='lat' dir='ltr'><strong>ante</strong></span> <span class='ocrx_word' id='word_1_787' title='bbox 1055 5379 1273 5453; x_wconf 81' lang='grc' dir='ltr'>κούφων</span> <span class='ocrx_word' id='word_1_788' title='bbox 1315 5386 1517 5454; x_wconf 89' lang='lat' dir='ltr'><strong>sumpsi</strong></span> <span class='ocrx_word' id='word_1_789' title='bbox 1556 5400 1585 5439; x_wconf 87' lang='lat' dir='ltr'><strong>a</strong></span> <span class='ocrx_word' id='word_1_790' title='bbox 1627 5386 1840 5449; x_wconf 87' lang='lat' dir='ltr'><strong>Suida.,</strong></span> <span class='ocrx_word' id='word_1_791' title='bbox 1866 5387 1955 5453; x_wconf 88' lang='lat' dir='ltr'><strong>qui</strong></span> <span class='ocrx_word' id='word_1_792' title='bbox 1987 5401 2096 5440; x_wconf 89' lang='lat' dir='ltr'><strong>om.</strong></span> <span class='ocrx_word' id='word_1_793' title='bbox 2124 5379 2236 5438; x_wconf 72' lang='grc' dir='ltr'>οἷον</span> <span class='ocrx_word' id='word_1_794' title='bbox 2271 5392 2328 5437; x_wconf 89' lang='lat' dir='ltr'><strong>et</strong></span> <span class='ocrx_word' id='word_1_795' title='bbox 2359 5382 2579 5454; x_wconf 85' lang='grc' dir='ltr'>θερμῶν</span> <span class='ocrx_word' id='word_1_796' title='bbox 2612 5399 2670 5434; x_wconf 87' lang='grc' dir='ltr'><strong>τε</strong></span> <span class='ocrx_word' id='word_1_797' title='bbox 2697 5379 3049 5454; x_wconf 42' lang='grc' dir='ltr'>καὶ-ψυχρῶν</span> <span class='ocrx_word' id='word_1_798' title='bbox 3072 5379 3180 5454; x_wconf 61' lang='grc' dir='ltr'>καῖ</span> <span class='ocrx_word' id='word_1_799' title='bbox 3202 5380 3311 5433; x_wconf 88' lang='grc' dir='ltr'><strong>τῶν</strong></span> <span class='ocrx_word' id='word_1_800' title='bbox 3331 5379 3571 5454; x_wconf 56' lang='grc' dir='ltr'><strong>μεταξύΓ</strong></span> 
     </span>
    </p>
   </div>
   <div class='ocr_carea' id='block_1_106' title="bbox 280 5448 3575 5525">
    <p class='ocr_par' dir='ltr' id='par_1_106' title="bbox 280 5448 3575 5525">
     <span class='ocr_line' id='line_1_106' title="bbox 280 5448 3575 5525; baseline -0.001 -21"><span class='ocrx_word' id='word_1_801' title='bbox 280 5448 330 5486; x_wconf 61' lang='grc' dir='ltr'>ίδ</span> <span class='ocrx_word' id='word_1_802' title='bbox 350 5452 603 5525; x_wconf 69' lang='grc' dir='ltr'>τραχέων</span> <span class='ocrx_word' id='word_1_803' title='bbox 631 5452 727 5525; x_wconf 75' lang='grc' dir='ltr'>καὶ</span> <span class='ocrx_word' id='word_1_804' title='bbox 753 5452 803 5506; x_wconf 93' lang='grc' dir='ltr'><strong>λ.</strong></span> <span class='ocrx_word' id='word_1_805' title='bbox 828 5454 924 5525; x_wconf 73' lang='grc' dir='ltr'>καὶ</span> <span class='ocrx_word' id='word_1_806' title='bbox 953 5454 1060 5506; x_wconf 88' lang='grc' dir='ltr'><strong>τῶν</strong></span> <span class='ocrx_word' id='word_1_807' title='bbox 1089 5472 1148 5525; x_wconf 93' lang='grc' dir='ltr'><strong>μ.</strong></span> <span class='ocrx_word' id='word_1_808' title='bbox 1170 5448 1292 5509; x_wconf 73' lang='grc' dir='ltr'><strong>οω.</strong></span> <span class='ocrx_word' id='word_1_809' title='bbox 1321 5454 1384 5509; x_wconf 90' lang='lat' dir='ltr'><strong>A.</strong></span> <span class='ocrx_word' id='word_1_810' title='bbox 1439 5448 1506 5487; x_wconf 71' lang='grc'><strong>’⁷⁸</strong></span> <span class='ocrx_word' id='word_1_811' title='bbox 1533 5456 1630 5509; x_wconf 77' lang='grc' dir='ltr'><strong>καὶ</strong></span> <span class='ocrx_word' id='word_1_812' title='bbox 1662 5456 1771 5508; x_wconf 88' lang='grc' dir='ltr'><strong>τῶν</strong></span> <span class='ocrx_word' id='word_1_813' title='bbox 1798 5448 2001 5525; x_wconf 73' lang='grc' dir='ltr'>μεταξὺ</span> <span class='ocrx_word' id='word_1_814' title='bbox 2024 5471 2132 5510; x_wconf 92' lang='lat' dir='ltr'><strong>om.</strong></span> <span class='ocrx_word' id='word_1_815' title='bbox 2168 5454 2390 5525; x_wconf 80' lang='lat' dir='ltr'><strong>Suidas.</strong></span> <span class='ocrx_word' id='word_1_816' title='bbox 2424 5448 2435 5454; x_wconf 68' lang='grc'>⁷</span> <span class='ocrx_word' id='word_1_817' title='bbox 2464 5448 2513 5485; x_wconf 58' lang='grc' dir='ltr'><strong>δθ</strong></span> <span class='ocrx_word' id='word_1_818' title='bbox 2545 5468 2604 5504; x_wconf 88' lang='grc' dir='ltr'><strong>τε</strong></span> <span class='ocrx_word' id='word_1_819' title='bbox 2628 5466 2743 5525; x_wconf 59' lang='lat' dir='ltr'><strong>om.</strong></span> <span class='ocrx_word' id='word_1_820' title='bbox 2789 5448 3007 5525; x_wconf 47' lang='lat' dir='ltr'><strong>Sttid&#39;as.</strong></span> <span class='ocrx_word' id='word_1_821' title='bbox 3089 5448 3415 5525; x_wconf 57' lang='grc' dir='ltr'>⁸[περικλ.]</span> <span class='ocrx_word' id='word_1_822' title='bbox 3460 5450 3575 5525; x_wconf 67' lang='grc' dir='ltr'><strong>⁵καὶ</strong></span> 
     </span>
    </p>
   </div>
   <div class='ocr_carea' id='block_1_107' title="bbox 280 5520 2568 5596">
    <p class='ocr_par' dir='ltr' id='par_1_107' title="bbox 280 5520 2568 5596">
     <span class='ocr_line' id='line_1_107' title="bbox 280 5520 2568 5596; baseline 0 -21"><span class='ocrx_word' id='word_1_823' title='bbox 280 5520 508 5596; x_wconf 80' lang='grc' dir='ltr'>περικλ.</span> <span class='ocrx_word' id='word_1_824' title='bbox 536 5591 549 5596; x_wconf 92' lang='lat'>_</span> <span class='ocrx_word' id='word_1_825' title='bbox 571 5520 789 5578; x_wconf 80' lang='lat' dir='ltr'><strong>Suidas.</strong></span> <span class='ocrx_word' id='word_1_826' title='bbox 830 5523 921 5596; x_wconf 8' lang='lat'><strong>“8’7</strong></span> <span class='ocrx_word' id='word_1_827' title='bbox 945 5520 1225 5596; x_wconf 15' lang='grc' dir='ltr'>δλουᾏόιιι.</span> <span class='ocrx_word' id='word_1_828' title='bbox 1280 5525 1497 5581; x_wconf 87' lang='lat' dir='ltr'><strong>Suidas.</strong></span> <span class='ocrx_word' id='word_1_829' title='bbox 1575 5526 1620 5557; x_wconf 84' lang='grc'>⁸³</span> <span class='ocrx_word' id='word_1_830' title='bbox 1653 5520 1949 5596; x_wconf 77' lang='grc' dir='ltr'>δηλοτέραν</span> <span class='ocrx_word' id='word_1_831' title='bbox 1979 5528 2022 5580; x_wconf 82' lang='grc' dir='ltr'><strong>Α</strong></span> <span class='ocrx_word' id='word_1_832' title='bbox 2050 5545 2062 5579; x_wconf 91' lang='lat'><strong>:</strong></span> <span class='ocrx_word' id='word_1_833' title='bbox 2089 5524 2481 5593; x_wconf 84' lang='grc' dir='ltr'>ἐπιδηλοτέραν</span> <span class='ocrx_word' id='word_1_834' title='bbox 2510 5540 2568 5587; x_wconf 84' lang='grc' dir='ltr'><strong>ς.</strong></span> 
     </span>
    </p>
   </div>
   <div class='ocr_carea' id='block_1_108' title="bbox 288 5591 1279 5665">
    <p class='ocr_par' dir='ltr' id='par_1_108' title="bbox 288 5591 1279 5665">
     <span class='ocr_line' id='line_1_108' title="bbox 288 5591 1279 5665; baseline 0 -16"><span class='ocrx_word' id='word_1_835' title='bbox 288 5591 390 5648; x_wconf 77' lang='grc' dir='ltr'><strong>καὶ</strong></span> <span class='ocrx_word' id='word_1_836' title='bbox 438 5591 666 5665; x_wconf 81' lang='grc' dir='ltr'>πρώτην</span> <span class='ocrx_word' id='word_1_837' title='bbox 696 5610 756 5656; x_wconf 80' lang='grc' dir='ltr'><strong>ς.</strong></span> <span class='ocrx_word' id='word_1_838' title='bbox 828 5592 873 5625; x_wconf 78' lang='grc'><strong>⁸⁸</strong></span> <span class='ocrx_word' id='word_1_839' title='bbox 910 5593 1189 5665; x_wconf 79' lang='grc' dir='ltr'>ἐξωτάτην</span> <span class='ocrx_word' id='word_1_840' title='bbox 1212 5613 1279 5659; x_wconf 81' lang='grc' dir='ltr'><strong>ς.</strong></span> 
     </span>
    </p>
   </div>
   <div class='ocr_carea' id='block_1_109' title="bbox 2646 5514 3575 5591">
    <p class='ocr_par' dir='ltr' id='par_1_109' title="bbox 2646 5514 3575 5591">
     <span class='ocr_line' id='line_1_109' title="bbox 2646 5514 3575 5591; baseline -0.001 -19"><span class='ocrx_word' id='word_1_841' title='bbox 2646 5521 2690 5551; x_wconf 75' lang='grc'><strong>⁸⁵</strong></span> <span class='ocrx_word' id='word_1_842' title='bbox 2728 5522 2787 5572; x_wconf 84' lang='grc' dir='ltr'><strong>ἐν</strong></span> <span class='ocrx_word' id='word_1_843' title='bbox 2821 5519 2899 5591; x_wconf 83' lang='grc' dir='ltr'>τῷ</span> <span class='ocrx_word' id='word_1_844' title='bbox 2947 5519 3162 5591; x_wconf 81' lang='grc' dir='ltr'>οὐρανῷ</span> <span class='ocrx_word' id='word_1_845' title='bbox 3222 5514 3575 5589; x_wconf 77' lang='grc' dir='ltr'>ᾠησινέἴναο.</span> 
     </span>
    </p>
   </div>
   <div class='ocr_carea' id='block_1_110' title="bbox 1813 5689 2042 5746">
    <p class='ocr_par' dir='ltr' id='par_1_110' title="bbox 1813 5689 2042 5746">
     <span class='ocr_line' id='line_1_110' title="bbox 1813 5689 2042 5746; baseline 0 -2"><span class='ocrx_word' id='word_1_846' title='bbox 1813 5689 2042 5746; x_wconf 70' lang='lat' dir='ltr'><strong>NOTAE.</strong></span> 
     </span>
    </p>
   </div>
   <div class='ocr_carea' id='block_1_111' title="bbox 363 5800 3009 5879">
    <p class='ocr_par' dir='ltr' id='par_1_111' title="bbox 363 5800 3009 5879">
     <span class='ocr_line' id='line_1_111' title="bbox 363 5800 3009 5879; baseline -0.003 -19"><span class='ocrx_word' id='word_1_847' title='bbox 363 5806 476 5879; x_wconf 77' lang='lat'><strong>(10)</strong></span> <span class='ocrx_word' id='word_1_848' title='bbox 501 5807 585 5865; x_wconf 81' lang='lat' dir='ltr'><strong>Ab</strong></span> <span class='ocrx_word' id='word_1_849' title='bbox 608 5808 867 5866; x_wconf 88' lang='lat' dir='ltr'><strong>animatis</strong></span> <span class='ocrx_word' id='word_1_850' title='bbox 890 5819 945 5867; x_wconf 87' lang='lat' dir='ltr'><strong>et</strong></span> <span class='ocrx_word' id='word_1_851' title='bbox 977 5808 1112 5866; x_wconf 79' lang='lat' dir='ltr'><strong>fabis</strong></span> <span class='ocrx_word' id='word_1_852' title='bbox 1135 5823 1231 5866; x_wconf 87' lang='lat' dir='ltr'><strong>cur</strong></span> <span class='ocrx_word' id='word_1_853' title='bbox 1252 5808 1580 5877; x_wconf 83' lang='lat' dir='ltr'><strong>abstineant,</strong></span> <span class='ocrx_word' id='word_1_854' title='bbox 1614 5809 1739 5866; x_wconf 80' lang='lat' dir='ltr'><strong>vide</strong></span> <span class='ocrx_word' id='word_1_855' title='bbox 1765 5808 2121 5877; x_wconf 85' lang='lat' dir='ltr'><strong>Porphyrium</strong></span> <span class='ocrx_word' id='word_1_856' title='bbox 2164 5816 2217 5865; x_wconf 86' lang='lat' dir='ltr'><strong>et</strong></span> <span class='ocrx_word' id='word_1_857' title='bbox 2246 5805 2512 5877; x_wconf 79' lang='lat' dir='ltr'><strong>Agellium</strong></span> <span class='ocrx_word' id='word_1_858' title='bbox 2542 5802 2637 5859; x_wconf 91' lang='lat' dir='ltr'><strong>lib.</strong></span> <span class='ocrx_word' id='word_1_859' title='bbox 2672 5818 2745 5868; x_wconf 84' lang='grc' dir='ltr'><strong>ιν,</strong></span> <span class='ocrx_word' id='word_1_860' title='bbox 2778 5816 2895 5872; x_wconf 81' lang='lat' dir='ltr'><strong>cap.</strong></span> <span class='ocrx_word' id='word_1_861' title='bbox 2927 5800 3009 5855; x_wconf 81' lang='grc' dir='ltr'>Η.</span> 
     </span>
    </p>
   </div>
  </div>
