3960 6412
452 360 590 426 1583

1602 360 1865 421 PHOTII
1906 361 2411 426 PATRIARCILE
2449 368 2559 429 CP.

3574 366 3709 435 1584

449 493 601 539 nem,
654 475 808 530 ideae.
862 472 1067 528 Deinde
1130 481 1341 542 septem
1408 474 1639 544 planetas
1696 488 2022 545 sequuntur,

2133 476 2225 549 τὴν
2270 480 2483 551 ἀπλανῆ
2533 482 2563 534 6
2606 482 2699 534 τοῦ
2734 481 2948 551 Κρόνου
2993 480 3253 535 τέτακται
3299 478 3475 553 ἀστὴρ
3508 483 3606 537 καὶ
3655 483 3705 536 οἰ

454 570 697 635 Saturni,
751 566 926 629 Jovis,
964 564 1148 621 Martis
1194 563 1447 621 Veneris.
1492 566 1768 635 Mercurii,
1815 570 1948 626 solis
1974 580 2031 627 et

451 664 624 726 lunae;
659 669 779 730 post
810 660 1052 727 planetas
1080 659 1239 727 ignis,
1270 673 1393 712 mox
1435 673 1551 724 aer,
1588 675 1750 729 quem
1780 664 2029 731 sequitur

452 769 617 823 aqua,
652 752 905 807 onmibus
939 749 1127 804 ultima
1172 750 1360 806 subest
1391 750 1569 805 tellus.
1607 753 1900 809 Duodecim
1935 769 2027 809 or-

450 845 598 900 bium
651 845 1051 898 firmamentum
1096 856 1260 896 causa
1305 850 1390 896 est
1428 843 1599 911 prima
1640 861 1653 898 :
1715 853 1768 899 et
1822 854 2032 914 quanto

451 936 704 1006 quodque
768 933 844 988 illi
910 933 1162 997 vicinius,
1240 943 1389 986 tanto
1447 933 1615 987 etiam
1667 933 1882 993 firmius
1976 944 2035 992 et

452 1027 649 1081 melius
688 1039 809 1080 esse
859 1025 1120 1079 aiunt~et
1178 1038 1299 1092 quae
1357 1024 1565 1094 longius
1628 1024 1859 1091 absunt,
1921 1041 2030 1082 non

454 1120 527 1171 ita
562 1116 714 1172 firma
755 1125 919 1183 sunt;
973 1124 1029 1170 et
1076 1130 1247 1184 usque
1304 1115 1370 1170 ad
1401 1114 1581 1169 lunam
1615 1116 1704 1171 hic
1754 1117 1888 1172 ordo
1918 1133 2035 1172 ser-

451 1219 645 1274 vatur,
704 1208 850 1263 infra
916 1207 1100 1262 lunam
1186 1207 1431 1264 minime.
1503 1205 1819 1262 Necessaria
1903 1224 2034 1264 vero

451 1301 633 1356 omnia
666 1299 805 1353 mala
846 1310 989 1354 terra
1036 1298 1297 1363 sustinet,
1353 1299 1794 1367 quandoquidem
1855 1300 2033 1355 instar

451 1389 600 1444 fundi
654 1399 825 1443 totum
872 1388 1131 1442 mundum
1154 1386 1393 1443 suStinet
1425 1398 1480 1442 et
1511 1388 1912 1456 receptaculum
1937 1404 2034 1444 ne-

450 1479 748 1535 cessarium
773 1487 859 1534 est
885 1492 1073 1532 eorum
1098 1492 1219 1547 quae
1245 1479 1297 1531 in
1335 1478 1443 1531 imo
1468 1477 1796 1534 subsistunt.
1838 1479 1904 1534 Et
1934 1481 2033 1535 has

460 1586 651 1627 omnes
694 1579 879 1639 partes
926 1569 1300 1639 providentia,
1354 1570 1623 1639 firmaque
1668 1570 2032 1638 ordinatione,

2131 568 2330 639 ἐφεξῆς
2349 569 2622 640 πλάνητες
2636 570 2681 605 ⁸⁸
2697 570 2778 638 ἒξ,
2798 573 2827 625 6
2852 571 2948 625 τοῦ
2973 570 3096 635 Διός
3115 589 3279 643 φημι,
3308 573 3338 626 6
3364 572 3460 626 τοῦ
3489 574 3706 644 Ἄρεος,

2130 662 2160 714 6
2184 660 2285 729 τῆς
2322 662 2662 733 Ἀφροδίτης,
2694 664 2724 715 6
2756 660 2854 715 τοῦ
2893 662 3119 733 Ἑρμοῦ,
3152 664 3182 716 6
3214 660 3310 716 τοῦ
3343 661 3525 735 ήλίσυ,
3555 664 3583 716 6
3612 665 3710 733 τῆς

2135 750 2387 823 σελήνης,
2436 746 2556 807 εἶτα
2598 755 2633 823 ἡ
2658 751 2755 807 τοῦ
2787 752 2959 823 πυρὸς
2987 755 3192 824 σφαῖρα
3214 794 3232 821 ,
3267 753 3396 825 ἑξῆς
3420 755 3455 824 ή
3484 754 3581 807 τοῦ
3611 756 3708 809 tu-

2136 859 2250 912 ρος,
2279 845 2399 913 μετ’
2425 844 2589 899 αύτδν
2612 846 2644 915 ἡ
2670 843 2765 898 τοῦ
2800 844 3013 907 ὕδατος.
3045 845 3223 915 Λοιπή
3244 847 3340 900 καὶ
3364 846 3458 899 ἐπὶ
3484 847 3653 899 πᾶσιν
3671 848 3705 917 ή

2132 935 2227 1002 γῆ.
2276 932 2500 988 Δώδεκα
2549 932 2606 987 δὲ
2652 933 2860 999 τάξεων
2907 934 3085 988 οὐσῶν
3136 936 3195 989 ὲν
3249 938 3317 1007 τῇ
3374 937 3607 989 άπλανεῖ
3648 935 3709 990 τὸ

2134 1026 2353 1094 πρῶτον
2386 1026 2560 1078 αίτιόν
2608 1026 2760 1078 ἔστι·
2806 1024 2933 1096 [714
2960 1024 3057 1097 Η.]
3103 1025 3196 1078 καὶ
3224 1026 3253 1080 ὅ
3278 1041 3333 1079 τι
3366 1025 3432 1080 ἂν
3542 1026 3709 1094 ἐγγὺς

2134 1115 2299 1169 αὐτοῦ
2324 1155 2340 1181 ,
2369 1115 2526 1169 τοῦτό
2542 1117 2587 1148 ⁸⁷
2621 1133 2754 1185 φασι
2783 1115 3039 1187 τετάχθαι
3071 1115 3304 1186 βεϐαίως
3331 1116 3424 1170 καὶ
3446 1114 3705 1186 ἀρίστως,

2133 1214 2204 1268 τὰ
2232 1213 2289 1267 δὲ
2322 1210 2610 1284 πόρρωθεν
2637 1205 2836 1280 ἦττον·
2882 1208 2981 1278 τὴν
3012 1206 3070 1260 δὲ
3100 1205 3254 1271 τάξιν
3287 1205 3446 1277 μέχρι
3477 1205 3710 1275 σελήνης

2136 1302 2431 1367 σώζεσθαι,
2484 1300 2557 1354 τὰ
2600 1299 2659 1353 δὲ
2707 1300 2813 1353 ὑπὸ
2860 1297 3092 1369 σελήνην
3132 1296 3317 1351 οὐκέτι
3360 1297 3580 1367 ὁμοίως.
3619 1294 3708 1361 Ἐξ

2135 1394 2382 1463 ἀνάγκης
2409 1392 2467 1445 δέ
2503 1392 2621 1445 ἐστι
2650 1391 2743 1445 καὶ
2771 1391 2804 1461 ἡ
2839 1389 3005 1444 κακία
3033 1391 3114 1453 εἰς
3131 1387 3226 1443 τὸν
3255 1388 3387 1459 περὶ
3412 1388 3518 1456 γῆν
3543 1388 3710 1441 τόπον

2137 1486 2233 1541 άτε
2279 1485 2345 1557 δὴ
2398 1482 2670 1553 πυθμένος
2713 1481 2873 1549 λόγον
2919 1480 3226 1551 ἐπεχούσης
3284 1483 3384 1550 τῆς
3427 1478 3530 1549 γῆς
3573 1476 3709 1547 πρὸς

2137 1574 2315 1629 πάντα
2341 1574 2433 1626 τὸν
2460 1571 2687 1641 κόσμον,
2730 1570 2827 1623 καὶ
2864 1570 3003 1639 πρὸς
3045 1568 3314 1640 ὑποδοχὴν
3358 1567 3708 1637 ύποστάθμης

455 1676 512 1720 ει
550 1664 729 1717 divina
763 1661 995 1732 quadam
1048 1661 1375 1716 necessitate
1430 1663 1540 1716 Deo
1597 1663 1835 1732 propria,
1884 1664 2031 1719 aiunt

2136 1663 2304 1734 οῦσης
2354 1663 2687 1734 ἐπιτηδείας.
2735 1661 2845 1715 Καὶ
2893 1661 3072 1715 πάντα
3133 1660 3233 1731 μὲν
3273 1659 3343 1714 τὰ
3379 1660 3513 1715 άλλα
3566 1659 3707 1730 μέρη

447 1756 762 1827 gubernari.
800 1753 904 1809 Sed
935 1769 1056 1823 qua;
1102 1752 1240 1806 infra
1296 1752 1475 1806 lunam
1521 1761 1755 1822 quatuor
1801 1758 2031 1813 causis:

2137 1756 2279 1809 κατὰ
2304 1754 2403 1825 τὴν
2432 1754 2711 1825 πρόνοιαν,
2739 1755 2833 1808 καὶ
2860 1754 2959 1824 τὴν
2990 1751 3215 1823 βεϐαίαν
3239 1752 3413 1819 τάξιν,
3435 1750 3595 1823 [151⁸1
3612 1749 3707 1821 R.)

446 1849 577 1912 Deo,
616 1846 746 1910 fato,
771 1854 959 1901 nostro
989 1844 1237 1911 consilio,
1278 1854 1330 1899 et
1377 1846 1609 1900 fortuna.
1640 1844 1802 1900 Verbi
1833 1849 2027 1917 gratia,

2136 1850 2231 1903 καὶ
2268 1848 2368 1917 τὴν
2412 1846 2753 1918 εἱμαρμένην
2782 1845 2877 1898 τοῦ
2910 1844 3049 1899 Θεοῦ
3084 1844 3360 1915 ἑπομένην
3397 1843 3547 1912 αὐτῷ
3576 1858 3710 1910 φασι

443 1955 637 1996 navem
695 1940 865 2009 ipsam
909 1938 1297 2003 conscendere,
1332 1946 1389 1993 et
1440 1952 1567 2001 non,
1603 1938 1657 1992 in
1719 1949 1900 1992 nostra
1947 1950 2031 1995 est

2133 1940 2473 2003 διοικεῖσθαι,
2521 1939 2589 1993 τά
2633 1937 2691 1992 δὲ
2726 1938 2865 2008 μετὰ
2909 1938 3007 2007 τὴν
3040 1937 3330 2008 σελήνην⁸⁸
3358 1934 3707 2007 τέσσαρσινυ

446 2038 745 2102 potestate;
784 2038 1024 2099 tempore
1050 2042 1243 2084 sereno
1280 2029 1543 2098 procellas
1568 2038 1623 2083 et
1645 2028 1845 2101 mc:
1896 2039 2031 2086 tem-

2133 2032 2361 2097 αἰτίαις,
2388 2030 2533 2085 κατά
2554 2030 2711 2094 Θεὸν,
2735 2030 2859 2084 καθ’
2889 2029 3251 2102 εἱμαρμένην,
3276 2028 3418 2083 κατὰ
3446 2025 3709 2098 προαίρε-

446 2133 712 2193 pestatem
752 2122 933 2178 subito
961 2119 1115 2187 oriri,
1162 2118 1394 2175 fortuna;
1418 2129 1533 2187 est;
1566 2137 1755 2175 navem
1795 2136 2030 2179 ntersam

2134 2143 2221 2182 σιν
2279 2124 2579 2198 ἡμετέραν,
2638 2123 2783 2176 κατὰ
2826 2120 3033 2193 τύχην·
3069 2117 3180 2175 οἷον
3224 2120 3287 2173 τὸ
3318 2119 3417 2189 μὲν
3445 2117 3709 2172 εἰσελθεῖν

445 2223 645 2287 praeter
703 2228 854 2285 spem
908 2212 1253 2277 conservari,
1307 2213 1490 2267 divina
1548 2212 1608 2266 fit
1660 2212 2027 2270 Providentia.

2133 2220 2212 2283 είς
2255 2216 2418 2288 silv”
2464 2213 2598 2270 ναῦν
2650 2214 2684 2285 ἢ
2736 2212 2813 2284 μή
2860 2211 3123 2265 εἰσελθεῖν
3169 2211 3410 2281 ἐφ’ήμῖν
3454 2211 3593 2273 ἐστι,
3644 2206 3709 2260 τὺ

446 2307 629 2363 multis
652 2316 834 2361 autem
882 2313 937 2361 et
966 2306 1198 2361 diversis
1220 2306 1393 2360 modis
1420 2303 1621 2360 accidit
1651 2304 1846 2372 fatum,
1874 2315 1930 2359 et
1951 2305 2030 2360 sic

2133 2311 2317 2382 μέντοι
2357 2309 2416 2362 ὲν
2459 2306 2614 2378 εὐδίᾳ
2657 2304 2907 2377 χειμῶνα
2942 2303 3038 2358 καὶ
3070 2304 3259 2373 ζάλην,
3289 2302 3545 2372 ἐξαίφνης
3585 2301 3708 2354 ἑπισ-

443 2396 625 2453 difl‘ert
656 2411 686 2450 a
722 2396 938 2450 fortuna
969 2412 983 2450 :
1016 2395 1274 2464 quoniam
1306 2395 1449 2451 serie
1486 2394 1720 2467 quadam
1754 2398 2026 2463 ordinate,

2133 2401 2442 2472 γενιίσθαι⁸ι
2476 2399 2543 2453 ὲκ
2586 2397 2780 2468 τύχης,
2826 2395 2889 2450 τὸ
2922 2395 3109 2467 μέντοι
3162 2393 3568 2466 βαπτιζομένην
3608 2392 3709 2461 τήν

442 2501 499 2541 ει
551 2495 949 2555 consequenter
1005 2484 1084 2553 fit,
1129 2501 1252 2541 cum
1307 2485 1522 2543 fortuna
1578 2496 1769 2558 suapte
1822 2487 1932 2555 fiat,
1973 2498 2031 2545 et

2133 2491 2264 2547 ναῦν
2286 2490 2419 2564 παρ’
2444 2487 2636 2544 ἐλπίδα
2666 2486 2911 2558 σωθῆναι
2947 2487 3205 2556 προνοίας
3236 2484 3393 2539 Θεοῦ.
3425 2483 3537 2554 Τῆς
3561 2482 3608 2536 δ’
3631 2483 3710 2535 εί-

441 2579 921 2651 proutcontingat.
956 2574 1027 2632 Ut
1062 2592 1093 2633 e
1121 2590 1288 2647 puero
1321 2576 1695 2646 iuvenescere,
1729 2586 1785 2632 et
1806 2578 1873 2632 ad
1904 2579 2029 2633 reli-

2134 2582 2423 2655 μαρμένης
2453 2578 2639 2634 πολλοί
2670 2580 2778 2633 εἰσι
2806 2578 3002 2649 τρόποι
3028 2574 3123 2631 καὶ
3153 2574 3433 2646 διαφοραὶ,
3459 2573 3707 2643 διαφέρει

443 2687 575 2739 quas
630 2684 802 2739 usque
850 2678 1037 2723 aetates
1087 2668 1370 2723 commode
1414 2669 1730 2734 ascendere,
1776 2685 1883 2723 uno
1931 2668 2027 2727 fati

2133 2674 2188 2728 δὲ
2231 2674 2334 2744 τῆς
2371 2671 2567 2744 τύχης,
2596 2671 2679 2725 ὅτι
2713 2672 2748 2741 ή
2779 2668 2880 2739 μὲν
2925 2667 3117 2739 εἱρμὸν
3156 2667 3270 2738 ἔχει
3300 2667 3396 2721 καὶ
3428 2665 3584 2732 τάξιν
3614 2664 3710 2719 καὶ

443 2767 603 2821 modo
624 2763 843 2818 accidit.
874 2760 1166 2825 Zodiacus,
1196 2770 1254 2814 ut
1273 2760 1472 2829 placuit
1494 2760 1771 2816 Aristoteli
1798 2762 2028 2831 diligen-

2133 2763 2497 2830 ἀκολουθίαν,
2552 2764 2588 2834 ή
2630 2761 2687 2815 δὲ
2734 2760 2873 2831 τύχη
2925 2759 2986 2813 τὸ
3030 2759 3337 2828 αὐτόματον
3385 2759 3481 2811 καὶ
3522 2756 3587 2810 τὸ
3632 2754 3710 2818 ὡς

447 2869 528 2913 ιει·
565 2853 933 2924 investiganti,
979 2862 1199 2921 Propter
1241 2852 1641 2921 generationem
1677 2867 1863 2907 eorum
1905 2869 2026 2923 qua:

2133 2860 2325 2930 ἔτυχεν
2346 2875 2361 2891 ·
2385 2853 2499 2911 οἷον
2521 2855 2583 2910 τδ
2606 2855 2671 2909 ἐκ
2700 2853 2892 2913 παιδὸς
2910 2853 2957 2885 ⁹⁹
2981 2852 3060 2914 εἰς
3095 2851 3383 2921 μειράκιον
3406 2848 3582 2902 ἐλθεῖν
3614 2846 3711 2903 καὶ

444 2950 497 3002 iu
562 2959 704 3001 terra
764 2946 832 3001 ad
893 2944 1132 2999 universi
1185 2943 1638 3013 complementum
1705 2946 2025 3015 gignuntur,

2133 2952 2229 3016 τὰς
2257 2950 2380 3004 καθ’
2408 2946 2536 3018 ἑξῆς
2566 2946 2785 3017 ἡλικίας
2811 2943 3027 3007 οἰκείως
3040 2944 3088 2977 ⁸³
3117 2942 3370 3006 διελθεῖν,
3399 2939 3559 2993 τοῦτο
3590 2939 3711 3001 ἑνὸς

441 3038 661 3107 oblique
687 3045 954 3091 movetur.
976 3032 1111 3089 Nam
1139 3036 1332 3105 aequali
1357 3036 1399 3090 si
1423 3035 1675 3091 distantia
1701 3046 2025 3106 verteretur,

2129 3036 2337 3117 τρόπον
2385 3042 2487 3111 τῆς
2524 3039 2892 3111 εἱμαρμένης.
2925 3036 3050 3091 Ὅτι
3081 3035 3111 3088 6
3139 3031 3405 3100 ζωδιακὸς
3429 3031 3600 3100 λοξῶς
3621 3048 3713 3085 κι-

442 3145 610 3185 unum
645 3143 863 3198 semper
890 3129 1018 3183 anni
1050 3125 1303 3198 idemque
1327 3136 1536 3197 tempus
1555 3139 1720 3194 esset,
1754 3130 1836 3186 vel
1864 3140 2027 3186 aesta-

2133 3142 2304 3194 νεϊται
2328 3180 2345 3206 ,
2390 3134 2468 3201 ὡς
2519 3135 2765 3205 ζητήσας
2811 3131 2995 3203 εὑρεῖν
3047 3128 3228 3194 ἔδοξεν
3291 3126 3710 3199 Ἀριστοτέλης,

444 3224 534 3290 tis,
573 3222 660 3279 vel
706 3223 923 3289 hiemis,
974 3230 1069 3279 aut
1108 3221 1351 3293 cujusvis
1400 3223 1644 3279 alterius.
1704 3223 1858 3279 Nunc
1898 3238 2028 3280 vero

2133 3239 2318 3293 ἕνεκεν
2350 3230 2453 3302 τῆς
2481 3226 2750 3299 γενέσεως
2777 3225 2890 3279 τῶν
2917 3223 3048 3295 περὶ
3061 3221 3166 3293 γῆν
3198 3220 3379 3275 τόπων
3407 3219 3547 3291 πρὸς
3582 3221 3717 3272 ἀνα-

441 3314 698 3386 quoniam
716 3315 797 3371 sol
830 3313 1030 3383 aliique
1061 3314 1290 3385 planetas
1314 3328 1346 3370 ε
1368 3315 1526 3385 signo
1546 3316 1599 3370 in
1636 3315 1781 3371 aliud
1812 3318 2026 3387 signum

444 3412 815 3480 egrediuntur.
837 3416 1071 3479 quatuor
1106 3406 1159 3462 in
1184 3422 1327 3462 anno
1360 3415 1712 3477 tempestates
1743 3418 1893 3476 sunt,
1919 3425 2030 3481 quo

445 3500 506 3555 fit
531 3508 590 3555 ut
607 3506 827 3570 propter
844 3497 984 3552 hanc
1000 3496 1053 3551 in
1076 3496 1180 3550 alia
1203 3496 1353 3566 signa
1374 3501 1728 3553 mutationem
1746 3509 1800 3553 et
1826 3500 2031 3556 fructus

445 3592 789 3661 proveniant,
831 3590 1057 3660 aliteque
1085 3589 1397 3645 animalium
1436 3591 1813 3660 generationes
1839 3592 2029 3647 orian-

449 3694 560 3739 tur.
595 3683 687 3739 Sol
718 3682 958 3757 quidem,
996 3689 1055 3737 ut
1087 3682 1341 3751 privatim
1367 3682 1483 3752 ipse
1503 3690 1561 3737 et
1603 3697 1751 3746 vere,
1782 3692 1838 3738 ut
1880 3694 2029 3753 puto,

445 3775 639 3841 sensit,
667 3776 876 3830 centies
897 3772 1265 3845 magnitudine
1292 3782 1494 3828 terram
1524 3775 1760 3839 excedit,
1786 3776 2033 3842 quamvis

444 3868 535 3921 alii
582 3874 789 3920 tantum
830 3865 1013 3920 tricies
1046 3873 1319 3920 asseram.
1355 3864 1493 3919 Sunt
1524 3864 1616 3934 qui
1650 3847 1903 3935 magnum
1934 3882 2033 3920 an-

450 3975 575 4012 num
625 3957 844 4013 Saturni
885 3956 1150 4014 ambitum
1182 3970 1305 4012 esse
1352 3957 1583 4012 doceant
1627 3975 1641 4013 :
1677 3958 1803 4027 quia
1848 3958 2032 4012 ueteri

448 4060 544 4100 sex
572 4054 821 4099 errantes
844 4041 1078 4099 breviori
1110 4052 1354 4112 tempore
1389 4059 1611 4098 cursum
1659 4060 1815 4099 sumn
1858 4046 2033 4099 conli-

447 4138 620 4192 ciant.
654 4134 927 4191 Saturnus
951 4134 1097 4189 enim
1123 4134 1341 4204 triginta
1370 4134 1551 4198 annis,
1583 4132 1801 4204 Jupiter
1832 4136 1938 4189 duo
1960 4139 2035 4190 'e-

447 4229 575 4295 cim,
623 4226 832 4283 duobus
866 4225 1033 4292 Mars,
1081 4225 1159 4281 sol
1195 4241 1323 4288 uno,
1353 4235 1411 4279 ut
1438 4235 1493 4280 et
1524 4226 1823 4283 Mercurius
1845 4238 1897 4282 et
1924 4225 2035 4285 Ve-

447 4336 568 4387 nus,
597 4319 862 4376 circulum
889 4317 1145 4375 absolvit.
1187 4316 1258 4372 At
1306 4322 1434 4374 luna
1464 4320 1592 4388 quia
1624 4320 1809 4374 infima
1847 4334 1951 4385 est,
1981 4332 2036 4377 et

447 4412 727 4466 minimum
759 4411 951 4466 sortita
989 4410 1201 4475 orbem,
1254 4425 1363 4464 uno
1405 4426 1613 4466 mense.
1658 4410 1876 4467 Primus
1926 4412 2031 4485 Py-

2132 3329 2415 3401 πλήρωσιν
2473 3320 2570 3375 τοῦ
2619 3318 2841 3381 παντός.
2899 3314 2965 3369 Εἰ
3026 3315 3139 3387 γὰρ
3206 3310 3715 3383 καταπαραλλήλως

2108 3421 2385 3481 ¹ιῑικινεῖτο,
2414 3415 2503 3469 ἀεὶ
2540 3411 2608 3467 ἂν
2640 3410 2738 3482 μία
2766 3407 2887 3480 ὥρα
2912 3402 2985 3479 ἦν
3013 3407 3108 3461 τοῦ
3138 3405 3311 3470 ἔτους,
3340 3405 3461 3476 ἦτοι
3490 3402 3648 3476 θέρος
3674 3402 3713 3471 ἢ

2132 3507 2346 3584 χειμὼν
2374 3506 2409 3576 ἢ
2438 3503 2573 3574 άλλη
2603 3516 2711 3564 τις.
2744 3496 2860 3552 Νῦν
2882 3497 2942 3552 δὲ
2969 3498 3034 3550 ὲκ
3056 3492 3151 3550 τοῦ
3172 3495 3267 3549 τὸν
3294 3494 3447 3563 ἥλιον
3469 3492 3567 3546 καὶ
3587 3491 3715 3553 τοὺς

2133 3605 2331 3666 ἄλλους
2352 3598 2633 3669 πλάνητας
2664 3590 3015 3665 μεταϐαίνειν
3037 3588 3148 3644 ἀπὺ
3174 3587 3368 3653 ζωδίον
3401 3586 3495 3639 ἐπὶ
3524 3584 3711 3650 ζὼδιον

2134 3696 2382 3767 γίνονται
2414 3690 2472 3745 αἰ
2507 3683 2806 3759 μεταϐολαὶ
2832 3682 2941 3735 τῶν
2969 3681 3129 3753 ὡρῶν
3179 3680 3466 3749 τέσσαρες,
3512 3677 3607 3729 καὶ
3648 3678 3711 3728 ἐκ

2133 3787 2236 3857 τῆς
2284 3781 2495 3837 τούτων
2540 3778 2619 3841 είς
2662 3773 2928 3846 άλληλαθδ
2961 3770 3265 3843 μεταϐολῆς
3307 3769 3362 3824 οί
3404 3784 3465 3821 τε
3509 3768 3712 3836 καρποὶ

2135 3876 2364 3943 φύονται
2396 3870 2489 3925 καὶ
2514 3868 2573 3923 αἰ
2593 3868 2640 3900 ’⁸
2672 3864 2830 3920 άλλαι
2858 3861 3106 3931 γενέσεις
3134 3859 3242 3914 τῶν
3270 3858 3423 3924 ζώων
3449 3858 3707 3925 γίνονται.

2137 3966 2261 4019 ’Ότι
2300 3964 2329 4016 6
2380 3962 2479 4031 μὲν
2504 3959 2679 4031 ἥλιος,
2710 3956 2785 4021 ὼς
2814 3947 2973 4018 οὗτος
3004 3953 3211 4007 οἰκείαν
3240 3953 3601 4019 ἀποφαίνεται
3621 3949 3712 4001 δόο

2136 4057 2255 4122 ξαν,
2287 4054 2356 4124 ήν
2391 4053 2485 4106 καὶ
2507 4049 2681 4119 ἀληθῆ
2712 4047 2883 4116 λέγει,
2927 4041 3439 4099 ὲκατονταπλασίων
3462 4039 3580 4093 ἐστὶ
3609 4037 3713 4108 τῆς

2135 4149 2261 4217 γῆς.
2292 4146 2355 4199 Ol
2387 4143 2446 4197 δὲ
2475 4142 2664 4195 πολλοὶ
2691 4141 2791 4192 οὐκ
2820 4137 3081 4193 ἐλάττονα
3147 4131 3242 4188 τοῦ
3282 4130 3715 4202 τριακονταπλαο

2137 4238 2288 4291 σίονα
2314 4234 2486 4304 αὐτῆς
2519 4246 2710 4301 φασιν.
2738 4226 2863 4284 Ὅτι
2902 4229 3077 4298 μέγαν
3107 4224 3353 4279 ἐνιαυτὸν
3374 4224 3469 4277 καὶ
3499 4223 3597 4293 τὴν
3618 4221 3711 4274 τοῦ

2136 4328 2348 4398 Κρόνου
2395 4320 2644 4395 περίοδον
2691 4336 2881 4391 φασιν,
2916 4319 3061 4373 ὅτι⁹⁸
3102 4316 3211 4370 τῶν
3242 4315 3446 4369 λοιπῶν
3492 4314 3553 4381 ἒξ
3582 4312 3714 4366 πλα-

2135 4419 2397 4489 νωμένων
2415 4418 2461 4451 ’⁷
2491 4419 2553 4470 ὲν
2579 4414 2825 4468 ἐλάττονι
2856 4412 3035 4483 χρόνῳ
3062 4403 3219 4473 οὗτος
3246 4411 3307 4462 έν
3332 4408 3379 4441 ⁸⁸
3424 4406 3713 4478 τριάκοντα

448 4503 704 4572 tliagoras
733 4502 930 4557 caelum
963 4515 1084 4557 esse
1111 4502 1369 4557 mundum
1393 4502 1548 4568 dixit,
1573 4501 1700 4571 quia
1729 4502 2026 4572 perfectum

2134 4507 2225 4561 τὸν
2256 4510 2457 4561 οἰκεῖον
2490 4506 2692 4576 δρόμον
2747 4500 3064 4575 ἀπαρτίζει.
3097 4501 3206 4553 Καὶ
3230 4498 3398 4570 γὰρ⁹⁹
3429 4502 3457 4552 6
3495 4499 3592 4568 μὲν
3618 4495 3713 4549 τοῦ

446 4602 553 4656 est,
616 4594 978 4663 omnibusque
1017 4592 1391 4647 animantibus
1431 4607 1497 4646 ac
1567 4592 1739 4661 signis
1793 4592 2031 4662 pulchris

2136 4599 2260 4662 Διὸς
2305 4599 2363 4651 ὲν
2408 4598 2474 4668 ιβ’
2502 4596 2647 4649 ἔτεσι
2692 4595 2785 4648 τὸν
2832 4594 2964 4647 [διον
3008 4590 3348 4661 διαπεραίνει
3392 4588 3613 4652 κύκλον,
3656 4588 3714 4638 ὲν

446 4690 754 4744 decoratur.
785 4684 941 4741 Plato
973 4695 1029 4741 et
1081 4685 1401 4740 Aristotcles
1441 4698 1553 4738 uno
1598 4698 1869 4739 consensu
1923 4684 2030 4738 im-

2134 4688 2255 4744 δυσὶ
2284 4690 2342 4743 δὲ
2369 4692 2397 4745 6
2425 4690 2621 4761 Ἀρης,
2651 4688 2680 4741 6
2703 4686 2763 4740 δὲ
2794 4682 2949 4756 ῆλιος
2987 4681 3223 4753 ένιαυτῷ
3242 4694 3261 4713 ⁸
3302 4678 3510 4752 Ἐρμῆς
3541 4678 3597 4731 δὲ
3623 4676 3716 4731 καὶ

448 4777 732 4834 mortalem
758 4780 944 4834 dicunt
979 4777 1241 4840 animum,
1275 4777 1524 4847 quamvis
1556 4775 1646 4830 alii
1671 4775 1835 4829 altam
1872 4790 2020 4830 men-

2148 4780 2475 4853 Ἀφροδίτηι
2530 4778 2839 4849 ἰσοταχεϊς¹
2872 4776 2952 4849 τῷ
2995 4775 3171 4846 ήλίιρ·
3216 4771 3417 4845 σελήνη
3459 4771 3523 4825 δὲ
3550 4785 3719 4842 προσ-

448 4884 556 4925 tem
599 4869 908 4925 Aristotelis
958 4882 1067 4922 non
1114 4867 1509 4933 intelligentes,
1566 4865 1852 4920 mortalem
1907 4879 2029 4919 esse

2141 4873 2396 4945 γειοτάτη
2445 4873 2540 4927 καὶ
2586 4871 2871 4942 ἐλάχιστον
2917 4868 3118 4922 κύκλον
3149 4862 3443 4937 περιιοῦσα
3473 4862 3533 4915 δν
3563 4860 3713 4932 μηνί.

447 4964 686 5016 animam
705 4974 828 5014 eum
846 4960 1026 5015 dicere
1051 4958 1383 5012 existiment.
1416 4956 1624 5011 Dicitur
1652 4958 1814 5012 homo
1837 4956 2031 5025 μικρός

2142 4967 2272 5020 Ὅτι
2316 4964 2538 5037 πρῶτος
2571 4962 2901 5033 Πυθαγόρας
2924 4959 3015 5014 τδν
3040 4956 3271 5029 οὐρανὸν
3309 4957 3516 5027 κόσμον
3544 4968 3716 5025 προσ-

447 5070 652 5124 κοσμος
684 5052 760 5122 (id
793 5060 877 5105 est
920 5050 1104 5104 mundi
1147 5049 1555 5117 compendium)
1589 5063 1693 5101 non
1732 5048 1859 5116 quia
1896 5063 2031 5118 qua-

2138 5058 2410 5128 ηγόρευσε
2452 5056 2544 5110 διὰ
2590 5054 2654 5108 τὺ
2686 5053 2892 5107 τέλειον
2941 5046 3081 5105 εἶναι
3124 5053 3221 5105 καὶ
3263 5049 3398 5102 πᾶσι
3443 5048 3717 5115 κεκοομῆ-

447 5155 570 5200 ιυοι·
624 5152 683 5197 ut
733 5141 943 5211 reliqua
994 5139 1249 5193 animalia
1304 5138 1465 5191 etiam
1532 5139 1755 5193 minima
1818 5147 2031 5195 constet

2141 5148 2305 5202 σθαι⁸
2348 5149 2463 5211 τοῖς
2515 5164 2577 5202 τε
2626 5145 2788 5212 ζώοις
2834 5146 2929 5199 καὶ
2973 5143 3126 5207 τοῖςδ
3173 5141 3379 5205 καλοῖς.
3412 5140 3538 5193 Ὀτι
3581 5139 3717 5191 καν

444 5236 733 5293 elementis
756 5253 775 5292 :
808 5247 997 5289 verum
1030 5234 1153 5302 quia
1187 5245 1377 5285 omnes
1408 5231 1594 5285 mundi
1642 5230 1868 5289 virtutes
1905 5249 2031 5289 cou-

2142 5240 2391 5306 Πλάτων,
2442 5238 2601 5311 φησὶ,
2649 5239 2745 5294 καὶ
2781 5236 3161 5310 Ἀριστοτέλης
3205 5233 3478 5290 ἀθάνατον
3517 5230 3719 5302 ὁμοίως

1737 5369 1970 5427 νΑιιιιΕ
2012 5371 2421 5432 LECTIONES.

512 5466 560 5500 "
586 5463 857 5553 πλενῆξεξ
876 5481 953 5553 .s':
988 5460 1357 5553 Ε
1394 5460 2160 5553 _,'i.5.‘5929£_s9:.miaé-.
2199 5468 2245 5502 °’
2264 5468 2684 5553 Fésmsahé-
2709 5480 2843 5553 cum.
2861 5464 3030 5553 scida
3056 5479 3108 5519 ν·
3128 5460 3557 5553 Passaic?
3579 5461 3697 5553 3:?

443 5550 639 5607 ταρσιν
666 5551 727 5599 ς.
751 5531 959 5591 Suidas
987 5549 1041 5588 v.
1060 5531 1133 5587 55
1167 5532 1360 5603 legisse
1394 5531 1608 5588 videtur
1630 5531 1960 5589 διακεῖσθαι.
2036 5538 2082 5571 ³⁸
2114 5538 2195 5598 εἰς
2224 5538 2325 5609 τὴν
2352 5540 2397 5593 Δ
2423 5531 2478 5594 εὶ
2508 5539 2706 5594 Suidas
2741 5556 2754 5591 :
2787 5537 2952 5590 αὐτὸν
2993 5553 3051 5600 ς.
3128 5537 3176 5567 ’³
3204 5531 3543 5600 ἐπιγίνεσθαι
3578 5533 3720 5583 κατά

443 5606 616 5673 τύχην
675 5603 895 5660 δυίδθεο
998 5602 1271 5673 "sxw?
1297 5601 1489 5665 παιδὸς
1519 5620 1599 5673 ςον
1676 5604 1724 5636 ⁸³
1757 5607 1975 5670 οἰκείως
2004 5625 2114 5661 om.
2145 5608 2207 5664 Β.
2301 5610 2348 5641 ⁸⁵
2382 5612 2463 5673 είς
2491 5609 2698 5673 ἄλληλα
2729 5622 2838 5673 οιιι.
2882 5610 2945 5660 Α.
2993 5607 3179 5673 utique
3201 5606 3303 5673 leg.
3345 5604 3427 5665 εἰς
3462 5600 3716 5673 ἀλλήλας.

443 5622 616 5705 ’ξθχην
675 5622 895 5660 δυιαεὶεο
999 5622 1046 5636 ’⁵
1078 5622 1265 5690 εκοτου
1297 5622 1489 5665 “Gl-0°;
1519 5622 1558 5667 ς
1565 5641 1580 5656 ο
1676 5622 1724 5636 ”
1757 5622 1975 5670 οικεῑως
2004 5625 2114 5661 om.
2145 5622 2207 5664 υ.
2301 5622 2348 5641 ’⁸
2382 5622 2463 5673 εις
2491 5622 2698 5680 αλληλα
2729 5622 2838 5695 oin.
2882 5622 2945 5660 Α.
2993 5622 3179 5674 utique
3202 5622 3303 5673 leg.
3345 5622 3427 5665 εις
3462 5622 3716 5685 αΑληΑας.

501 5676 580 5748 ,αἰ
609 5673 835 5748 _add._A_.
907 5673 956 5706 ⁹⁸
980 5671 1206 5748 ότιλως
1315 5686 1543 5748 etAcorr.
1577 5672 1640 5748 Α,
1714 5675 1764 5748 :7
1798 5676 2152 5748 πλανωμένου
2182 5680 2241 5731 ὲν
2271 5680 2479 5733 πλείονι
2512 5680 2572 5733 B.
2656 5680 2704 5711 "
2729 5693 2884 5740 ουτος
2915 5675 3000 5748 ὲν]
3035 5677 3094 5727 ὲν
3117 5675 3226 5745 γὰρ
3258 5676 3322 5748 Α..
3402 5673 3447 5748 ’ξ
3616 5687 3719 5738 γαρ

450 5744 691 5867 ἓξὲξ.
806 5742 1122 5816 Ἀφροδίτη]
1148 5743 1231 5796 ὅτι
1252 5742 1316 5795 Α.
1386 5744 1407 5773 ¹
1432 5743 1683 5839 ἰσοταχὴς
1714 5744 1774 5797 Β.
1839 5745 1859 5776 ⁸
1888 5742 2404 5819 γατακεκοσμῆσθαι
2442 5752 2501 5805 Β.
2580 5750 2601 5780 ⁸
2629 5753 2737 5815 τοῖς
2762 5759 2888 5802 ante
2917 5742 3099 5808 καλοῖς
3133 5742 3242 5800 om.
3283 5744 3350 5799 Α.
3427 5742 3449 5772 ⁸
3480 5742 3570 5794 καὶ
3601 5749 3717 5808 post
