3960 6446
368 402 511 469 1585

1410 398 1935 462 BIBLIOTHECA.
1964 420 2032 432 -
2060 397 2223 458 COD.
2253 398 2547 460 CCXLIX.

3476 406 3617 472 1586

363 518 587 586 λεγουσι
615 515 718 589 τὴν
744 516 942 589 ψυχὴν,
977 517 1082 573 κάν
1109 534 1256 581 τινες
1301 517 1381 580 εἰς
1407 517 1499 570 τὸν
1535 514 1938 587 Ἀριστοτέλους

2044 513 2195 568 tinet.
2237 512 2375 568 Nam
2423 516 2637 570 suntin
2674 518 2873 575 mundo
2912 518 3011 587 dii,
3051 529 3285 591 quatuor
3316 524 3609 589 elementa,

360 612 491 666 νοῦν
519 610 622 665 οὐκ
652 605 1089 680 ἐμϐάθύνοντες⁸
1135 608 1337 681 θνητὴν
1378 606 1583 677 αύτὴντ
1624 604 1938 676 νομίζουσιν

362 701 529 755 αύτδν
556 700 758 769 λέγειν.
794 700 917 753 ὀτι
946 700 975 752 ό
1000 698 1285 768 ἄνθρωπος
1316 698 1512 769 μικρὸς
1544 697 1747 768 κόσμος
1780 695 1938 764 λέγε-

359 807 457 845 ται
493 790 593 861 οὐχ
630 790 749 845 δτι⁶
782 791 849 844 ἐκ
876 790 986 843 τῶν
1024 790 1302 860 τεσσάρων
1334 788 1615 858 στοιχείων
1658 785 1940 854 σύγκειται

363 881 548 953 (τοῦτο
569 879 680 950 γὰρ
703 880 798 934 καὶ
828 880 1061 934 ἕκαστον
1086 879 1196 933 τῶν
1229 878 1383 942 ζώων
1425 880 1519 932 καὶ
1554 877 1697 931 τῶν⁹
1728 876 1942 929 εὐτελε-

364 973 625 1041 στάτων),
654 971 769 1026 ἀλλ’
792 972 875 1025 ὅτι
904 970 1032 1043 [715
1070 969 1160 1043 Η.]
1196 971 1377 1033 πάσας
1409 969 1523 1039 ἔχει
1549 970 1649 1033 τὰς
1696 968 1795 1022 τοῦ
1843 967 1940 1020 κό-

364 1080 509 1133 σμου
538 1062 814 1131 δυνάμεις,
858 1063 947 1115 Ἐν
991 1062 1098 1131 γὰρ
1143 1061 1219 1128 τῷ
1265 1060 1455 1130 κόσμῳ
1485 1060 1592 1113 εἰσὶ
1643 1058 1789 1122 θεοὶ,
1826 1057 1941 1111 ἔστι

362 1156 460 1210 καὶ
483 1153 552 1207 τά
584 1154 829 1225 τέσσαρα
873 1157 1133 1223 στοιχεῖα,
1164 1153 1278 1205 ἔστι
1306 1153 1402 1205 καὶ
1427 1153 1495 1204 τὰ
1517 1153 1563 1184 ¹⁰
1607 1151 1776 1219 ἄλογα
1804 1149 1937 1216 ζῶα,

362 1246 485 1299 εστι
518 1247 613 1298 καὶ
643 1246 785 1313 φυτά
805 1259 821 1276 ο
863 1244 1041 1305 πάσας
1069 1244 1123 1296 δὲ
1150 1244 1355 1306 ταύτας
1385 1243 1482 1305 τὰς
1525 1242 1783 1311 δυνάμεις
1826 1240 1939 1310 ἔχει

362 1335 397 1387 ὁ
423 1334 734 1404 ἄνθρωπος.
766 1332 920 1403 Ἔχει
947 1335 1055 1403 γὰρ
1094 1332 1246 1387 θείαν
1278 1334 1374 1403 μέν
1398 1333 1626 1402 δύναμιν
1659 1330 1756 1401 τὴν
1793 1330 1942 1398 λογι-

363 1422 494 1493 κὴν,
527 1420 641 1492 ἔχει
667 1422 767 1491 τὴν
792 1422 903 1475 τῶν
941 1422 1220 1491 στοιχείων
1248 1421 1432 1489 φύσιν,
1454 1421 1552 1489 τὴν
1577 1418 1875 1491 θρεπτικὴν
1895 1419 1937 1450 ¹¹

362 1516 463 1569 καὶ
488 1514 788 1584 αὐξητικὴν
810 1515 903 1569 καὶ
930 1514 1024 1567 τοῦ
1049 1514 1233 1584 ὁμοίου
1258 1515 1605 1583 γεννητικὴν.
1624 1513 1712 1567 Ἐν
1734 1512 1941 1583 ἑκάστῃ

360 1601 424 1653 δὲ
450 1600 657 1655 τούτων
686 1601 952 1668 λείπεται,
987 1605 1081 1655 καὶ
1125 1601 1314 1673 ὥσπερ
1363 1604 1392 1655 ὁ
1434 1602 1730 1665 πένταθλος
1760 1603 1941 1665 πάσας

362 1691 507 1763 ἔχων
533 1693 633 1757 τὰς
677 1694 936 1764 δυνάμεις
966 1694 1075 1747 τῶν
1106 1694 1436 1765 ἀθλημάτων
1454 1696 1496 1727 ¹¹
1524 1696 1582 1748 ἐν
1608 1694 1812 1765 ἑκάστῃ
1842 1694 1941 1764 ἦτ-

361 1799 477 1836 των
502 1784 620 1837 ἐστὶ
644 1783 738 1836 τοῦ
782 1785 843 1837 ἐν
873 1801 927 1837 τι
973 1784 1417 1853 ἐπιτηδεύοντος,
1448 1784 1592 1836 οὕτω
1633 1784 1727 1835 καὶ
1776 1785 1804 1835 ό
1847 1782 1938 1836 ἄν·

364 1874 586 1943 θρωπος
630 1874 810 1937 πάσας
844 1874 982 1946 ἔχων
1017 1842 1487 1945 τὰς’δυνάμεινςσέν
1519 1875 1721 1944 ἐκάστῃ
1754 1872 1936 1925 λείπε-
1967 1842 2010 1896 Β

364 1982 475 2019 ται.
508 1954 779 2019 1Ἠττονη
806 1966 905 2036 μὲν
942 1966 1052 2038 γὰρ
1081 1965 1274 2036 ἔχομεν
1317 1965 1415 2036 τὴν
1457 1966 1683 2035 λογικὴν
1710 1965 1939 2033 δύναμιν

364 2058 511 2126 ἥπερ
539 2058 589 2111 oi
618 2056 750 2122 θεοὶ,
801 2058 896 2111 καλ⁸
921 2058 989 2111 τά
1016 2058 1124 2111 τῶν
1153 2058 1431 2127 στοιχείων
1478 2057 1679 2125 ὁμοίως
1708 2051 1871 2126 ἧττον
1904 2057 1938 2125 ἢ

364 2149 568 2212 ἐκεῖνα,
598 2148 695 2202 καὶ
720 2149 813 2203 τὸν
834 2148 1005 2219 θυμὸν
1032 2149 1128 2202 καὶ
1157 2148 1454 2219 ἐπιθυμίαν
1485 2148 1802 2218 ἐνδεέστερα
1832 2147 1940 2201 τῶν

363 2236 423 2290 ἐν
448 2238 559 2300 τοῖς
590 2235 828 2304 ἀλόγοις,
879 2238 974 2290 καὶ
1014 2236 1115 2308 τὴν
1160 2235 1461 2307 θρεπτικὴν
1508 2238 1604 2289 καὶ
1635 2236 1941 2307 αὐξητικὴν

361 2327 596 2396 δύναμιν
615 2326 1017 2398 ἐλαττουμένας
1048 2326 1157 2381 τῶν
1200 2329 1259 2381 ἐν
1282 2330 1396 2390 τοῖς
1426 2330 1634 2396 φυτοῖς.
1682 2326 1844 2379 Ὅθεν
1876 2330 1941 2381 ἐκ

362 2418 628 2472 ποικίλων
656 2418 937 2488 δυνάμεων
966 2418 1301 2481 συνεστῶτες
1331 2418 1669 2488 δύσχρηστον
1698 2417 1789 2470 τὸν
1823 2416 1939 2487 βίον

362 2510 585 2580 ἔχομεν.
616 2509 887 2563 Ἕκαστον
916 2509 1025 2583 γὰρ
1055 2508 1166 2562 τῶν
1197 2509 1373 2563 ἄλλων
1419 2509 1525 2561 ὑπὸ
1558 2510 1691 2579 μιᾶς
1725 2507 1940 2578 φύσεως

360 2602 690 2666 οίακίζεται,
738 2602 903 2672 ἡμεῖς
946 2601 1004 2655 δὲ
1051 2601 1156 2655 ὑπὸ
1196 2600 1306 2654 τῶν
1347 2601 1620 2670 διαφόρων
1655 2600 1938 2669 δυνάμεων

363 2691 636 2765 [152011ὶά
660 2690 1066 2761 ἀντισπώμεθα,
1094 2686 1207 2744 οἷον
1230 2690 1358 2743 ποτὲ
1393 2690 1490 2759 μὲν
1522 2690 1627 2742 ὑπὸ
1654 2690 1749 2743 τοῦ
1777 2689 1937 2744 Θείου

360 2783 683 2854 ἀναγόμεθα
714 2784 806 2835 ἐπὶ
834 2783 901 2835 τά
921 2783 964 2813 ¹⁵
984 2782 1241 2855 κρείττω,
1271 2781 1401 2833 ποτέ
1430 2781 1484 2834 δέ
1514 2780 1608 2834 τοῦ
1637 2780 1938 2851 θηριώδους

359 2873 831 2944 ἐπικρατήσαντος
880 2873 974 2927 ἐπὶ
1006 2872 1075 2925 τὰ
1108 2873 1305 2941 χείρω·
1359 2872 1563 2941 ὁμοίιος
1612 2872 1670 2926 δέ
1705 2873 1801 2925 καὶ
1844 2874 1939 2927 ἐπὶ

360 2961 475 3016 τῶν
502 2960 675 3016 ἄλλων
699 2960 1003 3031 δυνάμεων.
1044 2962 1171 3015 Ἐἀν
1197 2957 1290 3013 οὖν
1320 2978 1404 3025 τις
1442 2961 1755 3034 θεραπεύσῃ
1786 2962 1847 3016 τὸ
1880 2963 1941 3017 ἐν

362 3057 499 3125 ἡμῖν
530 3054 706 3120 Θείον,
737 3053 925 3126 ὥσπερ
964 3054 1179 3124 ήνίοχον
1207 3055 1553 3124 ἐγρηγορότα
1586 3054 1679 3106 καὶ
1710 3056 1939 3124 ἐπιστή-

2040 602 2219 669 bruta,
2242 605 2464 672 plantae.
2506 604 2615 661 Has
2642 622 2830 665 omnes
2858 612 3127 679 potentias
3166 614 3403 682 possidet
3431 615 3614 681 homo,

2038 695 2199 750 habet
2223 698 2485 753 rationem
2517 714 2613 767 pro
2648 700 2825 755 divina
2852 705 3071 771 virtute,
3101 704 3263 760 habet
3294 722 3394 775 pro
3426 721 3617 762 natura

2038 786 2427 843 elementorum
2451 792 2696 845 movendi
2721 794 2848 861 vim,
2867 793 3031 866 m
3050 797 3077 849 ὁ
3105 800 3404 863 crescendi,
3427 800 3619 867 suique

2040 877 2271 932 similem
2305 880 2703 948 productricem
2742 901 2757 937 :
2788 886 3013 952 singulis
3045 887 3128 941 his
3155 887 3379 942 inferior
3405 900 3508 943 est.
3538 890 3618 943 Ae

2040 970 2493 1037 quemadmodum
2534 975 2846 1038 pentathlns
2875 991 3062 1030 omnes
3117 978 3322 1032 habens
3361 980 3613 1044 virtutes,

2043 1062 2096 1112 ln
2127 1059 2353 1123 singulis
2388 1071 2567 1116 tamen
2608 1064 2782 1116 minor
2810 1072 2894 1118 est
2933 1080 3019 1129 eo,
3054 1066 3146 1134 qui
3186 1083 3351 1120 unum
3389 1068 3605 1134 aliquod

2041 1159 2316 1202 certamen
2348 1149 2511 1203 callet
2539 1168 2553 1204 :
2581 1151 2651 1204 ita
2684 1161 2737 1204 et
2770 1151 2930 1206 homo
2972 1169 3161 1209 omnes
3193 1155 3396 1209 habens
3440 1157 3616 1209 virtu.

2043 1246 2145 1305 tes,
2182 1240 2234 1293 in
2259 1241 2483 1309 singulis
2526 1242 2797 1311 sigillatim
2828 1255 3134 1313 superatur.
3178 1244 3436 1298 Minorem
3469 1246 3613 1300 enim

2043 1330 2267 1383 rationis
2299 1346 2451 1385 usum
2487 1333 2745 1388 habemus
2770 1350 2929 1402 quam
2966 1336 3063 1403 ipsi
3113 1336 3207 1400 dii,
3240 1346 3295 1390 et
3342 1338 3519 1391 minus
3548 1336 3617 1391 de

2041 1418 2322 1474 elementis
2344 1436 2503 1488 quam
2534 1424 2644 1489 ipsa
2674 1424 2961 1478 elementa.
2994 1424 3272 1494 Cupiditas
3302 1435 3356 1479 et
3392 1426 3614 1479 iracun-

2042 1511 2127 1564 dia
2176 1518 2357 1564 nostra
2410 1513 2586 1567 minor
2637 1529 2796 1581 quam
2850 1515 3129 1567 brutorum
3159 1533 3172 1568 :
3202 1530 3231 1567 a
3281 1516 3482 1584 plantis
3507 1532 3611 1568 nu-

2044 1602 2239 1657 triendi
2277 1612 2332 1656 et
2359 1604 2705 1658 accresceudi
2736 1606 2996 1673 qualitate
3024 1607 3313 1659 vincimur.
3342 1604 3521 1671 Quare
3555 1615 3615 1659 ut

2040 1708 2072 1748 e
2096 1696 2259 1749 variis
2293 1696 2574 1762 compositi
2612 1696 2793 1759 rebus,
2824 1698 2985 1750 vitam
3028 1710 3149 1766 qua;
3178 1713 3318 1765 aegre
3352 1698 3617 1751 traduca-

2045 1796 2133 1838 tur
2174 1787 2455 1840 habemus.
2515 1787 2636 1841 Alia
2695 1788 2839 1841 enim
2896 1791 3078 1841 omnia
3134 1789 3201 1842 ab
3249 1803 3352 1841 una
3404 1796 3613 1841 tantum

2043 1885 2232 1930 natura
2267 1888 2547 1945 reguntur,
2580 1892 2677 1931 nos
2712 1894 2837 1932 vero
2868 1879 3115 1933 homines
3149 1879 3315 1932 variis
3340 1879 3616 1946 qualitati-

2040 1966 2185 2019 tibus
2207 1966 2580 2033 distrahimur,
2621 1976 2699 2030 ut,
2728 1983 2872 2021 nunc
2904 1983 2933 2020 a
2972 1969 3071 2021 deo
3102 1968 3367 2021 trahimur
3397 1969 3463 2021 ad
3501 1982 3615 2020 me-

2041 2056 2196 2121 liora,
2234 2072 2375 2111 nunc
2422 2059 2672 2111 vincente
2702 2059 2749 2111 vi
2805 2059 3027 2112 animali
3061 2059 3127 2111 ad
3180 2058 3490 2122 deteriora;
3535 2057 3616 2111 sic

2039 2159 2094 2203 et
2125 2150 2178 2203 in
2203 2151 2412 2204 caeteris
2445 2151 2722 2219 potentiis.
2760 2150 2817 2205 Si
2859 2153 2979 2220 quis
3020 2152 3181 2219 igitur
3214 2151 3443 2205 coluerit
3473 2150 3617 2219 quod

2039 2244 2094 2297 in
2123 2242 2277 2296 nobis
2298 2243 2427 2310 ipsis
2455 2242 2693 2297 divinum
2723 2252 2827 2305 est,
2874 2242 3049 2297 instar
3091 2244 3292 2311 aurigae
3338 2241 3517 2309 vigilis
3551 2254 3619 2293 ae

2040 2336 2219 2405 periti,
2262 2335 2459 2404 poterit
2496 2335 2727 2405 singulis
2761 2335 3074 2401 virtutibus,
3123 2334 3498 2403 permistione,
3536 2333 3619 2385 in-

2039 2441 2223 2494 quam,
2252 2426 2663 2489 elementorum,
2699 2428 2801 2491 ira,
2842 2427 3161 2495 cupiditate,
3192 2425 3492 2493 habituque
3532 2437 3620 2475 ra-

2041 2516 2205 2571 tionis
2237 2528 2476 2585 experte,
2509 2518 2685 2586 quoad
2730 2533 2827 2586 par
2865 2526 2944 2570 est
2984 2518 3081 2569 uti.
3118 2515 3495 2569 Dillicilliumm
3534 2521 3624 2567 es:

2039 2613 2275 2680 seip’smn
2312 2627 2490 2677 nosse,
2528 2612 2773 2681 quamvis
2812 2609 2974 2664 facile
3015 2610 3298 2663 videatur:
3330 2608 3491 2678 quod
3517 2607 3622 2677 Py-

2040 2702 2138 2756 thii
2164 2702 2427 2770 Apollinis
2455 2717 2577 2756 esse
2604 2701 2807 2764 dicunt,
2857 2699 2983 2754 licet
3019 2700 3084 2751 ad
3115 2698 3399 2754 Chilonem
3449 2709 3617 2750 unum

2039 2806 2070 2846 e
2094 2800 2298 2859 septem
2330 2791 2667 2860 sapientibus
2697 2789 2957 2843 referant.
2993 2788 3102 2844 Nos
3138 2796 3319 2842 autem
3348 2786 3620 2844 hortatur,

2041 2894 2103 2938 ut
2140 2885 2391 2953 quisque,
2430 2884 2560 2952 quid
2600 2884 2794 2951 possit,
2855 2889 3168 2949 cognoscat.
3216 2878 3321 2933 Sed
3363 2876 3495 2930 nihil
3537 2881 3623 2929 est

2044 2976 2208 3041 aliud,
2240 2992 2390 3030 nosse
2424 2992 2478 3028 se
2505 2975 2698 3041 ipsum,
2739 2989 2899 3043 quam
2938 2973 3103 3026 totius
3148 2970 3330 3023 mundi
3367 2977 3615 3022 naturam

2046 3081 2226 3129 nosse,
2259 3067 2398 3136 quod
2429 3068 2545 3121 sine
2571 3065 2906 3136 philosophia
2940 3064 3055 3118 ﬁeri
3090 3078 3192 3116 non
3229 3070 3425 3130 potest,
3451 3058 3623 3128 quod-

363 3163 509 3216 μονα
538 3149 878 3218 ἐπιστήσας,
914 3147 1202 3216 δυνήσεται
1251 3146 1459 3216 ἑκάστῃ
1493 3145 1602 3198 τῶν
1638 3145 1813 3200 ἄλλων
1852 3146 1938 3199 δυ-

2047 3173 2152 3228 que
2184 3159 2323 3211 Deus
2346 3174 2447 3211 nos
2483 3165 2687 3210 monet.
2714 3156 3049 3223 Cognitionis
3080 3162 3203 3209 octo
3225 3161 3345 3207 sunt
3374 3164 3571 3217 organa
3603 3166 3618 3203 :

360 3240 583 3310 νάμεων
614 3240 695 3301 είς
737 3239 858 3292 δέον
884 3236 1213 3309 χρήσασθαι,
1242 3240 1309 3307 τῇ
1334 3253 1393 3289 τε
1420 3238 1615 3307 κράσει
1648 3238 1793 3307 φημὶ
1831 3236 1940 3291 τῶν

360 3330 649 3401 στοιχείων
670 3332 769 3384 καὶ
791 3329 870 3400 τῷ
892 3327 1049 3400 θυμῷ
1078 3329 1174 3381 καὶ
1199 3330 1263 3399 τῇ
1299 3328 1567 3398 ἐπιθυμίᾳ
1600 3330 1693 3381 καὶ
1715 3331 1782 3398 τῇ
1815 3328 1940 3399 όρέ-

360 3424 469 3488 ξει.
512 3424 586 3476 Τὸ
629 3421 760 3491 γοῦν
788 3420 967 3493 γνῶθι
995 3423 1244 3484 σαυτὸν,
1293 3422 1483 3475 δοκοῦν
1528 3424 1728 3493 ῥᾷστον
1777 3417 1937 3486 εἶναι,

357 3513 586 3567 πάντων
613 3511 730 3565 ἐστὶ
761 3510 1179 3580 χαλεπώτατον*
1223 3510 1251 3563 ὃ
1300 3511 1392 3563 καί
1424 3528 1557 3579 φασι
1600 3511 1696 3563 τοῦ
1736 3510 1936 3565 Πυθίου

357 3600 508 3659 εἶναι
525 3604 875 3669 ’Δπόλλωνος,
900 3603 952 3655 εί
982 3604 1077 3656 καὶ⁵
1102 3603 1182 3666 είς
1209 3602 1425 3657 Χίλωνα
1455 3603 1562 3655 τῶν
1587 3604 1727 3657 ἐτττά
1756 3602 1940 3672 σοφῶν

358 3697 462 3750 ἕνα
493 3694 555 3749 τὸ
593 3694 925 3763 ἀπόφθεγμα
968 3694 1324 3765 ἀναφέρουσι.
1390 3696 1654 3765 Παραινεί
1706 3695 1753 3748 δ’
1802 3698 1938 3764 ἡμῖν

358 3787 570 3855 γνῶναι
610 3786 709 3857 τὴν
751 3784 961 3840 ἑαυτῶν
986 3784 1238 3856 δύναμιν.
1273 3786 1346 3840 Τὸ
1372 3786 1431 3839 δὲ
1465 3785 1689 3855 γνῶναι
1720 3786 1941 3841 ἑαυτὸν

357 3878 518 3933 οὐδὲν
545 3878 675 3933 ἄλλο
702 3877 904 3948 ἐστὶνῆ
934 3878 1032 3947 τὴν
1050 3878 1093 3909 ¹⁸
1124 3878 1217 3931 τοῦ
1247 3877 1562 3948 σύμπαντος
1588 3879 1796 3948 κόσμου
1829 3878 1933 3948 φύ-

361 3986 453 4024 σιν
477 3969 703 4040 γνῶναι.
732 3968 904 4021 Τοῦτο
933 3968 991 4021 δέ
1020 3968 1279 4024 ἀδύνατον
1310 3969 1439 4022 ἄνευ
1472 3969 1567 4021 τοῦ
1599 3969 1933 4039 φιλοσοφεϊνο

356 4064 503 4132 ὅπερ
533 4063 668 4133 ήμῖν
692 4062 722 4115 ὁ
742 4060 875 4124 Θεὸς
911 4063 1184 4131 παραινεῖ.
1218 4061 1341 4113 Ὅτι
1371 4058 1623 4129 γνώσεως
1656 4060 1802 4114 ὀκτώ
1835 4078 1940 4128 φα-

360 4174 452 4217 σιν
497 4156 723 4228 ὄργανα,
773 4155 1053 4226 αἴσθησιν,
1103 4153 1421 4225 φαντασίαν,
1468 4155 1685 4225 τέχνην,
1754 4155 1937 4222 δόξαν,

360 4249 649 4319 φρόνησιν,
692 4250 1030 4318 ἐπιστήμην,
1084 4248 1297 4316 σοφίαν,
1318 4245 1475 4300 νοῦν.
1521 4246 1738 4300 Τούτων
1784 4245 1941 4300 κοινὰ

362 4340 470 4411 μέν
495 4341 643 4392 ἐστιν
676 4340 809 4409 ἡμῖν
840 4340 977 4409 πρὸς
1001 4339 1070 4393 τά
1095 4338 1215 4392 θεῖα
1239 4340 1404 4408 τέχνη
1438 4338 1538 4391 καὶ
1551 4339 1819 4409 φρόνησις
1840 4337 1939 4393 καὶ

359 4430 642 4500 ἐπιστήμη
672 4431 765 4483 καὶ
793 4431 936 4496 νοῦς,
988 4430 1125 4501 πρὸς
1157 4428 1213 4483 δὲ
1243 4431 1311 4483 τὰ
1343 4429 1512 4496 ἄλογα
1545 4429 1797 4498 αἴσθησις
1836 4430 1932 4483 καὶ

2044 3263 2258 3311 sensus,
2288 3247 2622 3316 imaginatio,
2653 3260 2764 3311 ars,
2793 3244 2998 3313 opinio,
3037 3243 3341 3313 prudentia,
3368 3240 3619 3301 scientia,

2044 3338 2328 3405 sapientia,
2385 3354 2556 3392 mens.
2613 3338 2824 3398 Artem,
2881 3335 3248 3404 prudentiam,
3311 3331 3619 3397 scientiam,

2044 3437 2300 3493 mentem,
2335 3444 2677 3481 commuuetn
2710 3442 2831 3480 cum
2865 3427 2966 3480 diis
2999 3426 3279 3479 habemus.
3313 3423 3540 3478 Sensum
3565 3432 3624 3474 et

2045 3519 2484 3587 imaginationem
2524 3534 2643 3590 cum
2697 3518 2904 3571 bestiis.
2959 3516 3125 3569 Nobis
3184 3524 3364 3567 autem
3413 3513 3621 3568 solum-

2044 3613 2204 3663 modo
2236 3610 2448 3677 propria
2472 3620 2551 3661 est
2579 3609 2782 3676 opinio.
2827 3606 3031 3661 Sensus
3065 3616 3149 3661 est
3181 3605 3346 3659 fallax
3383 3604 3622 3672 cognitio

2042 3719 2138 3773 per
2162 3718 2376 3769 corpus.
2408 3699 2728 3769 lmagiuatio
2752 3709 2929 3753 motus
2954 3700 3171 3768 quidam
3202 3700 3255 3751 in
3288 3699 3489 3752 animo.
3512 3696 3621 3751 Ars

2042 3803 2125 3849 cst
2151 3794 2364 3847 habitus
2392 3807 2514 3846 cum
2550 3792 2760 3846 ratione
2784 3791 3033 3846 laborans
3060 3807 3074 3854 ;
3101 3788 3323 3843 additur
3348 3788 3474 3852 hoc,
3498 3804 3621 3841 cum

2042 3886 2262 3947 ratione,
2294 3885 2418 3954 quia
2470 3883 2632 3937 etiam
2677 3897 2876 3937 aranea
2913 3892 3196 3952 operatur,
3250 3890 3619 3935 verumtamen

2041 3977 2161 4030 sine
2208 3977 2437 4030 ratione.
2479 3974 2771 4029 Prudentia
2812 3983 2895 4030 est
2939 3975 3177 4039 habitus,
3223 3974 3315 4042 qui
3366 3973 3418 4026 in
3459 3972 3623 4026 rebus

2042 4083 2190 4123 recte
2236 4068 2557 4138 peragendis
2605 4068 2938 4121 continetur.
2992 4064 3232 4119 Scientia
3283 4073 3367 4119 est
3405 4064 3622 4117 habitus

2039 4175 2226 4215 eorum
2255 4176 2375 4229 qua:
2402 4174 2617 4228 semper
2647 4168 2701 4213 et
2734 4159 2987 4214 similiter
3018 4159 3207 4212 eade‘m
3238 4155 3473 4210 fuerunt.
3521 4153 3622 4208 Su-

2039 4253 2239 4323 pientia
2274 4253 2625 4322 plurimarum
2676 4266 2969 4306 causarum
3015 4249 3275 4320 cognitio.
3317 4247 3467 4301 Mens
3519 4247 3623 4300 ini-

2042 4345 2177 4398 tium
2202 4355 2255 4397 et
2284 4345 2404 4399 fons
2431 4345 2608 4399 omnis
2637 4343 2785 4397 boni.
2819 4341 2954 4396 Tres
2997 4353 3124 4396 sunt
3160 4339 3451 4394 docilitatis
3498 4353 3624 4406 par-

2044 4444 2172 4488 tes:
2210 4434 2455 4499 solertia,
2519 4435 2774 4489 memoria
2831 4442 2886 4487 et
2956 4427 3157 4501 ingenii
3213 4432 3314 4485 vis.
3366 4429 3621 4483 Memoria

361 4521 672 4592 φαντασίαο
700 4520 829 4576 ἴδιον
855 4521 912 4574 δέ
948 4520 1106 4593 ὴμῶν
1135 4521 1297 4592 μόνον
1319 4520 1533 4609 ⁷Ῑιρδόξιι..
1568 4521 1722 4575 Ἔστι
1756 4521 1815 4575 δὲ
1846 4521 1935 4574 αἴ-

2041 4525 2238 4597 Μια
2282 4525 2517 4580 custodit
2547 4535 2609 4576 ea
2650 4539 2771 4592 qua:
2821 4522 3094 4591 quondam
3122 4521 3243 4589 quis
3287 4519 3494 4572 didicit.
3531 4514 3623 4569 Vs

361 4616 556 4685 σθησις
588 4615 689 4688 μὲν
716 4614 916 4682 γνῶσις
940 4613 1141 4685 ψευδὴς
1163 4614 1253 4669 διὰ
1282 4612 1558 4681 σώματος,
1584 4614 1857 4682 φαντασία
1879 4612 1937 4667 δὲ

358 4708 578 4776 κίνησις
597 4708 656 4761 ἐν
675 4707 823 4777 ψυχῇ
846 4746 860 4771 ,
903 4706 1070 4775 τέχνη
1094 4704 1152 4757 δὲ
1177 4704 1292 4771 ἐξις
1321 4704 1581 4776 ποιητικὴ
1608 4703 1750 4774 μετά
1777 4703 1936 4773 λόγου

358 4799 450 4871 (τὸ
471 4798 529 4852 δέ
552 4797 703 4867 μετὰ
723 4801 910 4867 λόγου
930 4798 973 4829 ¹⁶
1003 4797 1365 4867 πρόσκειται,
1398 4797 1479 4851 ὅτι
1509 4798 1604 4850 καὶ
1636 4798 1663 4850 ό
1691 4795 1938 4867 ἀράχνης

358 4893 531 4955 ποιεί,
563 4891 680 4946 ἀλλ’
710 4890 772 4944 ού
812 4889 950 4960 μετὰ
978 4888 1162 4960 λόγου)
1183 4927 1198 4953 ,
1229 4890 1489 4961 φρόνησις
1514 4890 1574 4942 δέ
1598 4888 1711 4955 ἐξις
1743 4904 1937 4958 προαι-

354 4983 557 5056 ρετικὴ
584 4984 685 5053 τῆς
712 4984 773 5037 ἐν
799 4984 912 5045 τοῖς
940 4986 1208 5054 πρακτοῖς
1237 4983 1555 5054 ὀρθότητος,
1579 4982 1857 5050 ἐπιστήμη
1881 4979 1940 5032 δὲ

355 5072 475 5137 ἕξις
518 5072 629 5127 τῶν
656 5073 745 5128 ἀεὶ
790 5073 933 5127 κατά
976 5074 1045 5127 τὰ
1077 5074 1219 5127 αὐτὰ
1250 5075 1346 5128 καὶ
1387 5072 1649 5134 ὡσαύτως
1682 5071 1938 5140 ἐχόντων,

361 5165 529 5232 σοφία
580 5165 639 5217 δὲ
682 5166 962 5236 ἐπιστήμη
1009 5165 1119 5219 τῶν
1162 5166 1397 5235 πρώτων
1446 5163 1658 5227 αἰτίων,
1712 5161 1839 5225 νοῦς
1880 5160 1936 5214 δὲ

356 5254 508 5325 ἀρχὴ
534 5256 628 5308 καὶ
658 5255 810 5327 πηγὴ
853 5257 1072 5310 πάντων
1100 5255 1211 5309 τῶν
1241 5254 1443 5310 καλῶν.
1475 5254 1598 5308 Ὀτι
1626 5253 1758 5323 τρία
1792 5253 1935 5323 μέρη

357 5348 650 5419 εύμαθίας,
683 5349 958 5418 ἀγχίνοια,
989 5350 1204 5419 μνήμη,
1238 5348 1455 5419 ὀξύτης.
1473 5348 1677 5417 Μνήμη
1703 5346 1805 5416 μὲν
1839 5342 1933 5399 οὖν

2044 4618 2244 4688 ingenii
2269 4628 2353 4671 est
2384 4616 2714 4684 intelligendi
2739 4614 3018 4668 velocitas.
3058 4612 3291 4667 Solertia
3323 4618 3407 4664 est
3437 4625 3503 4663 ex
3534 4609 3623 4673 iis,

2042 4726 2162 4780 qua;
2186 4710 2311 4778 quis
2343 4708 2553 4771 didicit,
2604 4721 2667 4760 ea
2709 4706 3037 4775 investigare
3086 4718 3207 4773 quae
3258 4716 3364 4757 non
3416 4701 3624 4756 didicit.

2043 4798 2170 4852 Tria
2218 4805 2346 4852 sunt
2377 4812 2500 4865 qua:
2540 4795 2663 4848 coeli
2717 4795 2935 4849 nomine
2978 4795 3233 4849 dicuntur
3272 4810 3287 4848 :
3326 4790 3502 4861 primo
3533 4790 3629 4843 lir-

2044 4896 2374 4942 mamentum
2399 4901 2414 4951 ;
2450 4886 2694 4940 secundo
2724 4884 2979 4939 distantia
3009 4885 3097 4938 illa
3124 4898 3244 4953 qua:
3276 4893 3361 4938 est
3381 4898 3410 4934 a
3444 4880 3629 4934 iirtna-

2044 4988 2226 5033 mento
2276 4992 2446 5046 usque
2468 4977 2535 5032 ad
2582 4975 2799 5041 lunam;
2851 4977 3015 5031 tertio
3046 4976 3333 5031 universus
3371 4964 3623 5035 i'nundus,

2041 5072 2265 5136 omium,
2298 5072 2542 5141 inquam,
2590 5079 2647 5127 et
2676 5082 2840 5124 terra.
2885 5068 3101 5138 Optima
3139 5078 3195 5123 et
3233 5066 3468 5135 pessima
3501 5073 3628 5116 nata

2041 5142 2196 5227 sunt:
2229 5164 2425 5233 inquit,
2479 5164 2543 5217 ad
2588 5178 2804 5232 semper
2832 5162 3189 5230 operandum,
3234 5161 3373 5214 Deus
3415 5158 3631 5211 scilicet

2042 5263 2099 5310 et
2152 5255 2365 5323 plantat.
2411 5253 2554 5310 Deus
2600 5256 2767 5320 enim,
2808 5269 3015 5324 etquae
3067 5254 3152 5307 illa
3204 5253 3447 5321 proxima
3479 5260 3627 5311 sunt,

2043 5358 2225 5404 mente
2259 5358 2313 5405 et
2339 5349 2551 5404 ratione
2598 5363 2810 5419 semper
2854 5358 3190 5419 operantur;
3236 5348 3477 5413 itemque
3509 5360 3628 5415 ger-

1613 5533 1698 5589 VA
1711 5534 1845 5589 lllZE
1883 5532 2286 5589 LECTIONES.

432 5662 708 5775 ἷέιμῖαᾶ]
727 5666 1176 5775 ξμόαξνονξεςῃιὶ.
1199 5672 1273 5775 m"
1301 5672 1472 5775 αὐτὴν
1503 5674 1628 5775 add;
1654 5674 1722 5775 lli.
1805 5673 2059 5775 ξούχξτι
2090 5675 2132 5728 A
2173 5692 2185 5728 :
2214 5674 2315 5775 ούίι
2350 5674 2461 5745 ἄρα
2496 5691 2571 5775 ἕ.

1066 5750 1168 5794 inte
1198 5745 1368 5808 ἄλογα
1394 5747 1540 5797 deest
1576 5745 1875 5798 Holstenio.
1956 5746 1995 5775 ”
2030 5745 2330 5815 τρεπτικὴν
2355 5762 2416 5809 ς.
2496 5745 2539 5775 ¹¹
2566 5745 2675 5797 τῶν
2701 5745 3030 5814 ἀθλημάτων
3065 5756 3186 5813 post
3220 5748 3229 5799 ἐ

1066 5810 1105 5841 ¹⁶
1135 5810 1201 5865 τὰ
1246 5822 1298 5866 et
1332 5827 1454 5867 mox
1490 5813 1582 5868 ἐπὶ
1620 5815 1720 5867 add
1754 5816 1820 5867 Α.
1897 5814 1938 5847 ιδ
1966 5814 2063 5885 τὴν
2101 5830 2207 5870 om.
2236 5815 2300 5869 Α.
2381 5816 2423 5847 ³⁸
2460 5814 2523 5867 τὸ
2553 5814 2608 5869 δέ
2645 5815 2781 5885 μετά
2810 5815 2967 5885 λόγου
3016 5830 3128 5873 om.
3164 5816 3229 5873 Δ.

359 5741 383 5771 ’
410 5738 524 5791 τῶν
572 5738 697 5794 add.
730 5739 795 5792 A.
874 5740 919 5771 “
952 5741 1021 5794 τά
1044 5750 1168 5794 ante
1198 5740 1368 5808 ἄλογα
1394 5738 1540 5797 deest
1576 5745 1875 5798 Holstenio.

361 5808 513 5878 ponit
544 5823 603 5874 ς’.
684 5808 725 5841 ¹³
753 5808 900 5879 ἥττω
924 5827 983 5877 ς.

2640 5674 2785 5747 apud
2832 5673 3169 5747 Holstenium
3205 5675 3306 5729 οῦκ
3359 5674 3467 5747 ἄρα
3524 5673 3619 5726 ὅτι.

2496 5745 2539 5817 δ’
2559 5744 2675 5817 Τῶν
2701 5743 3030 5817 ἀθλημάτων
3065 5756 3187 5817 post
3220 5743 3629 5817 ἐπιτηδεύοντας
