3960 6320
420 315 560 385 1587

973 318 1238 381 PHOTII
1276 321 1785 383 PATRIARCHAE
1824 323 1933 383 CP.
1974 324 2475 385 BIBLIOTHECA
2524 351 2593 361 —
2621 324 2788 385 COD.
2825 323 3116 384 CCXLIX.

3564 321 3702 387 1588

422 437 568 487 mina
608 453 622 487 :
661 447 784 487 nam
817 441 979 488 nocte
1024 442 1078 488 et
1124 435 1212 489 die
1250 436 1585 490 nutriuntur.
1630 434 1746 490 Non
1800 450 2004 507 semper

2114 439 2230 501 ἐστὶ
2254 440 2484 510 τήρησις
2530 431 2605 491 ὧν
2638 436 2810 506 ἔμαθέ
2843 454 2948 499 τις,
2976 436 3173 506 ὀξύτης
3202 435 3260 489 δὲ
3282 435 3326 467 ⁸⁷
3380 436 3410 506 ἡ
3459 434 3703 504 ταχύτης

423 532 607 579 autem
651 524 813 579 homo
843 525 897 578 in
929 539 1116 595 opere,
1141 540 1316 594 neque
1344 525 1505 580 bruta
1554 526 1876 591 animantia,
1911 529 2005 583 sed

420 615 603 669 medio
642 629 781 685 pene
808 623 1051 685 tempore
1098 616 1395 680 dormiunt,
1428 627 1482 671 et
1513 617 1822 686 quiescunt.
1857 617 2009 673 Grae-

421 719 518 759 cos
567 706 644 758 ait
693 706 937 761 moribus
986 707 1250 762 barbaros
1300 722 1513 777 semper
1570 722 1893 777 superasse,
1938 709 2006 777 ob

420 799 742 865 temperiem
766 797 910 853 aeris
935 812 1043 867 quo
1068 797 1288 865 vivunt;
1316 798 1548 868 Scythas
1563 813 1693 854 vero
1716 808 1771 853 et
1792 797 2007 853 Ethio-

421 902 542 956 pes,
593 888 713 943 illos
758 887 962 958 frigore
1003 890 1214 945 scilicet
1266 900 1514 954 vexatos,
1580 890 1680 945 hos
1724 905 1851 944 vero
1884 898 2008 945 cute

423 989 555 1031 :Bstu
590 987 814 1034 exustos
856 989 912 1034 et
964 980 1237 1049 ingentem
1271 981 1411 1035 inter
1441 981 1680 1036 calorem
1720 988 1775 1035 et
1810 981 2005 1037 humo-

423 1082 539 1122 rem
577 1068 809 1133 alentes,
837 1072 965 1140 quia
1012 1072 1152 1128 male
1201 1081 1559 1139 temperatum
1591 1072 1787 1126 ctelum
1826 1072 2004 1127 sortiti

423 1168 573 1223 sunt,
602 1160 873 1216 violentos
894 1170 948 1215 et
973 1162 1205 1217 audaces
1231 1178 1448 1231 semper
1483 1163 1779 1218 exstitisse.
1807 1162 1897 1217 Sic
1927 1163 2007 1216 vi-

422 1253 612 1306 cissim
641 1268 734 1307 eos
765 1254 853 1321 qui
894 1254 1084 1309 mediae
1106 1270 1257 1310 zonas
1286 1264 1342 1309 et
1366 1256 1645 1311 montibus
1668 1256 1831 1310 vicini
1857 1263 2004 1319 sunt,

424 1346 492 1399 de
544 1348 804 1413 temperie
859 1346 959 1401 loci
997 1347 1157 1413 illius,
1206 1348 1293 1401 cui
1345 1350 1594 1411 subsunt,
1654 1347 1999 1415 participare.

422 1433 656 1503 ldeoque
681 1435 754 1489 ait
778 1434 951 1501 Plato,
987 1436 1209 1491 Graecos
1248 1438 1563 1505 disciplinas
1587 1452 1724 1507 quas
1750 1452 1781 1489 a
1807 1436 2006 1490 Barba-

422 1524 500 1579 ris
561 1527 893 1594 acceperint,
951 1543 1044 1581 eas
1102 1528 1293 1582 melius
1345 1527 1607 1597 proferre,
1669 1538 1723 1583 et
1772 1530 2007 1586 maxime

421 1617 807 1673 Athenienses.
869 1618 1212 1687 Quapropter
1272 1620 1347 1672 rei
1404 1618 1614 1673 bellicae
1663 1628 1719 1674 et
1778 1622 2001 1689 pictura:

420 1708 582 1775 primi
615 1710 929 1763 inventores
967 1708 1251 1768 exstitere,
1290 1718 1345 1760 et
1373 1709 1550 1763 omnis
1607 1709 1739 1763 artis
1782 1712 2006 1765 mecha-

421 1800 555 1853 nica.-
598 1812 651 1853 et
682 1798 955 1863 militaris,
997 1801 1270 1865 oratoriae,
1315 1810 1368 1852 et
1403 1798 1841 1867 disciplinarum.
1882 1800 2001 1856 Non

419 1890 604 1958 igitur,
632 1899 691 1944 ut
717 1891 848 1954 dixi,
878 1891 1184 1945 adventitia:
1208 1891 1433 1945 Athenis
1469 1902 1595 1945 sunt
1620 1892 1884 1955 scientiae,
1907 1894 2003 1947 sed

420 1984 616 2037 ibidem
661 1993 851 2037 natura
901 1983 1097 2047 insitae,
1142 1982 1305 2049 idque
1333 1997 1401 2036 ex
1432 1996 1558 2037 aere
1590 1984 1736 2036 tenui
1767 1993 1821 2037 et
1847 1998 2001 2052 puro,

418 2085 477 2128 ut
513 2090 617 2129 non
666 2077 841 2131 solum
887 2088 1087 2133 terram
1142 2088 1390 2134 attenuet
1431 2080 1617 2148 (quam
1669 2078 1739 2133 ob
1783 2093 2003 2132 causam

417 2166 580 2221 etiam
609 2169 815 2223 sterilis
846 2180 931 2224 est
976 2170 1200 2238 Attica),
1237 2172 1332 2225 sed
1377 2178 1432 2224 et
1461 2171 1679 2241 ingenia
1726 2170 2002 2226 hominum

416 2259 634 2312 subtilia
666 2260 875 2315 reddet.
913 2260 1040 2316 Inde
1071 2262 1344 2332 contingit
1382 2271 1599 2316 tenuem
1632 2262 1849 2331 quidem
1877 2276 2001 2315 aera

420 2359 579 2402 terra:
611 2364 829 2417 nocere,
860 2351 1096 2422 ingeniis
1126 2366 1254 2406 vero
1287 2353 1569 2421 prodesse.
1616 2351 1810 2407 Etesize
1855 2351 1999 2405 venti

416 2438 796 2494 ardentissimo
836 2441 1042 2497 aestatis
1098 2450 1338 2509 tempore
1370 2439 1522 2505 ﬂant,
1555 2440 1656 2493 hac
1686 2440 1752 2494 de
1784 2454 1953 2493 causa
1984 2454 1999 2492 :

416 2530 494 2585 sol
519 2531 631 2599 jam
679 2531 947 2597 sublimis,
994 2542 1049 2588 et
1082 2549 1110 2587 a
1165 2533 1297 2588 locis
1340 2531 1784 2586 meridionalibus
1819 2531 1884 2585 ad
1913 2544 2002 2584 se-

415 2622 782 2688 ptentrionem
831 2639 1151 2688 conversus,
1178 2624 1342 2679 solvit
1384 2624 1606 2678 humida
1641 2625 1706 2677 ad
1756 2625 1999 2687 boream,

415 2728 536 2781 quae
566 2714 744 2769 soluta
781 2730 986 2778 aerem,
1024 2716 1219 2772 deinde
1264 2725 1458 2770 ventus
1507 2715 1733 2784 gignunt
1765 2736 1776 2770 :
1806 2729 1836 2769 e
1867 2729 2003 2783 quo-

416 2819 538 2858 rmn
577 2821 801 2860 numero
819 2819 875 2861 et
894 2809 1080 2862 etesiae
1109 2818 1256 2873 sunt,
1288 2824 1317 2861 e
1339 2807 1536 2877 spiritu
1565 2807 1795 2867 scilicet,
1823 2807 1913 2874 qui
1936 2821 2002 2860 ex

419 2897 655 2952 humidis
680 2898 873 2952 solutis
904 2900 969 2953 ad
994 2901 1419 2969 septentrionem
1468 2897 1664 2969 44ιὸ
1696 2899 1892 2952 oritur.
1924 2898 2003 2952 Ad

417 2991 692 3057 Oppositas
722 3006 849 3045 vero
883 2991 1069 3061 plagas
1099 2991 1490 3047 meridionales
1532 2992 1801 3055 feruntur,
1831 3004 2005 3058 eoque

417 3079 594 3133 delata
645 3080 700 3134 in
762 3082 1062 3137 altissimos
1112 3081 1406 3151 Ethiopia:
1457 3091 1667 3137 montes
1728 3081 2000 3135 decidunt.
2031 3127 2072 3151 η

416 3170 550 3223 Cum
579 3180 758 3227 autem
781 3173 1100 3229 condensati
1123 3182 1179 3229 et
1204 3172 1518 3242 frequentes
1548 3171 1769 3235 fuerint,
1795 3170 2006 3240 pluvias

418 3273 629 3329 creant,
664 3279 697 3320 e
741 3266 939 3334 quibus
987 3266 1176 3321 aestivo
1222 3274 1466 3336 tempore
1496 3263 1645 3319 Nilus
1669 3263 1781 3335 (ll)
1816 3272 2007 3318 auctus

415 3356 672 3417 exundat.
710 3373 775 3412 ex
826 3359 1154 3413 australibus
1198 3359 1356 3425 locis,
1399 3366 1453 3413 et
1489 3357 1658 3412 aridis
1712 3355 2005 3425 proﬂuens,

417 3448 674 3518 idemque
733 3450 1053 3505 Aristoteles
1106 3451 1478 3519 investigando
1538 3449 1823 3518 comperit.
1887 3448 2009 3517 Ipse

415 3541 558 3593 enim
618 3542 816 3610 ingenii
875 3544 1193 3613 praestantia
1250 3545 1355 3598 hoc
1410 3540 1818 3612 deprehendit,
1883 3555 2004 3617 qum

418 3646 630 3702 aequum
660 3645 903 3703 putasset
928 3636 1295 3691 Alexandrum
1325 3634 1674 3689 Macedonem
1705 3635 1771 3687 ad
1802 3648 1864 3687 ea
1890 3632 2008 3686 loca

420 3724 659 3789 mittere,
698 3734 754 3778 ιιι
788 3725 963 3780 oculis
1004 3740 1223 3779 causam
1262 3722 1582 3782 incrementi
1622 3720 1725 3777 Nili
1768 3720 2009 3775 ﬂuminis

414 3828 793 3885 cognosceret.
824 3818 1122 3888 Propterea
1151 3818 1352 3872 asserit
1381 3816 1486 3871 hoc
1517 3830 1624 3869 non
1649 3813 1881 3883 amplius
1909 3813 2009 3866 du-

417 3907 562 3962 himn
596 3922 738 3964 csse.
781 3909 942 3964 Clare
986 3910 1133 3965 enim
1167 3917 1315 3977 patet
1362 3921 1394 3961 e
1445 3906 1644 3976 pluviis
1687 3904 1896 3974 augeri.
1942 3903 2010 3958 Et

416 4014 549 4054 sane
583 4001 779 4055 tnirum
805 4000 950 4068 quod
988 4000 1041 4055 in
1069 4000 1204 4055 locis
1238 3998 1530 4069 [Ethiopian
1561 3996 1798 4051 maxime
1820 3996 2006 4062 siccis,

416 4093 507 4147 ubi
566 4107 843 4163 nunquam
892 4093 1067 4148 hiems
1126 4100 1210 4147 est
1266 4105 1441 4160 neque
1485 4089 1702 4159 pluvia,
1767 4098 2008 4156 tempore

415 4182 621 4237 :estatis
650 4183 956 4238 deusissimi
995 4183 1250 4237 oriuntur
1279 4182 1505 4236 imbres.

2106 531 2206 601 τῆς
2253 531 2519 595 διανοίας,
2552 530 2804 597 ἀγχίνοια
2845 528 2923 590 δὲ,
2958 528 3018 593 ἐξ
3062 521 3136 582 ὧν
3178 528 3351 599 ἔμαθέ
3396 546 3504 590 τις,
3532 527 3570 581 ἃ
3624 528 3700 597 μὴ

2107 622 2277 693 ἔμαθε
2307 622 2556 693 θηρεύων
2574 622 2770 677 ¹⁸.Ὅτι
2800 623 2828 675 6
2856 621 3085 691 οὐρανὸς
3117 621 3322 691 τριχῶς
3358 620 3611 688 λέγεται,
3642 617 3701 670 ἐν

2110 714 2209 783 μὲν
2239 714 2375 783 αὑτὴ
2397 714 2439 744 ¹⁹
2471 715 2503 783 ὴ
2537 713 2784 783 ἀπλανὴς
2815 714 3039 782 σφαῖρα,
3067 711 3320 782 δεύτερον
3352 710 3482 783 [716
3515 709 3699 778 H.116

2106 803 2216 856 ἀπὸ
2247 803 2348 873 τῆς
2378 803 2656 867 ἀπλανοῦς
2688 802 2926 873 σφαίρας
2960 802 3124 873 μέχρι
3167 805 3266 873 τῆς
3313 801 3546 872 σελήνης
3577 800 3700 853 διά-

2109 911 2316 964 στημα,
2351 894 2535 964 τρίτον
2566 896 2595 947 6
2625 894 2847 963 σύμπας
2875 895 3102 964 κόσμος,
3130 894 3157 946 6
3186 895 3413 964 οὐρανός
3438 911 3582 963 φημι
3606 895 3700 946 καὶ

2107 988 2241 1058 ήγῆ
2277 988 2544 1057 ἅμα.⁸’οτι
2588 986 2799 1054 πέφυκέ
2850 1003 2983 1055 φησι
3031 987 3102 1039 τὰ
3144 987 3448 1039 τελεώτατα
3490 986 3591 1039 καὶ
3628 985 3696 1038 τά

2109 1080 2356 1149 χείριστα
2378 1079 2464 1132 ἀεὶ
2495 1079 2759 1149 ἐνεργεῖν.
2788 1078 2971 1132 Ταῦτα
3009 1077 3067 1131 δέ
3097 1079 3213 1131 ἐστι
3245 1080 3377 1141 Θεὸς
3406 1081 3501 1132 καὶ
3526 1081 3691 1149 φυτά.

2112 1172 2178 1226 Ὅ
2202 1189 2261 1225 τε
2284 1170 2392 1242 γὰρ
2418 1172 2552 1236 Θεὸς
2576 1172 2718 1226 κατὰ
2742 1172 2834 1227 τὸν
2857 1172 2981 1226 νυῦν
3010 1173 3107 1226 καὶ
3131 1174 3221 1226 τὸν
3243 1174 3399 1241 λόγον
3429 1175 3515 1227 ἀεὶ
3541 1176 3697 1244 ἐνερο

2109 1266 2214 1332 γεῖ,
2243 1266 2338 1318 καὶ
2368 1265 2438 1318 τὰ
2466 1265 2696 1335 πλησίον
2726 1264 2891 1319 αὑτοῦ
2930 1265 3080 1329 ὄντα,
3130 1265 3225 1318 καὶ
3259 1266 3418 1320 πάλιν
3450 1267 3519 1319 τὰ
3551 1266 3694 1334 φυτά

2108 1354 2195 1404 ἀεὶ
2231 1353 2469 1423 ἐνεργεῖ·
2507 1354 2769 1423 τρέφεται
2803 1354 2913 1425 γάρ
2946 1354 3164 1425 νύκτωρ
3197 1372 3255 1407 τε
3287 1356 3380 1408 καὶ
3410 1356 3531 1425 μεθ’
3553 1356 3693 1426 ἠμέ-

2109 1443 2303 1511 ραν.⁹0
2335 1442 2393 1494 δὲ
2425 1442 2713 1513 ἄνθρωπος
2745 1445 2845 1497 οὑκ
2881 1444 2971 1496 ἀεὶ
3016 1446 3245 1515 ἐνεργεῖ,
3272 1445 3393 1499 οὐδὲ
3423 1447 3492 1500 τά
3522 1446 3695 1515 ἄλογα

2108 1531 2250 1597 ζῶα,
2285 1533 2422 1586 ἀλλὰ
2455 1534 2642 1604 σχεδὸν
2688 1534 2780 1588 τὸν
2835 1537 3007 1607 ἡμίση
3028 1536 3074 1567 ³ο
3103 1539 3294 1608 χρόνον
3339 1538 3592 1593 καθεύδει
3634 1556 3695 1592 τε

2107 1624 2202 1677 καὶ
2229 1624 2644 1694 ήσυχάζει.”οτι
2691 1628 2741 1679 oi
2773 1626 3035 1696 ’Έλληνες
3079 1628 3168 1681 ἀεὶ
3204 1629 3460 1699 ἀμείνους
3486 1630 3557 1682 τά
3585 1630 3690 1699 ἢθη

2106 1716 2213 1768 τῶν
2246 1715 2558 1787 βαρϐάρων,
2587 1718 2662 1781 ὡς
2712 1718 2810 1787 τὴν
2859 1716 3128 1788 εῦκρατον
3158 1719 3455 1784 οἰκοῦντες.
3485 1721 3690 1774 Σκύθαι

2036 1789 2074 1842 Β
2104 1805 2159 1857 δὲ
2193 1807 2286 1859 καὶ
2313 1805 2593 1871 Αἰθίοπες,
2625 1809 2675 1859 ot
2715 1807 2813 1877 μὲν
2842 1808 2947 1860 ὑπὸ
2973 1810 3173 1880 κρύους
3204 1810 3614 1879 ἐνοχλούμενοι,
3645 1811 3692 1861 ei

2105 1894 2162 1947 δὲ
2217 1894 2321 1946 ὑπὸ
2364 1894 2601 1959 θάλπους
2651 1899 3036 1968 πυκνουμένης
3080 1898 3183 1968 τῆς
3229 1900 3553 1968 ἐπιφανείας
3598 1897 3693 1951 τοῦ

2108 1986 2359 2055 σώματος
2384 2027 2399 2051 ,
2450 1990 2544 2040 καὶ
2586 1989 3109 2059 ἀπολαμϐανομὲνου
3160 1991 3309 2055 ἐντὸς
3351 1991 3444 2044 τοῦ
3485 1991 3693 2061 θερμοῦ

2106 2077 2301 2130 πολλοῦ
2336 2080 2429 2132 καὶ¹
2453 2078 2549 2132 τοῦ
2580 2080 2747 2151 ὑγροῦ
2768 2123 2783 2147 ,
2811 2082 2873 2134 τὸ
2916 2082 3215 2152 δύσκρατον
3262 2082 3359 2135 ἐκλ
3383 2080 3653 2153 ιρώσαντο
3674 2096 3691 2111 ’

2106 2168 2395 2236 συμϐαίνει
2424 2165 2517 2223 οὖν
2546 2171 2822 2241 ίτητικοὺς
2869 2174 2963 2226 καὶ
3008 2172 3228 2245 θρασεῖς
3257 2166 3397 2225 εῖναι
3443 2172 3572 2235 τοὺς
3615 2173 3696 2223 οξ·

2105 2258 2339 2319 κοῦντας
2354 2260 2412 2312 ἐν
2438 2261 2671 2325 ἐκείνοις
2697 2265 2812 2327 τοῖς
2838 2264 3044 2328 τόποις.
3063 2264 3368 2333 Ἀναλὸγως
3392 2263 3448 2317 δὲ
3468 2264 3563 2316 καὶ
3586 2263 3691 2315 oi“

2104 2349 2198 2401 τοῦ
2246 2350 2412 2419 μέσου
2456 2351 2552 2403 καὶ
2577 2352 2687 2403 τῶν
2715 2352 2902 2423 ἄκρων
2930 2354 3208 2424 ἐγγυτέρω
3238 2353 3389 2417 ὄντες
3422 2355 3522 2422 τῆς
3557 2353 3693 2423 κρά-

2106 2459 2244 2505 σεως
2276 2442 2386 2495 τῶν
2416 2446 2840 2514 παρακειμένων
2878 2448 3063 2511 αὐτοῖς
3107 2449 3413 2518 μετέχουσι.
3446 2448 3537 2502 Διὸ
3568 2451 3682 2512 καὶ,

2104 2532 2177 2595 ὡς
2208 2532 2236 2583 6
2273 2532 2496 2586 Πλάτων
2547 2535 2797 2602 φησὶν,ὅ
2828 2554 2882 2588 τι
2930 2536 2996 2589 ἂν
3047 2539 3140 2591 καὶ
3190 2539 3340 2608 παρὰ
3389 2537 3690 2609 Βαρϐάρων

2111 2622 2342 2693 μάθημα
2391 2625 2629 2678 λάϐωσιν
2675 2628 2725 2679 οί
2759 2628 3051 2697 Ἕλληνες,
3084 2629 3239 2682 τοῦτο
3274 2631 3493 2701 ἄμεινον
3521 2632 3692 2698 ἐκφέ-

2110 2730 2260 2782 ρουσι
2284 2755 2298 2778 ,
2328 2714 2564 2784 μάλιστα
2591 2716 2647 2769 δὲ
2674 2718 2783 2769 τῶν
2812 2718 2989 2772 ἄλλων
3024 2719 3293 2790 Ἑλλήνων
3318 2722 3365 2772 οἱ
3390 2721 3683 2791 Ἀθηναῖοι.

2106 2806 2304 2875 Διόπερ
2364 2808 2461 2859 καὶ
2513 2811 2873 2879 στρατηγικοὶ
2931 2810 3253 2880 γεγένηνται
3309 2811 3542 2881 ἀρχῆθεν
3594 2814 3691 2864 καὶ

2106 2898 2389 2967 γραφικῆς
2416 2899 2690 2967 εὑρετικοὶ
2737 2901 2832 2953 καὶ
2878 2902 3058 2971 πάσης
3099 2901 3292 2973 τέχνης
3328 2901 3595 2971 βαναύσου
3627 2918 3689 2954 τε

2105 2986 2201 3038 καὶ
2255 2987 2581 3057 πολεμικῆς,
2628 2988 2709 3042 ἔτι
2749 2990 2806 3042 δὲ
2858 2991 2952 3045 καὶ
2992 2991 3167 3059 λόγων
3196 2993 3291 3045 καὶ
3330 2992 3687 3062 μαθημάτων.

2107 3078 2197 3130 Διὸ
2225 3080 2321 3132 καὶ
2347 3081 2454 3133 οὐδ’
2482 3083 2808 3143 ἑπείσακτός
2843 3084 3012 3145 ἐστιν,
3060 3082 3137 3147 ὡς
3169 3086 3342 3137 εἰπεῖν
3366 3125 3381 3150 ,
3414 3086 3447 3153 ἡ
3482 3084 3697 3137 παιδεία

2113 3171 2170 3221 ἐν
2205 3171 2325 3232 ταῖς
2348 3170 2623 3241 Ἀθήναις,
2673 3174 2790 3226 ἀλλ’
2816 3175 2882 3227 ἐκ
2930 3174 3147 3243 φύσεως
3203 3175 3554 3245 ὑπάρχουσα,
3601 3175 3697 3229 τοῦ

2112 3260 2353 3313 τοιούτου
2409 3262 2569 3333 ἀέρος
2622 3265 2935 3334 ἰσχνοτάτου
2964 3266 3118 3330 ὄντος
3148 3268 3241 3319 xui.
3282 3266 3692 3337 καθαρωτάτου,

2111 3351 2187 3414 ὡς
2228 3352 2302 3421 μὴ
2359 3354 2529 3422 μόνην
2578 3353 2677 3424 τὴν
2725 3358 2829 3427 γῆν
2874 3356 3159 3411 λεπτύνειν
3188 3358 3275 3426 (δι’
3305 3361 3372 3428 ἦν
3400 3354 3578 3412 αἰτίαν
3603 3358 3694 3410 καὶ

2111 3440 2419 3510 λεπτόγεως
2431 3445 2525 3514 “ﬂ
2547 3443 2809 3517 Ἀττικὴ),
2831 3444 2987 3518 [1521
3019 3447 3109 3519 R.]
3130 3448 3266 3501 ἀλλὰ
3289 3449 3383 3501 καὶ
3405 3448 3500 3511 τάς
3521 3448 3695 3517 ψυχὰς

2110 3532 2218 3586 τῶν
2249 3534 2555 3605 ἀνθρώπων
2578 3553 2591 3568 ⁸
2624 3538 2917 3606 συμϐαίνει
2945 3540 3054 3610 γὰρ
3079 3540 3170 3593 τὸν
3196 3540 3392 3593 λεπτὸν
3426 3532 3562 3611 ἀέρα
3599 3541 3694 3611 τὴν

2114 3627 2215 3696 μὲν
2237 3629 2341 3698 γῆν
2377 3629 2659 3698 βλάπτειν,
2686 3632 2784 3695 τὰς
2807 3632 2865 3685 δὲ
2893 3633 3071 3704 ψυχὰς
3094 3634 3475 3703 ὠφελεῖν.”οτι
3502 3635 3548 3687 οἱ
3571 3633 3695 3701 ἐτή-

2113 3720 2289 3771 σιαι¹³
2338 3720 2561 3774 πνέουσι
2608 3722 2752 3777 κατά
2797 3724 2890 3779 τὸν
2937 3726 3131 3796 καιρὸν
3183 3725 3277 3779 τοῦ
3334 3725 3695 3796 ἀκμαιοτάτου

2113 3810 2305 3882 θέρους
2347 3813 2415 3865 δι’
2447 3814 2635 3869 αἰτίαν
2690 3806 3066 3888 τοιαύτην.”0
3094 3812 3252 3889 ἥλιος
3297 3818 3699 3889 μετεωρότερος

2114 3906 2212 3958 xui.
2243 3906 2352 3959 ἀπὸ
2380 3906 2489 3960 τῶν
2525 3910 2913 3979 μεσημϐρινῶν
2958 3911 3140 3964 τόπων
3177 3911 3583 3981 ὰρκτικώτερος
3609 3926 3695 3975 γι·

2111 3998 2334 4068 νόμενος
2359 3999 2478 4053 λύει
2506 4001 2576 4055 τὰ
2608 4002 2751 4074 ὑγρά
2782 4004 2852 4057 τὰ
2874 4004 2933 4057 ἐν
2956 4006 3075 4067 ταῖς
3099 4003 3320 4073 ἄρκτοις
3337 4021 3350 4034 ·
3383 3994 3619 4072 λυόμενα
3638 4002 3695 4054 δὲ

2112 4089 2290 4145 ταῦτα
2343 4091 2681 4162 ἐξαεροῦται,
2738 4095 3107 4166 ὲξαερουμένα
3150 4096 3206 4148 δέ
3260 4095 3697 4165 πνευματοῦται,

2108 4182 2204 4235 καὶ
2252 4182 2318 4236 ἐκ
2370 4184 2574 4238 τούτων
2614 4188 2856 4255 γίνονται
2903 4187 2953 4240 oi
3001 4189 3211 4257 ἐτήσιαι
3243 4187 3469 4256 ἄνεμοι,
3501 4189 3566 4239 ἐκ
3592 4186 3701 4238 τῶν

417 4272 746 4343 πνευμάτων
794 4273 904 4326 τῶν
922 4273 966 4304 ⁸³
1006 4272 1115 4326 ἀπὸ
1165 4271 1265 4342 τῆς
1317 4270 1526 4332 λύσεως
1572 4268 1681 4321 τῶν
1727 4266 2006 4338 άρκτικῶν
2045 4269 2231 4341 ὑγρῶν
2273 4275 2597 4345 γινομένων.
2625 4276 2884 4349 Φέρονται
2914 4276 3043 4345 γοῦν
3083 4279 3177 4331 ἐπὶ
3241 4280 3368 4342 τοὺς
3432 4277 3703 4339 ἐναντίους

414 4366 649 4431 τόπους,
683 4366 811 4428 τοὺς
844 4362 1436 4435 μεσημϐρινούς.Ἐκεῑ
1466 4360 1530 4432 δὴ
1558 4357 1734 4413 ταῦτα
1777 4359 2123 4429 ἐκφερόμενα
2166 4365 2506 4432 προσπίπτει
2563 4369 2680 4430 τοῖς
2747 4366 3105 4438 ὑψηλοτάτοις
3151 4366 3296 4435 ὄρεσι
3356 4368 3459 4436 τῆς
3518 4366 3703 4418 Αἰθιο-

417 4456 568 4521 πίας,
601 4458 696 4511 καὶ
743 4456 914 4509 πολλὰ
960 4456 1055 4509 καὶ
1104 4455 1275 4525 ἁθρόα
1322 4453 1587 4522 γινόμενα
1632 4449 2006 4517 ἀπεργάζεται
2046 4451 2269 4515 ὑετούς’
2298 4453 2397 4507 καὶ
2425 4457 2490 4509 ἐκ
2517 4457 2626 4511 τῶν
2668 4458 2843 4512 ὑετῶν
2866 4458 3073 4513 τούτων
3103 4460 3131 4511 6
3172 4457 3367 4520 Νεῖλος
3433 4458 3703 4527 πλημμυ-

420 4554 507 4620 ρεῖ
533 4549 628 4603 τοῦ
660 4549 874 4620 θέρους,
921 4548 1029 4601 ἀπὸ
1076 4547 1185 4599 τῶν
1238 4541 1633 4614 μεσημϐρινῶν
1685 4540 1781 4593 καὶ
1832 4539 2014 4611 ξηρῶν
2051 4540 2234 4595 τόπων
2284 4544 2444 4612 ῥέων.
2490 4547 2601 4601 Καὶ
2651 4546 2812 4602 τοῦτο
2867 4548 3251 4620 Ἀριστοτέλης
3316 4547 3702 4618 ἐπραγματεύ-

421 4660 584 4699 σατο·
619 4642 781 4705 αὐτὸς
830 4642 939 4711 γὰρ
987 4640 1093 4693 ἀπὸ
1140 4638 1240 4707 τῆς
1273 4636 1490 4704 φύσεως
1521 4633 1669 4705 ἔργῳ
1698 4634 2040 4701 κατενόησεν,
2085 4633 2326 4700 ἀξιώσας
2360 4636 2578 4708 πέμψαι
2622 4638 2716 4694 τὸν
2758 4638 3111 4711 Ἀλέξανδρον
3166 4639 3258 4692 τὸν
3290 4638 3577 4693 Μακεδόνα
3622 4639 3704 4703 εἰς

419 4736 663 4799 ἐκείνους
695 4735 823 4795 τοὺς
863 4733 1063 4794 τόπους
1110 4731 1202 4784 καὶ
1247 4728 1367 4797 ὄψει
1412 4728 1515 4797 τὴν
1564 4724 1743 4780 αἰτίαν
1774 4724 1874 4793 τῆς
1914 4724 2009 4778 τοῦ
2049 4726 2248 4780 Νείλου
2294 4730 2579 4801 αὐξήσεως
2652 4733 3015 4804 παραλαϐεῖν.
3083 4731 3174 4785 Διό
3217 4748 3384 4801 φησιν
3429 4733 3503 4794 ὡς
3548 4730 3706 4783 τοῦτο

419 4830 602 4884 οὐκέτι
650 4828 945 4899 πρόϐλημά
982 4829 1162 4881 ἐστιν’
1193 4823 1350 4894 ὤφθη
1396 4822 1506 4894 γάρ
1553 4818 1805 4890 φανερῶς
1838 4819 1921 4872 ὅτι
1948 4819 2007 4884 ἐξ
2047 4821 2217 4875 ὑετῶν
2266 4822 2397 4895 [717
2427 4824 2522 4898 Η.]
2574 4826 2759 4893 ubist,
2798 4830 2894 4883 καὶ
2936 4827 2996 4881 τὸ
3040 4825 3363 4899 παράδοξον,
3436 4825 3586 4878 ὄτι²⁸
3649 4827 3707 4877 ἐν

419 4926 533 4986 ἀἶς
580 4921 899 4995 ξηροτάτοις
942 4921 1129 4982 τόποις
1172 4918 1275 4987 τῆς
1319 4914 1637 4979 Αἰθιοπίας,
1668 4915 1728 4966 ἐν
1760 4905 1843 4975 οἷς
1880 4910 2012 4965 οὔτε
2052 4913 2262 4985 χειμὼν
2289 4916 2416 4971 οὔτε
2458 4918 2602 4991 ὕδωρ
2648 4921 2790 4990 ἐστὶ,
2816 4919 3104 4991 ξυμϐαίνει
3138 4918 3233 4973 τοῦ
3310 4916 3497 4989 θέρους
3562 4916 3712 4969 πλείο

426 5032 585 5079 στους
621 5014 814 5077 ὑετοὺς
854 5010 1121 5081 γίνεσθαι.
1794 5040 1799 5051 .

1699 5094 1933 5150 VARle
1988 5093 2284 5151 LECTION
2292 5096 2394 5150 ES.

508 5223 551 5253 ιτ
583 5221 661 5275 δὲ,
743 5219 785 5251 te
841 5214 1373 5290 epqvedwvj‘ec-tius
1416 5211 1620 5290 §uidas_
1646 5227 1697 5266 v.
1735 5210 2051 5290 ΔἈγχίνους
2086 5219 2150 5290 ¹(ξι
2204 5211 2418 5290 μνήμη
2476 5209 2597 5290 τ’-δέ
2650 5210 2709 5263 τὸ
2766 5209 2826 5275 ἐξ
2878 5204 2954 5290 ῶν
3011 5207 3182 5290 ἐμαθε
3236 5202 3631 5290 θηρεύειχςκαὶ
3663 5201 3709 5290 ’τι

432 5270 764 5365 μὴ-ἐμαθεν.
796 5270 1111 5365 ῌοῖεἰοιιξυε
1141 5285 1198 5365 es
1222 5284 1284 5336 τὸ
1313 5282 1374 5365 ἐξ
1397 5280 1562 5365 ,δι-μὴ
1577 5281 1689 5362 "Ep.
1730 5270 2005 5365 θηρεύειν.
2035 5270 2042 5272 ⁷
2085 5270 2418 5365 “ebeni-5:.-
2491 5282 2536 5313 ²⁰
2567 5280 2742 5365 ἥμισυ
2775 5270 2834 5345 ς’.
2915 5281 2957 5313 ³⁸
2991 5270 3055 5333 οῖ’
3077 5282 3143 5334 Α.
3179 5299 3193 5331 :
3237 5278 3271 5347 ὴ
3292 5270 3374 5341 "9.
3451 5277 3495 5306 "
3517 5273 3709 5327 λεπτό-

428 5351 583 5431 γεὶὒς’
607 5364 755 5415 ἐστιν
785 5364 818 5431 ἡ
854 5379 915 5426 ς.
993 5358 1041 5389 ³³
1074 5358 1282 5427 ἐτήσιοι
1316 5356 1383 5408 Α.
1462 5352 1507 5383 ²³
1534 5351 1643 5405 τῶν
1674 5362 1797 5407 ante
1827 5351 1934 5405 ἀπὸ
1973 5364 2083 5403 om.
2127 5352 2192 5403 A.
2271 5351 2315 5382 ’⁵
2348 5352 2429 5404 ὅτι
2464 5366 2575 5407 om.
2608 5351 2674 5404 A.

1916 5463 2146 5520 NOT/E.

506 5589 619 5655 (ll)
653 5587 787 5642 Vide
846 5584 1315 5657 Theophylactum
1359 5582 1737 5650 Simocattam,
1793 5580 1864 5636 De
1903 5581 2010 5633 vita
2056 5576 2302 5635 Mauritii
2342 5581 2493 5651 imp.,
2543 5581 2635 5636 lin.
2692 5580 2745 5647 7,
2797 5587 3060 5645 extremo,
3103 5570 3710 5641 Herodotum,,Melam

439 5671 491 5714 et
521 5658 693 5711 ανώνυ
705 5674 824 5728 μον.

2048 5788 2108 5798 -ο-
