4146 6428
1493 555 2329 855 (penei
2803 552 2821 559 ’
3421 553 3426 557 ⁴

618 962 1741 1164 ΜΥΡΙΟΒΙΒΑΟΝ
1867 966 1989 1097 Η
2044 958 3180 1119 ΒΙΒΛΙΟΘΗΚΗ.

1576 1375 2235 1541 ΡΗΟΤΙΙ

491 1665 1579 1799 MYRIOBIBLON
1722 1645 2119 1797 SIVE‘
2224 1658 3328 1797 BIBLIOTHECA.

1224 2106 1227 2107 κ
1334 2063 1710 2131 NOBILISS.
1743 2068 1839 2128 ET
1880 2023 2222 2129 AMPLtss.
2260 2069 2471 2141 vrtus

1078 2175 1398 2246 QUIBINO
1450 2177 2015 2253 RECIILINGERO,
2070 2180 2326 2273 MARCO
2377 2178 2742 2249 VELSERO,

948 2303 1324 2363 AUGUST/E
1348 2305 1936 2367 VINDELICORUM
1979 2308 2413 2368 DUUMVIRIS
2442 2308 2872 2368 PlL’EFECTIS

1340 2422 2050 2496 SEPTEMVIRUMQUE
2082 2426 2473 2499 CULLEGIO,

825 2539 1149 2609 DOMINIS
1206 2540 1296 2599 AC
1363 2538 1741 2598 PATRONIS
1792 2540 2204 2600 PLUBIMUM
2258 2541 2783 2600 OBSERVANDIS
2858 2541 2925 2599 8.
2960 2539 3023 2599 Ρ.

361 2654 589 2708 Photius
638 2652 749 2713 ille,
786 2654 1028 2707 omnium
1060 2655 1392 2708 eruditorum
1422 2662 1566 2707 (mtto
1595 2656 1789 2722 petitus
1821 2655 2039 2720 ambitu,
2072 2665 2219 2708 tanto
2245 2654 2403 2707 datus
2440 2653 2538 2724 (a),
2577 2656 2792 2708 tandem
2822 2669 2852 2707 e
2893 2655 3133 2707 tenebris
3173 2662 3358 2708 erutus
3404 2654 3537 2709 exit.

293 2742 413 2796 Etsi
445 2743 586 2794 enim
621 2755 683 2794 ea
718 2751 841 2794 sunt
876 2750 1061 2794 nostra
1111 2752 1376 2809 tempora,
1409 2742 1608 2809 quibus
1642 2757 1749 2796 non
1801 2742 1998 2808 injuria
2062 2740 2298 2805 dubites,
2336 2740 2526 2808 plusne
2572 2739 2839 2794 commodi
2875 2754 2940 2792 an
2980 2739 3305 2793 incommodi
3350 2754 3535 2810 respu-

294 2831 434 2883 blica
468 2827 732 2881 litteraria
766 2826 865 2880 sibi
898 2827 1093 2881 habeat
1120 2826 1401 2897 polliceri;
1435 2839 1721 2898 propterea
1755 2832 1897 2896 quod
1934 2828 2056 2880 alibi
2098 2828 2261 2889 bella,
2288 2818 2417 2887 alibi
2454 2827 2680 2880 erudita:
2715 2826 2972 2879 doctrinas
3004 2836 3346 2896 contemptus
3377 2837 3539 2896 atque

292 2919 503 2976 odium.
540 2915 750 2968 ruinam
784 2914 1020 2983 aliquam
1055 2915 1251 2968 minari
1285 2915 1617 2970 videantur:
1654 2926 1831 2970 tamen
1861 2932 1982 2971 cum
2016 2914 2083 2968 ab
2114 2914 2270 2968 anuis
2306 2914 2447 2967 haud
2487 2915 2559 2967 ita
2592 2914 2797 2977 multis,
2825 2925 3018 2983 prmter
3052 2915 3539 2983 exspectationem,

295 3003 529 3057 diversis
561 3018 591 3055 e
629 3002 785 3065 locis,
817 3010 870 3055 et
920 3004 1137 3070 quidem
1190 3003 1461 3056 nonnullis
1506 3019 1695 3071 parum
1742 3006 1950 3071 pacatis
1991 3011 2043 3055 et
2093 3000 2427 3070 tranquillis,
2473 2999 2801 3068 complures,
2838 3008 2977 3052 uola:
3012 3000 3248 3066 optimae,
3297 3009 3539 3054 veterum

297 3098 585 3141 auctorum
616 3087 738 3140 libri
770 3087 825 3140 in
858 3087 1032 3141 lucem
1066 3088 1391 3156 prodierint,
1419 3098 1582 3154 atque
1612 3089 1775 3141 etiam
1804 3105 1945 3143 nunc
1977 3088 2219 3159 quotidie
2256 3086 2633 3157 proferantur;
2668 3087 2907 3139 animum
2939 3100 3279 3154 nequaquam
3309 3087 3540 3156 despon-

296 3174 536 3228 demlum
574 3174 854 3227 duxerim.
888 3173 1088 3228 Verum
1126 3175 1175 3228 id
1213 3174 1429 3243 quidem
1467 3184 1570 3239 est,
1600 3177 1860 3230 szcculum
1893 3167 2020 3230 illud
2052 3192 2299 3241 aureum,
2325 3174 2467 3245 quod
2487 3175 2659 3239 aiunt,
2693 3174 2857 3228 fuisse
2891 3172 3215 3243 ἡγεμονικόν
3242 3216 3256 3238 ,
3288 3174 3535 3239 alterum,

294 3260 528 3330 Θυμιχόν
556 3276 571 3291 ·
600 3261 795 3328 quibus
824 3271 883 3315 et
923 3263 1206 3331 sapientiae
1244 3273 1295 3316 et
1336 3263 1671 3318 fortitudinis
1710 3265 1866 3317 laude
1898 3265 2142 3318 homines
2177 3264 2227 3317 in
2261 3264 2451 3332 primis
2483 3260 2850 3315 excelluerunt
2878 3279 2893 3313 :
2931 3266 3023 3315 sed
3055 3276 3228 3331 neque
3258 3262 3359 3316 hoc
3402 3273 3540 3317 tem-

298 3360 460 3415 pore,
503 3348 645 3416 quod
694 3347 1091 3417 ἐπιθυμητικὸν
1139 3349 1450 3418 indigitant,
1502 3352 1803 3419 sapientum
1856 3351 2097 3404 virorum
2143 3349 2409 3419 exempla,
2446 3349 2752 3415 virtuteque
2800 3347 3015 3402 heroica
3057 3349 3402 3417 praalitornm
3445 3350 3540 3405 de-

301 3446 465 3489 sunt:
503 3434 752 3507 Ἀρχαῖαι
783 3437 829 3488 δ’
860 3437 1056 3506 ἀρεταὶ
1088 3436 1169 3507 (ιιι
1192 3436 1369 3509 Lyrici
1401 3438 1581 3491 verbis
1617 3437 1759 3509 utar)
1786 3438 1933 3508 ἀμφὲ

1909 3438 2144 3510 ἔρονται,
2179 3435 2580 3505 ἀλλασσόμεναι
2607 3435 2822 3503 γενεαῖς
2854 3433 3089 3505 ἀνδρῶν,
3130 3434 3334 3498 σθένος.
3367 3434 3540 3489 Nitni-

302 3537 421 3575 rum
461 3526 712 3577 omnibus
757 3525 977 3580 saeculis
1019 3525 1187 3595 aliqui
1229 3526 1489 3579 divinitus
1530 3525 1859 3590 excitantur,
1898 3525 1990 3595 qui
2024 3524 2338 3592 disciplinas
2376 3522 2628 3577 liberales
2666 3532 3019 3591 propagatum
3062 3529 3211 3587 euut,
3255 3537 3374 3591 qua:
3413 3525 3542 3579 sola:

300 3625 474 3677 genus
508 3610 787 3663 hominum
835 3612 1043 3665 salvum
1092 3624 1255 3680 atque
1298 3613 1571 3667 incolume
1619 3623 1965 3667 conservant.
2002 3612 2118 3678 Quo
2163 3611 2460 3666 feliciorem
2501 3614 2638 3665 hanc
2672 3620 2885 3664 attatem
2921 3621 3163 3664 nostram
3198 3611 3402 3679 judico,
3436 3627 3540 3682 qua

296 3711 426 3748 cum
457 3696 544 3749 alii
589 3699 888 3765 scriptores
916 3700 1123 3766 antiqui
1156 3699 1490 3767 revixerunt,
1526 3708 1635 3751 tum
1674 3700 1817 3753 inter
1840 3711 2069 3755 czeteros
2101 3701 2188 3755 ille
2226 3701 2340 3769 ipse
2365 3700 2549 3769 (quem
2587 3696 2721 3767 dixi)
2753 3697 2808 3750 in
2844 3699 2989 3750 omni
3027 3712 3229 3767 genere
3265 3699 3541 3754 doctrina-

300 3797 424 3835 rum
458 3782 942 3850 praestantissimus
971 3784 1208 3853 scriptor
1227 3785 1471 3840 Photius.
1502 3784 1597 3838 Cui
1633 3796 1691 3839 ut
1719 3801 1746 3837 a
1777 3786 1977 3841 lumine
2006 3802 2220 3848 nomen,
2246 3780 2328 3839 ita
2359 3785 2478 3839 luce
2510 3785 2692 3837 tandiu
2713 3784 3014 3839 carendum
3047 3782 3237 3850 fuisse,
3266 3785 3539 3853 demiror;

310 3869 549 3932 auctori,
594 3869 800 3938 cujuse
824 3870 1144 3940 Myriobibio
1183 3872 1437 3940 theologi,
1480 3872 1696 3936 medici,
1732 3873 2007 3938 historici,
2044 3883 2314 3939 oratores,
2363 3872 2616 3942 philologi
2656 3872 2893 3940 denique
2932 3872 3266 3926 uberrimum
3306 3871 3539 3927 fructum

292 3962 357 4007 et
380 3956 836 4023 iucundissimum
868 3973 1065 4027 capere
1096 3970 1343 4028 possunt.
1388 3960 1442 4013 ld
1476 3961 1617 4028 quod
1657 3960 1869 4030 euIOgia
1910 3962 2128 4024 docent,
2166 3974 2287 4027 qua;
2324 3959 2449 4011 huic
2489 3958 2642 4027 operi
2689 3973 2835 4011 nunc
2862 3958 3098 4027 primum
3132 3974 3161 4013 a
3201 3961 3358 4015 nobis
3396 3962 3542 4016 edito

292 4034 658 4109 praepeneuda
702 4045 1041 4098 curavimus.
1084 4044 1217 4099 Nam
1267 4045 1517 4116 Eclogas,
1556 4063 1677 4102 cum
1716 4049 1988 4112 censuris,
2021 4062 2124 4100 non
2165 4061 2230 4099 ex
2274 4045 2339 4099 iis
2379 4045 2645 4098 duntaxat
2680 4043 2857 4111 libris,
2893 4045 2984 4114 qui
3030 4056 3151 4099 sunt
3193 4046 3245 4113 in
3292 4048 3541 4103 manibus

288 4127 420 4181 lere
446 4129 717 4193 omnium,
749 4130 977 4186 Photius
998 4133 1179 4186 attulit
1213 4135 1348 4188 :sed
1381 4135 1539 4204 longe
1567 4135 1723 4204 plura
1764 4149 1830 4189 ex
1864 4135 2076 4189 illorutn
2112 4135 2479 4188 monumentis
2508 4132 2962 4202 ἀποσπασμάτια,
2994 4135 3082 4201 qui
3124 4134 3205 4189 vel
3237 4145 3538 4204 temporum

294 4213 501 4281 injuria
532 4231 759 4285 prorsus
784 4220 993 4283 amissi,
1022 4222 1106 4275 vel
1136 4224 1492 4291 quorumdam
1527 4223 1887 4292 βιϐλιστάφων
1922 4220 2124 4275 invidia
2157 4221 2368 4274 nonnisi
2403 4219 2586 4274 blattis
2613 4220 2843 4288 expositi
2878 4229 3025 4274 sunt.
3054 4221 3243 4289 Neque
3269 4236 3335 4275 ex
3367 4221 3541 4276 sacris

296 4313 536 4365 tantum,
589 4306 682 4358 sed
727 4316 783 4359 et
818 4310 1023 4362 exteris
1068 4310 1451 4378 scriptoribus.
1501 4309 1634 4364 Tam
1681 4311 1824 4364 enim
1866 4310 2057 4364 horum
2108 4310 2329 4379 prodest
2377 4309 2557 4373 lectio,
2595 4307 2859 4377 judicium
2900 4308 2945 4362 si
2995 4309 3336 4373 adhibeatur,
3374 4326 3537 4379 quam

295 4388 470 4458 Moysi
521 4406 627 4444 non
682 4393 856 4446 obfuit
908 4394 1319 4464 Egyptiorum,
1382 4397 1589 4450 Danieli
1645 4397 2057 4461 Chaldmorum,
2119 4395 2180 4451 D.
2229 4395 2397 4450 Paulo
2453 4394 2768 4451 Grmcorum
2826 4394 3139 4464 disciplinas
3196 4397 3536 4464 cognovisse.

294 4474 563 4528 Israelitis
590 4476 829 4548 denique
860 4495 987 4535 vasa
1017 4498 1083 4536 ex
1107 4480 1343 4552 Egypto
1373 4484 1424 4537 in
1455 4482 1797 4538 Palaestinam
1843 4498 2025 4538 secum
2067 4483 2429 4539 transtulisse.
2462 4481 2588 4537 ideo
2631 4496 2840 4536 summa
2883 4481 2973 4535 hic
3008 4481 3133 4545 title,
3169 4483 3258 4551 qui
3298 4482 3539 4538 delectus

293 4564 507 4627 haberi,
542 4565 685 4617 unde
714 4566 836 4633 plus
880 4568 1125 4621 minusve
1157 4572 1466 4637 exspectari
1504 4572 1696 4640 possit,
1725 4571 1951 4625 Photius
1988 4572 2249 4625 ostendit.
2295 4570 2410 4625 Hoc
2452 4584 2589 4638 opus
2616 4568 2763 4623 varia
2796 4576 2851 4623 et
2889 4568 3171 4638 multiplici
3208 4579 3317 4623 tam
3358 4586 3535 4624 rerum

292 4664 461 4716 quam
494 4651 782 4705 verborum
813 4652 1074 4708 refertqu
1103 4657 1459 4725 supellectile,
1488 4660 1587 4711 viri
1617 4658 1967 4723 nobilissimi,
1995 4674 2092 4713 cur
2119 4659 2184 4711 Α.
2220 4656 2285 4713 γ.
2323 4668 2699 4712 consecratum
2740 4657 2922 4721 velim,
2964 4658 3148 4710 mutue
3183 4672 3358 4712 causae
3387 4665 3534 4712 sunt.

292 4734 357 4786 In
382 4735 487 4790 hac
519 4738 664 4791 enim
702 4740 834 4794 urbe
870 4741 945 4794 illi
984 4747 1216 4810 renasci,
1253 4745 1587 4800 cbaracteris
1632 4745 1900 4814 elegantia
1942 4745 2218 4809 exornari,
2243 4759 2275 4798 e
2308 4754 2485 4798 vestra
2522 4744 2719 4798 illustri
2758 4742 3091 4797 Bibliotheca
3131 4742 3348 4797 vulnera
3386 4759 3536 4813 quie-

292 4823 422 4874 datn
452 4824 661 4890 sanari,
703 4829 1052 4883 accessiones
1098 4832 1328 4900 denique
1382 4832 1521 4898 ﬁeri,
1569 4832 1816 4901 contigit.
1867 4831 1922 4884 ln
1972 4832 2076 4885 hac
2120 4846 2288 4884 musae
2320 4840 2374 4883 et
2411 4832 2598 4899 gratia:
2635 4829 2965 4883 domicilium
3008 4838 3179 4898 nacta:
3216 4829 3534 4896 creduntur,

291 4909 443 4976 quod
470 4909 511 4962 ii
543 4911 910 4977 gubernacula
958 4916 1268 4986 reipublicae
1296 4926 1536 4985 teneant,
1563 4919 1654 4987 qui
1686 4921 1752 4973 ab
1789 4921 2012 4974 ineunte
2044 4928 2203 4971 aetate
2232 4917 2429 4971 litteris
2457 4917 2709 4971 omnibus
2743 4915 2910 4970 dediti
2954 4915 3056 4970 hoc
3086 4931 3253 4985 genus
3291 4917 3533 4974 laborum

292 5005 356 5047 et
385 4997 640 5064 probant,
664 5008 718 5052 et
751 5016 845 5055 eos
879 5005 1137 5072 adjuvare
1166 5008 1427 5075 gestiunt,
1461 5009 1551 5076 qui
1592 5023 1810 5062 onmem
1847 5008 1901 5061 in
1942 5006 2131 5060 eodem
2172 5020 2393 5076 Operam
2429 5012 2659 5073 ponunt.
2696 5003 2749 5056 In
2786 5006 2909 5068 hac,
2943 5014 3125 5059 vestro
3155 5006 3419 5074 auspicio,
3450 5021 3536 5062 re-

293 5083 546 5137 centibus
583 5084 757 5153 iisque
797 5091 1141 5156 pervenustis
1186 5095 1327 5163 typis
1364 5094 1466 5148 alia
1499 5105 1664 5163 atque
1692 5095 1796 5148 alia
1832 5097 2113 5162 utriusque
2143 5093 2339 5159 lingua:
2367 5091 2701 5160 πονημάτια,
2732 5091 2880 5146 brevi
2922 5091 3180 5159 temporis
3213 5093 3407 5160 spatio,
3438 5107 3533 5147 ex-

297 5178 433 5218 cusa
478 5180 623 5225 sunt.
671 5174 725 5226 lu
782 5176 883 5230 hac
930 5178 1169 5247 denique
1213 5196 1490 5250 nunquam
1539 5180 1828 5235 defuerunt
1869 5181 1993 5247 viri,
2022 5196 2252 5251 quorum
2317 5181 2639 5233 auctoritate
2673 5179 2833 5233 codd.
2879 5194 3008 5233 mss.
3053 5188 3108 5233 et
3147 5179 3536 5248 impressorum

302 5251 596 5307 thesaurus
640 5272 933 5330 augeretur
977 5276 1143 5333 atque
1202 5274 1514 5321 ornaretur.
1564 5265 1711 5320 lntcr
1750 5283 1887 5335 quos
1927 5269 2055 5322 huic
2093 5284 2308 5345 quoque
2340 5266 2605 5322 Photiano
2648 5266 2799 5337 operi
2838 5266 3015 5321 locum
3047 5265 3341 5324 decernere
3372 5268 3435 5327 Α.
3465 5266 3530 5323 ν.

302 5352 500 5426 meque
533 5347 854 5413 patrocinio,
883 5366 990 5418 quo
1021 5353 1303 5417 hactenus,
1333 5353 1630 5409 clementer
1671 5355 1955 5423 complecti
2003 5366 2061 5409 ut
2101 5355 2377 5424 dignetur,
2415 5370 2513 5409 oro
2545 5355 2710 5409 etiam
2746 5363 2908 5423 atque
2936 5353 3121 5410 etiam.
3163 5353 3308 5417 Bene
3339 5355 3534 5426 valete,

302 5425 405 5478 viri
436 5430 781 5498 amplissimi,
814 5437 1025 5504 publice
1054 5448 1107 5492 et
1138 5441 1389 5507 privatim
1420 5442 1739 5505 incolumes,
1771 5456 1835 5495 ac
1862 5453 2128 5511 perpetuo
2158 5440 2435 5498 ﬂorentes.

648 5518 903 5590 Augusta:
944 5523 1099 5580 Vind.
1130 5542 1208 5581 xu
1248 5526 1372 5581 Kal.
1410 5529 1577 5597 April.
1618 5530 1755 5584 Ann.
1796 5528 2001 5584 MDCI.

1426 5629 1488 5679 A-
1545 5625 1600 5680 γ’
1647 5627 1712 5682 θ’
2055 5695 2287 5752 υΑγιο
2331 5694 2872 5764 "OESCHELIUS,
2906 5697 3265 5768 Augustanus.

379 5816 456 5885 (α)
492 5818 622 5870 Sen.
655 5817 796 5874 Med.
826 5822 952 5878 399.

623 5917 884 5982 Pyrum"
926 5922 1040 5984 Gn.
1081 5923 1244 5983 Clll.
3191 5934 3219 5990 1
