4146 6412
362 402 426 467 17
1695 400 2282 464 PROLEGOMENA.
3549 404 3614 469 18

361 508 643 579 loqueris?
668 506 894 578 iudicio,
933 506 1118 562 dicere
1158 506 1435 562 debebas:
1476 517 1531 561 ct
1580 506 1705 562 ideo
1751 508 1885 563 nihil
1934 511 2155 566 debere.
2197 510 2327 567 Mihi
2355 511 2541 576 crede,
2581 519 2645 565 ut
2667 510 2715 565 si
2743 510 2961 581 iuratus
2986 511 3042 566 in
3068 520 3256 568 senatu
3280 516 3608 575 sententiam

361 598 623 662 dicerem,
668 596 750 652 sic
776 596 909 651 dixi.
936 595 1075 650 Amo
1107 602 1160 648 te
1187 595 1527 664 jamdudum,
1563 596 1634 650 mi
1679 593 1924 664 Velsere,
1965 599 2058 653 sed
2102 597 2329 653 aﬂ‘ectus
2363 598 2507 653 illam
2537 597 2707 653 animi
2744 599 2919 654 lucem
2945 613 3050 653 non
3080 600 3424 658 obtenebrat.
3480 602 3611 672 Sed,

362 687 519 749 heus,
550 694 633 739 est
659 684 801 755 quod
829 684 1099 738 communi
1131 683 1498 736 litteratorum
1541 683 1760 739 nomine
1786 686 2254 749 commendemus,
2281 685 2365 741 vel
2399 695 2674 755 petamus.
2698 685 2929 740 Andreas
2960 685 3197 750 Schotti,
3231 688 3415 758 magni
3442 691 3607 747 amici

360 773 567 836 nostri,
592 768 845 832 Photius,
880 769 1104 823 Latinus
1144 768 1355 839 jamdiu
1406 770 1546 839 apud
1582 785 1679 824 vos
1724 781 1829 836 est,
1876 779 1930 825 et
1968 771 2186 840 quando
2235 770 2352 840 ipse
2392 770 2590 836 lucem,
2623 784 2723 826 nos
2750 785 2874 826 eum
2906 770 3249 827 videbimus?
3281 770 3445 830 Certe
3474 775 3614 831 inter

360 874 566 927 paucos
615 857 703 913 ille
737 859 977 926 scriptor
1020 866 1301 911 meretur:
1333 855 1424 927 qui
1458 856 1605 911 solus
1640 867 1717 910 tot
1765 857 2192 912 clarissimorum
2230 858 2569 928 ingeniorum
2616 865 2972 913 monumenta
3002 874 3033 913 a
3058 857 3174 914 fato
3215 858 3423 930 eripuit
3453 877 3469 915 :
3500 869 3614 917 toto

360 946 487 1001 dico
515 945 647 1011 lato,
678 955 735 1000 et
762 945 959 1000 saltem
998 944 1216 999 nomina
1243 956 1296 999 et
1329 944 1656 1010 scriptorum
1690 943 1834 999 velut
1858 944 2099 998 membra
2125 945 2385 999 servavit.
2417 944 2590 1011 Quam
2620 944 2818 999 multos
2840 944 2929 1000 ille
2955 944 3107 1015 legit,
3133 959 3198 1000 ex
3226 946 3301 1002 iis
3315 946 3500 1017 elegit,
3528 958 3607 1015 et,

361 1041 422 1086 ut
453 1032 535 1087 sic
563 1032 780 1102 loquar,
814 1031 1120 1097 deﬂoravit,
1150 1047 1287 1101 quos
1325 1046 1489 1086 nosse
1522 1031 1677 1086 nobis
1709 1030 1872 1086 aliter
1918 1028 2023 1085 non
2064 1031 2241 1086 esset?
2270 1030 2310 1083 E
2352 1032 2544 1098 sacris,
2578 1031 2843 1101 profanis,
2868 1033 3285 1097 tractatoribus.
3312 1033 3610 1099 historicis,

358 1121 692 1184 oratoribus,
726 1121 922 1188 poetis,
955 1128 1010 1174 et
1046 1120 1179 1174 nihil
1223 1127 1308 1173 est
1331 1120 1382 1173 in
1410 1118 1593 1174 Graeca
1623 1118 1767 1173 omni
1795 1117 2124 1181 litteratura,
2150 1129 2243 1171 aut
2275 1127 2332 1170 ut
2362 1118 2546 1173 verius
2578 1119 2781 1185 dicam,
2813 1119 3058 1185 libraria,
3088 1122 3234 1189 quod
3263 1121 3354 1177 ille
3378 1121 3467 1176 vir
3502 1136 3610 1177 non

358 1207 568 1263 libarit.
594 1206 1003 1262 Pulcherrimus
1034 1221 1153 1261 mos
1180 1206 1232 1260 in
1265 1221 1446 1260 mensa
1477 1204 1708 1276 legendi,
1740 1203 1827 1261 vel
1871 1205 2122 1261 audiendi
2149 1222 2165 1259 :
2198 1205 2293 1259 sed
2324 1205 2426 1259 iste
2465 1205 2748 1274 pulchrior
2773 1206 3086 1275 utiliorque,
3116 1208 3453 1272 annotaudi,
3478 1224 3613 1264 cen-

359 1296 539 1361 sendi,
569 1294 919 1364 excerpendi.
952 1293 1182 1349 Photius
1211 1292 1360 1359 fecit,
1391 1303 1446 1348 et
1479 1293 1569 1362 qui
1613 1291 1680 1347 ad
1728 1305 1828 1347 nos
1877 1305 2263 1363 pervenerunt,
2309 1293 2479 1352 solus.
2520 1294 2691 1349 David
2722 1294 3065 1352 Haascbelius
3101 1308 3305 1364 vester,
3334 1299 3615 1353 etvestris

357 1385 525 1440 etiam
554 1384 835 1453 auspiciis,
876 1381 1124 1437 Graecum
1157 1382 1430 1450 primitus,
1466 1392 1520 1434 et
1556 1382 1705 1435 varie
1748 1390 1912 1452 atque
1942 1380 2208 1436 industrie
2237 1383 2585 1451 castigatum,
2617 1382 2764 1437 dedit
2792 1400 2804 1438 :
2857 1383 2951 1437 sed
2977 1383 3121 1439 nosti
3154 1398 3262 1455 quo
3290 1392 3510 1440 ventum
3545 1386 3617 1439 sit

360 1473 575 1541 ignavia
623 1472 748 1537 :evi,
797 1471 957 1541 pauci
996 1470 1110 1525 lucc
1164 1469 1349 1539 legunt
1386 1478 1482 1522 aut
1514 1469 1756 1536 capiunt,
1785 1478 1840 1522 et
1876 1467 1978 1522 nisi
2023 1468 2215 1523 Latina
2270 1471 2567 1534 addantur,
2596 1485 2733 1540 pene
2783 1471 2958 1527 dicam
3014 1488 3122 1526 non
3177 1473 3414 1528 dedisse.
3475 1470 3616 1543 Ergo

359 1562 431 1617 Α.
458 1561 742 1629 Schottus,
774 1560 858 1616 vir
892 1561 1034 1614 bono
1060 1558 1277 1628 publico
1317 1568 1499 1622 natus,
1524 1556 1870 1619 allaboravit,
1900 1566 1957 1611 et
1996 1555 2248 1610 Latinum
2290 1566 2461 1611 totum
2490 1558 2661 1624 dedit,
2692 1567 2747 1612 et
2779 1558 2873 1612 tibi
2900 1558 3196 1614 commisit.
3228 1557 3368 1615 Ecce
3394 1559 3521 1630 jure
3558 1568 3609 1613 te

354 1649 687 1719 ﬂagitamus.
731 1646 842 1701 Fac
865 1647 1009 1716 quod
1034 1645 1178 1702 soles
1208 1654 1263 1699 et
1299 1654 1461 1699 natus
1490 1658 1571 1709 es,
1603 1659 1715 1698 rem
1758 1644 2027 1715 publicam
2065 1646 2149 1700 vel
2193 1646 2418 1715 privata:
2449 1653 2557 1700 tuae
2589 1647 2789 1701 damno
2814 1645 2962 1714 iuva.
2994 1644 3062 1701 Mi
3096 1647 3337 1711 Velsere,
3370 1648 3435 1699 da
3475 1646 3616 1700 hanc

355 1749 605 1802 operam,
637 1733 739 1788 etsi
778 1748 943 1803 quam
972 1732 1198 1800 trepidis
1229 1741 1285 1787 et
1308 1746 1445 1802 pene
1469 1731 1767 1802 desperatis
1792 1730 2035 1810 Europaz'
2064 1733 2256 1787 rebus!
2293 1732 2593 1802 Pannonia,
2632 1744 2687 1789 et
2712 1733 2822 1803 iam
2849 1733 3121 1804 illyricum
3159 1732 3474 1800 ﬁnitimum,
3497 1730 3613 1789 sol-

356 1820 535 1877 licitos
566 1836 665 1878 nos
696 1820 897 1876 habent
920 1836 936 1873 :
2248 1886 2251 1889 .

1342 1905 1462 1972 Quo
1485 1905 1691 1975 pondus
1728 1906 1869 1959 istud
1902 1906 2113 1975 verget?
2153 1906 2241 1957 ubi
2286 1915 2440 1973 ponet
2468 1906 2685 1961 minas?

356 1992 695 2065 Ubicunque,
726 2006 960 2059 stemus.
987 2004 1042 2050 et
1069 1994 1122 2049 in
1157 1994 1388 2049 honesto
1417 1993 1581 2056 ﬁrmi,
1613 2009 1829 2047 omnem
1863 1992 1957 2047 fati
1988 1994 2093 2046 vim
2127 1990 2481 2061 excipiamus,
2513 1994 2622 2050 imo
2651 1994 2957 2057 vincamus,
2986 1992 3040 2049 id
3064 2002 3168 2063 est,
3208 1992 3469 2050 feramus.

440 2081 591 2139 Vale.
623 2083 867 2149 Lovanii,
905 2082 1168 2155 postridie
1199 2080 1403 2136 Natalis
1427 2080 1717 2148 Dominici,
1750 2096 1892 2135 anno
1922 2079 2155 2134 MDCVI.

996 2312 1073 2372 IN
1128 2310 1535 2372 PHOTIAN/B
1590 2309 1981 2371 BIBLIOTHE

2022 2309 2116 2371 ΞιΈ
2169 2307 2984 2381 INTERPRETATIONEM,

887 2456 926 2499 Α
962 2455 1027 2498 R.
1066 2453 1127 2497 P.
1171 2453 1424 2498 ANDREA
1478 2452 1755 2497 SCHOTTO
1816 2450 1897 2495 DE
1957 2450 2294 2495 SOCIETATE
2331 2449 2483 2494 JESU
2531 2446 2760 2494 LATINB
2816 2448 3072 2493 ΕῡιτΑιι.
3156 2458 3161 2463 ·

1655 2558 1846 2614 Feder.
1876 2556 2165 2621 Jumotius,
2202 2555 2347 2612 Med.

348 2709 399 2762 Σ
406 2704 612 2769 κόττος
634 2701 745 2755 ἀπὸ
765 2699 999 2754 σκοτίοιο
1026 2698 1345 2770 φερώνυμός
1364 2698 1513 2751 ἐστιν
1527 2698 1758 2768 ὁμίχλης

2044 2698 2295 2753 Scitottua
2326 2697 2394 2751 ab
2419 2697 2651 2750 obscura
2676 2690 2824 2747 ducit
2852 2688 3083 2759 caligine
3110 2699 3305 2742 nomen

426 2795 647 2859 Φώτιος
667 2793 742 2857 ὡς
766 2790 1025 2862 λαμπροῦ
1058 2790 1289 2858 κληδόνα
1319 2789 1495 2856 φωτὸς
1518 2788 1651 2858 ἔχει.

348 2889 423 2940 Τί
433 2906 461 2937 ν
475 2886 517 2939 δ’
541 2886 700 2955 ἐπειὴ
727 2884 824 2937 καὶ
852 2884 1115 2946 Σκόττος
1134 2882 1424 2948 ἀπήγαγεν
1447 2880 1643 2951 ἀχλύος
1674 2880 1831 2951 αἰνῆς

421 2977 657 3031 Φωτικὰ
670 2974 1009 3045 λαμπρύνων
1029 2974 1333 3045 γράμματα
1361 2989 1502 3040 φωτι
1519 2973 1648 3043 νέῳ.

351 3071 530 3141 (Τοῖσι
555 3067 929 3136 παλαιγενέων
949 3066 1321 3137 σφραγίσσατο
1351 3063 1571 3131 Φώτιος
1592 3064 1802 3137 ἀνδρῶν

428 3163 726 3231 Μνὴριατα,
752 3161 991 3231 τιμήσας
1024 3159 1318 3227 στίγμασιν
1341 3157 1655 3228 ἅμφαδίοις)

352 3255 423 3307 ΕΞ
453 3253 610 3321 Θέμις
648 3252 971 3324 ἁτρεκέεσσι
1002 3250 1340 3321 πανατρεκὲς
1370 3249 1577 3319 οὕνομα
1603 3248 1797 3314 Osis/at,

429 3343 532 3407 '0;
554 3362 683 3398 mre
706 3346 963 3410 Σκόττος
982 3341 1097 3411 ἔην,
1125 3339 1345 3405 Φώτιος
1368 3340 1526 3403 ἄλλος
1559 3339 1659 3391 ἔοι.

359 3499 568 3555 Franc.
612 3500 861 3571 Sclwttns
883 3502 1014 3558 lure
1044 3503 1314 3558 consultus
1356 3519 1418 3555 ac
1443 3510 1654 3556 senator
1682 3500 1937 3565 Autuerp.

357 3614 528 3669 l’hati
554 3616 778 3686 scripta,
809 3617 959 3685 prius
990 3616 1080 3686 qui
1125 3631 1267 3670 caeco
1301 3629 1525 3670 carcere
1557 3612 1798 3679 clausus,

436 3706 722 3773 Horridus,
757 3707 988 3772 invisus,
1023 3718 1183 3761 nocte
1217 3708 1420 3761 latebat
1450 3707 1619 3769 iners,

355 3798 561 3853 Eduxit
598 3800 851 3867 quoniam
882 3798 999 3852 dias
1036 3798 1088 3851 in
1125 3797 1345 3852 luminis
1373 3812 1517 3861 oras,

433 3888 626 3944 Frater
654 3890 906 3956 amande,
939 3889 1104 3943 animi
1146 3889 1540 3957 dimidiumque
1573 3886 1700 3947 mei,

354 3980 701 4036 Cratuloret
726 3982 898 4045 laetor,
942 3982 1123 4049 prisco
1156 3981 1353 4034 dehinc
1392 3994 1544 4034 more
1584 3989 1868 4048 parentum

434 4072 630 4128 Grates
656 4084 807 4141 grata
839 4073 965 4128 velit
996 4075 1208 4127 solvere
1234 4073 1548 4141 posteritas.

356 4167 480 4220 Lux
514 4168 750 4219 tenebrae
781 4166 866 4218 hic
892 4164 1073 4219 latisto
1101 4164 1425 4233 conspirant
1455 4163 1656 4226 omine,
1686 4162 1871 4216 lucens

432 4256 679 4326 Namque
712 4257 947 4312 obscura
970 4257 1120 4325 prius
1148 4254 1480 4308 Bibliotheca
1512 4264 1681 4322 patet.

368 4352 481 4405 Lux
513 4350 676 4403 mica‘t
710 4366 741 4403 e
790 4350 1029 4405 tenebris
1074 4364 1141 4403 en
1185 4358 1369 4402 mutua
1403 4363 1417 4401 :
1450 4362 1664 4415 noxque
1698 4346 1941 4402 vicissim

434 4442 665 4504 Lumen.
699 4449 752 4495 et
778 4451 895 4495 atra
931 4442 1047 4496 dies
1084 4455 1112 4494 a
1134 4440 1328 4510 iubare
1360 4440 1657 4508 accipiunt.

359 4532 548 4588 Fallor
570 4548 638 4586 an
673 4532 940 4615 aspicient
969 4534 1119 4601 pulsa
1154 4532 1386 4600 caligine
1418 4531 1577 4585 ocelli

435 4623 659 4687 Lucem,
694 4634 873 4678 mente
897 4622 1064 4678 Deum
1090 4625 1423 4694 iustitiaeque
1450 4620 1614 4689 iubar
1636 4620 1659 4673 Ἰ

362 4716 532 4769 Photi
563 4732 757 4770 munus
785 4719 891 4770 erit
918 4725 994 4770 tot
1017 4716 1154 4771 lecta
1185 4715 1458 4771 volumina
1492 4711 1740 4775 Graium,

436 4806 644 4861 δάιοιιὶ
673 4807 779 4861 erit
807 4808 920 4861 hch
947 4807 1104 4862 Latio
1131 4808 1336 4862 reddita
1371 4820 1533 4874 posse
1566 4804 1691 4873 legi.

359 4939 595 4993 Joannes
645 4938 875 4992 Bachius
900 4937 958 4994 S.
996 4937 1060 4995 P.
1108 4938 1176 5006 Q.
1203 4939 1577 5009 Antuerpieusi
1618 4955 1647 4990 α
1683 4936 1933 4991 Secretis.

363 5069 450 5122 Nil
484 5070 584 5123 nisi
624 5084 821 5125 nomen
852 5071 1058 5125 habens
1108 5086 1137 5125 a
1166 5071 1390 5136 lumine,
1425 5072 1645 5125 luminis
1677 5086 1872 5139 expers

440 5159 688 5226 Pharius,
719 5171 774 5215 et
806 5163 1051 5218 tenebris
1075 5162 1304 5218 obrutus
1336 5172 1499 5233 atque
1530 5164 1657 5227 situ,

365 5251 704 5321 Squallebat,
737 5254 1023 5323 tineasque
1058 5254 1149 5309 diu
1198 5256 1453 5325 pascebat
1482 5257 1684 5310 inertes

437 5344 688 5410 Abditus,
709 5353 763 5400 et
791 5346 984 5416 patriis
1013 5346 1231 5402 sedibus
1259 5347 1415 5402 exsul
1443 5357 1583 5401 erat.

365 5436 717 5505 Aspectuque
763 5452 957 5491 carens
1000 5439 1302 5502 hominum,
1355 5439 1543 5507 procul
1578 5438 1712 5493 orbe
1742 5438 1942 5492 latebat

439 5510 727 5590 Hesperio,
757 5525 974 5579 clausus
1002 5540 1247 5591 carcere,
1280 5524 1419 5581 lucis
1448 5527 1621 5594 inops.

367 5614 437 5666 At
480 5610 705 5668 Schoms
733 5615 982 5671 obscuris
1016 5628 1211 5671 nomen
1245 5618 1336 5687 qui
1370 5618 1518 5671 ducit
1545 5617 1612 5672 ab
1636 5618 1842 5672 umbris

439 5702 598 5771 (Mira
631 5718 767 5760 cano
796 5707 942 5762 tenui
980 5708 1246 5773 carmine,
1277 5724 1402 5761 vera
1453 5709 1660 5776 tamen)

370 5796 525 5851 i-Jruit
553 5798 606 5852 in
639 5800 804 5856 densa
837 5802 1066 5870 positam
1100 5802 1329 5871 caligine
1361 5800 1532 5857 lucem
1568 5818 1581 5854 :

2116 2789 2336 2844 Photius
2365 2798 2422 2843 ut
2454 2786 2585 2867 clari
2614 2783 2836 2839 luminis
2868 2796 3027 2838 omen
3065 2780 3244 2834 habet.

2043 2882 2175 2937 Cum
2201 2890 2379 2934 tamen
2404 2862 2550 2933 hunc
2564 2876 2814 2933 Schamta
2838 2870 3136 2928 tenebrosis
3153 2869 3357 2925 eximat
3377 2862 3609 2930 umbris,

2116 2970 2345 3025 Lumine
2374 2984 2495 3023 cum
2524 2967 2720 3021 lustret
2751 2964 2976 3018 Photica
3012 2963 3211 3031 scripta
3249 2974 3389 3015 novo
3415 2974 3436 3017 :

2046 3040 2491 3135 (Scriptaquibus
2511 3072 2707 3115 censor
2724 3065 2968 3111 veterum
2992 3061 3342 3107 monumenta
3371 3050 3616 3107 virorum

2123 3153 2344 3207 Photius
2374 3151 2625 3221 obsignat
2650 3149 2911 3205 liberiore
2942 3144 3090 3214 nota)

2052 3245 2187 3300 Vera
2221 3243 2347 3298 licet
2373 3240 2516 3297 veris
2546 3239 2591 3295 si
2630 3252 2836 3309 ponere
2858 3235 3075 3292 nomina
3108 3232 3269 3288 rebus

2120 3335 2223 3403 Qui
2249 3334 2407 3388 modo
2436 3330 2683 3386 Schottur
2706 3338 2848 3393 erat,
2874 3326 3097 3382 Plautius
3126 3324 3263 3379 alter
3283 3323 3407 3379 erit.

2114 3494 2209 3550 Sic
2243 3499 2497 3564 reparant
2530 3488 2766 3545 tenebrat
2792 3484 3019 3551 lumina,
3051 3500 3269 3554 noxque
3304 3484 3472 3541 diem.

2043 3585 2451 3654 (Edipodioniat
2483 3583 2714 3638 redeunt
2750 3578 3037 3651 aenigmata
3069 3577 3349 3649 Sphingis,

2118 3676 2225 3731 Nec
2256 3689 2353 3731 sua
2390 3681 2573 3729 nostra
2608 3671 2787 3726 minus
2810 3668 3009 3724 saecula
3041 3679 3283 3725 monstra
3307 3665 3509 3721 ferunt.

2045 3765 2304 3835 Quisquis
2333 3773 2391 3819 at
2417 3762 2735 3817 umbrarum
2770 3760 2872 3815 sub
2922 3759 3143 3814 nomine
3172 3758 3317 3815 clara
3351 3766 3547 3823 tuetur,

2116 3855 2249 3923 Quae
2276 3854 2504 3910 Schotua
2536 3851 2733 3908 illustri
2768 3850 2971 3905 lumina
3004 3859 3187 3904 mente
3217 3850 3373 3920 tegit,

2046 3941 2383 4015 Insignisque
2416 3941 2517 3997 viri
2543 3954 2695 3996 raras
2729 3938 3007 3994 examinat
3034 3948 3204 4004 artes,

2117 4036 2263 4102 Quas
2290 4043 2472 4099 stupet
2498 4041 2554 4089 et
2578 4032 2819 4098 Latium,
2848 4031 3060 4088 Graecia
3092 4040 3202 4085 tota
3233 4039 3412 4100 stupet
3439 4053 3455 4087 :

2045 4125 2162 4183 Non
2189 4127 2389 4182 mirum
2414 4134 2497 4181 est
2530 4125 2674 4181 illam
2703 4124 2884 4180 radios
2911 4124 3186 4192 emittere,
3215 4124 3385 4190 dicet,

2118 4219 2414 4290 Lampada,
2442 4218 2624 4274 lumen
2653 4216 2818 4273 habet
2845 4216 3071 4272 Photius
3106 4216 3250 4273 unde
3280 4231 3462 4271 suum.

2045 4309 2156 4366 Nec
2195 4310 2386 4366 rutilas
2417 4307 2673 4380 praeferre
2706 4306 2854 4364 faces
2889 4306 3178 4363 mirabitur
3206 4308 3478 4372 umbram,

2116 4403 2249 4471 Quae
2280 4404 2455 4458 lucem
2482 4403 2624 4458 hanc
2654 4402 2778 4460 aliis
2808 4401 3056 4471 pluribus
3081 4411 3208 4457 ante
3240 4401 3382 4457 tulit.

2049 4496 2287 4563 Salvete,
2324 4510 2357 4551 ο
2388 4494 2646 4562 tenebrae,
2671 4493 2896 4565 fulgenti
2932 4493 3053 4548 luce
3091 4507 3362 4557 coruscae,

2120 4587 2204 4644 Sit
2227 4586 2362 4642 satis
2394 4588 2498 4643 hoc
2532 4586 2728 4643 vestris
2755 4585 3004 4641 muneris
3042 4599 3165 4641 esse
3193 4585 3363 4639 decus
3399 4601 3414 4640 :

2049 4677 2271 4734 Photius
2312 4678 2373 4732 in
2403 4676 2641 4735 medium
2673 4678 2819 4747 quod
2849 4676 3036 4748 purior
3055 4684 3215 4732 exeat
3237 4675 3451 4741 orbem,

2117 4770 2235 4826 Lux
2270 4785 2300 4827 e
2333 4770 2498 4834 nube,
2536 4768 2703 4825 redux
2738 4782 2980 4833 carcere,
3022 4776 3181 4823 nocte
3206 4768 3388 4836 iubar.

2050 4882 2457 4939 Maximiiianus
2535 4880 2817 5006 Vrieméius
2862 4882 3097 5004 taenatui
3183 4879 3521 4937 Gandavmi
3586 4900 3620 4936 α

2743 4967 2856 5006 ecre
2885 4969 2950 5006 ts.

2743 4967 2950 5007 εοτειη.

1950 5042 1972 5062 ’
2047 5070 2157 5125 lies
2181 5069 2339 5133 mira,
2374 5076 2430 5122 at
2461 5081 2586 5122 vera
2628 5074 2736 5131 est,
2771 5078 2876 5120 non
2921 5064 3075 5120 claro
3098 5064 3304 5120 lumine
3331 5064 3622 5121 Sckomtm

2116 5161 2397 5215 Clarorem
2426 5173 2456 5212 a
2489 5157 2703 5213 nebulis
2729 5170 2987 5227 spargere
3015 5170 3177 5226 posse
3206 5152 3361 5211 suis.

2052 5252 2215 5307 Ducis
2244 5261 2300 5305 et
2332 5258 2616 5320 expertem
2646 5250 2814 5305 decus
2837 5258 2894 5304 et
2925 5247 3088 5317 iubar
3118 5247 3322 5305 addere
3348 5247 3482 5308 luci.

2124 5343 2449 5411 Scriptaque
2481 5350 2562 5395 tot
2590 5349 2835 5395 veterum
2866 5338 3228 5394 detenebrare
3256 5345 3492 5408 patrum.

2052 5435 2309 5498 Mentior,
2341 5443 2398 5488 at
2424 5442 2578 5488 vetus
2607 5431 2697 5486 ille
2728 5444 2902 5484 novus
2943 5428 3109 5485 modo
3146 5426 3393 5494 Photius,
3424 5429 3555 5484 olim

2122 5525 2335 5590 Clarus,
2368 5534 2426 5577 at
2453 5524 2581 5578 inde
2606 5535 2721 5577 aevo
2752 5518 2969 5575 nubilus
2999 5529 3164 5588 atque
3193 5519 3325 5574 situ.

2049 5616 2153 5682 Qui
2190 5617 2362 5685 patria
2392 5616 2459 5668 de
2485 5624 2643 5669 nocte
2676 5626 2846 5667 novas
2883 5611 3044 5666 modo
3075 5610 3213 5663 lueis
3242 5609 3295 5664 in
3324 5624 3453 5667 oras

2121 5707 2328 5773 Emica,
2362 5705 2617 5761 Ausoniae
2652 5702 2879 5759 illustris
2908 5703 3117 5756 honore
3149 5710 3289 5769 toga:
3322 5717 3338 5755 :

2050 5800 2141 5855 llle
2171 5815 2271 5857 suo
2305 5800 2453 5856 solus
2484 5797 2700 5867 dignam
2746 5810 2847 5866 pro
2873 5794 3091 5850 vindice
3122 5807 3345 5851 causam
