4146 6420
557 389 624 454 19
1656 400 1755 461 AD
1811 402 2075 461 PHOTII
2116 404 2681 467 BIBLlOTIIECAM
3715 411 3787 475 20

623 500 793 567 Dicet,
831 509 885 557 et
913 507 1118 574 accepti
1157 505 1375 563 luminis
1402 523 1572 578 usque
1608 525 1835 577 memor,

556 593 659 649 Uni
685 593 806 664 plus
842 596 1064 652 Schotto
1096 600 1295 655 debere
1327 600 1604 666 fatebitur,
1637 603 1738 671 ipsi

621 685 795 750 Quam
831 685 955 751 sibi,
988 702 1147 755 quam
1180 689 1300 753 soli,
1329 706 1491 760 quam
1522 694 1805 762 patrioque
1832 694 1976 748 solo.

759 775 1018 831 Jeremt’as
1052 777 1405 834 Pieruenwus
1424 782 1879 850 jure-consultus.

555 864 687 929 Quis
715 868 902 921 credat
932 884 1099 924 carros
1130 874 1446 940 progignere
1474 889 1632 942 posse
1658 877 1895 930 tenebras

622 948 870 1018 Lumina,
907 954 1161 1013 Pbmbeis
1189 960 1451 1015 lucidiora
1481 964 1694 1019 oculis?

549 1042 666 1099 Non
699 1059 819 1114 ego,
853 1062 957 1102 non
995 1050 1210 1119 physica
1241 1052 1526 1123 quisquam
1558 1056 1625 1109 de
1653 1068 1810 1127 gente
1842 1062 2113 1127 sacerdos,

627 1135 852 1206 Ullaque
886 1155 991 1194 non
1020 1139 1231 1209 Sophia:
1267 1145 1425 1200 docta
1463 1150 1797 1216 magisteria.

550 1225 662 1281 lloc
688 1229 793 1281 nisi
816 1228 928 1298 jam
964 1231 1117 1285 nobis
1132 1232 1387 1300 iussisset
1415 1239 1639 1293 credere
1666 1238 1937 1306 Schottua,

626 1318 850 1375 Photitu
886 1331 936 1376 et
975 1325 1128 1379 caecis
1156 1326 1364 1380 lucidus
1393 1345 1425 1381 α
1452 1329 1697 1396 tenebris,

551 1412 650 1478 Qui
684 1428 825 1468 nunc
840 1412 1219 1485 ScitottiOpera
1240 1419 1389 1485 (ante
1418 1420 1637 1473 nitentia
1670 1421 1886 1476 nubilus
1905 1439 2026 1491 ora,
2048 1434 2104 1480 et

619 1501 802 1560 Multis
830 1505 990 1560 dente
1021 1508 1121 1561 aevi
1144 1510 1328 1562 saucia
1362 1510 1695 1578 vulneribus)

549 1595 817 1663 lntegrior
838 1600 1015 1668 patrio
1037 1601 1214 1668 prodit
1239 1601 1517 1656 redimitus
1540 1604 1762 1660 amictu.

622 1687 732 1744 Nec
762 1689 939 1745 minus
962 1692 1198 1747 Ausonia
1233 1693 1432 1748 clarior
1456 1694 1507 1746 in
1535 1694 1738 1749 tunica.

546 1776 665 1832 Non
689 1793 849 1836 secus
873 1796 937 1836 ac
972 1784 1144 1838 noctis
1172 1784 1324 1853 nigra
1354 1800 1474 1839 cum
1503 1795 1653 1840 veste
1680 1785 1926 1841 videmus

619 1868 931 1939 Obnuptum
956 1871 1160 1936 Solem,
1188 1873 1273 1928 vel
1310 1874 1507 1943 pluviis
1536 1874 1769 1937 nebulis,

551 1958 714 2015 Veste
739 1961 1081 2017 tenebrarum
1108 1963 1299 2028 scissa,
1339 1975 1392 2019 et
1429 1966 1564 2019 sudo
1596 1966 1816 2031 adhere,
1846 1965 1949 2021 tela

624 2051 832 2119 Ejicere
867 2053 1122 2108 hesterna
1160 2054 1419 2110 lucidiora
1448 2056 1555 2111 die.

549 2145 725 2206 Quare
751 2144 875 2199 dum
915 2161 1069 2201 roseo
1108 2148 1327 2216 fulgebit
1363 2148 1552 2203 lucifer
1579 2164 1695 2211 ore,

624 2233 689 2287 Et
722 2236 902 2288 veniet
933 2235 1144 2292 fuscum
1185 2254 1288 2292 nox
1321 2240 1577 2308 adoperta
1604 2250 1784 2309 caput,

555 2325 715 2380 Phott’
741 2328 808 2379 ab
837 2327 1031 2383 illustri
1062 2329 1294 2383 radiabit
1327 2330 1524 2384 Iuntina
1556 2330 1825 2398 SrItottus,

625 2418 689 2473 Et
724 2418 1093 2475 Schottica'ct's
1130 2420 1351 2476 Photius
1380 2423 1683 2479 atencbris.

1211 2510 1476 2579 Δδηλον.

556 2600 631 2653 Ite
658 2601 727 2668 pii
757 2616 964 2665 manes,
999 2611 1053 2656 et
1085 2602 1239 2656 Photi
1267 2603 1445 2658 nobile
1479 2603 1657 2659 lumen

619 2689 833 2753 Jndicii,
871 2709 973 2759 qua
1013 2694 1092 2748 sol
1127 2696 1299 2765 porgit
1330 2706 1612 2764 utramque
1650 2697 1839 2750 facem.

556 2781 805 2836 Salienus
848 2794 897 2837 te
928 2785 1222 2853 Hesperiis,
1257 2785 1504 2840 Sehottus
1535 2796 1585 2840 te
1614 2797 1793 2841 sacrat
1832 2786 1978 2851 Eois,

620 2874 868 2932 Schottus
895 2889 945 2932 et
973 2877 1096 2933 Eois
1126 2888 1317 2948 gratus
1342 2888 1396 2933 et
1424 2879 1721 2948 Hesperiis.

553 2968 762 3022 Cuncta
789 2970 976 3024 videns
1002 2970 1256 3025 nimirum
1279 2971 1397 3025 haec
1417 2973 1617 3026 mundo
1643 2972 1775 3026 scita
1802 2971 2120 3052 dabatmens

627 3058 786 3116 Stare
817 3060 935 3115 loco
966 3064 1146 3116 mundi
1181 3066 1349 3132 prima
1381 3064 1646 3117 elementa
1673 3062 1903 3130 jnbens,

558 3149 626 3205 Ut
656 3166 800 3206 caeco
829 3151 915 3205 lux
955 3153 1095 3206 alma
1128 3156 1264 3207 chao
1303 3155 1517 3207 viduata
1552 3162 1768 3208 sereuet

2290 514 2505 580 Omnia,
2540 528 2650 572 tum
2681 518 2853 574 lucem
2876 533 2981 572 nox
3013 517 3228 575 inimica
3257 528 3465 591 premat
3492 539 3506 575 :

2218 607 2384 676 Inque
2417 610 2588 663 vicem
2620 610 2793 663 noctis
2827 624 2966 664 nova
2992 609 3081 664 lux
3109 622 3456 681 superenatet
3482 628 3684 682 aequor,

2292 699 2357 753 Et
2381 701 2551 754 niteat
2581 701 2749 755 veteri
2785 711 2933 770 grata
2962 713 3183 771 parente
3212 704 3401 773 magis.

2219 789 2275 844 In
2309 801 2547 845 veterum
2574 791 2767 846 molem
2799 792 3125 862 scriptorum
3158 791 3381 848 ΡΙιοιίιη
3408 794 3535 849 olim

2292 882 2567 936 Indiderat
2595 882 2794 945 lucem,
2818 882 3011 949 judicii
3047 884 3199 937 radio
3241 902 3255 938 :

2209 973 2291 1026 .At
2324 974 2529 1026 radium
2569 974 2845 1041 excipiens
2879 974 3015 1027 texit
3050 974 3343 1045 longinqua
3379 986 3659 1033 vetustas:

2288 1060 2530 1115 Schottus
2559 1062 2626 1114 ab
2660 1062 2877 1132 ingenio
2905 1062 3113 1115 rettulit
3135 1078 3260 1117 ecce
3296 1064 3459 1118 diem.

2217 1151 2371 1206 Nunc
2402 1152 2617 1207 tandem
2650 1154 2821 1223 portis
2848 1154 3029 1206 mundi
3067 1153 3435 1221 bipatentibus
3462 1156 3623 1221 infer,

2291 1244 2613 1299 Damnatum
2639 1244 2877 1299 tenebris
2907 1244 3083 1299 nobile
3111 1242 3291 1297 Photii
3313 1260 3464 1313 opus.

2225 1335 2442 1391 Photius
2473 1336 2675 1404 ingenti
2709 1335 2881 1403 potuit
2909 1335 3122 1388 clarere
3156 1334 3319 1388 nitela
3353 1352 3368 1388 :

2292 1427 2398 1481 Sed
2434 1441 2588 1495 mage
2616 1427 2852 1495 praesidii
2884 1426 3083 1481 lumine
3111 1426 3323 1481 Schotte
3353 1427 3451 1480 tui.

2221 1517 2297 1574 Ite
2326 1519 2397 1588 pii
2426 1533 2616 1573 manes
2642 1518 2859 1573 Schotto
2890 1519 3047 1583 duce,
3072 1529 3127 1573 et
3156 1519 3373 1587 auspice
3404 1517 3647 1586 Schotto,

2219 1610 2631 1679 Semiadaperta
2670 1608 2842 1678 prius,
2873 1624 3016 1663 nunc
3043 1610 3295 1679 adaperta
3323 1610 3409 1664 via
3438 1619 3545 1668 est.

2862 1724 2919 1778 'A
2927 1723 3138 1792 δηλσν.

2220 1836 2426 1891 Nomen
2459 1834 2650 1898 babes,
2680 1833 2854 1899 Scote,
2883 1849 2914 1888 a
2951 1835 3210 1898 tenebris,
3236 1850 3264 1886 a
3288 1834 3491 1887 lumine
3521 1848 3715 1887 nomen

2292 1925 2517 1979 Photiur
2546 1939 2566 1978 :
2603 1924 2692 1978 ille
2712 1924 2932 1989 librum,
2966 1924 3189 1979 conficis
3218 1925 3330 1991 ipse
3364 1935 3541 1976 notas.

2221 2016 2426 2073 Umbra
2453 2018 2512 2068 lit
2539 2014 2809 2083 interpres
2839 2013 2998 2075 lucis,
3025 2014 3146 2083 quis
3168 2013 3414 2067 crederet
3449 2007 3722 2079 unquam?

2289 2105 2403 2160 Hoc
2438 2104 2608 2159 lucem
2636 2114 2721 2158 est
2761 2104 3002 2157 tenebris
3034 2104 3279 2172 gignere,
3308 2106 3475 2155 nocte
3501 2101 3665 2155 diem.

2218 2196 2365 2264 Quas
2406 2211 2510 2250 non
2539 2195 2794 2249 discutiet
2826 2205 2913 2248 tua
2948 2194 3062 2257 lux,
3090 2212 3122 2248 ο
3149 2191 3325 2258 Scote,
3361 2195 3637 2248 tenebras.

2291 2285 2349 2342 Si
2373 2286 2546 2341 lucem
2577 2285 2815 2340 illustrat
2848 2285 3082 2339 nominis
3109 2285 3297 2338 umbra
3330 2285 3439 2338 tuil

2865 2394 3140 2463 Ἄδηλον.

2223 2512 2356 2565 Dum
2391 2520 2480 2565 tua
2510 2510 2799 2581 prteclaros
2820 2522 3072 2565 auctores
3105 2512 3307 2579 scripta
3345 2518 3653 2574 recensent,

2293 2604 2405 2658 Hos
2425 2603 2566 2655 inter
2587 2600 2769 2656 Scotto
2796 2602 2981 2655 debuit
3007 2616 3129 2654 esse
3158 2600 3327 2653 locus.

2222 2695 2359 2761 Quid
2403 2693 2592 2757 facias,
2624 2694 2780 2747 docte
2812 2707 2845 2745 ο
2877 2690 3060 2757 Photi,
3089 2706 3214 2745 cum
3251 2702 3497 2760 tempora
3531 2700 3715 2746 nostra

2296 2785 2416 2839 Sint
2451 2784 2636 2852 procul
2663 2800 2693 2837 a
2727 2783 2922 2837 vestris
2950 2783 3139 2837 dissita
3170 2781 3545 2850 temporibus?

2223 2874 2301 2928 Ne
2332 2875 2515 2929 dubita
2545 2892 2562 2929 :
2599 2872 2830 2937 Scottus,
2854 2888 2964 2943 quo
2997 2889 3137 2926 nunc
3159 2874 3457 2942 interprete
3487 2872 3691 2940 prodis,

2296 2966 2439 3032 Quot
2462 2965 2704 3020 celebras
2729 2965 2999 3029 homines,
3036 2974 3115 3017 tot
3137 2965 3284 3017 subit
3312 2965 3425 3032 ipse
3456 2963 3625 3018 locos.

2225 3059 2281 3112 Si
2325 3072 2395 3120 te,
2430 3057 2625 3122 Scotte,
2660 3068 2813 3127 potes
2846 3066 3114 3131 transacta
3145 3055 3197 3109 in
3230 3055 3424 3109 saecula
3452 3054 3615 3119 ferre,

2292 3152 2373 3205 Au
2404 3162 2619 3205 taceant
2657 3165 2857 3203 nomen
2879 3148 3022 3204 secla
3054 3148 3234 3201 futura
3266 3145 3461 3199 tuum?

591 3275 3754 3304 W—ﬂ

1186 3433 1363 3493 AND.
1394 3432 1708 3494 SCHOTTI
1754 3435 1908 3494 SOC.
1942 3435 2136 3495 JESU.
2185 3434 2264 3496 ΙΝ
2314 3434 2573 3494 PIIOTlI
2602 3430 3159 3493 BIBLIOTHECAM

1709 3603 2558 3692 ΠΡΟΛΕΓΟΜΕΝΑ.

627 3878 732 3946 Qui
762 3877 861 3935 sibi
898 3878 1195 3948 scriptores
1217 3876 1467 3946 antiquos
1503 3875 1891 3946 interpretandi
1940 3884 2121 3946 partes

554 3970 682 4025 olim
709 3980 1076 4039 sumpserunt,
1105 3980 1161 4022 ut
1186 3968 1279 4039 qui
1328 3967 1606 4023 Platonem
1655 3977 1817 4036 atque
1859 3968 2125 4020 Aristote-

555 4060 658 4115 lem
718 4061 1162 4130 pltil050pborum
1229 4061 1501 4129 principes
1553 4059 1906 4113 illustrandos
1952 4056 2124 4112 Grzeci

553 4162 901 4215 censuerunt,
938 4151 1244 4205 Alexander
1277 4151 1665 4220 Aphrodisieus
1690 4190 1706 4213 ,
1762 4148 2117 4211 Tltemistius,

559 4243 892 4311 Simplicius,
928 4242 1172 4307 Proclus,
1224 4240 1660 4312 Olympiodorus,
1701 4239 2041 4304 Ammanins,
2072 4248 2127 4293 et

556 4331 908 4400 Philoponus,
972 4333 1007 4387 ii
1068 4332 1183 4387 fere
1236 4332 1451 4401 praefari
1519 4331 1697 4387 solent
1748 4332 2006 4402 copiose,
2061 4329 2127 4384 de

556 4436 800 4491 auctore,
835 4425 1062 4494 scripto,
1093 4434 1430 4489 argumento,
1475 4425 1633 4479 modo
1661 4439 1724 4478 ac
1749 4423 2129 4489 metbodo,or-

554 4516 679 4570 diue
704 4527 758 4569 et
807 4526 1079 4586 tempore;
1118 4524 1231 4569 tum
1259 4515 1325 4569 de
1360 4515 1576 4583 seipsis,
1617 4530 1823 4583 suaque
1848 4528 2033 4584 opera,
2073 4522 2129 4567 et

554 4608 627 4663 ita
655 4623 712 4662 re
737 4608 1034 4678 flagitante,
1061 4607 1328 4661 interdum
1354 4606 1420 4661 de
1442 4608 1623 4661 causis
1668 4604 1903 4674 suscepti
1949 4603 2128 4671 operis

555 4699 855 4753 disserunt.
895 4699 1037 4753 Idem
1068 4699 1197 4753 mihi
1257 4712 1410 4753 more
1453 4696 1809 4763 institutoque
1867 4692 2127 4761 majorum

563 4790 615 4843 in
673 4805 928 4857 przrscus,
961 4790 1062 4844 etsi
1105 4789 1464 4861 μετάφρασιν,
1523 4801 1629 4841 non
1692 4794 1749 4839 ut
1814 4784 1889 4838 illi
1945 4781 2127 4853 παρά-

556 4898 758 4952 φρασιν
783 4879 1031 4943 afferam,
1062 4882 1235 4936 visum
1261 4878 1711 4935 est-faciundum.
1740 4876 1998 4946 Equidem
2025 4891 2129 4928 non

556 4973 901 5041 ignorabam,
929 4972 1088 5027 simul
1126 4981 1289 5043 atque
1316 4973 1544 5026 arduam
1575 4971 1713 5024 lianc
1730 4968 2010 5023 Photiana’
2038 4966 2130 5019 Bi-

556 5064 829 5119 bliotheca:
877 5062 1068 5118 Latine
1097 5062 1513 5132 interpretanda:
1554 5059 1887 5131 provinciam
1925 5056 2098 5126 elilagi

560 5155 809 5210 tantibus
838 5154 1032 5209 amicis
1059 5152 1294 5221 suscepi,
1331 5149 1449 5205 fore
1472 5151 1758 5219 plerosque
1787 5149 1877 5217 qui
1910 5147 1960 5201 id
1999 5144 2127 5200 milii

557 5246 692 5299 vitio
717 5253 1015 5308 verterent,
1037 5257 1335 5312 parumque
1366 5257 1453 5296 me
1475 5241 1692 5309 dignum
1734 5239 2130 5305 existimarent,

560 5352 696 5392 razsa
730 5337 871 5390 inter
901 5347 956 5391 et
986 5345 1259 5405 porrecta,
1302 5333 1443 5402 quod
1474 5332 1647 5396 aiunt,
1670 5331 1861 5386 alienis
1894 5331 1947 5385 in
1970 5329 2129 5384 vesti-

564 5430 668 5502 giis
694 5433 887 5499 pedem
920 5442 1141 5497 ponere.
1172 5424 1413 5491 Quorum
1444 5432 1622 5478 autem
1659 5424 1713 5477 in
1757 5423 2132 5490 reprehensio-

569 5537 692 5578 nem
718 5532 903 5577 uoster
928 5520 1015 5573 bic
1036 5518 1188 5573 labor
1211 5517 1473 5581 incurret,
1508 5515 1545 5569 ii
1575 5514 1687 5570 fere
1713 5516 1937 5568 duorum
1975 5526 2135 5581 gene-

561 5628 681 5669 rum
712 5622 861 5668 sunt.
892 5609 998 5666 Alii
1025 5609 1171 5662 enim
1205 5622 1292 5660 me
1322 5606 1750 5675 reprehendent;
1781 5604 1961 5673 plures
1996 5603 2138 5658 Plio-

564 5708 697 5761 tium
753 5701 934 5759 infesti
990 5702 1319 5755 danmabnut
1360 5716 1374 5753 :
1408 5699 1675 5768 utrisque,
1713 5699 1757 5752 si
1811 5707 2017 5766 potero,
2050 5693 2133 5747 fa-

567 5800 708 5853 ciam
747 5798 914 5860 satis;
949 5804 1098 5848 certe
1132 5792 1173 5849 si
1224 5792 1277 5848 id
1330 5807 1435 5847 nou
1488 5805 1811 5861 consequar,
1844 5790 2132 5857 daliospro

2225 3875 2369 3930 virili
2397 3886 2640 3942 operam,
2684 3881 2745 3925 ut
2789 3886 2818 3925 a
2848 3870 3074 3940 legendo
3114 3871 3340 3926 minime
3383 3871 3788 3927 deterreantur.

2226 3963 2498 4031 Principio
2526 3964 2707 4031 itaque
2755 3961 2821 4015 de
2852 3977 2956 4027 me,
2984 3962 3169 4029 paucis
3211 3970 3415 4028 tamen,
3449 3972 3502 4015 et
3520 3962 3637 4015 sine
3667 3962 3796 4015 fttt'o

2224 4072 2286 4109 ac
2312 4055 2550 4109 modeste
2584 4069 2598 4105 :
2631 4066 2752 4105 mox
2785 4053 2849 4105 de
2883 4051 3072 4105 Pbotio
3093 4051 3412 4103 videbimus.
3454 4050 3792 4104 lnandieram

2225 4148 2454 4214 pridem,
2492 4160 2656 4198 unum
2680 4154 2734 4198 et
2782 4144 2907 4197 item
2949 4142 3176 4197 alterum
3200 4143 3252 4196 in
3282 4142 3452 4195 Iberia
3477 4140 3793 4197 Graecarum

2225 4239 2530 4293 litterarum
2610 4235 3037 4304 peritissimum,
3093 4232 3270 4288 Pbotii
3327 4233 3705 4286 Bibliothecam
3761 4247 3793 4285 e

2225 4330 2415 4386 Grmco
2471 4330 2523 4382 in
2571 4326 2824 4380 Latinum
2883 4339 3187 4379 sermonem
3245 4325 3527 4379 commodo
3580 4326 3794 4391 publico

2227 4432 2542 4476 convertere
2604 4419 2862 4485 coepisse,
2913 4416 3006 4470 sed
3063 4418 3290 4481 coepisse
3342 4425 3571 4479 tantum,
3607 4430 3669 4467 ac
3706 4417 3793 4467 vix

2230 4512 2453 4566 dimidia
2484 4511 2665 4579 operis
2724 4519 2876 4577 parte
2910 4507 3304 4575 snpersedisse’,
3340 4506 3465 4592 sive
3502 4504 3671 4559 Graeci
3701 4520 3799 4557 ex-

2227 4603 2486 4673 emplaris
2514 4602 2722 4656 mendis
2751 4600 3061 4663 deterritos,
3082 4613 3174 4653 seu
3193 4597 3392 4651 laboris
3410 4596 3531 4665 fuga
3568 4596 3618 4648 in
3648 4604 3795 4648 tanta

2231 4691 2544 4755 voluminis,
2590 4705 2717 4744 cum
2759 4688 2923 4751 mole,
2960 4696 3071 4739 tum
3122 4685 3405 4748 varietate,
3437 4698 3531 4737 Seu
3565 4682 3801 4748 denique

2231 4794 2459 4851 utraque
2484 4782 2551 4836 de
2604 4796 2767 4835 causa
2826 4778 3080 4834 cessisse.
3116 4776 3300 4829 Romae
3334 4789 3547 4842 quoque
3581 4772 3799 4825 tertium

2231 4873 2525 4945 perfecisse
2575 4873 2798 4942 quidem
2857 4871 3176 4934 narrabant,
3204 4867 3297 4919 sed
3321 4867 3385 4918 ad
3414 4866 3677 4917 edendum
3703 4863 3801 4913 ad«

2237 4966 2359 5021 duci
2387 4980 2489 5019 non
2522 4964 2780 5033 potuisse.
2816 4959 3061 5017 Graecum
3096 4958 3278 5025 itaque
3335 4955 3577 5009 codicem
3611 4965 3806 5019 magno

2214 5036 2340 5112 aere
2382 5066 2594 5117 nactus,
2623 5055 2985 5108 constantiam
3009 5064 3038 5102 a
3065 5050 3173 5103 Deo
3202 5054 3474 5114 precatus,
3503 5041 3800 5110 urgendum

2238 5163 2373 5216 opus
2403 5146 2619 5200 assidue
2652 5145 2718 5197 ad
2743 5154 3071 5204 extretmun,
3093 5139 3139 5192 si
3164 5154 3267 5206 qua
3299 5138 3424 5191 hinc
3449 5136 3514 5188 ad
3544 5134 3675 5186 alios
3697 5134 3803 5184 nti-

2238 5240 2362 5292 litas
2421 5236 2642 5297 rediret,
2694 5231 3018 5287 existimavi.
3062 5228 3249 5297 Neque
3302 5241 3387 5281 me
3431 5224 3691 5292 fugiebat,
3736 5237 3803 5275 ex

2237 5344 2344 5398 quo
2370 5325 2656 5379 interiores
2701 5325 2873 5376 ltasee
2933 5319 3138 5372 litteras
3183 5315 3430 5378 tractavi,
3476 5328 3636 5381 quam
3665 5312 3806 5363 ditii-

2239 5420 2342 5474 cile
2367 5419 2438 5472 sit
2462 5417 2659 5470 bonum
2692 5429 2852 5483 agere
2880 5412 3255 5480 interpretem,
3288 5408 3557 5473 alienique
3612 5418 3804 5458 sensus

2243 5511 2665 5578 metaphrasten,
2692 5517 2775 5573 ut,
2797 5504 2897 5559 uisi
2919 5518 3014 5570 par
3036 5502 3111 5557 sis
3143 5502 3193 5554 in
3227 5499 3506 5568 utriusque
3539 5490 3806 5551 orationis

2244 5600 2533 5663 facultate,
2581 5597 2785 5664 justam
2843 5590 3319 5663 reprehensionem
3379 5604 3486 5642 non
3528 5585 3804 5653 elfugias:

2241 5705 2454 5762 quoque
2476 5689 2648 5759 major
2676 5688 2777 5741 hac
2802 5688 2854 5739 in
2877 5702 2931 5739 re
2957 5683 3197 5738 debonis
3222 5680 3426 5736 Graecis
3448 5676 3642 5731 Latina
3667 5675 3808 5728 bona

2242 5781 2583 5839 elﬁcientimn
2638 5779 2851 5842 raritas,
2909 5791 2974 5831 co
3013 5773 3279 5830 dillicilior
3320 5768 3595 5826 provincia
3625 5764 3808 5821 doctis
