4146 6468
362 402 425 469 21
1486 410 1489 411 ⁷
1690 408 1978 470 PROLEG

2077 409 2203 472 [EN
2208 413 2277 472 A.

358 515 691 583 hominibus,
723 514 813 586 qui
849 530 968 570 eam
999 515 1099 585 ipsi
1129 516 1447 586 plerumque
1477 518 1772 590 refugiunt,
1807 537 1936 575 cen-

360 619 566 673 seatur,
601 618 661 663 ut
687 609 752 663 ad
782 608 925 663 hanc
976 609 1119 663 diem
1154 625 1539 680 usquequaque
1578 613 1669 681 qui
1721 613 1938 667 satisfe-

360 700 558 765 cerint,
584 701 672 754 vix
710 699 954 771 singulos
972 701 1196 769 singula:
1216 710 1405 756 aetates
1431 703 1617 758 tulisse
1636 705 1937 759 videantur:

361 805 484 843 cum
515 791 698 845 decem
734 790 966 859 amplius
994 789 1307 846 Aristotelis
1354 792 1543 846 Ethica
1572 791 1944 857 Nieomachia,

367 881 705 952 totidemque
729 882 1042 945 Rhetorica,
1074 892 1257 938 nostra
1291 895 1691 954 parentumque
1735 900 1945 941 memo-

365 975 448 1028 ria
478 975 825 1043 interpretari
882 975 991 1030 sint
1036 977 1242 1040 conati,
1274 976 1417 1045 quod
1471 975 1523 1029 in
1585 976 1813 1046 singulis
1855 977 1946 1047 qui

366 1070 831 1133 antecessissent,
881 1069 1213 1137 posteriores
1277 1067 1480 1137 aliquid
1548 1068 1945 1123 desiderarent.

369 1155 567 1221 Quidni
618 1157 783 1226 igitur
813 1167 1158 1226 posterorum
1174 1158 1256 1212 ~de
1301 1173 1386 1211 nte
1402 1158 1665 1229 judicium
1699 1157 1951 1213 reformi-

367 1250 528 1303 dem?
563 1249 847 1305 Elaboravi
896 1251 1171 1320 equidem.
1213 1250 1390 1319 quoad
1439 1250 1557 1320 ejus
1601 1250 1718 1306 ﬁeri
1748 1252 1949 1321 potuit,

370 1350 431 1393 ut
460 1356 567 1396 nou
600 1357 759 1396 sensa
822 1343 982 1396 modo
1030 1343 1211 1396 verbis
1249 1342 1645 1412 comprehensa
1694 1358 1953 1411 sequerer

372 1431 773 1497 (a~secutusne
837 1434 939 1486 sim
1013 1433 1103 1486 alii
1168 1430 1485 1502 statuent),
1552 1441 1608 1486 et
1672 1447 1778 1487 non
1841 1443 1950 1487 tant

372 1525 535 1577 rerha
571 1539 934 1587 ntnnerarem,
967 1540 1128 1593 quam
1168 1539 1384 1579 sensum
1425 1539 1489 1577 ex
1540 1525 1645 1579 fide
1696 1526 1835 1579 hona
1866 1540 1958 1593 ap-

370 1616 689 1684 penderem,
719 1616 811 1670 sed
842 1616 1028 1678 etiam,
1051 1627 1109 1671 ut
1144 1632 1232 1672 res
1255 1619 1421 1686 ipsas,
1462 1620 1744 1686 fontesque
1764 1627 1955 1670 aucto-

377 1724 497 1760 rum
533 1724 563 1761 a
592 1707 781 1762 Photio
831 1709 1094 1762 lectorum
1136 1712 1378 1766 studiose
1424 1710 1836 1778 investigarem.
1866 1708 1961 1764 Ve-

379 1814 497 1850 rum
534 1813 657 1851 cum
685 1813 874 1852 eorum
907 1799 1153 1867 plerique
1194 1810 1499 1870 temporum
1559 1801 1754 1869 injuria
1790 1801 1961 1854 inter-

376 1889 639 1953 cidcrint,
701 1904 767 1943 eo
834 1891 1116 1945 molestior
1172 1892 1444 1946 interdum
1499 1892 1655 1946 labor
1689 1891 1958 1959 interpre-

377 1981 529 2034 tandi
563 1982 792 2047 exstitit,
824 1990 881 2036 ut
910 1983 1287 2036 hariolandum
1321 1999 1711 2051 nonnunquam
1771 1982 1959 2049 fuerit,

378 2077 530 2136 dum,
566 2074 657 2141 qui
687 2074 866 2127 adhuc
916 2074 1085 2128 latent
1139 2077 1454 2145 scriptores,
1481 2075 1657 2129 Plrotii
1710 2090 1879 2143 Opera
1906 2076 1960 2129 in

381 2174 629 2233 apertum
660 2166 1029 2233 proferantur,
1080 2167 1223 2235 quod
1268 2177 1327 2220 ut
1368 2176 1607 2236 coeptum
1663 2181 1855 2234 nuper,
1892 2167 1963 2220 ita

383 2257 622 2310 futurum
647 2256 877 2323 amplius
914 2258 1194 2311 doctorum
1226 2258 1504 2313 hominum
1539 2259 1968 2329 investigatione

385 2348 717 2404 nondiﬂido.
752 2349 1098 2404 Diversorum
1145 2350 1276 2405 item
1315 2351 1641 2419 scriptorum
1694 2359 1845 2404 tanta
1877 2366 1969 2403 va-

388 2438 577 2501 rietas,
632 2448 830 2505 quanta
873 2448 958 2491 est
1008 2437 1059 2491 itt
1111 2439 1257 2492 omni
1313 2439 1643 2510 philologia,
1695 2440 1968 2504 oratoria,

387 2528 620 2583 historia
653 2543 775 2583 cum
836 2544 1017 2594 sacra,
1068 2539 1180 2584 tum
1227 2532 1477 2599 profana,
1511 2532 1562 2585 in
1604 2532 1969 2602 philosOphia,

388 2634 511 2678 arte
542 2623 777 2689 medica,
810 2639 873 2680 ac
891 2626 1124 2693 denique
1149 2627 1508 2682 scientiarum
1552 2629 1736 2698 regina
1769 2629 1977 2684 theolo-

388 2719 503 2786 gia.
539 2717 816 2787 negotium
867 2732 1082 2785 quoque
1144 2718 1446 2783 lacessivit,
1484 2725 1626 2790 quod
1674 2722 1781 2777 Deo
1841 2725 1977 2774 hene

383 2816 615 2883 juvante
644 2816 859 2870 tandem
894 2815 1293 2885 superavimus.
1344 2814 1511 2867 Auxit
1556 2822 1611 2866 et
1640 2813 1715 2865 rei
1749 2810 1977 2864 dililcul-

392 2912 562 2957 tatem
590 2904 643 2958 in
671 2903 900 2973 singulis
955 2904 1272 2959 auctoribus
1326 2903 1508 2972 κρίσις
1540 2902 1701 2971 idque
1750 2899 1981 2954 Hermo-

390 2995 549 3062 genis
576 2996 917 3063 potissimum
946 2995 1015 3050 de
1076 2996 1211 3050 ideis
1262 2995 1554 3049 ntetltodo:
1586 3008 1707 3062 quae
1763 3004 1821 3045 ut
1867 2993 1983 3045 Ari-

392 3087 624 3142 stotelea
648 3103 712 3143 ac
735 3086 976 3140 Tulliana
998 3086 1154 3156 longe
1180 3087 1435 3141 subtilior
1468 3094 1571 3149 est,
1589 3085 1660 3139 ita
1682 3084 1978 3137 admirato-

396 3194 490 3232 res
507 3179 724 3249 quidem
752 3178 1019 3247 plurimos
1080 3180 1177 3232 sed
1204 3180 1511 3233 imitatores
1575 3191 1773 3243 paucos
1816 3175 1980 3229 hodie

398 3272 621 3339 reperit.
677 3271 877 3326 Pratter
948 3271 1262 3342 Dionysium
1313 3271 1456 3323 enim
1511 3269 1982 3323 Halicarnasseuut

399 3364 455 3414 in
496 3360 811 3426 Rhetoricis,
866 3372 921 3417 et
972 3361 1262 3431 Ulpianum
1311 3362 1558 3418 Graecum
1605 3360 1985 3415 Demosthenis

399 3451 856 3519 explanatorem,
917 3464 1117 3523 quotus
1174 3469 1294 3507 eam
1350 3453 1579 3521 quisque
1621 3453 1723 3506 hoc
1788 3450 1988 3505 saeculo

401 3543 634 3598 tractat?
668 3543 1021 3614 Trapezuntii
1074 3544 1202 3598 olim
1262 3544 1421 3598 talem
1478 3541 1815 3596 Rhetoricam
1867 3558 1987 3596 cum

401 3646 631 3701 stupore
657 3635 795 3688 vidit
837 3634 1025 3701 Italia;
1061 3635 1197 3689 duos
1252 3634 1479 3688 fortasse
1539 3633 1828 3687 Germania
1888 3649 1982 3687 nu-

405 3727 653 3787 merarit,
684 3722 984 3777 Slurtniutn
1042 3732 1097 3777 et
1163 3720 1544 3793 Erythtmum;
1592 3721 1763 3777 Gallia
1787 3719 1989 3775 Julium

406 3811 747 3884 Sealigerum
795 3813 948 3868 libris
989 3813 1064 3867 De
1107 3816 1346 3882 poetica;
1382 3811 1632 3883 Hispania
1677 3828 1843 3867 unum
1910 3812 1997 3864 lit-

411 3905 545 3959 teris
574 3904 847 3976 cognitum
873 3907 1094 3960 laudare
1152 3912 1330 3975 potest
1376 3903 1492 3959 Pet.
1529 3903 1790 3958 Joannem
1841 3900 1991 3957 Nun-

411 3998 625 4052 nesiutn
658 4004 935 4051 rhetorem
967 4013 1029 4051 ac
1065 3995 1466 4066 philosophum,
1492 3996 1653 4048 editis
1683 3993 1995 4048 Rhetorica-

414 4103 535 4140 rum
564 4086 655 4142 lib.
697 4085 785 4152 IV,
820 4087 1173 4155 Hermogenis
1194 4088 1408 4156 quidem
1435 4086 1910 4156 prtecepttonibus,
1945 4094 2000 4139 et

411 4178 714 4245 Aphthonii
745 4195 811 4234 ac
842 4178 1100 4245 Theonis,
1131 4179 1224 4233 sed
1246 4178 1511 4233 Tullianis
1541 4180 1825 4247 exemplis.
1860 4178 2001 4234 Sunt

415 4279 601 4324 autem
632 4269 984 4341 Hermogenis
1007 4274 1123 4326 idea
1135 4289 1249 4325 rum
1269 4289 1461 4343 genera
1478 4283 1682 4340 septem
1700 4273 1994 4342 Σαφήνεια,

414 4362 687 4430 Μέγεθος,
719 4363 956 4429 Κάλλος,
999 4364 1292 4434 Γοργότης,
1330 4359 1525 4430 Ἦθος,
1569 4363 1845 4432 Ἀλήθεια,
1880 4366 2001 4416 Δει-

416 4454 599 4521 νὸτης.
657 4455 856 4508 Deinde
898 4455 1204 4525 Σαφήνεεαν
1259 4454 1455 4508 dividit
1512 4454 1565 4508 in
1597 4454 1999 4525 Καθαρότητα,

420 4545 522 4596 καὶ
548 4543 911 4612 Εὐκρὶγειαν;
946 4544 1161 4599 tandem
1180 4545 1240 4598 τὸ
1272 4543 1499 4616 μέγεθος
1526 4545 1577 4598 in
1601 4560 1698 4599 sex
1731 4544 1866 4598 alias
1895 4544 2003 4597 for-

419 4649 539 4688 tnas
568 4635 799 4703 partitur
827 4652 839 4687 :
871 4636 922 4688 itt
976 4635 1310 4707 Σεμνότητα,
1358 4633 1708 4705 Τραχύτητα,
1739 4635 2004 4706 Λαμπρό-

418 4739 582 4792 τητα,
622 4722 1216 4795 Σφοδρότητα,Ἀκμὴν
1238 4724 1334 4777 καὶ
1359 4723 1696 4795 περιϐολήν;
1726 4735 1847 4793 post
1878 4741 2004 4777 mo-

423 4823 601 4867 ratam
631 4817 920 4867 orationem
945 4829 1178 4884 quatuor
1199 4817 1417 4871 metitur
1435 4817 1645 4870 dicendi
1674 4815 1863 4869 formis
1893 4835 1906 4870 :
1936 4820 2005 4888 τῇ

436 4904 713 4976 ’Δφελείᾳ.
770 4906 1102 4976 Γλυκύτητι,
1154 4908 1456 4977 Δριμύτητι
1520 4908 1615 4961 καὶ
1678 4909 2002 4980 Ἐπιεικείᾳ.

426 4996 543 5051 Dici
570 5000 731 5051 etiam
771 5001 855 5052 vix
886 5009 1064 5069 potest
1108 5010 1368 5070 quantum
1409 5001 1499 5055 hic
1531 5001 1673 5055 tazdii
1705 5001 2007 5055 absorben-

427 5092 576 5151 tlum,
622 5106 746 5144 cum
784 5102 915 5159 quot
978 5092 1307 5161 quantisque
1359 5092 1680 5149 tuendorum
1748 5095 2009 5147 monstris

427 5179 847 5234 conﬂictandum
879 5182 1069 5249 fuerit,
1105 5182 1193 5235 vix
1245 5192 1304 5237 ut
1343 5184 1577 5252 amplius
1614 5184 1903 5238 Herculem
1930 5183 2012 5238 fa-

429 5270 680 5323 bulosum
715 5270 863 5324 illum
895 5272 1060 5326 heroa
1089 5272 1144 5326 in
1168 5271 1355 5343 Augite
1381 5273 1596 5329 Stabulo
1630 5274 2011 5344 perpurgando

429 5361 706 5417 laborasse
731 5363 1064 5418 existimem.

501 5454 581 5507 Ad
617 5453 813 5524 stylum
868 5455 1007 5524 quod
1063 5456 1279 5521 attinet,
1328 5457 1417 5526 qui
1457 5456 1513 5510 in
1565 5457 1758 5511 Photio
1805 5472 1905 5526 pro
1953 5471 2012 5512 re

431 5556 561 5598 nata
591 5546 775 5597 varius
801 5545 1033 5608 exsistit,
1064 5547 1318 5615 equidem
1352 5548 1433 5602 sic
1474 5548 1791 5616 temperavi,
1817 5557 1876 5601 ut
1904 5556 2013 5601 ter-

431 5648 496 5688 so
551 5640 805 5703 castoque
857 5650 1108 5690 sermone
1138 5636 1352 5705 Latino,
1406 5639 1507 5694 hoc
1536 5650 1620 5694 est
1660 5638 1924 5704 Romane,
1970 5641 2014 5695 si

435 5742 674 5796 possem,
721 5728 979 5790 dicerem,
1016 5744 1291 5797 sensaque
1353 5734 1549 5788 mentis
1595 5732 1881 5803 perspicue
1932 5750 2014 5787 rc-

438 5829 846 5883 rm-sentarem.
894 5819 1029 5875 Nam
1058 5821 1141 5879 vel
1169 5821 1329 5879 Tullii
1375 5824 1650 5890 umbram,
1692 5826 1763 5879 ob
1791 5824 2003 5885 dicendi

3536 407 3609 468 22

2049 524 2494 594 perspicuitatem
2525 522 2678 592 juxta
2717 536 2782 576 ac
2826 520 3171 585 suavitatem,
3203 521 3376 577 libens
3406 524 3614 592 ample-

2039 623 2176 677 ctor,
2218 628 2328 682 pra:
2367 612 2590 667 horrido
2614 612 2741 675 illo,
2796 612 2956 678 lmjus
2999 611 3098 665 aevi
3144 622 3307 679 atque
3354 612 3612 676 obscuro,

2039 705 2202 773 quale
2249 703 2507 759 Heracliti
2564 704 2845 758 σκοτεινοῦ
2904 704 3027 768 fuit,
3082 704 3345 758 orationis
3394 718 3612 773 genere.

2041 793 2257 850 Scholia
2305 795 2381 848 rei
2421 794 2753 850 illustrandae
2809 796 2876 849 ad
2910 810 3062 848 oram
3125 795 3220 848 καὶ
3265 793 3619 863 ταυτολογού-

2045 901 2183 955 μενα
2210 884 2507 939 identidem
2529 885 2775 953 apposui,
2799 896 3013 953 sumpto
3035 885 3277 940 subsidio
3306 900 3335 939 a
3357 887 3617 939 memoria

2044 976 2386 1045 lectioneque
2418 976 2746 1043 scriptorum
2773 985 3053 1030 veterum:
3088 986 3144 1031 et
3190 978 3244 1029 iu
3294 976 3485 1032 critico
3518 976 3619 1029 hoc

2046 1082 2245 1136 genere
2301 1066 2497 1122 similia
2550 1067 2785 1121 invicem
2846 1067 3242 1135 componendo,
3299 1066 3524 1136 digitntn
3554 1066 3621 1117 ad

2047 1160 2273 1222 fontem,
2304 1156 2446 1226 quod
2476 1154 2646 1222 aiunt,
2681 1157 2962 1211 intendere
2993 1155 3190 1224 potius,
3246 1172 3405 1226 quam
3458 1166 3624 1211 tran—

2048 1251 2288 1306 scribere
2317 1252 2554 1319 pretium
2599 1263 2778 1318 operte
2808 1249 2958 1303 duxi.
2990 1248 3265 1303 Interdum
3301 1259 3477 1303 tamen
3507 1248 3626 1301 lon-

2049 1345 2198 1413 giora
2230 1343 2393 1412 paulo
2436 1341 2638 1396 scholia
2669 1342 2914 1406 adhilmi,
2940 1357 3063 1397 cum
3091 1352 3185 1396 aut
3218 1342 3464 1396 antidoto
3490 1353 3628 1409 opus

2053 1435 2177 1499 fuit,
2209 1434 2353 1502 iique
2391 1441 2548 1486 erant
2592 1431 2905 1497 refellendi,
2942 1433 3035 1503 qui
3072 1433 3124 1487 in
3157 1433 3262 1487 alia
3301 1433 3483 1487 omnia
3520 1432 3631 1487 dis-

2052 1526 2273 1588 cedunt,
2324 1533 2417 1578 aut
2452 1524 2601 1592 plura
2644 1523 2883 1591 ejusdem
2933 1525 3172 1578 auctoris
3220 1524 3524 1588 attulimus,
3572 1532 3633 1577 ut

2055 1633 2242 1671 eorum
2269 1632 2333 1671 ex
2382 1626 2534 1684 parte
2565 1617 2809 1671 laborem
2847 1616 3180 1679 minuerem.
3226 1617 3318 1685 qui
3350 1617 3431 1670 vel
3461 1614 3635 1669 eccle-

2056 1711 2307 1765 siasticos
2334 1709 2558 1764 annales
2582 1724 2781 1779 magno
2811 1708 3065 1764 Ecclesia:
3087 1710 3373 1763 commodo
3401 1708 3635 1762 moliun-

2061 1811 2170 1865 tur,
2194 1800 2279 1855 vel
2304 1809 2555 1853 auctores
2589 1801 2737 1863 ipsos
2778 1798 2937 1868 longe
2969 1814 3134 1866 quam
3168 1809 3327 1853 antea
3364 1798 3637 1852 auctiores

2062 1893 2424 1960 melioresque
2477 1891 2711 1945 dabunt.
2759 1890 2895 1946 Cum
2953 1901 3132 1947 autem
3184 1891 3522 1945 enumeratio
3575 1904 3640 1944 ac

2060 1999 2290 2041 censura
2322 1984 2521 2039 Photio
2548 1992 2692 2039 esset
2734 1983 3002 2054 principio
3026 1985 3290 2037 duntaxat
3340 1981 3637 2051 pronosita,

2061 2087 2204 2150 post,
2234 2080 2386 2150 quasi
2421 2089 2690 2134 metanma
2723 2078 2940 2142 ductus,
2971 2076 3144 2131 eidem
3191 2075 3396 2144 placuit
3439 2075 3642 2127 Excer-

2064 2185 2151 2242 pta
2183 2182 2343 2240 atque
2386 2171 2521 2225 adeo
2558 2168 2817 2239 opuscula
2860 2168 3195 2228 describere,
3226 2177 3281 2222 et
3324 2167 3378 2220 in
3437 2177 3642 2221 tomum

2064 2262 2292 2314 alterum
2349 2260 2640 2328 conjicere,
2683 2258 2880 2313 mentis
2919 2258 3165 2327 augurio,
3211 2267 3473 2326 quantum
3516 2270 3647 2308 con-

2061 2352 2214 2423 jicio,
2250 2350 2368 2405 fore
2400 2361 2460 2404 ttt
2494 2350 2753 2419 pleraque
2781 2349 2985 2418 scripta
3015 2358 3315 2416 temporum
3346 2343 3647 2414 longinqui-

2070 2455 2179 2499 tate
2207 2443 2543 2507 fatiscerent,
2575 2451 2669 2494 aut
2701 2440 2942 2494 funditus
3003 2439 3265 2507 perirent.
3307 2435 3415 2490 Nec
3455 2433 3649 2489 fefellit

2070 2535 2379 2604 augurium.
2430 2533 2681 2602 Plerique
2733 2533 2878 2585 enim
2912 2542 3164 2584 auctores
3211 2545 3315 2598 qua
3368 2527 3648 2582 hominum

2072 2627 2307 2688 incuria,
2339 2641 2445 2695 qua
2484 2622 2775 2680 vetustatis
2800 2625 2984 2677 omnia
3017 2621 3283 2676 vastantis
3316 2618 3533 2684 injuria,
3568 2616 3653 2669 itt-

2077 2720 2431 2775 terciderunt.
2468 2715 2836 2783 Quamobrem
2878 2716 2929 2767 itt
2971 2713 3241 2782 Excerpta
3283 2712 3372 2764 illa
3412 2710 3653 2779 longiora

2074 2812 2363 2879 pauciores
2398 2817 2555 2862 notas
2582 2809 2634 2862 in
2686 2815 2941 2862 extremo
2973 2820 3136 2874 opere
3167 2803 3513 2873 apponemlas
3561 2816 3656 2854 cu—

2076 2902 2212 2967 ravi,
2246 2901 2378 2954 utin
2413 2898 2715 2963 Plutarchi,
2747 2898 3027 2960 Aristidis,
3064 2896 3387 2959 Memnonis,
3419 2903 3474 2949 et
3518 2892 3658 2963 Aga-

2078 2994 2377 3049 tharchidze
2404 2992 2869 3061 ἁποσπασμάτιαε
2900 3004 3132 3058 quorum
3167 2990 3492 3059 interpretes
3527 3002 3658 3041 eru-

2078 3086 2246 3149 ditos,
2273 3093 2332 3139 ut
2354 3098 2460 3138 non
2483 3082 2808 3151 contempsi,
2830 3082 2911 3137 sic
2932 3090 2982 3134 et
3007 3079 3224 3133 illorum
3251 3076 3663 3133 observationes

2084 3178 2300 3232 admisi.
2334 3178 2387 3231 In
2419 3176 2614 3232 Ctesias
2637 3174 2872 3230 Persicis
2900 3185 3063 3244 atque
3090 3172 3312 3233 Iudicis,
3341 3185 3407 3224 ne
3436 3169 3512 3223 sis
3540 3181 3666 3219 nes-

2081 3272 2218 3332 cius,
2261 3272 2531 3324 diversam
2590 3266 3089 3334 interpretationem
3154 3262 3373 3317 adhibui
3433 3258 3668 3315 etillus-

2087 3362 2222 3415 travi
2257 3362 2326 3413 ah
2349 3375 2436 3425 ea,
2471 3374 2594 3429 qua:
2634 3360 2686 3412 in
2718 3367 2962 3413 extremo
2992 3354 3265 3409 Herodoto
3304 3349 3668 3423 typographu-

2085 3470 2206 3510 rum
2240 3453 2516 3522 Στεφάνου
2564 3467 2730 3521 opera
2783 3449 3189 3504 circumfertur.
3243 3445 3310 3498 Et
3354 3459 3482 3498 vero
3524 3444 3673 3495 curis

2085 3546 2361 3612 secundis,
2392 3555 2840 3615 posterorumque
2885 3539 3165 3595 industria:
3196 3537 3398 3607 aliquid
3453 3535 3541 3590 hic
3572 3533 3675 3590 fuit

2091 3638 2521 3708 relinquendum.
2574 3635 2706 3688 Nam
2760 3635 2903 3704 quod
2944 3648 3071 3688 vere
3110 3639 3417 3702 togatorum
3451 3628 3531 3684 ait
3567 3626 3671 3679 do-

2089 3730 2365 3784 ctissimus
2424 3728 2492 3781 M.
2549 3726 2722 3781 Varro
2760 3728 2810 3780 in
2842 3727 2958 3796 lege
3002 3722 3201 3778 ania
3236 3740 3253 3779 :
3284 3740 3305 3772 ι
3342 3721 3413 3776 Ut
3447 3720 3501 3773 itt
3534 3721 3672 3772 bona

2092 3831 2272 3889 segete
2308 3836 2478 3889 neque
2508 3819 2713 3873 nullum
2739 3827 2821 3873 est
2862 3818 3068 3887 Spicum
3107 3831 3365 3884 nequam,
3416 3826 3590 3882 neque
3621 3811 3672 3865 in

2094 3915 2234 3967 mala
2265 3928 2367 3967 non
2401 3912 2614 3978 aliquod
2637 3913 2873 3971 bonum:
2911 3913 2983 3965 ita
3017 3926 3173 3965 nemo
3195 3919 3278 3963 est
3310 3905 3673 3975 reprehensus

2095 4002 2312 4074 (inquit,
2356 4018 2408 4056 νι
2473 4003 2546 4056 De
2594 4004 2775 4071 lingua
2818 4000 3059 4071 Latina),
3106 4001 3197 4071 qui
3270 4015 3301 4055 e
3373 4005 3555 4068 segete
3611 3995 3678 4048 ad

2095 4097 2431 4166 spicilegium
2492 4096 2712 4165 reliquit
2743 4095 3023 4163 stipulam.
3053 4115 3071 4147 ι
3109 4094 3163 4148 Si
3195 4094 3320 4161 quid
3364 4103 3553 4147 autem.
3591 4089 3679 4143 hic

2097 4198 2397 4260 peccatum,
2430 4188 2591 4242 homo
2615 4187 2757 4241 enim
2790 4202 2928 4247 sunt,
2967 4201 3032 4239 ne
3067 4187 3289 4239 modicm
3323 4194 3382 4238 te

2244 4324 2530 4395 O/Iendant
2564 4322 2805 4387 macula,
2837 4338 2971 4391 quas
3006 4332 3099 4374 aut
3134 4322 3341 4373 incuria
3370 4318 3535 4388 fudit,

2312 4415 2418 4467 Aut
2440 4414 2672 4465 humana
2699 4427 2886 4479 parum
2918 4413 3053 4465 cavit
3083 4422 3297 4463 natura.

2103 4529 2297 4595 Quamo
2349 4542 2565 4596 quoque
2596 4542 2833 4596 rogoque
2862 4526 3159 4586 doctiores.
3195 4524 3390 4592 quibus
3419 4522 3535 4577 haec
3575 4536 3681 4575 non

2103 4620 2399 4683 elaboravi,
2469 4628 2525 4671 ιιι
2592 4617 2811 4671 meliora
2883 4615 3209 4685 proferant:
3273 4611 3414 4680 quod
3476 4620 3681 4664 tatttttm

2104 4712 2258 4766 abest
2287 4721 2344 4763 ut
2370 4712 2577 4764 laturus
2606 4709 2708 4763 sint
2750 4708 2999 4770 moleste,
3034 4716 3099 4759 ut-
3122 4706 3353 4773 gratiam
3382 4704 3482 4757 sim
3518 4702 3682 4756 etiam

2106 4804 2398 4857 habiturus
2445 4801 2770 4866 maximam;
2830 4814 3031 4867 nosque
3082 4800 3332 4857 doceant,
3384 4792 3687 4848 maledictis

2108 4893 2265 4945 modo
2305 4901 2359 4945 et
2407 4891 2695 4945 calumniis
2744 4889 3076 4951 abstineant,
3138 4885 3334 4938 studiis
3385 4878 3691 4951 φιλανθρω-

2107 4982 2238 5044 πίας
2290 4982 2486 5035 nedum
2535 4979 2850 5035 Christiano
2893 4978 3112 5031 homine
3143 4974 3400 5045 indignis.
3460 4970 3691 5025 Valeant

2109 5088 2236 5127 vero
2257 5073 2345 5140 qui
2374 5081 2578 5125 tantum
2612 5071 2712 5123 sibi
2744 5069 2891 5123 falsae
2911 5068 3088 5122 laudis
3118 5073 3399 5133 arrogant,
3427 5070 3688 5132 quantuni

2110 5165 2175 5219 de
2201 5164 2318 5218 aliis
2358 5178 2454 5232 per
2495 5161 2644 5216 nefas
2686 5161 3018 5216 detrahunt:
3061 5158 3170 5212 Illis
3220 5172 3320 5225 ego
3368 5166 3524 5209 vetns
3560 5150 3690 5205 illttd

2110 5256 2352 5311 accinatn
2383 5255 2547 5309 εἸδοὺ
2565 5254 2742 5316 Ῥόδος
2772 5254 2901 5317 ἰδοὺ,
2936 5253 3031 5306 καὶ
3052 5252 3113 5305 τὸ
3146 5251 3399 5321 πηδημα.

2182 5367 2360 5423 Habes
2422 5368 2487 5419 de
2551 5367 3038 5436 interpretatione;
3102 5363 3260 5416 vcnio
3303 5362 3369 5415 ad
3437 5360 3691 5423 alterum,

2111 5461 2332 5532 gravius
2371 5469 2550 5513 tamen
2586 5473 2650 5513 ac
2694 5456 2963 5512 difficilius
3010 5457 3077 5511 ad
3111 5452 3505 5524 profligandqu
3546 5468 3695 5522 qua:-

2114 5554 2307 5609 stionis
2386 5562 2570 5621 capttt,
2673 5553 2739 5605 de
2812 5550 3005 5604 Photio
3085 5545 3717 5616 Constantinopolitano:

2115 5642 2341 5711 ejusque
2404 5640 2648 5710 scriptis,
2708 5649 2766 5693 ut
2853 5640 2993 5692 hanc
3049 5636 3449 5691 Bibliotltccam.
3490 5635 3722 5690 erroris.

2117 5733 2241 5786 labe
2289 5748 2483 5786 vacare
2537 5732 2922 5785 demonstrem.
2982 5729 3059 5784 Ac
3088 5729 3321 5798 pritnum
3351 5729 3419 5784 de
3453 5725 3697 5782 moribus

2122 5826 2422 5889 videamus,
2451 5824 2578 5878 hinc
2610 5824 2675 5878 de
2706 5822 2905 5893 ingenii
2945 5821 3329 5885 monumentis,
3350 5836 3489 5891 (piat,
3510 5818 3709 5890 paucis
