4100 6420
534 360 604 420 23
1644 364 1745 423 ΑΙ)
1787 364 2050 423 ΡΗΟΤΙΙ
2087 363 2442 424 ΒΙΒΕΙΟΤΙῘ
2452 365 2586 425 ΕΟΑ
2596 368 2651 426 Μ
3701 371 3770 439 94

532 477 785 547 demptis,
849 478 917 532 ad
963 478 1106 534 banc
1145 479 1287 535 diem
1312 480 1364 535 in
1404 480 1641 536 tenebris
1678 481 1837 536 nimis
1868 482 1955 534 ditt
2003 480 2098 534 de-

535 567 818 634 littterunt,
871 585 1015 626 nunc
1063 571 1290 627 illustris
1326 571 1483 641 juxta
1525 586 1590 626 ac
1642 573 1784 626 docti
1832 573 2098 626 duumviri

538 656 703 713 Marci
735 657 940 714 Vclscri
980 663 1238 731 auspiciis
1267 673 1495 732 utraque
1536 661 1713 732 lingua
1741 674 1959 726 exeunt,
1995 680 2098 718 non

534 747 638 805 levi
673 761 934 820 proventu
968 752 1273 823 fructuque,
1296 763 1351 808 ut
1389 768 1548 821 spero
1575 765 1629 806 et
1657 761 1806 824 opto,
1839 754 2098 807 bonarum

531 840 728 896 artium
757 857 821 898 ac
847 843 1272 912 disciplinarum,
1305 860 1411 914 quo
1440 845 1717 914 pauciores
1752 847 1853 900 ltoc
1876 845 2097 909 saeculo,

535 939 730 986 caetera
774 933 1012 988 felicium
1052 935 1390 1006 ingeniorum
1433 935 1621 1000 feraci,
1669 936 1952 991 interiores
2010 936 2097 988 lite

536 1034 703 1088 teras,
729 1024 944 1079 Gratcas
972 1026 1291 1095 presertim,
1321 1037 1668 1096 pertractant.
1698 1030 1964 1082 Auctores
1986 1027 2101 1095 ejus

533 1104 659 1168 vitae
685 1118 1025 1170 recensendas
1059 1116 1361 1181 laudamus,
1391 1133 1459 1172 ne
1497 1119 1622 1188 quid
1650 1118 1787 1172 falso
1809 1119 2099 1171 commenti

532 1203 832 1269 videantur,
879 1206 945 1260 de
991 1206 1192 1262 Cra-cis
1242 1209 1501 1278 antiquis,
1528 1223 1592 1263 ac
1621 1223 1754 1278 pene
1779 1208 2097 1276 a‘qualibus,

535 1293 822 1361 Zonaram,
847 1297 1089 1367 Clycam,
1132 1299 1456 1363 Mannssem,
1492 1291 1760 1361 Nicctam,
1807 1299 2101 1368 Cnropaia-

536 1396 665 1448 tam,
694 1386 892 1454 quique
923 1387 1066 1441 ltttnc
1097 1405 1342 1458 magnam
1387 1399 1593 1458 partem
1621 1389 1957 1458 transcripsit
1997 1388 2097 1443 Cc.

535 1476 786 1544 tirenum,
839 1478 1204 1548 Metropltanis
1248 1479 1375 1534 item
1423 1491 1478 1534 et
1533 1479 1761 1551 Styliani
1817 1481 2096 1549 epistolas,

533 1570 655 1616 aeta
730 1563 961 1634 denique
1003 1568 1189 1636 synodi
1251 1577 1453 1622 octavae
1525 1568 1794 1638 legitimae.
1852 1570 2101 1624 Exstaret

531 1651 821 1722 Nicepltori
867 1651 1074 1711 Callisti
1134 1657 1272 1711 liber
1298 1657 1584 1710 Annalium
1626 1660 2099 1714 ecclesiasticarum

531 1743 726 1799 tertius
777 1756 830 1800 et
878 1750 1184 1813 vicesimus,
1227 1766 1332 1819 quo
1378 1752 1444 1805 de
1481 1751 1690 1816 Pbotio,
1728 1752 1964 1822 ejusdem
2000 1753 2096 1806 aevi

533 1837 697 1890 rebus
747 1837 914 1906 gestis
971 1842 1173 1894 diserte
1221 1849 1607 1909 pertractarat,
1657 1859 1761 1896 non
1809 1844 2096 1898 admodum

531 1923 918 1994 laboraremus,
950 1931 1044 1984 sed
1083 1932 1310 1986 extremi
1354 1932 1428 2004 illi
1463 1932 1582 1986 libri
1632 1944 1927 2002 temporum
1957 1933 2099 1986 cala-

533 2015 796 2082 mitatcm,
831 2019 1042 2073 caeteris
1078 2020 1263 2085 salvis,
1319 2022 1538 2075 minimc
1595 2021 1933 2090 ell‘ugerunt:
1993 2023 2097 2076 nisi

532 2107 671 2161 forte
717 2107 770 2162 iu
828 2109 1070 2175 Graeciaa,
1135 2125 1254 2178 qua:
1308 2110 1612 2165 libertatem
1662 2128 1837 2178 suam,
1889 2115 2094 2167 studio-

531 2212 758 2267 rumque
805 2198 1050 2254 ardorem
1105 2201 1311 2271 pridem
1359 2203 1596 2267 decoxit,
1655 2205 1852 2272 angulo
1899 2205 2098 2272 aliquo,

529 2286 771 2355 pulvere,
810 2291 939 2356 situ,
991 2301 1056 2346 ac
1102 2293 1352 2358 squalore
1394 2293 1580 2356 obsiti,
1615 2303 1671 2345 ut
1714 2295 1815 2346 alia
1871 2295 2095 2362 plurima

529 2389 773 2435 veterum
806 2383 1030 2451 scripta,
1067 2385 1404 2437 delitescant.
1455 2385 1536 2437 Ab
1576 2384 1782 2453 lgnatio
1809 2386 1975 2455 igitur
1999 2402 2096 2452 pa-

528 2470 764 2528 triarcha
795 2471 1121 2528 narrationis
1150 2475 1365 2527 initium
1390 2476 1547 2544 paulo
1578 2468 1740 2530 altius
1766 2487 2095 2544 repetamus.

599 2561 887 2634 Nicephori
957 2566 1212 2636 Augusti,
1245 2565 1359 2635 ejus
1403 2568 1491 2635 qui
1542 2567 1750 2620 lrenem
1799 2569 2094 2637 Augustam

529 2658 754 2726 imperio
789 2656 1014 2728 expulit,
1066 2673 1131 2711 ex
1190 2657 1296 2710 illia
1342 2658 1599 2728 Eutropia
1640 2669 1800 2728 atque
1838 2659 2097 2714 Micltaele

527 2745 856 2814 imperatore
880 2757 1239 2816 cognomento
1279 2747 1556 2817 Raugabc,
1600 2762 1764 2816 nepos
1800 2746 1899 2800 fuit
1946 2745 2098 2814 lgna-

528 2837 655 2892 tius.
692 2835 843 2892 llune
870 2837 924 2890 in
968 2838 1159 2893 minori
1189 2847 1368 2904 aetate,
1400 2849 1454 2892 et
1496 2837 1958 2909 Tlteopbylactum
1987 2839 2098 2892 fra-

534 2937 669 2982 trem
707 2927 964 2998 majorem
997 2939 1148 2996 natu,
1183 2926 1433 2987 virilibus
1458 2925 1700 2983 exsecuit
1728 2945 1745 2994 ;
1779 2943 1884 2996 quo
1927 2926 2092 2993 facto,

528 3022 804 3091 repetendi
873 3021 1105 3090 imperii,
1173 3018 1422 3090 quamvis
1466 3017 1674 3090 paterni
1729 3031 1893 3088 atque
1943 3021 2095 3086 aviti,

526 3126 621 3182 spe
659 3109 874 3182 penitus
921 3111 1290 3168 arcebantur:
1353 3123 1612 3186 praeterea
1653 3112 1917 3181 lgnatium
1980 3128 2094 3166 mo-

529 3204 684 3257 nacbi
735 3205 838 3258 ritu
902 3203 1230 3259 tondendum
1289 3201 1521 3258 curavit.
1568 3196 1781 3254 Timeat
1825 3200 1967 3256 enim
2017 3211 2097 3270 ty-

527 3289 769 3348 rannidis
814 3293 894 3349 vis
943 3309 1046 3348 non
1103 3293 1280 3346 minus
1339 3306 1499 3361 quam
1559 3299 1828 3345 metuatur
1877 3303 2098 3345 necesse

525 3391 627 3448 est,
681 3397 780 3438 nec
828 3385 1006 3438 minus
1063 3384 1136 3438 sit
1190 3384 1302 3452 ipsa
1362 3381 1590 3438 sollicita
1660 3397 1821 3452 quam
1873 3382 2092 3437 subditi.

527 3473 761 3526 Omnino
791 3473 952 3527 rebus
982 3474 1348 3537 commutatis,
1381 3468 1716 3543 imperioque
1740 3473 1804 3526 ad
1833 3473 2098 3543 Tlte0plti-

527 3564 636 3618 lutn
691 3563 968 3620 Michaelis
1021 3563 1204 3620 Trauli
1270 3563 1432 3620 lilium
1479 3565 1755 3631 devoluto,
1807 3567 2095 3621 Theodore

527 3653 808 3725 TbeOpltili
861 3671 1022 3722 uxor,
1053 3671 1174 3710 cum
1210 3659 1328 3712 viro
1375 3657 1631 3713 defuncto
1681 3659 1961 3728 imperium
1999 3674 2096 3728 pro

529 3745 790 3801 illicitaele
840 3742 951 3802 filio
1020 3748 1489 3818 Porphyrogeneta
1539 3757 1881 3818 procuraret,
1955 3749 2093 3801 fama

527 3851 647 3907 qum
692 3837 758 3892 de
791 3838 982 3908 lgnatii
1027 3839 1315 3892 virtutibus
1366 3837 1594 3893 celebris
1644 3849 1785 3904 erat,
1831 3852 2096 3908 permma,

529 3938 584 3984 et
629 3927 832 3999 alioqui
880 3945 978 4000 pro
1032 3930 1279 3984 muliebri
1333 3929 1547 4000 ingenio
1605 3932 1925 3986 nobilissimi
1995 3933 2095 3987 viri

527 4021 892 4076 calamitatem
956 4019 1234 4086 miserata,
1276 4023 1419 4076 nulla
1475 4023 1643 4091 ipsius
1677 4023 1853 4091 culpa,
1923 4024 2095 4078 aliena

529 4121 738 4166 tatttttnt
796 4111 1062 4182 pravitate
1111 4123 1470 4178 contractam,
1513 4111 1786 4168 Met‘ltodio
1835 4113 2100 4169 Constan-

530 4204 882 4273 tinopolitano
910 4202 1240 4272 ipatriarclta
1297 4205 1407 4258 vita
1465 4205 1668 4269 functo,
1711 4205 1977 4275 lgnatium
2011 4222 2099 4259 sa-

527 4294 658 4350 lutis
689 4312 832 4350 anno
863 4296 1248 4363 DCCCXLVII,
1301 4313 1491 4365 magna
1542 4301 1804 4351 honorum
1857 4299 2095 4352 omnium

527 4387 915 4455 gratulatione,
961 4389 1396 4443 substituendutn
1429 4390 1661 4443 curarit.
1691 4390 1849 4442 Initia
1890 4405 1954 4442 ac.
1986 4406 2098 4444 tne-

528 4478 615 4533 tlia
650 4479 767 4534 laeta
806 4481 1043 4546 fuerunt,
1083 4496 1178 4549 par
1210 4482 1324 4550 spei
1359 4479 1585 4534 fructus.
1625 4482 1821 4535 Secuta
1857 4491 1943 4536 est
1986 4498 2099 4534 nta-

525 4570 614 4640 jor
655 4572 1139 4642 Porpbyrogenette
1183 4585 1335 4637 artas,
1391 4589 1498 4642 qua
1552 4575 1634 4629 sui
1669 4589 1912 4644 compos,
1955 4576 2100 4630 vitiis

530 4665 886 4732 mancipatus,
944 4672 1125 4718 matre
1165 4662 1445 4718 Tlteodora
1501 4679 1679 4718 rerum
1723 4668 2100 4731 procuratione

527 4766 731 4818 amota,
765 4755 953 4808 Bardae
1007 4771 1172 4824 seque
1213 4764 1267 4810 ct
1311 4756 1596 4824 imperium
1647 4758 1940 4824 regendum
1979 4773 2100 4824 per-

529 4845 698 4908 misit,
763 4845 905 4899 nulla
957 4845 1111 4898 fama:
1162 4861 1315 4912 cura,
1365 4861 1536 4914 pravo
1594 4847 1798 4900 b0mitti
1855 4847 2098 4916 perditus

524 4938 779 5008 juvenis:
831 4937 926 4992 sed
962 4937 1013 4990 itt
1055 4937 1258 5006 reliqua
1296 4937 1532 5007 nequitia
1579 4954 1697 4991 eam
1745 4947 1921 4992 tamen
1980 4937 2097 4992 lau-

528 5032 648 5084 dcm
689 5030 905 5094 meruit,
965 5029 1104 5098 quod
1155 5029 1455 5084 litterarum
1505 5029 1845 5099 professores
1888 5032 2098 5101 stipen-

529 5124 619 5178 dio
675 5122 744 5177 de
788 5122 1001 5191 publico
1075 5121 1379 5192 designato,
1455 5121 1920 5190 Constantinopoli
1969 5139 2098 5177 eru-

527 5211 737 5266 diendae
767 5211 1036 5281 juventuti
1064 5211 1365 5274 constituit,
1389 5209 1568 5266 Leone
1592 5211 1791 5266 scholis
1823 5210 2095 5279 prazlecto,

527 5304 709 5372 magni
752 5303 987 5358 nominis
1031 5318 1094 5357 ea
1143 5312 1464 5372 tempestate
1539 5303 1872 5373 pltilosOpito.
1923 5304 2097 5360 Caete-

531 5411 647 5448 runt
695 5394 927 5449 Bardam
969 5394 1235 5448 Caesarem
1281 5405 1546 5456 creatum,
1575 5404 1630 5448 et
1678 5405 1956 5463 acceptam
2006 5411 2098 5464 po-

530 5496 779 5541 testatem
812 5501 917 5540 non
949 5485 1160 5556 publica
1197 5485 1394 5552 salute,
1443 5486 1535 5539 sed
1581 5486 1845 5540 scelerum
1883 5487 2098 5542 licentia

529 5578 898 5644 dormientem,
959 5596 1127 5650 usque
1162 5597 1246 5641 eo,
1313 5590 1369 5632 ttt
1424 5594 1591 5633 uxore
1647 5579 1919 5647 repudiata
1975 5596 2094 5633 cum

527 5682 665 5722 nuru
717 5684 812 5722 sua
860 5673 1028 5738 stupri
1087 5671 1526 5725 consuetudinem
1573 5669 1816 5733 haberet,
1885 5671 2095 5735 piorum

530 5766 669 5812 tatu
719 5759 953 5829 lgnatius
983 5760 1342 5828 anatitematis
1376 5763 1670 5834 ignominia
1701 5771 1940 5816 notatum
2001 5778 2091 5816 εχ-

855 5956 868 5980 1

2205 481 2357 548 pulit,
2389 499 2453 537 ac
2474 484 2635 538 veluti
2668 484 2931 548 Baptistae
2970 483 3107 538 alter
3139 483 3405 540 lter-oetam
3443 484 3762 553 increpavit.

2199 570 2422 640 Magnus
2453 585 2584 626 sane
2635 575 2734 636 vir,
2767 577 2861 626 sed
2897 575 3115 628 meliore
3159 577 3355 628 saeculo
3387 576 3601 646 dignus.
3633 575 3766 629 Per"

2199 664 2330 717 colit
2363 680 2422 717 ea
2456 666 2716 720 severitas
2769 667 3111 734 impotentem
3139 667 3370 721 hominis
3394 668 3654 734 animum,
3705 675 3764 722 ttt

2201 768 2357 822 quem
2396 757 2649 820 revereri,
2698 763 2857 824 atque
2883 767 2941 810 ut
2972 759 3234 811 medicum
3267 769 3454 813 amate
3481 759 3762 820 debuerat,

2199 848 2406 916 synodo
2435 847 2572 901 facta
2608 849 2917 917 episcopatu
2949 849 3234 918 spoliatum
3266 849 3318 903 itt
3350 849 3653 919 Mytilenem
3680 849 3764 902 in-

2200 935 2371 988 sulam
2400 937 2672 1006 relegavit.
2691 936 3045 992 Substituitur
3061 953 3156 1008 per
3177 937 3328 992 nefas
3379 937 3600 991 Phatius
3613 952 3764 1008 rapat-

2198 1025 2562 1093 τοασηκρῆτις
2607 1024 2847 1088 Zoilum,
2883 1027 3075 1080 usitata
3102 1028 3334 1096 sequiori
3371 1027 3568 1081 steculo
3601 1035 3758 1089 voce,

2201 1127 2230 1165 a
2287 1112 2702 1171 Commentariis
2751 1128 2804 1170 et
2847 1116 3080 1171 Senator
3122 1120 3361 1172 urbanus
3412 1127 3557 1170 anno
3606 1115 3756 1169 Citri-

2200 1203 2267 1256 sti
2303 1201 2613 1266 DCCCLIX,
2661 1206 2766 1260 ltoo
2821 1217 2928 1271 est,
2975 1215 3096 1274 post
3139 1207 3480 1259 undecimum
3531 1205 3762 1273 patriar-

2201 1295 2392 1350 cbatus
2437 1296 2646 1364 lgnatii,
2691 1299 2758 1351 de
2799 1297 2917 1351 foro
2974 1305 3191 1365 repente
3236 1296 3290 1350 in
3349 1294 3602 1348 Ecclesia!
3629 1307 3766 1362 ιπεεω

2201 1391 2466 1445 tecturam
2508 1391 2822 1446 translatus.
2870 1393 3080 1458 Raptim
3130 1390 3309 1444 omnia
3355 1401 3410 1443 et
3455 1385 3767 1457 perturbato

2199 1495 2326 1539 sunt
2359 1483 2522 1545 facta.
2558 1499 2730 1552 neque
2769 1484 2897 1550 quid
2947 1483 3152 1552 legibus
3193 1491 3437 1536 sanctum
3467 1489 3550 1534 est
3585 1480 3766 1533 censi.-

2199 1581 2410 1641 derant,
2466 1577 2545 1631 ira
2599 1587 2651 1630 et
2698 1576 2988 1630 ambitione
3065 1574 3310 1644 pessimis
3359 1572 3766 1626 consultoribus

2201 1671 2413 1739 agitati.
2462 1669 2712 1723 Nicotaus
2772 1668 3049 1722 Romanus
3115 1665 3359 1720 Pontifex
3422 1679 3488 1719 eo
3545 1663 3767 1716 nomine

2199 1761 2430 1828 primus,
2460 1760 2535 1813 rei
2565 1768 2731 1829 gestio
2756 1759 2942 1811 nuntio
2974 1762 3300 1820 commotus,
3325 1756 3607 1822 episcopos
3633 1754 3770 1806 duos

2197 1851 2532 1907 Bodoaldum
2575 1860 2630 1904 et
2657 1850 2975 1904 Zachariam
3021 1845 3542 1911 Constantinopolim
3578 1843 3766 1906 tttittit,

2199 1955 2321 1994 cum
2381 1948 2648 2007 pctestate
2699 1950 2975 1992 sacrarum
3023 1935 3317 2001 imaginum
3369 1933 3551 1986 hostes
3606 1932 3768 1999 (qum

2197 2029 2364 2099 pestis
2409 2028 2513 2084 late
2563 2028 2614 2082 in
2667 2027 2886 2080 Oriente
2927 2022 3304 2094 grassabatur)
3360 2022 3515 2076 novis
3573 2019 3768 2074 edictis

2200 2118 2506 2180 coercendi,
2563 2127 2725 2184 atque
2777 2117 2827 2169 in
2874 2115 3068 2184 lgnatii
3117 2127 3276 2166 causa
3325 2111 3442 2177 ejus
3483 2110 3670 2178 legati,
3707 2119 3766 2161 ttt

2199 2210 2504 2279 cognitione
2562 2209 2830 2267 instituta,
2877 2207 2989 2260 visa
3041 2205 3199 2258 modo
3250 2205 3654 2269 explorataque,
3711 2200 3765 2252 itt

2199 2316 2259 2354 re
2284 2300 2528 2370 praesenti
2560 2299 2947 2352 renuntiarent.
2973 2295 3226 2363 Adjungit
3248 2294 3456 2346 litteras
3493 2292 3558 2345 ad
3587 2292 3767 2361 Augu-

2198 2401 2338 2444 stum
2398 2389 2694 2458 sigillatitn,
2726 2405 2846 2457 qua:
2894 2396 3126 2448 exstant,
3174 2386 3225 2438 in
3264 2383 3511 2438 l’ltutiutn
3561 2383 3768 2449 gravis-

2198 2483 2362 2537 simas
2396 2500 2410 2535 :
2449 2491 2638 2535 contra
2692 2482 2769 2532 fas
2804 2493 3144 2548 aequumque,
3194 2487 3355 2542 atque
3380 2473 3560 2528 omnia
3609 2481 3765 2525 vetu-

2198 2571 2355 2624 statis
2390 2569 2633 2638 exempla
2671 2569 2721 2621 in
2775 2568 3024 2622 Ecclesiae
3060 2566 3434 2636 praefecturam
3479 2562 3765 2628 irrupisse,

2199 2678 2261 2714 ex
2293 2662 2515 2730 profano
2568 2671 2788 2730 repente
2837 2658 3039 2714 Christi
3097 2668 3369 2725 pastorem
3402 2653 3581 2722 gregis
3630 2668 3766 2720 pro-

2199 2756 2382 2816 diisse,
2414 2767 2545 2806 vero
2589 2752 2889 2821 praesertim
2944 2758 3160 2819 pastore
3212 2745 3530 2816 superstite.
3579 2742 3764 2805 Legati

2198 2845 2384 2899 fraude
2441 2844 2664 2907 inducti,
2720 2843 2966 2896 studiove
3020 2838 3354 2908 principibus
3406 2834 3764 2906 gratiﬁcandi,

2199 2937 2462 3003 lgnatium
2485 2936 2609 3006 jure
2637 2936 2946 2988 damnatum
2982 2931 3146 2985 videri
3189 2929 3589 3000 praevaricando
3627 2940 3767 2995 prae-

2198 3031 2472 3083 nuntiant.
2519 3025 2769 3080 Nicolaus
2806 3024 3021 3092 quidem
3071 3021 3241 3075 atroci
3297 3019 3484 3072 nuntio
3521 3017 3768 3084 famaque

2199 3136 2486 3188 percussus
2551 3115 3009 3187 przevaricationis
3058 3113 3253 3166 factum
3308 3111 3606 3178 legatorum
3671 3120 3768 3158 ac-

2197 3213 2427 3266 cusavit.
2475 3210 2708 3264 Omnino
2751 3222 2814 3259 ea
2881 3205 3184 3259 temeritate
3232 3197 3606 3269 pronuntiandi
3655 3212 3768 3250 nta-

2196 3305 2280 3372 gis
2313 3302 2500 3371 lgnatii
2550 3315 2712 3355 causa
2767 3297 3077 3352 conﬁrmari
3127 3297 3239 3348 visa
3287 3301 3391 3357 est,
3458 3305 3678 3360 prorsus
3711 3299 3767 3340 ut

2196 3395 2371 3448 Barda
2413 3395 2627 3447 Ca-sare
2676 3391 2949 3457 deinceps,
2992 3398 3047 3441 ct
3073 3385 3330 3440 Micltaele
3355 3385 3594 3452 Angusto
3636 3379 3767 3433 insi.

2197 3490 2302 3544 diis
2336 3485 2518 3542 Basilii
2577 3481 2888 3537 Macedonis
2946 3478 3195 3538 sublatis,
3246 3474 3514 3528 Adrianus
3547 3473 3588 3526 ll
3636 3487 3769 3541 pon-

2199 3579 2325 3633 tifex
2381 3575 2654 3630 Romanus
2698 3570 2902 3625 Nicolai
2937 3567 3172 3621 defuncti
3207 3565 3448 3632 vestigiis
3488 3563 3767 3617 incedens.

2198 3661 2403 3738 synodo
2448 3658 2913 3728 Constantinopoli
2974 3657 3151 3710 ltabita
3221 3670 3296 3709 ett
3366 3653 3766 3721 episcoporum,

2199 3778 2342 3818 anno
2388 3760 2579 3815 salutis
2627 3751 3111 3811 DCCCLXXXVIII
3161 3752 3315 3820 (quae
3369 3749 3511 3802 inter
3537 3761 3771 3829 genera-

2199 3855 2277 3907 les
2306 3862 2494 3906 octava
2523 3863 2775 3920 germana
2805 3856 2908 3911 cst,
2938 3843 3236 3912 Graeceque
3279 3855 3342 3892 ac
3370 3837 3558 3891 Latine
3591 3835 3771 3886 studio

2197 3941 2433 3996 Mattlnei
2493 3938 2688 3992 Raderi
2737 3946 2935 3990 nostra:
2980 3932 3258 3988 societatis
3296 3927 3621 3999 presbyteri,
3648 3935 3771 3994 post

2198 4031 2470 4087 Anastasii
2521 4026 2921 4084 Bibliothecarii
2976 4024 3304 4087 versionem,
3368 4020 3541 4075 lucem
3600 4031 3769 4083 nuper

2197 4123 2467 4194 aspexit),
2521 4121 2714 4176 Pltotio
2762 4126 2965 4182 amoto,
3019 4116 3257 4186 lgnatins
3303 4123 3364 4164 ut
3395 4111 3770 4164 restitueretur

2199 4216 2506 4288 perfecerit.
2530 4213 2776 4268 Pontifex
2805 4224 2937 4266 sane
2961 4207 3138 4276 magni
3169 4204 3331 4258 animi
3357 4198 3769 4270 nequeminoris

2200 4305 2432 4369 consilii,
2473 4305 2565 4374 qui
2603 4312 2796 4357 exacta
2840 4315 3024 4355 senem
3072 4309 3254 4358 attatc,
3305 4293 3463 4348 rebus
3506 4289 3756 4360 quamvis

2201 4397 2450 4468 gerendis
2505 4394 2772 4455 inutilem,
2824 4390 3015 4444 tnaluit
3078 4384 3336 4441 Ecclesia:
3390 4377 3770 4452 gubernaculis

2206 4485 2458 4548 restitui,
2503 4497 2664 4551 quam
2716 4480 3044 4542 concedere,
3097 4485 3154 4527 ttt
3194 4487 3335 4526 novo
3403 4486 3466 4524 ac
3511 4471 3768 4522 damnato

2199 4575 2447 4644 exemplo
2493 4571 2792 4640 disciplina:
2840 4566 3226 4622 labefactandae
3267 4552 3449 4614 aditus
3498 4557 3768 4624 relinque-

2203 4680 2370 4725 retur.
2420 4665 2534 4719 Etsi
2592 4661 2898 4724 Nectarius,
2979 4658 3238 4712 Tarasius
3272 4653 3451 4707 Pbotii
3502 4661 3766 4721 patruus,

2197 4762 2422 4828 ejusque
2453 4769 2738 4811 successor
2764 4751 3118 4819 Nicepbot‘us,
3149 4758 3202 4800 et
3238 4748 3290 4800 itt
3314 4744 3608 4802 Occidente
3637 4744 3770 4795 Atu-

2199 4851 2413 4904 brosius
2447 4864 2476 4901 e
2521 4846 2673 4900 laticis
2712 4851 2932 4912 repente
2976 4839 3213 4908 episcopi
3257 4838 3368 4890 sint
3403 4834 3594 4888 creati.
3645 4830 3770 4884 liae

2202 4943 2290 4996 ille
2341 4939 2614 5010 pl‘mslllll.
2662 4934 2850 5006 Ignatii
2895 4947 3022 4984 vero
3067 4931 3353 4983 subsecuta
3389 4934 3586 4986 morte,
3633 4939 3766 4974 nova

2200 5028 2664 5097 Constantinopoli
2696 5027 2932 5096 synodus
2956 5021 3222 5095 λῃστρικὴ
3247 5020 3498 5074 Pbutium
3533 5016 3770 5069 restituit

2201 5145 2339 5184 anno
2403 5117 2834 5180 DCCCLXXVII,
2887 5117 3257 5186 episcoporum
3315 5124 3661 5171 ccccxxxttt,
3712 5107 3767 5162 itt

2203 5219 2483 5290 pristinum
2517 5215 2715 5274 locum,
2749 5209 2902 5263 initio
2933 5221 3200 5262 consensu
3248 5203 3406 5256 Rom.
3427 5199 3770 5290 l‘ottt..loatt-

2202 5289 2284 5360 nis
2308 5303 2442 5367 Vill,
2476 5303 2548 5354 ttti
2596 5301 2713 5370 ejus
2737 5298 2928 5370 synodi
2963 5296 3134 5350 sessio
3161 5295 3333 5362 printtt
3371 5291 3634 5352 declatat,
3684 5289 3772 5342 his

2201 5397 2414 5451 verbis:
2462 5396 2614 5460 Quod
2648 5393 2904 5446 Dominus
2951 5399 3125 5442 noster
3166 5385 3498 5453 Apostolicus
3537 5380 3768 5436 admittit

2198 5491 2463 5543 dominum
2507 5487 2751 5540 l’ltotimn
2806 5486 2862 5537 in
2892 5480 3272 5550 patriai-cltum,
3299 5485 3521 5528 testatur
3545 5470 3769 5538 Pontiﬁ-

2196 5579 2327 5632 calis
2369 5579 2500 5630 stola
2525 5594 2556 5629 tt
2591 5592 2793 5630 summa
2824 5573 2980 5626 Pont.
3017 5571 3226 5623 domino
3272 5577 3450 5620 nostro
3472 5559 3680 5616 Joanne
3701 5560 3771 5616 ad

2199 5687 2316 5724 eum
2355 5670 2512 5721 missa
2539 5683 2557 5719 :
2589 5684 2744 5736 quam
2789 5675 3062 5730 propterea
3137 5660 3352 5720 direxit,
3392 5667 3445 5708 at
3471 5671 3646 5707 omnes
3681 5653 3770 5704 in-

2203 5762 2458 5831 telligant,
2489 5770 2536 5814 et
2567 5769 2704 5813 certo
2739 5774 2792 5812 si:
2816 5767 2929 5820 aut,
2959 5755 3226 5808 dominum
3276 5750 3530 5806 P/totittnt
3556 5746 3713 5814 recith
3739 5763 3772 5798 tt
