4146 6416
314 436 389 498 25
1206 423 1229 511 ﬂ
1644 426 1938 487 PROLEG
1950 424 2235 488 OMENA.
3486 428 3560 492 εδ

278 558 512 598 summa
556 542 801 610 pomi/ica
842 541 894 594 in
929 541 1300 607 patriarcltmn.
1334 540 1566 606 Cumque
1596 537 1692 591 hoc
1716 534 1887 590 dixi-\-

284 645 409 697 ~set,
434 634 577 688 dedit
620 633 808 685 Photio
853 631 1204 699 pontiﬁcalem
1246 630 1458 691 stolam,
1500 626 1770 680 Itumerale
1808 630 1891 680 in-

316 726 653 788 dumentum,
691 722 960 790 penulam,
1004 732 1049 774 ct
1103 722 1363 774 sandalia.
1430 719 1552 773 llaec
1602 720 1884 789 synodus:

308 827 640 884 argumento
685 813 987 868 conciliata:
1032 813 1185 865 initio
1228 828 1348 865 cum
1393 808 1602 864 Joanne
1637 810 1890 877 pnntltice

309 910 505 974 gratia:
537 926 549 959 :
577 908 668 975 qui
709 918 831 959 cum
862 922 925 958 eo
967 906 1205 969 nomine,
1244 914 1300 956 ut
1334 918 1520 971 parum
1555 902 1744 966 ritilis,
1794 916 1887 953 au-

310 999 455 1050 dirrt
487 999 651 1059 male,
699 1006 756 1050 re
784 1004 994 1048 mature
1027 996 1267 1061 cognita,
1304 994 1357 1046 itt
1394 994 1676 1045 umbonem
1711 992 1886 1060 publi-

310 1102 437 1140 cutn
479 1098 822 1156 progressus,
852 1084 1122 1148 PhOtittm,
1155 1085 1321 1138 veteri
1349 1086 1697 1138 anathemate
1727 1098 1887 1149 repu-

311 1179 448 1240 lito,
503 1178 638 1229 diris
684 1178 876 1229 iterum
939 1176 1177 1229 devovit.
1226 1174 1404 1241 Quare
1450 1174 1746 1227 ECclesiam
1799 1172 1887 1226 ille

311 1280 666 1337 prepostere,
695 1269 926 1335 primum
956 1268 1174 1335 quidem
1206 1277 1546 1335 occupatam,
1582 1265 1672 1317 ditt
1702 1275 1886 1319 tenere

312 1374 423 1411 non
453 1361 647 1427 potuit.
683 1362 722 1411 A
759 1358 935 1410 Leone
962 1360 1224 1427 Augusto,
1260 1368 1617 1426 adgnomenta
1639 1358 1885 1411 Philoso-

310 1450 440 1516 pho,
479 1451 568 1517 qui
611 1451 750 1517 patri
786 1444 990 1502 Basilio
1016 1450 1278 1503 successit
1320 1450 1438 1503 loco
1474 1458 1670 1512 motus,
1702 1451 1755 1502 in
1790 1453 1887 1503 Ar-

311 1539 616 1590 Ineuiaruut
660 1538 1044 1589 monasterium
1105 1548 1246 1588 anno
1324 1528 1763 1589 DCCCLXXXV’!
1822 1537 1885 1588 ad

312 1629 442 1681 vitre
476 1624 681 1680 exitum
716 1628 816 1696 (sic
836 1626 1092 1695 arbitror)
1124 1627 1234 1679 sive
1255 1640 1282 1678 a
1314 1625 1614 1680 Catholicis
1638 1634 1882 1689 coactus,

309 1732 410 1770 seu
442 1728 658 1784 sponte,
693 1719 980 1781 incertum,
1015 1716 1265 1770 secessit.
1303 1717 1662 1772 Santabareui
1694 1718 1884 1770 amiu-i-

314 1809 389 1859 tia
414 1809 468 1860 in
494 1807 683 1873 primis
724 1806 899 1860 fraudi
946 1807 1019 1858 illi
1052 1807 1356 1874 «lauinoque
1387 1806 1506 1871 fuit,
1549 1808 1774 1862 venefici
1816 1824 1881 1863 ac

313 1897 749 1965 praestigiatoris,
796 1898 1070 1964 multaque
1103 1898 1303 1950 Scelera
1340 1897 1441 1949 alia
1490 1896 1542 1951 in
1578 1901 1697 1951 iicta
1764 1911 1889 1951 sau-

306 1988 520 2040 ctitatis
545 1988 724 2053 specie
768 1988 1015 2053 tegentis.
1049 1986 1139 2040 Sic
1174 1987 1442 2053 Augusuts
1476 1990 1691 2057 putabat
1719 2006 1733 2055 ;
1766 1990 1880 2053 alii,

313 2077 369 2128 in
417 2078 501 2129 his
524 2078 637 2141 ipse
666 2077 889 2143 Augusti
921 2088 1093 2145 pater,
1118 2076 1168 2129 in
1201 2077 1563 2131 sanctissimis
1607 2080 1885 2133 monachis

310 2180 605 2219 numerare
644 2167 787 2220 soliti
840 2178 1016 2221 erant.
1067 2167 1157 2222 Sic
1200 2177 1328 2223 Sunt
1360 2169 1634 2222 hominum
1682 2172 1882 2239 judicia

310 2275 440 2312 cum
470 2260 804 2327 temporibus
873 2260 1216 2314 alternantia.
1246 2260 1483 2316 Tametsi
1534 2263 1652 2317 alia:
1707 2276 1887 2319 causa

311 2348 505 2403 effictas
530 2362 675 2411 stitit.
717 2359 773 2402 ιιι
802 2351 920 2419 jure
947 2352 1068 2419 pelli
1100 2352 1392 2418 videretur,
1437 2354 1522 2408 illa
1548 2355 1756 2409 exstitit
1793 2373 1883 2411 ve-

313 2441 533 2493 rissima
564 2459 577 2495 :
617 2442 792 2507 [taenis
820 2443 1084 2496 scelerum
1117 2446 1404 2513 agentibus
1426 2447 1606 2498 divina
1624 2446 1880 2509 vindicta,

310 2538 481 2593 atque
530 2529 665 2580 male
729 2531 977 2593 occupati
1024 2529 1248 2584 honoris
1300 2533 1634 2586 conscientia
1689 2534 1884 2589 dedere

312 2618 673 2686 pmcipitem,
699 2617 973 2688 Stephano
1005 2622 1231 2689 Augusti
1266 2622 1431 2677 fratre
1464 2626 1515 2678 in
1556 2626 1669 2695 ejus
1704 2627 1880 2680 locum

309 2709 628 2775 Sllbrngalo.
658 2709 704 2761 Is
737 2712 1122 2764 controversiae
1151 2712 1295 2766 inter
1329 2712 1599 2768 Romanos
1621 2726 1673 2768 et
1725 2715 1875 2769 Con-

311 2801 829 2871 stantinopolitanae
860 2802 1163 2870 pontiﬁces,
1190 2806 1383 2859 nobilis
1414 2820 1535 2859 cum
1568 2808 1759 2873 primis
1802 2819 1884 2863 at-

309 2908 424 2960 que
456 2893 743 2955 diuturnae,
789 2896 969 2949 exitus
1006 2894 1128 2949 fuit.
1152 2894 1201 2949 ls
1232 2895 1407 2949 Photii
1437 2897 1882 2963 pseudopatriar-

312 2987 434 3039 Cha:
461 3001 641 3040 casus.
684 2986 895 3050 Adhuc,
925 2986 1074 3040 brevi
1103 2997 1281 3041 tamen
1308 2988 1429 3042 vita:
1466 2987 1741 3043 Photiante
1765 3004 1884 3043 sceb

315 3094 442 3130 nam
473 3093 567 3132 seu
604 3078 921 3147 tragmdiam
974 3079 1153 3134 verius
1196 3089 1469 3149 utcunque
1510 3082 1752 3148 exhibui,
1793 3084 1883 3151 qui

314 3167 399 3221 bis
423 3170 854 3237 patriarcbatum
870 3170 1148 3239 peruefas,
1170 3183 1503 3241 repugnante
1529 3183 1679 3241 pont.
1704 3190 1871 3238 max"

309 3260 474 3324 pulso
504 3260 725 3327 lgﬂdtiO.
754 3261 975 3325 invasit,
1005 3263 1087 3316 his
1114 3278 1328 3331 quoque
1351 3263 1602 3319 abdicare
1624 3274 1844 3320 coactus
1867 3281 1879 3315 :

318 3353 571 3417 privatus
607 3354 821 3406 tandem
852 3364 908 3408 et
948 3354 1208 3421 inglorius
1240 3355 1499 3409 secedens
1527 3358 1705 3424 periit.
1732 3356 1886 3413 Nunc

312 3443 554 3512 elogium
610 3445 749 3513 ejus,
790 3448 1067 3513 permistis
1090 3458 1271 3501 tamen
1307 3448 1493 3502 virtuti
1528 3449 1692 3515 vitiis,
1724 3466 1753 3503 e
1793 3449 1885 3503 Ni-

314 3544 441 3586 ceta
483 3532 825 3603 Paphlagoue
854 3536 905 3587 in
946 3534 1061 3589 Vita
1098 3535 1158 3588 Β.
1192 3535 1381 3605 lgnatii
1422 3538 1749 3605 patriarcha:
1791 3555 1885 3607 ap-

310 3639 511 3691 ponant
547 3618 698 3676 ιἾΙν
742 3623 798 3675 δὲ
843 3617 997 3685 οὗτος
1036 3626 1062 3676 ὁ
1095 3625 1299 3687 Φώτιος
1326 3626 1388 3677 οὐ
1428 3626 1537 3677 τῶν
1574 3626 1784 3694 ἀγενῶν
1822 3645 1883 3680 τε

311 3716 411 3766 καὶ
438 3714 735 3779 ἀνωνύμων
755 3753 769 3776 ,
799 3714 937 3769 ἀλλὰ
976 3716 1070 3768 καὶ
1106 3716 1213 3768 τῶν
1252 3716 1489 3785 εὐγενῶν
1536 3717 1677 3770 κατὰ
1705 3718 1884 3789 σάρκα

308 3806 409 3860 καὶ
448 3808 783 3875 περιφανῶν,
828 3807 990 3878 σοφίᾳ
1011 3824 1071 3860 τε
1108 3812 1368 3878 κοσμικῇ,
1400 3809 1491 3862 καὶ
1524 3811 1735 3863 συνέσει
1775 3812 1884 3864 τῶν

308 3901 373 3951 ιν
395 3901 466 3968 τῇ
498 3899 743 3970 πολιτείᾳ
775 3901 1155 3970 στρεφομένων
1194 3899 1626 3971 εὐδοκιμώτατος
1666 3904 1885 3956 πάντων

292 3984 615 4057 ἶνομίξετο.
651 3989 689 4040 Γ
697 3992 1045 4059 ραμματικῆς
1082 3992 1179 4061 μὲν
1207 3992 1314 4061 γὰρ
1339 3992 1431 4045 καὶ
1460 3995 1748 4061 ποιήσεως,
1788 3996 1884 4064 ῥη.

307 4080 541 4151 coptari];
566 4098 626 4133 τε
654 4083 748 4135 καὶ
781 4083 1121 4151 φιλοσοφίας,
1152 4085 1244 4136 ναὶ
1271 4085 1335 4152 δὴ
1364 4085 1459 4137 καὶ
1491 4086 1762 4155 ἰατρικῆς,
1789 4087 1883 4139 καὶ

308 4172 515 4239 πάσης,
548 4171 727 4239 ὀλίγον
747 4172 855 4223 δεῖν
874 4211 889 4235 ,
926 4173 1236 4244 ἐπιστήμης
1263 4175 1370 4229 τῶν
1399 4174 1650 4245 Θύραθεν.
1686 4175 1883 4228 Τοσοῦ-

306 4283 401 4319 τον
424 4267 558 4318 αὐτὸ
580 4267 640 4319 τὺ
673 4267 880 4336 περιὸν,
922 4267 997 4330 ὡς
1032 4268 1105 4337 μὴ
1152 4269 1311 4336 μόνον
1360 4271 1547 4338 σχεδὸν
1580 4272 1746 4339 φάναι
1770 4271 1881 4324 τῶν

307 4358 457 4409 κατὰ
476 4357 572 4425 τὴν
594 4358 758 4410 αὑτοῦ
783 4361 974 4426 γενεὰν
993 4361 1211 4412 πάντων
1234 4360 1550 4428 διενεγκεῖν,
1580 4363 1680 4432 ήδη
1708 4364 1764 4415 δὲ
1788 4365 1882 4416 καὶ

305 4451 449 4519 πρὸς
478 4452 601 4513 τοὺς
633 4450 893 4512 παλαιοὺς
920 4450 1081 4504 αὑτὸν
1107 4453 1510 4522 διαμιλλᾶσθαι.
1549 4456 1731 4508 Πάντα
1772 4456 1880 4525 γὰρ

306 4540 635 4608 συνέτρεχεν
669 4539 756 4592 ἐπ’
797 4540 944 4609 αὐτῷ
979 4543 1010 4609 ἡ
1041 4542 1416 4611 ἐπιτηδειότης
1450 4545 1548 4612 τῆς
1574 4544 1807 4611 φύσεως.
1843 4550 1876 4616 ὴ

308 4631 535 4700 σπουδὴ.
567 4632 596 4683 ὁ
622 4630 867 4695 πλοῦτος,
907 4631 977 4683 δι’
1000 4632 1058 4684 ὃν
1086 4633 1180 4686 καὶ
1208 4632 1387 4702 βίϐλος
1418 4634 1505 4686 ἐπ’
1536 4636 1699 4687 αὑτὸν
1727 4635 1878 4706 ερῤει

304 4725 481 4777 πᾶσα.
511 4722 677 4775 Πλὲον
704 4724 763 4776 δὲ
794 4724 1032 4786 πάντων,
1066 4727 1094 4778 ὀ
1112 4727 1211 4793 τῆς
1236 4727 1397 4796 δόξης
1426 4727 1564 4797 ἔρως
1602 4727 1668 4780 δι’
1697 4728 1756 4781 ὃν
1784 4729 1879 4780 αὖ·

304 4812 388 4881 τῷ
416 4812 509 4864 καὶ
533 4811 725 4874 νύκτες
768 4812 971 4866 ἄϋπνον
1007 4815 1135 4882 περὶ
1166 4813 1262 4883 τὴν
1286 4816 1592 4881 ἀνάγνωσιν
1617 4815 1878 4886 ἐμμελῶς

308 4898 666 4965 ττειρυλακότι.
715 4898 851 4953 Erat
904 4900 1127 4954 Pltotius
1171 4904 1326 4956 homo
1369 4906 1582 4959 minime
1624 4908 1877 4961 obscurus

306 5000 403 5043 aut
428 4991 696 5058 ignobilis,
726 4990 816 5045 sed
849 4992 1009 5047 claris
1031 5006 1080 5046 et
1106 4995 1406 5050 illustribus
1437 5000 1694 5053 oriundus
1718 5012 1873 5054 nata-

306 5079 468 5141 libus,
494 5097 769 5150 rerumque
798 5082 1032 5135 civilium
1056 5092 1107 5137 et
1136 5086 1475 5149 politicarum
1509 5105 1609 5140 usu
1648 5092 1876 5157 pruden-

308 5170 485 5234 tiaque
505 5178 552 5221 et
585 5172 844 5235 sapientia
874 5171 1235 5237 clarissimus;
1269 5179 1629 5241 grammatica:
1669 5196 1875 5248 quoque

305 5258 623 5311 litteratura!
650 5268 699 5311 et
726 5260 975 5312 conuiuis
1019 5264 1303 5329 pangendi,
1341 5266 1647 5336 dicendique
1691 5270 1869 5333 laude,

306 5351 433 5416 quin
482 5361 531 5402 et
581 5350 922 5416 philostipltite
966 5363 1013 5404 et
1055 5354 1364 5417 medicinw,
1428 5366 1583 5427 atque
1638 5364 1875 5416 omnium

306 5453 465 5504 prope
510 5438 805 5491 liberalium
861 5438 1265 5505 disciplinarum
1301 5454 1636 5499 externarum
1674 5450 1872 5509 studio,

306 5528 696 5594 segnitiamque
748 5538 1017 5593 tantopere
1056 5530 1270 5596 ﬂaruit,
1335 5542 1390 5584 ut
1430 5536 1525 5588 tesi
1583 5538 1666 5589 sui
1719 5539 1875 5605 facile

306 5616 545 5681 princeps
569 5616 846 5669 haberetur
877 5632 891 5666 :
924 5617 1029 5669 into
1052 5628 1098 5670 et
1133 5635 1250 5670 cum
1288 5625 1541 5676 veteribus
1553 5625 1667 5693 jam
1698 5638 1872 5694 posset

306 5705 565 5769 componi.
602 5701 794 5757 Omnia
823 5705 1009 5773 quippe
1030 5707 1391 5773 con/luxerunt
1424 5711 1476 5763 in
1502 5713 1688 5767 illum:
1731 5720 1871 5783 apti-

308 5792 432 5860 ,udo
464 5792 727 5864 q-ua'dam,
752 5804 795 5845 et
827 5803 1030 5847 natura:
1062 5796 1135 5851 t'is
1161 5806 1209 5849 et
1238 5799 1488 5866 felicitas,
1521 5820 1661 5876 opes,
1680 5810 1866 5879 quibit;

1994 534 2094 586 sibi
2124 535 2375 586 librorum
2397 536 2625 587 omnium
2663 534 2946 587 maximam
2983 537 3564 607 copiamcomparabat:

1990 637 2034 678 et
2062 625 2201 694 quod
2236 640 2343 693 pra:
2382 628 2604 692 cunctis,
2645 624 2829 695 gloria:
2879 630 3152 697 laudisque
3203 630 3415 699 cupido,
3458 643 3565 701 qua

1990 716 2246 785 ﬂagrans,
2277 729 2411 771 totas
2440 728 2633 781 noctes,
2661 728 2715 771 ut
2742 716 2954 772 lectioni
2973 716 3186 773 assidue
3220 732 3451 787 vacaret,
3477 720 3560 774 lu-

1989 823 2195 863 somnes
2228 808 2471 863 ducebat.
2500 805 2754 881 Idemque
2791 808 3006 866 Nlcetas
3033 806 3293 880 graphice
3321 822 3443 864 eum
3483 814 3563 862 vi-

1992 901 2182 969 visque
2208 899 2485 955 colorihtts
2507 900 2766 971 depingit.
2806 900 2882 956 Ex
2912 914 3042 971 quo,
3077 896 3565 971 ScriptlsqueGrze-

1991 1002 2182 1046 corum
2227 994 2499 1053 omnium,
2541 993 2781 1062 ampliss.
2822 994 3005 1048 Caesar
3057 995 3205 1048 card.
3258 992 3560 1057 Baronius,

1991 1092 2159 1136 sacra:
2190 1092 2344 1152 pater
2382 1084 2623 1136 ltistorize
2660 1094 2805 1137 tomo
2838 1081 3121 1137 Annalium
3148 1080 3451 1137 Ecelesiast.
3491 1078 3587 1147 X,’

1990 1186 2087 1227 sua
2116 1186 2200 1227 est
2233 1180 2525 1227 mutuatus.
2552 1173 2812 1243 Equidem
2847 1190 2951 1230 non
2983 1189 3102 1229 sum
3141 1170 3276 1228 adeo
3311 1174 3559 1241 demens,

1994 1266 2299 1334 mentisque
2344 1267 2534 1334 inops,
2588 1275 2644 1320 ut
2687 1266 2863 1321 Photii
2912 1267 3038 1319 vitia
3085 1265 3418 1321 defendenda
3468 1277 3563 1321 aut

1990 1355 2187 1423 ﬂagitia
2234 1360 2555 1410 excusanda.
2583 1358 2898 1427 suscipiam.
2941 1357 3056 1412 Jam
3098 1358 3243 1411 enim
3281 1355 3562 1427 judicatus

1986 1456 2094 1500 εει.
2138 1446 2335 1502 Gravis
2380 1457 2527 1501 certe
2560 1442 2637 1500 ira
2672 1450 2968 1517 odiumque
2991 1458 3155 1516 atque
3184 1448 3433 1511 ambitio,
3462 1450 3560 1502 ho-

1990 1540 2187 1593 minem
2219 1548 2412 1592 caztera
2444 1540 2621 1594 saeculi
2646 1538 3163 1601 sui‘doctissimum,
3195 1550 3423 1611 egerunt
3449 1551 3561 1594 tan-

1989 1631 2110 1683 dem
2145 1631 2500 1700 praecipitem.
2525 1628 2661 1687 lliuc
2698 1630 2800 1684 illae
2824 1630 3093 1701 lacrytnre.
3137 1631 3270 1684 Aula
3307 1630 3558 1684 nimirum

1987 1734 2108 1788 quae
2160 1721 2344 1774 multis
2383 1720 2648 1789 hodieque
2691 1730 2923 1775 mentem
2970 1722 3153 1790 eripit,
3202 1731 3256 1776 et
3300 1722 3557 1786 infatuat,

1988 1810 2240 1865 Photium
2283 1825 2497 1880 quoque
2541 1814 2855 1875 exctecavit,
2909 1822 2968 1865 ut
3008 1822 3116 1867 non
3156 1812 3354 1881 injuria
3401 1822 3557 1867 vetus

1988 1911 2169 1972 poeta,
2195 1904 2381 1956 nescio
2419 1904 2562 1972 quis,
2598 1904 2721 1957 aula
2763 1903 2934 1968 exire,
2974 1902 3063 1973 qui
3096 1902 3213 1971 pius
3244 1914 3365 1959 esse
3395 1903 3557 1965 volet,

1987 1996 2236 2049 suadeat.

2060 2084 2189 2140 Illud
2230 2087 2357 2139 mihi
2401 2087 2453 2139 in
2501 2086 2787 2153 przescntia
2840 2088 2905 2141 de
2954 2084 3299 2149 Bibliotheca,
3345 2099 3467 2156 qua:
3504 2087 3557 2140 lu

1988 2177 2239 2231 manibus
2259 2188 2365 2241 est,
2400 2193 2531 2245 pace
2561 2177 2769 2247 piorum
2795 2176 3007 2246 prmfari
3038 2179 3339 2247 testarique
3377 2176 3556 2240 liceat,

1985 2268 2244 2337 scriptam
2296 2283 2326 2323 tt
2368 2267 2563 2323 Photio
2589 2268 2780 2334 videri,
2815 2270 2923 2323 imo
2967 2268 3123 2333 eﬂici,
3174 2269 3297 2321 dum
3331 2264 3562 2323 (Στρεπτῆς

1984 2359 2220 2430 legatum
2270 2363 2322 2416 in
2372 2363 2597 2433 Assyria
2639 2372 2804 2430 agens
2830 2400 2845 2426 ,
2883 2362 3121 2413 nondum
3160 2360 3561 2429 patriarchatus

1986 2454 2294 2523 dignitatem
2332 2470 2425 2524 per
2450 2454 2603 2507 nefas
2625 2453 2830 2506 ambiit.
2866 2452 3203 2519 Argumenta
3240 2458 3369 2503 sunt
3400 2450 3555 2519 prin-

1984 2544 2128 2611 cipio
2149 2543 2217 2597 de
2244 2558 2520 2598 sacrarum
2555 2544 2846 2611 imaginum
2877 2544 3026 2596 cultu
3060 2541 3261 2610 passim
3288 2541 3438 2595 illum
3461 2557 3556 2595 ca-

1986 2636 2187 2691 tholico
2229 2636 2333 2688 ritu
2367 2648 2420 2689 et
2453 2636 2656 2688 sentire
2694 2642 2747 2688 et
2785 2632 3102 2703 przedicare.
3148 2642 3205 2686 ut
3235 2634 3289 2686 in
3326 2633 3556 2703 Evagrio

1985 2728 2171 2781 codice
2206 2728 2305 2793 29;
2356 2728 2407 2780 in
2445 2728 2650 2798 synodo
2703 2728 2983 2790 Sidetana,
3020 2726 3142 2781 cod.
3195 2727 3306 2793 '52;
3357 2730 3409 2780 in
3436 2727 3561 2781 Cle-

1986 2827 2165 2868 mente
2203 2816 2591 2879 Alexandrino,
2639 2816 2763 2869 cod.
2816 2814 2951 2881 HO;
2993 2818 3049 2869 in
3088 2812 3254 2869 Lucio
3294 2813 3557 2879 Charino,

1982 2905 2105 2958 cod.
2139 2904 2279 2968 ill;
2323 2905 2374 2957 in
2415 2905 2608 2969 Pii-rio,
2640 2906 2761 2959 cod.
2790 2905 2928 2971 li9;
2962 2905 3014 2958 itt
3047 2904 3310 2974 Procopio
3336 2900 3556 2970 Gazzeo,

1985 2997 2105 3051 cod.
2158 2994 2301 3050 160.
2350 2996 2576 3061 Deinde,
2623 2996 2766 3064 quod
2813 3009 3058 3050 summos
3093 2995 3250 3050 Rom.
3300 2996 3559 3050 Ecclesia:

1985 3088 2287 3157 pontiﬁces,
2319 3098 2644 3157 sanctosque
2664 3085 2972 3143 Occidentis
2993 3085 3185 3140 Patres
3209 3086 3268 3140 Β.
3299 3088 3555 3149 Leonem,

1968 3178 2265 3245 irenteum,
2312 3177 2679 3243 Ambrosium,
2731 3178 3118 3246 Augustinum,
3153 3186 3416 3246 ett-teras,
3461 3179 3560 3232 hoc

1988 3270 2039 3324 iu
2072 3283 2237 3338 opere
2285 3270 2579 3324 honorifice
2620 3284 2837 3337 semper
2885 3270 3137 3338 appellet.
3182 3269 3366 3324 Tertio
3413 3271 3556 3338 quod

1985 3362 2141 3417 initio
2185 3373 2389 3429 septem
2430 3372 2713 3416 enunieret
2753 3361 2990 3430 synodos
3013 3361 3380 3430 singularique
3446 3371 3558 3415 tra-

1983 3462 2155 3515 ctatu,
2200 3464 2327 3506 tom.
2380 3452 2399 3507 Ι
2430 3452 2813 3517 Conciliorum,
2850 3464 3096 3509 octavam
3137 3462 3317 3508 autem
3352 3468 3555 3516 veram,

1984 3558 2087 3611 qua
2135 3546 2416 3598 restitutus
2447 3546 2499 3597 in
2532 3546 2921 3614 patriarchium
2949 3544 3184 3615 Ignatius
3209 3587 3223 3610 ,
3262 3544 3481 3599 Adriani
3513 3544 3556 3598 l!

1982 3634 2331 3699 auctoritate,
2364 3649 2426 3685 ac
2464 3645 2531 3686 ue
2561 3633 2787 3686 alteram
2839 3635 3053 3700 quidem
3092 3633 3394 3705 λῃστρικὴν
3417 3674 3432 3699 ,
3466 3635 3555 3687 cui

1984 3722 2099 3790 ipse
2123 3720 2389 3790 ﬂagitiose
2419 3720 2654 3790 praefuit,
2680 3722 3066 3790 damnataque,
3094 3732 3152 3775 ttt
3182 3723 3441 3785 diximus,
3470 3731 3557 3775 est

1984 3822 2055 3869 et.
2085 3814 2325 3881 explosa.
2363 3826 2626 3879 nusquam
2674 3812 2760 3866 hic
2789 3813 3029 3867 nominet
3080 3815 3301 3884 (citatnr
3349 3820 3553 3873 tamen,

1984 3905 2084 3959 etsi
2152 3914 2480 3974 prmpostere
2510 3922 2538 3956 a
2588 3904 2797 3959 Joanne
2840 3904 3073 3969 Zonara,
3116 3904 3404 3957 Theodoro
3437 3902 3556 3954 Bal-

1984 4010 2227 4059 samone,
2263 4006 2317 4048 et
2349 3994 2606 4048 Gratiano
2639 3997 2689 4048 in
2744 3995 2994 4055 Decretis,
3036 4010 3085 4048 c.
3111 3995 3167 4060 7,
3204 4011 3258 4061 ιι.
3295 4008 3334 4057 t,
3358 4008 3408 4049 c.
3440 3993 3555 4047 Hoc

1982 4102 2311 4156 nequaquam
2332 4085 2694 4155 45);)‘actaret
2716 4088 2853 4139 haud
2884 4087 3065 4150 dubie,
3106 4086 3551 4154 pnedicaretque,

1984 4190 2039 4230 ut
2066 4194 2165 4232 suo
2195 4179 2511 4249 plerumque
2539 4178 2715 4246 perire
2746 4193 2903 4231 sorex
2932 4178 3129 4232 iudicio
3157 4177 3465 4242 consuevit,
3488 4193 3553 4230 ac

1984 4278 2161 4339 tegere
2178 4270 2285 4321 odii
2315 4268 2582 4322 flairimant
2608 4269 2918 4337 praecordiis
2951 4269 3241 4323 haerentem
3266 4270 3400 4337 quin
3425 4284 3555 4321 evo-

1983 4369 2151 4413 tneret
2200 4360 2493 4428 nequisset.
2532 4361 2760 4424 Quidam
2808 4369 2983 4414 tamen
3030 4361 3279 4414 homines
3326 4362 3549 4424 eruditi,

1983 4451 2176 4518 quibus
2205 4460 2264 4502 ut
2294 4451 2597 4503 asseutircr
2632 4451 2865 4503 nondum
2915 4452 3041 4503 mihi
3076 4452 3342 4519 imperare
3380 4454 3547 4518 potiti,

1980 4553 2230 4594 secessus
2276 4539 2713 4606 opportunitate,
2751 4554 2874 4592 cum
2920 4540 3114 4592 iterum
3156 4539 3409 4592 abdicare
3456 4555 3550 4606 pa-

1981 4630 2279 4684 triarchatu
2306 4641 2532 4683 coactus
2562 4638 2726 4693 esset,
2761 4630 3067 4695 invitatum,
3102 4631 3167 4685 ad
3199 4631 3543 4683 scribendum

1980 4724 2282 4774 accessisse
2325 4720 2684 4786 arbitrantur,
2723 4736 2832 4787 quo
2862 4721 3057 4773 solatio
3087 4721 3390 4773 litterarum
3426 4722 3547 4772 auio

1980 4827 2123 4865 mum
2149 4812 2296 4866 curis
2323 4827 2541 4879 gravem
2574 4821 2930 4875 sustentaret,
2956 4811 3340 4878 molestiasque
3357 4826 3546 4867 omnes

1977 4904 2031 4955 in
2061 4902 2320 4956 librorum
2367 4902 2598 4954 lectione
2642 4914 2697 4955 et
2729 4903 3001 4956 suavitate
3054 4903 3373 4970 deponeret.
3416 4901 3543 4957 Mihi

1977 5008 2130 5058 Vero,
2166 4991 2311 5045 salva
2361 4991 2625 5055 amicitia,
2664 4992 2843 5045 verior
2877 4992 3145 5046 sententia
3183 4994 3334 5061 prior
3364 4994 3548 5047 videa-

1980 5096 2085 5139 tur.
2128 5084 2357 5137 Tantum
2402 5086 2469 5136 de
2511 5084 2823 5152 scriptionis
2862 5092 3142 5153 tempore,
3210 5084 3338 5137 illttd
3386 5084 3547 5138 modo

1976 5179 2034 5230 ὲν
2074 5176 2296 5247 παρόδῳ
2341 5173 2616 5241 adjiciam,
2659 5175 2961 5228 centesimo
2988 5174 3220 5242 amplius
3260 5190 3403 5227 anno
3426 5184 3546 5243 post

1978 5267 2165 5337 lgnatii
2206 5266 2493 5333 Photiique
2530 5280 2724 5328 arvum,
2773 5267 2829 5316 in
2862 5263 3048 5317 eadem
3086 5262 3383 5332 Byzantius
3416 5264 3544 5317 sede

1978 5360 2241 5412 resedisse
2261 5355 2525 5411 Joannem
2563 5355 3357 5425 XiphiiiuumTrapcxuutium,
3390 5370 3543 5408 tuon-

1978 5451 2046 5505 tis
2078 5450 2288 5521 Olympi
2341 5450 2686 5511 monachum,
2734 5449 2891 5501 annis
2931 5463 3005 5512 x1,
3043 5463 3212 5500 mens.
3257 5462 3353 5511 vtt,
3387 5447 3542 5512 cujus

1972 5551 2188 5594 exstent
2214 5543 2578 5609 Augustorum
2606 5539 2740 5593 Vitae
2773 5553 2803 5592 e
2830 5540 2998 5592 Dione
3024 5539 3248 5606 Cassio;
3282 5540 3372 5606 qui
3403 5539 3537 5593 Dion

1970 5634 2113 5688 eain
2165 5641 2319 5702 parte
2371 5632 2635 5698 epitotnes
2693 5646 2855 5699 Opera
2910 5630 3190 5685 mutilatos
3243 5631 3536 5694 intercidit,

1972 5724 2428 5798 quemadmodum
2452 5734 2504 5777 et
2534 5723 2598 5777 Τ.
2636 5723 3001 5777 Liviusmulto
3024 5723 3310 5777 maximam
3329 5734 3534 5789 partem

1964 5815 2368 5872 .abbrcviatoris
2384 5815 2561 5882 culpa,
2588 5824 2643 5867 ιιι
2664 5812 2857 5868 Justitti
2878 5813 3192 5884 compendio
3223 5811 3535 5882 Pompeium
