4146 6424
570 394 644 457 γι
1671 385 1772 445 AD
1812 384 2075 445 PIIOTII
2120 384 2677 448 BlBl.lOTIlECAM
2905 412 2913 419 ο
3772 390 3849 454 28

575 505 814 574 Trogum
846 517 873 556 a
906 503 1077 571 stirpe
1119 499 1427 556 amisimus.
1457 499 1589 554 Post
1617 501 1783 557 etiam
1827 498 2157 563 Theodosio,

575 596 660 650 cui
690 594 905 649 Maximi
942 602 1359 661 cognomentum
1407 591 1625 647 Nicetes
1668 592 1879 654 tribuit.
1920 591 2157 659 patriar-

574 688 790 743 cheium
835 694 1076 748 tenente,
1142 684 1459 740 Eustathius
1494 682 2001 739 Thessalonicensis
2046 680 2161 751 epi-

576 792 818 848 scopus,
867 790 987 829 cum
1052 773 1299 829 Manuele
1354 774 1777 841 Constantiuop.
1825 773 2160 843 imperatore

576 868 981 923 contentionem
1014 880 1179 935 super
1212 866 1320 921 Deo
1345 864 1634 921 Mahometi
1665 866 1891 932 habuit;
1921 863 2077 933 cujus
2106 872 2161 917 et

578 962 632 1014 in
689 959 975 1014 Homerum
1014 968 1294 1028 poetarum
1341 973 1510 1028 prape
1552 958 1739 1023 Deum,
1812 968 1867 1012 et
1920 957 2157 1025 Dionysii

576 1053 693 1108 Afri
725 1052 1056 1123 περιήγησιν
1091 1050 1487 1118 explicationes
1528 1052 1745 1115 uberes,
1788 1062 1843 1104 et
1870 1049 2157 1118 multiplici

578 1150 825 1205 doctrina
855 1147 1085 1203 refertas
1113 1147 1380 1216 hodieque
1411 1146 1661 1216 legimus,
1683 1162 1788 1200 non
1807 1155 1986 1197 autem
2016 1143 2159 1199 Pho-

582 1240 707 1300 tius.
749 1247 806 1292 ut
825 1248 982 1292 :etate
1013 1237 1181 1309 prior.
1215 1236 1410 1292 Poetas
1440 1237 1793 1306 caeteroquin,
1841 1251 1979 1306 quos
2059 1237 2159 1288 hoc

581 1333 633 1383 in
668 1342 833 1398 Opere
873 1343 981 1384 non
1036 1329 1216 1399 attigit
1262 1328 1404 1383 haud
1452 1328 1826 1398 praeteriisset,
1859 1328 1969 1384 nisi
2016 1327 2158 1397 quod

579 1421 853 1476 labnlosas
891 1421 1264 1488 narrationes,
1296 1437 1415 1490 qua:
1443 1422 1507 1475 ad
1551 1421 1834 1475 historiam
1886 1420 2162 1491 pertinuere

579 1510 890 1575 videantur,
936 1510 1215 1564 delibavit.
1253 1510 1435 1563 Redeo
1471 1526 1502 1563 a
1554 1508 1875 1565 diverticulo
1915 1510 2157 1563 domum.

582 1605 780 1660 Demus
800 1604 1239 1659 seelestisslmum
1258 1604 1566 1657 mortalium
1588 1604 1837 1657 Photinm
1856 1604 2156 1667 exstitisse,

584 1696 833 1748 turbasse
862 1693 1097 1748 Orientis
1135 1693 1456 1758 Ecclesiam,
1497 1696 1562 1747 ad
1600 1693 2070 1762 defectionemque
2106 1695 2158 1749 in

582 1785 871 1859 προεδρίας
926 1785 1327 1839 contentionem
1381 1782 1601 1838 Graecos
1658 1785 1891 1853 primum
1958 1784 2161 1838 sollici-

584 1888 762 1941 tasse,
804 1874 1240 1946 quandoquidem
1284 1888 1415 1928 vero
1474 1874 1678 1927 uullutn
1735 1874 1787 1927 in
1834 1874 1938 1928 hoc
1993 1888 2160 1943 Opere

581 1969 699 2038 ejus
733 1967 979 2023 criminis
1022 1969 1312 2039 vestigium
1362 1974 1641 2035 appareat,
1689 1974 1877 2019 contra
1928 1964 2157 2035 plurima

582 2066 895 2122 occurrant,
928 2073 1049 2127 qua:
1078 2058 1407 2127 scriptorum
1426 2070 1586 2110 nemo
1620 2070 1686 2110 ne
1716 2056 2157 2125 attigitquidetn,

583 2149 779 2203 nedum
829 2148 1211 2217 pertractavit,
1256 2162 1396 2216 quae,
1443 2147 1693 2211 obsecro,
1739 2146 1939 2199 invidia
1966 2147 2038 2200 sit
2070 2162 2161 2199 re-

586 2239 809 2307 pudiare
849 2238 1096 2306 omnino,
1143 2253 1209 2293 ac
1247 2238 1493 2305 rejicere,
1534 2246 1587 2291 et
1631 2251 1700 2290 ne
1737 2237 1905 2306 digito
1942 2236 2159 2305 quidem

584 2341 806 2400 tmgere
836 2330 998 2393 velle,
1038 2346 1160 2386 cum
1185 2331 1485 2386 acerrimos
1522 2330 1645 2383 lidei
1671 2329 2003 2384 CliriStiaua:
2036 2344 2159 2398 pcr-

586 2423 795 2477 duelles
840 2423 1223 2495 Porphyrium,
1266 2408 1947 2493 Lucianum,.Eunapinm,
1973 2434 2028 2477 et
2057 2422 2163 2476 Zo-

585 2512 780 2567 simntn
809 2512 1070 2582 legamus.
1105 2512 1204 2567 Hic
1231 2527 1361 2566 vero
1383 2512 1641 2568 Ecclesia:
1666 2514 1982 2567 orthodoxa:
2010 2516 2163 2581 capi-

586 2613 696 2657 tum
729 2601 887 2657 Rom.
921 2605 1233 2673 pontillcum
1278 2605 1522 2658 encomia
1565 2604 1803 2673 reperies
1829 2644 1844 2667 ,
1883 2605 2163 2659 beatorum

583 2695 893 2759 leestini,
943 2694 1161 2763 Leonis,
1201 2711 1266 2751 ac
1315 2695 1561 2766 Gregorii
1596 2712 1611 2751 :
1643 2705 1701 2750 nt
1742 2708 1798 2752 et
1845 2694 2164 2751 Latinorum

585 2784 774 2839 Patres
801 2785 1140 2852 Ambrosios,
1185 2786 1543 2855 Augustinos,
1579 2786 1737 2851 alios,
1774 2785 1981 2841 laudari
2025 2786 2168 2840 dixi-

587 2892 727 2931 mus.
755 2875 1023 2944 llaareses,
1042 2878 1415 2947 sectariosque
1444 2877 1669 2951 passim,
1698 2889 1757 2931 ut
1784 2877 1920 2933 diris
1942 2877 2165 2931 devotos

586 2970 1077 3039 exsecrandosque,
1115 2967 1403 3040 fugiendos
1436 2969 1668 3026 Photius
1717 2981 1903 3025 monet
1937 2969 2166 3026 :Euno-

587 3058 1004 3129 mios,inquam,
1037 3059 1393 3124 Novatianos,
1424 3061 1683 3116 Basilium
1714 3061 1963 3124 Cilicem,
1984 3060 2171 3116 Philo-

584 3151 844 3221 storgium
862 3152 1144 3219 Arianum,
1169 3154 1451 3222 ipsumque
1464 3154 1598 3208 adeo
1618 3152 1828 3207 scelesti
1860 3153 1968 3206 Arii
1983 3164 2168 3222 caput.

657 3241 961 3297 Otienditur
1003 3256 1217 3313 quoque
1250 3257 1356 3296 non
1393 3258 1552 3297 nemo
1594 3242 1750 3298 titulo
1806 3243 2165 3311 Bibliotltecte,

589 3336 641 3389 in
706 3334 1401 3404 speeiemtarmgantiore.
1473 3332 1659 3405 Neque
1715 3340 1858 3391 enim
1919 3337 2169 3393 volumen

589 3443 755 3481 unum
811 3426 1233 3492 bibliothecam,
1290 3437 1352 3481 ut
1413 3442 1513 3484 nec
1579 3430 1888 3484 mortalium
1956 3447 2168 3499 unum,

588 3518 873 3588 collegium
904 3518 1116 3573 allicere
1145 3519 1213 3574 de
1229 3519 1391 3590 plano
1428 3521 1762 3587 pronuntiat.
1784 3520 2171 3592 Reprehendat

590 3611 733 3666 alius
766 3609 1175 3681 Μυριάὸιϐλον,
1225 3609 1496 3677 inscribi,
1557 3625 1624 3665 ac
1670 3610 1834 3665 veluti
1882 3612 1933 3665 in
1985 3612 2173 3667 limine

588 3702 733 3768 quod
774 3700 926 3754 aiunt
965 3700 1247 3771 impingat.
1286 3699 1357 3755 At
1425 3702 1758 3764 meminerit,
1819 3713 1876 3756 ut
1901 3713 2172 3757 sexcentos

592 3789 857 3853 liontane,
886 3789 966 3845 sic
992 3800 1043 3843 et
1068 3789 1253 3844 Greece
1277 3788 1429 3844 mille
1457 3790 1803 3860 proinllnitis
1833 3792 1973 3846 dicis
1998 3794 2172 3862 gratia

591 3881 864 3937 adhiberi.
896 3880 1071 3935 Priori
1114 3896 1241 3935 vero
1284 3883 1603 3950 respondeo,
1632 3882 1675 3936 si
1713 3892 1958 3938 veterum
1989 3900 2171 3939 exem-

592 3972 677 4040 pla
718 3972 963 4040 requirat
990 3971 1317 4042 (recentium
1350 3972 1493 4026 enim
1537 3974 1993 4029 bibliothecarum
2030 3976 2171 4044 pleni

592 4072 722 4116 sunt
759 4077 947 4119 omnes
975 4065 1215 4119 omnium
1253 4063 1438 4134 plutei,
1466 4065 1619 4135 plena
1657 4066 1909 4135 pulpita),
1949 4066 2163 4133 Apollo-

594 4156 708 4207 dori
740 4156 1089 4211 Atheniensis
1131 4173 1189 4211 se
1220 4157 1445 4210 l’hotius
1486 4173 1549 4212 ac
1580 4156 1794 4211 Diodori
1846 4157 2013 4211 Siculi
2074 4174 2176 4212 au-

594 4247 875 4311 ctoritate,
917 4248 1008 4315 qui
1058 4258 1112 4302 et
1154 4250 1234 4302 sic
1281 4247 1611 4314 inscribunt,
1643 4258 1875 4302 tueatur.
1905 4250 2172 4303 Caeterum

590 4336 791 4405 justins
822 4339 1032 4393 titulum
1070 4340 1213 4393 hunc
1253 4338 1463 4393 foribus
1507 4340 1764 4409 appendit
1798 4357 1811 4394 :
1860 4341 2023 4407 quod,
2052 4356 2173 4394 cunt

598 4430 870 4486 l‘abulnsas
910 4432 1135 4487 deorum
1175 4432 1565 4501 hominumque
1600 4433 1946 4487 narrationes
1979 4434 2175 4486 vendi-

600 4531 732 4587 teut,
766 4523 852 4577 hic
877 4538 1065 4577 sacros
1094 4522 1247 4590 juxta
1295 4537 1359 4577 ac
1387 4522 1645 4592 profanos
1680 4524 1977 4592 scriptores
2012 4523 2174 4579 hoino

597 4616 956 4680 Christianus,
986 4617 1225 4683 iucunda
1273 4618 1505 4685 quadam
1550 4614 1930 4671 vicissitudine
1959 4616 2175 4669 tzcdium

596 4722 758 4759 omne
777 4708 1011 4772 levante,
1042 4707 1241 4775 partitn
1263 4716 1546 4761 recenseat
1571 4706 2179 4775 sigillatitn,judicium-

598 4814 705 4865 que
736 4797 894 4862 ferat,
938 4799 1131 4867 partim
1158 4798 1422 4863 Excerpta
1453 4809 1706 4853 accurate
1731 4798 1986 4853 exhibeat
2011 4797 2181 4851 libro-

604 4904 747 4953 rum,
808 4891 897 4957 qui
947 4892 1281 4959 temporibus
1323 4890 1763 4946 interciderunt:
1813 4890 2179 4961 Βιϐλιοθήκην

596 4978 716 5046 jure
744 4979 1092 5048 indigitando,
1110 4980 1250 5046 quod
1268 4980 1484 5051 Aigypti
1510 4983 1929 5051 regeslihrornm
1951 4984 2182 5050 optimo-

602 5084 720 5122 rum
764 5070 1035 5124 cumulum
1085 5068 1296 5139 Ψυχῆς
1335 5069 1611 5138 ἰατρεῖον,
1647 5072 1821 5123 Animi
1866 5071 2177 5137 medicinas,

605 5175 742 5217 teste
773 5162 1027 5227 Diodoro,
1062 5163 1428 5227 'nutninarint,
1466 5173 1522 5216 et
1568 5163 1789 5217 Asinius
1836 5161 2006 5214 Pollio
2036 5164 2175 5228 apud

605 5253 835 5306 Plinium
888 5252 1074 5307 Roma:
1127 5253 1514 5308 bibliothecam
1574 5252 1909 5317 dedicando,
1969 5252 2177 5320 ingenia

604 5347 877 5399 hominum
899 5361 1009 5400 rem
1029 5346 1297 5417 publicam
1331 5346 1544 5401 fecerit.
1570 5345 1684 5401 Hoc
1699 5354 1882 5399 autem
1907 5346 1961 5397 in
1981 5360 2181 5410 genere

603 5436 885 5491 titulorum
933 5439 1185 5491 sudatum
1213 5437 1539 5508 antiquitus,
1575 5445 1655 5503 ut,
1704 5435 1847 5504 quod
1888 5436 1941 5489 in
1986 5434 2183 5488 merci-

603 5530 704 5583 bus
726 5530 958 5598 viuoque
985 5530 1143 5594 solet,
1177 5531 1339 5583 edera
1375 5541 1613 5599 appensa
1652 5528 1805 5583 labor
1834 5528 2182 5583 commenda-

603 5633 775 5677 retttr.
820 5619 1036 5675 Tironis
1072 5620 1235 5675 Tullii
1275 5622 1485 5691 vigilite,
1523 5634 1750 5689 quaeque
1794 5628 2013 5673 exstant
2054 5633 2185 5687 pru-

602 5718 824 5769 dentum
850 5713 902 5768 itt
935 5712 1058 5781 jure
1087 5729 1369 5784 responsa,
1400 5714 1701 5783 pandectze,
1743 5711 2009 5783 inscripti.
2038 5709 2173 5765 0m-

604 5810 855 5877 nigenam
913 5810 1212 5872 historiam,
1289 5808 1566 5877 copiaeque
1610 5820 1780 5861 cornu
1820 5803 2180 5874 Phavorinus,

2268 499 2568 570 Hesychius
2604 498 2832 555 illustris
2870 507 3031 569 atqttc
3068 500 3320 557 IEliamts
3364 519 3461 557 sua
3500 504 3839 577 nuncupant.

2264 589 2484 644 Cestutn
2521 606 2614 645 seu
2663 607 2692 643 a
2740 592 2856 645 dcte
2894 592 3094 657 balteo,
3133 596 3248 649 sive
3281 612 3308 647 a
3354 596 3594 666 pugilum
3645 602 3837 666 armis,

2265 679 2439 736 Julius
2474 681 2757 735 Africanus
2802 694 2856 737 et
2908 682 3119 750 Celsus,
3160 686 3210 739 in
3247 702 3408 755 quem
3452 689 3574 758 Styli
3610 704 3839 745 acumen

2265 771 2528 838 Origenes
2567 774 2805 837 strinxit,
2850 774 3051 843 scripta
3085 778 3459 841 nominarunt,
3491 779 3581 847 qui
3631 791 3684 833 et
3716 780 3840 835 Ori-

2266 878 2431 935 genes
2471 862 2737 918 Stromata
2775 868 3095 935 scripserat,
3134 878 3192 922 ut
3244 870 3548 925 Stromatea
3584 871 3839 929 Clemens

2267 957 2669 1013 Alexandrinus
2724 960 2791 1012 ab
2829 972 3150 1026 argumento
3206 963 3356 1017 varie
3410 964 3582 1033 picto,
3626 976 3840 1031 stragu-

2267 1047 2441 1110 lisque
2490 1047 2709 1103 belluati
2757 1053 2959 1118 operis,
2995 1054 3194 1121 quibus
3233 1052 3629 1110 Themistocles
3659 1056 3837 1111 homi—

2267 1140 2351 1195 nis
2377 1155 2683 1195 sermonem
2702 1156 3020 1210 comparare
3038 1143 3255 1199 solitus.
3277 1144 3338 1197 Β.
3356 1144 3591 1217 Cyrillus
3606 1149 3839 1203 Alexan-

2264 1231 2476 1297 drinus,
2503 1242 2558 1288 et
2578 1233 2691 1303 ipse
2731 1233 3005 1305 Glaphyra
3036 1251 3193 1291 suum
3228 1237 3280 1291 in
3305 1235 3758 1303 Pentatettcltum,
3784 1250 3841 1295 et

2265 1322 2494 1379 alterum
2557 1327 2688 1397 περὶ.
2727 1327 3015 1396 ὀμοουσίου
3065 1327 3527 1385 Commentarinm
3578 1331 3839 1386 librorum

2265 1418 2674 1486 quattuordecim
2706 1418 3027 1473 Tltesaurum
3055 1420 3353 1476 nominavit
3387 1422 3602 1493 (quales
3622 1439 3744 1479 esse
3775 1424 3843 1475 li—

2263 1506 2390 1561 bros
2436 1521 2627 1562 omnes
2674 1507 2941 1563 Domitius
2972 1508 3097 1564 Piso
3136 1521 3262 1565 ante
3292 1516 3619 1581 exaptarat).
3648 1511 3719 1568 Ut
3783 1523 3841 1568 et

2264 1612 2454 1653 novem
2474 1599 2753 1653 Musarum
2784 1600 3091 1655 nominibus
3118 1602 3422 1659 llerodotus
3457 1615 3511 1660 et
3538 1604 3837 1673 Cephalion

2264 1690 2408 1755 apud
2454 1690 2598 1745 hunc
2643 1691 2819 1759 ipsum
2877 1692 3127 1747 Pltotium
3174 1696 3379 1763 scripta
3448 1697 3837 1751 distinxerunt.

2263 1780 2461 1846 Taceo,
2503 1782 2768 1851 prudens;
2813 1793 2939 1839 sunt
2986 1785 3131 1838 enim
3175 1800 3343 1853 prope
3412 1786 3841 1842 innumerabiles

2265 1872 2521 1941 reliquos,
2546 1872 2636 1941 qui
2659 1872 2831 1929 titulis
2871 1875 3024 1942 operi
3053 1875 3253 1930 additis
3280 1877 3414 1930 mira
3452 1878 3715 1932 varietate
3752 1878 3839 1931 la—

2264 1973 2473 2025 serunt,
2510 1972 2827 2033 tantumque
2849 1965 2956 2021 sibi
2989 1965 3375 2036 indulgendum
3412 1970 3539 2031 rati,
3570 1980 3836 2038 quantum

2265 2070 2361 2110 sua
2392 2056 2624 2125 quisque
2665 2058 2959 2113 miraretur
2990 2074 3055 2113 ac
3085 2061 3428 2128 praedicaret.
3465 2059 3651 2129 Neque
3686 2062 3842 2118 libris

2266 2149 2428 2203 modo
2468 2147 2814 2203 Bibliotheca:
2847 2150 3037 2204 titulus
3070 2152 3253 2213 datus,
3293 2153 3385 2204 sed
3436 2154 3538 2207 hoc
3583 2153 3840 2221 amplius,

2264 2249 2319 2293 et
2366 2241 2695 2308 hominibus,
2748 2250 2804 2296 ut
2860 2242 3172 2313 Dionysium
3221 2244 3520 2311 Longinum
3564 2248 3843 2300 rhetorem

2268 2329 2543 2401 Eunapius
2576 2333 2874 2388 Sardianus
2902 2334 3144 2404 ἔμψυχον
3162 2334 3535 2407 βιϐλιοθήκην,
3556 2338 3845 2404 spirantem

2265 2422 2641 2479 Bibliotltecam
2679 2428 2952 2494 vivumque
2981 2428 3112 2481 adeo
3149 2427 3408 2483 Museum
3444 2430 3717 2501 appellare
3735 2445 3846 2485 non

2266 2514 2501 2569 dubitat.

2343 2601 2537 2655 Verum
2582 2601 2649 2655 de
2706 2613 2945 2656 veterum
3002 2600 3313 2656 Graecorum
3371 2602 3848 2672 Romanorumque

2268 2691 2611 2746 bibliothecis
2642 2706 2747 2747 non
2784 2691 3060 2754 describo,
3089 2693 3286 2747 scrinia
3316 2695 3640 2763 cmttpilatts,
3700 2696 3844 2751 otio-

2267 2797 2374 2852 que
2400 2782 2651 2847 abutens,
2685 2798 2806 2851 qme
2839 2800 3011 2853 nuper
3051 2783 3216 2855 Belgii
3250 2787 3455 2842 ocellus
3481 2785 3695 2855 Lipsius
3746 2806 3847 2841 no-

2268 2884 2386 2928 ster
2417 2875 2621 2929 diserte
2648 2876 2715 2928 ad
2750 2875 2999 2931 nobiliss.
3051 2878 3227 2931 virum
3293 2878 3550 2933 Carolum
3617 2879 3844 2935 Croium

2268 2970 2569 3037 disseruit;
2608 2970 2870 3026 Analecta
2923 2972 3190 3026 duntaxat
3249 2972 3525 3028 corollarii
3577 2974 3695 3029 vice
3748 2975 3849 3029 da-

2270 3081 2409 3120 mus.

2334 3158 2512 3212 Missis
2548 3158 2727 3226 itaque
2751 3155 2916 3210 Paulo
2944 3154 3189 3220 Emilin,
3222 3157 3280 3211 L.
3327 3156 3493 3213 Corn.
3530 3156 3674 3213 Sulla
3696 3165 3751 3211 et
3780 3153 3846 3213 L.

2272 3245 2496 3301 Lucullo
2532 3246 2793 3300 librorum
2832 3247 3225 3300 servandorum
3259 3248 3354 3317 (nt
3413 3261 3707 3318 generosos
3734 3259 3848 3300 ma-

2273 3342 2417 3392 xime
2467 3338 2714 3392 homines
2759 3336 2962 3400 decuit,
2995 3352 3320 3407 semperque
3350 3337 3592 3408 derebit)
3642 3336 3851 3393 studio-

2274 3427 2373 3489 sis.
2402 3428 2466 3481 T.
2506 3426 2838 3497 Pomponius
2866 3428 3077 3481 Attii-us
3106 3426 3326 3495 elegans
3351 3439 3404 3482 et
3435 3428 3550 3495 ipse
3576 3427 3852 3481 Romanos

2276 3520 2421 3573 inter
2449 3526 2505 3573 et
2537 3518 2857 3586 splendidus
2889 3516 3274 3572 bibliothecam
3306 3517 3581 3571 instruens
3613 3516 3842 3572 Herma—

2277 3611 2476 3675 thenis,
2510 3610 2746 3679 aliisque
2772 3610 2974 3665 statuis
3026 3620 3188 3678 atque
3223 3610 3553 3678 imaginibus
3607 3609 3848 3663 ornavit.

2275 3701 2415 3768 Quin
2464 3712 2522 3756 et
2567 3702 2634 3755 de
2692 3702 3019 3769 imaginibus
3072 3701 3124 3753 in
3191 3700 3534 3755 bibliothecis
3598 3700 3851 3755 collocari

2275 3790 2472 3851 solitis,
2504 3791 2692 3857 paucis
2715 3801 2799 3843 est
2836 3789 3078 3843 versibus
3114 3798 3535 3844 commentatus.
3572 3788 3651 3842 Ad
3683 3804 3845 3858 quem

2276 3893 2331 3938 et
2369 3884 2552 3937 animo
2588 3884 2778 3937 fratris
2809 3883 2930 3936 loco
2960 3882 3443 3949 conjunctissimus
3482 3882 3550 3937 Μ.
3586 3884 3793 3938 Tullius
3822 3900 3841 3939 :

2282 3994 2300 4025 ι
2345 3974 2562 4039 Libros,
2619 3976 2821 4043 inquit,
2856 3985 2977 4028 tuos
3008 3990 3292 4039 conserva,
3328 3984 3380 4028 et
3416 3975 3525 4028 noli
3565 3966 3855 4043 desperare

2276 4082 2370 4121 eos
2403 4082 2555 4121 meos
2607 4066 2791 4121 facere
2827 4082 2988 4135 posse
3024 4084 3037 4118 :
3071 4067 3213 4134 quod
3239 4066 3285 4118 si
3330 4081 3614 4134 assequor,
3655 4081 3853 4134 supero

2275 4158 2530 4213 Crassum
2566 4160 2787 4222 divitiis,
2815 4169 2978 4226 atque
3009 4158 3253 4210 omnium
3290 4158 3436 4211 vicos
3465 4168 3519 4212 et
3544 4168 3694 4223 prata
3716 4174 3851 4212 cou-

2277 4260 2479 4304 temno.
2525 4270 2543 4302 ι
2580 4251 2755 4316 Quid?
2785 4262 3049 4316 praetereo
3095 4248 3269 4301 Asinii
3315 4248 3575 4303 Pollionis
3634 4250 3779 4303 illam
3822 4265 3855 4303 e

2278 4341 2645 4396 Dalmatarum
2695 4341 2968 4393 manubiis
2998 4340 3325 4409 publicatam
3356 4340 3540 4396 Romae
3569 4340 3855 4395 bibliothe-

2279 4448 2420 4497 cam,
2453 4431 2727 4486 Caesarum
2759 4445 2974 4499 quoque
3014 4446 3042 4482 a
3068 4429 3130 4485 (Ξ.
3162 4429 3308 4484 Julio
3340 4432 3677 4497 inchoatam,
3734 4446 3856 4500 per-

2279 4522 2583 4592 fectamque
2606 4523 2673 4576 ab
2694 4522 2954 4590 Augusto,
2978 4520 3262 4576 Octaviam
3285 4538 3347 4575 ac
3376 4521 3674 4576 Palatinam
3700 4520 3854 4585 sileo,

2282 4612 2507 4680 Trajani
2574 4622 2844 4682 praeterea
2910 4611 3150 4681 Ulpiam.
3200 4612 3475 4666 Adrianus
3517 4613 3663 4666 enim
3722 4612 3856 4680 itnp.

2281 4702 2610 4771 Pompeiano
2638 4714 2693 4758 et
2716 4700 3011 4757 Commodo
3039 4717 3185 4757 coss.
3222 4718 3344 4757 eum
3400 4701 3643 4771 insignes
3662 4710 3716 4756 et
3744 4701 3861 4771 pltt-

2283 4796 2450 4850 rimas
2491 4795 2636 4850 tedes
2690 4794 2919 4851 Athenis
2975 4795 3173 4851 Atticis
3226 4794 3464 4860 fecisset,
3518 4803 3573 4847 et
3629 4807 3856 4863 agonem

2283 4887 2625 4952 instituisset,
2662 4889 2705 4941 si
2744 4887 2899 4941 fastis
2925 4886 3235 4942 Cassiodori
3290 4886 3442 4952 ﬁdes,
3474 4885 3858 4942 bibliothecam

2283 4978 2407 5035 miri
2441 4980 2623 5047 operis
2667 4980 2955 5034 exstruxit.
3009 4977 3204 5033 Juliaui
3230 4978 3434 5044 atlhtec,
3466 4976 3561 5030 τοῦ
3606 4973 3862 5047 παραϐά-

2280 5089 2399 5135 sou,
2431 5080 2625 5125 caetera
2653 5072 2875 5134 eruditi,
2910 5072 2962 5123 in
3027 5069 3179 5123 libris
3237 5069 3556 5138 colligendis
3620 5067 3860 5121 studium

2281 5164 2509 5218 exstitit.
2542 5162 2721 5216 Testis
2784 5162 2899 5229 ipse
2954 5161 3193 5229 locuples
3240 5158 3413 5229 Epist.
3459 5164 3524 5214 ad
3583 5158 3860 5213 Ecdicium

2281 5254 2500 5325 A‘lgypti
2547 5252 2857 5322 praefectum
2893 5270 2907 5305 :
2948 5251 3131 5304 ’Δλλοι
3176 5250 3276 5321 μὲν
3334 5250 3537 5316 ἵππων,
3575 5249 3728 5303 ἄλλοι
3779 5247 3841 5302 δὲ

2281 5346 2503 5417 ὀρνέων,
2547 5344 2696 5399 ἄλλοι
2757 5343 2961 5415 Θηρίων
3030 5344 3235 5414 ἐρῶσιν
3293 5359 3309 5373 ⁶
3364 5343 3491 5413 ἐμοὶ
3543 5341 3601 5394 δὲ
3631 5340 3858 5411 βιϐλίων

2284 5438 2528 5508 κτήσεως
2557 5437 2621 5490 ὲκ
2640 5436 2926 5505 παιδαρίου
2949 5435 3121 5498 δεινὸς
3143 5435 3402 5503 ἐντέτηκε
3422 5433 3605 5497 πόθος.
3636 5432 3867 5497 Quidam

2280 5530 2446 5599 equis,
2478 5530 2571 5581 alii
2602 5528 2804 5591 avibus,
2827 5526 3066 5581 nonnulli
3098 5526 3224 5596 feris
3257 5527 3575 5594 voluptatem
3608 5525 3860 5589 capiunt;

2282 5638 2371 5693 ego
2383 5625 2493 5691 jam
2516 5622 2638 5673 inde
2667 5638 2697 5673 α
2723 5635 2881 5688 puero
2897 5620 3149 5672 librorum
3177 5618 3460 5688 cupiditate
3487 5615 3727 5686 ﬂagravi.
3759 5612 3873 5667 llu-

2278 5716 2367 5786 jus
2401 5713 2623 5775 Augusti
2656 5712 3044 5767 Bibliothecam
3069 5708 3590 5772 vicissimlovianus,
3618 5705 3869 5759 hortante

2278 5808 2535 5879 conjuge,
2576 5817 2629 5862 et
2660 5806 2942 5875 adjutante
2975 5801 3277 5874 Theopltilo
3302 5801 3580 5865 eunucho,
3604 5794 3870 5867 ringenti-
