4146 6442
325 445 396 511 29
1661 445 2254 508 PROLEGOMENA.
3517 435 3590 498 30
3662 392 3667 395 ⁷

327 565 431 622 bus
481 562 705 619 interim
757 561 1132 628 Antiocltenis,
1176 571 1237 617 ut
1300 572 1490 617 auctor
1544 573 1626 617 est
1686 564 1902 626 Suidas,

329 653 614 707 cremavit.
656 650 897 706 Externa
926 654 1055 722 quid
1091 668 1536 718 commemorem,
1594 652 1901 724 Egyptios,

328 752 383 797 et
414 742 680 797 Attalicos
706 757 860 812 reges
885 742 1205 811 colligendis
1239 743 1391 797 libris
1416 744 1772 813 magnificos?
1799 760 1898 799 no-

332 843 442 886 tum
525 831 874 888 Ptolemaeum
949 833 1359 904 Pltiladelphttttt
1434 836 1901 904 septingentorum

330 921 553 976 millium
590 923 852 978 librorum
906 925 1181 979 cumulum
1214 924 1533 991 contulisse,
1586 926 1675 995 qui
1712 942 1905 980 cumu-

331 1016 415 1068 lus
443 1016 832 1081 Alexandrino,
860 1018 993 1087 proh
1017 1017 1198 1073 dolor!
1236 1018 1467 1072 tumultu
1524 1018 1901 1090 conﬂagravit.

328 1103 529 1174 Ecquis
562 1107 699 1160 adeo
728 1108 780 1159 iu
805 1106 1003 1162 litteris
1034 1109 1250 1177 hospes,
1280 1108 1371 1177 qui
1419 1108 1558 1163 LXX
1632 1109 1902 1179 interpre-

330 1208 443 1250 tum
471 1211 663 1252 sacras
693 1197 928 1254 Litteras
955 1216 1017 1253 ex
1053 1200 1274 1254 Hebraeo
1301 1200 1542 1267 ejusdem
1579 1199 1729 1267 jussu
1784 1216 1907 1255 ver-

330 1290 558 1342 tentinm
620 1289 907 1344 historiam
977 1291 1234 1362 ignoret?
1286 1290 1511 1347 Tacitus
1554 1304 1730 1347 tamen
1785 1292 1905 1348 sine

327 1377 529 1448 ﬂagitio
576 1383 858 1449 praeterire
888 1397 992 1437 non
1032 1399 1275 1451 possunt,
1331 1393 1593 1453 quantum
1640 1385 1804 1438 studii
1851 1385 1902 1437 in

326 1472 711 1539 conquirendis
738 1472 888 1528 libris
910 1475 1056 1542 regio
1086 1484 1246 1544 atque
1278 1476 1497 1529 heroico
1527 1476 1711 1528 animo
1757 1475 1900 1530 idem

326 1558 655 1618 Ptolcmzens
701 1567 959 1634 posuerit,
1014 1577 1071 1620 ιιι
1140 1577 1219 1622 est
1256 1584 1285 1621 a
1324 1568 1528 1623 Galeno
1574 1569 1904 1622 medicorum

327 1654 574 1722 principe
601 1653 694 1709 lib.
727 1672 739 1709 ι
775 1655 854 1711 De
903 1667 1095 1711 natura
1124 1660 1371 1721 hominis,
1406 1674 1728 1727 rursumque
1808 1659 1902 1713 lib.

330 1755 391 1794 ιιι
428 1739 677 1809 Epidem.
713 1744 1060 1816 Hippocratis
1085 1749 1358 1803 memoria:
1410 1750 1707 1818 proditum,
1742 1750 1905 1804 Athe-

329 1829 609 1885 niensibus
670 1835 950 1901 nimirum,
1016 1835 1275 1890 frumenti
1336 1838 1511 1905 inopia
1571 1853 1903 1906 annonaeque

326 1918 594 1976 t-haritate
624 1923 1017 1987 laborantibus.
1048 1942 1154 1980 non
1186 1928 1335 1997 prius
1383 1926 1716 1982 frumentum
1769 1945 1901 1982 eou-

326 2011 556 2066 cessisse
597 2012 775 2083 (quod
821 2026 968 2070 esset
996 2013 1264 2087 Egyptus
1320 2015 1570 2083 Graeciae,
1627 2028 1686 2071 ttt
1718 2018 1902 2071 Sicilia

324 2100 496 2155 Italiae
545 2104 830 2160 fertilitate
887 2121 986 2160 sua
1039 2109 1323 2176 horreum)
1378 2124 1537 2178 quam
1575 2107 1903 2176 tragicmutn

327 2193 633 2263 principum
702 2195 974 2270 Eschyli,
1035 2198 1320 2266 Sophorlis
1416 2209 1578 2268 atque
1631 2200 1907 2269 Euripidis

332 2284 823 2342 describendorum
863 2290 1075 2358 cupiam
1104 2288 1387 2345 fecissent.
1444 2289 1498 2343 In
1535 2304 1640 2359 qua
1691 2292 1906 2359 quidem

327 2390 387 2428 re
416 2390 477 2429 ea
513 2377 617 2432 [ide
646 2387 941 2442 versatum,
975 2390 1032 2433 ut
1064 2392 1264 2449 praeter
1310 2381 1658 2452 Vectigalium
1709 2381 1902 2436 immu-

328 2466 576 2532 nitatem,
610 2481 679 2520 ιν
717 2468 919 2522 talenta
951 2470 1142 2523 iisdem
1188 2471 1397 2540 pignori
1446 2472 1680 2534 dederit,
1744 2487 1906 2540 quam

331 2557 551 2623 quidetn
583 2562 868 2628 pecuniam
910 2573 1032 2631 post
1069 2561 1242 2617 libens
1281 2564 1574 2632 volensque
1603 2561 1748 2616 dono
1806 2563 1909 2617 nti-

326 2649 425 2713 sit,
470 2659 527 2703 et
553 2651 798 2719 exempla
830 2653 1102 2722 descripta
1148 2654 1377 2709 remisit.
1419 2653 1555 2708 Nam
1588 2653 1653 2707 de
1702 2653 1911 2707 Aristo-

328 2735 455 2789 telis
486 2735 857 2805 Peripateticze
878 2740 1081 2795 scholae
1119 2743 1379 2811 principis
1426 2757 1492 2796 ac
1544 2741 1909 2810 Theophrasti

329 2826 660 2883 bibliotheca
693 2846 722 2882 a
745 2829 911 2885 Neleo
939 2830 1145 2903 corisci
1178 2829 1240 2886 F.
1290 2840 1573 2902 coempto,
1603 2841 1657 2886 et
1693 2832 1914 2886 haeredi-

329 2917 456 2985 bus,
480 2933 548 2974 ne
572 2919 643 2974 ab
672 2921 920 2980 Attalicis
958 2924 1176 2994 regibus
1196 2923 1527 2990 auferretur,
1557 2924 1703 2977 humi
1737 2923 1912 2978 deros-

330 3024 415 3072 sa,
451 3009 577 3081 quia
630 3027 802 3082 nuper
833 3014 887 3069 in
923 3012 1210 3072 Parallelis
1257 3015 1641 3083 disseruimus,
1690 3019 1911 3070 verbum

331 3115 445 3153 non
499 3101 718 3158 addam.
778 3103 1026 3160 Clearcbi
1085 3120 1303 3176 quoque
1354 3106 1629 3163 Heracleae
1674 3107 1915 3163 Pontica:

331 3192 492 3261 primi
524 3194 759 3263 tyranni,
785 3196 902 3264 ejus
931 3198 1022 3267 qui
1048 3197 1287 3255 Platonis
1313 3209 1369 3255 et
1410 3199 1665 3256 Isocratis
1700 3202 1915 3256 auditor

328 3281 559 3345 exstitit,
597 3284 920 3343 bibliotheca
967 3303 996 3342 a
1045 3289 1332 3346 Memnone
1375 3291 1517 3359 apud
1560 3293 1706 3347 hunc
1737 3294 1911 3361 ipsum

330 3371 587 3427 Photium
650 3378 787 3431 mire
846 3380 1208 3448 prtedicatur,
1266 3384 1422 3450 cujus
1483 3383 1656 3438 laudis
1720 3385 1916 3438 adorea

331 3476 560 3519 caeteros
609 3483 804 3523 omnes
848 3480 1109 3541 tyrannos
1151 3474 1310 3542 longo
1361 3483 1481 3543 post
1529 3488 1589 3528 se
1637 3475 1919 3543 reliquerit

334 3554 644 3610 intervallo.
690 3559 798 3613 Sed
844 3561 985 3615 unde
1029 3562 1257 3631 digressi
1304 3563 1598 3632 paululum,
1630 3580 1695 3618 co
1727 3567 1919 3621 redea-

337 3663 484 3703 mus.
525 3648 960 3707 Tumultuarium
998 3655 1216 3724 quidem
1246 3670 1406 3724 opus,
1440 3674 1505 3712 ne
1532 3657 1661 3727 quid
1698 3660 1923 3713 tacitor-

334 3741 506 3795 nitate
546 3744 886 3811 przevarirari
925 3746 1132 3812 videar,
1173 3746 1496 3803 Photianam
1536 3750 1676 3805 hanc
1710 3750 1919 3804 Biblio-

330 3832 536 3886 theeam
582 3837 862 3892 exstitisse
912 3838 1027 3891 htec
1074 3838 1313 3892 indicant
1359 3858 1373 3906 ;
1418 3842 1607 3894 eadem
1652 3857 1793 3909 saepe
1839 3857 1925 3896 re-

322 3924 523 4015 petita,
559 3925 738 3980 hiatus
785 3927 1081 3995 interdum,
1123 3943 1289 4001 atque
1338 3931 1521 3987 hiulca
1564 3934 1701 3997 loca,
1736 3933 1921 4002 negle-

330 4026 455 4069 ctus
487 4018 685 4086 stylus,
717 4017 911 4085 rejecta
954 4021 1187 4090 denique
1220 4022 1272 4076 in
1305 4022 1531 4077 alteram
1576 4024 1757 4091 operis
1798 4040 1924 4092 par—

333 4113 445 4159 tem
500 4106 803 4172 librorum,
863 4126 1002 4180 quos
1049 4111 1161 4179 jam
1222 4123 1609 4181 recensuerat,
1666 4124 1921 4183 excerpta

330 4197 598 4266 longiora.
638 4200 719 4254 Ad
763 4216 915 4255 orant
961 4218 1175 4272 quoque
1217 4204 1470 4259 nonnulla
1507 4205 1804 4271 collocata;
1841 4216 1918 4269 et,

330 4292 476 4359 quod
529 4291 766 4357 mireris,
822 4294 1041 4349 eosdem
1093 4296 1304 4351 libellos
1349 4295 1491 4350 κατὰ
1541 4297 1732 4361 πόδας,
1784 4311 1920 4366 pene

333 4382 616 4451 repetitos,
649 4393 708 4437 ut
753 4384 990 4456 Dionysii
1038 4386 1193 4457 Εεθί
1240 4388 1520 4457 Dictyaca,
1564 4387 1828 4442 Hieroclis
1860 4396 1915 4442 et

332 4470 561 4529 Himerii
596 4474 941 4545 aliorumque
975 4491 1078 4531 non
1114 4493 1307 4547 pauca,
1342 4492 1565 4546 prorsus
1606 4487 1663 4531 ut
1694 4478 1910 4532 credam

331 4560 586 4621 Photium
641 4568 899 4624 memoria
961 4583 1058 4625 sua
1108 4568 1347 4640 juvauda
1397 4570 1574 4641 potius
1635 4584 1799 4639 quam
1855 4578 1914 4623 ut

2006 566 2222 618 caeteris
2273 562 2579 632 promiscue
2630 559 2931 630 prodesset,
2981 556 3084 610 hoc
3126 569 3261 624 opus
3310 553 3591 606 consarci-

2008 671 2186 722 nasse,
2221 667 2315 708 aut
2350 664 2498 709 certe
2542 661 2874 721 postremam
2910 662 3127 702 manum
3157 660 3263 699 non
3301 643 3587 711 adjecisse,

2007 749 2132 801 lima
2192 746 2432 801 nitidiori
2484 760 2649 813 opere
2694 743 2899 796 futuro.
2948 737 3153 793 Aulicis
3198 736 3453 789 nimirum
3500 750 3594 787 ne-

2007 840 2190 911 gotiis,
2227 851 2389 908 atque
2425 836 2721 891 ambitione
2770 831 3124 886 trausversim
3168 837 3404 898 raptum,
3442 839 3593 879 men-

2010 940 2113 983 tem
2148 929 2275 991 alio,
2311 928 2417 981 alio
2449 942 2609 980 aures
2641 923 2913 978 divisisse.

2076 1019 2349 1075 Hactenus
2384 1019 2450 1072 de
2488 1016 2665 1072 Photii
2710 1016 2841 1075 vita.
2874 1022 2928 1066 et
2968 1011 3295 1066 Bibliotheca
3325 1009 3588 1063 lectorum

2006 1115 2265 1169 librorum
2301 1131 2313 1166 :
2350 1121 2518 1167 restat
2576 1120 2635 1165 ut
2676 1117 2873 1162 ca2tera
2922 1105 3042 1172 ejus
3076 1104 3276 1174 scripta
3314 1103 3364 1156 in
3400 1100 3592 1170 vulgus

2005 1209 2173 1271 edita,
2215 1222 2321 1275 quo
2365 1204 2449 1259 vel
2499 1203 2552 1256 in
2594 1202 2753 1256 hoste
2785 1202 3035 1253 virtutem
3084 1195 3367 1262 miremur,
3399 1208 3590 1247 recen-

2006 1316 2178 1353 seam.
2226 1298 2459 1365 Scripsit
2509 1296 2563 1349 in
2616 1292 2679 1349 Β.
2725 1292 2874 1347 Pauli
2929 1287 3199 1358 Epismlas
3241 1288 3592 1341 Commenta-

2008 1393 2147 1445 rium
2199 1406 2214 1446 :
2266 1389 2408 1441 unde
2458 1384 2718 1456 pleraque
2772 1384 2962 1438 hausta
3014 1383 3066 1436 in
3116 1378 3379 1434 Catenam
3433 1390 3588 1430 suam

2006 1478 2371 1535 UEcumenius
2461 1475 2774 1538 transtulit,
2837 1482 2893 1527 ttt
2962 1487 3067 1525 non
3132 1467 3588 1524 contemnendum

2008 1571 2315 1636 theologum
2335 1582 2602 1637 agnoscas
2641 1585 2654 1620 :
2684 1564 2826 1634 quod
2868 1578 2934 1618 eo
2973 1561 3178 1627 gratior
3212 1559 3384 1614 doctis
3418 1555 3593 1611 homi-

2008 1665 2167 1717 nibus
2200 1661 2313 1732 (qui
2359 1674 2425 1714 eo
2466 1673 2524 1713 se
2564 1658 2778 1726 adiutos
2819 1655 2872 1709 in
2913 1653 3086 1707 Paulo
3131 1650 3471 1721 explananda
3512 1646 3595 1701 fa-

2009 1764 2226 1810 teantttr
2255 1754 2512 1822 ingenue)
2547 1749 2701 1803 labor
2731 1748 2820 1801 hic
2854 1746 3103 1809 exsistat,
3129 1758 3236 1811 quo
3263 1740 3594 1796 dilliciliores

2008 1849 2060 1902 itt
2108 1847 2172 1901 iis
2209 1842 2455 1915 epistolis
2503 1841 2672 1896 nodos
2714 1853 3002 1893 occurrere
3036 1837 3096 1891 Β.
3139 1835 3333 1889 Petrus
3373 1842 3593 1903 aposto-

2010 1940 2151 1993 latus
2188 1937 2394 2008 collega
2446 1932 2839 2004 proutmtiavit.
2869 1930 3095 1983 Exstant
3122 1937 3176 1983 et
3207 1925 3387 1980 Photii
3428 1937 3592 1992 opera

2008 2028 2249 2082 Canones
2289 2023 2666 2096 apostolorum,
2707 2020 3150 2083 comitiorumque
3184 2026 3417 2070 veterum
3458 2014 3597 2081 leges

2008 2129 2365 2175 sacrosancta:
2411 2118 2462 2170 in
2502 2115 2752 2169 volumen
2801 2126 2968 2165 unum
3001 2121 3306 2176 corpusque
3337 2102 3593 2166 collecta,

2012 2212 2381 2277 distinctaque
2411 2206 2702 2272 capitibus,
2731 2202 2873 2273 quod
2920 2209 2974 2255 et
3008 2198 3391 2253 Nomocanona
3424 2194 3597 2247 nomi-

2012 2305 2181 2364 navit.
2214 2317 2350 2368 opus
2384 2300 2615 2370 spissum
2638 2307 2693 2351 et
2728 2295 2964 2359 varium,
3001 2290 3293 2358 multaque
3327 2283 3598 2349 lectionis,

2011 2393 2313 2460 visiturque
2392 2390 2581 2444 Graece
2647 2388 2701 2440 in
2779 2382 3087 2440 Germaniae
3181 2376 3589 2440 bibliothecis;

2012 2486 2155 2555 quod
2222 2479 2539 2537 Theodorus
2594 2477 2880 2531 Balsamon
2933 2470 3308 2527 illustrandum
3364 2464 3597 2528 censuit,

2014 2584 2404 2642 verteruntque
2469 2570 2660 2624 Latine
2726 2565 3027 2622 Gt-ntianus
3100 2560 3388 2621 llervetus.
3436 2558 3604 2611 homo

2014 2666 2223 2727 Gallus.
2255 2664 2494 2733 itemque
2540 2660 2702 2728 Belga
2748 2656 3016 2711 Henricus
3060 2651 3333 2723 Agylteus.
3369 2647 3597 2713 Qualem

2015 2760 2155 2814 inter
2184 2756 2409 2811 Latinos
2440 2752 2773 2820 diligentiam
2796 2747 3144 2801 Bttrchardtts
3180 2737 3597 2801 Vormatieusis,

2015 2847 2106 2901 lvo
2154 2845 2530 2905 Carnotensis,
2582 2857 2645 2896 ac
2696 2839 2993 2895 Gratianus
3049 2830 3347 2888 monachus
3400 2825 3600 2881 imitati

2016 2947 2145 2994 sunt
2186 2939 2346 3004 longo
2400 2933 2707 2996 intervallo,
2740 2930 2881 2985 haud
2930 2928 3144 2982 minore
3183 2936 3363 2990 operae
3402 2917 3598 2988 pretio.

2017 3028 2197 3082 Edidit
2227 3038 2284 3103 et
2310 3034 2516 3094 septem
2560 3019 3025 3078 tecutnenicorunt
3056 3012 3413 3067 conciliorum
3455 3018 3602 3072 acta,

2018 3100 2376 3187 visunturqne
2425 3114 2695 3186 principio
2751 3108 3106 3164 conciliorum
3156 3102 3316 3157 tomis
3365 3100 3601 3170 digesto-

2018 3224 2161 3270 rum,
2204 3222 2326 3275 qua:
2374 3203 2563 3259 Gra'ce
2616 3203 2670 3256 in
2723 3199 2951 3269 Belgicis
3000 3191 3347 3250 bibliothecis
3390 3188 3603 3245 calamo

2019 3309 2242 3353 exarata
2291 3305 2662 3352 asservantur.
2712 3291 2966 3361 Epistolas
3020 3291 3136 3355 ejus
3191 3290 3242 3341 in
3287 3284 3600 3354 Augustana

2023 3390 2353 3445 bibliotheca
2387 3387 2677 3442 habentur.
2724 3383 3068 3453 Encyclicam
3109 3381 3175 3435 ad
3211 3376 3601 3451 patriarcltales

2020 3481 2260 3538 Orientis
2295 3478 2472 3543 sedes,
2504 3478 2620 3531 sive
2661 3476 2779 3542 ejus
2817 3484 2923 3538 est,
2963 3490 3055 3528 seu
3098 3472 3345 3534 Sisitmii,
3380 3482 3437 3523 ttt
3474 3466 3600 3537 qui-

2021 3578 2144 3629 dam
2194 3579 2406 3642 putant,
2452 3570 2748 3641 apostolica
2799 3568 2977 3629 sedes.
3012 3578 3071 3621 ut
3113 3577 3169 3622 et
3217 3562 3599 3636 prmdatoriam

2020 3665 2137 3734 ejus
2162 3666 2455 3735 synodum,
2488 3662 2680 3716 merito
2709 3661 2950 3714 damnat.
2981 3658 3174 3713 Exstat
3216 3658 3344 3711 item
3374 3652 3599 3722 epistola

2022 3759 2089 3812 ad
2141 3756 2458 3812 Michaelem
2512 3754 2866 3821 Bulgarornm
2927 3751 3266 3821 principem,
3317 3764 3345 3800 a
3401 3745 3597 3799 Franc.

2023 3847 2292 3902 Turriano
2335 3844 2627 3900 Societatis
2674 3852 2872 3897 nostra!
2916 3849 3095 3901 eruta.
3134 3838 3436 3905 Latineque
3479 3834 3604 3888 red-

2024 3940 2154 4003 dita,
2187 3949 2246 3991 ιιι
2272 3947 2324 3993 et
2352 3952 2443 3991 sea:
2483 3936 2877 3990 dissertationes
2905 3934 2970 3986 de
3000 3931 3270 3985 divinitate
3330 3936 3378 3981 et
3418 3926 3599 3980 incar-

2025 4031 2277 4094 natione,
2345 4029 2702 4097 legunturque
2757 4036 2903 4078 torno
2954 4021 2999 4075 ν
3045 4020 3347 4074 Lectionum
3417 4016 3599 4086 Antiq.

2024 4118 2241 4173 Henriei
2279 4118 2481 4172 Canisii
2531 4113 2888 4186 iureconsulti
2921 4111 3131 4164 clariss.
3178 4107 3295 4163 liuc
3336 4105 3601 4159 accedunt

2022 4218 2077 4264 et
2131 4206 2374 4276 ejusdem
2427 4205 2607 4260 Photii
2676 4204 2955 4257 Tractatus
3015 4203 3079 4254 de
3138 4195 3488 4253 voluntatibus
3544 4194 3601 4247 in

2025 4296 2260 4359 Christo,
2301 4311 2421 4365 quae
2472 4294 2725 4347 dicuntur
2774 4291 3029 4361 γνωμικὰ
3078 4288 3364 4359 θελήματα
3407 4285 3597 4338 eodem

2021 4387 2292 4443 anriano
2321 4388 2641 4454 interprete.
2672 4384 2777 4438 Sed
2804 4383 2917 4449 jam
2952 4382 3065 4436 vela
3101 4378 3507 4439 contrahamus,
3542 4380 3599 4427 et

2025 4479 2276 4534 Photiutn
2325 4477 2620 4547 scriptores
2670 4476 2817 4529 varie
2868 4482 3238 4529 recensentem
3285 4467 3593 4529 audiamus;

2018 4572 2219 4643 linguis
2248 4570 2553 4638 animisque
2587 4568 2783 4623 favete.

872 4903 1130 4962 Facultas
1166 4907 1227 4962 Β.
1260 4906 1326 4964 Ρ.
1364 4907 1718 4963 Provittcialis
1752 4906 2032 4965 Societatis
2065 4905 2215 4970 Jeru,
2241 4918 2334 4972 per
2362 4900 2682 4969 superiorem
2711 4891 3068 4951 Germaniam.

412 5039 565 5096 Hanc
620 5040 896 5097 Photianae
948 5043 1300 5100 Bibliothecae
1343 5060 1409 5101 ex
1458 5044 1650 5100 Graeco
1702 5043 2031 5105 versionem,
2078 5039 2378 5108 interprete
2427 5034 2487 5090 P.
2524 5033 2741 5088 Andrea
2775 5028 3021 5091 Schotto,
3070 5020 3356 5078 Soeietatis
3395 5025 3595 5072 nostra:

334 5130 641 5194 sacerdote,
672 5131 739 5182 ab
776 5128 984 5198 aliquot
1017 5130 1270 5187 Patribus
1296 5131 1608 5187 Graecarum
1655 5131 1958 5185 litterarum
2012 5103 2203 5196 peritis
2225 5103 2417 5179 vvisam
2453 5133 2507 5176 et
2541 5119 2842 5190 probatam,
2875 5129 2973 5183 ego
3006 5109 3268 5177 Georgius
3304 5103 3590 5168 Rosemlls.

337 5214 621 5269 Societatis
665 5212 791 5269 Jesu
838 5190 935 5286 per
975 5216 1321 5272 Germaniam
1376 5218 1712 5288 superiorem
1756 5190 2124 5285 provincialis,
2165 5217 2428 5280 potestate
2461 5207 2588 5261 mihi
2629 5210 2697 5260 ab
2725 5202 3014 5256 admodum
3059 5195 3210 5253 R.P.
3255 5194 3320 5247 N.
3349 5190 3591 5261 generali

336 5298 564 5355 Claudio
587 5301 861 5369 Aquaviva
888 5316 1167 5367 concessa,
1198 5304 1337 5374 typis
1365 5275 1608 5357 tua-odori
1639 5275 1892 5374 permitto
1919 5320 1932 5357 :
1959 5299 2045 5356 cui
2076 5275 2151 5354 rei
2167 5275 2285 5352 hoc
2315 5294 2627 5351 testimonio
2655 5305 2817 5347 manu
2850 5303 2968 5342 mea
2990 5283 3317 5352 subscripto,
3335 5289 3387 5335 et
3419 5275 3596 5347 sigillo

343 5387 573 5451 munito,
606 5386 765 5443 ﬁdem
798 5386 978 5444 facere
1010 5389 1174 5445 volui.
1214 5389 1487 5461 Augustae,
1516 5388 1773 5445 Kalendis
1807 5387 2160 5459 Septembris.
2195 5384 2354 5441 Anno
2382 5380 2590 5438 MDCV.

2599 5488 2876 5543 Csenatus
2915 5482 3235 5538 Roserrtus.
