4100 6416
545 395 616 458 35
868 421 875 428 ·
1692 390 1793 450 AD
1821 387 2087 450 PHOTII
2128 385 2699 449 BIBLIOTHECAM

618 504 805 561 lsidori
841 502 958 558 Vita
1043 500 1170 557 Vide
1200 501 1537 557 Damascius.

617 592 877 650 Isocratis
966 593 1246 647 orationes
1324 608 1417 647 xxt
1499 591 1733 660 indeque
1825 598 2123 656 excerpta,

545 689 668 744 cod.
701 685 905 741 CCLX.
938 714 1010 726 —
1042 683 1111 739 Et
1156 684 1403 754 epistola‘
1443 699 1524 747 tx,
1570 684 1695 737 cod.
1734 680 1916 738 CLIX.
1962 682 2121 750 Ejus-

547 779 669 833 dem
710 778 777 831 ad
808 777 1197 831 Archidamum
1226 774 1457 845 epistola
1496 789 1642 830 nunc
1689 774 1921 844 primum
1953 774 2123 839 edita,

548 869 682 923 ibid.

1339 978 1366 1035 J

617 1093 907 1151 Jamblichi
929 1093 997 1150 de
1015 1095 1178 1150 rebus
1197 1093 1476 1149 Ilhodanis
1501 1103 1559 1149 et
1572 1093 1848 1147 Sinonidis
1863 1090 1987 1146 libri
2013 1105 2127 1156 xvr,

549 1188 672 1241 cod.
705 1183 891 1240 XCIV.

620 1275 853 1331 Joannis
878 1274 1157 1343 Carpathii
1203 1273 1603 1330 consolatorins
1628 1271 1693 1325 ad
1738 1270 1903 1326 Indiae
1937 1285 2129 1326 monao

548 1369 685 1432 chos
715 1378 929 1421 centum
958 1366 1217 1433 capitum,
1241 1366 1362 1419 cod.
1396 1362 1522 1418 CCI.

619 1456 845 1512 Joannis
869 1456 978 1527 (S.)
1016 1455 1394 1527 Chrysostomi
1432 1454 1485 1507 in
1512 1462 1739 1509 mortem
1774 1461 1831 1509 et
1857 1453 2135 1508 ascensio-

550 1561 676 1600 nem
706 1546 931 1609 Chn’sti,
965 1546 1201 1613 itemque
1226 1542 1653 1597 inPenIecosten
1702 1542 1978 1598 orationes
2003 1556 2131 1596 xxv.

550 1637 903 1704 —'Ejusdem
956 1635 1200 1703 epistola:
1243 1634 1308 1686 ad
1343 1629 1715 1703 Olympiadem
1745 1642 1798 1687 et
1820 1632 1977 1697 alios,
2009 1631 2131 1685 cod.
2163 1632 2167 1639 ’

554 1725 840 1782 LXXXVI.
874 1724 1127 1794 Ejusdem
1167 1723 1511 1777 homiliarnm
1548 1723 1598 1776 in
1627 1722 1863 1777 Genesin
1910 1721 2137 1775 volumi-

552 1835 619 1872 na
654 1821 780 1880 tria,
811 1818 929 1869 cod.
958 1812 1235 1877 CLXXIII,
1262 1812 1541 1876 CLXXIII,
1569 1812 1845 1868 CLXXIV.
1880 1814 2135 1883 Ejusdem

551 1910 728 1963 oratio
792 1909 845 1962 in
901 1907 959 1962 S.
997 1908 1247 1969 Paulum,
1306 1905 1897 1962 cod.CCLXX.-—Et
1956 1907 2006 1959 itt
2064 1922 2130 1959 χι.

555 2010 846 2067 martyres,
903 1996 1025 2051 cod.
1068 1994 1369 2049 CCLXXIV
1399 2035 1414 2049 .
1470 1994 1748 2061 llomilite,
1795 1995 1861 2049 de
1922 1993 2131 2063 Spiritu

554 2099 792 2151 sancto;
850 2088 902 2140 in
963 2087 1206 2140 Natalem
1251 2086 1499 2153 Christi;
1556 2086 1608 2140 in
1655 2086 1880 2147 dictum,
1930 2084 2132 2155 Suﬁicit

554 2179 647 2230 tibi
697 2180 874 2246 gratia
938 2194 1083 2242 mea,
1149 2189 1223 2243 et,
1267 2177 1330 2231 Si
1370 2194 1471 2246 qua
1503 2192 1626 2246 ergo
1665 2176 1718 2228 in
1748 2175 1957 2230 Christo
2003 2192 2133 2229 nova

553 2283 797 2324 creatura
823 2285 842 2333 ,'
872 2269 943 2322 De
976 2268 1318 2339 ptPnitentia,
1341 2267 1463 2322 cod.
1494 2264 1848 2322 CCLXXVII.

623 2358 848 2415 Joannis
909 2360 1110 2415 Moschi
1146 2358 1391 2422 Pratum,
1445 2359 1560 2414 sive
1611 2356 1871 2412 llortulus
1937 2370 2129 2423 novus,

553 2456 678 2506 cod.
704 2449 937 2506 CXCIX.

625 2543 868 2597 Joannes
901 2541 1225 2609 Pliilnponus
1250 2541 1317 2595 de
1362 2540 1793 2605 resurrectione,
1830 2538 1953 2595 cod.
1986 2536 2128 2603 XXI,

553 2632 791 2685 -—ldem
853 2632 906 2685 in
976 2630 1367 2695 Hexaemeron,
1406 2632 1529 2684 cod.
1578 2629 1762 2684 XLIII.
1806 2628 2135 2696 ——Indeque

557 2733 834 2790 excerpta,
877 2723 1001 2776 cod.
1026 2719 1228 2775 CCXL.
1278 2751 1339 2761 --
1362 2721 1429 2776 Et
1466 2731 1650 2776 contra
1697 2730 1944 2790 quartam
1975 2735 2136 2790 syno-

560 2817 709 2881 dunt,
736 2814 822 2869 LV
851 2844 921 2854 -—
947 2813 1198 2883 Ejusdem
1225 2813 1437 2868 libellus
1467 2823 1653 2868 contra
1678 2810 1940 2867 Joannem
1968 2810 2135 2881 patri-

555 2908 777 2959 archam
831 2905 981 2966 CP..
1076 2914 1434 2975 cognomento
1518 2903 1910 2958 Scholasticum
1942 2942 1958 2970 ,
2009 2902 2133 2957 cod.

554 2994 767 3050 LXXV.
858 2995 1001 3049 Idem
1077 3006 1266 3049 contra
1328 2994 1613 3050 Jamblichi
1658 3009 1795 3064 opus
1843 2994 1911 3049 de
1950 2993 2136 3048 simu-

556 3090 741 3153 lacris,
772 3090 895 3142 cod.
942 3086 1147 3143 CCXV.

624 3178 852 3234 Joannis
870 3179 1168 3249 presbyteri
1191 3176 1435 3257 .‘Egeatac
1452 3176 1658 3235 Eccles.
1678 3175 2056 3233 historitelibri
2075 3190 2131 3240 v,

559 3271 686 3325 cod.
709 3268 846 3324 XLI.
893 3299 965 3309 —
1008 3269 1153 3322 Idem
1181 3278 1371 3323 contra
1397 3278 1648 3338 quartam
1694 3270 1985 3340 synodum,
2006 3266 2129 3323 cod.

554 3358 666 3414 LV.
1348 3356 1351 3360 ⁴

625 3450 851 3505 Joannis
881 3448 1261 3520 Scythopolitte
1277 3459 1467 3505 contra
1497 3445 2008 3518 Eutychianoslibri
2026 3460 2131 3515 xtt,

554 3545 677 3598 cod.
707 3539 869 3598 XCV.

626 3634 857 3690 Joannis
878 3635 1078 3690 Stobaei
1123 3635 1461 3705 Eclogarum,
1496 3634 2053 3704 Apophthegmatum,
2079 3637 2135 3686 et

557 3726 683 3780 vita:
713 3726 1137 3796 princeptionum
1175 3727 1294 3781 libri
1330 3742 1403 3792 tv,
1439 3726 1561 3783 cod.
1591 3722 1850 3781 CLXVII.

630 3812 770 3889 Jobij
813 3814 1064 3869 monachi
1111 3814 1504 3870 Commemarii
1547 3815 1615 3868 de
1646 3814 1823 3869 Verbo
1848 3811 2133 3868 iucarnato

559 3904 682 3959 libri
715 3920 790 3966 tx.
823 3906 1001 3975 capita
1034 3920 1158 3971 va,
1200 3908 1320 3959 cod.
1344 3903 1600 3959 CCXXII.

629 3997 897 4066 Josephus
931 4007 988 4053 et
1023 3996 1185 4052 Caius
1239 3997 1526 4066 presbyter
1578 3996 1660 4051 De
1699 3995 1977 4062 universo,
2007 3994 2129 4051 cod.

560 4087 792 4146 XLVIII.

628 4181 847 4251 Josephi
903 4181 1068 4236 Judaei
1128 4181 1203 4235 De
1261 4179 1399 4235 bello
1427 4178 1654 4235 Judaico
1702 4178 1824 4234 libri
1870 4192 1969 4243 vn,
2002 4178 2127 4233 cod.

562 4271 767 4327 XLVII.
804 4301 874 4312 —
902 4273 1154 4342 Ejusdem
1188 4272 1584 4339 Antiquitatum
1634 4269 1977 4325 Judaicarutn
2008 4267 2130 4322 libri

560 4379 627 4417 xx
648 4409 661 4425 ,
714 4365 836 4417 cod.
882 4362 1116 4418 LXXVI.
1137 4363 1278 4416 ~—Et
1313 4374 1563 4433 excerpta
1596 4362 1716 4417 cod.
1747 4361 2127 4417 CCXXXVIII.

625 4453 824 4512 .Iuliani
851 4456 1084 4509 Lexicon
1112 4470 1143 4508 e
1191 4456 1377 4509 decem
1411 4455 1744 4517 oratoribus,
1787 4453 1911 4507 cod.
1942 4450 2053 4505 CL.

626 4546 755 4602 Julii
796 4548 1037 4602 Africani
1072 4549 1297 4601 historia
1332 4557 1388 4603 et
1416 4547 1540 4613 alia,
1585 4550 1707 4603 cod.
1740 4544 1983 4602 XXXIV.

627 4638 766 4694 Justi
802 4639 1137 4695 'l‘iheriensis
1189 4637 1497 4695 Judteortttn
1556 4655 1743 4710 regum
1793 4638 2128 4703 Chronicon,

558 4731 680 4784 cod.
710 4729 951 4785 XXXIII.
1026 4764 1029 4765 ν

628 4820 822 4875 Justini
857 4824 1115 4892 martyris
1148 4823 1406 4893 Apologia
1453 4839 1553 4894 pro
1589 4822 1947 4892 Christianis,
1977 4841 2129 4896 qua:-

556 4913 782 4978 stiones,
822 4923 878 4969 et
915 4915 1042 4979 alia,
1083 4918 1203 4971 cod.
1243 4914 1456 4973 CXXV.

1307 5027 1347 5082 L

3753 380 3824 444 36

2316 500 2530 556 Libanii
2574 499 2835 571 sophistae
2891 497 3169 555 orationes
3261 505 3319 553 et
3371 494 3634 568 epistolae,
3697 496 3819 552 cod.

2241 589 2463 736 xcLucii
2502 678 2787 734 Patrensis
2853 676 3345 747 Metamorphoses,
3400 677 3525 737 cod.
3578 678 3819 734 CXXIX.

2307 769 2532 825 aniani
2566 783 2728 838 opera
2761 769 2934 833 varia,
2970 769 3095 822 cod.
3121 765 3365 821 CXXIX.

2304 864 2533 936 Lycurgi
2572 862 2872 918 orationes.
2909 862 3035 915 cod.
3063 857 3365 915 CCLXVIII

2302 955 2479 1027 Lysia:
2511 954 2812 1020 orationes,
2837 953 2962 1008 cod.
3005 950 3256 1008 CCLXII.

2302 1137 2502 1191 Malchi
2533 1136 2804 1204 Sophiste:
2849 1132 3167 1205 Byzantina:
3222 1129 3467 1188 historia
3513 1128 3640 1186 libri
3702 1143 3813 1195 vn,

2233 1229 2353 1283 t-od.
2384 1226 2666 1282 LXXVIII.
3172 1216 3173 1219 ‘

2311 1318 2479 1372 Marci
2522 1316 2771 1372 monachi
2812 1314 3187 1369 Asccticorttm
3225 1313 3349 1366 libri
3377 1326 3510 1379 vttt;
3545 1322 3601 1367 et
3630 1310 3819 1365 adver-

2234 1425 2329 1465 sus
2359 1407 2825 1463 Melchisedecitas
2857 1407 2954 1461 lih.
2988 1421 3025 1470 t,
3057 1406 3179 1458 cod.
3208 1403 3314 1458 CC.

2314 1500 2657 1571 Martyrium.
2700 1499 2828 1553 Vide
2866 1496 3160 1567 Anonymi.

2308 1594 2537 1649 Maximi
2567 1592 3015 1656 declamationes,
3050 1590 3173 1645 cod.
3202 1586 3468 1644 CXXXV.

2309 1684 2529 1738 Maximi
2588 1682 2700 1753 (Β.)
2759 1682 3008 1737 monachi
3056 1689 3111 1736 et
3160 1678 3493 1734 confessoris
3558 1675 3820 1745 quasstio-

2239 1792 2366 1829 num
2440 1789 2471 1829 e
2542 1790 2697 1830 sacra
2759 1773 3037 1842 Scriptura
3087 1786 3244 1826 CLXIV
3304 1769 3640 1830 solutiones,
3694 1767 3817 1822 cod.

2237 1864 2443 1920 CXCII.
2475 1893 2547 1904 —
2578 1863 2829 1933 Ejusdem
2886 1862 3132 1932 epistola:
3182 1877 3357 1923 xxvrt,
3408 1861 3530 1914 cod.
3580 1858 3809 1914 CXCIII.

2238 1987 2311 1998 —
2340 1956 2597 2023 Ejusdem
2661 1954 2799 2008 liber
2836 1953 3130 2017 asceticus,
3189 1962 3244 2005 et
3286 1951 3547 2005 centuria:
3595 1950 3661 2002 de
3692 1948 3824 2003 dile-

2241 2045 2441 2110 ctione,
2483 2043 2607 2098 cod.
2642 2040 2870 2098 CXCIII.
2906 2071 2976 2081 —
3006 2041 3259 2110 Ejusdem
3297 2039 3522 2109 epistola
3555 2039 3621 2093 ad
3658 2035 3825 2092 Geor-

2240 2138 2385 2207 gium
2425 2135 2729 2206 Eparchum
2758 2152 2772 2189 :
2805 2133 3256 2202 Theologicorutn
3316 2131 3705 2201 Mnraliumqtte
3730 2146 3822 2184 ca-

2241 2230 2409 2297 pitum
2439 2227 2699 2281 centuria:
2746 2227 2861 2281 sive
2904 2226 3028 2280 libri
3078 2239 3150 2287 II,
3201 2233 3254 2277 et
3304 2222 3544 2291 epistola:
3578 2235 3629 2281 v,
3693 2218 3817 2274 end.

2241 2317 2471 2375 CXCIV.
2510 2347 2580 2358 —
2610 2317 2862 2384 Ejusdem
2901 2316 3062 2385 epist.
3095 2314 3162 2368 ad
3197 2312 3495 2367 Marianum
3525 2322 3579 2365 et
3633 2309 3821 2364 Dialo-

2240 2423 2341 2479 gus
2367 2423 2489 2462 cum
2520 2405 2730 2476 Pyrrho
2758 2406 2824 2462 de
2846 2404 3057 2461 duabus
3098 2403 3149 2457 in
3181 2403 3397 2457 Christo
3425 2399 3817 2464 voluntatibus,

2241 2500 2364 2556 cod.
2407 2496 2612 2553 CXCV.

2311 2591 2615 2647 Memnonis
2651 2588 2909 2645 historica
2950 2594 3207 2656 excerpta
3250 2584 3319 2639 de
3364 2583 3637 2640 Heracleae
3671 2580 3822 2637 Pon-

2242 2684 2361 2739 ticze
2400 2682 2667 2752 tyrannis,
2711 2681 2833 2735 cod.
2868 2676 3144 2734 CCXXIV.

2313 2770 2567 2826 Methodii
2588 2768 2694 2840 (8.)
2714 2768 2883 2839 episc.
2904 2777 2957 2821 et
2974 2776 3134 2821 mart.
3162 2767 3297 2821 liber
3312 2766 3377 2820 de
3396 2764 3814 2827 resurrectione,

2242 2867 2360 2919 cod.
2381 2861 3035 2932 CCXXXIV.—Ejusdetn
3056 2861 3120 2914 de
3140 2860 3359 2924 creatis,
3375 2855 3814 2915 cod.CCXXXV.

2241 2985 2312 2996 --
2347 2956 2481 3009 Item
2513 2956 2580 3010 de
2603 2954 2772 3009 libero
2799 2952 3051 3017 arbitrio,
3082 2951 3207 3007 cod.
3258 2948 3589 3004 CCXXXVI.
3627 2977 3701 2987 —
3740 2946 3817 3002 De

2240 3047 2514 3110 castitate,
2550 3046 2672 3100 cod.
2715 3042 3075 3100 CCXXXVII.

2313 3134 2608 3192 Metrodori
2646 3136 2889 3192 calculus
2920 3133 3216 3205 paschalis,
3253 3136 3374 3187 cod.
3399 3130 3561 3187 CXV.

2313 3229 2592 3284 Modestus
2633 3228 2963 3298 archiepisc.
3006 3226 3366 3296 llierosolym.
3408 3225 3460 3279 iu
3493 3223 3685 3278 Marias
3713 3239 3817 3279 un-

2240 3330 2435 3390 gucnta
2470 3320 2706 3375 ferentes
2741 3328 2796 3375 et
2830 3318 3208 3390 Hypapanten,
3253 3318 3374 3372 cod.
3408 3315 3705 3372 CCLXXV.

2306 3410 2549 3467 Mteridis
2594 3411 2871 3480 Atticista,
2920 3412 3043 3467 cod.
3073 3406 3282 3465 CLVII.

2306 3598 2595 3669 Nicephori
2636 3598 2746 3671 (8.)
2801 3598 3125 3669 patriarcha:
3186 3599 3472 3655 Constant.
3539 3595 3809 3653 Ilistorica

2234 3688 2489 3757 epitome,
2519 3689 2640 3742 cod.
2672 3686 2853 3743 LXVI.

2302 3775 2492 3835 Nicias
2531 3782 2827 3836 monachus
2853 3791 3043 3838 contra
3098 3780 3479 3853 Pbiloponunt.
3524 3781 3810 3848 Severum,

2234 3879 2289 3925 et
2337 3880 2529 3925 contra
2561 3881 2775 3941 gentes,
2810 3873 2929 3929 cod.
2972 3872 3035 3925 L.

2311 3963 2629 4019 Nicomachi
2654 3961 2905 4018 Gerasini
2924 3962 3208 4033 theologia:
3224 3964 3579 4021 arithmeticae
3599 3964 3718 4019 libri
3746 3980 3808 4033 Il,

2232 4054 2355 4110 cod.
2390 4051 2750 4108 CLXXXVII.

2303 4144 2406 4199 Nili
2440 4144 2691 4199 monachi
2721 4144 2789 4198 de
2818 4154 3069 4198 orattone
3108 4143 3283 4214 capita
3314 4158 3441 4199 cun
3468 4186 3483 4210 ,
3517 4146 3638 4200 cod.
3674 4145 3807 4199 CCI.

2230 4264 2300 4275 —
2326 4235 2579 4303 Ejusdem
2614 4235 2887 4290 orationes
2931 4234 2984 4288 in
3040 4238 3496 4292 resurrectionem
3531 4246 3584 4291 et
3618 4254 3814 4294 asccu-

2234 4327 2443 4381 sionem
2485 4326 2717 4391 Domini,
2747 4327 2869 4381 cod.
2915 4324 3241 4382 CCLXXVI.

2303 4415 2538 4473 Nonnosi
2574 4417 2810 4473 Historia
2841 4417 3197 4487 legationum,
3233 4417 3356 4473 cod.
3397 4417 3487 4473 Ill.

2304 4599 2673 4671 Olytnpiodori
2705 4599 3063 4655 I‘Iistoriarum
3117 4599 3238 4653 libri
3268 4616 3403 4666 xxtt,
3437 4601 3557 4654 cual.
3591 4599 3805 4655 LXXX.

2303 4689 2563 4746 Oratores
2593 4690 2692 4762 (in)
2723 4691 2906 4745 decem
2944 4689 3168 4745 Graecia:
3190 4689 3386 4747 Lexica
3420 4693 3590 4759 varia,
3620 4710 3649 4747 a
3680 4696 3806 4749 cod.

2232 4780 2415 4837 CXLV
2452 4798 2623 4850 usque
2661 4783 2726 4836 ad
2771 4781 2952 4838 CLIX.

2301 4872 2536 4929 Oribasii
2573 4874 2764 4928 medici
2800 4874 2991 4929 Caleni
3018 4877 3396 4944 compendium
3427 4880 3492 4933 ad
3525 4876 3803 4933 Julianntn

2233 4964 2387 5034 imp.,
2428 4965 2550 5019 cod.
2589 4963 2817 5019 CCXVI.
2860 4993 2932 5005 -—-
2957 4964 3208 5034 Ejusdem
3247 4969 3643 5023 medicinaliuttt
3694 4973 3809 5023 col-

2233 5056 2491 5111 lecturutn
2529 5057 2596 5111 ad
2630 5056 2899 5113 Julianum
2933 5058 3063 5127 imp.
3101 5059 3222 5111 Iihri
3250 5076 3373 5126 Lxx,
3396 5062 3516 5114 cod.
3552 5061 3805 5129 CCXVII,

636 5135 843 5191 Leontii
882 5139 1051 5207 episc.
1100 5139 1346 5193 Arahissi
1403 5154 1584 5193 sermo
1632 5141 1701 5195 de
1749 5142 2029 5197 creatione
2075 5151 2130 5197 et
2228 5176 2299 5187 —
2355 5146 2607 5215 Ejusdem
2659 5149 3036 5216 compendium
3100 5149 3167 5202 ad
3227 5148 3565 5204 Eustathitttn
3631 5151 3797 5204 lilium

566 5226 776 5283 Lazaro
821 5230 1080 5296 redivivo,
1122 5230 1242 5283 cod.
1285 5229 1579 5284 CCLXXII.

646 5316 997 5373 Lesbonactis
1036 5320 1312 5372 orationes
1344 5319 1600 5387 politicte,
1632 5320 1753 5376 cod.
1781 5306 1896 5375 XVI
1924 5338 1939 5387 ;
1984 5322 2126 5392 apud

559 5409 939 5473 Tltcutistitttn,
973 5411 1094 5463 cod.
1129 5407 1365 5463 LXXVI.

631 5499 867 5553 Lexicon
900 5516 1045 5568 pura:
1080 5499 1235 5565 Ide-«tt,
1271 5502 1450 5569 gravis
1494 5502 1641 5573 styli,
1695 5506 1965 5562 sermonis
1995 5506 2129 5576 poli-

559 5591 676 5649 tici,
717 5590 835 5642 end.
877 5588 1105 5651 CXLVI,
1137 5589 1387 5654 CXLVII,
1430 5591 1704 5648 CXLVIII.

631 5675 828 5730 Lexica
863 5679 1007 5730 varia
1057 5680 1109 5731 in
1156 5681 1342 5734 decent
1375 5680 1547 5736 (irate.
1600 5692 1867 5751 oratores,
1922 5700 1951 5738 a
2003 5688 2124 5741 cod.

557 5766 737 5823 CXLV
761 5784 929 5838 usque
957 5769 1139 5827 CLIX.

2231 5237 2351 5291 libri
2368 5240 2566 5299 tv,cod.
2583 5239 2714 5293 CCX
2725 5239 3162 5309 VII.—Ejusdem
3181 5243 3249 5296 ad
3269 5242 3570 5311 Eunapiunt
3588 5244 3709 5298 libri
3726 5260 3802 5310 tv,

2232 5328 2355 5383 cod.
2385 5326 2617 5383 CCXIX.

2300 5419 2553 5490 Origenis
2586 5420 2661 5476 De
2690 5422 2974 5493 principiis
3007 5422 3129 5479 libri
3165 5440 3241 5490 tv,
3272 5426 3392 5480 cod.
3421 5424 3548 5481 Vlll.

2970 5512 3011 5567 P

2299 5602 2526 5657 Palladii
2555 5604 2995 5670 declamationes,
3030 5604 3151 5661 cod.
3181 5604 3445 5659 CXXXII.

2301 5691 2565 5761 Pamphili
2594 5696 2851 5766 martyris
2878 5695 3148 5766 Apologia:
3182 5709 3279 5765 pro
3318 5692 3552 5764 Origene
3577 5692 3697 5750 libri
3738 5712 3794 5767 ν,

2231 5783 2353 5838 cod.
2390 5781 2618 5839 CXVIII.
