4146 6406
191 487 252 555 ιι
1558 482 2086 543 BIBLIOTHECA.
3373 475 3448 542 42

1427 696 1657 755 INDEX
1686 694 2011 753 CODICUM
2054 694 2217 753 MSS.

321 844 399 889 ΑΒ
440 842 820 887 EMMANUELE
858 840 1146 884 BEKKERO
1190 839 1604 883 COLLATORUM
1645 837 1709 881 IN
1755 836 1955 880 RECEN

1655 837 1709 881 [Ν
1755 836 2142 880 RECENSIONE
2184 836 2324 889 oms
2364 835 2615 880 rnoonr
2653 836 2952 882 BEROLINI
2980 835 3087 883 AN.
3119 818 3292 881 1824.

260 1016 326 1071 Α.
355 1014 541 1069 Codex
575 1014 701 1067 olim
729 1012 1138 1079 Bessarioneus,
1170 1028 1316 1070 nunc
1351 1012 1490 1069 inter
1526 1015 1760 1071 Venetos
1788 1016 1959 1070 sancti
2007 1015 2169 1070 Marci
2208 1014 2351 1080 450,
2381 1017 2846 1082 membranaceus,
2879 1016 3053 1073 forma
3093 1021 3349 1086 maxima,
3372 1019 3450 1073 fo-

202 1111 282 1164 liis
304 1110 428 1171 537,
465 1109 678 1178 paginis
714 1106 1006 1175 bipartitis,
1046 1106 1292 1160 versibus
1314 1104 1428 1160 fere
1460 1107 1681 1161 tricenis
1709 1107 1876 1171 senis,
1898 1107 2068 1176 iisque
2099 1106 2399 1162 litterarum
2434 1108 2745 1161 vicenarum
2780 1122 3057 1174 senarum,
3098 1110 3183 1165 vel
3219 1112 3454 1164 tricena-

208 1220 344 1259 rum.
380 1203 573 1258 Manus
606 1202 800 1258 similis
833 1200 1183 1267 Aristophani
1218 1200 1544 1257 Ravennati.
1577 1202 1632 1255 ln
1670 1202 1840 1271 prima

1815 1218 1840 1253 a
1875 1203 2067 1271 pagina
2109 1211 2232 1270 post.
2268 1201 2498 1255 indicem
2547 1201 2779 1272 (Φωτιου
2820 1203 3259 1273 ἀρχιεπισκόπου
3291 1204 3449 1256 Κων-

209 1295 697 1357 σταντινουπόλεως
731 1295 828 1348 καὶ
856 1293 1242 1364 οἱκουμενικοῦ
1282 1293 1649 1363 πατριάρχου)
1687 1307 1846 1347 versu

1819 1308 1880 1347 us
1905 1307 2131 1357 vacuus,
2164 1293 2356 1348 deinde
2384 1294 2613 1362 epistola
2644 1293 2710 1348 ad
2751 1294 3039 1349 Tarasium
3074 1310 3089 1347 :
3129 1295 3181 1348 in
3215 1294 3451 1348 secunda

208 1389 389 1458 pagina
415 1397 471 1441 et
508 1388 765 1456 deinceps
798 1385 943 1440 loliis
976 1386 1150 1441 tribus
1199 1387 1495 1439 summaria
1522 1387 1794 1450 codicum,
1827 1387 1919 1455 qui
1946 1395 2303 1441 numerantur
2332 1392 2446 1456 σοη¹
2480 1387 2563 1441 vel
2590 1398 2711 1455 post
2737 1389 3132 1443 correctiOnem
3168 1388 3278 1441 006'
3309 1388 3454 1459 (coro

208 1492 375 1535 rector
413 1481 563 1535 enim
594 1480 769 1535 sancti
798 1480 1175 1550 Chrysostomi
1220 1495 1342 1535 cum
1399 1479 1468 1534 ab
1527 1480 1685 1535 initio
1725 1496 1865 1537 unus
1911 1481 2081 1536 codex
2108 1489 2277 1549 esset,
2308 1487 2451 1547 «σεῖ’,
2475 1482 2610 1536 duos
2642 1480 2795 1545 fecit,
2841 1487 2960 1547 σος¹
3004 1492 3063 1537 et
3106 1483 3244 1554 σοη’)
3280 1481 3456 1537 :l‘olio

211 1577 387 1643 quinto
421 1574 724 1645 ἀπογραφὴ
750 1576 845 1626 καὶ
877 1574 1297 1646 συναρίθμησις,
1334 1587 1442 1632 etc.

272 1664 333 1721 Β.
364 1667 550 1722 Codex
594 1664 926 1720 Parisiensis
964 1666 1165 1733 llegius
1200 1667 1360 1731 l266,
1415 1668 1793 1739 bombycinus,
1840 1668 2013 1723 forma
2056 1669 2347 1738 quadrata,
2402 1669 2615 1739 paginis
2670 1670 2778 1726 454
2820 1672 3088 1725 versnnm'
3125 1671 3454 1725 tricenorum

215 1770 598 1829 quaternorum
636 1759 1025 1827 quinorumve,
1050 1774 1154 1812 non
1184 1760 1462 1826 antiquus.
1503 1758 1686 1829 Margo
1705 1758 1933 1814 Subinde
1964 1761 2189 1814 madore
2219 1772 2529 1830 corruptus.
2567 1759 2782 1829 Incipit,
2816 1770 2934 1829 post
2969 1760 3094 1816 folia
3133 1762 3237 1816 tria
3282 1762 3456 1815 lacera

209 1864 258 1907 et
286 1856 521 1917 inversa,
562 1854 629 1906 ab
657 1852 762 1905 illis
786 1853 848 1905 in
891 1853 1012 1908 cod.
1041 1852 1148 1907 250
1182 1854 1259 1921 (p.
1292 1854 1379 1907 ed.
1412 1851 1671 1907 Rothom.
1707 1854 1832 1917 855,

1819 1894 1832 1917 ,
1863 1854 1955 1924 40)
1987 1853 2083 1907 καὶ
2129 1854 2246 1908 ἔστι
2296 1854 2428 1917 Θεὸς
2471 1853 2744 1925 ἀληθινός.
2782 1855 3034 1923 Ejusdem
3076 1856 3279 1910 codicis
3305 1863 3456 1909 caret

213 1946 275 1999 iis
305 1960 420 2012 quae
451 1956 582 1998 sunt
612 1947 756 1999 inter
785 1946 987 1998 διασπο
1025 1947 1103 2016 (p.
1134 1946 1262 2011 877,
1292 1947 1383 2016 24)
1412 1958 1466 2002 et
1494 1947 1792 2017 δυνάμενον
1826 1964 1850 1999 ε

1826 1944 1971 2001 εἶναι
2004 1949 2081 2018 (p.
2116 1948 2241 2012 885,
2276 1948 2368 2013 51)
2398 1968 2411 2003 :
2443 1950 2643 2019 quippe
2675 1949 2801 2003 folia
2829 1950 2929 2002 tria
2968 1950 3109 2003 inter
3133 1951 3358 2018 paginas
3386 1947 3456 2002 20

215 2051 262 2093 et
286 2040 344 2093 2|
379 2040 450 2092 ita
486 2040 674 2093 evulsa
712 2050 861 2104 sunt,
898 2050 957 2094 ut
986 2057 1284 2110 paucorum
1312 2058 1562 2097 versuum
1597 2059 1781 2111 paucae
1813 2044 2093 2112 supersint
2125 2045 2338 2099 litterae.
2378 2044 2583 2098 Deinde
2611 2054 2733 2113 post
2761 2045 3097 2113 Stephanum
3130 2044 3459 2098 Germanum

214 2133 284 2201 (p.
308 2134 431 2205 908)
467 2152 575 2189 non
616 2134 953 2190 Metltodiutn
989 2138 1141 2203 ponit
1173 2139 1268 2192 sed
1306 2138 1574 2203 Proclunt,
1611 2140 1771 2208 ἰάψιο
1790 2138 2038 2207 exemplo
2066 2138 2429 2193 Bessarionei.
2464 2137 2521 2192 In
2557 2138 2798 2206 Joseplto
2834 2138 2921 2192 ubi
2947 2140 3129 2193 editur
3164 2137 3458 2209 ἐνοχλήσας

216 2230 287 2295 lp.
316 2227 435 2292 969,
474 2226 563 2297 12)
600 2258 669 2270 -
692 2228 1047 2282 ἑπιστεύοντο
1102 2229 1178 2297 (p.
1239 2227 1344 2283 980
1396 2226 1551 2297 ima),
1586 2244 1819 2284 vacuum

1876 2230 2038 2284 habet
2060 2229 2246 2283 folium
2278 2230 2420 2283 inter
2451 2230 2677 2297 paginas
2715 2228 2783 2283 84
2819 2239 2873 2283 et
2904 2229 2993 2285 85.
3031 2228 3324 2282 llimerinm
3360 2243 3462 2282 non

217 2318 343 2373 ultra
370 2320 497 2374 illud
536 2318 824 2390 μερίζεται
870 2324 945 2390 (p.
980 2321 1140 2387 “‘25,
1164 2320 1257 2389 20)
1288 2322 1460 2392 ponit,
1490 2321 1783 2376 Aristidem
1817 2337 1845 2375 a

1830 2324 1884 2375 ad
1917 2322 2119 2393 χείρων
2163 2322 2279 2374 ἐστι
2317 2322 2393 2392 (p.
2431 2321 2589 2386 l245,
2631 2322 2689 2391 4)
2717 2340 2731 2376 :
2761 2321 2955 2377 deinde
3005 2322 3226 2391 paginas
3268 2334 3467 2375 vacuas

222 2413 372 2468 habet
402 2416 645 2485 quinque
679 2415 821 2469 inter
851 2431 903 2484 p.
926 2415 1033 2470 225
1064 2424 1118 2469 et
1153 2415 1277 2470 226.
1323 2413 1480 2471 llunc
1508 2432 1607 2487 ego
1637 2432 1759 2470 cum
1794 2416 1839 2470 Α
1872 2416 1944 2469 ita
1982 2417 2316 2487 comparavi,
2372 2426 2430 2471 ut
2487 2416 2794 2471 dissensum
2832 2422 3102 2481 notarem,
3143 2430 3468 2469 consensum

218 2505 540 2559 omitterem.

284 2594 343 2651 C.
376 2598 564 2653 Codex
598 2599 921 2655 Parisiensis
950 2600 1157 2669 Regius
1189 2601 1347 2666 1226,
1380 2601 1730 2668 cltartaceus,
1759 2600 1932 2657 forma
1960 2603 2221 2669 maxima,
2254 2603 2395 2658 foliis
2425 2602 2552 2667 569,
2578 2600 2792 2674 paginis
2840 2614 3099 2657 versuum
3130 2597 3463 2654 tricenorum

224 2706 580 2763 septenornm,
605 2712 766 2753 manu
806 2698 1001 2754 Juanni
1036 2696 1222 2753 Rhoso
1254 2698 1446 2753 simili.
1474 2697 1636 2754 Deest
1669 2698 1901 2768 epistola
1926 2700 1994 2754 ad
2034 2697 2346 2753 Tarasium.

300 2792 361 2846 ι).
395 2794 579 2849 Codex
608 2793 937 2851 Parisiensis
963 2794 1167 2867 Regius
1197 2795 1360 2860 ιω,
1393 2796 1740 2859 chartaceus,
1777 2796 1948 2849 forma
2008 2797 2243 2850 maxima
2266 2837 2281 2861 ,
2333 2795 2544 2865 paginis
2587 2809 2849 2850 versuum
2903 2795 3234 2850 tricenorum
3257 2832 3277 2860 ,
3309 2808 3470 2848 manu

230 2884 414 2951 Angela
445 2886 716 2957 Vergecio
740 2890 929 2943 simili.
958 2890 1149 2959 Incipit
1178 2890 1248 2945 ah
1296 2890 1655 2961 Ἀπογραφῇ.
1686 2890 1858 2944 desini

1480 2892 1655 2961 ραφῇ,
1686 2890 1885 2944 desinit
1919 2889 1973 2942 in
2011 2890 2118 2943 illis
2150 2891 2225 2960 (p.
2258 2890 2327 2943 R.
2363 2891 2456 2957 55,
2489 2889 2575 2960 10)
2599 2890 2691 2943 ἐπὶ
2727 2888 3115 2960 Σεσώστριδος.

1534 3120 2185 3255 ΦΩΤΙΟΥ

658 3322 1717 3446 ΜΥΡΙΟΒΙΒΛΟΝ
1846 3329 1961 3439 Η
2033 3321 3056 3444 ΒΙΒΛΙΟΘΗΚΗ.

1476 3641 2239 3797 ΡΗΟΤΙΙ

427 3896 1524 4025 MYBIOBIBLON
1713 3897 2073 4026 SIVE
2228 3895 3176 4023 BIBLIOTHEC

531 4096 939 4158 LIBRORUM
999 4094 1198 4166 QUOS
1271 4093 1607 4154 PHOTIUS
1661 4092 2149 4153 PATRIARCHA

1541 4093 1607 4153 IS
1661 4092 2149 4153 PATRIARCHA
2194 4068 3178 4155 Δ(ΣΟΝΞΤΑΝΤΙΝΟΡΟΙΑῙἸἊΝΗΒ

1532 4201 1743 4258 LEGIT
1774 4202 1865 4257 ET
1896 4200 2216 4258 CENSUIT.

472 4341 561 4383 EX
604 4336 998 4383 RBCENSIONE
1042 4334 1444 4379 EMMANUELIS
1496 4335 1769 4379 BEKKERI
1824 4334 1900 4376 ET
1955 4334 2041 4376 EX
2095 4336 2109 4376 l

1617 4335 1769 4378 .KERI
1824 4334 1900 4376 ET
1955 4334 2041 4376 EX
2095 4334 2678 4379 INTERPRETATIONE
2729 4336 2998 4381 ANDREJE
3041 4337 3254 4381 εεοττῐ

243 3010 3444 3053 W

767 4468 942 4520 QUAM
968 4466 1147 4510 urens
1174 4466 1499 4511 MANDAVIT
1526 4464 1918 4511 LAURENTIUS
1943 4464 2229 4521 nauem,
2251 4464 2617 4511 ROTHOMAGI
2642 4466 2749 4512 AN.
2780 4446 2952 4510 1653.

263 4633 770 4712 [1-5Ϊ1Ἂποτραςρῂ
793 4638 890 4712 καὶ
912 4639 1358 4712 συνᾳρίθμησις
1373 4637 1491 4691 τῶν
1506 4639 1810 4712 deep-90:-
1839 4650 1884 4703 Α

1856 4650 1884 4703 λ
1918 4642 1962 4709 ι
2012 4640 2321 4712 Descriptio_
2356 4650 2509 4705 atque
2577 4641 2901 4692 enumeratio
2948 4641 3197 4712 lectorum
3259 4658 3291 4695 α
3346 4644 3493 4697 nobis

314 4703 499 4775 μένων
536 4703 989 4780 ἡλὶῖίβιϐλίων,
1029 4703 1115 4762 ὧν
1132 4703 1812 4780 μεὶςλξιεςοαλιιιώδὴ-διά-
1919 4703 1951 4709 “

1919 4703 2242 4762 -εοιιίι-ιιιὶι.
2286 4703 2524 4772 Quorum
2562 4726 2654 4775 per
2691 4727 2895 4761 summa
2935 4710 3119 4762 saltem
3166 4715 3360 4780 capita.
3410 4730 3496 4766 co—

321 4796 533 4845 τνωσιν
573 4777 605 4833 ὀ
631 4777 1014 4848 ἠγαπημένος
1034 4777 1201 4847 ἡμῶν
1229 4778 1493 4847 ἀδελφὸς
1524 4778 1814 4846 Ταράσιος

1985 4780 2270 4848 gnitionem
2301 4782 2538 4846 quwsivit
2563 4781 2906 4832 charissimus
2937 4782 3102 4847 frater
3125 4777 3305 4834 noster
3332 4782 3497 4835 Tarae

322 4849 655 4915 ἑζητήσατο.
685 4851 852 4903 Ἔστι
877 4849 944 4902 δὲ
974 4850 1182 4913 ταῦτα,
1208 4849 1404 4902 εἰκοσι
1427 4848 1688 4901 δεόντων
1719 4850 1814 4917 ἐφ’

1682 4866 1688 4879 ι
1719 4850 1814 4917 ἐφ’
1987 4866 2119 4903 stus.
2150 4849 2285 4902 Sunt
2310 4850 2369 4908 ii,
2401 4849 2579 4916 viginti
2609 4859 2659 4900 et
2686 4865 2789 4900 uno
2812 4850 3055 4917 demptis,
3084 4854 3319 4905 trecenti.

323 4918 425 4983 ἐνὶ,
454 4922 788 4989 τριακόσια.

268 5005 460 5077 Φώτιος
509 5008 875 5080 ἠγαπημένῳ
920 5006 1161 5077 ἁδελφῷ
1207 5010 1474 5076 Ταρασίῳ
1515 5007 1589 5061 ἐν
1620 5008 1815 5077 Κυρίῳ

1924 5007 2168 5073 Photius,
2201 5006 2277 5074 (1)
2315 5006 2506 5059 dilecto
2547 5006 2702 5074 fratri
2740 5024 2834 5062 suo
2877 5007 3121 5071 Tarasio,
3172 5011 3226 5062 in
3279 5010 3497 5062 Domino

918 5101 1167 5171 χαίρειν.

2588 5104 2832 5155 salutem.

337 5186 561 5257 Ἐπειδὴ
584 5186 666 5253 τῷ
698 5205 762 5241 τε
792 5188 970 5252 κοινῷ
1000 5185 1109 5252 τῆς
1143 5187 1463 5254 πρεσϐείας
1492 5188 1591 5241 καὶ
1618 5186 1690 5254 τῇ
1706 5188 1823 5251 ,βα-
1902 5230 1903 5233 η

1902 5230 1903 5233 η
2000 5188 2133 5243 Cum
2183 5191 2409 5254 primum
2453 5190 2518 5243 ab
2565 5194 2804 5244 universo
2860 5202 3071 5258 senatu,
3118 5194 3327 5262 ipsoque
3370 5195 3498 5245 adeo

274 5278 453 5343 σιλείῳ
490 5278 675 5347 ψήφῳ
724 5277 1079 5345 πρεσϐεύειν
1123 5276 1276 5344 ἡμᾶς
1330 5278 1422 5330 ἐπ’
1475 5279 1826 5344 Ἀσσυρίους

1928 5280 2264 5347 ἰηιρεναιονὶδ
2302 5284 2580 5352 stt/fragio,
2625 5286 2827 5355 legatus
2855 5290 2906 5338 in
2952 5289 3229 5356 Assyriam
3270 5287 3501 5340 delectus

274 5366 587 5435 (αρεθέντας
625 5370 863 5438 ⁴ᾔτησας
902 5368 1010 5433 τὰς
1057 5368 1374 5433 ὑποθέσεις
1414 5367 1661 5420 ἐκείνων
1706 5366 1827 5421 τῶν

1930 5391 2068 5435 sum,
2099 5391 2278 5427 eorum
2314 5378 2411 5428 tibi
2461 5377 2699 5430 codicum
2723 5379 2945 5446 petivisti
2968 5390 3277 5447 argumenta
3302 5379 3502 5431 descri-

276 5454 519 5525 βιόνὶίων,
572 5455 663 5526 οἷς
705 5458 791 5529 μὴ
842 5457 1175 5527 παρέτυχες
1219 5458 1823 5525 ἀναγινωσκομένοις,

1930 5467 2002 5529 lxi,
2040 5468 2406 5520 amantissime
2427 5468 2613 5535 frater,
2646 5486 2866 5537 quorum
2890 5471 3183 5523 recitationi
3204 5488 3306 5523 non
3336 5470 3504 5522 inter-

280 5550 547 5620 ξὨαερῆναι
576 5570 697 5615 σοι,
729 5550 1009 5621 ἀδελφῶν
1037 5551 1286 5620 φίλτατέ
1309 5569 1408 5620 μοι
1442 5551 1713 5618 Ταρὰσιε,
1736 5554 1829 5605 ἶν’

1938 5556 2145 5622 fuisses.
2182 5559 2436 5624 Cupiebas
2458 5563 2595 5615 enim
2620 5563 2808 5616 habere
2836 5574 2914 5624 ιιι,
2942 5578 3059 5614 cum
3090 5563 3250 5632 hujus
3273 5562 3506 5614 molesta!

284 5634 416 5708 ἔχοις
448 5644 566 5713 ἅμα
596 5644 715 5714 μὲν
742 5643 852 5713 τῆς
880 5644 1227 5709 διαζεύξεως
1264 5641 1344 5710 ἣν
1368 5642 1605 5711 ,ϐαρέως
1628 5644 1830 5713 φέρεις

1938 5651 2067 5700 adeo
2106 5651 2201 5703 tibi
2225 5652 2598 5722 disjunctionis
2630 5664 2821 5709 nostra:
2841 5654 3089 5709 solatium
3126 5652 3364 5724 aliquod,
3393 5662 3505 5705 tum

1751 5755 1987 5814 NOTAE.

344 5838 495 5919 :Rag.
518 5848 602 5901 ed.
635 5847 839 5905 Genev.
867 5860 920 5901 et
950 5848 1267 5919 Rothomag.

342 5910 411 5980 ll)
443 5910 584 5971 llanc
600 5919 760 5985 epist.
789 5920 955 5974 habes
975 5924 1039 5973 ad
1065 5910 1267 5974 calccin
1292 5919 1545 5979 editionis
1575 5918 1828 5990 August.,
1856 5931 1909 5988 p.
1941 5915 2036 5973 Gr.
2074 5916 2199 5975 892.

574 6010 844 6074 ΡΑπιοι.
881 6013 996 6074 Gn.
1043 6014 1200 6076 Clll.

3116 6011 3163 6073 9..
