4146 6418
582 457 655 523 43
1698 454 1961 517 PHOTlI
1992 454 2179 514 PATB

2278 451 2500 512 BCHIE
2541 450 2649 513 (ΣΡ.
3787 445 3859 510 ιι

583 572 766 630 leviter
792 570 979 625 saltem
1016 570 1232 641 eﬂictam
1270 587 1332 624 ac
1358 569 1657 641 generalem
1693 572 2039 641 cognitionem
2078 588 2163 625 eo-

2278 570 2662 638 παραμύθιον,
2682 566 2804 637 ἅμα
2830 565 2899 619 δέ
2925 564 3023 620 real
3051 560 3139 619 ὧν
3166 565 3332 619 οὔπω
3358 565 3445 631 εἰς
3473 561 3663 630 ἀκοὰς
3687 562 3857 634 ἡμῶν

581 681 698 718 sum
748 664 1093 727 voluminum,
1126 679 1245 733 qua:
1288 664 1521 717 nondum
1570 664 1710 733 apud
1748 681 1841 717 nos
1877 674 2162 733 praesentes

582 753 958 823 audientesque
978 752 1214 822 legisses.
1242 752 1323 806 Ea
1351 763 1469 805 sunt
1492 755 1545 804 in
1565 752 1887 817 universum,
1908 768 2013 805 uno
2029 751 2164 804 dun-

584 854 733 897 taxat
764 860 929 910 supra
968 843 1226 897 decimam
1270 845 1508 913 quintam
1545 853 1747 913 partem
1791 843 2029 907 dempto,
2059 851 2165 894 tre-

584 946 733 987 centa
766 933 869 1003 (9.),
900 943 974 987 tot
1002 935 1162 997 enim,
1195 935 1295 987 nisi
1332 935 1513 1002 fallor,
1549 945 1598 988 te
1635 936 1843 988 absente
1868 932 1967 1003 legi
1999 933 2166 985 conti-

583 1026 679 1090 git.
706 1021 1011 1078 Librarium
1050 1025 1215 1094 igitur
1249 1028 1411 1088 nacti,
1456 1035 1647 1094 tuoque
1672 1037 1789 1079 voto
1814 1042 1875 1077 ac
1906 1022 2165 1076 desiderio

583 1117 738 1182 quasi
782 1116 1012 1169 debitunt
1071 1116 1349 1182 solventes,
1397 1115 1603 1171 edimus
1660 1116 1967 1186 aliquando,
2009 1125 2166 1186 quot-

584 1217 709 1274 quot
743 1207 928 1259 horum
980 1216 1414 1276 argumentorum
1443 1209 1695 1262 memoria
1730 1219 1913 1262 nostra
1948 1224 2167 1262 conser-

585 1308 733 1351 rarat
762 1314 776 1352 :
802 1299 970 1351 serius
1012 1298 1066 1352 id
1098 1300 1309 1368 quidem
1342 1299 1592 1368 forsitan,
1620 1316 1777 1369 quam
1808 1301 1999 1355 ardens
2033 1299 2169 1353 illud

587 1397 736 1441 tuum
775 1389 1094 1442 desiderium
1134 1391 1475 1460 ﬂagransque
1517 1391 1780 1460 cupiditas
1817 1391 2169 1460 postulabat:

587 1491 825 1533 attamen
858 1481 1019 1535 citius
1057 1498 1216 1551 quam
1260 1482 1484 1535 aliorum
1505 1482 1763 1552 quispiam
1791 1499 2002 1553 sperare
2022 1493 2171 1551 pote-

588 1584 695 1627 rat.
732 1573 848 1626 lloc
867 1586 1043 1628 autem
1074 1577 1258 1630 ordine
1293 1576 1503 1645 singula
1522 1576 1625 1629 sibi
1648 1585 1955 1645 argumenta
1990 1592 2173 1631 succe-

588 1668 735 1731 dent,
765 1684 867 1736 quo
898 1669 1076 1722 eadem
1127 1669 1237 1724 ltth
1270 1669 1526 1722 memoria
1568 1670 1970 1737 prteoccuparit.
2020 1668 2173 1724 Prat-

588 1759 790 1822 sertim,
850 1775 968 1811 cum
1014 1757 1225 1829 difﬁcile
1257 1757 1670 1828 haudquaquam
1721 1760 1789 1813 sit
1831 1760 1899 1829 (si
1932 1760 2052 1827 quis
2097 1763 2174 1814 ita

2264 662 2532 731 ἀνέγνως
2569 662 2624 713 ει
2658 659 2755 713 real
2787 656 3234 723 διατυπωτικήν
3279 673 3413 710 τινα
3455 654 3555 709 real
3598 653 3860 708 κοινοτέ-

2260 771 2379 823 ραν
2394 752 2510 821 τὴν
2533 752 2864 822 ἐπίγνωσιν
2883 749 3091 820 (ταῦτα
3105 748 3171 801 δέ
3190 749 3321 801 ἐστι
3346 745 3860 811 πεντεκαιδεκάτῳ

2262 847 2429 918 μέρει
2452 845 2573 899 τῶν
2604 844 2962 913 τριακοσίων
2985 842 3078 911 ἐφ’
3102 842 3191 894 ἐνὶ
3216 840 3314 894 real
3346 842 3419 895 οὐ
3452 839 3645 894 πλέον
3664 841 3680 872 ¹
3712 839 3861 893 ἀπο⁶

2266 940 2588 994 λείποντα’
2622 935 2892 990 τοσαῦτα
2923 934 3053 1004 γὰρ,
3102 931 3282 1003 οἶμαι,
3314 933 3425 1002 τῆς
3474 932 3597 1002 σῆς
3640 934 3714 987 οὑ
3755 948 3861 985 τυ-

2268 1033 2457 1102 χόντα
2482 1026 2819 1096 παρουσίας
2842 1022 3304 1094 ἀναγνωσθῆναι
3333 1020 3721 1089 συνέπεσεν),
3744 1018 3863 1088 ὀψὲ

2264 1125 2381 1195 μὲν
2412 1124 2557 1188 ἴσως
2592 1120 2701 1175 τοῦ
2743 1118 2861 1175 σοῦ
2898 1119 3191 1185 διαπύρου
3217 1116 3407 1169 πόθου
3440 1114 3540 1168 real
3582 1112 3693 1182 τῆς
3732 1115 3863 1181 θερ-

2265 1214 2389 1286 μῆς
2417 1211 2731 1279 αἰτήσεως,
2762 1206 2979 1264 θᾶττον
3007 1206 3074 1259 δέ
3104 1205 3140 1275 ἢ
3168 1205 3285 1259 ὅσα
3309 1203 3386 1257 ἄν
3406 1220 3495 1269 τις
3529 1201 3720 1266 ἄλλος
3758 1200 3862 1253 ἐλ-

2272 1308 2490 1368 πίσειε⁹
2547 1304 2837 1371 τυχόντες
2890 1298 3319 1368 ὺποηοαφέως,
3371 1295 3523 1361 ὅσας
3573 1290 3775 1347 αὐτῶν
3819 1290 3861 1358 ἠ

2267 1398 2475 1470 μνήμη
2498 1390 2759 1458 διέσωζε,
2790 1390 2900 1444 τὸν
2921 1392 3040 1446 σὸν
3060 1389 3264 1458 ὥσπερ
3292 1387 3722 1457 ἀφοσιούμενοι
3749 1385 3862 1437 πό-

2272 1498 2382 1548 θον
2411 1490 2509 1545 real
2544 1489 2663 1557 τὴν
2698 1488 2973 1553 ἀξίωσιν,
3008 1480 3440 1549 ἐκδεδώκαμεν.
3468 1478 3631 1532 Οὕτω
3669 1476 3737 1528 δὲ
3766 1473 3866 1529 τά-

2275 1585 2425 1651 ξεως
2449 1586 2511 1637 al
2543 1581 2863 1646 ὑποθέσεις
2901 1575 3327 1645 ἐπιλήψονται,
3362 1572 3442 1638 ὠς
3484 1571 3561 1625 ἂν
3596 1568 3867 1635 ἑκάστην

2273 1677 2474 1733 αὐτῶν
2510 1678 2549 1746 ἠ
2573 1674 2779 1747 μνήμη
2810 1670 3123 1741 προϐάλοι,
3162 1669 3235 1722 οὐ
3272 1663 3546 1735 χαλεπὸν
3577 1661 3652 1717 ὃν
3687 1660 3786 1715 real
3810 1661 3869 1714 ει

2274 1788 2367 1837 τις
2412 1769 2612 1823 ἕλοιτο
2673 1765 2793 1833 ιδίᾳ
2838 1764 2958 1833 μὲν
2997 1760 3229 1815 τούτων
3275 1756 3396 1812 ὅσα
3440 1754 3553 1824 τῆς
3596 1753 3869 1822 ἱστορίας

590 1850 767 1919 malit)
804 1850 1027 1903 seorsim
1073 1852 1254 1904 omnia
1299 1866 1418 1920 qua:
1448 1856 1516 1903 ad
1547 1851 1826 1905 historiam
1868 1854 2091 1921 faciunt,
2123 1862 2174 1908 et

2278 1861 2469 1927 ἐστὶν,
2505 1858 2623 1925 ὶδίᾳ
2648 1856 2717 1910 δὲ
2750 1856 2868 1909 ὅσα
2890 1853 3040 1923 πρὸς
3067 1851 3264 1905 ἄλλον
3296 1848 3393 1902 real
3414 1848 3610 1901 ἄλλον
3628 1846 3871 1899 σκοπὸν

589 1957 775 1995 rursus
805 1957 921 2010 quae
948 1942 1018 1994 ad
1044 1942 1213 1995 alium
1234 1952 1388 2011 atque
1412 1943 1581 1995 alium
1612 1959 1849 2013 scopum,
1881 1943 2176 1999 describere
2207 1927 2250 1985 Β
2277 1954 2494 2022 ἀναφι,
2537 1990 2554 2006 ,

588 2050 750 2102 eaque
782 2033 945 2103 juxta
990 2035 1261 2103 propriam
1315 2034 1536 2101 speciem
1577 2034 1631 2086 in
1686 2049 1848 2087 unum
1895 2033 2175 2103 conjicere.

598 2122 792 2177 Verum
835 2124 1119 2193 superflua:
1147 2122 1283 2175 illud
1296 2126 1642 2178 contentionis
1664 2141 1775 2179 esse
1803 2136 1971 2191 ratus,
1989 2141 2180 2195 sequor

590 2219 947 2285 promiscuam
1016 2218 1211 2286 absque
1260 2217 1566 2271 discrimine
1624 2219 1958 2272 varietatem.
2003 2216 2176 2272 Movet

590 2314 733 2366 enim
764 2312 818 2363 in
845 2308 1108 2378 plerisque
1138 2310 1422 2364 identidem
1467 2312 1714 2378 impetum
1736 2310 1983 2365 desiderii
2022 2322 2179 2379 atque

592 2407 660 2457 ad
694 2406 1002 2457 memoriam
1025 2404 1186 2456 nescit
1214 2404 1405 2473 offerre
1428 2404 1732 2473 fastidium.
1765 2402 1918 2470 Quod
1934 2404 1980 2458 si
2009 2420 2179 2474 quan-

591 2501 761 2567 doque
800 2497 914 2563 tibi,
957 2496 1083 2549 dum
1143 2499 1364 2565 ipsumet
1404 2498 1696 2552 studiosius
1736 2496 1989 2551 tractabis
2028 2496 2180 2552 volu-

591 2592 759 2653 mina,
783 2587 989 2643 brevior
1015 2588 1300 2653 videbitur,
1327 2600 1417 2642 aut
1443 2590 1616 2643 minus
1650 2599 1905 2644 accurata
1932 2606 2179 2661 quorum-

594 2687 721 2734 dam
742 2692 1173 2751 argumentorum
1200 2681 1287 2734 hic
1314 2699 1424 2736 esse
1459 2682 1603 2751 facta
1632 2684 1851 2747 mentio,
1894 2699 1956 2738 ne
1985 2684 2040 2737 id
2077 2684 2181 2735 mi-

591 2776 724 2828 reris
765 2776 919 2828 velim
950 2788 969 2825 :
1000 2790 1122 2828 nam
1176 2791 1338 2829 unum
1375 2776 1602 2846 aliquem
1630 2774 1821 2829 librum
1867 2777 2178 2845 singulatim

594 2866 806 2935 tegenti,
839 2876 1209 2935 argumentum
1237 2867 1351 2936 ejus
1383 2866 1563 2919 animo
1594 2867 1889 2936 complecti,
1918 2868 2177 2937 illudque,

595 2958 862 3011 memoria:
908 2974 971 3011 ac
1013 2956 1209 3012 litteris
1261 2960 1536 3022 mandare,
1589 2974 1691 3011 non
1737 2960 2088 3025 paenitendum
2131 2960 2180 3013 ei

594 3064 723 3116 Opus
753 3058 851 3111 est,
886 3049 977 3117 qui
1013 3047 1066 3100 id
1105 3053 1258 3101 modo
1291 3048 1444 3111 velit;
1482 3059 1533 3101 at
1564 3048 1834 3117 complura
1879 3050 2058 3115 simul,
2096 3050 2181 3103 id-

598 3155 700 3207 que
726 3150 840 3207 post
867 3138 1118 3206 temporis
1153 3137 1371 3208 aliquod
1410 3139 1765 3204 intervallum,
1807 3151 2051 3195 accurate
2072 3158 2178 3195 rue-

597 3231 840 3297 minisse,
864 3228 964 3283 hoc
994 3246 1087 3300 ego
1133 3247 1236 3284 non
1271 3231 1403 3284 adeo
1434 3231 1667 3285 arbitror
1700 3248 1809 3285 esse
1843 3233 2021 3303 facile.
2053 3233 2178 3287 1am

597 3340 718 3378 rero
760 3338 1086 3393 qua'cunque
1131 3324 1187 3375 in
1224 3322 1372 3376 lectis
1411 3322 1522 3377 illis
1567 3324 1714 3378 libris
1768 3327 1919 3379 obvia
1959 3336 2103 3392 sunt,
2130 3316 2251 3379 et'u

602 3429 764 3482 neque
800 3426 920 3465 tuus
948 3413 1199 3481 forsitan,
1240 3413 1302 3465 ob
1338 3413 1553 3466 insitum
1582 3414 1649 3467 iis
1686 3414 2002 3485 facilitatent
2037 3414 2185 3484 fuge-

600 3513 723 3556 runt
761 3519 942 3569 curas,
980 3504 1062 3558 his
1106 3520 1169 3557 ne
1216 3520 1311 3558 nos
1333 3506 1543 3575 quidem
1576 3518 1779 3561 tantum
1810 3509 1976 3562 studii
2012 3525 2184 3580 quan-

602 3608 712 3649 tum
754 3598 959 3651 caneris
993 3598 1330 3654 adhibuimus
1361 3614 1380 3653 :
1410 3599 1499 3655 sed
1516 3616 1694 3654 eorum
1718 3605 1894 3673 major
1918 3604 2186 3657 accuratio

603 3693 667 3745 de
700 3692 969 3747 industria
1010 3705 1086 3747 est
1117 3696 1493 3762 prtetermissa.
1526 3697 1609 3749 An
1645 3708 1819 3751 autem
1847 3698 1997 3751 aliud
2018 3697 2188 3767 quid-

604 3784 748 3852 piam
778 3799 884 3837 non
908 3785 1101 3839 inutile
1123 3801 1231 3838 una
1251 3802 1370 3839 cum
1399 3787 1481 3842 Itis
1503 3790 1825 3857 argumentis
1855 3806 2016 3859 supra
2041 3801 2187 3842 tuam

602 3875 909 3942 petitionem
950 3876 1197 3941 accedat,
1247 3878 1303 3930 itl
1346 3889 1404 3932 tu
1451 3880 1638 3934 melius
1691 3881 1975 3950 intelliges.
2024 3879 2189 3935 Utilia

604 3985 735 4021 sane
754 3968 849 4021 tibi
864 3970 978 4023 hcet:
1003 3969 1159 4024 modo
1185 3971 1327 4025 edita
1353 3972 1539 4041 futura
1568 3985 1713 4039 sunt,
1742 3991 1857 4028 cum
1884 3980 2190 4029 summatim

603 4077 785 4114 eorum
821 4060 914 4113 tibi
960 4078 1267 4117 memoriam
1297 4064 1565 4134 refricent,
1605 4084 1721 4138 qua:
1743 4078 1851 4121 tute
1893 4083 1987 4137 per
2034 4079 2085 4123 te
2111 4072 2185 4122 le-

608 4154 777 4223 gendo
809 4156 1121 4223 percurristi
1152 4172 1171 4211 .'
1196 4168 1252 4211 tu
1278 4168 1336 4211 ut
1366 4158 1527 4214 citius
1567 4162 1796 4230 reperias
1820 4164 1865 4215 si
1893 4162 2023 4233 quid
2048 4162 2102 4215 in
2124 4163 2190 4216 iis

604 4261 847 4314 quaras;
895 4252 1023 4318 quin
1066 4250 1226 4303 etiam
1260 4261 1317 4305 ut
1365 4252 1583 4321 facilius
1630 4257 1932 4326 tissequaris
1978 4272 2041 4309 ea
2072 4273 2192 4326 qua:

608 4342 747 4408 forte
774 4342 1008 4395 nondum
1041 4344 1391 4415 intelligentia
1417 4348 1726 4417 perceperis.

1376 4436 1456 4494 l'.

610 4526 919 4584 Theodorus
962 4534 1251 4601 presbyter,
1293 4533 1607 4659 de_lscr(gr)tis
1654 4534 1717 4590 S.
1765 4536 2195 4608 DionysiiAreo-

1247 4620 1365 4659 uaat
1393 4619 1439 4658 cc
1554 4645 1569 4659 .

1282 4619 1439 4659 aqua:
1467 4619 1569 4659 (Ol.

1282 4620 1312 4656 a
1352 4605 1439 4658 ita:
1489 4606 1522 4659 ὅ
1554 4645 1569 4659 .
1910 4604 1925 4608 ⁷

679 4692 881 4749 Lectus
929 4704 1014 4751 est
1047 4620 1347 4751 Theodo’rig
1366 4604 1671 4768 preibi'teri
1710 4698 1850 4756 liber
1883 4716 1992 4772 quo
2034 4703 2195 4759 docet

2938 1986 2953 2002 .
2994 1946 3156 2001 ἀλλὰ
3176 1940 3479 2013 περιττῆς.
3522 1982 3537 1998 .
3580 1980 3596 1996 .
3636 1940 3836 2007 τιμίας

2273 2042 2570 2116 μᾶλλονδ.
2612 2082 2628 2097 .
2669 2080 2685 2096 .
2726 2039 2979 2111 νομίζων
2999 2037 3155 2102 aeu.
3197 2076 3213 2092 .
3257 2074 3272 2089 .
3314 2033 3413 2087 δὲ⁶
3435 2032 3536 2087 real
3574 2030 3641 2086 τὸ
3675 2030 3872 2085 ποικί-

2276 2142 2411 2193 λον.
2456 2178 2471 2193 .
2516 2176 2532 2192 .
2571 2136 2676 2190 ἐν’
2699 2132 2953 2199 πολλοῖς
2982 2130 3080 2185 real
3114 2127 3413 2194 πολλάκις
3445 2125 3615 2195 ὀρμθ.
3658 2165 3674 2179 .
3714 2161 3731 2177 .
3772 2121 3874 2177 καὶ

2277 2230 2462 2298 κόρον
2487 2229 2600 2283 οὐκ
2623 2221 2750 2279 οἵδε
2773 2225 2999 2278 τίκτειν
3026 2224 3113 2288 εις
3138 2220 3264 2290 μι⁹.
3310 2260 3324 2274 .
3371 2257 3385 2272 .
3425 2219 3477 2271 ει
3508 2215 3577 2270 δέ
3604 2215 3706 2270 σοί
3727 2228 3875 2268 ποτε

2278 2323 2408 2377 κατ’
2432 2320 2585 2374 αὐτὰ
2614 2316 2917 2389 γενομένῳ
2940 2316 3012 2369 τὰ
3036 2314 3222 2381 τεύχη
3246 2310 3347 2365 real
3374 2306 3876 2380 φιλοπονουμένῳ

2276 2414 2414 2471 τινὰ
2456 2412 2806 2470 ὑποθέσεων
2846 2406 3113 2471 ἐλλιπῶς
3156 2404 3195 2475 ἧ
3239 2408 3351 2459 οὐκ
3397 2404 3488 2469 είς
3530 2400 3598 2455 τὸ
3635 2398 3876 2468 ἀκριϐὲς

2279 2507 2572 2573 δόξουσιν
2598 2499 3264 2572 ἀπομεμνημονεῦσθαι,
3297 2494 3495 2566 μηδὲν
3534 2492 3873 2561 θαυμάσῃς.

2278 2601 2438 2655 Μίαν
2466 2599 2577 2669 γὰρ
2600 2597 2871 2662 ἑκάστην
2886 2594 3110 2659 ,βίϐλον
3136 2586 3559 2657 ἀναλεγομένῳ
3585 2584 3701 2653 τὴν
3720 2584 3862 2639 ὑπό.

2280 2698 2453 2748 θεσιν
2473 2689 2808 2747 συλλαϐεῖν
2835 2686 2936 2741 real
2965 2684 3175 2755 μνήμῃ
3214 2680 3313 2735 real
3345 2677 3545 2750 τραφῇ
3573 2675 3878 2746 παραδοῦ-

2279 2804 2379 2841 ναι
2411 2787 2488 2852 dli
2508 2787 2575 2841 ¹⁰.
2619 2823 2635 2839 .
2678 2825 2693 2840 .
2733 2785 2912 2852 ἔργον
2937 2778 3068 2833 ἐστὶ
3096 2776 3177 2842 τῷ
3200 2773 3556 2843 βουλομένῳ
3578 2789 3593 2804 ·
3630 2769 3779 2840 ὁμοῦ
3807 2768 3879 2821 δέ

2282 2881 2600 2943 πλειόνων,
2639 2876 2739 2930 real
2766 2876 2901 2929 τότε
2937 2872 3160 2942 χρόνου
3199 2866 3425 2938 μεταξὺ
3461 2863 3877 2933 διαρρυέντος,

2279 2976 2367 3040 είς
2400 2972 2749 3041 ἀνάμνησιν
2771 2967 2924 3037 μετὰ
2958 2962 3065 3018 τοῦ
3100 2959 3384 3030 ἀκριϐοῦς
3420 2956 3734 3027 ἐφικέσθαι
3763 2956 3879 3007 οὐκ

2280 3063 2437 3135 οἶμαι
2466 3062 2681 3132 ῥᾴδιον
2707 3055 3074 3126 εἷναι.”11μῒν
3104 3054 3172 3107 δέ
3202 3052 3260 3125 [4
3292 3051 3357 3107 G.
3386 3059 3443 3105 et
3483 3046 3574 3119 8.]
3600 3046 3695 3100 real
3725 3045 3880 3099 ὅσον

2279 3154 2623 3216 ἐπιπολάζει
2653 3152 2773 3208 τῶν
2790 3146 3268 3219 ἀνεγνωσμένων
3293 3142 3391 3197 καὶ
3435 3140 3579 3196 οὐδὲ
3614 3140 3723 3203 τὰς
3758 3138 3880 3202 σὰς

2284 3251 2382 3305 διὰ
2404 3250 2471 3304 τὸ
2494 3248 2817 3318 πρόχειρον
2841 3244 2990 3308 ισως
3027 3236 3392 3307 διαπέφευγε
3417 3234 3699 3304 μελέτας,
3734 3230 3882 3285 οὐδὲ

2596 1990 2612 2007 .
2654 1946 2835 2011 εἶδος.
2882 1988 2896 2003 .

2286 3343 2519 3408 τούτοις
2541 3338 2657 3407 τὴν
2682 3338 2781 3391 ἐπὶ
2804 3334 2930 3401 τοῖς
2953 3334 3166 3396 ἄλλοις
3195 3328 3409 3397 ὁμοίαν
3431 3323 3680 3394 ἐθέμεθα
3698 3338 3884 3392 φρον-

2287 3434 2441 3499 τίδα,
2474 3430 2635 3486 ἀλλὰ
2676 3427 2827 3483 κατὰ
2854 3426 2921 3480 τὸ
2952 3424 3237 3478 ἑκούσιον
3288 3418 3355 3471 τὸ
3396 3414 3638 3484 ἀκριϐὲς
3679 3410 3884 3467 αὐτῶν

2287 3525 2629 3595 ὑπερώφθη.
2670 3523 2737 3576 El
2768 3519 2835 3573 δέ
2876 3535 2930 3571 τι
2972 3516 3072 3570 real
3113 3515 3269 3568 ἄλλο
3312 3508 3592 3580 χρειῶδες
3630 3505 3730 3560 real
3772 3504 3887 3573 τῆς

2289 3618 2409 3687 σῆς
2432 3616 2725 3683 αἰτήσεως
2753 3611 2851 3666 ἐπὶ
2888 3610 3081 3663 πλέον
3116 3604 3248 3671 ταῖς
3270 3601 3603 3659 ὑποθέσεσι
3630 3614 3887 3653 συνεισ-

2290 3714 2512 3775 πίπτει,
2550 3708 2733 3775 αὺτός
2766 3706 3010 3777 μᾶλλον
3045 3700 3362 3765 συνήσεις.
3393 3692 3793 3765 Χρησιμεύσει
3818 3688 3888 3743 δέ

2290 3823 2389 3861 σοι
2420 3804 2702 3873 δηλονότι
2741 3801 2812 3855 τὰ
2851 3795 3216 3865 ἐκδεδομένα
3261 3791 3353 3857 εἷς
3395 3805 3459 3842 τε
3502 3782 3886 3856 κεφαλαιώδη

2288 3898 2537 3971 μνήμην
2571 3894 2669 3950 καὶ
2705 3891 3053 3961 ἀνάμνησιν
3084 3886 3205 3941 τῶν
3232 3882 3409 3938 sits“
3437 3880 3589 3934 κατὰ
3623 3876 3890 3971 σεαυτὸν

2291 3969 2746 4058 ἀναλεξάμενος
2784 3981 3065 4050 ἐπῆλθες,
3092 3978 3189 4032 καὶ
3237 3979 3324 4043 είς
3366 3975 3606 4043 ἕτοιμον
3645 3969 3888 4036 εὕρεσιν

2292 4083 2415 4139 τῶν
2442 4084 2513 4136 ἐν
2542 4078 2751 4144 αὐτοῖς
2778 4071 3278 4141 ἐπιζητουμένων,
3310 4068 3383 4121 οὐ
3426 4064 3554 4135 μὴν
3592 4058 3756 4117 ἀλλά
3786 4058 3886 4113 real

2292 4182 2382 4245 είς
2422 4170 2860 4245 εὺχερεστέραν
2883 4166 3198 4232 ἀνάληψιν
3231 4157 3352 4213 τῶν
3392 4157 3559 4210 οὔπω
3602 4152 3718 4220 τὴν
3743 4147 3889 4205 ἀνά-

2293 4284 2525 4341 γνωσιν
2562 4263 2675 4332 τῆς
2710 4260 2833 4331 σῆς
2870 4258 3179 4321 συνέσεως
3220 4247 3632 4307 ὑπελθόντων.

3055 4436 3113 4488 Α,

2300 4536 2608 4605 Θεοδώρου
2643 4528 3077 4605 πρεσϐυτέρου,
3108 4522 3470 4605 ὅτιιγνησία,
3508 4518 3547 4586 ἢ
3579 4512 3682 4569 τοῦ
3715 4511 3891 4581 ἁγίου

2801 4598 3125 4655 Διονυσίου
3148 4596 3389 4661 βίϐλος.

2376 4699 2441 4773 [Ι
2664 4693 3007 4764 ’Δνεγνώσθη
3041 4688 3319 4760 Θεοδώρου
3350 4678 3750 4755 πρεσὸυτέρου,
3799 4675 3884 4727 ὅτι

1873 4818 2110 4875 VARUS
2153 4817 2454 4877 LECTION
2462 4814 2565 4872 ES.

652 4904 915 4988 fulcio?
950 4926 1011 4988 ς.
1044 4908 1083 4963 i.
1116 4922 1166 4963 ε.
1196 4907 1423 4988 _vul_gt_tta
1459 4927 1472 4964 :
1501 4924 1674 4988 _quam
1716 4913 1807 4988 ubi
1843 4913 2165 4988 simpliciter
2202 4927 2378 4988 pono,_
2401 4918 2635 4979 receptus
2664 4921 2697 4960 a
2730 4919 2817 4987 me
2844 4899 3330 4988 .Iectiouisat‘tflqt:
3344 4902 3431 4988 ES}

609 4972 754 5053 liinc_
794 4976 845 5030 in
878 4979 924 5030 A
962 4979 1155 5053 al_tera_
1196 4972 1385 5053 incipit
1433 4972 1622 5053 prium
1674 4986 1891 5053 paginae
1935 4972 2253 5039 c'olumnas':
2296 4972 2452 5049 cujus
2474 4972 2666 5035 versus
2698 4976 2883 5053 primi.
2920 4974 3128 5053 ιιιειιρτθ
3169 4972 3891 5053 ἒκ-Βὲἷξῗξξ¹ῗξ¹¹⁰,¹ξξ¹¹ῗηξῗξ

2237 5036 2533 5119 ιὶενῖεἱιυι·
2585 5036 2719 5119 ψιοῇ
2757 5036 2951 5099 litterae
3004 5036 3195 5119 deesse
3248 5036 3894 5119 videbantur;,to_t_posut

1523 5100 2217 5191 binééZinsié'éltn‘é'ciifiié}:
2238 5100 2565 5177 {taminia
2597 5100 2817 5185 inplent
2866 5127 2966 5167 nec
3007 5108 3262 5179 spatium.
3332 5100 3527 5225 (inuitariA
3556 5100 3821 5180 ἀναγρςφ]

1523 5194 1560 5225 -Ἰ
1618 5193 1756 5225 ,τευ
1806 5194 2197 5225 ...μωμειεηηη
2230 5193 2371 5225 una.
2460 5185 2722 5225 1..."!an
2751 5180 3081 5225 ρηιὶητιιιίας.
3126 5176 3287 5225 Roth.
3365 5178 3387 5205 ⁸
3418 5176 3493 5225 tsi
3528 5167 3645 5225 λον]
3697 5167 3821 5225 μαλλ

1617 5167 3081 5259 3633359365123"ftEiii"'i"£ipi&2]f¢aouptag.
3126 5176 3287 5259 Boil};
3328 5178 3387 5259 Λα
3417 5167 3645 5259 pagum]
3669 5167 3899 5259 parte:
3936 5217 3953 5227 ,
3989 5208 3997 5218 .

1567 5236 2205 5337 ιάξέξιόνῖἓόἷιῖῗἪὲ]
2230 5236 2483 5337 ἔξὶῐόιιι-
2505 5236 2956 5337 ,”ῗὲέν]³ξὶιποιεῖ
2987 5236 3101 5337 γάρ
3124 5250 3221 5337 51
3240 5236 3503 5337 “991i;
3529 5236 3898 5337 itii-1}???"

610 5047 755 5099 ccnti
781 5050 1048 5117 cooperti,
1104 5050 1249 5104 ultra
1308 5047 1573 5174 principia
1632 5047 1891 5124 le'gi'non
1945 5064 2196 5125 possunt.

610 5126 831 5174 Duncla.
860 5118 994 5173 Nam
1027 5135 1147 5174 uuae
1170 5120 1346 5173 editor
1375 5118 1482 5173 [tot
1505 5127 1829 5174 tomaaensis
1854 5125 2087 5174 siiﬂecit.
2117 5140 2196 5174 net

608 5126 831 5189 puncta.
860 5118 994 5173 Nam
1027 5135 1147 5189 quae
1170 5120 1346 5173 editor
1375 5118 1482 5189 [tot

608 5188 706 5242 καὶ
754 5190 875 5243 κατ’
911 5185 1113 5244 οἰκεῖον
1168 5190 1346 5271 Roth:
1394 5185 1560 5320 εἰδοςέ

608 5257 755 5311 εἶναι
788 5257 950 5314 Roth.
1022 5262 1045 5293 ⁸
1073 5258 1186 5320 ἀξιῖ
1220 5260 1357 5320 eam
1382 5260 1446 5312 τὸ
1492 5261 1527 5313 ἀ

608 5257 950 5332 εἶναι-ΒοιΙι.
1011 5262 1045 5332 ⁸⁸
1073 5258 1186 5332 agi]
1220 5259 1357 5324 ἀξιῶ
1382 5260 1462 5332 τδ-
1492 5261 1527 5313 ἀ

608 5345 730 5409 ’ἴξνᾳ
757 5312 965 5409 Βρῖίιο,
1007 5330 1029 5360 ⁹
1166 5312 1415 5409 δμνῆξιηκί
1434 5312 2205 5409 Βόιῖῖγῖῗῖξῖ]“ξιξίδλογοῖδ
2227 5312 2529 5389 ιὶὸῐιὶῗᾶει
2557 5312 2703 5383 τότί
2739 5312 2783 5381 i:
2821 5340 2873 5379 e.
2925 5312 3020 5377 xui.
3050 5312 3246 5372 ἑαῦτα.
3301 5312 3505 5387 μεταξὺ
3536 5314 3582 5365 Α
3631 5326 3647 5363 :

615 5398 656 5429 “
682 5401 817 5473 εῐτε]
848 5419 916 5457 an
952 5398 1239 5472 legendum
1264 5398 1416 5455 εἷτὶἳ

684 5516 706 5538 ⁹
731 5509 958 5570 Numeri
985 5512 1222 5571 Romani
1254 5511 1473 5568 codices
1504 5519 1922 5584 repraesentant.

3633 4888 3656 4920 ¹
3690 4880 3887 4955 ἀναφο]

2296 4961 2454 5049 aliud
2472 4961 2666 5035 ὶέτέύε
2698 4976 2883 5049 primi,
2920 4974 3128 5049 maiore
3169 4981 3236 5019 ex
3271 4976 3426 5049 parte
3448 4961 3895 5049 Vinetnbrgappnre:

3556 5096 3897 5168 dimetith

3704 5309 3803 5377 μὲν
3834 5321 3896 5368 ς.

2002 5510 2039 5530 ’⁸
2062 5507 2196 5579 Pag.
2235 5508 2365 5563 etlit.
2396 5505 2622 5563 Ηίθεοι).

2137 5600 2374 5657 ΝΟΤΑΞ.

686 5696 769 5772 (Ξ)
790 5696 863 5772 ,ιλιι
889 5706 995 5764 est,
1028 5697 1155 5756 279.
1189 5696 1346 5766 Quod
1380 5705 1561 5772 autem
1582 5695 1648 5772 in
1674 5693 1856 5772 Indice
1880 5692 2075 5772 Grieco
2114 5702 2201 5749 σπ¹

614 5767 712 5828 seu
745 5767 877 5834 980,
910 5780 1096 5827 notata
1125 5772 1502 5841 reperiantur,
1542 5769 1594 5823 id
1631 5782 1702 5841 es
1736 5781 1803 5822 eo
1830 5767 2088 5823 fortassis
2111 5782 2204 5841 ac-

612 5843 766 5965 cidit‘,
797 5844 942 5965 quod
967 5842 1039 5898 ibi
1072 5850 1129 5899 ut
1157 5837 1382 5915 apparet
1417 5838 1528 5906 7:0',
1552 5855 1599 5895 ε.
1640 5837 1731 5903 89,
1760 5850 2022 5894 numerus
2043 5840 2206 5893 omis-

614 5929 710 5965 sus
762 5926 874 5965 ueri
907 5949 921 5965 .

614 5929 710 5967 SUB
737 5926 921 5965 ιυειιι.

2388 5694 2465 5765 (3)
2506 5688 3019 5765 Esstaretutiuam
3072 5686 3396 5765 Theodorus
3433 5683 3559 5765 iste,
3615 5675 3907 5765 Detegit?

2317 5748 2516 5823 mis'B.
2552 5761 2796 5833 Dionysii
2824 5756 3374 5833 Areqpagitaaﬁbris,
3402 5748 3902 5833 aut_qutt_tri_ve[lem

2321 5819 2448 5891 inde
2482 5836 2540 5888 ὲν
2579 5819 2815 5902 ὲπιτόμῇ
2856 5819 3125 5902 Δοιὲἱιιτιῖιει
3171 5819 3422 5888 Pliotius,
3467 5819 3548 5902 ut
3575 5819 3701 5900 alibi
3729 5819 3906 5871 minus

2318 5907 2555 5964 fortasse
2588 5891 2925 5965 necessiiria,
2971 5891 3444 5969 repraesentasset.
3468 5891 3738 5957 Quoniam
3778 5902 3908 5941 vero
